  <div class='ocr_page' id='page_1' title='image "/cluster/home/n/w/nwhite01/storage/ocr_20150623/143/hvd.32044073502585/656.png"; bbox 0 0 4002 6202; ppageno 0'>
   <div class='ocr_carea' id='block_1_1' title="bbox 289 308 428 362">
    <p class='ocr_par' dir='ltr' id='par_1_1' title="bbox 289 308 428 362">
     <span class='ocr_line' id='line_1_1' title="bbox 289 308 428 362; baseline -0.007 0"><span class='ocrx_word' id='word_1_1' title='bbox 289 308 428 362; x_wconf 73' lang='grc'><strong>1297</strong></span> 
     </span>
    </p>
   </div>
   <div class='ocr_carea' id='block_1_2' title="bbox 1306 317 2676 377">
    <p class='ocr_par' dir='ltr' id='par_1_2' title="bbox 1306 317 2676 377">
     <span class='ocr_line' id='line_1_2' title="bbox 1306 317 2676 377; baseline 0.007 -12"><span class='ocrx_word' id='word_1_2' title='bbox 1306 317 1661 369; x_wconf 84' lang='lat' dir='ltr'><strong>SPECIMEN</strong></span> <span class='ocrx_word' id='word_1_3' title='bbox 1700 317 2102 372; x_wconf 70' lang='lat' dir='ltr'><strong>SAPIENTUE</strong></span> <span class='ocrx_word' id='word_1_4' title='bbox 2144 320 2476 376; x_wconf 79' lang='lat' dir='ltr'><strong>INDORUM</strong></span> <span class='ocrx_word' id='word_1_5' title='bbox 2519 325 2676 377; x_wconf 81' lang='lat' dir='ltr'><strong>VET.</strong></span> 
     </span>
    </p>
   </div>
   <div class='ocr_carea' id='block_1_3' title="bbox 3563 323 3697 376">
    <p class='ocr_par' dir='ltr' id='par_1_3' title="bbox 3563 323 3697 376">
     <span class='ocr_line' id='line_1_3' title="bbox 3563 323 3697 376; baseline 0 0"><span class='ocrx_word' id='word_1_6' title='bbox 3563 323 3697 376; x_wconf 84' lang='grc'><strong>1298</strong></span> 
     </span>
    </p>
   </div>
   <div class='ocr_carea' id='block_1_4' title="bbox 285 433 3693 517">
    <p class='ocr_par' dir='ltr' id='par_1_4' title="bbox 285 433 3693 517">
     <span class='ocr_line' id='line_1_4' title="bbox 285 433 3693 517; baseline 0.005 -30"><span class='ocrx_word' id='word_1_7' title='bbox 285 442 501 502; x_wconf 54' lang='lat' dir='ltr'><strong>Apage,</strong></span> <span class='ocrx_word' id='word_1_8' title='bbox 549 450 682 489; x_wconf 89' lang='lat' dir='ltr'><strong>mus</strong></span> <span class='ocrx_word' id='word_1_9' title='bbox 731 433 943 506; x_wconf 84' lang='lat' dir='ltr'><strong>inquit,</strong></span> <span class='ocrx_word' id='word_1_10' title='bbox 996 436 1150 492; x_wconf 91' lang='lat' dir='ltr'><strong>intra</strong></span> <span class='ocrx_word' id='word_1_11' title='bbox 1199 454 1406 492; x_wconf 89' lang='lat' dir='ltr'><strong>cavum</strong></span> <span class='ocrx_word' id='word_1_12' title='bbox 1461 442 1749 509; x_wconf 79' lang='lat' dir='ltr'><strong>perstans,</strong></span> <span class='ocrx_word' id='word_1_13' title='bbox 1802 455 1932 509; x_wconf 72' lang='lat' dir='ltr'><strong>quae</strong></span> <span class='ocrx_word' id='word_1_14' title='bbox 1962 442 2010 506; x_wconf 81' lang='grc' dir='ltr'><strong>Α</strong></span> <span class='ocrx_word' id='word_1_15' title='bbox 2043 442 2173 496; x_wconf 89' lang='lat' dir='ltr'><strong>dem</strong></span> <span class='ocrx_word' id='word_1_16' title='bbox 2201 447 2262 496; x_wconf 93' lang='lat' dir='ltr'><strong>ut</strong></span> <span class='ocrx_word' id='word_1_17' title='bbox 2288 443 2456 498; x_wconf 80' lang='lat' dir='ltr'><strong>ﬁrma</strong></span> <span class='ocrx_word' id='word_1_18' title='bbox 2478 450 2534 499; x_wconf 73' lang='lat' dir='ltr'><strong>et</strong></span> <span class='ocrx_word' id='word_1_19' title='bbox 2555 447 2833 517; x_wconf 86' lang='lat' dir='ltr'><strong>utrinque</strong></span> <span class='ocrx_word' id='word_1_20' title='bbox 2868 446 3104 501; x_wconf 87' lang='lat' dir='ltr'><strong>innoxia</strong></span> <span class='ocrx_word' id='word_1_21' title='bbox 3127 463 3191 501; x_wconf 89' lang='lat' dir='ltr'><strong>ac</strong></span> <span class='ocrx_word' id='word_1_22' title='bbox 3214 450 3341 501; x_wconf 87' lang='lat' dir='ltr'><strong>tuta</strong></span> <span class='ocrx_word' id='word_1_23' title='bbox 3371 448 3693 503; x_wconf 83' lang='lat' dir='ltr'><strong>coalescere</strong></span> 
     </span>
    </p>
   </div>
   <div class='ocr_carea' id='block_1_5' title="bbox 284 522 1936 597">
    <p class='ocr_par' dir='ltr' id='par_1_5' title="bbox 284 522 1936 597">
     <span class='ocr_line' id='line_1_5' title="bbox 284 522 1936 597; baseline 0.005 -24"><span class='ocrx_word' id='word_1_24' title='bbox 284 522 425 574; x_wconf 85' lang='lat' dir='ltr'><strong>mihi</strong></span> <span class='ocrx_word' id='word_1_25' title='bbox 454 526 648 576; x_wconf 89' lang='lat' dir='ltr'><strong>tecum</strong></span> <span class='ocrx_word' id='word_1_26' title='bbox 673 522 1033 579; x_wconf 91' lang='lat' dir='ltr'><strong>intercedere</strong></span> <span class='ocrx_word' id='word_1_27' title='bbox 1054 526 1423 581; x_wconf 87' lang='lat' dir='ltr'><strong>necessitudo</strong></span> <span class='ocrx_word' id='word_1_28' title='bbox 1444 526 1675 581; x_wconf 81' lang='lat' dir='ltr'><strong>fcederis</strong></span> <span class='ocrx_word' id='word_1_29' title='bbox 1705 527 1936 597; x_wconf 81' lang='lat' dir='ltr'><strong>potest?</strong></span> 
     </span>
    </p>
   </div>
   <div class='ocr_carea' id='block_1_6' title="bbox 284 609 1933 685">
    <p class='ocr_par' dir='ltr' id='par_1_6' title="bbox 284 609 1933 685">
     <span class='ocr_line' id='line_1_6' title="bbox 284 609 1933 685; baseline 0.004 -21"><span class='ocrx_word' id='word_1_30' title='bbox 284 609 494 664; x_wconf 87' lang='lat' dir='ltr'><strong>Desine</strong></span> <span class='ocrx_word' id='word_1_31' title='bbox 527 628 651 680; x_wconf 65' lang='lat' dir='ltr'><strong>qua</strong></span> <span class='ocrx_word' id='word_1_32' title='bbox 685 612 809 666; x_wconf 78' lang='lat' dir='ltr'><strong>ﬁeri</strong></span> <span class='ocrx_word' id='word_1_33' title='bbox 843 620 1143 685; x_wconf 89' lang='lat' dir='ltr'><strong>nequeunt</strong></span> <span class='ocrx_word' id='word_1_34' title='bbox 1172 614 1316 670; x_wconf 86' lang='lat' dir='ltr'><strong>velle</strong></span> <span class='ocrx_word' id='word_1_35' title='bbox 1348 615 1545 671; x_wconf 90' lang='lat' dir='ltr'><strong>conari</strong></span> <span class='ocrx_word' id='word_1_36' title='bbox 1581 632 1594 669; x_wconf 89' lang='lat'><strong>:</strong></span> <span class='ocrx_word' id='word_1_37' title='bbox 1631 632 1745 670; x_wconf 91' lang='lat' dir='ltr'><strong>non</strong></span> <span class='ocrx_word' id='word_1_38' title='bbox 1777 616 1933 670; x_wconf 90' lang='lat' dir='ltr'><strong>enim</strong></span> 
     </span>
    </p>
   </div>
   <div class='ocr_carea' id='block_1_7' title="bbox 285 699 1933 774">
    <p class='ocr_par' dir='ltr' id='par_1_7' title="bbox 285 699 1933 774">
     <span class='ocr_line' id='line_1_7' title="bbox 285 699 1933 774; baseline 0.003 -19"><span class='ocrx_word' id='word_1_39' title='bbox 285 699 615 772; x_wconf 82' lang='lat' dir='ltr'><strong>sapientius</strong></span> <span class='ocrx_word' id='word_1_40' title='bbox 646 701 704 755; x_wconf 90' lang='lat' dir='ltr'><strong>id</strong></span> <span class='ocrx_word' id='word_1_41' title='bbox 736 703 1072 769; x_wconf 88' lang='lat' dir='ltr'><strong>tentavcris,</strong></span> <span class='ocrx_word' id='word_1_42' title='bbox 1095 721 1271 774; x_wconf 81' lang='lat' dir='ltr'><strong>quam</strong></span> <span class='ocrx_word' id='word_1_43' title='bbox 1320 710 1514 760; x_wconf 87' lang='lat' dir='ltr'><strong>arator</strong></span> <span class='ocrx_word' id='word_1_44' title='bbox 1547 705 1643 774; x_wconf 87' lang='lat' dir='ltr'><strong>qui</strong></span> <span class='ocrx_word' id='word_1_45' title='bbox 1696 710 1933 760; x_wconf 90' lang='lat' dir='ltr'><strong>conten-</strong></span> 
     </span>
    </p>
   </div>
   <div class='ocr_carea' id='block_1_8' title="bbox 284 789 1934 863">
    <p class='ocr_par' dir='ltr' id='par_1_8' title="bbox 284 789 1934 863">
     <span class='ocr_line' id='line_1_8' title="bbox 284 789 1934 863; baseline 0.003 -20"><span class='ocrx_word' id='word_1_46' title='bbox 284 790 385 843; x_wconf 90' lang='lat' dir='ltr'><strong>dat</strong></span> <span class='ocrx_word' id='word_1_47' title='bbox 411 789 564 843; x_wconf 82' lang='lat' dir='ltr'><strong>stiva</strong></span> <span class='ocrx_word' id='word_1_48' title='bbox 596 806 699 860; x_wconf 89' lang='lat' dir='ltr'><strong>per</strong></span> <span class='ocrx_word' id='word_1_49' title='bbox 732 789 942 845; x_wconf 86' lang='lat' dir='ltr'><strong>ﬂuctus</strong></span> <span class='ocrx_word' id='word_1_50' title='bbox 975 792 1199 860; x_wconf 88' lang='lat' dir='ltr'><strong>adacta,</strong></span> <span class='ocrx_word' id='word_1_51' title='bbox 1251 794 1425 848; x_wconf 90' lang='lat' dir='ltr'><strong>dorso</strong></span> <span class='ocrx_word' id='word_1_52' title='bbox 1474 809 1759 863; x_wconf 87' lang='lat' dir='ltr'><strong>aquarum</strong></span> <span class='ocrx_word' id='word_1_53' title='bbox 1811 792 1934 848; x_wconf 85' lang='lat' dir='ltr'><strong>acie</strong></span> 
     </span>
    </p>
   </div>
   <div class='ocr_carea' id='block_1_9' title="bbox 286 878 1933 952">
    <p class='ocr_par' dir='ltr' id='par_1_9' title="bbox 286 878 1933 952">
     <span class='ocr_line' id='line_1_9' title="bbox 286 878 1933 952; baseline 0.004 -22"><span class='ocrx_word' id='word_1_54' title='bbox 286 878 538 932; x_wconf 89' lang='lat' dir='ltr'><strong>vomeris</strong></span> <span class='ocrx_word' id='word_1_55' title='bbox 573 879 803 932; x_wconf 86' lang='lat' dir='ltr'><strong>sulcum</strong></span> <span class='ocrx_word' id='word_1_56' title='bbox 837 878 1143 946; x_wconf 83' lang='lat' dir='ltr'><strong>inﬁndere,</strong></span> <span class='ocrx_word' id='word_1_57' title='bbox 1178 887 1279 936; x_wconf 87' lang='lat' dir='ltr'><strong>aut</strong></span> <span class='ocrx_word' id='word_1_58' title='bbox 1310 887 1488 936; x_wconf 87' lang='lat' dir='ltr'><strong>nauta</strong></span> <span class='ocrx_word' id='word_1_59' title='bbox 1519 881 1616 952; x_wconf 86' lang='lat' dir='ltr'><strong>qui</strong></span> <span class='ocrx_word' id='word_1_60' title='bbox 1653 882 1804 936; x_wconf 90' lang='lat' dir='ltr'><strong>serio</strong></span> <span class='ocrx_word' id='word_1_61' title='bbox 1837 899 1933 936; x_wconf 88' lang='lat' dir='ltr'><strong>sa-</strong></span> 
     </span>
    </p>
   </div>
   <div class='ocr_carea' id='block_1_10' title="bbox 287 968 1929 1042">
    <p class='ocr_par' dir='ltr' id='par_1_10' title="bbox 287 968 1929 1042">
     <span class='ocr_line' id='line_1_10' title="bbox 287 968 1929 1042; baseline 0.004 -22"><span class='ocrx_word' id='word_1_62' title='bbox 287 971 447 1037; x_wconf 86' lang='lat' dir='ltr'><strong>tagat</strong></span> <span class='ocrx_word' id='word_1_63' title='bbox 502 984 710 1022; x_wconf 85' lang='lat' dir='ltr'><strong>navem</strong></span> <span class='ocrx_word' id='word_1_64' title='bbox 774 968 1096 1039; x_wconf 83' lang='lat' dir='ltr'><strong>propellere</strong></span> <span class='ocrx_word' id='word_1_65' title='bbox 1151 987 1251 1041; x_wconf 92' lang='lat' dir='ltr'><strong>per</strong></span> <span class='ocrx_word' id='word_1_66' title='bbox 1290 988 1525 1042; x_wconf 65' lang='lat' dir='ltr'><strong>aequora</strong></span> <span class='ocrx_word' id='word_1_67' title='bbox 1564 987 1929 1042; x_wconf 86' lang='lat' dir='ltr'><strong>camporum.</strong></span> 
     </span>
    </p>
   </div>
   <div class='ocr_carea' id='block_1_11' title="bbox 288 1065 1927 1143">
    <p class='ocr_par' dir='ltr' id='par_1_11' title="bbox 288 1065 1927 1143">
     <span class='ocr_line' id='line_1_11' title="bbox 288 1065 1927 1143; baseline 0.004 -27"><span class='ocrx_word' id='word_1_68' title='bbox 288 1065 585 1119; x_wconf 81' lang='lat' dir='ltr'><strong>Enimvero</strong></span> <span class='ocrx_word' id='word_1_69' title='bbox 617 1082 744 1134; x_wconf 71' lang='lat' dir='ltr'><strong>qum</strong></span> <span class='ocrx_word' id='word_1_70' title='bbox 779 1082 912 1136; x_wconf 87' lang='lat' dir='ltr'><strong>spes</strong></span> <span class='ocrx_word' id='word_1_71' title='bbox 944 1069 1184 1143; x_wconf 86' lang='lat' dir='ltr'><strong>omnino</strong></span> <span class='ocrx_word' id='word_1_72' title='bbox 1214 1070 1310 1135; x_wconf 85' lang='lat' dir='ltr'><strong>sit,</strong></span> <span class='ocrx_word' id='word_1_73' title='bbox 1340 1070 1511 1123; x_wconf 78' lang='lat' dir='ltr'><strong>fidere</strong></span> <span class='ocrx_word' id='word_1_74' title='bbox 1544 1085 1635 1122; x_wconf 91' lang='lat' dir='ltr'><strong>me</strong></span> <span class='ocrx_word' id='word_1_75' title='bbox 1670 1085 1927 1138; x_wconf 82' lang='lat' dir='ltr'><strong>unquam</strong></span> 
     </span>
    </p>
   </div>
   <div class='ocr_carea' id='block_1_12' title="bbox 286 1154 1931 1231">
    <p class='ocr_par' dir='ltr' id='par_1_12' title="bbox 286 1154 1931 1231">
     <span class='ocr_line' id='line_1_12' title="bbox 286 1154 1931 1231; baseline 0.002 -23"><span class='ocrx_word' id='word_1_76' title='bbox 286 1160 351 1209; x_wconf 90' lang='lat' dir='ltr'><strong>ut</strong></span> <span class='ocrx_word' id='word_1_77' title='bbox 381 1154 567 1209; x_wconf 84' lang='lat' dir='ltr'><strong>amico</strong></span> <span class='ocrx_word' id='word_1_78' title='bbox 600 1156 703 1209; x_wconf 87' lang='lat' dir='ltr'><strong>tibi</strong></span> <span class='ocrx_word' id='word_1_79' title='bbox 740 1173 933 1227; x_wconf 83' lang='lat' dir='ltr'><strong>posse,</strong></span> <span class='ocrx_word' id='word_1_80' title='bbox 967 1174 1138 1228; x_wconf 82' lang='lat' dir='ltr'><strong>quem</strong></span> <span class='ocrx_word' id='word_1_81' title='bbox 1174 1160 1294 1213; x_wconf 89' lang='lat' dir='ltr'><strong>scio</strong></span> <span class='ocrx_word' id='word_1_82' title='bbox 1323 1177 1567 1231; x_wconf 89' lang='lat' dir='ltr'><strong>corpora</strong></span> <span class='ocrx_word' id='word_1_83' title='bbox 1600 1160 1780 1214; x_wconf 84' lang='lat' dir='ltr'><strong>nostri</strong></span> <span class='ocrx_word' id='word_1_84' title='bbox 1831 1175 1931 1230; x_wconf 89' lang='lat' dir='ltr'><strong>ge-</strong></span> 
     </span>
    </p>
   </div>
   <div class='ocr_carea' id='block_1_13' title="bbox 288 1245 1925 1318">
    <p class='ocr_par' dir='ltr' id='par_1_13' title="bbox 288 1245 1925 1318">
     <span class='ocr_line' id='line_1_13' title="bbox 288 1245 1925 1318; baseline 0.002 -18"><span class='ocrx_word' id='word_1_85' title='bbox 288 1246 470 1311; x_wconf 85' lang='lat' dir='ltr'><strong>neris,</strong></span> <span class='ocrx_word' id='word_1_86' title='bbox 498 1245 830 1316; x_wconf 84' lang='lat' dir='ltr'><strong>ubicunque</strong></span> <span class='ocrx_word' id='word_1_87' title='bbox 863 1263 924 1301; x_wconf 90' lang='lat' dir='ltr'><strong>se</strong></span> <span class='ocrx_word' id='word_1_88' title='bbox 955 1250 1257 1303; x_wconf 83' lang='lat' dir='ltr'><strong>commode</strong></span> <span class='ocrx_word' id='word_1_89' title='bbox 1290 1251 1560 1318; x_wconf 80' lang='lat' dir='ltr'><strong>offerunt,</strong></span> <span class='ocrx_word' id='word_1_90' title='bbox 1595 1248 1778 1304; x_wconf 88' lang='lat' dir='ltr'><strong>solere</strong></span> <span class='ocrx_word' id='word_1_91' title='bbox 1829 1266 1925 1303; x_wconf 85' lang='lat' dir='ltr'><strong>co-</strong></span> 
     </span>
    </p>
   </div>
   <div class='ocr_carea' id='block_1_14' title="bbox 292 1335 1930 1409">
    <p class='ocr_par' dir='ltr' id='par_1_14' title="bbox 292 1335 1930 1409">
     <span class='ocr_line' id='line_1_14' title="bbox 292 1335 1930 1409; baseline 0.002 -21"><span class='ocrx_word' id='word_1_92' title='bbox 292 1335 568 1389; x_wconf 80' lang='lat' dir='ltr'><strong>medere?</strong></span> <span class='ocrx_word' id='word_1_93' title='bbox 594 1336 673 1389; x_wconf 83' lang='lat' dir='ltr'><strong>Ad</strong></span> <span class='ocrx_word' id='word_1_94' title='bbox 709 1335 817 1389; x_wconf 88' lang='lat' dir='ltr'><strong>hoc</strong></span> <span class='ocrx_word' id='word_1_95' title='bbox 862 1353 1072 1391; x_wconf 86' lang='lat' dir='ltr'><strong>corvus</strong></span> <span class='ocrx_word' id='word_1_96' title='bbox 1126 1354 1137 1391; x_wconf 90' lang='lat'><strong>:</strong></span> <span class='ocrx_word' id='word_1_97' title='bbox 1189 1338 1266 1392; x_wconf 87' lang='lat' dir='ltr'><strong>Te</strong></span> <span class='ocrx_word' id='word_1_98' title='bbox 1316 1340 1497 1402; x_wconf 90' lang='lat' dir='ltr'><strong>decet,</strong></span> <span class='ocrx_word' id='word_1_99' title='bbox 1548 1338 1646 1406; x_wconf 85' lang='lat' dir='ltr'><strong>ait,</strong></span> <span class='ocrx_word' id='word_1_100' title='bbox 1699 1356 1766 1392; x_wconf 87' lang='lat' dir='ltr'><strong>ea</strong></span> <span class='ocrx_word' id='word_1_101' title='bbox 1815 1356 1930 1409; x_wconf 91' lang='lat' dir='ltr'><strong>qua</strong></span> 
     </span>
    </p>
   </div>
   <div class='ocr_carea' id='block_1_15' title="bbox 289 1425 1929 1495">
    <p class='ocr_par' dir='ltr' id='par_1_15' title="bbox 289 1425 1929 1495">
     <span class='ocr_line' id='line_1_15' title="bbox 289 1425 1929 1495; baseline 0.004 -18"><span class='ocrx_word' id='word_1_102' title='bbox 289 1426 448 1478; x_wconf 90' lang='lat' dir='ltr'><strong>vales</strong></span> <span class='ocrx_word' id='word_1_103' title='bbox 478 1425 834 1495; x_wconf 88' lang='lat' dir='ltr'><strong>perspicacia</strong></span> <span class='ocrx_word' id='word_1_104' title='bbox 888 1425 1219 1482; x_wconf 82' lang='lat' dir='ltr'><strong>discernere</strong></span> <span class='ocrx_word' id='word_1_105' title='bbox 1266 1429 1519 1483; x_wconf 80' lang='lat' dir='ltr'><strong>rationes</strong></span> <span class='ocrx_word' id='word_1_106' title='bbox 1569 1428 1808 1482; x_wconf 83' lang='lat' dir='ltr'><strong>timendi</strong></span> <span class='ocrx_word' id='word_1_107' title='bbox 1864 1446 1929 1485; x_wconf 86' lang='lat' dir='ltr'><strong>ac</strong></span> 
     </span>
    </p>
   </div>
   <div class='ocr_carea' id='block_1_16' title="bbox 286 1515 1927 1589">
    <p class='ocr_par' dir='ltr' id='par_1_16' title="bbox 286 1515 1927 1589">
     <span class='ocr_line' id='line_1_16' title="bbox 286 1515 1927 1589; baseline 0.002 -21"><span class='ocrx_word' id='word_1_108' title='bbox 286 1515 560 1583; x_wconf 86' lang='lat' dir='ltr'><strong>sperandi</strong></span> <span class='ocrx_word' id='word_1_109' title='bbox 611 1532 643 1568; x_wconf 90' lang='lat' dir='ltr'><strong>a</strong></span> <span class='ocrx_word' id='word_1_110' title='bbox 695 1532 807 1568; x_wconf 88' lang='lat' dir='ltr'><strong>me.</strong></span> <span class='ocrx_word' id='word_1_111' title='bbox 858 1518 1033 1570; x_wconf 89' lang='lat' dir='ltr'><strong>Porro</strong></span> <span class='ocrx_word' id='word_1_112' title='bbox 1065 1533 1240 1587; x_wconf 90' lang='lat' dir='ltr'><strong>quam</strong></span> <span class='ocrx_word' id='word_1_113' title='bbox 1278 1518 1359 1571; x_wconf 79' lang='lat' dir='ltr'><strong>hae</strong></span> <span class='ocrx_word' id='word_1_114' title='bbox 1394 1518 1448 1571; x_wconf 91' lang='lat' dir='ltr'><strong>in</strong></span> <span class='ocrx_word' id='word_1_115' title='bbox 1485 1519 1591 1572; x_wconf 88' lang='lat' dir='ltr'><strong>hac</strong></span> <span class='ocrx_word' id='word_1_116' title='bbox 1622 1534 1798 1572; x_wconf 88' lang='lat' dir='ltr'><strong>causa</strong></span> <span class='ocrx_word' id='word_1_117' title='bbox 1828 1536 1927 1589; x_wconf 89' lang='lat' dir='ltr'><strong>po-</strong></span> 
     </span>
    </p>
   </div>
   <div class='ocr_carea' id='block_1_17' title="bbox 283 1604 1924 1677">
    <p class='ocr_par' dir='ltr' id='par_1_17' title="bbox 283 1604 1924 1677">
     <span class='ocr_line' id='line_1_17' title="bbox 283 1604 1924 1677; baseline 0.002 -20"><span class='ocrx_word' id='word_1_118' title='bbox 283 1604 463 1658; x_wconf 85' lang='lat' dir='ltr'><strong>tiores</strong></span> <span class='ocrx_word' id='word_1_119' title='bbox 494 1604 632 1673; x_wconf 90' lang='lat' dir='ltr'><strong>sint,</strong></span> <span class='ocrx_word' id='word_1_120' title='bbox 682 1604 973 1674; x_wconf 85' lang='lat' dir='ltr'><strong>intelliges</strong></span> <span class='ocrx_word' id='word_1_121' title='bbox 1017 1623 1150 1660; x_wconf 91' lang='lat' dir='ltr'><strong>cum</strong></span> <span class='ocrx_word' id='word_1_122' title='bbox 1207 1607 1589 1677; x_wconf 83' lang='lat' dir='ltr'><strong>reputaveris,</strong></span> <span class='ocrx_word' id='word_1_123' title='bbox 1639 1608 1924 1661; x_wconf 87' lang='lat' dir='ltr'><strong>securita-</strong></span> 
     </span>
    </p>
   </div>
   <div class='ocr_carea' id='block_1_18' title="bbox 286 1695 1924 1764">
    <p class='ocr_par' dir='ltr' id='par_1_18' title="bbox 286 1695 1924 1764">
     <span class='ocr_line' id='line_1_18' title="bbox 286 1695 1924 1764; baseline 0.002 -18"><span class='ocrx_word' id='word_1_124' title='bbox 286 1699 399 1746; x_wconf 87' lang='lat' dir='ltr'><strong>tem</strong></span> <span class='ocrx_word' id='word_1_125' title='bbox 434 1698 594 1747; x_wconf 88' lang='lat' dir='ltr'><strong>tuam</strong></span> <span class='ocrx_word' id='word_1_126' title='bbox 628 1710 759 1748; x_wconf 92' lang='lat' dir='ltr'><strong>cum</strong></span> <span class='ocrx_word' id='word_1_127' title='bbox 796 1711 924 1748; x_wconf 88' lang='lat' dir='ltr'><strong>mea</strong></span> <span class='ocrx_word' id='word_1_128' title='bbox 958 1695 1254 1764; x_wconf 69' lang='lat' dir='ltr'><strong>praestanti</strong></span> <span class='ocrx_word' id='word_1_129' title='bbox 1306 1695 1556 1751; x_wconf 83' lang='lat' dir='ltr'><strong>utilitate</strong></span> <span class='ocrx_word' id='word_1_130' title='bbox 1605 1713 1733 1751; x_wconf 89' lang='lat' dir='ltr'><strong>esse</strong></span> <span class='ocrx_word' id='word_1_131' title='bbox 1786 1712 1924 1750; x_wconf 88' lang='lat' dir='ltr'><strong>con-</strong></span> 
     </span>
    </p>
   </div>
   <div class='ocr_carea' id='block_1_19' title="bbox 2048 530 3690 605">
    <p class='ocr_par' dir='ltr' id='par_1_19' title="bbox 2048 530 3690 605">
     <span class='ocr_line' id='line_1_19' title="bbox 2048 530 3690 605; baseline 0.005 -22"><span class='ocrx_word' id='word_1_132' title='bbox 2048 530 2200 584; x_wconf 90' lang='lat' dir='ltr'><strong>inter</strong></span> <span class='ocrx_word' id='word_1_133' title='bbox 2232 548 2337 585; x_wconf 90' lang='lat' dir='ltr'><strong>nos</strong></span> <span class='ocrx_word' id='word_1_134' title='bbox 2368 533 2624 589; x_wconf 88' lang='lat' dir='ltr'><strong>charitas</strong></span> <span class='ocrx_word' id='word_1_135' title='bbox 2658 533 3077 605; x_wconf 82' lang='lat' dir='ltr'><strong>queat.Contra</strong></span> <span class='ocrx_word' id='word_1_136' title='bbox 3107 551 3173 588; x_wconf 87' lang='lat' dir='ltr'><strong>ea</strong></span> <span class='ocrx_word' id='word_1_137' title='bbox 3201 550 3410 588; x_wconf 90' lang='lat' dir='ltr'><strong>corvus</strong></span> <span class='ocrx_word' id='word_1_138' title='bbox 3444 552 3457 589; x_wconf 89' lang='lat'><strong>:</strong></span> <span class='ocrx_word' id='word_1_139' title='bbox 3491 536 3690 600; x_wconf 87' lang='lat' dir='ltr'><strong>Erras,</strong></span> 
     </span>
    </p>
   </div>
   <div class='ocr_carea' id='block_1_20' title="bbox 2046 618 3689 694">
    <p class='ocr_par' dir='ltr' id='par_1_20' title="bbox 2046 618 3689 694">
     <span class='ocr_line' id='line_1_20' title="bbox 2046 618 3689 694; baseline 0.005 -22"><span class='ocrx_word' id='word_1_140' title='bbox 2046 618 2257 689; x_wconf 90' lang='lat' dir='ltr'><strong>inquit,</strong></span> <span class='ocrx_word' id='word_1_141' title='bbox 2293 637 2394 691; x_wconf 92' lang='lat' dir='ltr'><strong>per</strong></span> <span class='ocrx_word' id='word_1_142' title='bbox 2423 622 2665 678; x_wconf 85' lang='lat' dir='ltr'><strong>nimiam</strong></span> <span class='ocrx_word' id='word_1_143' title='bbox 2709 623 3103 694; x_wconf 84' lang='lat' dir='ltr'><strong>prudentiam,</strong></span> <span class='ocrx_word' id='word_1_144' title='bbox 3157 627 3213 677; x_wconf 87' lang='lat' dir='ltr'><strong>et</strong></span> <span class='ocrx_word' id='word_1_145' title='bbox 3256 639 3403 678; x_wconf 86' lang='lat' dir='ltr'><strong>vano</strong></span> <span class='ocrx_word' id='word_1_146' title='bbox 3452 625 3689 680; x_wconf 89' lang='lat' dir='ltr'><strong>terreris</strong></span> 
     </span>
    </p>
   </div>
   <div class='ocr_carea' id='block_1_21' title="bbox 2046 711 3688 783">
    <p class='ocr_par' dir='ltr' id='par_1_21' title="bbox 2046 711 3688 783">
     <span class='ocr_line' id='line_1_21' title="bbox 2046 711 3688 783; baseline 0.004 -22"><span class='ocrx_word' id='word_1_147' title='bbox 2046 711 2224 761; x_wconf 91' lang='lat' dir='ltr'><strong>metu.</strong></span> <span class='ocrx_word' id='word_1_148' title='bbox 2257 711 2523 780; x_wconf 85' lang='lat' dir='ltr'><strong>Spondeo</strong></span> <span class='ocrx_word' id='word_1_149' title='bbox 2555 716 2610 765; x_wconf 88' lang='lat' dir='ltr'><strong>et</strong></span> <span class='ocrx_word' id='word_1_150' title='bbox 2640 716 2850 783; x_wconf 71' lang='lat' dir='ltr'><strong>praesto</strong></span> <span class='ocrx_word' id='word_1_151' title='bbox 2879 711 3008 781; x_wconf 89' lang='lat' dir='ltr'><strong>tibi,</strong></span> <span class='ocrx_word' id='word_1_152' title='bbox 3042 728 3156 767; x_wconf 90' lang='lat' dir='ltr'><strong>non</strong></span> <span class='ocrx_word' id='word_1_153' title='bbox 3189 713 3361 766; x_wconf 90' lang='lat' dir='ltr'><strong>modo</strong></span> <span class='ocrx_word' id='word_1_154' title='bbox 3394 711 3568 766; x_wconf 85' lang='lat' dir='ltr'><strong>ﬁdam</strong></span> <span class='ocrx_word' id='word_1_155' title='bbox 3622 729 3688 767; x_wconf 89' lang='lat' dir='ltr'><strong>ac</strong></span> 
     </span>
    </p>
   </div>
   <div class='ocr_carea' id='block_1_22' title="bbox 2044 796 3688 869">
    <p class='ocr_par' dir='ltr' id='par_1_22' title="bbox 2044 796 3688 869">
     <span class='ocr_line' id='line_1_22' title="bbox 2044 796 3688 869; baseline 0.002 -18"><span class='ocrx_word' id='word_1_156' title='bbox 2044 796 2357 865; x_wconf 84' lang='lat' dir='ltr'><strong>sinceram,</strong></span> <span class='ocrx_word' id='word_1_157' title='bbox 2407 802 2505 853; x_wconf 89' lang='lat' dir='ltr'><strong>sed</strong></span> <span class='ocrx_word' id='word_1_158' title='bbox 2557 805 2920 855; x_wconf 87' lang='lat' dir='ltr'><strong>constantem</strong></span> <span class='ocrx_word' id='word_1_159' title='bbox 2967 816 3031 854; x_wconf 88' lang='lat' dir='ltr'><strong>ac</strong></span> <span class='ocrx_word' id='word_1_160' title='bbox 3066 815 3374 869; x_wconf 88' lang='lat' dir='ltr'><strong>perennem</strong></span> <span class='ocrx_word' id='word_1_161' title='bbox 3409 816 3595 854; x_wconf 89' lang='lat' dir='ltr'><strong>meam</strong></span> <span class='ocrx_word' id='word_1_162' title='bbox 3629 800 3688 854; x_wconf 92' lang='lat' dir='ltr'><strong>in</strong></span> 
     </span>
    </p>
   </div>
   <div class='ocr_carea' id='block_1_23' title="bbox 2044 885 3690 960">
    <p class='ocr_par' dir='ltr' id='par_1_23' title="bbox 2044 885 3690 960">
     <span class='ocr_line' id='line_1_23' title="bbox 2044 885 3690 960; baseline 0.001 -21"><span class='ocrx_word' id='word_1_163' title='bbox 2044 888 2098 939; x_wconf 91' lang='lat' dir='ltr'><strong>te</strong></span> <span class='ocrx_word' id='word_1_164' title='bbox 2140 885 2641 955; x_wconf 79' lang='lat' dir='ltr'><strong>benevolentiam;</strong></span> <span class='ocrx_word' id='word_1_165' title='bbox 2676 888 2769 943; x_wconf 89' lang='lat' dir='ltr'><strong>cui</strong></span> <span class='ocrx_word' id='word_1_166' title='bbox 2820 889 2869 941; x_wconf 85' lang='lat' dir='ltr'><strong>si</strong></span> <span class='ocrx_word' id='word_1_167' title='bbox 2920 889 3271 960; x_wconf 87' lang='lat' dir='ltr'><strong>respondere</strong></span> <span class='ocrx_word' id='word_1_168' title='bbox 3320 905 3435 943; x_wconf 90' lang='lat' dir='ltr'><strong>non</strong></span> <span class='ocrx_word' id='word_1_169' title='bbox 3484 904 3690 959; x_wconf 86' lang='lat' dir='ltr'><strong>grava-</strong></span> 
     </span>
    </p>
   </div>
   <div class='ocr_carea' id='block_1_24' title="bbox 2042 974 3685 1047">
    <p class='ocr_par' dir='ltr' id='par_1_24' title="bbox 2042 974 3685 1047">
     <span class='ocr_line' id='line_1_24' title="bbox 2042 974 3685 1047; baseline 0.001 -19"><span class='ocrx_word' id='word_1_170' title='bbox 2042 974 2379 1042; x_wconf 88' lang='lat' dir='ltr'><strong>beris,nihil</strong></span> <span class='ocrx_word' id='word_1_171' title='bbox 2414 976 2681 1030; x_wconf 59' lang='lat' dir='ltr'><strong>amicitia:</strong></span> <span class='ocrx_word' id='word_1_172' title='bbox 2714 981 2923 1032; x_wconf 60' lang='lat' dir='ltr'><strong>nostra:</strong></span> <span class='ocrx_word' id='word_1_173' title='bbox 2957 978 3288 1047; x_wconf 89' lang='lat' dir='ltr'><strong>deerit,quo</strong></span> <span class='ocrx_word' id='word_1_174' title='bbox 3321 977 3521 1031; x_wconf 90' lang='lat' dir='ltr'><strong>minus</strong></span> <span class='ocrx_word' id='word_1_175' title='bbox 3553 993 3685 1032; x_wconf 89' lang='lat' dir='ltr'><strong>cum</strong></span> 
     </span>
    </p>
   </div>
   <div class='ocr_carea' id='block_1_25' title="bbox 2040 1063 3685 1137">
    <p class='ocr_par' dir='ltr' id='par_1_25' title="bbox 2040 1063 3685 1137">
     <span class='ocr_line' id='line_1_25' title="bbox 2040 1063 3685 1137; baseline 0.002 -21"><span class='ocrx_word' id='word_1_176' title='bbox 2040 1063 2363 1117; x_wconf 87' lang='lat' dir='ltr'><strong>verissimis</strong></span> <span class='ocrx_word' id='word_1_177' title='bbox 2396 1065 2581 1134; x_wconf 84' lang='lat' dir='ltr'><strong>possit</strong></span> <span class='ocrx_word' id='word_1_178' title='bbox 2609 1066 2852 1135; x_wconf 67' lang='lat' dir='ltr'><strong>aequari.</strong></span> <span class='ocrx_word' id='word_1_179' title='bbox 2901 1066 3041 1121; x_wconf 88' lang='lat' dir='ltr'><strong>Novi</strong></span> <span class='ocrx_word' id='word_1_180' title='bbox 3089 1083 3192 1137; x_wconf 91' lang='lat' dir='ltr'><strong>ego</strong></span> <span class='ocrx_word' id='word_1_181' title='bbox 3239 1082 3470 1136; x_wconf 91' lang='lat' dir='ltr'><strong>quoque</strong></span> <span class='ocrx_word' id='word_1_182' title='bbox 3518 1066 3685 1120; x_wconf 77' lang='lat' dir='ltr'><strong>diffe-</strong></span> 
     </span>
    </p>
   </div>
   <div class='ocr_carea' id='block_1_26' title="bbox 2042 1151 3683 1223">
    <p class='ocr_par' dir='ltr' id='par_1_26' title="bbox 2042 1151 3683 1223">
     <span class='ocr_line' id='line_1_26' title="bbox 2042 1151 3683 1223; baseline 0.003 -18"><span class='ocrx_word' id='word_1_183' title='bbox 2042 1152 2263 1207; x_wconf 87' lang='lat' dir='ltr'><strong>rentias</strong></span> <span class='ocrx_word' id='word_1_184' title='bbox 2296 1151 2767 1208; x_wconf 89' lang='lat' dir='ltr'><strong>familiaritatum</strong></span> <span class='ocrx_word' id='word_1_185' title='bbox 2800 1157 2858 1209; x_wconf 89' lang='lat' dir='ltr'><strong>et</strong></span> <span class='ocrx_word' id='word_1_186' title='bbox 2888 1155 3175 1223; x_wconf 85' lang='lat' dir='ltr'><strong>quasdam</strong></span> <span class='ocrx_word' id='word_1_187' title='bbox 3209 1170 3483 1209; x_wconf 87' lang='lat' dir='ltr'><strong>vasorum</strong></span> <span class='ocrx_word' id='word_1_188' title='bbox 3534 1156 3683 1210; x_wconf 86' lang='lat' dir='ltr'><strong>ﬁcti-</strong></span> 
     </span>
    </p>
   </div>
   <div class='ocr_carea' id='block_1_27' title="bbox 2039 1239 3687 1315">
    <p class='ocr_par' dir='ltr' id='par_1_27' title="bbox 2039 1239 3687 1315">
     <span class='ocr_line' id='line_1_27' title="bbox 2039 1239 3687 1315; baseline 0.003 -22"><span class='ocrx_word' id='word_1_189' title='bbox 2039 1239 2184 1295; x_wconf 91' lang='lat' dir='ltr'><strong>lium</strong></span> <span class='ocrx_word' id='word_1_190' title='bbox 2220 1241 2338 1295; x_wconf 91' lang='lat' dir='ltr'><strong>scio</strong></span> <span class='ocrx_word' id='word_1_191' title='bbox 2369 1240 2620 1311; x_wconf 88' lang='lat' dir='ltr'><strong>similes,</strong></span> <span class='ocrx_word' id='word_1_192' title='bbox 2653 1258 2779 1311; x_wconf 81' lang='lat' dir='ltr'><strong>quae</strong></span> <span class='ocrx_word' id='word_1_193' title='bbox 2814 1258 2945 1296; x_wconf 92' lang='lat' dir='ltr'><strong>cum</strong></span> <span class='ocrx_word' id='word_1_194' title='bbox 2976 1243 3087 1297; x_wconf 90' lang='lat' dir='ltr'><strong>cito</strong></span> <span class='ocrx_word' id='word_1_195' title='bbox 3120 1260 3185 1297; x_wconf 85' lang='lat' dir='ltr'><strong>ac</strong></span> <span class='ocrx_word' id='word_1_196' title='bbox 3213 1242 3379 1297; x_wconf 84' lang='lat' dir='ltr'><strong>facile</strong></span> <span class='ocrx_word' id='word_1_197' title='bbox 3412 1244 3687 1315; x_wconf 64' lang='lat' dir='ltr'><strong>franguno</strong></span> 
     </span>
    </p>
   </div>
   <div class='ocr_carea' id='block_1_28' title="bbox 2042 1328 3687 1401">
    <p class='ocr_par' dir='ltr' id='par_1_28' title="bbox 2042 1328 3687 1401">
     <span class='ocr_line' id='line_1_28' title="bbox 2042 1328 3687 1401; baseline 0.001 -17"><span class='ocrx_word' id='word_1_198' title='bbox 2042 1334 2155 1399; x_wconf 90' lang='lat' dir='ltr'><strong>tur,</strong></span> <span class='ocrx_word' id='word_1_199' title='bbox 2190 1334 2315 1384; x_wconf 87' lang='lat' dir='ltr'><strong>tum</strong></span> <span class='ocrx_word' id='word_1_200' title='bbox 2345 1330 2600 1400; x_wconf 85' lang='lat' dir='ltr'><strong>reparari</strong></span> <span class='ocrx_word' id='word_1_201' title='bbox 2631 1346 2695 1384; x_wconf 92' lang='lat' dir='ltr'><strong>ac</strong></span> <span class='ocrx_word' id='word_1_202' title='bbox 2726 1328 2933 1401; x_wconf 89' lang='lat' dir='ltr'><strong>reﬁngi</strong></span> <span class='ocrx_word' id='word_1_203' title='bbox 2984 1348 3092 1401; x_wconf 90' lang='lat' dir='ltr'><strong>ope</strong></span> <span class='ocrx_word' id='word_1_204' title='bbox 3141 1349 3207 1386; x_wconf 87' lang='lat' dir='ltr'><strong>ac</strong></span> <span class='ocrx_word' id='word_1_205' title='bbox 3253 1348 3418 1386; x_wconf 90' lang='lat' dir='ltr'><strong>mora</strong></span> <span class='ocrx_word' id='word_1_206' title='bbox 3465 1338 3687 1400; x_wconf 89' lang='lat' dir='ltr'><strong>queunt</strong></span> 
     </span>
    </p>
   </div>
   <div class='ocr_carea' id='block_1_29' title="bbox 2039 1418 3684 1490">
    <p class='ocr_par' dir='ltr' id='par_1_29' title="bbox 2039 1418 3684 1490">
     <span class='ocr_line' id='line_1_29' title="bbox 2039 1418 3684 1490; baseline 0.002 -17"><span class='ocrx_word' id='word_1_207' title='bbox 2039 1420 2234 1485; x_wconf 88' lang='lat' dir='ltr'><strong>nulla;</strong></span> <span class='ocrx_word' id='word_1_208' title='bbox 2272 1435 2471 1473; x_wconf 89' lang='lat' dir='ltr'><strong>verum</strong></span> <span class='ocrx_word' id='word_1_209' title='bbox 2504 1418 2649 1473; x_wconf 89' lang='lat' dir='ltr'><strong>alias</strong></span> <span class='ocrx_word' id='word_1_210' title='bbox 2682 1420 3058 1490; x_wconf 85' lang='lat' dir='ltr'><strong>pretiosiores</strong></span> <span class='ocrx_word' id='word_1_211' title='bbox 3091 1421 3381 1490; x_wconf 87' lang='lat' dir='ltr'><strong>quasdam</strong></span> <span class='ocrx_word' id='word_1_212' title='bbox 3415 1421 3684 1477; x_wconf 84' lang='lat' dir='ltr'><strong>lancibus</strong></span> 
     </span>
    </p>
   </div>
   <div class='ocr_carea' id='block_1_30' title="bbox 2039 1506 3680 1578">
    <p class='ocr_par' dir='ltr' id='par_1_30' title="bbox 2039 1506 3680 1578">
     <span class='ocr_line' id='line_1_30' title="bbox 2039 1506 3680 1578; baseline 0 -17"><span class='ocrx_word' id='word_1_213' title='bbox 2039 1512 2138 1561; x_wconf 89' lang='lat' dir='ltr'><strong>aut</strong></span> <span class='ocrx_word' id='word_1_214' title='bbox 2170 1506 2395 1576; x_wconf 90' lang='lat' dir='ltr'><strong>poculis</strong></span> <span class='ocrx_word' id='word_1_215' title='bbox 2425 1506 2620 1561; x_wconf 84' lang='lat' dir='ltr'><strong>aureis</strong></span> <span class='ocrx_word' id='word_1_216' title='bbox 2652 1507 2942 1561; x_wconf 86' lang='lat' dir='ltr'><strong>amicitias</strong></span> <span class='ocrx_word' id='word_1_217' title='bbox 2971 1506 3177 1561; x_wconf 89' lang='lat' dir='ltr'><strong>merito</strong></span> <span class='ocrx_word' id='word_1_218' title='bbox 3210 1522 3501 1577; x_wconf 87' lang='lat' dir='ltr'><strong>comparo,</strong></span> <span class='ocrx_word' id='word_1_219' title='bbox 3554 1524 3680 1578; x_wconf 76' lang='lat' dir='ltr'><strong>quae</strong></span> 
     </span>
    </p>
   </div>
   <div class='ocr_carea' id='block_1_31' title="bbox 2036 1595 3680 1666">
    <p class='ocr_par' dir='ltr' id='par_1_31' title="bbox 2036 1595 3680 1666">
     <span class='ocr_line' id='line_1_31' title="bbox 2036 1595 3680 1666; baseline 0.002 -20"><span class='ocrx_word' id='word_1_220' title='bbox 2036 1595 2306 1650; x_wconf 88' lang='lat' dir='ltr'><strong>videlicet</strong></span> <span class='ocrx_word' id='word_1_221' title='bbox 2349 1612 2462 1649; x_wconf 90' lang='lat' dir='ltr'><strong>non</strong></span> <span class='ocrx_word' id='word_1_222' title='bbox 2516 1601 2753 1663; x_wconf 86' lang='lat' dir='ltr'><strong>temere,</strong></span> <span class='ocrx_word' id='word_1_223' title='bbox 2810 1600 2912 1649; x_wconf 92' lang='lat' dir='ltr'><strong>aut</strong></span> <span class='ocrx_word' id='word_1_224' title='bbox 2958 1611 3141 1666; x_wconf 89' lang='lat' dir='ltr'><strong>prona</strong></span> <span class='ocrx_word' id='word_1_225' title='bbox 3190 1601 3327 1650; x_wconf 65' lang='lat' dir='ltr'><strong>rotae</strong></span> <span class='ocrx_word' id='word_1_226' title='bbox 3380 1596 3680 1665; x_wconf 85' lang='lat' dir='ltr'><strong>vertigine,</strong></span> 
     </span>
    </p>
   </div>
   <div class='ocr_carea' id='block_1_32' title="bbox 2038 1683 3681 1755">
    <p class='ocr_par' dir='ltr' id='par_1_32' title="bbox 2038 1683 3681 1755">
     <span class='ocr_line' id='line_1_32' title="bbox 2038 1683 3681 1755; baseline -0.001 -17"><span class='ocrx_word' id='word_1_227' title='bbox 2038 1684 2235 1738; x_wconf 85' lang='lat' dir='ltr'><strong>statim</strong></span> <span class='ocrx_word' id='word_1_228' title='bbox 2260 1688 2415 1754; x_wconf 86' lang='lat' dir='ltr'><strong>nata,</strong></span> <span class='ocrx_word' id='word_1_229' title='bbox 2431 1685 2529 1739; x_wconf 89' lang='lat' dir='ltr'><strong>sed</strong></span> <span class='ocrx_word' id='word_1_230' title='bbox 2563 1687 2739 1738; x_wconf 85' lang='lat' dir='ltr'><strong>cauta</strong></span> <span class='ocrx_word' id='word_1_231' title='bbox 2770 1685 3073 1738; x_wconf 88' lang='lat' dir='ltr'><strong>fornacum</strong></span> <span class='ocrx_word' id='word_1_232' title='bbox 3104 1683 3503 1755; x_wconf 81' lang='lat' dir='ltr'><strong>exploratione</strong></span> <span class='ocrx_word' id='word_1_233' title='bbox 3534 1683 3681 1739; x_wconf 87' lang='lat' dir='ltr'><strong>mal-</strong></span> 
     </span>
    </p>
   </div>
   <div class='ocr_carea' id='block_1_33' title="bbox 277 1771 3681 1871">
    <p class='ocr_par' dir='ltr' id='par_1_33' title="bbox 277 1771 3681 1871">
     <span class='ocr_line' id='line_1_33' title="bbox 277 1771 3681 1871; baseline 0.003 -36"><span class='ocrx_word' id='word_1_234' title='bbox 277 1782 557 1853; x_wconf 88' lang='lat' dir='ltr'><strong>junctam.</strong></span> <span class='ocrx_word' id='word_1_235' title='bbox 594 1782 747 1837; x_wconf 87' lang='lat' dir='ltr'><strong>Licet</strong></span> <span class='ocrx_word' id='word_1_236' title='bbox 778 1784 967 1838; x_wconf 89' lang='lat' dir='ltr'><strong>adhuc</strong></span> <span class='ocrx_word' id='word_1_237' title='bbox 999 1784 1103 1839; x_wconf 91' lang='lat' dir='ltr'><strong>tibi</strong></span> <span class='ocrx_word' id='word_1_238' title='bbox 1133 1802 1245 1839; x_wconf 90' lang='lat' dir='ltr'><strong>non</strong></span> <span class='ocrx_word' id='word_1_239' title='bbox 1286 1790 1523 1856; x_wconf 88' lang='lat' dir='ltr'><strong>experto</strong></span> <span class='ocrx_word' id='word_1_240' title='bbox 1576 1786 1922 1856; x_wconf 87' lang='lat' dir='ltr'><strong>probitatem</strong></span> <span class='ocrx_word' id='word_1_241' title='bbox 1956 1809 2001 1871; x_wconf 81' lang='grc' dir='ltr'><strong>Β</strong></span> <span class='ocrx_word' id='word_1_242' title='bbox 2039 1773 2381 1871; x_wconf 44' lang='grc' dir='ltr'><strong>Ιθοῗυῐξλίῖυξ)</strong></span> <span class='ocrx_word' id='word_1_243' title='bbox 2405 1772 2673 1871; x_wconf 19' lang='grc' dir='ltr'><strong>’δι’ῐίβθί-</strong></span> <span class='ocrx_word' id='word_1_244' title='bbox 2705 1772 2977 1871; x_wconf 48' lang='lat' dir='ltr'><strong>“maio”?</strong></span> <span class='ocrx_word' id='word_1_245' title='bbox 3032 1771 3256 1871; x_wconf 42' lang='lat' dir='ltr'><strong>“fluat?</strong></span> <span class='ocrx_word' id='word_1_246' title='bbox 3316 1774 3681 1871; x_wconf 51' lang='grc' dir='ltr'><strong>Τοῖ’ξηξὶίδίῖυεξ</strong></span> 
     </span>
    </p>
   </div>
   <div class='ocr_carea' id='block_1_34' title="bbox 283 1872 1921 1944">
    <p class='ocr_par' dir='ltr' id='par_1_34' title="bbox 283 1872 1921 1944">
     <span class='ocr_line' id='line_1_34' title="bbox 283 1872 1921 1944; baseline 0.002 -19"><span class='ocrx_word' id='word_1_247' title='bbox 283 1888 497 1939; x_wconf 88' lang='lat' dir='ltr'><strong>meam,</strong></span> <span class='ocrx_word' id='word_1_248' title='bbox 530 1872 714 1926; x_wconf 88' lang='lat' dir='ltr'><strong>vereri</strong></span> <span class='ocrx_word' id='word_1_249' title='bbox 746 1890 816 1927; x_wconf 90' lang='lat' dir='ltr'><strong>ne</strong></span> <span class='ocrx_word' id='word_1_250' title='bbox 842 1874 901 1927; x_wconf 88' lang='lat' dir='ltr'><strong>in</strong></span> <span class='ocrx_word' id='word_1_251' title='bbox 933 1874 1236 1928; x_wconf 89' lang='lat' dir='ltr'><strong>occasione</strong></span> <span class='ocrx_word' id='word_1_252' title='bbox 1268 1879 1324 1928; x_wconf 90' lang='lat' dir='ltr'><strong>te</strong></span> <span class='ocrx_word' id='word_1_253' title='bbox 1356 1876 1595 1944; x_wconf 65' lang='lat' dir='ltr'><strong>vorandi</strong></span> <span class='ocrx_word' id='word_1_254' title='bbox 1632 1876 1771 1929; x_wconf 87' lang='lat' dir='ltr'><strong>mihi</strong></span> <span class='ocrx_word' id='word_1_255' title='bbox 1807 1892 1921 1931; x_wconf 91' lang='lat' dir='ltr'><strong>non</strong></span> 
     </span>
    </p>
   </div>
   <div class='ocr_carea' id='block_1_35' title="bbox 283 1961 1923 2035">
    <p class='ocr_par' dir='ltr' id='par_1_35' title="bbox 283 1961 1923 2035">
     <span class='ocr_line' id='line_1_35' title="bbox 283 1961 1923 2035; baseline 0.003 -21"><span class='ocrx_word' id='word_1_256' title='bbox 283 1966 627 2031; x_wconf 88' lang='lat' dir='ltr'><strong>temperem.</strong></span> <span class='ocrx_word' id='word_1_257' title='bbox 661 1962 765 2014; x_wconf 86' lang='lat' dir='ltr'><strong>Sed</strong></span> <span class='ocrx_word' id='word_1_258' title='bbox 800 1961 849 2015; x_wconf 90' lang='lat' dir='ltr'><strong>si</strong></span> <span class='ocrx_word' id='word_1_259' title='bbox 901 1978 992 2016; x_wconf 92' lang='lat' dir='ltr'><strong>me</strong></span> <span class='ocrx_word' id='word_1_260' title='bbox 1041 1980 1155 2017; x_wconf 90' lang='lat' dir='ltr'><strong>non</strong></span> <span class='ocrx_word' id='word_1_261' title='bbox 1207 1963 1455 2018; x_wconf 89' lang='lat' dir='ltr'><strong>stultum</strong></span> <span class='ocrx_word' id='word_1_262' title='bbox 1504 1968 1694 2035; x_wconf 89' lang='lat' dir='ltr'><strong>putas,</strong></span> <span class='ocrx_word' id='word_1_263' title='bbox 1747 1965 1923 2019; x_wconf 88' lang='lat' dir='ltr'><strong>debes</strong></span> 
     </span>
    </p>
   </div>
   <div class='ocr_carea' id='block_1_36' title="bbox 280 2052 1921 2123">
    <p class='ocr_par' dir='ltr' id='par_1_36' title="bbox 280 2052 1921 2123">
     <span class='ocr_line' id='line_1_36' title="bbox 280 2052 1921 2123; baseline 0.001 -18"><span class='ocrx_word' id='word_1_264' title='bbox 280 2052 594 2115; x_wconf 81' lang='lat' dir='ltr'><strong>conﬁdere,</strong></span> <span class='ocrx_word' id='word_1_265' title='bbox 625 2066 714 2105; x_wconf 89' lang='lat' dir='ltr'><strong>me</strong></span> <span class='ocrx_word' id='word_1_266' title='bbox 745 2056 949 2105; x_wconf 89' lang='lat' dir='ltr'><strong>contra</strong></span> <span class='ocrx_word' id='word_1_267' title='bbox 989 2052 1247 2107; x_wconf 86' lang='lat' dir='ltr'><strong>rationes</strong></span> <span class='ocrx_word' id='word_1_268' title='bbox 1293 2053 1577 2123; x_wconf 88' lang='lat' dir='ltr'><strong>preprias,</strong></span> <span class='ocrx_word' id='word_1_269' title='bbox 1610 2070 1742 2107; x_wconf 90' lang='lat' dir='ltr'><strong>cum</strong></span> <span class='ocrx_word' id='word_1_270' title='bbox 1801 2070 1921 2107; x_wconf 87' lang='lat' dir='ltr'><strong>ma-</strong></span> 
     </span>
    </p>
   </div>
   <div class='ocr_carea' id='block_1_37' title="bbox 279 2140 1924 2209">
    <p class='ocr_par' dir='ltr' id='par_1_37' title="bbox 279 2140 1924 2209">
     <span class='ocr_line' id='line_1_37' title="bbox 279 2140 1924 2209; baseline 0.003 -17"><span class='ocrx_word' id='word_1_271' title='bbox 279 2155 391 2209; x_wconf 86' lang='lat' dir='ltr'><strong>gno</strong></span> <span class='ocrx_word' id='word_1_272' title='bbox 426 2156 554 2193; x_wconf 82' lang='lat' dir='ltr'><strong>meo</strong></span> <span class='ocrx_word' id='word_1_273' title='bbox 590 2140 803 2194; x_wconf 85' lang='lat' dir='ltr'><strong>damno</strong></span> <span class='ocrx_word' id='word_1_274' title='bbox 856 2158 967 2194; x_wconf 89' lang='lat' dir='ltr'><strong>non</strong></span> <span class='ocrx_word' id='word_1_275' title='bbox 1023 2142 1334 2197; x_wconf 87' lang='lat' dir='ltr'><strong>facturum.</strong></span> <span class='ocrx_word' id='word_1_276' title='bbox 1386 2144 1573 2196; x_wconf 86' lang='lat' dir='ltr'><strong>Facile</strong></span> <span class='ocrx_word' id='word_1_277' title='bbox 1633 2142 1773 2196; x_wconf 90' lang='lat' dir='ltr'><strong>mihi</strong></span> <span class='ocrx_word' id='word_1_278' title='bbox 1835 2147 1924 2197; x_wconf 88' lang='lat' dir='ltr'><strong>est</strong></span> 
     </span>
    </p>
   </div>
   <div class='ocr_carea' id='block_1_38' title="bbox 279 2228 1920 2302">
    <p class='ocr_par' dir='ltr' id='par_1_38' title="bbox 279 2228 1920 2302">
     <span class='ocr_line' id='line_1_38' title="bbox 279 2228 1920 2302; baseline 0.001 -17"><span class='ocrx_word' id='word_1_279' title='bbox 279 2230 416 2286; x_wconf 88' lang='lat' dir='ltr'><strong>alibi</strong></span> <span class='ocrx_word' id='word_1_280' title='bbox 448 2228 699 2300; x_wconf 89' lang='lat' dir='ltr'><strong>reperire</strong></span> <span class='ocrx_word' id='word_1_281' title='bbox 731 2230 883 2299; x_wconf 80' lang='lat' dir='ltr'><strong>quod</strong></span> <span class='ocrx_word' id='word_1_282' title='bbox 919 2230 1157 2284; x_wconf 87' lang='lat' dir='ltr'><strong>suavius</strong></span> <span class='ocrx_word' id='word_1_283' title='bbox 1190 2230 1363 2285; x_wconf 87' lang='lat' dir='ltr'><strong>etiam</strong></span> <span class='ocrx_word' id='word_1_284' title='bbox 1399 2234 1701 2286; x_wconf 88' lang='lat' dir='ltr'><strong>comedam</strong></span> <span class='ocrx_word' id='word_1_285' title='bbox 1740 2249 1920 2302; x_wconf 86' lang='lat' dir='ltr'><strong>quam</strong></span> 
     </span>
    </p>
   </div>
   <div class='ocr_carea' id='block_1_39' title="bbox 275 2326 1922 2400">
    <p class='ocr_par' dir='ltr' id='par_1_39' title="bbox 275 2326 1922 2400">
     <span class='ocr_line' id='line_1_39' title="bbox 275 2326 1922 2400; baseline -0.001 -17"><span class='ocrx_word' id='word_1_286' title='bbox 275 2333 352 2393; x_wconf 87' lang='lat' dir='ltr'><strong>te,</strong></span> <span class='ocrx_word' id='word_1_287' title='bbox 386 2328 641 2383; x_wconf 81' lang='lat' dir='ltr'><strong>amicum</strong></span> <span class='ocrx_word' id='word_1_288' title='bbox 702 2328 780 2381; x_wconf 87' lang='lat' dir='ltr'><strong>ita</strong></span> <span class='ocrx_word' id='word_1_289' title='bbox 839 2327 1092 2395; x_wconf 84' lang='lat' dir='ltr'><strong>ﬁdelem,</strong></span> <span class='ocrx_word' id='word_1_290' title='bbox 1142 2331 1223 2381; x_wconf 89' lang='lat' dir='ltr'><strong>ita</strong></span> <span class='ocrx_word' id='word_1_291' title='bbox 1283 2330 1663 2398; x_wconf 86' lang='lat' dir='ltr'><strong>industrium,</strong></span> <span class='ocrx_word' id='word_1_292' title='bbox 1717 2330 1814 2400; x_wconf 88' lang='lat' dir='ltr'><strong>qui</strong></span> <span class='ocrx_word' id='word_1_293' title='bbox 1870 2326 1922 2384; x_wconf 89' lang='lat' dir='ltr'><strong>si</strong></span> 
     </span>
    </p>
   </div>
   <div class='ocr_carea' id='block_1_40' title="bbox 277 2416 1921 2488">
    <p class='ocr_par' dir='ltr' id='par_1_40' title="bbox 277 2416 1921 2488">
     <span class='ocr_line' id='line_1_40' title="bbox 277 2416 1921 2488; baseline 0.002 -17"><span class='ocrx_word' id='word_1_294' title='bbox 277 2418 510 2488; x_wconf 87' lang='lat' dir='ltr'><strong>quando</strong></span> <span class='ocrx_word' id='word_1_295' title='bbox 543 2416 599 2470; x_wconf 93' lang='lat' dir='ltr'><strong>in</strong></span> <span class='ocrx_word' id='word_1_296' title='bbox 635 2416 874 2487; x_wconf 87' lang='lat' dir='ltr'><strong>laqueos</strong></span> <span class='ocrx_word' id='word_1_297' title='bbox 906 2416 1186 2481; x_wconf 87' lang='lat' dir='ltr'><strong>incidam,</strong></span> <span class='ocrx_word' id='word_1_298' title='bbox 1219 2422 1276 2471; x_wconf 91' lang='lat' dir='ltr'><strong>et</strong></span> <span class='ocrx_word' id='word_1_299' title='bbox 1307 2419 1494 2488; x_wconf 85' lang='lat' dir='ltr'><strong>possit</strong></span> <span class='ocrx_word' id='word_1_300' title='bbox 1533 2423 1589 2473; x_wconf 88' lang='lat' dir='ltr'><strong>et</strong></span> <span class='ocrx_word' id='word_1_301' title='bbox 1634 2418 1770 2473; x_wconf 88' lang='lat' dir='ltr'><strong>velit</strong></span> <span class='ocrx_word' id='word_1_302' title='bbox 1820 2437 1921 2474; x_wconf 91' lang='lat' dir='ltr'><strong>eos</strong></span> 
     </span>
    </p>
   </div>
   <div class='ocr_carea' id='block_1_41' title="bbox 275 2506 1918 2577">
    <p class='ocr_par' dir='ltr' id='par_1_41' title="bbox 275 2506 1918 2577">
     <span class='ocr_line' id='line_1_41' title="bbox 275 2506 1918 2577; baseline 0.002 -16"><span class='ocrx_word' id='word_1_303' title='bbox 275 2508 562 2577; x_wconf 80' lang='lat' dir='ltr'><strong>frangere,</strong></span> <span class='ocrx_word' id='word_1_304' title='bbox 612 2523 902 2575; x_wconf 82' lang='lat' dir='ltr'><strong>nusquam</strong></span> <span class='ocrx_word' id='word_1_305' title='bbox 962 2506 1279 2575; x_wconf 88' lang='lat' dir='ltr'><strong>inveniam,</strong></span> <span class='ocrx_word' id='word_1_306' title='bbox 1322 2512 1378 2560; x_wconf 91' lang='lat' dir='ltr'><strong>te</strong></span> <span class='ocrx_word' id='word_1_307' title='bbox 1428 2508 1670 2577; x_wconf 85' lang='lat' dir='ltr'><strong>perdito.</strong></span> <span class='ocrx_word' id='word_1_308' title='bbox 1723 2509 1918 2564; x_wconf 87' lang='lat' dir='ltr'><strong>Sentis</strong></span> 
     </span>
    </p>
   </div>
   <div class='ocr_carea' id='block_1_42' title="bbox 272 2597 1919 2668">
    <p class='ocr_par' dir='ltr' id='par_1_42' title="bbox 272 2597 1919 2668">
     <span class='ocr_line' id='line_1_42' title="bbox 272 2597 1919 2668; baseline 0.003 -19"><span class='ocrx_word' id='word_1_309' title='bbox 272 2598 529 2667; x_wconf 87' lang='lat' dir='ltr'><strong>profecto</strong></span> <span class='ocrx_word' id='word_1_310' title='bbox 562 2613 737 2668; x_wconf 89' lang='lat' dir='ltr'><strong>quam</strong></span> <span class='ocrx_word' id='word_1_311' title='bbox 772 2612 1015 2650; x_wconf 91' lang='lat' dir='ltr'><strong>securus</strong></span> <span class='ocrx_word' id='word_1_312' title='bbox 1046 2612 1174 2649; x_wconf 87' lang='lat' dir='ltr'><strong>esse</strong></span> <span class='ocrx_word' id='word_1_313' title='bbox 1206 2597 1420 2650; x_wconf 87' lang='lat' dir='ltr'><strong>debeas</strong></span> <span class='ocrx_word' id='word_1_314' title='bbox 1454 2597 1692 2667; x_wconf 90' lang='lat' dir='ltr'><strong>periculi</strong></span> <span class='ocrx_word' id='word_1_315' title='bbox 1726 2598 1919 2667; x_wconf 85' lang='lat' dir='ltr'><strong>cujus-</strong></span> 
     </span>
    </p>
   </div>
   <div class='ocr_carea' id='block_1_43' title="bbox 272 2684 1915 2757">
    <p class='ocr_par' dir='ltr' id='par_1_43' title="bbox 272 2684 1915 2757">
     <span class='ocr_line' id='line_1_43' title="bbox 272 2684 1915 2757; baseline 0.001 -18"><span class='ocrx_word' id='word_1_316' title='bbox 272 2686 359 2740; x_wconf 87' lang='lat' dir='ltr'><strong>vis</strong></span> <span class='ocrx_word' id='word_1_317' title='bbox 391 2686 784 2756; x_wconf 82' lang='lat' dir='ltr'><strong>impendentis</strong></span> <span class='ocrx_word' id='word_1_318' title='bbox 817 2702 849 2738; x_wconf 91' lang='lat' dir='ltr'><strong>a</strong></span> <span class='ocrx_word' id='word_1_319' title='bbox 882 2702 993 2751; x_wconf 88' lang='lat' dir='ltr'><strong>me,</strong></span> <span class='ocrx_word' id='word_1_320' title='bbox 1027 2685 1119 2739; x_wconf 92' lang='lat' dir='ltr'><strong>cui</strong></span> <span class='ocrx_word' id='word_1_321' title='bbox 1155 2684 1307 2738; x_wconf 88' lang='lat' dir='ltr'><strong>haud</strong></span> <span class='ocrx_word' id='word_1_322' title='bbox 1346 2686 1461 2739; x_wconf 87' lang='lat' dir='ltr'><strong>fere</strong></span> <span class='ocrx_word' id='word_1_323' title='bbox 1495 2685 1690 2740; x_wconf 91' lang='lat' dir='ltr'><strong>minus</strong></span> <span class='ocrx_word' id='word_1_324' title='bbox 1740 2704 1915 2757; x_wconf 86' lang='lat' dir='ltr'><strong>quam</strong></span> 
     </span>
    </p>
   </div>
   <div class='ocr_carea' id='block_1_44' title="bbox 274 2772 1917 2847">
    <p class='ocr_par' dir='ltr' id='par_1_44' title="bbox 274 2772 1917 2847">
     <span class='ocr_line' id='line_1_44' title="bbox 274 2772 1917 2847; baseline -0.001 -17"><span class='ocrx_word' id='word_1_325' title='bbox 274 2777 387 2847; x_wconf 91' lang='lat' dir='ltr'><strong>ipsi</strong></span> <span class='ocrx_word' id='word_1_326' title='bbox 420 2776 524 2829; x_wconf 87' lang='lat' dir='ltr'><strong>tibi</strong></span> <span class='ocrx_word' id='word_1_327' title='bbox 558 2776 823 2844; x_wconf 85' lang='lat' dir='ltr'><strong>expediat</strong></span> <span class='ocrx_word' id='word_1_328' title='bbox 852 2774 1081 2829; x_wconf 89' lang='lat' dir='ltr'><strong>salvum</strong></span> <span class='ocrx_word' id='word_1_329' title='bbox 1114 2779 1170 2828; x_wconf 89' lang='lat' dir='ltr'><strong>te</strong></span> <span class='ocrx_word' id='word_1_330' title='bbox 1202 2790 1265 2828; x_wconf 89' lang='lat' dir='ltr'><strong>ac</strong></span> <span class='ocrx_word' id='word_1_331' title='bbox 1301 2772 1525 2827; x_wconf 85' lang='lat' dir='ltr'><strong>felicem</strong></span> <span class='ocrx_word' id='word_1_332' title='bbox 1559 2791 1733 2844; x_wconf 82' lang='lat' dir='ltr'><strong>quam</strong></span> <span class='ocrx_word' id='word_1_333' title='bbox 1785 2776 1917 2830; x_wconf 89' lang='lat' dir='ltr'><strong>diu-</strong></span> 
     </span>
    </p>
   </div>
   <div class='ocr_carea' id='block_1_45' title="bbox 273 2862 1918 2933">
    <p class='ocr_par' dir='ltr' id='par_1_45' title="bbox 273 2862 1918 2933">
     <span class='ocr_line' id='line_1_45' title="bbox 273 2862 1918 2933; baseline 0.001 -14"><span class='ocrx_word' id='word_1_334' title='bbox 273 2865 505 2920; x_wconf 88' lang='lat' dir='ltr'><strong>tissime</strong></span> <span class='ocrx_word' id='word_1_335' title='bbox 547 2864 750 2919; x_wconf 87' lang='lat' dir='ltr'><strong>vivere.</strong></span> <span class='ocrx_word' id='word_1_336' title='bbox 810 2863 971 2918; x_wconf 86' lang='lat' dir='ltr'><strong>Mitte</strong></span> <span class='ocrx_word' id='word_1_337' title='bbox 1020 2864 1200 2933; x_wconf 87' lang='lat' dir='ltr'><strong>igitur</strong></span> <span class='ocrx_word' id='word_1_338' title='bbox 1248 2862 1610 2933; x_wconf 80' lang='lat' dir='ltr'><strong>suspiciones</strong></span> <span class='ocrx_word' id='word_1_339' title='bbox 1660 2864 1824 2929; x_wconf 89' lang='lat' dir='ltr'><strong>istas,</strong></span> <span class='ocrx_word' id='word_1_340' title='bbox 1860 2870 1918 2920; x_wconf 90' lang='lat' dir='ltr'><strong>et</strong></span> 
     </span>
    </p>
   </div>
   <div class='ocr_carea' id='block_1_46' title="bbox 276 2952 1918 3023">
    <p class='ocr_par' dir='ltr' id='par_1_46' title="bbox 276 2952 1918 3023">
     <span class='ocr_line' id='line_1_46' title="bbox 276 2952 1918 3023; baseline 0.001 -15"><span class='ocrx_word' id='word_1_341' title='bbox 276 2954 421 3009; x_wconf 87' lang='lat' dir='ltr'><strong>mihi</strong></span> <span class='ocrx_word' id='word_1_342' title='bbox 455 2956 606 3008; x_wconf 90' lang='lat' dir='ltr'><strong>bona</strong></span> <span class='ocrx_word' id='word_1_343' title='bbox 640 2954 750 3007; x_wconf 79' lang='lat' dir='ltr'><strong>fide</strong></span> <span class='ocrx_word' id='word_1_344' title='bbox 781 2954 867 3007; x_wconf 84' lang='lat' dir='ltr'><strong>fac</strong></span> <span class='ocrx_word' id='word_1_345' title='bbox 896 2952 1123 3023; x_wconf 88' lang='lat' dir='ltr'><strong>copiam</strong></span> <span class='ocrx_word' id='word_1_346' title='bbox 1158 2952 1424 3006; x_wconf 62' lang='lat' dir='ltr'><strong>amicitiae</strong></span> <span class='ocrx_word' id='word_1_347' title='bbox 1451 2956 1581 3021; x_wconf 68' lang='lat' dir='ltr'><strong>tuae,</strong></span> <span class='ocrx_word' id='word_1_348' title='bbox 1616 2953 1783 3021; x_wconf 88' lang='lat' dir='ltr'><strong>cujus</strong></span> <span class='ocrx_word' id='word_1_349' title='bbox 1826 2970 1918 3009; x_wconf 89' lang='lat' dir='ltr'><strong>me</strong></span> 
     </span>
    </p>
   </div>
   <div class='ocr_carea' id='block_1_47' title="bbox 272 3040 1918 3114">
    <p class='ocr_par' dir='ltr' id='par_1_47' title="bbox 272 3040 1918 3114">
     <span class='ocr_line' id='line_1_47' title="bbox 272 3040 1918 3114; baseline 0.001 -16"><span class='ocrx_word' id='word_1_350' title='bbox 272 3044 498 3099; x_wconf 89' lang='lat' dir='ltr'><strong>dudum</strong></span> <span class='ocrx_word' id='word_1_351' title='bbox 530 3042 822 3114; x_wconf 86' lang='lat' dir='ltr'><strong>cupiditas</strong></span> <span class='ocrx_word' id='word_1_352' title='bbox 874 3042 1134 3097; x_wconf 81' lang='lat' dir='ltr'><strong>incessit.</strong></span> <span class='ocrx_word' id='word_1_353' title='bbox 1188 3040 1330 3095; x_wconf 91' lang='lat' dir='ltr'><strong>Nolo</strong></span> <span class='ocrx_word' id='word_1_354' title='bbox 1379 3040 1533 3096; x_wconf 90' lang='lat' dir='ltr'><strong>enim</strong></span> <span class='ocrx_word' id='word_1_355' title='bbox 1582 3042 1918 3099; x_wconf 86' lang='lat' dir='ltr'><strong>existimare</strong></span> 
     </span>
    </p>
   </div>
   <div class='ocr_carea' id='block_1_48' title="bbox 266 3130 1913 3201">
    <p class='ocr_par' dir='ltr' id='par_1_48' title="bbox 266 3130 1913 3201">
     <span class='ocr_line' id='line_1_48' title="bbox 266 3130 1913 3201; baseline -0.002 -13"><span class='ocrx_word' id='word_1_356' title='bbox 266 3138 325 3189; x_wconf 88' lang='lat' dir='ltr'><strong>te</strong></span> <span class='ocrx_word' id='word_1_357' title='bbox 380 3132 657 3187; x_wconf 88' lang='lat' dir='ltr'><strong>hodierno</strong></span> <span class='ocrx_word' id='word_1_358' title='bbox 700 3132 810 3185; x_wconf 89' lang='lat' dir='ltr'><strong>isto</strong></span> <span class='ocrx_word' id='word_1_359' title='bbox 842 3130 1239 3201; x_wconf 89' lang='lat' dir='ltr'><strong>experimento</strong></span> <span class='ocrx_word' id='word_1_360' title='bbox 1270 3130 1445 3184; x_wconf 82' lang='lat' dir='ltr'><strong>officii</strong></span> <span class='ocrx_word' id='word_1_361' title='bbox 1478 3134 1591 3184; x_wconf 89' lang='lat' dir='ltr'><strong>ate</strong></span> <span class='ocrx_word' id='word_1_362' title='bbox 1623 3130 1913 3185; x_wconf 83' lang='lat' dir='ltr'><strong>columbis</strong></span> 
     </span>
    </p>
   </div>
   <div class='ocr_carea' id='block_1_49' title="bbox 265 3220 1910 3291">
    <p class='ocr_par' dir='ltr' id='par_1_49' title="bbox 265 3220 1910 3291">
     <span class='ocr_line' id='line_1_49' title="bbox 265 3220 1910 3291; baseline -0.003 -13"><span class='ocrx_word' id='word_1_363' title='bbox 265 3223 531 3285; x_wconf 81' lang='lat' dir='ltr'><strong>exliibiti,</strong></span> <span class='ocrx_word' id='word_1_364' title='bbox 567 3220 815 3291; x_wconf 87' lang='lat' dir='ltr'><strong>primam</strong></span> <span class='ocrx_word' id='word_1_365' title='bbox 851 3220 991 3274; x_wconf 90' lang='lat' dir='ltr'><strong>mihi</strong></span> <span class='ocrx_word' id='word_1_366' title='bbox 1025 3220 1258 3273; x_wconf 90' lang='lat' dir='ltr'><strong>virtutis</strong></span> <span class='ocrx_word' id='word_1_367' title='bbox 1290 3225 1403 3273; x_wconf 71' lang='lat' dir='ltr'><strong>tua:</strong></span> <span class='ocrx_word' id='word_1_368' title='bbox 1437 3220 1699 3274; x_wconf 87' lang='lat' dir='ltr'><strong>notitiam</strong></span> <span class='ocrx_word' id='word_1_369' title='bbox 1748 3220 1910 3274; x_wconf 81' lang='lat' dir='ltr'><strong>obla-</strong></span> 
     </span>
    </p>
   </div>
   <div class='ocr_carea' id='block_1_50' title="bbox 262 3308 1906 3381">
    <p class='ocr_par' dir='ltr' id='par_1_50' title="bbox 262 3308 1906 3381">
     <span class='ocr_line' id='line_1_50' title="bbox 262 3308 1906 3381; baseline -0.002 -14"><span class='ocrx_word' id='word_1_370' title='bbox 262 3319 383 3367; x_wconf 84' lang='lat' dir='ltr'><strong>tam</strong></span> <span class='ocrx_word' id='word_1_371' title='bbox 420 3309 807 3381; x_wconf 84' lang='lat' dir='ltr'><strong>:jampridern</strong></span> <span class='ocrx_word' id='word_1_372' title='bbox 842 3310 911 3362; x_wconf 88' lang='lat' dir='ltr'><strong>de</strong></span> <span class='ocrx_word' id='word_1_373' title='bbox 947 3314 1047 3362; x_wconf 83' lang='lat' dir='ltr'><strong>tua</strong></span> <span class='ocrx_word' id='word_1_374' title='bbox 1086 3308 1451 3363; x_wconf 89' lang='lat' dir='ltr'><strong>humanitate</strong></span> <span class='ocrx_word' id='word_1_375' title='bbox 1500 3325 1906 3378; x_wconf 84' lang='lat' dir='ltr'><strong>cognoveram,</strong></span> 
     </span>
    </p>
   </div>
   <div class='ocr_carea' id='block_1_51' title="bbox 258 3404 1905 3478">
    <p class='ocr_par' dir='ltr' id='par_1_51' title="bbox 258 3404 1905 3478">
     <span class='ocr_line' id='line_1_51' title="bbox 258 3404 1905 3478; baseline -0.002 -13"><span class='ocrx_word' id='word_1_376' title='bbox 258 3411 437 3465; x_wconf 85' lang='lat' dir='ltr'><strong>odore</strong></span> <span class='ocrx_word' id='word_1_377' title='bbox 469 3408 721 3478; x_wconf 87' lang='lat' dir='ltr'><strong>quodam</strong></span> <span class='ocrx_word' id='word_1_378' title='bbox 755 3407 883 3476; x_wconf 86' lang='lat' dir='ltr'><strong>ejus</strong></span> <span class='ocrx_word' id='word_1_379' title='bbox 915 3406 1028 3460; x_wconf 89' lang='lat' dir='ltr'><strong>late</strong></span> <span class='ocrx_word' id='word_1_380' title='bbox 1060 3422 1119 3459; x_wconf 89' lang='lat' dir='ltr'><strong>se</strong></span> <span class='ocrx_word' id='word_1_381' title='bbox 1162 3404 1443 3459; x_wconf 88' lang='lat' dir='ltr'><strong>fundente</strong></span> <span class='ocrx_word' id='word_1_382' title='bbox 1491 3407 1702 3478; x_wconf 90' lang='lat' dir='ltr'><strong>suique</strong></span> <span class='ocrx_word' id='word_1_383' title='bbox 1755 3406 1905 3461; x_wconf 74' lang='lat' dir='ltr'><strong>indi-</strong></span> 
     </span>
    </p>
   </div>
   <div class='ocr_carea' id='block_1_52' title="bbox 256 3494 1904 3569">
    <p class='ocr_par' dir='ltr' id='par_1_52' title="bbox 256 3494 1904 3569">
     <span class='ocr_line' id='line_1_52' title="bbox 256 3494 1904 3569; baseline -0.003 -16"><span class='ocrx_word' id='word_1_384' title='bbox 256 3499 415 3554; x_wconf 90' lang='lat' dir='ltr'><strong>cium</strong></span> <span class='ocrx_word' id='word_1_385' title='bbox 448 3494 1015 3569; x_wconf 80' lang='lat' dir='ltr'><strong>spargente.Similis</strong></span> <span class='ocrx_word' id='word_1_386' title='bbox 1047 3494 1197 3549; x_wconf 90' lang='lat' dir='ltr'><strong>enim</strong></span> <span class='ocrx_word' id='word_1_387' title='bbox 1231 3494 1487 3549; x_wconf 74' lang='lat' dir='ltr'><strong>charitas</strong></span> <span class='ocrx_word' id='word_1_388' title='bbox 1522 3494 1763 3549; x_wconf 90' lang='lat' dir='ltr'><strong>moscho</strong></span> <span class='ocrx_word' id='word_1_389' title='bbox 1797 3500 1904 3563; x_wconf 89' lang='lat' dir='ltr'><strong>est,</strong></span> 
     </span>
    </p>
   </div>
   <div class='ocr_carea' id='block_1_53' title="bbox 256 3583 1909 3652">
    <p class='ocr_par' dir='ltr' id='par_1_53' title="bbox 256 3583 1909 3652">
     <span class='ocr_line' id='line_1_53' title="bbox 256 3583 1909 3652; baseline -0.003 -8"><span class='ocrx_word' id='word_1_390' title='bbox 256 3588 508 3644; x_wconf 87' lang='lat' dir='ltr'><strong>aromati</strong></span> <span class='ocrx_word' id='word_1_391' title='bbox 575 3585 927 3641; x_wconf 88' lang='lat' dir='ltr'><strong>suavissime</strong></span> <span class='ocrx_word' id='word_1_392' title='bbox 987 3583 1292 3652; x_wconf 88' lang='lat' dir='ltr'><strong>fragranti,</strong></span> <span class='ocrx_word' id='word_1_393' title='bbox 1354 3584 1525 3652; x_wconf 90' lang='lat' dir='ltr'><strong>cujus</strong></span> <span class='ocrx_word' id='word_1_394' title='bbox 1578 3583 1712 3637; x_wconf 90' lang='lat' dir='ltr'><strong>sinu</strong></span> <span class='ocrx_word' id='word_1_395' title='bbox 1774 3584 1909 3639; x_wconf 88' lang='lat' dir='ltr'><strong>licet</strong></span> 
     </span>
    </p>
   </div>
   <div class='ocr_carea' id='block_1_54' title="bbox 254 3671 1906 3745">
    <p class='ocr_par' dir='ltr' id='par_1_54' title="bbox 254 3671 1906 3745">
     <span class='ocr_line' id='line_1_54' title="bbox 254 3671 1906 3745; baseline -0.002 -15"><span class='ocrx_word' id='word_1_396' title='bbox 254 3677 498 3740; x_wconf 89' lang='lat' dir='ltr'><strong>conditi,</strong></span> <span class='ocrx_word' id='word_1_397' title='bbox 532 3692 674 3729; x_wconf 84' lang='lat' dir='ltr'><strong>aura</strong></span> <span class='ocrx_word' id='word_1_398' title='bbox 723 3674 985 3745; x_wconf 61' lang='lat' dir='ltr'><strong>quaedam</strong></span> <span class='ocrx_word' id='word_1_399' title='bbox 1036 3671 1378 3727; x_wconf 90' lang='lat' dir='ltr'><strong>illecebrosa</strong></span> <span class='ocrx_word' id='word_1_400' title='bbox 1403 3672 1730 3738; x_wconf 85' lang='lat' dir='ltr'><strong>exspirans,</strong></span> <span class='ocrx_word' id='word_1_401' title='bbox 1765 3690 1906 3726; x_wconf 87' lang='lat' dir='ltr'><strong>cun-</strong></span> 
     </span>
    </p>
   </div>
   <div class='ocr_carea' id='block_1_55' title="bbox 256 3759 1904 3827">
    <p class='ocr_par' dir='ltr' id='par_1_55' title="bbox 256 3759 1904 3827">
     <span class='ocr_line' id='line_1_55' title="bbox 256 3759 1904 3827; baseline -0.005 -7"><span class='ocrx_word' id='word_1_402' title='bbox 256 3772 388 3820; x_wconf 89' lang='lat' dir='ltr'><strong>ctos</strong></span> <span class='ocrx_word' id='word_1_403' title='bbox 432 3770 488 3818; x_wconf 87' lang='lat' dir='ltr'><strong>et</strong></span> <span class='ocrx_word' id='word_1_404' title='bbox 535 3763 713 3817; x_wconf 76' lang='lat' dir='ltr'><strong>afficit</strong></span> <span class='ocrx_word' id='word_1_405' title='bbox 761 3768 817 3816; x_wconf 90' lang='lat' dir='ltr'><strong>et</strong></span> <span class='ocrx_word' id='word_1_406' title='bbox 850 3762 1057 3816; x_wconf 89' lang='lat' dir='ltr'><strong>allicit.</strong></span> <span class='ocrx_word' id='word_1_407' title='bbox 1098 3761 1391 3816; x_wconf 85' lang='lat' dir='ltr'><strong>Adversus</strong></span> <span class='ocrx_word' id='word_1_408' title='bbox 1417 3759 1539 3814; x_wconf 68' lang='lat' dir='ltr'><strong>haec</strong></span> <span class='ocrx_word' id='word_1_409' title='bbox 1573 3776 1724 3827; x_wconf 90' lang='lat' dir='ltr'><strong>mus,</strong></span> <span class='ocrx_word' id='word_1_410' title='bbox 1760 3777 1904 3813; x_wconf 89' lang='lat' dir='ltr'><strong>non-</strong></span> 
     </span>
    </p>
   </div>
   <div class='ocr_carea' id='block_1_56' title="bbox 259 3848 1903 3924">
    <p class='ocr_par' dir='ltr' id='par_1_56' title="bbox 259 3848 1903 3924">
     <span class='ocr_line' id='line_1_56' title="bbox 259 3848 1903 3924; baseline -0.003 -16"><span class='ocrx_word' id='word_1_411' title='bbox 259 3856 402 3908; x_wconf 85' lang='lat' dir='ltr'><strong>dum</strong></span> <span class='ocrx_word' id='word_1_412' title='bbox 440 3853 608 3924; x_wconf 86' lang='lat' dir='ltr'><strong>plane</strong></span> <span class='ocrx_word' id='word_1_413' title='bbox 642 3868 982 3923; x_wconf 87' lang='lat' dir='ltr'><strong>persuasus,</strong></span> <span class='ocrx_word' id='word_1_414' title='bbox 1033 3851 1294 3920; x_wconf 82' lang='lat' dir='ltr'><strong>excipere</strong></span> <span class='ocrx_word' id='word_1_415' title='bbox 1345 3849 1597 3920; x_wconf 80' lang='lat' dir='ltr'><strong>perrexit</strong></span> <span class='ocrx_word' id='word_1_416' title='bbox 1640 3848 1696 3901; x_wconf 93' lang='lat' dir='ltr'><strong>in</strong></span> <span class='ocrx_word' id='word_1_417' title='bbox 1748 3849 1903 3903; x_wconf 91' lang='lat' dir='ltr'><strong>hunc</strong></span> 
     </span>
    </p>
   </div>
   <div class='ocr_carea' id='block_1_57' title="bbox 258 3937 1903 4012">
    <p class='ocr_par' dir='ltr' id='par_1_57' title="bbox 258 3937 1903 4012">
     <span class='ocr_line' id='line_1_57' title="bbox 258 3937 1903 4012; baseline -0.004 -14"><span class='ocrx_word' id='word_1_418' title='bbox 258 3946 505 3998; x_wconf 92' lang='lat' dir='ltr'><strong>modum</strong></span> <span class='ocrx_word' id='word_1_419' title='bbox 540 3959 553 3997; x_wconf 85' lang='lat'><strong>:</strong></span> <span class='ocrx_word' id='word_1_420' title='bbox 588 3942 799 4012; x_wconf 87' lang='lat' dir='ltr'><strong>Magna</strong></span> <span class='ocrx_word' id='word_1_421' title='bbox 826 3941 914 3994; x_wconf 88' lang='lat' dir='ltr'><strong>vis</strong></span> <span class='ocrx_word' id='word_1_422' title='bbox 945 3942 1034 3994; x_wconf 89' lang='lat' dir='ltr'><strong>est</strong></span> <span class='ocrx_word' id='word_1_423' title='bbox 1062 3937 1347 3993; x_wconf 85' lang='lat' dir='ltr'><strong>naturalis</strong></span> <span class='ocrx_word' id='word_1_424' title='bbox 1388 3938 1528 4002; x_wconf 91' lang='lat' dir='ltr'><strong>odii,</strong></span> <span class='ocrx_word' id='word_1_425' title='bbox 1580 3938 1747 4007; x_wconf 86' lang='lat' dir='ltr'><strong>cujus</strong></span> <span class='ocrx_word' id='word_1_426' title='bbox 1797 3938 1903 3992; x_wconf 72' lang='lat' dir='ltr'><strong>du~</strong></span> 
     </span>
    </p>
   </div>
   <div class='ocr_carea' id='block_1_58' title="bbox 259 4026 1903 4106">
    <p class='ocr_par' dir='ltr' id='par_1_58' title="bbox 259 4026 1903 4106">
     <span class='ocr_line' id='line_1_58' title="bbox 259 4026 1903 4106; baseline -0.004 -19"><span class='ocrx_word' id='word_1_427' title='bbox 259 4033 473 4106; x_wconf 91' lang='lat' dir='ltr'><strong>plicem</strong></span> <span class='ocrx_word' id='word_1_428' title='bbox 531 4030 699 4086; x_wconf 89' lang='lat' dir='ltr'><strong>video</strong></span> <span class='ocrx_word' id='word_1_429' title='bbox 758 4028 1011 4100; x_wconf 91' lang='lat' dir='ltr'><strong>speciem</strong></span> <span class='ocrx_word' id='word_1_430' title='bbox 1065 4045 1077 4082; x_wconf 92' lang='lat'>:</span> <span class='ocrx_word' id='word_1_431' title='bbox 1130 4026 1407 4093; x_wconf 86' lang='lat' dir='ltr'><strong>alteram;</strong></span> <span class='ocrx_word' id='word_1_432' title='bbox 1455 4043 1582 4096; x_wconf 70' lang='lat' dir='ltr'><strong>quae</strong></span> <span class='ocrx_word' id='word_1_433' title='bbox 1642 4026 1903 4081; x_wconf 86' lang='lat' dir='ltr'><strong>infensos</strong></span> 
     </span>
    </p>
   </div>
   <div class='ocr_carea' id='block_1_59' title="bbox 254 4114 1902 4186">
    <p class='ocr_par' dir='ltr' id='par_1_59' title="bbox 254 4114 1902 4186">
     <span class='ocr_line' id='line_1_59' title="bbox 254 4114 1902 4186; baseline -0.005 -9"><span class='ocrx_word' id='word_1_434' title='bbox 254 4120 503 4177; x_wconf 75' lang='lat' dir='ltr'><strong>remulos</strong></span> <span class='ocrx_word' id='word_1_435' title='bbox 530 4120 587 4174; x_wconf 90' lang='lat' dir='ltr'><strong>in</strong></span> <span class='ocrx_word' id='word_1_436' title='bbox 620 4118 944 4174; x_wconf 87' lang='lat' dir='ltr'><strong>certamina</strong></span> <span class='ocrx_word' id='word_1_437' title='bbox 966 4115 1502 4186; x_wconf 87' lang='lat' dir='ltr'><strong>committit,qualis</strong></span> <span class='ocrx_word' id='word_1_438' title='bbox 1524 4114 1902 4185; x_wconf 86' lang='lat' dir='ltr'><strong>elephantum</strong></span> 
     </span>
    </p>
   </div>
   <div class='ocr_carea' id='block_1_60' title="bbox 252 4203 1904 4275">
    <p class='ocr_par' dir='ltr' id='par_1_60' title="bbox 252 4203 1904 4275">
     <span class='ocr_line' id='line_1_60' title="bbox 252 4203 1904 4275; baseline -0.005 -9"><span class='ocrx_word' id='word_1_439' title='bbox 252 4217 311 4266; x_wconf 87' lang='lat' dir='ltr'><strong>et</strong></span> <span class='ocrx_word' id='word_1_440' title='bbox 343 4213 580 4266; x_wconf 87' lang='lat' dir='ltr'><strong>leonum</strong></span> <span class='ocrx_word' id='word_1_441' title='bbox 614 4207 922 4263; x_wconf 89' lang='lat' dir='ltr'><strong>inimicitia</strong></span> <span class='ocrx_word' id='word_1_442' title='bbox 952 4213 1058 4272; x_wconf 87' lang='lat' dir='ltr'><strong>est;</strong></span> <span class='ocrx_word' id='word_1_443' title='bbox 1088 4204 1335 4260; x_wconf 83' lang='lat' dir='ltr'><strong>alteram</strong></span> <span class='ocrx_word' id='word_1_444' title='bbox 1368 4221 1494 4275; x_wconf 66' lang='lat' dir='ltr'><strong>quae</strong></span> <span class='ocrx_word' id='word_1_445' title='bbox 1529 4203 1904 4273; x_wconf 62' lang='lat' dir='ltr'><strong>praevalentes</strong></span> 
     </span>
    </p>
   </div>
   <div class='ocr_carea' id='block_1_61' title="bbox 250 4294 1899 4364">
    <p class='ocr_par' dir='ltr' id='par_1_61' title="bbox 250 4294 1899 4364">
     <span class='ocr_line' id='line_1_61' title="bbox 250 4294 1899 4364; baseline -0.007 -7"><span class='ocrx_word' id='word_1_446' title='bbox 250 4317 389 4357; x_wconf 89' lang='lat' dir='ltr'><strong>cum</strong></span> <span class='ocrx_word' id='word_1_447' title='bbox 422 4298 694 4364; x_wconf 79' lang='lat' dir='ltr'><strong>inﬁrmis,</strong></span> <span class='ocrx_word' id='word_1_448' title='bbox 731 4297 968 4352; x_wconf 88' lang='lat' dir='ltr'><strong>timidos</strong></span> <span class='ocrx_word' id='word_1_449' title='bbox 1001 4312 1130 4350; x_wconf 90' lang='lat' dir='ltr'><strong>cum</strong></span> <span class='ocrx_word' id='word_1_450' title='bbox 1164 4294 1483 4349; x_wconf 77' lang='lat' dir='ltr'><strong>audacibus</strong></span> <span class='ocrx_word' id='word_1_451' title='bbox 1530 4309 1899 4363; x_wconf 86' lang='lat' dir='ltr'><strong>comparans,</strong></span> 
     </span>
    </p>
   </div>
   <div class='ocr_carea' id='block_1_62' title="bbox 249 4381 1900 4460">
    <p class='ocr_par' dir='ltr' id='par_1_62' title="bbox 249 4381 1900 4460">
     <span class='ocr_line' id='line_1_62' title="bbox 249 4381 1900 4460; baseline -0.005 -16"><span class='ocrx_word' id='word_1_452' title='bbox 249 4391 542 4460; x_wconf 88' lang='lat' dir='ltr'><strong>impetum</strong></span> <span class='ocrx_word' id='word_1_453' title='bbox 576 4405 643 4442; x_wconf 91' lang='lat' dir='ltr'><strong>ac</strong></span> <span class='ocrx_word' id='word_1_454' title='bbox 673 4388 787 4441; x_wconf 91' lang='lat' dir='ltr'><strong>vim</strong></span> <span class='ocrx_word' id='word_1_455' title='bbox 821 4402 1030 4440; x_wconf 62' lang='lat' dir='ltr'><strong>saevam</strong></span> <span class='ocrx_word' id='word_1_456' title='bbox 1068 4383 1407 4438; x_wconf 85' lang='lat' dir='ltr'><strong>fortioribus</strong></span> <span class='ocrx_word' id='word_1_457' title='bbox 1438 4381 1900 4454; x_wconf 88' lang='lat' dir='ltr'><strong>inspirat,imbe-</strong></span> 
     </span>
    </p>
   </div>
   <div class='ocr_carea' id='block_1_63' title="bbox 248 4471 1897 4547">
    <p class='ocr_par' dir='ltr' id='par_1_63' title="bbox 248 4471 1897 4547">
     <span class='ocr_line' id='line_1_63' title="bbox 248 4471 1897 4547; baseline -0.006 -12"><span class='ocrx_word' id='word_1_458' title='bbox 248 4478 407 4535; x_wconf 88' lang='lat' dir='ltr'><strong>cillis</strong></span> <span class='ocrx_word' id='word_1_459' title='bbox 430 4476 576 4532; x_wconf 89' lang='lat' dir='ltr'><strong>nihil</strong></span> <span class='ocrx_word' id='word_1_460' title='bbox 599 4474 1085 4547; x_wconf 76' lang='lat' dir='ltr'><strong>suggerensaliud</strong></span> <span class='ocrx_word' id='word_1_461' title='bbox 1104 4472 1217 4526; x_wconf 87' lang='lat' dir='ltr'><strong>nisi</strong></span> <span class='ocrx_word' id='word_1_462' title='bbox 1233 4471 1605 4526; x_wconf 88' lang='lat' dir='ltr'><strong>formidinem</strong></span> <span class='ocrx_word' id='word_1_463' title='bbox 1621 4488 1687 4525; x_wconf 87' lang='lat' dir='ltr'><strong>ac</strong></span> <span class='ocrx_word' id='word_1_464' title='bbox 1701 4472 1897 4541; x_wconf 85' lang='lat' dir='ltr'><strong>fugam</strong></span> 
     </span>
    </p>
   </div>
   <div class='ocr_carea' id='block_1_64' title="bbox 2036 1860 3676 1930">
    <p class='ocr_par' dir='ltr' id='par_1_64' title="bbox 2036 1860 3676 1930">
     <span class='ocr_line' id='line_1_64' title="bbox 2036 1860 3676 1930; baseline 0 -13"><span class='ocrx_word' id='word_1_465' title='bbox 2036 1863 2277 1917; x_wconf 88' lang='lat' dir='ltr'><strong>materia</strong></span> <span class='ocrx_word' id='word_1_466' title='bbox 2311 1863 2627 1930; x_wconf 90' lang='lat' dir='ltr'><strong>elaborata,</strong></span> <span class='ocrx_word' id='word_1_467' title='bbox 2665 1869 2783 1916; x_wconf 91' lang='lat' dir='ltr'><strong>tum</strong></span> <span class='ocrx_word' id='word_1_468' title='bbox 2817 1860 3183 1916; x_wconf 88' lang='lat' dir='ltr'><strong>constantius</strong></span> <span class='ocrx_word' id='word_1_469' title='bbox 3214 1862 3448 1928; x_wconf 89' lang='lat' dir='ltr'><strong>durant;</strong></span> <span class='ocrx_word' id='word_1_470' title='bbox 3470 1866 3594 1916; x_wconf 92' lang='lat' dir='ltr'><strong>tum</strong></span> <span class='ocrx_word' id='word_1_471' title='bbox 3627 1866 3676 1917; x_wconf 90' lang='lat' dir='ltr'><strong>si</strong></span> 
     </span>
    </p>
   </div>
   <div class='ocr_carea' id='block_1_65' title="bbox 2033 1950 3672 2023">
    <p class='ocr_par' dir='ltr' id='par_1_65' title="bbox 2033 1950 3672 2023">
     <span class='ocr_line' id='line_1_65' title="bbox 2033 1950 3672 2023; baseline 0 -17"><span class='ocrx_word' id='word_1_472' title='bbox 2033 1951 2170 2023; x_wconf 91' lang='lat' dir='ltr'><strong>quid</strong></span> <span class='ocrx_word' id='word_1_473' title='bbox 2207 1952 2536 2007; x_wconf 87' lang='lat' dir='ltr'><strong>detrimenti</strong></span> <span class='ocrx_word' id='word_1_474' title='bbox 2570 1951 2739 2021; x_wconf 89' lang='lat' dir='ltr'><strong>lapsu</strong></span> <span class='ocrx_word' id='word_1_475' title='bbox 2773 1955 2875 2005; x_wconf 89' lang='lat' dir='ltr'><strong>aut</strong></span> <span class='ocrx_word' id='word_1_476' title='bbox 2906 1950 3146 2004; x_wconf 88' lang='lat' dir='ltr'><strong>incursu</strong></span> <span class='ocrx_word' id='word_1_477' title='bbox 3179 1951 3529 2021; x_wconf 85' lang='lat' dir='ltr'><strong>acceperint,</strong></span> <span class='ocrx_word' id='word_1_478' title='bbox 3557 1968 3672 2006; x_wconf 89' lang='lat' dir='ltr'><strong>non</strong></span> 
     </span>
    </p>
   </div>
   <div class='ocr_carea' id='block_1_66' title="bbox 2032 2039 3672 2110">
    <p class='ocr_par' dir='ltr' id='par_1_66' title="bbox 2032 2039 3672 2110">
     <span class='ocr_line' id='line_1_66' title="bbox 2032 2039 3672 2110; baseline -0.001 -15"><span class='ocrx_word' id='word_1_479' title='bbox 2032 2042 2347 2095; x_wconf 81' lang='lat' dir='ltr'><strong>difﬁculter</strong></span> <span class='ocrx_word' id='word_1_480' title='bbox 2378 2044 2787 2095; x_wconf 85' lang='lat' dir='ltr'><strong>restaurantur</strong></span> <span class='ocrx_word' id='word_1_481' title='bbox 2818 2045 3298 2110; x_wconf 85' lang='lat' dir='ltr'><strong>reponunturque</strong></span> <span class='ocrx_word' id='word_1_482' title='bbox 3347 2039 3404 2094; x_wconf 89' lang='lat' dir='ltr'><strong>in</strong></span> <span class='ocrx_word' id='word_1_483' title='bbox 3454 2046 3672 2095; x_wconf 89' lang='lat' dir='ltr'><strong>statum</strong></span> 
     </span>
    </p>
   </div>
   <div class='ocr_carea' id='block_1_67' title="bbox 2034 2128 3671 2201">
    <p class='ocr_par' dir='ltr' id='par_1_67' title="bbox 2034 2128 3671 2201">
     <span class='ocr_line' id='line_1_67' title="bbox 2034 2128 3671 2201; baseline -0.001 -17"><span class='ocrx_word' id='word_1_484' title='bbox 2034 2130 2369 2201; x_wconf 89' lang='lat' dir='ltr'><strong>pristinum.</strong></span> <span class='ocrx_word' id='word_1_485' title='bbox 2402 2130 2560 2185; x_wconf 86' lang='lat' dir='ltr'><strong>Talis</strong></span> <span class='ocrx_word' id='word_1_486' title='bbox 2617 2130 2746 2197; x_wconf 87' lang='lat' dir='ltr'><strong>erit,</strong></span> <span class='ocrx_word' id='word_1_487' title='bbox 2799 2146 2869 2183; x_wconf 86' lang='lat' dir='ltr'><strong>ne</strong></span> <span class='ocrx_word' id='word_1_488' title='bbox 2925 2128 3184 2196; x_wconf 79' lang='lat' dir='ltr'><strong>dubites,</strong></span> <span class='ocrx_word' id='word_1_489' title='bbox 3235 2145 3400 2182; x_wconf 87' lang='lat' dir='ltr'><strong>amor</strong></span> <span class='ocrx_word' id='word_1_490' title='bbox 3453 2134 3671 2194; x_wconf 89' lang='lat' dir='ltr'><strong>noster,</strong></span> 
     </span>
    </p>
   </div>
   <div class='ocr_carea' id='block_1_68' title="bbox 2032 2218 3672 2283">
    <p class='ocr_par' dir='ltr' id='par_1_68' title="bbox 2032 2218 3672 2283">
     <span class='ocr_line' id='line_1_68' title="bbox 2032 2218 3672 2283; baseline -0.001 -10"><span class='ocrx_word' id='word_1_491' title='bbox 2032 2237 2143 2274; x_wconf 91' lang='lat' dir='ltr'><strong>non</strong></span> <span class='ocrx_word' id='word_1_492' title='bbox 2181 2220 2437 2283; x_wconf 88' lang='lat' dir='ltr'><strong>fortuito,</strong></span> <span class='ocrx_word' id='word_1_493' title='bbox 2472 2219 2571 2273; x_wconf 91' lang='lat' dir='ltr'><strong>sed</strong></span> <span class='ocrx_word' id='word_1_494' title='bbox 2628 2236 2696 2273; x_wconf 85' lang='lat' dir='ltr'><strong>ex</strong></span> <span class='ocrx_word' id='word_1_495' title='bbox 2744 2222 2901 2272; x_wconf 90' lang='lat' dir='ltr'><strong>certa</strong></span> <span class='ocrx_word' id='word_1_496' title='bbox 2946 2223 3004 2273; x_wconf 89' lang='lat' dir='ltr'><strong>et</strong></span> <span class='ocrx_word' id='word_1_497' title='bbox 3052 2222 3281 2272; x_wconf 89' lang='lat' dir='ltr'><strong>matura</strong></span> <span class='ocrx_word' id='word_1_498' title='bbox 3330 2218 3672 2272; x_wconf 91' lang='lat' dir='ltr'><strong>meritorum</strong></span> 
     </span>
    </p>
   </div>
   <div class='ocr_carea' id='block_1_69' title="bbox 2031 2307 3671 2379">
    <p class='ocr_par' dir='ltr' id='par_1_69' title="bbox 2031 2307 3671 2379">
     <span class='ocr_line' id='line_1_69' title="bbox 2031 2307 3671 2379; baseline -0.002 -16"><span class='ocrx_word' id='word_1_499' title='bbox 2031 2314 2205 2379; x_wconf 88' lang='lat' dir='ltr'><strong>atque</strong></span> <span class='ocrx_word' id='word_1_500' title='bbox 2265 2309 2589 2362; x_wconf 85' lang='lat' dir='ltr'><strong>utilitatum</strong></span> <span class='ocrx_word' id='word_1_501' title='bbox 2650 2315 2990 2362; x_wconf 89' lang='lat' dir='ltr'><strong>mutuarum</strong></span> <span class='ocrx_word' id='word_1_502' title='bbox 3048 2307 3435 2362; x_wconf 65' lang='lat' dir='ltr'><strong>mstimatione</strong></span> <span class='ocrx_word' id='word_1_503' title='bbox 3487 2312 3671 2373; x_wconf 87' lang='lat' dir='ltr'><strong>ortus,</strong></span> 
     </span>
    </p>
   </div>
   <div class='ocr_carea' id='block_1_70' title="bbox 2030 2395 3675 2468">
    <p class='ocr_par' dir='ltr' id='par_1_70' title="bbox 2030 2395 3675 2468">
     <span class='ocr_line' id='line_1_70' title="bbox 2030 2395 3675 2468; baseline 0 -17"><span class='ocrx_word' id='word_1_504' title='bbox 2030 2397 2258 2468; x_wconf 89' lang='lat' dir='ltr'><strong>qualem</strong></span> <span class='ocrx_word' id='word_1_505' title='bbox 2284 2397 2442 2451; x_wconf 85' lang='lat' dir='ltr'><strong>nulla</strong></span> <span class='ocrx_word' id='word_1_506' title='bbox 2464 2414 2725 2468; x_wconf 81' lang='lat' dir='ltr'><strong>unquam</strong></span> <span class='ocrx_word' id='word_1_507' title='bbox 2749 2396 3153 2467; x_wconf 76' lang='lat' dir='ltr'><strong>longinquitas</strong></span> <span class='ocrx_word' id='word_1_508' title='bbox 3170 2395 3675 2467; x_wconf 89' lang='lat' dir='ltr'><strong>temporis,nullus</strong></span> 
     </span>
    </p>
   </div>
   <div class='ocr_carea' id='block_1_71' title="bbox 2029 2484 3005 2543">
    <p class='ocr_par' dir='ltr' id='par_1_71' title="bbox 2029 2484 3005 2543">
     <span class='ocr_line' id='line_1_71' title="bbox 2029 2484 3005 2543; baseline -0.003 0"><span class='ocrx_word' id='word_1_509' title='bbox 2029 2505 2202 2543; x_wconf 87' lang='lat' dir='ltr'><strong>casus</strong></span> <span class='ocrx_word' id='word_1_510' title='bbox 2232 2493 2335 2542; x_wconf 89' lang='lat' dir='ltr'><strong>aut</strong></span> <span class='ocrx_word' id='word_1_511' title='bbox 2359 2503 2521 2541; x_wconf 92' lang='lat' dir='ltr'><strong>error</strong></span> <span class='ocrx_word' id='word_1_512' title='bbox 2550 2484 3005 2541; x_wconf 85' lang='lat' dir='ltr'><strong>labefactaverit.</strong></span> 
     </span>
    </p>
   </div>
   <div class='ocr_carea' id='block_1_72' title="bbox 2101 2609 3671 2679">
    <p class='ocr_par' dir='ltr' id='par_1_72' title="bbox 2101 2609 3671 2679">
     <span class='ocr_line' id='line_1_72' title="bbox 2101 2609 3671 2679; baseline 0 -14"><span class='ocrx_word' id='word_1_513' title='bbox 2101 2612 2490 2667; x_wconf 85' lang='lat' dir='ltr'><strong>V.Emollitus</strong></span> <span class='ocrx_word' id='word_1_514' title='bbox 2519 2616 2638 2666; x_wconf 89' lang='lat' dir='ltr'><strong>tam</strong></span> <span class='ocrx_word' id='word_1_515' title='bbox 2672 2609 2915 2666; x_wconf 89' lang='lat' dir='ltr'><strong>instanti</strong></span> <span class='ocrx_word' id='word_1_516' title='bbox 2948 2609 3212 2664; x_wconf 90' lang='lat' dir='ltr'><strong>oratione</strong></span> <span class='ocrx_word' id='word_1_517' title='bbox 3244 2609 3671 2679; x_wconf 81' lang='lat' dir='ltr'><strong>mus,Accipi0,</strong></span> 
     </span>
    </p>
   </div>
   <div class='ocr_carea' id='block_1_73' title="bbox 2025 2698 3673 2774">
    <p class='ocr_par' dir='ltr' id='par_1_73' title="bbox 2025 2698 3673 2774">
     <span class='ocr_line' id='line_1_73' title="bbox 2025 2698 3673 2774; baseline -0.002 -18"><span class='ocrx_word' id='word_1_518' title='bbox 2025 2702 2242 2774; x_wconf 90' lang='lat' dir='ltr'><strong>inquit,</strong></span> <span class='ocrx_word' id='word_1_519' title='bbox 2274 2718 2450 2771; x_wconf 89' lang='lat' dir='ltr'><strong>quam</strong></span> <span class='ocrx_word' id='word_1_520' title='bbox 2480 2699 2654 2755; x_wconf 79' lang='lat' dir='ltr'><strong>offers</strong></span> <span class='ocrx_word' id='word_1_521' title='bbox 2681 2700 3027 2764; x_wconf 88' lang='lat' dir='ltr'><strong>amicitiam,</strong></span> <span class='ocrx_word' id='word_1_522' title='bbox 3054 2714 3161 2753; x_wconf 88' lang='lat' dir='ltr'><strong>nec</strong></span> <span class='ocrx_word' id='word_1_523' title='bbox 3191 2703 3247 2753; x_wconf 91' lang='lat' dir='ltr'><strong>te</strong></span> <span class='ocrx_word' id='word_1_524' title='bbox 3295 2698 3553 2770; x_wconf 91' lang='lat' dir='ltr'><strong>primum</strong></span> <span class='ocrx_word' id='word_1_525' title='bbox 3604 2715 3673 2753; x_wconf 89' lang='lat' dir='ltr'><strong>ex</strong></span> 
     </span>
    </p>
   </div>
   <div class='ocr_carea' id='block_1_74' title="bbox 2026 2786 3671 2861">
    <p class='ocr_par' dir='ltr' id='par_1_74' title="bbox 2026 2786 3671 2861">
     <span class='ocr_line' id='line_1_74' title="bbox 2026 2786 3671 2861; baseline -0.002 -16"><span class='ocrx_word' id='word_1_526' title='bbox 2026 2791 2301 2846; x_wconf 82' lang='lat' dir='ltr'><strong>omnibus</strong></span> <span class='ocrx_word' id='word_1_527' title='bbox 2332 2789 2432 2861; x_wconf 91' lang='lat' dir='ltr'><strong>qui</strong></span> <span class='ocrx_word' id='word_1_528' title='bbox 2459 2805 2547 2844; x_wconf 90' lang='lat' dir='ltr'><strong>me</strong></span> <span class='ocrx_word' id='word_1_529' title='bbox 2578 2788 2797 2859; x_wconf 90' lang='lat' dir='ltr'><strong>aliquid</strong></span> <span class='ocrx_word' id='word_1_530' title='bbox 2831 2792 3134 2859; x_wconf 87' lang='lat' dir='ltr'><strong>rogarunt,</strong></span> <span class='ocrx_word' id='word_1_531' title='bbox 3160 2786 3343 2859; x_wconf 89' lang='lat' dir='ltr'><strong>optati</strong></span> <span class='ocrx_word' id='word_1_532' title='bbox 3378 2793 3671 2858; x_wconf 88' lang='lat' dir='ltr'><strong>expertem</strong></span> 
     </span>
    </p>
   </div>
   <div class='ocr_carea' id='block_1_75' title="bbox 2027 2876 3667 2948">
    <p class='ocr_par' dir='ltr' id='par_1_75' title="bbox 2027 2876 3667 2948">
     <span class='ocr_line' id='line_1_75' title="bbox 2027 2876 3667 2948; baseline -0.004 -13"><span class='ocrx_word' id='word_1_533' title='bbox 2027 2880 2341 2935; x_wconf 77' lang='lat' dir='ltr'><strong>dimittam.</strong></span> <span class='ocrx_word' id='word_1_534' title='bbox 2377 2879 2502 2935; x_wconf 90' lang='lat' dir='ltr'><strong>Non</strong></span> <span class='ocrx_word' id='word_1_535' title='bbox 2534 2883 2730 2933; x_wconf 90' lang='lat' dir='ltr'><strong>tamen</strong></span> <span class='ocrx_word' id='word_1_536' title='bbox 2761 2877 3006 2948; x_wconf 76' lang='lat' dir='ltr'><strong>paenitet</strong></span> <span class='ocrx_word' id='word_1_537' title='bbox 3051 2876 3338 2946; x_wconf 88' lang='lat' dir='ltr'><strong>allegasse</strong></span> <span class='ocrx_word' id='word_1_538' title='bbox 3387 2892 3516 2947; x_wconf 71' lang='lat' dir='ltr'><strong>quze</strong></span> <span class='ocrx_word' id='word_1_539' title='bbox 3562 2893 3667 2930; x_wconf 91' lang='lat' dir='ltr'><strong>au-</strong></span> 
     </span>
    </p>
   </div>
   <div class='ocr_carea' id='block_1_76' title="bbox 2028 2964 3665 3039">
    <p class='ocr_par' dir='ltr' id='par_1_76' title="bbox 2028 2964 3665 3039">
     <span class='ocr_line' id='line_1_76' title="bbox 2028 2964 3665 3039; baseline -0.002 -15"><span class='ocrx_word' id='word_1_540' title='bbox 2028 2970 2189 3033; x_wconf 88' lang='lat' dir='ltr'><strong>disti,</strong></span> <span class='ocrx_word' id='word_1_541' title='bbox 2224 2967 2576 3039; x_wconf 88' lang='lat' dir='ltr'><strong>pertinentia</strong></span> <span class='ocrx_word' id='word_1_542' title='bbox 2624 2967 2811 3037; x_wconf 88' lang='lat' dir='ltr'><strong>magis</strong></span> <span class='ocrx_word' id='word_1_543' title='bbox 2862 2966 2932 3020; x_wconf 87' lang='lat' dir='ltr'><strong>ad</strong></span> <span class='ocrx_word' id='word_1_544' title='bbox 2985 2964 3420 3020; x_wconf 83' lang='lat' dir='ltr'><strong>excusationem</strong></span> <span class='ocrx_word' id='word_1_545' title='bbox 3473 2981 3665 3020; x_wconf 89' lang='lat' dir='ltr'><strong>meam</strong></span> 
     </span>
    </p>
   </div>
   <div class='ocr_carea' id='block_1_77' title="bbox 2027 3052 3665 3129">
    <p class='ocr_par' dir='ltr' id='par_1_77' title="bbox 2027 3052 3665 3129">
     <span class='ocr_line' id='line_1_77' title="bbox 2027 3052 3665 3129; baseline -0.002 -17"><span class='ocrx_word' id='word_1_546' title='bbox 2027 3074 2203 3129; x_wconf 90' lang='lat' dir='ltr'><strong>quam</strong></span> <span class='ocrx_word' id='word_1_547' title='bbox 2261 3057 2331 3110; x_wconf 90' lang='lat' dir='ltr'><strong>ad</strong></span> <span class='ocrx_word' id='word_1_548' title='bbox 2395 3054 2905 3128; x_wconf 60' lang='lat' dir='ltr'><strong>prmmunitionem</strong></span> <span class='ocrx_word' id='word_1_549' title='bbox 2964 3058 3151 3109; x_wconf 87' lang='lat' dir='ltr'><strong>tuam.</strong></span> <span class='ocrx_word' id='word_1_550' title='bbox 3184 3052 3353 3107; x_wconf 89' lang='lat' dir='ltr'><strong>Volui</strong></span> <span class='ocrx_word' id='word_1_551' title='bbox 3385 3057 3501 3107; x_wconf 89' lang='lat' dir='ltr'><strong>tam</strong></span> <span class='ocrx_word' id='word_1_552' title='bbox 3534 3053 3665 3109; x_wconf 85' lang='lat' dir='ltr'><strong>fusa</strong></span> 
     </span>
    </p>
   </div>
   <div class='ocr_carea' id='block_1_78' title="bbox 2026 3142 3668 3211">
    <p class='ocr_par' dir='ltr' id='par_1_78' title="bbox 2026 3142 3668 3211">
     <span class='ocr_line' id='line_1_78' title="bbox 2026 3142 3668 3211; baseline -0.003 -11"><span class='ocrx_word' id='word_1_553' title='bbox 2026 3145 2417 3201; x_wconf 80' lang='lat' dir='ltr'><strong>declarations</strong></span> <span class='ocrx_word' id='word_1_554' title='bbox 2447 3159 2711 3198; x_wconf 88' lang='lat' dir='ltr'><strong>meorum</strong></span> <span class='ocrx_word' id='word_1_555' title='bbox 2743 3158 3027 3197; x_wconf 90' lang='lat' dir='ltr'><strong>sensuum</strong></span> <span class='ocrx_word' id='word_1_556' title='bbox 3060 3142 3370 3211; x_wconf 75' lang='lat' dir='ltr'><strong>praeripere</strong></span> <span class='ocrx_word' id='word_1_557' title='bbox 3400 3142 3501 3195; x_wconf 90' lang='lat' dir='ltr'><strong>tibi</strong></span> <span class='ocrx_word' id='word_1_558' title='bbox 3536 3158 3668 3195; x_wconf 91' lang='lat' dir='ltr'><strong>om-</strong></span> 
     </span>
    </p>
   </div>
   <div class='ocr_carea' id='block_1_79' title="bbox 2023 3229 3665 3303">
    <p class='ocr_par' dir='ltr' id='par_1_79' title="bbox 2023 3229 3665 3303">
     <span class='ocr_line' id='line_1_79' title="bbox 2023 3229 3665 3303; baseline -0.004 -13"><span class='ocrx_word' id='word_1_559' title='bbox 2023 3252 2155 3290; x_wconf 91' lang='lat' dir='ltr'><strong>nem</strong></span> <span class='ocrx_word' id='word_1_560' title='bbox 2187 3251 2391 3289; x_wconf 86' lang='lat' dir='ltr'><strong>ansam</strong></span> <span class='ocrx_word' id='word_1_561' title='bbox 2423 3230 2748 3287; x_wconf 89' lang='lat' dir='ltr'><strong>insultandi</strong></span> <span class='ocrx_word' id='word_1_562' title='bbox 2780 3247 3040 3303; x_wconf 90' lang='lat' dir='ltr'><strong>unquam</strong></span> <span class='ocrx_word' id='word_1_563' title='bbox 3090 3229 3455 3302; x_wconf 90' lang='lat' dir='ltr'><strong>simplicitati</strong></span> <span class='ocrx_word' id='word_1_564' title='bbox 3503 3246 3665 3297; x_wconf 75' lang='lat' dir='ltr'><strong>mem,</strong></span> 
     </span>
    </p>
   </div>
   <div class='ocr_carea' id='block_1_80' title="bbox 2019 3319 3667 3394">
    <p class='ocr_par' dir='ltr' id='par_1_80' title="bbox 2019 3319 3667 3394">
     <span class='ocr_line' id='line_1_80' title="bbox 2019 3319 3667 3394; baseline -0.003 -16"><span class='ocrx_word' id='word_1_565' title='bbox 2019 3325 2069 3379; x_wconf 90' lang='lat' dir='ltr'><strong>si</strong></span> <span class='ocrx_word' id='word_1_566' title='bbox 2100 3324 2357 3394; x_wconf 90' lang='lat' dir='ltr'><strong>quando,</strong></span> <span class='ocrx_word' id='word_1_567' title='bbox 2391 3322 2547 3392; x_wconf 88' lang='lat' dir='ltr'><strong>quod</strong></span> <span class='ocrx_word' id='word_1_568' title='bbox 2599 3320 2788 3375; x_wconf 81' lang='lat' dir='ltr'><strong>absit!</strong></span> <span class='ocrx_word' id='word_1_569' title='bbox 2842 3320 3211 3390; x_wconf 88' lang='lat' dir='ltr'><strong>contingeret</strong></span> <span class='ocrx_word' id='word_1_570' title='bbox 3254 3319 3480 3374; x_wconf 89' lang='lat' dir='ltr'><strong>resilire</strong></span> <span class='ocrx_word' id='word_1_571' title='bbox 3528 3324 3584 3373; x_wconf 89' lang='lat' dir='ltr'><strong>te</strong></span> <span class='ocrx_word' id='word_1_572' title='bbox 3633 3337 3667 3373; x_wconf 88' lang='lat' dir='ltr'><strong>a</strong></span> 
     </span>
    </p>
   </div>
   <div class='ocr_carea' id='block_1_81' title="bbox 2019 3408 3665 3484">
    <p class='ocr_par' dir='ltr' id='par_1_81' title="bbox 2019 3408 3665 3484">
     <span class='ocr_line' id='line_1_81' title="bbox 2019 3408 3665 3484; baseline -0.002 -17"><span class='ocrx_word' id='word_1_573' title='bbox 2019 3412 2358 3484; x_wconf 88' lang='lat' dir='ltr'><strong>pactis.Non</strong></span> <span class='ocrx_word' id='word_1_574' title='bbox 2392 3411 2548 3465; x_wconf 90' lang='lat' dir='ltr'><strong>enim</strong></span> <span class='ocrx_word' id='word_1_575' title='bbox 2579 3414 2722 3464; x_wconf 90' lang='lat' dir='ltr'><strong>tunc</strong></span> <span class='ocrx_word' id='word_1_576' title='bbox 2751 3408 3036 3479; x_wconf 90' lang='lat' dir='ltr'><strong>gratulari</strong></span> <span class='ocrx_word' id='word_1_577' title='bbox 3068 3415 3257 3463; x_wconf 89' lang='lat' dir='ltr'><strong>tecum</strong></span> <span class='ocrx_word' id='word_1_578' title='bbox 3301 3424 3525 3478; x_wconf 89' lang='lat' dir='ltr'><strong>posses,</strong></span> <span class='ocrx_word' id='word_1_579' title='bbox 3576 3409 3665 3463; x_wconf 89' lang='lat' dir='ltr'><strong>fu-</strong></span> 
     </span>
    </p>
   </div>
   <div class='ocr_carea' id='block_1_82' title="bbox 2018 3496 3735 3557">
    <p class='ocr_par' dir='ltr' id='par_1_82' title="bbox 2018 3496 3735 3557">
     <span class='ocr_line' id='line_1_82' title="bbox 2018 3496 3735 3557; baseline -0.003 0"><span class='ocrx_word' id='word_1_580' title='bbox 2018 3520 2151 3557; x_wconf 93' lang='lat' dir='ltr'><strong>cum</strong></span> <span class='ocrx_word' id='word_1_581' title='bbox 2184 3507 2239 3556; x_wconf 91' lang='lat' dir='ltr'><strong>te</strong></span> <span class='ocrx_word' id='word_1_582' title='bbox 2266 3499 2475 3557; x_wconf 83' lang='lat' dir='ltr'><strong>fecisse</strong></span> <span class='ocrx_word' id='word_1_583' title='bbox 2501 3498 2618 3554; x_wconf 90' lang='lat' dir='ltr'><strong>tuis</strong></span> <span class='ocrx_word' id='word_1_584' title='bbox 2649 3498 2956 3553; x_wconf 86' lang='lat' dir='ltr'><strong>fraudibus</strong></span> <span class='ocrx_word' id='word_1_585' title='bbox 2986 3514 3184 3553; x_wconf 88' lang='lat' dir='ltr'><strong>crasso</strong></span> <span class='ocrx_word' id='word_1_586' title='bbox 3217 3496 3451 3551; x_wconf 89' lang='lat' dir='ltr'><strong>cuidam</strong></span> <span class='ocrx_word' id='word_1_587' title='bbox 3475 3498 3666 3552; x_wconf 39' lang='lat' dir='ltr'><strong>et‘im-</strong></span> <span class='ocrx_word' id='word_1_588' title='bbox 3734 3502 3735 3505; x_wconf 65' lang='grc'><em>“</em></span> 
     </span>
    </p>
   </div>
   <div class='ocr_carea' id='block_1_83' title="bbox 2017 3585 3661 3660">
    <p class='ocr_par' dir='ltr' id='par_1_83' title="bbox 2017 3585 3661 3660">
     <span class='ocr_line' id='line_1_83' title="bbox 2017 3585 3661 3660; baseline -0.002 -17"><span class='ocrx_word' id='word_1_589' title='bbox 2017 3590 2277 3660; x_wconf 88' lang='lat' dir='ltr'><strong>provido,</strong></span> <span class='ocrx_word' id='word_1_590' title='bbox 2311 3603 2566 3659; x_wconf 87' lang='lat' dir='ltr'><strong>eumque</strong></span> <span class='ocrx_word' id='word_1_591' title='bbox 2591 3603 2741 3641; x_wconf 88' lang='lat' dir='ltr'><strong>vana</strong></span> <span class='ocrx_word' id='word_1_592' title='bbox 2792 3585 3181 3640; x_wconf 83' lang='lat' dir='ltr'><strong>ostentatione</strong></span> <span class='ocrx_word' id='word_1_593' title='bbox 3234 3586 3661 3656; x_wconf 87' lang='lat' dir='ltr'><strong>promissorum</strong></span> 
     </span>
    </p>
   </div>
   <div class='ocr_carea' id='block_1_84' title="bbox 2016 3674 3661 3742">
    <p class='ocr_par' dir='ltr' id='par_1_84' title="bbox 2016 3674 3661 3742">
     <span class='ocr_line' id='line_1_84' title="bbox 2016 3674 3661 3742; baseline -0.002 -9"><span class='ocrx_word' id='word_1_594' title='bbox 2016 3678 2196 3733; x_wconf 86' lang='lat' dir='ltr'><strong>stulte</strong></span> <span class='ocrx_word' id='word_1_595' title='bbox 2244 3677 2547 3732; x_wconf 90' lang='lat' dir='ltr'><strong>credulum</strong></span> <span class='ocrx_word' id='word_1_596' title='bbox 2606 3674 2913 3729; x_wconf 86' lang='lat' dir='ltr'><strong>induxisse</strong></span> <span class='ocrx_word' id='word_1_597' title='bbox 2961 3675 3030 3727; x_wconf 90' lang='lat' dir='ltr'><strong>ad</strong></span> <span class='ocrx_word' id='word_1_598' title='bbox 3085 3674 3298 3738; x_wconf 69' lang='lat' dir='ltr'><strong>foedus,</strong></span> <span class='ocrx_word' id='word_1_599' title='bbox 3343 3676 3473 3742; x_wconf 87' lang='lat' dir='ltr'><strong>ejus</strong></span> <span class='ocrx_word' id='word_1_600' title='bbox 3521 3675 3661 3729; x_wconf 90' lang='lat' dir='ltr'><strong>olim</strong></span> 
     </span>
    </p>
   </div>
   <div class='ocr_carea' id='block_1_85' title="bbox 2018 3762 3656 3837">
    <p class='ocr_par' dir='ltr' id='par_1_85' title="bbox 2018 3762 3656 3837">
     <span class='ocr_line' id='line_1_85' title="bbox 2018 3762 3656 3837; baseline -0.004 -16"><span class='ocrx_word' id='word_1_601' title='bbox 2018 3766 2271 3837; x_wconf 88' lang='lat' dir='ltr'><strong>pernicie</strong></span> <span class='ocrx_word' id='word_1_602' title='bbox 2300 3764 2921 3819; x_wconf 88' lang='lat' dir='ltr'><strong>sanciendum.Testor</strong></span> <span class='ocrx_word' id='word_1_603' title='bbox 2942 3763 3061 3830; x_wconf 87' lang='lat' dir='ltr'><strong>jam</strong></span> <span class='ocrx_word' id='word_1_604' title='bbox 3096 3778 3249 3815; x_wconf 91' lang='lat' dir='ltr'><strong>nunc</strong></span> <span class='ocrx_word' id='word_1_605' title='bbox 3278 3766 3333 3814; x_wconf 93' lang='lat' dir='ltr'><strong>te</strong></span> <span class='ocrx_word' id='word_1_606' title='bbox 3367 3762 3559 3832; x_wconf 90' lang='lat' dir='ltr'><strong>ipsum</strong></span> <span class='ocrx_word' id='word_1_607' title='bbox 3587 3779 3656 3815; x_wconf 86' lang='lat' dir='ltr'><strong>an</strong></span> 
     </span>
    </p>
   </div>
   <div class='ocr_carea' id='block_1_86' title="bbox 2014 3849 3657 3927">
    <p class='ocr_par' dir='ltr' id='par_1_86' title="bbox 2014 3849 3657 3927">
     <span class='ocr_line' id='line_1_86' title="bbox 2014 3849 3657 3927; baseline -0.004 -18"><span class='ocrx_word' id='word_1_608' title='bbox 2014 3853 2526 3927; x_wconf 66' lang='lat' dir='ltr'><strong>praeviderim‘hm</strong></span> <span class='ocrx_word' id='word_1_609' title='bbox 2563 3868 2678 3906; x_wconf 90' lang='lat' dir='ltr'><strong>non</strong></span> <span class='ocrx_word' id='word_1_610' title='bbox 2730 3849 3226 3921; x_wconf 76' lang='lat' dir='ltr'><strong>prtemonuerim?</strong></span> <span class='ocrx_word' id='word_1_611' title='bbox 3276 3850 3515 3902; x_wconf 85' lang='lat' dir='ltr'><strong>Duritiei</strong></span> <span class='ocrx_word' id='word_1_612' title='bbox 3567 3868 3657 3903; x_wconf 91' lang='lat' dir='ltr'><strong>me</strong></span> 
     </span>
    </p>
   </div>
   <div class='ocr_carea' id='block_1_87' title="bbox 2014 3938 3655 4015">
    <p class='ocr_par' dir='ltr' id='par_1_87' title="bbox 2014 3938 3655 4015">
     <span class='ocr_line' id='line_1_87' title="bbox 2014 3938 3655 4015; baseline -0.005 -17"><span class='ocrx_word' id='word_1_613' title='bbox 2014 3959 2216 4015; x_wconf 91' lang='lat' dir='ltr'><strong>posses</strong></span> <span class='ocrx_word' id='word_1_614' title='bbox 2247 3957 2522 3997; x_wconf 88' lang='lat' dir='ltr'><strong>accusare</strong></span> <span class='ocrx_word' id='word_1_615' title='bbox 2554 3940 2605 3994; x_wconf 89' lang='lat' dir='ltr'><strong>si</strong></span> <span class='ocrx_word' id='word_1_616' title='bbox 2634 3955 2748 3993; x_wconf 87' lang='lat' dir='ltr'><strong>non</strong></span> <span class='ocrx_word' id='word_1_617' title='bbox 2794 3952 3140 4005; x_wconf 86' lang='lat' dir='ltr'><strong>annuerem,</strong></span> <span class='ocrx_word' id='word_1_618' title='bbox 3189 3938 3356 3991; x_wconf 76' lang='lat' dir='ltr'><strong>fatuae</strong></span> <span class='ocrx_word' id='word_1_619' title='bbox 3402 3938 3655 3991; x_wconf 89' lang='lat' dir='ltr'><strong>creduli-</strong></span> 
     </span>
    </p>
   </div>
   <div class='ocr_carea' id='block_1_88' title="bbox 2011 4024 3656 4102">
    <p class='ocr_par' dir='ltr' id='par_1_88' title="bbox 2011 4024 3656 4102">
     <span class='ocr_line' id='line_1_88' title="bbox 2011 4024 3656 4102; baseline -0.005 -15"><span class='ocrx_word' id='word_1_620' title='bbox 2011 4032 2149 4087; x_wconf 89' lang='lat' dir='ltr'><strong>tatis</strong></span> <span class='ocrx_word' id='word_1_621' title='bbox 2181 4036 2236 4085; x_wconf 89' lang='lat' dir='ltr'><strong>et</strong></span> <span class='ocrx_word' id='word_1_622' title='bbox 2266 4029 2675 4102; x_wconf 70' lang='lat' dir='ltr'><strong>imprudentiaa</strong></span> <span class='ocrx_word' id='word_1_623' title='bbox 2704 4028 2985 4083; x_wconf 88' lang='lat' dir='ltr'><strong>damnare</strong></span> <span class='ocrx_word' id='word_1_624' title='bbox 3018 4043 3089 4081; x_wconf 88' lang='lat' dir='ltr'><strong>ne</strong></span> <span class='ocrx_word' id='word_1_625' title='bbox 3129 4032 3188 4080; x_wconf 90' lang='lat' dir='ltr'><strong>tu</strong></span> <span class='ocrx_word' id='word_1_626' title='bbox 3243 4024 3481 4097; x_wconf 92' lang='lat' dir='ltr'><strong>quidem</strong></span> <span class='ocrx_word' id='word_1_627' title='bbox 3532 4024 3656 4095; x_wconf 84' lang='lat' dir='ltr'><strong>ipse</strong></span> 
     </span>
    </p>
   </div>
   <div class='ocr_carea' id='block_1_89' title="bbox 2015 4113 3655 4195">
    <p class='ocr_par' dir='ltr' id='par_1_89' title="bbox 2015 4113 3655 4195">
     <span class='ocr_line' id='line_1_89' title="bbox 2015 4113 3655 4195; baseline -0.007 -18"><span class='ocrx_word' id='word_1_628' title='bbox 2015 4137 2239 4195; x_wconf 88' lang='lat' dir='ltr'><strong>posses,</strong></span> <span class='ocrx_word' id='word_1_629' title='bbox 2271 4120 2505 4190; x_wconf 91' lang='lat' dir='ltr'><strong>quando</strong></span> <span class='ocrx_word' id='word_1_630' title='bbox 2537 4118 2713 4189; x_wconf 92' lang='lat' dir='ltr'><strong>(quod</strong></span> <span class='ocrx_word' id='word_1_631' title='bbox 2748 4133 2862 4170; x_wconf 90' lang='lat' dir='ltr'><strong>non</strong></span> <span class='ocrx_word' id='word_1_632' title='bbox 2898 4114 3152 4169; x_wconf 86' lang='lat' dir='ltr'><strong>arbitror</strong></span> <span class='ocrx_word' id='word_1_633' title='bbox 3182 4115 3321 4181; x_wconf 88' lang='lat' dir='ltr'><strong>fore,</strong></span> <span class='ocrx_word' id='word_1_634' title='bbox 3347 4130 3454 4168; x_wconf 90' lang='lat' dir='ltr'><strong>nec</strong></span> <span class='ocrx_word' id='word_1_635' title='bbox 3502 4113 3655 4167; x_wconf 85' lang='lat' dir='ltr'><strong>Deus</strong></span> 
     </span>
    </p>
   </div>
   <div class='ocr_carea' id='block_1_90' title="bbox 2012 4202 3657 4281">
    <p class='ocr_par' dir='ltr' id='par_1_90' title="bbox 2012 4202 3657 4281">
     <span class='ocr_line' id='line_1_90' title="bbox 2012 4202 3657 4281; baseline -0.006 -15"><span class='ocrx_word' id='word_1_636' title='bbox 2012 4210 2232 4281; x_wconf 88' lang='lat' dir='ltr'><strong>siverit)</strong></span> <span class='ocrx_word' id='word_1_637' title='bbox 2258 4208 2420 4264; x_wconf 89' lang='lat' dir='ltr'><strong>abuti</strong></span> <span class='ocrx_word' id='word_1_638' title='bbox 2453 4207 2593 4261; x_wconf 90' lang='lat' dir='ltr'><strong>olim</strong></span> <span class='ocrx_word' id='word_1_639' title='bbox 2632 4204 2813 4261; x_wconf 89' lang='lat' dir='ltr'><strong>velles</strong></span> <span class='ocrx_word' id='word_1_640' title='bbox 2860 4203 3132 4261; x_wconf 62' lang='lat' dir='ltr'><strong>amicitia;</strong></span> <span class='ocrx_word' id='word_1_641' title='bbox 3183 4202 3397 4256; x_wconf 81' lang='lat' dir='ltr'><strong>fiducia</strong></span> <span class='ocrx_word' id='word_1_642' title='bbox 3445 4203 3514 4257; x_wconf 88' lang='lat' dir='ltr'><strong>ad</strong></span> <span class='ocrx_word' id='word_1_643' title='bbox 3568 4219 3657 4256; x_wconf 91' lang='lat' dir='ltr'><strong>me</strong></span> 
     </span>
    </p>
   </div>
   <div class='ocr_carea' id='block_1_91' title="bbox 2011 4292 3654 4369">
    <p class='ocr_par' dir='ltr' id='par_1_91' title="bbox 2011 4292 3654 4369">
     <span class='ocr_line' id='line_1_91' title="bbox 2011 4292 3654 4369; baseline -0.007 -14"><span class='ocrx_word' id='word_1_644' title='bbox 2011 4300 2315 4355; x_wconf 88' lang='lat' dir='ltr'><strong>incautum</strong></span> <span class='ocrx_word' id='word_1_645' title='bbox 2347 4296 2822 4369; x_wconf 90' lang='lat' dir='ltr'><strong>opprimendum.</strong></span> <span class='ocrx_word' id='word_1_646' title='bbox 2854 4296 2958 4349; x_wconf 89' lang='lat' dir='ltr'><strong>His</strong></span> <span class='ocrx_word' id='word_1_647' title='bbox 2988 4292 3179 4362; x_wconf 88' lang='lat' dir='ltr'><strong>dictis,</strong></span> <span class='ocrx_word' id='word_1_648' title='bbox 3212 4293 3278 4345; x_wconf 89' lang='lat' dir='ltr'><strong>ad</strong></span> <span class='ocrx_word' id='word_1_649' title='bbox 3313 4309 3377 4347; x_wconf 90' lang='lat' dir='ltr'><strong>os</strong></span> <span class='ocrx_word' id='word_1_650' title='bbox 3409 4292 3530 4346; x_wconf 89' lang='lat' dir='ltr'><strong>cavi</strong></span> <span class='ocrx_word' id='word_1_651' title='bbox 3564 4292 3654 4345; x_wconf 92' lang='lat' dir='ltr'><strong>sui</strong></span> 
     </span>
    </p>
   </div>
   <div class='ocr_carea' id='block_1_92' title="bbox 2013 4380 3653 4456">
    <p class='ocr_par' dir='ltr' id='par_1_92' title="bbox 2013 4380 3653 4456">
     <span class='ocr_line' id='line_1_92' title="bbox 2013 4380 3653 4456; baseline -0.005 -12"><span class='ocrx_word' id='word_1_652' title='bbox 2013 4407 2146 4444; x_wconf 91' lang='lat' dir='ltr'><strong>mus</strong></span> <span class='ocrx_word' id='word_1_653' title='bbox 2175 4387 2504 4443; x_wconf 65' lang='lat' dir='ltr'><strong>accessitet</strong></span> <span class='ocrx_word' id='word_1_654' title='bbox 2532 4392 2707 4456; x_wconf 90' lang='lat' dir='ltr'><strong>caput</strong></span> <span class='ocrx_word' id='word_1_655' title='bbox 2732 4385 3016 4439; x_wconf 84' lang='lat' dir='ltr'><strong>duntaxat</strong></span> <span class='ocrx_word' id='word_1_656' title='bbox 3045 4382 3200 4436; x_wconf 88' lang='lat' dir='ltr'><strong>foras</strong></span> <span class='ocrx_word' id='word_1_657' title='bbox 3227 4380 3485 4452; x_wconf 90' lang='lat' dir='ltr'><strong>protulit.</strong></span> <span class='ocrx_word' id='word_1_658' title='bbox 3505 4381 3653 4435; x_wconf 89' lang='lat' dir='ltr'><strong>Tum</strong></span> 
     </span>
    </p>
   </div>
   <div class='ocr_carea' id='block_1_93' title="bbox 2010 4470 3653 4546">
    <p class='ocr_par' dir='ltr' id='par_1_93' title="bbox 2010 4470 3653 4546">
     <span class='ocr_line' id='line_1_93' title="bbox 2010 4470 3653 4546; baseline -0.006 -13"><span class='ocrx_word' id='word_1_659' title='bbox 2010 4496 2239 4546; x_wconf 90' lang='lat' dir='ltr'><strong>corvus,</strong></span> <span class='ocrx_word' id='word_1_660' title='bbox 2273 4476 2551 4546; x_wconf 88' lang='lat' dir='ltr'><strong>Injuriam</strong></span> <span class='ocrx_word' id='word_1_661' title='bbox 2584 4474 2729 4531; x_wconf 90' lang='lat' dir='ltr'><strong>mihi</strong></span> <span class='ocrx_word' id='word_1_662' title='bbox 2762 4473 2928 4539; x_wconf 88' lang='lat' dir='ltr'><strong>facis,</strong></span> <span class='ocrx_word' id='word_1_663' title='bbox 2963 4471 3062 4539; x_wconf 91' lang='lat' dir='ltr'><strong>ait,</strong></span> <span class='ocrx_word' id='word_1_664' title='bbox 3109 4471 3205 4541; x_wconf 88' lang='lat' dir='ltr'><strong>qui</strong></span> <span class='ocrx_word' id='word_1_665' title='bbox 3255 4471 3517 4525; x_wconf 90' lang='lat' dir='ltr'><strong>nondum</strong></span> <span class='ocrx_word' id='word_1_666' title='bbox 3567 4470 3653 4524; x_wconf 82' lang='lat' dir='ltr'><strong>vi-</strong></span> 
     </span>
    </p>
   </div>
   <div class='ocr_carea' id='block_1_94' title="bbox 250 4540 3653 4639">
    <p class='ocr_par' dir='ltr' id='par_1_94' title="bbox 250 4540 3653 4639">
     <span class='ocr_line' id='line_1_94' title="bbox 250 4540 3653 4639; baseline -0.004 -16"><span class='ocrx_word' id='word_1_667' title='bbox 250 4566 568 4639; x_wconf 88' lang='lat' dir='ltr'><strong>trepidam.</strong></span> <span class='ocrx_word' id='word_1_668' title='bbox 603 4567 765 4621; x_wconf 89' lang='lat' dir='ltr'><strong>Talis</strong></span> <span class='ocrx_word' id='word_1_669' title='bbox 816 4564 998 4619; x_wconf 87' lang='lat' dir='ltr'><strong>nostri</strong></span> <span class='ocrx_word' id='word_1_670' title='bbox 1046 4561 1301 4616; x_wconf 80' lang='lat' dir='ltr'><strong>murium</strong></span> <span class='ocrx_word' id='word_1_671' title='bbox 1352 4560 1584 4630; x_wconf 88' lang='lat' dir='ltr'><strong>generis</strong></span> <span class='ocrx_word' id='word_1_672' title='bbox 1634 4576 1765 4614; x_wconf 91' lang='lat' dir='ltr'><strong>cum</strong></span> <span class='ocrx_word' id='word_1_673' title='bbox 1820 4562 1896 4615; x_wconf 85' lang='lat' dir='ltr'><strong>fe-</strong></span> <span class='ocrx_word' id='word_1_674' title='bbox 1932 4540 1974 4602; x_wconf 81' lang='grc' dir='ltr'><strong>Ῐ)</strong></span> <span class='ocrx_word' id='word_1_675' title='bbox 2008 4570 2180 4622; x_wconf 75' lang='lat' dir='ltr'><strong>deare</strong></span> <span class='ocrx_word' id='word_1_676' title='bbox 2212 4571 2432 4621; x_wconf 76' lang='lat' dir='ltr'><strong>metum</strong></span> <span class='ocrx_word' id='word_1_677' title='bbox 2465 4565 2577 4619; x_wconf 81' lang='lat' dir='ltr'><strong>mei</strong></span> <span class='ocrx_word' id='word_1_678' title='bbox 2609 4565 2917 4635; x_wconf 79' lang='lat' dir='ltr'><strong>deponere.</strong></span> <span class='ocrx_word' id='word_1_679' title='bbox 2952 4561 3100 4624; x_wconf 89' lang='lat' dir='ltr'><strong>Quin</strong></span> <span class='ocrx_word' id='word_1_680' title='bbox 3137 4565 3195 4614; x_wconf 88' lang='lat' dir='ltr'><strong>tu</strong></span> <span class='ocrx_word' id='word_1_681' title='bbox 3227 4564 3387 4614; x_wconf 86' lang='lat' dir='ltr'><strong>totus</strong></span> <span class='ocrx_word' id='word_1_682' title='bbox 3437 4560 3504 4613; x_wconf 87' lang='lat' dir='ltr'><strong>ad</strong></span> <span class='ocrx_word' id='word_1_683' title='bbox 3560 4576 3653 4613; x_wconf 85' lang='lat' dir='ltr'><strong>me</strong></span> 
     </span>
    </p>
   </div>
   <div class='ocr_carea' id='block_1_95' title="bbox 250 4648 1903 4723">
    <p class='ocr_par' dir='ltr' id='par_1_95' title="bbox 250 4648 1903 4723">
     <span class='ocr_line' id='line_1_95' title="bbox 250 4648 1903 4723; baseline -0.006 -10"><span class='ocrx_word' id='word_1_684' title='bbox 250 4658 417 4713; x_wconf 91' lang='lat' dir='ltr'><strong>libus</strong></span> <span class='ocrx_word' id='word_1_685' title='bbox 449 4655 721 4711; x_wconf 86' lang='lat' dir='ltr'><strong>simultas</strong></span> <span class='ocrx_word' id='word_1_686' title='bbox 754 4658 903 4721; x_wconf 90' lang='lat' dir='ltr'><strong>est,a</strong></span> <span class='ocrx_word' id='word_1_687' title='bbox 936 4670 1050 4723; x_wconf 88' lang='lat' dir='ltr'><strong>qua</strong></span> <span class='ocrx_word' id='word_1_688' title='bbox 1083 4669 1195 4705; x_wconf 88' lang='lat' dir='ltr'><strong>non</strong></span> <span class='ocrx_word' id='word_1_689' title='bbox 1232 4651 1480 4704; x_wconf 89' lang='lat' dir='ltr'><strong>multum</strong></span> <span class='ocrx_word' id='word_1_690' title='bbox 1506 4648 1700 4704; x_wconf 75' lang='lat' dir='ltr'><strong>ditlert</strong></span> <span class='ocrx_word' id='word_1_691' title='bbox 1719 4655 1903 4704; x_wconf 89' lang='lat' dir='ltr'><strong>vestra</strong></span> 
     </span>
    </p>
   </div>
   <div class='ocr_carea' id='block_1_96' title="bbox 251 4738 1903 4818">
    <p class='ocr_par' dir='ltr' id='par_1_96' title="bbox 251 4738 1903 4818">
     <span class='ocr_line' id='line_1_96' title="bbox 251 4738 1903 4818; baseline -0.004 -18"><span class='ocrx_word' id='word_1_692' title='bbox 251 4762 490 4818; x_wconf 86' lang='lat' dir='ltr'><strong>quoque</strong></span> <span class='ocrx_word' id='word_1_693' title='bbox 514 4744 945 4799; x_wconf 86' lang='lat' dir='ltr'><strong>carnivcrarum</strong></span> <span class='ocrx_word' id='word_1_694' title='bbox 972 4746 1027 4796; x_wconf 90' lang='lat' dir='ltr'><strong>et</strong></span> <span class='ocrx_word' id='word_1_695' title='bbox 1049 4740 1348 4811; x_wconf 86' lang='lat' dir='ltr'><strong>rapacium</strong></span> <span class='ocrx_word' id='word_1_696' title='bbox 1375 4738 1672 4792; x_wconf 81' lang='lat' dir='ltr'><strong>volucrum</strong></span> <span class='ocrx_word' id='word_1_697' title='bbox 1705 4738 1761 4792; x_wconf 91' lang='lat' dir='ltr'><strong>in</strong></span> <span class='ocrx_word' id='word_1_698' title='bbox 1798 4756 1903 4793; x_wconf 89' lang='lat' dir='ltr'><strong>nos</strong></span> 
     </span>
    </p>
   </div>
   <div class='ocr_carea' id='block_1_97' title="bbox 252 4827 1903 4903">
    <p class='ocr_par' dir='ltr' id='par_1_97' title="bbox 252 4827 1903 4903">
     <span class='ocr_line' id='line_1_97' title="bbox 252 4827 1903 4903; baseline -0.005 -13"><span class='ocrx_word' id='word_1_699' title='bbox 252 4834 554 4902; x_wconf 87' lang='lat' dir='ltr'><strong>violentia,</strong></span> <span class='ocrx_word' id='word_1_700' title='bbox 590 4850 714 4903; x_wconf 73' lang='lat' dir='ltr'><strong>quae</strong></span> <span class='ocrx_word' id='word_1_701' title='bbox 746 4849 879 4888; x_wconf 91' lang='lat' dir='ltr'><strong>cum</strong></span> <span class='ocrx_word' id='word_1_702' title='bbox 915 4834 1185 4885; x_wconf 88' lang='lat' dir='ltr'><strong>naturam</strong></span> <span class='ocrx_word' id='word_1_703' title='bbox 1223 4829 1429 4882; x_wconf 86' lang='lat' dir='ltr'><strong>habeat</strong></span> <span class='ocrx_word' id='word_1_704' title='bbox 1460 4831 1779 4893; x_wconf 89' lang='lat' dir='ltr'><strong>auctorem,</strong></span> <span class='ocrx_word' id='word_1_705' title='bbox 1810 4827 1903 4881; x_wconf 88' lang='lat' dir='ltr'><strong>vix</strong></span> 
     </span>
    </p>
   </div>
   <div class='ocr_carea' id='block_1_98' title="bbox 251 4925 1902 5003">
    <p class='ocr_par' dir='ltr' id='par_1_98' title="bbox 251 4925 1902 5003">
     <span class='ocr_line' id='line_1_98' title="bbox 251 4925 1902 5003; baseline -0.006 -15"><span class='ocrx_word' id='word_1_706' title='bbox 251 4932 379 4988; x_wconf 89' lang='lat' dir='ltr'><strong>ulla</strong></span> <span class='ocrx_word' id='word_1_707' title='bbox 411 4949 674 5003; x_wconf 89' lang='lat' dir='ltr'><strong>unquam</strong></span> <span class='ocrx_word' id='word_1_708' title='bbox 709 4930 953 4984; x_wconf 87' lang='lat' dir='ltr'><strong>rationis</strong></span> <span class='ocrx_word' id='word_1_709' title='bbox 986 4925 1384 4982; x_wconf 87' lang='lat' dir='ltr'><strong>moderatione</strong></span> <span class='ocrx_word' id='word_1_710' title='bbox 1417 4925 1902 4993; x_wconf 88' lang='lat' dir='ltr'><strong>mitigatur;ejus-</strong></span> 
     </span>
    </p>
   </div>
   <div class='ocr_carea' id='block_1_99' title="bbox 249 5012 1901 5092">
    <p class='ocr_par' dir='ltr' id='par_1_99' title="bbox 249 5012 1901 5092">
     <span class='ocr_line' id='line_1_99' title="bbox 249 5012 1901 5092; baseline -0.008 -14"><span class='ocrx_word' id='word_1_711' title='bbox 249 5025 387 5078; x_wconf 87' lang='lat' dir='ltr'><strong>dem</strong></span> <span class='ocrx_word' id='word_1_712' title='bbox 424 5023 640 5092; x_wconf 90' lang='lat' dir='ltr'><strong>quippe</strong></span> <span class='ocrx_word' id='word_1_713' title='bbox 672 5017 1026 5073; x_wconf 88' lang='lat' dir='ltr'><strong>conditionis</strong></span> <span class='ocrx_word' id='word_1_714' title='bbox 1057 5020 1146 5070; x_wconf 90' lang='lat' dir='ltr'><strong>est</strong></span> <span class='ocrx_word' id='word_1_715' title='bbox 1176 5030 1307 5069; x_wconf 88' lang='lat' dir='ltr'><strong>cum</strong></span> <span class='ocrx_word' id='word_1_716' title='bbox 1343 5014 1604 5068; x_wconf 88' lang='lat' dir='ltr'><strong>dissidiis</strong></span> <span class='ocrx_word' id='word_1_717' title='bbox 1643 5012 1901 5067; x_wconf 90' lang='lat' dir='ltr'><strong>elemen-</strong></span> 
     </span>
    </p>
   </div>
   <div class='ocr_carea' id='block_1_100' title="bbox 245 5100 1900 5181">
    <p class='ocr_par' dir='ltr' id='par_1_100' title="bbox 245 5100 1900 5181">
     <span class='ocr_line' id='line_1_100' title="bbox 245 5100 1900 5181; baseline -0.008 -14"><span class='ocrx_word' id='word_1_718' title='bbox 245 5118 447 5167; x_wconf 87' lang='lat' dir='ltr'><strong>torum</strong></span> <span class='ocrx_word' id='word_1_719' title='bbox 508 5125 747 5181; x_wconf 86' lang='lat' dir='ltr'><strong>prorsus</strong></span> <span class='ocrx_word' id='word_1_720' title='bbox 808 5103 1281 5176; x_wconf 88' lang='lat' dir='ltr'><strong>implacabilibus</strong></span> <span class='ocrx_word' id='word_1_721' title='bbox 1329 5106 1384 5156; x_wconf 92' lang='lat' dir='ltr'><strong>et</strong></span> <span class='ocrx_word' id='word_1_722' title='bbox 1414 5100 1900 5171; x_wconf 72' lang='lat' dir='ltr'><strong>desperatissima:</strong></span> 
     </span>
    </p>
   </div>
   <div class='ocr_carea' id='block_1_101' title="bbox 244 5193 1901 5274">
    <p class='ocr_par' dir='ltr' id='par_1_101' title="bbox 244 5193 1901 5274">
     <span class='ocr_line' id='line_1_101' title="bbox 244 5193 1901 5274; baseline -0.007 -20"><span class='ocrx_word' id='word_1_723' title='bbox 244 5199 709 5274; x_wconf 82' lang='lat' dir='ltr'><strong>pacificationis;</strong></span> <span class='ocrx_word' id='word_1_724' title='bbox 745 5194 980 5266; x_wconf 88' lang='lat' dir='ltr'><strong>quando</strong></span> <span class='ocrx_word' id='word_1_725' title='bbox 1006 5193 1161 5248; x_wconf 89' lang='lat' dir='ltr'><strong>enim</strong></span> <span class='ocrx_word' id='word_1_726' title='bbox 1214 5196 1584 5263; x_wconf 88' lang='lat' dir='ltr'><strong>exspectetur</strong></span> <span class='ocrx_word' id='word_1_727' title='bbox 1634 5195 1697 5244; x_wconf 90' lang='lat' dir='ltr'><strong>ut</strong></span> <span class='ocrx_word' id='word_1_728' title='bbox 1739 5206 1901 5259; x_wconf 68' lang='lat' dir='ltr'><strong>aqua:</strong></span> 
     </span>
    </p>
   </div>
   <div class='ocr_carea' id='block_1_102' title="bbox 246 5278 1901 5355">
    <p class='ocr_par' dir='ltr' id='par_1_102' title="bbox 246 5278 1901 5355">
     <span class='ocr_line' id='line_1_102' title="bbox 246 5278 1901 5355; baseline -0.008 -10"><span class='ocrx_word' id='word_1_729' title='bbox 246 5294 403 5346; x_wconf 86' lang='lat' dir='ltr'><strong>bona</strong></span> <span class='ocrx_word' id='word_1_730' title='bbox 437 5289 547 5343; x_wconf 89' lang='lat' dir='ltr'><strong>lide</strong></span> <span class='ocrx_word' id='word_1_731' title='bbox 580 5304 711 5341; x_wconf 90' lang='lat' dir='ltr'><strong>cum</strong></span> <span class='ocrx_word' id='word_1_732' title='bbox 749 5286 882 5355; x_wconf 86' lang='lat' dir='ltr'><strong>igne</strong></span> <span class='ocrx_word' id='word_1_733' title='bbox 913 5281 1265 5337; x_wconf 87' lang='lat' dir='ltr'><strong>conveniat?</strong></span> <span class='ocrx_word' id='word_1_734' title='bbox 1295 5279 1498 5334; x_wconf 84' lang='lat' dir='ltr'><strong>Calelit</strong></span> <span class='ocrx_word' id='word_1_735' title='bbox 1529 5278 1765 5349; x_wconf 91' lang='lat' dir='ltr'><strong>quidem</strong></span> <span class='ocrx_word' id='word_1_736' title='bbox 1801 5294 1901 5349; x_wconf 87' lang='lat' dir='ltr'><strong>ge-</strong></span> 
     </span>
    </p>
   </div>
   <div class='ocr_carea' id='block_1_103' title="bbox 247 5368 1901 5446">
    <p class='ocr_par' dir='ltr' id='par_1_103' title="bbox 247 5368 1901 5446">
     <span class='ocr_line' id='line_1_103' title="bbox 247 5368 1901 5446; baseline -0.01 -12"><span class='ocrx_word' id='word_1_737' title='bbox 247 5380 411 5434; x_wconf 89' lang='lat' dir='ltr'><strong>lidus</strong></span> <span class='ocrx_word' id='word_1_738' title='bbox 442 5379 640 5446; x_wconf 90' lang='lat' dir='ltr'><strong>liquor</strong></span> <span class='ocrx_word' id='word_1_739' title='bbox 671 5376 920 5429; x_wconf 68' lang='lat' dir='ltr'><strong>flammae</strong></span> <span class='ocrx_word' id='word_1_740' title='bbox 950 5372 999 5426; x_wconf 92' lang='lat' dir='ltr'><strong>vi</strong></span> <span class='ocrx_word' id='word_1_741' title='bbox 1035 5372 1301 5434; x_wconf 72' lang='lat' dir='ltr'><strong>admotre,</strong></span> <span class='ocrx_word' id='word_1_742' title='bbox 1337 5368 1659 5438; x_wconf 88' lang='lat' dir='ltr'><strong>ebullitque</strong></span> <span class='ocrx_word' id='word_1_743' title='bbox 1700 5384 1764 5421; x_wconf 86' lang='lat' dir='ltr'><strong>ac</strong></span> <span class='ocrx_word' id='word_1_744' title='bbox 1816 5368 1901 5419; x_wconf 87' lang='lat' dir='ltr'><strong>l&#39;u—</strong></span> 
     </span>
    </p>
   </div>
   <div class='ocr_carea' id='block_1_104' title="bbox 255 5456 1903 5537">
    <p class='ocr_par' dir='ltr' id='par_1_104' title="bbox 255 5456 1903 5537">
     <span class='ocr_line' id='line_1_104' title="bbox 255 5456 1903 5537; baseline -0.01 -12"><span class='ocrx_word' id='word_1_745' title='bbox 255 5474 397 5534; x_wconf 88' lang='lat' dir='ltr'><strong>mat,</strong></span> <span class='ocrx_word' id='word_1_746' title='bbox 432 5468 531 5523; x_wconf 84' lang='lat' dir='ltr'><strong>sed</strong></span> <span class='ocrx_word' id='word_1_747' title='bbox 570 5470 959 5537; x_wconf 67' lang='lat' dir='ltr'><strong>praeterquam</strong></span> <span class='ocrx_word' id='word_1_748' title='bbox 1002 5461 1111 5516; x_wconf 89' lang='lat' dir='ltr'><strong>sibi</strong></span> <span class='ocrx_word' id='word_1_749' title='bbox 1165 5459 1424 5526; x_wconf 90' lang='lat' dir='ltr'><strong>relictus,</strong></span> <span class='ocrx_word' id='word_1_750' title='bbox 1478 5459 1734 5511; x_wconf 79' lang='lat' dir='ltr'><strong>nativum</strong></span> <span class='ocrx_word' id='word_1_751' title='bbox 1788 5456 1903 5509; x_wconf 91' lang='lat' dir='ltr'><strong>cito</strong></span> 
     </span>
    </p>
   </div>
   <div class='ocr_carea' id='block_1_105' title="bbox 250 5544 1900 5632">
    <p class='ocr_par' dir='ltr' id='par_1_105' title="bbox 250 5544 1900 5632">
     <span class='ocr_line' id='line_1_105' title="bbox 250 5544 1900 5632; baseline -0.009 -20"><span class='ocrx_word' id='word_1_752' title='bbox 250 5563 442 5632; x_wconf 76' lang='lat' dir='ltr'><strong>frigus</strong></span> <span class='ocrx_word' id='word_1_753' title='bbox 467 5556 827 5626; x_wconf 86' lang='lat' dir='ltr'><strong>recipit,tum</strong></span> <span class='ocrx_word' id='word_1_754' title='bbox 852 5552 1027 5606; x_wconf 90' lang='lat' dir='ltr'><strong>etiam</strong></span> <span class='ocrx_word' id='word_1_755' title='bbox 1052 5567 1185 5604; x_wconf 86' lang='lat' dir='ltr'><strong>cum</strong></span> <span class='ocrx_word' id='word_1_756' title='bbox 1213 5553 1389 5603; x_wconf 80' lang='lat' dir='ltr'><strong>fervet</strong></span> <span class='ocrx_word' id='word_1_757' title='bbox 1413 5547 1683 5609; x_wconf 85' lang='lat' dir='ltr'><strong>maxime,</strong></span> <span class='ocrx_word' id='word_1_758' title='bbox 1708 5544 1900 5616; x_wconf 87' lang='lat' dir='ltr'><strong>ignem</strong></span> 
     </span>
    </p>
   </div>
   <div class='ocr_carea' id='block_1_106' title="bbox 256 5634 1901 5723">
    <p class='ocr_par' dir='ltr' id='par_1_106' title="bbox 256 5634 1901 5723">
     <span class='ocr_line' id='line_1_106' title="bbox 256 5634 1901 5723; baseline -0.011 -18"><span class='ocrx_word' id='word_1_759' title='bbox 256 5652 314 5707; x_wconf 90' lang='lat' dir='ltr'><strong>in</strong></span> <span class='ocrx_word' id='word_1_760' title='bbox 340 5665 517 5723; x_wconf 91' lang='lat' dir='ltr'><strong>quem</strong></span> <span class='ocrx_word' id='word_1_761' title='bbox 546 5642 820 5700; x_wconf 89' lang='lat' dir='ltr'><strong>inciderit</strong></span> <span class='ocrx_word' id='word_1_762' title='bbox 849 5640 1478 5711; x_wconf 79' lang='lat' dir='ltr'><strong>exstinguit.Quocirca</strong></span> <span class='ocrx_word' id='word_1_763' title='bbox 1508 5651 1706 5691; x_wconf 88' lang='lat' dir='ltr'><strong>vereor</strong></span> <span class='ocrx_word' id='word_1_764' title='bbox 1735 5634 1901 5705; x_wconf 85' lang='lat' dir='ltr'><strong>equi-</strong></span> 
     </span>
    </p>
   </div>
   <div class='ocr_carea' id='block_1_107' title="bbox 2012 4650 3653 4728">
    <p class='ocr_par' dir='ltr' id='par_1_107' title="bbox 2012 4650 3653 4728">
     <span class='ocr_line' id='line_1_107' title="bbox 2012 4650 3653 4728; baseline -0.007 -16"><span class='ocrx_word' id='word_1_765' title='bbox 2012 4656 2254 4728; x_wconf 83' lang='lat' dir='ltr'><strong>prodis?</strong></span> <span class='ocrx_word' id='word_1_766' title='bbox 2286 4659 2381 4709; x_wconf 87' lang='lat' dir='ltr'><strong>aut</strong></span> <span class='ocrx_word' id='word_1_767' title='bbox 2416 4654 2555 4725; x_wconf 90' lang='lat' dir='ltr'><strong>quid</strong></span> <span class='ocrx_word' id='word_1_768' title='bbox 2586 4653 2759 4706; x_wconf 87' lang='lat' dir='ltr'><strong>times</strong></span> <span class='ocrx_word' id='word_1_769' title='bbox 2792 4654 2923 4722; x_wconf 89' lang='lat' dir='ltr'><strong>post</strong></span> <span class='ocrx_word' id='word_1_770' title='bbox 2945 4654 3065 4704; x_wconf 90' lang='lat' dir='ltr'><strong>tam</strong></span> <span class='ocrx_word' id='word_1_771' title='bbox 3110 4650 3368 4704; x_wconf 83' lang='lat' dir='ltr'><strong>sinceras</strong></span> <span class='ocrx_word' id='word_1_772' title='bbox 3418 4666 3653 4719; x_wconf 84' lang='lat' dir='ltr'><strong>expres-</strong></span> 
     </span>
    </p>
   </div>
   <div class='ocr_carea' id='block_1_108' title="bbox 2012 4739 3650 4800">
    <p class='ocr_par' dir='ltr' id='par_1_108' title="bbox 2012 4739 3650 4800">
     <span class='ocr_line' id='line_1_108' title="bbox 2012 4739 3650 4800; baseline -0.005 0"><span class='ocrx_word' id='word_1_773' title='bbox 2012 4746 2208 4800; x_wconf 89' lang='lat' dir='ltr'><strong>siones</strong></span> <span class='ocrx_word' id='word_1_774' title='bbox 2240 4760 2381 4799; x_wconf 74' lang='lat' dir='ltr'><strong>meze</strong></span> <span class='ocrx_word' id='word_1_775' title='bbox 2411 4742 2517 4798; x_wconf 91' lang='lat' dir='ltr'><strong>tibi</strong></span> <span class='ocrx_word' id='word_1_776' title='bbox 2548 4741 2792 4797; x_wconf 67' lang='lat' dir='ltr'><strong>addicta:</strong></span> <span class='ocrx_word' id='word_1_777' title='bbox 2813 4739 3247 4794; x_wconf 83' lang='lat' dir='ltr'><strong>voluntatis‘?Ad</strong></span> <span class='ocrx_word' id='word_1_778' title='bbox 3269 4755 3338 4793; x_wconf 89' lang='lat' dir='ltr'><strong>ea</strong></span> <span class='ocrx_word' id='word_1_779' title='bbox 3370 4755 3500 4792; x_wconf 89' lang='lat' dir='ltr'><strong>mus</strong></span> <span class='ocrx_word' id='word_1_780' title='bbox 3530 4739 3650 4792; x_wconf 67' lang='lat' dir='ltr'><strong>haec</strong></span> 
     </span>
    </p>
   </div>
   <div class='ocr_carea' id='block_1_109' title="bbox 2011 4827 3648 4906">
    <p class='ocr_par' dir='ltr' id='par_1_109' title="bbox 2011 4827 3648 4906">
     <span class='ocr_line' id='line_1_109' title="bbox 2011 4827 3648 4906; baseline -0.005 -17"><span class='ocrx_word' id='word_1_781' title='bbox 2011 4833 2273 4906; x_wconf 89' lang='lat' dir='ltr'><strong>reposuit</strong></span> <span class='ocrx_word' id='word_1_782' title='bbox 2306 4849 2318 4886; x_wconf 85' lang='lat'><strong>:</strong></span> <span class='ocrx_word' id='word_1_783' title='bbox 2353 4830 2635 4885; x_wconf 65' lang='lat' dir='ltr'><strong>Amicitias</strong></span> <span class='ocrx_word' id='word_1_784' title='bbox 2665 4828 2881 4899; x_wconf 85' lang='lat' dir='ltr'><strong>duplex</strong></span> <span class='ocrx_word' id='word_1_785' title='bbox 2911 4844 3094 4899; x_wconf 87' lang='lat' dir='ltr'><strong>genus</strong></span> <span class='ocrx_word' id='word_1_786' title='bbox 3126 4827 3185 4882; x_wconf 90' lang='lat' dir='ltr'><strong>in</strong></span> <span class='ocrx_word' id='word_1_787' title='bbox 3216 4827 3331 4882; x_wconf 88' lang='lat' dir='ltr'><strong>vita</strong></span> <span class='ocrx_word' id='word_1_788' title='bbox 3360 4831 3481 4895; x_wconf 87' lang='lat' dir='ltr'><strong>est;</strong></span> <span class='ocrx_word' id='word_1_789' title='bbox 3514 4845 3648 4882; x_wconf 88' lang='lat' dir='ltr'><strong>nam</strong></span> 
     </span>
    </p>
   </div>
   <div class='ocr_carea' id='block_1_110' title="bbox 2012 4916 3651 4987">
    <p class='ocr_par' dir='ltr' id='par_1_110' title="bbox 2012 4916 3651 4987">
     <span class='ocr_line' id='line_1_110' title="bbox 2012 4916 3651 4987; baseline -0.006 -9"><span class='ocrx_word' id='word_1_790' title='bbox 2012 4923 2107 4978; x_wconf 88' lang='lat' dir='ltr'><strong>alii</strong></span> <span class='ocrx_word' id='word_1_791' title='bbox 2140 4921 2347 4976; x_wconf 79' lang='lat' dir='ltr'><strong>affectu</strong></span> <span class='ocrx_word' id='word_1_792' title='bbox 2382 4920 2588 4973; x_wconf 91' lang='lat' dir='ltr'><strong>intimo</strong></span> <span class='ocrx_word' id='word_1_793' title='bbox 2621 4917 2804 4971; x_wconf 89' lang='lat' dir='ltr'><strong>animi</strong></span> <span class='ocrx_word' id='word_1_794' title='bbox 2834 4932 2896 4971; x_wconf 86' lang='lat' dir='ltr'><strong>se</strong></span> <span class='ocrx_word' id='word_1_795' title='bbox 2924 4916 3169 4971; x_wconf 81' lang='lat' dir='ltr'><strong>invicem</strong></span> <span class='ocrx_word' id='word_1_796' title='bbox 3220 4916 3473 4987; x_wconf 88' lang='lat' dir='ltr'><strong>amplexi</strong></span> <span class='ocrx_word' id='word_1_797' title='bbox 3521 4932 3651 4969; x_wconf 88' lang='lat' dir='ltr'><strong>vere</strong></span> 
     </span>
    </p>
   </div>
   <div class='ocr_carea' id='block_1_111' title="bbox 2012 5006 3649 5079">
    <p class='ocr_par' dir='ltr' id='par_1_111' title="bbox 2012 5006 3649 5079">
     <span class='ocr_line' id='line_1_111' title="bbox 2012 5006 3649 5079; baseline -0.005 -14"><span class='ocrx_word' id='word_1_798' title='bbox 2012 5015 2353 5079; x_wconf 90' lang='lat' dir='ltr'><strong>amant,non</strong></span> <span class='ocrx_word' id='word_1_799' title='bbox 2386 5008 2563 5062; x_wconf 86' lang='lat' dir='ltr'><strong>alium</strong></span> <span class='ocrx_word' id='word_1_800' title='bbox 2592 5011 2905 5078; x_wconf 89' lang='lat' dir='ltr'><strong>sequentes</strong></span> <span class='ocrx_word' id='word_1_801' title='bbox 2938 5006 3155 5061; x_wconf 88' lang='lat' dir='ltr'><strong>amoris</strong></span> <span class='ocrx_word' id='word_1_802' title='bbox 3184 5006 3437 5060; x_wconf 90' lang='lat' dir='ltr'><strong>fructum</strong></span> <span class='ocrx_word' id='word_1_803' title='bbox 3473 5020 3649 5075; x_wconf 92' lang='lat' dir='ltr'><strong>quam</strong></span> 
     </span>
    </p>
   </div>
   <div class='ocr_carea' id='block_1_112' title="bbox 2010 5095 3654 5171">
    <p class='ocr_par' dir='ltr' id='par_1_112' title="bbox 2010 5095 3654 5171">
     <span class='ocr_line' id='line_1_112' title="bbox 2010 5095 3654 5171; baseline -0.005 -17"><span class='ocrx_word' id='word_1_804' title='bbox 2010 5100 2199 5171; x_wconf 90' lang='lat' dir='ltr'><strong>ipsam</strong></span> <span class='ocrx_word' id='word_1_805' title='bbox 2232 5099 2444 5169; x_wconf 89' lang='lat' dir='ltr'><strong>dignos</strong></span> <span class='ocrx_word' id='word_1_806' title='bbox 2470 5096 2707 5151; x_wconf 88' lang='lat' dir='ltr'><strong>amandi</strong></span> <span class='ocrx_word' id='word_1_807' title='bbox 2747 5096 3150 5162; x_wconf 89' lang='lat' dir='ltr'><strong>honestatem;</strong></span> <span class='ocrx_word' id='word_1_808' title='bbox 3201 5095 3448 5149; x_wconf 90' lang='lat' dir='ltr'><strong>aliorum</strong></span> <span class='ocrx_word' id='word_1_809' title='bbox 3494 5110 3654 5163; x_wconf 75' lang='lat' dir='ltr'><strong>qua:-</strong></span> 
     </span>
    </p>
   </div>
   <div class='ocr_carea' id='block_1_113' title="bbox 2012 5181 3655 5259">
    <p class='ocr_par' dir='ltr' id='par_1_113' title="bbox 2012 5181 3655 5259">
     <span class='ocr_line' id='line_1_113' title="bbox 2012 5181 3655 5259; baseline -0.005 -16"><span class='ocrx_word' id='word_1_810' title='bbox 2012 5187 2233 5243; x_wconf 89' lang='lat' dir='ltr'><strong>stuosis</strong></span> <span class='ocrx_word' id='word_1_811' title='bbox 2280 5187 2585 5259; x_wconf 88' lang='lat' dir='ltr'><strong>implicata</strong></span> <span class='ocrx_word' id='word_1_812' title='bbox 2633 5184 2959 5241; x_wconf 88' lang='lat' dir='ltr'><strong>rationibus</strong></span> <span class='ocrx_word' id='word_1_813' title='bbox 3001 5188 3058 5239; x_wconf 90' lang='lat' dir='ltr'><strong>et</strong></span> <span class='ocrx_word' id='word_1_814' title='bbox 3105 5184 3347 5239; x_wconf 90' lang='lat' dir='ltr'><strong>minimc</strong></span> <span class='ocrx_word' id='word_1_815' title='bbox 3400 5181 3655 5254; x_wconf 88' lang='lat' dir='ltr'><strong>gratuita</strong></span> 
     </span>
    </p>
   </div>
   <div class='ocr_carea' id='block_1_114' title="bbox 2011 5272 3654 5347">
    <p class='ocr_par' dir='ltr' id='par_1_114' title="bbox 2011 5272 3654 5347">
     <span class='ocr_line' id='line_1_114' title="bbox 2011 5272 3654 5347; baseline -0.005 -15"><span class='ocrx_word' id='word_1_816' title='bbox 2011 5278 2243 5333; x_wconf 90' lang='lat' dir='ltr'><strong>dilectio</strong></span> <span class='ocrx_word' id='word_1_817' title='bbox 2310 5283 2417 5341; x_wconf 90' lang='lat' dir='ltr'><strong>est,</strong></span> <span class='ocrx_word' id='word_1_818' title='bbox 2452 5275 2845 5347; x_wconf 88' lang='lat' dir='ltr'><strong>spectantium</strong></span> <span class='ocrx_word' id='word_1_819' title='bbox 2906 5291 3022 5329; x_wconf 91' lang='lat' dir='ltr'><strong>non</strong></span> <span class='ocrx_word' id='word_1_820' title='bbox 3084 5290 3363 5345; x_wconf 89' lang='lat' dir='ltr'><strong>personas</strong></span> <span class='ocrx_word' id='word_1_821' title='bbox 3420 5272 3654 5324; x_wconf 85' lang='lat' dir='ltr'><strong>dotesve</strong></span> 
     </span>
    </p>
   </div>
   <div class='ocr_carea' id='block_1_115' title="bbox 2013 5361 3649 5435">
    <p class='ocr_par' dir='ltr' id='par_1_115' title="bbox 2013 5361 3649 5435">
     <span class='ocr_line' id='line_1_115' title="bbox 2013 5361 3649 5435; baseline -0.006 -13"><span class='ocrx_word' id='word_1_822' title='bbox 2013 5367 2298 5422; x_wconf 88' lang='lat' dir='ltr'><strong>amabiles</strong></span> <span class='ocrx_word' id='word_1_823' title='bbox 2345 5365 2713 5430; x_wconf 82' lang='lat' dir='ltr'><strong>dilectarum,</strong></span> <span class='ocrx_word' id='word_1_824' title='bbox 2764 5365 2864 5419; x_wconf 88' lang='lat' dir='ltr'><strong>sed</strong></span> <span class='ocrx_word' id='word_1_825' title='bbox 2914 5380 3054 5435; x_wconf 91' lang='lat' dir='ltr'><strong>opes</strong></span> <span class='ocrx_word' id='word_1_826' title='bbox 3100 5363 3364 5430; x_wconf 88' lang='lat' dir='ltr'><strong>vicesque</strong></span> <span class='ocrx_word' id='word_1_827' title='bbox 3416 5361 3649 5413; x_wconf 88' lang='lat' dir='ltr'><strong>mutuas</strong></span> 
     </span>
    </p>
   </div>
   <div class='ocr_carea' id='block_1_116' title="bbox 2013 5448 3649 5526">
    <p class='ocr_par' dir='ltr' id='par_1_116' title="bbox 2013 5448 3649 5526">
     <span class='ocr_line' id='line_1_116' title="bbox 2013 5448 3649 5526; baseline -0.008 -16"><span class='ocrx_word' id='word_1_828' title='bbox 2013 5459 2382 5526; x_wconf 90' lang='lat' dir='ltr'><strong>speratorum</strong></span> <span class='ocrx_word' id='word_1_829' title='bbox 2409 5470 2477 5509; x_wconf 84' lang='lat' dir='ltr'><strong>ex</strong></span> <span class='ocrx_word' id='word_1_830' title='bbox 2507 5453 2651 5525; x_wconf 90' lang='lat' dir='ltr'><strong>ipsis</strong></span> <span class='ocrx_word' id='word_1_831' title='bbox 2695 5452 3020 5506; x_wconf 84' lang='lat' dir='ltr'><strong>officiorum</strong></span> <span class='ocrx_word' id='word_1_832' title='bbox 3070 5450 3139 5504; x_wconf 91' lang='lat' dir='ltr'><strong>ad</strong></span> <span class='ocrx_word' id='word_1_833' title='bbox 3191 5448 3315 5502; x_wconf 74' lang='lat' dir='ltr'><strong>vita:</strong></span> <span class='ocrx_word' id='word_1_834' title='bbox 3367 5450 3649 5516; x_wconf 89' lang='lat' dir='ltr'><strong>opportu-</strong></span> 
     </span>
    </p>
   </div>
   <div class='ocr_carea' id='block_1_117' title="bbox 2013 5536 3647 5614">
    <p class='ocr_par' dir='ltr' id='par_1_117' title="bbox 2013 5536 3647 5614">
     <span class='ocr_line' id='line_1_117' title="bbox 2013 5536 3647 5614; baseline -0.008 -14"><span class='ocrx_word' id='word_1_835' title='bbox 2013 5546 2226 5601; x_wconf 89' lang='lat' dir='ltr'><strong>nitates</strong></span> <span class='ocrx_word' id='word_1_836' title='bbox 2258 5545 2514 5600; x_wconf 90' lang='lat' dir='ltr'><strong>utilium.</strong></span> <span class='ocrx_word' id='word_1_837' title='bbox 2543 5544 2658 5599; x_wconf 85' lang='lat' dir='ltr'><strong>Hos</strong></span> <span class='ocrx_word' id='word_1_838' title='bbox 2688 5559 2793 5614; x_wconf 88' lang='lat' dir='ltr'><strong>ego</strong></span> <span class='ocrx_word' id='word_1_839' title='bbox 2824 5555 3162 5611; x_wconf 89' lang='lat' dir='ltr'><strong>comparare</strong></span> <span class='ocrx_word' id='word_1_840' title='bbox 3201 5537 3409 5591; x_wconf 89' lang='lat' dir='ltr'><strong>vestris</strong></span> <span class='ocrx_word' id='word_1_841' title='bbox 3459 5536 3647 5590; x_wconf 90' lang='lat' dir='ltr'><strong>hosti-</strong></span> 
     </span>
    </p>
   </div>
   <div class='ocr_carea' id='block_1_118' title="bbox 2012 5630 3645 5706">
    <p class='ocr_par' dir='ltr' id='par_1_118' title="bbox 2012 5630 3645 5706">
     <span class='ocr_line' id='line_1_118' title="bbox 2012 5630 3645 5706; baseline -0.006 -15"><span class='ocrx_word' id='word_1_842' title='bbox 2012 5636 2125 5691; x_wconf 89' lang='lat' dir='ltr'><strong>bus</strong></span> <span class='ocrx_word' id='word_1_843' title='bbox 2156 5636 2483 5706; x_wconf 88' lang='lat' dir='ltr'><strong>aucupibus</strong></span> <span class='ocrx_word' id='word_1_844' title='bbox 2513 5633 2694 5699; x_wconf 90' lang='lat' dir='ltr'><strong>soleo,</strong></span> <span class='ocrx_word' id='word_1_845' title='bbox 2727 5633 2867 5686; x_wconf 88' lang='lat' dir='ltr'><strong>dum</strong></span> <span class='ocrx_word' id='word_1_846' title='bbox 2900 5645 3082 5700; x_wconf 87' lang='lat' dir='ltr'><strong>grana</strong></span> <span class='ocrx_word' id='word_1_847' title='bbox 3111 5630 3417 5697; x_wconf 81' lang='lat' dir='ltr'><strong>spargunt,</strong></span> <span class='ocrx_word' id='word_1_848' title='bbox 3450 5641 3645 5681; x_wconf 82' lang='lat' dir='ltr'><strong>escam</strong></span> 
     </span>
    </p>
   </div>
  </div>
