3984 6202
278 235 421 292 1299

1791 253 2176 308 APPENDIX.

3570 257 3710 314 1300

283 365 601 438 expetitam
634 366 857 436 avibus,
883 369 1048 440 larga
1079 385 1255 426 manu
1290 371 1510 427 circum
1545 374 1925 443 laqueos,non
1960 379 2010 444 Α
2043 378 2300 434 ofﬁcium
2352 380 2532 435 moris
2578 380 2636 435 in
2684 379 3017 451 columbas,
3064 385 3121 436 et
3165 383 3532 438 contractam
3579 399 3715 438 cum

293 455 416 510 ulla
445 455 792 512 liberalitate
824 462 924 512 aut
954 457 1365 517 benefaciendi
1414 464 1632 534 studio,
1665 466 1766 520 sed
1815 481 1940 522 sor-

295 544 428 597 dida
462 543 723 604 instincti
755 546 1080 616 cupiditate
1114 550 1411 621 praedandi
1443 569 1624 624 seque
1655 554 1815 624 ipsos
1846 571 1942 610 sa-

293 631 535 702 ginandi
568 633 846 689 carnibus
879 636 1252 710 deceptarum
1301 640 1661 699 illecebrosis
1710 643 1944 698 insidiis

295 721 838 782 volucrum.Procul
871 728 991 783 haec
1021 746 1054 782 a
1086 746 1214 786 meo
1244 748 1351 788 usu
1390 737 1446 788 et
1475 735 1645 805 genio
1678 733 1944 790 amicitiae

297 811 486 870 forma
517 817 626 880 est,
656 831 832 885 quam
869 833 938 872 ne
969 818 1071 873 tibi
1127 821 1365 894 quidem
1413 823 1644 894 probari
1695 825 1943 881 conﬁdo.

299 901 585 972 Equidem
620 905 765 960 mihi
797 921 930 961 sum
963 911 1256 976 conscius,
1291 927 1478 968 meam
1512 914 1568 968 in
1602 919 1658 969 te
1689 931 1804 970 uno
1854 915 1945 970 dio

301 990 608 1047 lectionem
643 995 1038 1067 acquiescere,
1072 1016 1175 1054 nec
1205 1000 1311 1055 ulli
1343 1009 1619 1073 praeterea
1648 1021 1715 1060 ex
1749 1009 1804 1058 te
1852 995 1954 1059 ca?

299 1080 520 1152 ptando
581 1080 808 1139 inhiare
859 1089 1204 1159 compendio
1255 1095 1358 1146 aut
1405 1095 1734 1148 commodo.
1786 1094 1945 1158 Quod

298 1173 493 1224 autem
529 1173 792 1228 nondum
826 1178 984 1231 totus
1017 1179 1377 1248 prodeo,non
1413 1181 1568 1236 ullus
1599 1187 1715 1238 ate
1756 1187 1950 1238 metus

297 1257 356 1320 in
390 1275 569 1314 causa
599 1266 722 1317 est:
758 1263 902 1318 satis
935 1265 1161 1322 conﬁdo
1192 1267 1387 1324 verbis
1417 1270 1534 1324 tuis
1585 1275 1649 1325 ut
1701 1287 1792 1326 me
1842 1270 1950 1324 tibi

298 1349 534 1404 credere
574 1368 688 1406 non
734 1353 1001 1410 dubitem
1035 1373 1049 1410 :
1084 1373 1282 1412 verum
1333 1358 1429 1414 alii
1480 1359 1951 1416 circumvolitant

301 1438 385 1493 tui
419 1438 704 1511 similes,a
737 1459 987 1515 quorum
1021 1445 1078 1500 vi
1112 1446 1275 1502 nulla
1303 1447 1444 1504 mihi
1469 1450 1661 1505 adhuc
1681 1451 1949 1522 pactione

303 1534 542 1584 cautum
575 1534 684 1585 est.
717 1531 937 1588 Horum
969 1550 1197 1607 ungues
1229 1543 1284 1592 et
1315 1543 1505 1594 rostra
1538 1556 1652 1594 non
1685 1539 1811 1595 sine
1857 1557 1950 1597 ra-

303 1614 460 1672 tione
493 1619 775 1674 metuenti
805 1619 1107 1694 ignoscere
1137 1628 1192 1680 te
1222 1626 1368 1688 mihi
1399 1644 1630 1699 aequum
1663 1633 1784 1697 est;
1834 1647 1949 1686 non

305 1705 461 1760 enim
494 1705 670 1762 iidem
704 1709 966 1765 omnium
1002 1728 1194 1770 mores
1225 1731 1290 1770 ac
1334 1732 1545 1772 sensus
1592 1722 1752 1784 sunt,
1801 1735 1947 1789 quos

302 1800 524 1851 nature
555 1795 766 1853 similis
789 1799 990 1873 jungit
1015 1805 1372 1864 communio.
1415 1806 1614 1878 Neque
1663 1808 1772 1863 hoc
1826 1811 1944 1865 for-

300 1884 510 1951 mides,
544 1886 627 1942 ait
656 1903 886 1957 corvus,
941 1907 1076 1948 nam
1127 1893 1315 1950 fmdus
1358 1896 1628 1954 ineuntes
1673 1898 1944 1954 amicitiae

298 1990 402 2044 pro
452 1991 510 2029 se
561 1975 803 2048 suisque
835 1980 1246 2052 paciscuntur;
1282 1985 1588 2057 primaque
1619 2003 1764 2042 verae
1799 1989 1946 2043 ami-

298 2064 446 2119 citirn
468 2063 557 2119 lex
575 2071 663 2121 est
679 2067 900 2124 amicos
920 2086 1116 2128 amare
1137 2075 1466 2131 amicorum
1489 2079 1948 2149 eorumdemque

297 2152 498 2207 hostes
531 2155 662 2210 odio
693 2163 989 2230 prosequi.
1027 2163 1273 2220 Dabitur
1298 2166 1504 2221 efﬁcax
1535 2183 1568 2221 a
1608 2184 1699 2223 me
1748 2185 1945 2239 opera,

302 2258 373 2294 ne
423 2242 677 2314 dubites,
730 2263 844 2300 non
903 2250 1073 2304 modo
1125 2257 1188 2307 ut
1239 2271 1308 2308 ne
1357 2255 1495 2324 quid
1547 2255 1653 2309 tibi
1705 2261 1950 2312 noceant

303 2330 515 2387 fratres
546 2336 978 2408 necessariique
1010 2340 1146 2406 mei,
1181 2359 1377 2398 verum
1413 2345 1588 2399 etiam
1623 2352 1685 2402 ut
1734 2351 1788 2402 te
1833 2364 1948 2402 non

309 2421 508 2476 minus
558 2439 736 2492 quam
787 2442 894 2498 ego
943 2445 1011 2483 ex
1060 2432 1257 2488 animo
1287 2432 1539 2504 diligant
1570 2452 1633 2490 ac
1663 2453 1766 2506 pro
1797 2436 1950 2491 virili

301 2510 524 2578 juvent.
586 2511 687 2567 His
740 2515 992 2587 denique
1050 2521 1268 2575 auditis
1315 2539 1494 2577 ausus
1543 2525 1738 2595 egredi
1796 2543 1951 2593 mus,

310 2598 571 2654 solemne
602 2601 870 2658 amicitiae
904 2613 1336 2663 sacramentum
1371 2629 1539 2666 corvo
1579 2613 1742 2683 dixit,
1775 2615 1952 2670 vicis-

309 2689 542 2760 simque
573 2693 798 2764 accepit
825 2699 1054 2751 aeternae
1089 2698 1502 2756 benevolentiae
1532 2702 1828 2758 ﬁrmatum
1879 2706 1950 2760 ab

303 2793 392 2848 eo,
426 2782 539 2850 Deo
569 2783 744 2848 teste,
776 2782 972 2839 ﬁdem.

376 2901 469 2960 VI.
504 2903 646 2960 Inde
677 2905 734 2961 in
768 2907 1168 2968 familiaritate
1199 2911 1468 2970 fraternas
1500 2916 1952 2975 necessitudinis

312 3007 447 3048 cum
505 2993 780 3064 viverent,
832 2999 1089 3069 quadam
1138 3002 1234 3058 die
1283 3019 1492 3060 corvus
1540 3007 1694 3064 muri
1744 3008 1890 3065 dixit
1936 3027 1950 3067 :

310 3083 485 3139 Video
523 3102 727 3144 cavum
762 3088 869 3147 hoc
899 3096 1070 3148 tuum
1101 3093 1204 3148 viae
1235 3093 1475 3152 militari
1504 3099 1861 3169 proximum,
1893 3105 1951 3156 et
1980 3125 2022 3191 ρ

307 3189 505 3229 vereor
525 3191 598 3230 ne
621 3175 985 3249 frequentem
1015 3197 1208 3238 meum
1235 3183 1348 3241 huc
1372 3184 1690 3256 appulsum
1714 3189 1948 3260 conspi-

309 3263 421 3317 cati
453 3264 719 3331 viatores,
755 3268 1059 3326 advertant
1099 3272 1364 3328 animum
1416 3275 1487 3329 ad
1535 3276 1957 3346 explorandum

314 3368 596 3423 quorsum
640 3355 795 3410 hunc
851 3357 909 3412 in
968 3357 1160 3416 locum
1220 3367 1340 3418 tam
1400 3365 1600 3419 crebro
1656 3367 1960 3434 ventitem,

316 3440 512 3510 sicque
543 3458 677 3496 cum
705 3445 921 3500 damno
953 3451 1056 3502 tuo
1105 3448 1163 3504 in
1214 3448 1484 3508 notitiam
1536 3453 1772 3509 veniant
1798 3455 1958 3524 :late-

318 3531 557 3585 brarum
600 3537 856 3589 tuarum.
907 3535 1049 3592 Novi
1095 3542 1293 3596 autem
1346 3543 1660 3599 stationem
1708 3544 1880 3616 longe
1927 3564 1962 3602 ο.

315 3619 698 3690 talipericulo
731 3629 1042 3694 remotam,
1078 3629 1174 3683 ubi
1236 3629 1427 3701 pisces
1476 3633 1648 3688 multi
1699 3639 1860 3704 sunt,
1905 3640 1964 3692 et

315 3726 509 3764 rerum
569 3711 820 3769 aliarum
879 3717 950 3771 ad
1010 3717 1230 3774 victum
1283 3725 1744 3792 opportunarum
1795 3725 1962 3794 copia

313 3799 586 3870 benigna;
610 3801 793 3858 habeo
826 3812 1102 3874 praeterea
1131 3807 1348 3864 ibidem
1383 3809 1788 3867 testitudinem
1822 3815 1964 3869 ami-

313 3906 474 3960 cam;
530 3909 712 3963 quare
771 3893 908 3950 illuc
967 3897 1219 3968 migrare
1275 3898 1476 3970 ibique
1543 3901 1828 3958 diversari
1891 3905 1964 3960 de

314 3986 516 4036 caetero
556 3982 928 4053 decrevi,nisi
959 3986 1099 4056 quid
1128 3993 1190 4042 tu
1224 4004 1396 4044 secus
1425 3991 1633 4046 sentis.
1664 3992 1758 4046 Ait
1789 4009 1960 4048 mus:

316 4071 416 4124 lbo
466 4075 522 4127 et
552 4088 659 4142 ego
691 4071 1047 4143 perlibenter
1073 4080 1288 4147 tecum,
1321 4078 1478 4133 soleo
1511 4079 1667 4135 enim
1701 4098 1816 4137 non
1860 4085 1962 4138 uni

316 4163 682 4232 receptaculo
730 4165 1044 4220 conﬁdere.
1095 4166 1206 4222 Sed
1240 4184 1332 4222 me
1364 4185 1594 4241 semper
1616 4173 1784 4240 juvat
1813 4173 1962 4230 duas

316 4249 523 4306 saltem
558 4252 770 4309 habere
801 4253 1157 4323 mansiones,
1183 4273 1430 4326 quarum
1457 4257 1517 4312 in
1549 4259 1790 4315 alteram
1822 4278 1960 4316 con-

316 4339 536 4410 fugiam
569 4341 617 4396 si
649 4341 834 4399 altera
863 4343 1266 4400 excludar.His
1297 4363 1504 4402 corvus
1531 4349 1749 4404 auditis
1776 4352 1961 4407 muris

315 4429 561 4484 caudam
594 4435 783 4486 rostro
815 4436 1019 4487 tenens
1045 4433 1292 4488 evolavit
1339 4436 1406 4490 ad
1457 4453 1617 4492 oram
1667 4439 1846 4494 fontis
1893 4439 1952 4495 in

313 4534 429 4588 quo
460 4520 693 4574 testudo
724 4520 988 4590 degebat.
1022 4521 1153 4577 Haec
1202 4523 1404 4593 procul
1455 4524 1668 4582 intuita
1715 4529 1950 4584 venien-

311 4613 425 4661 tem
472 4624 707 4663 corvum
757 4625 890 4665 cum
950 4627 1125 4667 onere
1169 4610 1408 4668 insolito
1456 4615 1641 4670 muris
1685 4633 1715 4672 e
1763 4623 1949 4674 rostro

311 4696 643 4766 pendentis,
678 4698 804 4754 visu
837 4699 1036 4756 territa
1081 4701 1407 4772 inopinato,
1456 4703 1734 4761 demersit
1781 4722 1844 4762 se
1891 4708 1948 4763 in

311 4803 522 4856 aquam
579 4786 776 4857 ibique
822 4787 1219 4858 delitescebat,
1271 4793 1460 4862 quoad
1521 4793 1722 4864 ﬁliam,
1782 4813 1948 4852 mure

311 4874 566 4930 molliter
610 4876 672 4933 in
721 4875 898 4932 fontis
949 4880 1212 4949 margine
1260 4882 1546 4952 deposito,
1597 4885 1944 4942 nominatim

307 4963 680 5036 compellavit
708 4981 938 5034 corvus,
970 4967 1139 5036 cujus
1187 4971 1384 5024 statim
1441 4973 1692 5027 amicam
1747 4990 1943 5031 vocem

303 5053 537 5109 testudo
568 5069 918 5124 agnoscens,
969 5071 1215 5112 excussa
1265 5059 1577 5116 formidine
1625 5063 1696 5116 ad
1748 5067 1942 5134 ipsum

305 5143 516 5212 prodiit
549 5159 562 5197 :
597 5143 967 5215 salutatoque
997 5144 1172 5201 charo
1203 5148 1414 5218 capite,
1441 5155 1497 5204 et
1524 5157 1724 5223 rogato
1757 5159 1821 5207 ut
1853 5171 1943 5211 va-

300 5231 458 5298 leret,
492 5237 550 5287 et
597 5232 774 5288 satin’
821 5233 990 5290 salva)
1040 5251 1152 5304 res,
1205 5238 1276 5291 ad
1329 5241 1656 5294 extremum
1699 5257 1940 5310 percon-

298 5325 420 5376 tata
451 5320 787 5378 humaniter
815 5329 902 5379 est
936 5324 1034 5379 ubi
1064 5325 1264 5380 taudiu
1304 5326 1588 5394 haesisset,
1623 5329 1774 5382 unde
1822 5335 1941 5386 tam

299 5427 469 5464 serus
513 5412 585 5467 ad
635 5429 698 5468 se
750 5412 1176 5469 reverteretur?
1225 5413 1443 5468 Corvus
1495 5417 1618 5486 pari
1669 5419 1944 5476 comitate

298 5500 439 5567 quid
472 5499 609 5567 sibi,
634 5515 703 5555 ex
733 5517 850 5571 quo
881 5502 1129 5556 invicem
1166 5517 1279 5556 non
1311 5503 1594 5572 viderant,
1627 5506 1782 5561 varie
1805 5524 1942 5564 con-

295 5587 530 5658 tigisset
575 5590 891 5658 enarravit,
925 5591 1081 5646 haud
1133 5589 1384 5647 reticens
1411 5592 1782 5650 observatum
1817 5615 1849 5653 a
1879 5615 1942 5655 se

2049 475 2168 523 tam
2203 469 2375 524 ﬁrmo
2405 474 2464 524 et
2495 471 2608 525 ﬁdo
2640 472 2828 526 amico
2871 471 3394 527 necessitudinem.
3450 476 3714 544 Appare-

2051 559 2152 612 bat
2181 558 2451 614 delectari
2486 555 2757 615 sermone
2787 560 3170 628 testudinem,
3223 577 3353 632 quas
3405 561 3588 616 etiam
3641 563 3714 617 iis

2052 647 2238 703 oculis
2269 653 2394 704 tum
2428 647 2817 704 laudabilium
2853 653 3150 704 auctorem
3197 649 3531 706 facinorum
3581 667 3715 707 mu-

2054 754 2173 792 rem
2208 736 2590 805 gintuebatur,
2644 737 2750 808 qui
2798 737 2966 793 facile
3014 739 3491 794 demonstrarent
3544 740 3712 796 illum

2053 828 2126 880 ab
2159 827 2286 898 ipsa
2316 828 2692 897 quoquejam
2729 844 2884 882 nunc
2906 826 3094 899 diligi.
3121 833 3268 884 Tum
3292 845 3506 884 corvus
3541 832 3713 885 1³ιωὶ-

2054 918 2277 972 liariter
2307 933 2625 972 conversus
2654 917 2725 970 ad
2759 933 2986 972 murem
3020 935 3033 972 :
3067 919 3210 989 Age,
3241 918 3460 989 inquit,
3512 919 3708 988 ﬁdem,

2055 1008 2102 1061 si
2138 1005 2623 1073 videtur,exsolve
2655 1007 3338 1079 promissorum,quibus
3359 1014 3417 1064 te
3445 1015 3707 1066 narratu~

2056 1113 2206 1158 rum,
2243 1096 2340 1151 ubi
2387 1100 2638 1161 vocaret,
2691 1095 2960 1167 recepisti
3010 1097 3283 1168 quaedam
3329 1114 3524 1154 eorum
3569 1117 3698 1171 quas

2054 1185 2228 1255 longa
2257 1185 2365 1241 tibi
2398 1189 2564 1240 aetate
2594 1185 2844 1256 experiri
2876 1202 2941 1240 ac
2971 1186 3168 1241 videre
3216 1187 3495 1258 contigit;
3543 1206 3705 1257 nam,

2058 1276 2114 1332 ni
2151 1275 2336 1342 fallor,
2369 1279 2426 1330 et
2455 1275 2732 1330 idoneum
2765 1273 2949 1346 longae
3000 1274 3466 1332 confabulationi
3517 1276 3711 1332 locum

2057 1366 2150 1420 hic
2183 1365 2490 1430 habemus,
2522 1367 2578 1420 et
2609 1368 2843 1434 tempus
2873 1381 2907 1417 a
2940 1364 3145 1435 majori
3178 1381 3322 1421 cura
3351 1382 3634 1421 vacuum.

2129 1472 2417 1528 VII.Tunc
2448 1486 2582 1526 mus
2612 1470 2684 1524 ad
2718 1469 2925 1524 ambos
2965 1469 3266 1524 inhianter
3314 1475 3584 1525 attentos
3632 1471 3714 1526 sic

2057 1563 2248 1618 dicere
2279 1577 2448 1616 orsus
2479 1559 2871 1615 est:Primum
2905 1575 3012 1630 ego
3045 1559 3218 1614 fixam
3251 1559 3580 1614 stationem
3613 1576 3714 1631 po-

2056 1655 2144 1711 sui
2177 1655 2236 1709 in
2268 1653 2417 1709 cella
2446 1652 2755 1722 cujusdam
2795 1650 3063 1717 solitarii,
3116 1652 3215 1706 ubi
3260 1653 3424 1706 victu
3477 1651 3719 1706 fruebar

1978 1754 2023 1819 B
2056 1747 2238 1812 lauto,
2273 1745 2421 1800 clam
2459 1758 2787 1814 prasvorans
2817 1758 2946 1813 quae
2976 1739 3074 1796 ille
3106 1740 3218 1796 sibi
3268 1744 3606 1811 paraverat,
3663 1744 3720 1797 et

2056 1853 2124 1891 ex
2140 1835 2231 1890 his
2254 1850 2382 1905 quae
2406 1829 3052 1887 abundabantsatietati
3075 1845 3217 1884 meae
3237 1845 3524 1900 magnum
3546 1828 3718 1884 soda-

2055 1925 2201 1979 lium
2264 1936 2527 1976 meorum
2584 1935 2898 1974 numerum
2960 1934 3230 1990 pascens,
3284 1919 3388 1990 qui
3436 1934 3505 1972 eo
3569 1917 3718 1972 mihi

2057 2011 2339 2068 beneﬁcio
2369 2009 2653 2076 obstricti,
2685 2007 2990 2078 obsequio,
3027 2011 3090 2062 ut
3118 2007 3202 2076 ﬁt,
3237 2012 3296 2063 et
3325 2007 3554 2062 honore
3593 2007 3720 2062 lar-

2057 2104 2298 2172 gitorem
2354 2097 2750 2154 celebrabant.
2807 2097 3047 2152 Interim
3094 2097 3420 2164 solitarius,
3479 2096 3722 2151 damnis

2058 2189 2422 2264 quotidianis
2455 2189 2697 2250 irratus,
2729 2185 2875 2240 nihil
2904 2202 3018 2240 non
3069 2185 3336 2241 tentabat
3384 2202 3502 2255 quo
3553 2201 3720 2240 meas

2059 2299 2092 2338 a
2122 2297 2182 2336 se
2213 2278 2464 2350 injurias
2507 2275 2840 2346 depelleret.
2889 2275 2998 2330 Sed
3057 2275 3276 2329 frustra
3332 2280 3506 2330 erant
3563 2281 3719 2329 artes

2058 2373 2186 2442 ejus
2217 2382 2543 2437 omnes,me
2573 2364 2814 2420 solerter
2843 2380 2912 2420 ac
2945 2364 3191 2419 feliciter
3220 2369 3430 2418 contra
3480 2379 3722 2434 semper

2060 2460 2454 2518 machinante.
2510 2455 2733 2525 Itaque,
2782 2471 2917 2509 cum
2967 2454 3121 2508 inter
3168 2453 3283 2508 alia
3337 2460 3722 2509 commentus

2059 2555 2215 2608 esset
2243 2545 2693 2618 suspensionem
2727 2559 2794 2598 ex
2827 2542 3039 2615 paxillo
3071 2541 3256 2614 parati
3277 2543 3409 2611 jam
3455 2543 3720 2615 prandii,

2061 2639 2252 2712 quoad
2302 2637 2446 2692 hora
2495 2636 2666 2702 juxta
2725 2632 3104 2704 disciplinam
3163 2637 3502 2688 ascetarum
3565 2637 3722 2689 stata

2059 2730 2389 2802 legitimum
2419 2723 2692 2780 vescendi
2721 2727 2957 2794 tempus
2987 2721 3335 2788 reduxisset,
3356 2738 3467 2793 ego
3498 2721 3725 2777 nihilo-

2061 2819 2258 2877 minus
2286 2819 2582 2888 garrepens
2631 2817 2690 2869 et
2744 2828 2984 2868 sursum
3045 2811 3242 2867 nitens
3297 2827 3367 2866 eo
3418 2811 3724 2882 pertinge-

2061 2911 2220 2974 bam,
2252 2906 2402 2960 dans
2434 2903 2701 2959 sedulam
2733 2917 2970 2973 operam
3000 2905 3066 2956 ut
3103 2916 3173 2955 ex
3220 2901 3372 2956 meis
3423 2901 3723 2956 duntaxat

2063 2994 2324 3067 reliquiis
2380 2992 2572 3049 vivere
2628 2989 2931 3046 solitarius
2989 2995 3377 3045 assuesceret.
3447 2990 3518 3045 Et
3591 2989 3717 3045 vice

2063 3101 2259 3141 rerum
2293 3081 2528 3138 divertit
2557 3081 2627 3137 ad
2661 3095 2797 3135 eum
2834 3078 3051 3150 hospes
3081 3094 3094 3132 :
3127 3084 3429 3149 exceptus,
3483 3083 3550 3132 ut
3599 3078 3728 3134 ﬁeri

2063 3177 2135 3230 ab
2168 3173 2298 3229 istis
2329 3171 2498 3239 solet,
2530 3185 2671 3226 sane
2701 3167 2975 3224 benevole
3006 3183 3072 3221 ac
3101 3167 3365 3223 comiter.
3416 3167 3562 3223 Post
3610 3169 3728 3239 pri-

2065 3281 2192 3320 mas
2225 3261 2626 3327 salutationes,
2654 3258 2808 3313 inter
2837 3257 3100 3313 ofﬁciosa
3148 3255 3468 3328 colloquia,
3520 3256 3724 3312 solita-

2064 3354 2188 3408 rius
2220 3351 2464 3421 strepitu
2498 3346 2898 3417 forte_audito,
2945 3363 3038 3400 me
3088 3344 3281 3401 moliri
3335 3345 3566 3416 aliquid
3615 3363 3718 3418 pro

2066 3459 2226 3497 more
2279 3445 2462 3506 ratus,
2519 3437 2864 3493 exterrendo
2919 3434 3063 3490 mihi
3117 3434 3434 3505 complosit
3481 3452 3722 3490 manus.

2065 3532 2247 3601 quue
2279 3545 2456 3584 causa
2481 3527 2682 3581 eadem
2715 3541 2846 3580 cum
2878 3523 3089 3580 iterum
3121 3528 3178 3579 et
3217 3525 3393 3579 tertio
3448 3525 3723 3593 frequen-

2064 3623 2264 3684 tasset,
2296 3617 2510 3687 hospes
2540 3631 2644 3670 cur
2666 3614 2724 3668 id
2757 3613 2991 3674 faceret,
3025 3611 3311 3684 quaesivit.
3346 3611 3455 3667 Cui
3511 3612 3723 3668 solita-

2066 3709 2208 3764 rius.
2241 3707 2457 3762 lnfesta
2485 3705 2736 3770 dudum,
2781 3702 2998 3772 inquit,
3044 3701 3165 3757 haec
3213 3701 3582 3758 domuncula
3637 3708 3728 3758 est

2065 3797 2345 3853 intestino
2401 3793 2708 3851 latrocinio
2758 3790 3116 3848 astutissimi
3173 3790 3385 3856 muris,
3451 3808 3488 3846 a
3551 3792 3722 3862 cujus

2065 3888 2236 3942 dente
2266 3903 2333 3942 ac
2364 3883 2504 3956 gula
2535 3882 2679 3938 nihil
2707 3896 2949 3953 prorsus
2980 3897 3184 3936 eorum
3235 3896 3368 3951 quae
3419 3880 3575 3935 mihi
3625 3887 3726 3936 aut

2065 3975 2400 4047 hospitibus
2457 3989 2596 4044 paro
2641 3976 2766 4027 arte
2814 3969 3006 4026 adhuc
3055 3968 3176 4025 ulla
3224 3985 3462 4025 servare
3504 3971 3716 4042 potuit,

2066 4063 2588 4138 quominuslibata
2634 4063 2844 4116 cuncta
2889 4075 2956 4116 ac
3004 4059 3150 4114 ﬁnde
3197 4058 3532 4114 deformata
3579 4075 3713 4130 quo-

2067 4155 2210 4210 tidie
2263 4152 2572 4224 reperiam.
2632 4150 2782 4204 Tum
2839 4147 3076 4220 hospes,
3130 4151 3331 4213 Estne,
3400 4148 3511 4213 ait,
3580 4164 3706 4202 mus

2066 4243 2162 4299 hic
2191 4242 2373 4308 solus,
2399 4258 2471 4298 an
2500 4238 2747 4296 comites
2777 4237 2979 4293 habet?
3005 4237 3076 4292 Et
3104 4235 3225 4307 ille,
3256 4235 3470 4303 Habet,
3508 4237 3711 4308 inquit,

2068 4333 2352 4401 minutos,
2413 4346 2562 4402 quos
2620 4343 2860 4384 cursare
2915 4342 3032 4382 non
3091 4342 3222 4380 raro
3275 4325 3472 4392 video,
3533 4325 3715 4381 socios

2067 4440 2180 4478 non
2215 4436 2453 4493 paucos,
2499 4419 2601 4474 sed
2655 4416 2874 4488 exiguas
2925 4413 3250 4484 industriae,
3301 4430 3408 4469 nec
3461 4415 3711 4469 multum

2065 4513 2192 4568 ideo
2228 4509 2571 4566 formidatos
2621 4506 2800 4570 mihi;
2847 4503 3014 4560 facile
3064 4505 3282 4575 quippe
3330 4502 3470 4558 illos
3520 4504 3708 4575 abigo.

2067 4602 2281 4655 Verum
2313 4599 2594 4654 adversus
2626 4595 2973 4667 primarium
3006 4592 3172 4648 illum
3205 4593 3477 4647 fraudem
3531 4593 3708 4648 artiﬁ-

2066 4707 2188 4746 cem
2218 4689 2447 4744 nullum
2481 4686 2624 4742 mihi
2655 4683 2994 4752 consilium,
3028 4681 3191 4737 nulla
3218 4698 3398 4753 opera
3428 4683 3710 4752 procedit,

2063 4782 2205 4835 adeo
2235 4779 2414 4847 vafer,
2465 4776 2740 4846 idemque
2793 4772 3122 4844 intrepidus
3168 4770 3714 4842 callidissimusque

2065 4867 2519 4940 opportunitatis
2553 4868 2816 4936 captator
2847 4862 2942 4917 hic
2966 4860 3115 4918 latro
3147 4861 3719 4932 est.Consequenter

2064 4958 2321 5014 narravit
2337 4955 2536 5027 aliqua
2551 4971 2582 5010 e
2603 4953 2745 5009 meis
2767 4951 3249 5018 l'acinoribus,me
3267 4949 3444 5004 tacite
3465 4950 3717 5015 ridente,

2063 5067 2199 5104 nam
2231 5048 2430 5104 omnia
2468 5064 2536 5102 ex
2584 5043 2763 5100 altero
2815 5059 2942 5098 meo
2992 5058 3131 5097 cavo
3181 5039 3500 5096 audiebam
3552 5057 3718 5096 mus-

2063 5157 2222 5195 SUOS.

2133 5245 2273 5302 VIII.
2307 5244 2456 5298 Tum
2490 5243 2574 5297 sic
2615 5257 2857 5296 exorsus
2906 5238 3121 5310 hospes
3172 5242 3262 5291 est
3321 5252 3333 5288 :
3380 5235 3718 5306 Aliquando

2059 5349 2164 5405 ego
2195 5339 2252 5389 et
2279 5349 2505 5388 mecum
2540 5329 2864 5385 amicorum
2898 5327 3140 5398 quidam
3175 5325 3267 5380 usi
3299 5340 3520 5379 sumus
3559 5341 3723 5396 pere-

2055 5440 2156 5495 gre
2185 5422 2502 5477 diversorio
2535 5420 2844 5490 cujusdam
2875 5417 3017 5472 civis
3050 5416 3108 5470 in
3142 5414 3287 5469 urbe
3317 5430 3435 5468 non
3469 5414 3716 5483 ignobili

2053 5513 2209 5568 haud
2240 5512 2407 5567 valde
2437 5509 2767 5580 locupletis.
2787 5508 2950 5563 Hunc
2977 5522 3082 5578 ego
3104 5505 3264 5576 (nam
3295 5503 3496 5575 paries
3521 5503 3716 5559 tenuis

2054 5601 2389 5658 cubiculum
2419 5601 2549 5672 ejus
2580 5617 2613 5655 ε.
2643 5608 2838 5655 nostro
2871 5596 3200 5663 dirimebat)
3227 5597 3399 5649 nocte
3422 5592 3712 5648 concubia
