3984 6202
288 216 427 270 1301

1314 218 1673 272 SPECIMEN
1710 221 2108 276 SAPIBNTUE
2146 225 2482 280 INDORUM
2523 228 2683 279 VET.

3569 229 3708 283 1302

294 357 430 396 cum
466 355 642 394 uxore
672 338 1029 395 fabulantem
1056 340 1367 395 audiebam
1388 340 1446 395 in
1480 342 1636 395 hunc
1666 342 1940 398 modum:
1977 351 2023 413 Α
2061 347 2491 418 frugem,antea
2513 353 2808 406 mundatre
2831 352 3295 421 admiscuitdirec
3319 370 3518 409 secum
3546 372 3703 409 mus-

288 428 435 485 Volo
494 430 641 484 istos
701 445 850 499 quos
909 434 1060 485 tecto
1120 430 1478 501 excepimus,
1541 432 1840 497 honestos,
1891 445 1953 486 ut

290 524 561 590 apparet,
606 519 762 573 viros
795 518 1056 573 convivio
1116 519 1292 574 etiam
1345 518 1623 574 adhibere
1672 536 1834 589 cras;
1869 522 1952 575 sic

286 610 446 664 enim
509 608 815 663 urbanitas
878 612 935 663 et
989 607 1247 662 officium
1308 608 1545 678 h08pitii
1606 609 1948 678 praescribit.

292 706 469 761 Recte
527 705 771 771 cogitas,
832 704 910 758 mi
972 705 1080 769 vir,
1114 722 1259 760 uxor
1310 706 1413 771 ait,
1448 707 1617 761 modo
1668 706 1745 760 sit
1796 709 1950 762 unde

290 811 563 850 mensam
624 794 1017 863 instruamus,
1052 811 1157 850 nos
1189 795 1342 850 enim
1390 795 1449 849 in
1504 796 1681 864 diem,
1714 800 1779 850 ut
1809 796 1945 863 scis,

286 885 581 953 vivimus;
615 890 831 955 etquae
864 889 984 953 tua,
1020 900 1090 939 ne
1122 884 1443 956 quidquam
1489 890 1607 940 tam
1655 901 1806 956 saape
1838 888 1945 941 im-

292 975 542 1045 probata
575 973 743 1039 mihi,
779 974 1241 1029 dissolutissima
1269 974 1399 1029 vitae
1433 974 1578 1030 ratio
1605 979 1713 1045 est,
1736 981 1946 1031 cuncta

288 1063 373 1115 ita
404 1062 816 1117 consumimus
870 1063 1075 1133 quovis
1114 1078 1352 1133 vespere
1384 1069 1447 1117 ut
1474 1064 1617 1117 nihil
1649 1064 1706 1117 in
1742 1065 1944 1119 crasti-

290 1169 435 1207 num
467 1152 545 1206 sit
594 1151 823 1222 reliqui.
874 1153 982 1205 (Iui
1034 1154 1138 1219 vir,
1200 1154 1375 1221 Tace,
1408 1154 1623 1224 inquit,
1656 1170 1789 1209 cum
1824 1156 1943 1208 tuis

290 1242 428 1296 istis
459 1242 746 1312 angustiis
776 1241 958 1295 animi
986 1259 999 1303 ;
1034 1241 1290 1297 crastina
1319 1242 1442 1297 dies
1476 1244 1801 1313 providebit
1828 1241 1941 1314 ipsi

295 1332 412 1387 sibi
445 1347 548 1385 nec
581 1333 651 1386 ab
684 1331 966 1386 hodierna
1011 1334 1281 1403 degener,
1331 1340 1606 1404 suggeret
1635 1335 1763 1405 ipsa
1794 1352 1941 1405 quo-

290 1437 409 1491 que
439 1420 623 1491 hujus
647 1421 912 1492 exemplo
964 1424 1118 1492 quod
1153 1424 1401 1477 edamus
1434 1428 1490 1477 et
1521 1422 1728 1478 amicis
1760 1441 1941 1495 appo-

288 1525 528 1564 namus.
566 1510 738 1565 Porro
795 1510 893 1565 isti
950 1527 1199 1580 quorum
1260 1512 1319 1565 in
1380 1528 1691 1567 numerum
1725 1512 1939 1568 frustra

292 1616 388 1653 me
416 1599 651 1667 invitas,
686 1599 841 1653 avari
876 1601 1261 1671 respositores
1294 1600 1685 1670 afﬂuentium,
1721 1602 1817 1673 qui
1856 1604 1941 1657 fa—

287 1703 446 1742 mem
480 1687 822 1743 hodiernam
854 1704 958 1760 pro
989 1689 1247 1743 crastina
1280 1690 1492 1761 pacisci
1525 1689 1692 1761 copia
1720 1691 1935 1757 solent,
1969 1705 2013 1770 Β

290 1778 445 1831 male
478 1777 753 1847 peribunt
783 1782 841 1833 et
868 1778 1164 1833 venatoris
1194 1783 1249 1832 et
1279 1778 1403 1850 lupi
1433 1779 1697 1850 exemplo
1720 1780 1936 1849 quibus

277 1881 461 1937 quam
514 1866 666 1921 male
718 1883 825 1921 sua
885 1867 1248 1939 providentia
1306 1872 1658 1925 successerit
1685 1869 1937 1924 breviter

274 1956 499 2026 accipe.
536 1956 884 2027 Progressus
924 1958 996 2012 ad
1056 1959 1389 2013 venandum
1447 1961 1537 2013 vir
1590 1974 1722 2013 cum
1768 1976 1929 2029 arcu,

280 2061 685 2111 occurrentem
720 2074 989 2128 capream
1049 2059 1264 2130 sagitta
1321 2060 1528 2114 stravit
1586 2076 1831 2131 eamque
1872 2061 1930 2115 in

274 2143 561 2200 humeros
593 2146 931 2218 impositam
961 2148 1201 2203 domum
1237 2148 1509 2219 pertulit;
1547 2165 1653 2203 nec
1703 2148 1927 2221 epulari

268 2249 302 2288 e
338 2239 502 2288 tanta
535 2236 733 2305 praeda
764 2238 1069 2302 sustinuit,
1102 2238 1201 2291 sed
1245 2236 1481 2293 inhians
1515 2239 1744 2309 majori,
1770 2240 1927 2309 jeju-

267 2338 387 2377 nus
418 2324 629 2378 iterum
658 2325 793 2378 exit.
833 2327 971 2380 Ecce
1031 2342 1144 2379 non
1200 2326 1394 2381 minus
1442 2328 1662 2382 favente
1697 2329 1929 2384 fortuna

266 2413 474 2482 procul
526 2430 737 2485 aprum
790 2414 1184 2484 conspicatur,
1218 2420 1274 2470 et
1307 2416 1432 2488 figit
1480 2416 1718 2487 explosa
1753 2435 1927 2474 nervo

268 2503 538 2573 tragula;
602 2509 661 2560 at
720 2506 904 2559 ferum
968 2522 1328 2576 praepropere
1386 2514 1687 2561 mortuum
1741 2514 1925 2577 ratus,

270 2592 415 2647 dum
448 2592 658 2663 cupide
689 2592 813 2648 vult
843 2593 1044 2648 tollere
1085 2594 1319 2665 spirans
1369 2595 1465 2649 ille
1516 2596 1705 2651 adhuc
1737 2601 1793 2650 et.
1824 2599 1924 2651 do-

269 2679 397 2735 lore
425 2681 682 2736 vulneris
716 2683 1017 2751 irritatior,
1052 2700 1202 2738 saevo
1234 2685 1408 2739 dente
1440 2684 1736 2740 hominem
1775 2687 1921 2740 lace.

268 2777 359 2823 rat
392 2787 405 2824 :
436 2775 560 2824 tum
595 2772 789 2839 ambo,
822 2772 873 2825 vi
908 2772 1133 2827 cruoris
1164 2773 1384 2827 amissa
1417 2775 1692 2840 maxima,
1718 2776 1918 2830 eodem

262 2859 329 2913 in
361 2858 487 2914 loco
521 2862 866 2916 moriuntur.
912 2862 1255 2934 Supervenit
1285 2879 1400 2917 non
1434 2863 1515 2917 ita
1546 2863 1730 2918 multo
1766 2871 1916 2935 post,

256 2949 519 3020 praedam
536 2950 1125 3022 quaerenslupusﬂui
1146 2950 1286 3006 visis
1305 2952 1913 3023 corporibusduobus,

261 3042 329 3092 et
354 3053 486 3091 arcu
522 3040 808 3094 venatoris
840 3056 954 3095 non
991 3040 1189 3111 procul
1216 3041 1472 3111 jacente,
1515 3057 1779 3113 corpora,
1813 3043 1911 3097 in-

265 3126 404 3197 quit
435 3142 653 3193 secum,
687 3127 808 3183 haec
839 3130 953 3183 duo
1003 3145 1133 3183 cras
1162 3134 1218 3184 et
1262 3129 1471 3184 diebus
1529 3130 1914 3201 sequentibus

260 3215 571 3269 comedam
594 3231 607 3270 :
631 3216 973 3272 hodiernam
990 3217 1200 3273 famem
1218 3217 1447 3289 placare
1461 3219 1604 3273 satis
1618 3219 1727 3273 erit
1742 3237 1914 3275 nervo

258 3320 437 3358 arcus
460 3321 635 3375 quem
684 3305 766 3359 ibi
820 3307 1111 3377 abjectum
1151 3323 1342 3362 cerno.
1378 3307 1479 3362 His
1511 3307 1683 3363 dictis
1715 3309 1783 3363 ad
1821 3327 1910 3363 ar-

257 3409 398 3448 cum
448 3394 691 3463 accedit,
724 3400 782 3450 et
835 3413 1037 3451 vorare
1084 3395 1363 3451 chordam
1392 3398 1747 3467 aggreditur.
1782 3402 1915 3454 Erat

255 3490 458 3540 autem
494 3486 784 3542 intentum
808 3487 866 3542 in
886 3504 952 3543 ea
975 3492 1033 3542 et
1056 3487 1683 3558 jaculationiparatum
1714 3488 1909 3547 telum.

253 3599 376 3653 quo
432 3584 501 3637 ad
564 3583 820 3654 primum
881 3584 1003 3656 lupi
1060 3589 1344 3640 attactum
1415 3585 1671 3656 exploso,
1735 3587 1913 3643 miser

255 3672 437 3727 corde
465 3674 929 3729 transverberato
960 3674 1160 3729 statim
1206 3673 1382 3743 lupus
1413 3673 1653 3727 interiit.
1688 3674 1912 3732 Similis

254 3779 471 3818 avaros
502 3781 672 3834 paena
705 3770 918 3829 manet,
979 3782 1044 3819 ac
1101 3763 1368 3820 videlicet
1416 3768 1470 3817 te
1515 3780 1766 3834 quoque,
1796 3766 1909 3821 nisi

255 3852 487 3908 desinis
514 3853 586 3908 de
615 3854 873 3909 crastino
907 3870 1035 3909 esse
1067 3853 1335 3909 sollicita.
1378 3851 1618 3907 Talibus
1647 3853 1734 3908 vel
1778 3871 1910 3923 per-

254 3959 461 4011 suasa,
492 3942 577 3997 vel
613 3960 954 4014 persuasam
1014 3960 1076 3998 se
1134 3942 1348 3998 mulier
1386 3942 1698 4008 simulans,
1730 3944 1905 4013 Bene,

251 4032 465 4101 inquit,
499 4032 711 4088 habet:
737 4032 855 4087 scio
888 4032 983 4087 ubi
1018 4033 1095 4087 sit
1123 4049 1299 4103 oryza
1356 4035 1412 4086 et
1459 4047 1757 4085 sesamum
1795 4050 1808 4087 :
1842 4051 1909 4088 ea

251 4138 387 4175 cras
434 4122 779 4192 tempestive
837 4137 1086 4192 coquam
1118 4125 1172 4176 et
1208 4120 1519 4189 condiam;
1575 4137 1717 4175 voca
1774 4120 1908 4177 licet

254 4226 410 4283 quos
440 4210 617 4281 voles,
674 4211 958 4265 Postridie
1018 4226 1188 4266 mane
1238 4211 1356 4264 vidi
1404 4210 1907 4266 matremfamilias

255 4304 478 4357 certam
515 4300 729 4355 sesami
763 4316 1123 4366 mensuram,
1169 4304 1389 4370 quanta
1439 4299 1694 4354 convivis
1724 4317 1757 4353 a
1788 4301 1907 4357 viro

2059 436 2265 504 silens,
2293 438 2373 492 En
2403 456 2580 509 quam
2624 442 2912 511 expediat,
2940 441 3225 511 quidquid
3262 444 3345 496 vir
3368 460 3532 497 meus
3557 462 3698 499 con—

2055 527 2144 578 tra
2174 527 2450 596 disputet,
2487 530 2817 599 repositum
2850 546 3079 586 scrvare
3109 530 3326 600 aliquid
3378 532 3435 586 in
3488 534 3701 587 crasti-

2056 634 2195 671 num
2225 634 2237 671 ι
2267 636 2475 689 nempe
2508 620 2617 674 nisi
2653 620 2802 675 clam
2835 620 2957 689 illo,
2992 626 3057 675 ut
3097 621 3276 689 soleo,
3310 622 3691 691 providissem

2054 710 2276 774 partem
2326 706 2583 777 aliquam
2645 708 2860 763 sesami
2926 710 3181 779 purgati,
3236 708 3378 763 nihil
3430 710 3704 765 haberem

2053 796 2206 863 quod
2241 797 2502 850 venturis
2534 799 2606 851 ad
2651 798 2988 853 condictum
3022 799 3277 853 convivis
3311 798 3483 853 hodie
3516 816 3696 870 appo-

2053 900 2245 939 nerem
2292 902 2447 939 nunc
2506 902 2636 940 cum
2696 886 2901 941 saltem
2938 904 3069 958 pars
3103 889 3171 942 ad
3211 905 3449 943 manum
3502 888 3701 959 aliqua

2052 975 2129 1029 sit
2160 976 2375 1029 sesami
2411 976 2695 1044 mundati,
2731 976 2955 1031 minore
2981 979 3353 1032 incommodo
3377 978 3425 1031 ei
3458 979 3697 1047 adjungi

2051 1082 2186 1136 pars
2218 1066 2329 1120 alia
2364 1083 2473 1119 non
2510 1072 2755 1137 purgata
2789 1068 3035 1137 poterit;
3074 1069 3281 1123 modus
3312 1073 3401 1123 est
3430 1068 3697 1122 videlicet

2050 1156 2109 1209 in
2143 1158 2338 1221 rebus,
2372 1163 2428 1210 et
2460 1156 2644 1210 nimia
2674 1161 2729 1211 et
2763 1156 2921 1211 nulla
2976 1158 3341 1227 providentia
3391 1158 3609 1229 pariter
3636 1157 3693 1211 in

2047 1246 2184 1301 vitio
2217 1250 2377 1302 sunt.
2411 1248 2544 1310 Quae
2577 1246 2678 1300 illa
2723 1247 2863 1300 dum
2913 1252 2969 1301 et
3001 1254 3196 1315 ageret
3244 1254 3300 1301 et
3349 1248 3568 1302 diceret
3601 1264 3695 1301 sa-

2049 1335 2273 1405 pienter
2306 1340 2360 1388 et
2391 1339 2637 1399 morate,
2700 1336 2791 1389 vix
2850 1339 3046 1389 tamen
3078 1336 3279 1389 vitavit
3318 1338 3694 1393 temerarium

2037 1423 2331 1493 judicium
2366 1424 2699 1493 cujusdam,
2738 1424 2838 1494 qui
2897 1440 3025 1478 eam
3082 1425 3287 1479 videns
3315 1424 3501 1479 facere
3536 1428 3689 1496 quod

2044 1512 2185 1580 dixi,
2216 1513 2424 1581 Quam,
2461 1512 2678 1583 inquit,
2709 1529 2949 1567 causam
2978 1514 3154 1567 habet
3184 1514 3298 1569 ista
3333 1512 3543 1568 mulier
3566 1516 3689 1568 fru-

2042 1618 2145 1673 ges
2180 1602 2432 1656 mundas
2458 1602 2709 1673 impuris
2735 1601 3096 1657 admiscendi
3125 1606 3146 1656 ?

2118 1727 2212 1781 IX.
2252 1726 2349 1780 llis
2379 1726 2547 1781 dictis
2600 1726 2931 1782 solitarium
2982 1726 3196 1798 hospes
3247 1728 3503 1798 intuens,
3548 1730 3687 1796 Ista,

2044 1816 2260 1887 inquit,
2291 1815 2577 1886 exempla,
2623 1816 2669 1870 si
2722 1815 2911 1871 dicere
2965 1833 3057 1871 me
3089 1816 3257 1883 sinis,
3292 1817 3349 1870 in
3386 1822 3439 1871 te
3474 1818 3690 1888 pariter

2041 1914 2097 1963 et
2128 1908 2529 1961 subsessorem
2564 1912 2731 1961 tuum
2766 1924 2992 1963 murem
3029 1924 3335 1963 sensuram
3365 1910 3686 1977 intentant;

2041 2013 2175 2050 nam
2209 2012 2396 2067 neque
2426 2001 2489 2050 tu
2515 1996 2875 2067 quotidianis
2906 1996 3087 2067 hujus
3118 1998 3407 2052 vexareris
3431 1998 3685 2067 injuriis,

2039 2085 2151 2141 nisi
2191 2101 2628 2157 supervacanea
2679 2086 3047 2157 providentia
3094 2086 3311 2142 cibaria
3359 2087 3464 2141 tibi
3506 2088 3689 2142 multo

2037 2181 2170 2232 ante
2201 2194 2377 2248 quam
2429 2177 2686 2233 verearis
2734 2195 3068 2249 praeparans
3091 2179 3352 2249 spatium
3389 2178 3548 2234 illius
3566 2197 3684 2233 ma-

2036 2267 2473 2321 chinationibus
2529 2268 2833 2337 przeberes.
2888 2267 3001 2322 Iste
3056 2285 3226 2339 porro
3283 2269 3407 2338 ipse
3458 2269 3680 2323 lurdo-

2035 2356 2318 2411 mesticus
2348 2357 2501 2410 haud
2533 2361 2904 2427 grassaretur
2944 2360 3064 2411 tam
3098 2356 3360 2419 licenter,
3396 2359 3505 2411 nisi
3541 2375 3680 2412 eon-

2032 2450 2208 2517 gestze
2267 2445 2556 2500 incubans
2584 2445 2687 2511 rei,
2724 2446 3089 2517 provisarum
3124 2446 3236 2500 sibi
3268 2463 3445 2515 opum
3516 2452 3570 2501 et
3621 2448 3680 2500 in

2030 2538 2156 2589 tuto
2192 2534 2517 2604 positarum
2553 2534 2914 2592 conscientia
2944 2533 3342 2589 insolesceret.
3378 2541 3521 2605 Age,
3556 2552 3683 2606 per-

2031 2622 2321 2678 fodiamus
2352 2622 2483 2690 ejus
2512 2638 2743 2686 cavum,
2798 2626 2900 2675 aut
2954 2622 3123 2676 valde
3156 2622 3348 2688 fallor,
3383 2633 3484 2677 aut
3516 2625 3681 2678 inve-

2028 2712 2258 2767 niemus
2317 2709 2535 2764 cubilia
2572 2710 2699 2780 ipsa
2732 2711 3067 2781 rapinarum
3111 2717 3287 2781 caput
3338 2727 3404 2765 ac
3436 2728 3673 2767 causam

2028 2799 2419 2855 confidentiae.
2447 2800 2534 2852 Ab
2557 2799 2649 2853 his
2677 2800 2870 2853 statim
2911 2816 2971 2853 se
3009 2801 3326 2870 accingunt
3371 2802 3553 2870 operi,
3587 2817 3679 2854 ca-

2024 2906 2260 2944 vernam
2294 2906 2482 2943 meam
2516 2889 2897 2959 prmcipuam,
2921 2891 3091 2959 cujus
3114 2906 3177 2943 os
3205 2891 3492 2952 exstabat,
3522 2893 3674 2945 unde

2025 2995 2118 3033 me
2140 2994 2293 3048 saepe
2322 2978 2551 3048 prodire
2576 2977 2877 3033 solitarius
2900 2984 3218 3045 notaverat,
3253 2980 3512 3049 aggressi
3538 2997 3670 3035 cum

1945 3072 1987 3138 α
2028 3067 2239 3122 marris
2256 3072 2314 3120 et
2336 3066 2613 3121 terrebris
2633 3068 2983 3136 pertundere
3006 3068 3371 3137 scrutarique
3394 3083 3576 3136 usque
3600 3070 3670 3123 ad

2024 3159 2327 3213 intimum.
2361 3158 2702 3210 Tremebam
2738 3173 2843 3227 ego
2874 3158 3012 3211 totis
3037 3158 3286 3212 artubus
3317 3163 3529 3212 cuncta
3550 3158 3671 3215 haec

2021 3248 2267 3302 audiens
2299 3263 2329 3300 e
2373 3246 2633 3300 secundo
2684 3262 2813 3301 meo
2874 3246 3190 3301 seductiori
3229 3247 3536 3315 foramine,
3570 3249 3668 3302 ubi

2018 3343 2162 3392 tunc
2194 3338 2358 3401 forte,
2394 3339 2458 3388 ut
2488 3334 2627 3399 dixi,
2651 3334 3089 3405 delitescebam,
3114 3336 3286 3390 anxio
3308 3340 3450 3391 aestu
3486 3337 3667 3392 animi

2020 3424 2380 3479 misserrime
2415 3429 2702 3485 metuens,
2728 3441 2798 3477 ne
2831 3423 2921 3477 bis
2972 3423 3133 3478 mille
3162 3440 3392 3489 aureos,
3426 3440 3573 3493 quos
3608 3425 3663 3477 in

2017 3516 2135 3569 imo
2150 3513 2303 3568 antri
2322 3528 2498 3583 specu
2524 3512 2745 3566 sensim
2772 3513 2942 3565 furtis
2963 3512 3140 3567 variis
3166 3518 3435 3583 aggestos
3459 3514 3659 3569 condi-

2016 3604 2239 3665 deram,
2292 3600 2796 3669 deprehenderent
2826 3606 2881 3654 et
2912 3600 3184 3654 tollerent
3216 3619 3228 3655 :
3263 3603 3319 3654 id
3354 3604 3508 3671 quod
3543 3619 3656 3657 non

2017 3690 2203 3745 multo
2253 3694 2382 3759 post
2428 3688 2639 3743 evenit.
2671 3686 2877 3741 Ablato
2938 3687 3215 3741 thesauro
3276 3705 3402 3743 meo
3436 3689 3653 3759 hospes

2014 3779 2109 3832 ille
2143 3793 2271 3830 meo
2302 3776 2518 3830 damno
2550 3775 2808 3844 sapiens,
2841 3774 3305 3841 Exarmavimus,
3330 3776 3543 3845 inquit,
3568 3779 3655 3830 la-

2013 3872 2237 3922 tronem
2272 3882 2285 3918 :
2320 3863 2403 3918 nil
2431 3861 2686 3932 audebit,
2723 3862 2802 3916 nil
2848 3862 3058 3932 poterit
3103 3863 3159 3916 in
3208 3867 3529 3932 posterum.
3565 3864 3655 3917 Ni-

2013 3958 2216 4022 mium,
2248 3955 2355 4009 hoc
2379 3952 2603 4020 dicens,
2628 3968 2799 4007 verax
2824 3952 2950 4021 fuit,
2975 3957 3059 4007 Ex
3088 3951 3185 4005 illo
3206 3957 3501 4008 momento
3526 3968 3658 4007 mea

2011 4045 2203 4100 omnis
2234 4041 2585 4097 confidentia
2614 4042 2841 4109 dejecta
2871 4046 2984 4108 est,
3024 4041 3110 4095 vis
3155 4046 3445 4110 enervata,
3479 4041 3653 4094 indu-

2011 4134 2156 4189 stria
2188 4131 2437 4187 evanuit.
2457 4134 2653 4186 Mures
2684 4130 2965 4197 minores,
3004 4130 3104 4200 qui
3151 4146 3244 4184 me
3282 4134 3452 4184 antea
3479 4145 3655 4183 vene-

2012 4226 2307 4293 rabantur,
2359 4227 2499 4277 tunc
2549 4225 2932 4293 aspernantes
2991 4221 3337 4276 irrirlebant.
3394 4224 3652 4277 Conatus

2010 4317 2125 4387 ipsi
2152 4314 2265 4368 mei
2300 4328 2573 4367 successu
2604 4310 2775 4366 solito
2806 4311 3103 4366 carebant.
3135 4311 3280 4367 Cum
3326 4311 3482 4365 enim
3518 4328 3654 4382 pos-

254 4390 536 4445 vocandis
560 4390 875 4455 sumcereto
918 4406 1073 4460 aqua
1120 4388 1333 4455 Ῑθνδῐθν
1386 4404 1636 4458 moxque
1688 4405 1903 4460 ρυνεθ-
1936 4436 1981 4499 D
2014 4404 2206 4471 tridie,
2243 4403 2399 4474 quod
2434 4402 2598 4471 prius
2649 4416 2799 4471 saepe
2832 4401 3105 4461 feceram,
3151 4399 3355 4454 cistam
3388 4400 3652 4455 edulium

248 4486 378 4536 tam
413 4481 739 4550 expandere
770 4481 841 4535 ad
866 4478 1072 4545 solem,
1098 4484 1224 4533 tum
1256 4479 1325 4533 ad
1349 4478 1462 4534 alia
1497 4495 1558 4534 se
1590 4480 1901 4535 ministerii

245 4569 563 4626 domestici
598 4586 775 4640 opera
796 4573 1041 4625 vertere.
1074 4569 1225 4624 Occu
1236 4573 1472 4638 paverat
1495 4574 1691 4624 autem
1714 4568 1901 4640 pridie

247 4662 603 4715 demensum
652 4658 869 4714 sesami
912 4658 1034 4714 viro
1065 4662 1123 4712 et
1160 4657 1272 4713 sibi
1304 4658 1688 4713 suffecturum
1722 4657 1779 4711 in
1814 4673 1901 4713 se-

245 4756 529 4823 quentem
591 4750 744 4806 diem
797 4766 1066 4821 purgare,
1126 4754 1183 4804 et
1238 4747 1465 4803 lautum
1498 4749 1900 4820 siccatumque

248 4852 619 4920 reposuerat,
655 4848 748 4903 cui
792 4850 1074 4916 quantum
1098 4845 1471 4917 absumpturi
1505 4850 1669 4900 erant
1698 4846 1898 4916 hospi-

243 4944 339 4993 tes
373 4954 531 4992 nunc
561 4936 956 5007 superaddere
987 4939 1249 5007 parabat.
1303 4934 1409 4989 Sed
1441 4951 1615 4989 casus
1643 4934 1896 4989 interve-

242 5030 338 5084 nit
372 5045 514 5084 sane
552 5028 962 5083 incommodus
996 5044 1009 5081 :
1045 5042 1180 5081 nam
1216 5025 1378 5080 canis
1431 5026 1764 5095 praeteriens
1798 5041 1894 5079 ex-

239 5135 505 5191 pansum
539 5119 610 5172 ad
643 5118 825 5173 solem
851 5132 1128 5171 sesanum
1160 5114 1524 5171 comminxit.
1556 5116 1679 5179 Quo
1713 5114 1900 5167 anim-

234 5210 490 5263 adverso
533 5207 771 5273 femina,
833 5205 1124 5277 pollutum
1187 5205 1357 5259 urina
1415 5205 1608 5259 cibum
1669 5205 1894 5258 abomi-

233 5314 414 5365 nens,
448 5298 678 5368 abjecit.
719 5296 952 5351 Excludi
1000 5299 1195 5349 autem
1229 5310 1290 5349 se
1323 5300 1583 5364 tempore
1614 5294 1894 5361 sentiens,

236 5406 319 5445 ne
342 5387 503 5442 aliud
537 5404 814 5442 sesanum
846 5385 1107 5441 ablueret
1136 5385 1289 5455 quod
1324 5383 1648 5454 quantitate
1699 5398 1895 5437 neces-

239 5479 409 5537 saria
428 5478 611 5549 pridie
637 5481 835 5547 parato
858 5476 1224 5545 adjungeret,
1248 5478 1303 5527 et
1328 5473 1469 5526 cista
1496 5473 1893 5542 depromptam

238 5584 592 5627 mensuram
623 5568 751 5638 ejus
773 5566 950 5635 priori
974 5579 1195 5635 parem,
1229 5562 1621 5631 immundam,
1656 5566 1720 5616 ut
1752 5566 1893 5630 erat,

2012 4508 2362 4563 suspensam
2393 4489 2638 4558 {insilire
2677 4494 3024 4551 tentassem,
3058 4487 3249 4542 medio
3296 4488 3517 4558 impetu
3552 4490 3655 4543 de-

2009 4582 2155 4637 cidi:
2218 4579 2526 4649 magisque
2579 4594 2644 4631 ac
2686 4577 2873 4647 magis
2901 4577 2959 4631 in
2991 4576 3163 4631 horas
3194 4577 3562 4645 debilitabar,
3596 4583 3654 4632 et

2011 4670 2112 4743 qui
2145 4686 2237 4723 me
2284 4667 2446 4739 prius
2503 4666 2641 4720 olim
2692 4665 2925 4720 obnoxii
2983 4665 3224 4720 clientes
3279 4670 3652 4722 contemnere

2009 4764 2322 4831 coeperant,
2355 4756 2698 4812 nunc‘ultro
2729 4756 2905 4811 etiam
2928 4756 3170 4811 oderant
3198 4760 3256 4811 et
3287 4757 3520 4829 pulsare
3544 4759 3653 4812 mi-

2010 4850 2322 4904 nabantur.
2346 4848 2602 4902 Mirabar
2622 4845 2999 4901 vehementer
3020 4855 3243 4917 quanta
3272 4848 3359 4902 vis
3381 4848 3506 4902 auri
3533 4847 3647 4903 sit:

2008 4954 2109 5009 per
2134 4937 2277 4991 illud
2313 4935 2582 4991 amicitiae
2626 4935 2785 5004 jura,
2836 4936 3206 4991 necessitudo
3238 4936 3648 5004 consanguini-

2006 5026 2164 5092 tatis,
2215 5026 2358 5079 ﬁdes
2412 5023 2691 5078 clientelae
2727 5028 3030 5092 constant;
3080 5025 3209 5096 ipsa
3259 5042 3443 5093 mens,
3480 5023 3646 5091 ratio,

2009 5115 2330 5185 ingenium,
2383 5113 2694 5180 industria,
2731 5119 2885 5168 artes
2943 5115 3226 5185 dotesque
3274 5113 3648 5169 obsolescunt

2009 5204 2246 5261 sineillo
2270 5220 2373 5258 nec
2395 5204 2509 5258 voti
2533 5202 2712 5259 ullius
2742 5204 2833 5257 sui
2857 5220 3095 5275 compos
3120 5203 3241 5259 fieri
3266 5202 3552 5273 spoliatus
3582 5216 3646 5254 eo

2009 5299 2218 5366 potest.
2246 5295 2391 5364 Ergo
2424 5292 2522 5347 illa
2551 5293 2858 5347 verissima
2886 5298 3116 5363 patrum
3150 5293 3220 5345 ad
3254 5306 3464 5360 pueros
3507 5293 3647 5343 sunt

2010 5384 2268 5437 monita:
2299 5384 2553 5438 Pecunia
2585 5400 2732 5453 opus
2770 5387 2857 5437 est
2897 5384 3023 5436 sine
3056 5382 3155 5434 illa
3198 5378 3339 5432 nihil
3374 5384 3526 5431 recte
3560 5380 3643 5445 ﬁt,

2006 5472 2184 5541 Veiis,
2232 5474 2426 5541 remis,
2487 5473 2734 5526 navibus
2789 5476 2962 5539 atque
3013 5467 3309 5539 quadrigis
3369 5467 3645 5535 fugienda

2007 5565 2340 5633 paupertas,
2373 5570 2423 5616 et
2458 5561 2537 5615 vel
2574 5575 2675 5629 per
2705 5562 3019 5611 scatentem
3056 5554 3266 5610 belluis
3299 5560 3541 5626 pontum
3577 5575 3644 5612 ac
