3984 6202
325 297 464 352 1303

1835 291 2219 344 APPENDIX.

3615 293 3756 349 1304

323 421 678 477 saevissimas
702 415 986 490 procellas
1013 417 1084 470 ad
1103 415 1338 472 divitias
1361 415 1740 470 currendum.
1765 412 1970 482 Inopes
2002 412 2056 477 Α
2087 412 2291 482 pensio
2323 421 2429 480 est,
2449 429 2478 468 e
2497 413 2784 470 diametro
2801 413 3075 470 videlicet
3092 413 3363 486 opposita
3383 416 3754 487 capitalissi-

330 526 510 578 aequae
543 506 717 561 rivuli
750 510 924 560 tenue
956 503 1099 559 illud
1131 505 1381 575 liquoris
1427 503 1592 558 tilum
1628 518 1744 556 non
1787 501 1973 569 perfe-

326 603 465 652 runt
491 595 560 649 ad
597 610 788 662 mare;
821 599 1035 649 ﬂumen
1086 593 1324 664 plenum
1368 591 1443 648 sit
1490 595 1719 662 oportet
1779 593 1844 643 ut
1900 589 1973 642 ad

327 699 609 738 oceanum
643 684 956 753 pertingat.
1013 682 1098 736 Ita
1149 698 1388 752 pauper,
1453 696 1556 735 nec
1606 679 1784 747 huius
1837 677 1972 731 vita:

327 771 638 826 commoda
666 786 770 826 nec
798 771 1003 825 futurae
1029 769 1364 825 felicitatem
1398 769 1549 840 potis
1576 773 1666 822 est
1689 767 1924 836 assequi
1958 781 1972 819 :

328 859 429 914 sed
463 864 716 930 spretus,
749 859 1021 922 afflictus,
1053 875 1284 924 exosus,
1335 857 1511 912 etiam
1559 872 1714 910 sanaa
1761 853 1974 908 mentis

327 953 384 1001 et
409 948 573 1002 bona:
607 949 771 1002 famae
804 947 1176 1019 dispendium
1210 947 1426 1018 patitur
1458 946 1804 1001 necessitate
1837 945 1975 998 ada-

329 1043 460 1091 ctus
492 1039 563 1092 ad
596 1038 960 1108 peccandum
997 1055 1009 1092 :
1046 1054 1174 1091 nam
1208 1036 1434 1091 suaeilli
1460 1035 1742 1106 angustia:
1762 1049 1975 1087 aerum—

330 1143 536 1197 naeque
568 1131 792 1181 mature
824 1127 1117 1196 cogitandi
1149 1142 1214 1180 ac
1239 1143 1336 1195 per
1367 1125 1476 1180 hoc
1509 1126 1804 1195 sapienter
1831 1139 1972 1176 con-

331 1215 588 1283 sulendi,
623 1216 879 1287 spatium
911 1221 970 1270 et
1014 1215 1352 1269 facultatem
1385 1216 1671 1280 demunt;
1704 1212 1976 1267 exclusus

332 1321 474 1359 sano
508 1304 768 1368 consilio,
830 1305 1232 1374 imprudenter
1277 1307 1574 1374 operatur,
1599 1302 1764 1356 utilia
1823 1303 1972 1357 factu

333 1394 570 1460 omittit,
595 1395 720 1463 jam
745 1410 874 1462 qua:
906 1393 961 1446 in
993 1393 1274 1447 divitibus
1302 1393 1623 1447 laudantur
1653 1392 1854 1445 eadem
1889 1393 1976 1446 of-

334 1485 579 1540 fendunt
604 1489 660 1538 et
688 1484 1098 1554 vituperantur
1130 1483 1187 1535 in
1225 1499 1429 1552 egeno.
1455 1482 1542 1535 Sit
1574 1497 1798 1552 pauper
1829 1482 1979 1536 bello

331 1576 517 1639 fortis,
551 1575 750 1629 audiet
779 1574 1125 1628 temerarius
1157 1577 1214 1627 et
1245 1589 1532 1644 praeceps;
1559 1574 1636 1627 sit
1653 1573 1974 1644 beneficus,

330 1663 610 1734 prodigus
641 1663 898 1730 dicetur;
961 1662 1038 1717 sit
1092 1667 1442 1717 mansuetus
1490 1667 1546 1717 et
1593 1663 1799 1727 comis,
1845 1664 1976 1718 vilis

2095 516 2186 554 mo
2207 501 2481 556 vitiorum
2506 519 2574 558 ac
2595 502 2908 570 scelerum,
2945 504 3298 574 congerendi
3325 504 3447 569 siti,
3477 509 3536 559 et
3567 505 3760 577 raptis

2089 589 2392 645 incubanti
2426 592 2815 662 parcimonias.
2844 592 3083 647 Initium
3116 597 3205 648 est
3235 594 3539 664 sapientia:
3564 595 3757 650 inten-

2090 680 2225 735 dere
2256 681 2492 748 futuris,
2527 681 2824 754 negligere
2852 681 3201 753 praesentia;
3237 684 3758 754 magnanimitatis

2089 785 2230 839 apex
2265 787 2555 838 summus,
2585 771 2821 842 aggredi
2847 787 3144 842 quemque
3173 787 3238 826 se
3255 771 3437 842 digna
3468 789 3752 843 quaepos-

2089 858 2166 912 sit
2202 861 2501 929 consequi,
2547 863 2822 914 conatum
2865 876 2936 913 ne
2982 861 3226 930 perdere
3265 861 3322 914 in
3365 862 3571 916 arduis
3596 866 3752 917 ultra

2089 961 2277 1015 spem.
2317 947 2526 1001 Plenus
2557 947 2717 1002 hisce
2749 947 3205 1018 cogitationibus
3245 947 3443 1018 appuli
3479 950 3750 1004 animum

2090 1037 2160 1090 ad
2221 1037 2533 1091 consilium
2567 1037 2695 1091 vitae
2729 1037 2879 1092 serio
2913 1039 3234 1092 mutandae.
3297 1039 3491 1094 Vitare
3547 1041 3748 1096 homi-

2090 1141 2230 1179 num
2265 1126 2652 1180 contubernia
2689 1127 2956 1193 decrevi;
3007 1127 3251 1198 migravi
3284 1144 3353 1182 ex
3387 1130 3519 1183 urbe
3549 1131 3605 1183 in
3638 1147 3741 1184 so-

2089 1212 2424 1281 litudinem,
2459 1231 2488 1269 e
2521 1216 2754 1286 magnis
2774 1215 2999 1271 aedibus
3023 1217 3081 1270 in
3107 1222 3340 1287 agreste
3362 1235 3563 1272 cavum
3583 1219 3744 1272 ruris

2089 1301 2221 1356 avii.
2253 1301 2374 1356 Illic
2401 1303 2593 1374 paravi
2620 1303 2762 1358 mihi
2789 1304 3121 1359 columbam
3150 1307 3428 1371 amicam,
3455 1323 3589 1360 cum
3627 1324 3750 1377 qua

2090 1390 2229 1445 mihi
2255 1392 2540 1446 vetustior
2560 1409 2736 1462 quam
2762 1409 2893 1447 cum
2923 1393 3030 1448 hoc
3058 1410 3250 1458 corvo,
3283 1398 3349 1447 ut
3369 1412 3442 1448 ex
3478 1395 3610 1464 ipso
3641 1412 3750 1449 au-

2089 1478 2213 1532 dire
2237 1479 2499 1549 potuisti,
2525 1480 2894 1536 necessitudo
2921 1481 3233 1536 coaluerat.
3259 1481 3439 1536 Plane
3467 1499 3751 1538 summum

2088 1568 2216 1622 vitae
2241 1568 2483 1637 bonum,
2515 1569 2785 1640 voluptas
2815 1571 3092 1636 maxima,
3125 1572 3182 1625 in
3225 1573 3613 1627 moderandis
3635 1573 3751 1627 im-

2093 1660 2313 1714 mensis
2336 1660 2644 1716 desideriis
2665 1666 2757 1716 est
2778 1661 2911 1718 sita.
2935 1661 3086 1716 Felix
3112 1664 3224 1718 erit
3246 1663 3347 1734 qui
3372 1681 3570 1734 pauca
3594 1681 3752 1718 mere

333 1753 603 1809 adulator
628 1751 998 1822 reputabitur
1027 1768 1039 1806 :
1073 1752 1282 1805 doctus
1317 1768 1418 1822 pro
1436 1751 1671 1806 rancido
1703 1751 1974 1821 antiqua-
2007 1753 2052 1816 Β
2087 1749 2420 1804 necessaria
2444 1766 2701 1821 quaerere
2725 1751 2870 1806 satis
2889 1750 3164 1806 habuerit
3193 1769 3206 1807 ε
3239 1753 3410 1806 obvia
3429 1753 3595 1807 enim
3629 1753 3752 1808 haec

337 1843 442 1907 rio,
477 1841 757 1910 eloquens
781 1857 884 1910 pro
915 1839 1313 1911 nugivendulo
1347 1839 1574 1905 rabula,
1611 1845 1878 1894 maturus
1910 1859 1976 1895 ac

337 1931 536 1985 tardus
569 1931 625 1982 in
655 1928 969 2000 loquendo,
1005 1946 1105 1998 pro
1141 1930 1341 1984 hebete
1373 1945 1437 1982 ac
1486 1928 1666 1982 stulto
1719 1930 1976 1985 traduci-

333 2025 461 2084 tur;
493 2023 556 2073 ut
588 2017 773 2072 satius
832 2018 908 2072 sit
962 2019 1148 2072 vitum
1207 2019 1576 2088 abrumpere,
1626 2021 1976 2073 accersenda

335 2113 543 2173 morte,
603 2123 800 2177 quam,
836 2113 897 2161 ut
955 2107 1052 2162 ille
1111 2109 1214 2170 ait,
1247 2107 1367 2162 sole
1417 2109 1496 2161 uti
1551 2107 1852 2161 dedecoris
1884 2111 1972 2162 sui

332 2205 504 2262 teste,
538 2197 858 2268 praesertim
894 2198 1128 2266 quando
1159 2214 1226 2252 eo
1259 2198 1564 2251 deventum
1593 2198 1842 2251 miseriae
1864 2203 1974 2264 est,

335 2295 398 2344 ut
429 2288 762 2343 mendicare
809 2304 843 2340 a
893 2287 1319 2356 superbissimo
1352 2285 1634 2340 nobilium
1668 2285 1976 2356 cpulento-

332 2398 464 2436 rum
497 2395 708 2450 genere
741 2378 818 2432 sit
851 2394 1108 2432 necesse.

398 2505 462 2561 X.
483 2505 559 2558 Ea
582 2505 722 2557 dum
750 2519 977 2556 mecum
1004 2507 1250 2557 moestus
1274 2507 1505 2573 reputo,
1538 2519 1884 2574 progressus
1917 2506 1974 2558 in

330 2595 523 2649 locum
555 2594 711 2647 unde
734 2592 1148 2646 inobservatus
1184 2591 1380 2646 videre
1425 2596 1684 2662 poteram
1715 2610 1839 2663 qua:
1875 2596 1976 2648 tie-

331 2686 493 2744 bant,
529 2682 915 2737 animadverti
942 2681 1230 2751 hospitem
1256 2686 1551 2736 auctorem
1575 2682 1801 2737 consilii
1831 2682 1976 2736 mihi

330 2771 544 2827 funesti
579 2771 856 2842 partitum
909 2785 1040 2823 cum
1076 2759 1338 2823 solitario
1400 2786 1590 2823 meam
1642 2771 1974 2841 pecuniam,

327 2867 547 2934 partem
574 2877 740 2915 suam
765 2859 823 2912 in
867 2874 1205 2913 crumenam
1242 2859 1600 2925 condidisse,
1637 2876 1812 2930 quam
1849 2877 1974 2914 cer-

325 2951 494 3006 vicali
527 2950 888 3005 decumbens
932 2948 1262 3019 supposuit.
1313 2949 1646 3019 Exspectavi
1692 2951 1832 3004 dum
1867 2950 1973 3004 ob-

325 3045 674 3098 ilormivisse
696 3043 1008 3096 videretur.
1045 3041 1210 3094 Tunc
1237 3041 1386 3095 clam
1421 3042 1641 3096 accessi
1665 3042 1791 3097 sine
1823 3047 1969 3096 stre-

2086 1845 2401 1895 uccurrunt
2417 1839 2627 1895 volenti
2651 1842 2834 1895 cuivis
2861 1860 2874 1907 ;
2908 1842 3126 1912 quippe
3147 1842 3356 1897 beatus
3380 1849 3610 1897 naturae
3644 1862 3755 1899 au—

2086 1934 2211 1983 ctor
2234 1929 2452 1999 ubique
2476 1928 2730 1985 locorum
2758 1931 2878 1984 haec
2909 1931 3200 2001 exposuit,
3231 1931 3431 1984 cibum
3476 1932 3755 1988 videlicet

2087 2023 2143 2071 et
2164 2035 2394 2087 aquam.
2422 2019 2600 2090 Finge
2622 2019 2877 2091 aliquem
2919 2020 3101 2074 totius
3142 2021 3345 2074 mundi
3383 2020 3700 2075 dominum
3739 2040 3753 2074 :

2088 2125 2227 2161 num
2264 2125 2324 2162 se
2357 2115 2551 2162 tamen
2586 2109 2814 2163 cunctis
2841 2125 2968 2179 quas
3001 2109 3233 2177 uspiam
3284 2116 3430 2163 sunt
3470 2111 3630 2164 escis
3662 2112 3750 2164 in-

2087 2196 2458 2265 gurgitabit?
2492 2215 2630 2250 num
2664 2198 2910 2252 flumina
2931 2202 2987 2251 ct
3016 2197 3172 2251 dolia
3216 2199 3418 2251 omnia
3459 2198 3751 2252 immensa

2086 2283 2343 2354 ingluvie
2366 2285 2705 2340 exhauriet?
2751 2287 2959 2341 Paucis
3006 2291 3063 2339 et
3106 2285 3190 2339 illi
3217 2289 3554 2341 necessario
3580 2287 3748 2341 alun.

2087 2381 2202 2439 tur,
2227 2375 2326 2444 qui
2357 2376 2610 2445 plurima
2633 2376 2956 2446 possident.
2982 2375 3129 2439 Quid
3159 2377 3524 2447 igiturjuvat
3551 2378 3611 2431 in
3634 2379 3744 2432 im-

2089 2481 2292 2519 mensa
2340 2481 2402 2518 se
2451 2466 2777 2532 extendere,
2813 2466 3177 2520 modicorum
3213 2483 3492 2536 capacem
3516 2467 3546 2520 ?
3578 2467 3749 2521 Crevi

2087 2554 2196 2607 sub
2225 2553 2344 2608 haec
2369 2554 2520 2608 veris
2552 2554 2783 2625 opibus,
2828 2571 3072 2608 numero
3113 2555 3482 2622 amicorum;
3521 2573 3657 2610 nam
3690 2563 3749 2612 et

2088 2648 2217 2712 post
2237 2643 2570 2698 columbam
2592 2645 2850 2698 contraxi
2879 2661 3012 2698 cum
3036 2661 3206 2698 corvo
3230 2646 3605 2712 societatem,
3624 2665 3742 2718 quo

2087 2733 2303 2787 ferente
2344 2732 2457 2787 huc
2479 2733 2630 2799 veni,
2652 2739 2708 2789 et
2728 2739 2942 2800 tecum,
2967 2733 3318 2789 charissima
3349 2737 3614 2801 testudo,
3651 2737 3744 2790 hic

2084 2821 2543 2877 familiaritatem
2573 2822 2876 2893 contraho,
2901 2824 3139 2878 cumulo
3173 2840 3286 2878 non
3320 2825 3534 2894 exiguo
3563 2827 3746 2880 bono-

2086 2927 2236 2964 rum.

2152 3039 2254 3092 Xl.
2311 3037 2414 3092 His
2461 3037 2711 3092 audistis
2769 3039 3002 3093 testudo
3063 3039 3212 3092 muri
3275 3040 3442 3093 dixi:
3481 3041 3742 3112 Cognovi

328 3135 473 3204 pitu,
509 3137 564 3186 et
595 3131 824 3186 trahere
855 3131 925 3185 ad
959 3147 1049 3185 me
1083 3130 1379 3184 mordicus
1411 3130 1844 3200 apprehensum
1878 3146 1970 3184 co-
2003 3121 2047 3187 C
2090 3126 2338 3180 libenter
2368 3143 2498 3197 quas
2531 3127 2784 3181 narrasti
2818 3127 2906 3180 sui
2945 3127 3221 3181 varietate
3272 3128 3568 3198 speciosa,
3613 3136 3746 3184 tuae-

328 3227 500 3274 natus
531 3219 854 3282 sacculum,
891 3237 1003 3273 non
1059 3218 1235 3272 fefelli
1295 3223 1581 3272 attentum
1637 3221 1715 3274 rei
1769 3234 1966 3275 senem

327 3312 426 3380 qui
465 3317 730 3381 paratum
762 3309 816 3359 in
849 3307 993 3361 istos
1029 3325 1170 3361 usus
1201 3307 1473 3361 baculum
1498 3309 1554 3362 in
1579 3317 1755 3380 caput
1787 3313 1969 3384 impe-

327 3400 412 3468 git
441 3399 657 3452 misero
691 3394 856 3455 mihi,
892 3395 1047 3448 unde
1078 3395 1169 3448 vix
1217 3397 1415 3449 salvus
1462 3411 1554 3450 me
1583 3399 1790 3467 recepi.
1835 3402 1972 3457 Post

324 3487 499 3540 horas
511 3485 736 3555 aliquot
756 3483 965 3537 iterum
989 3483 1410 3538 tentavibursaa
1430 3484 1642 3556 ligulas
1655 3491 1966 3548 attrahere.

321 3572 536 3642 Atille,
570 3572 822 3626 dracone
872 3569 1227 3641 vigilantior,
1289 3570 1496 3628 iterato
1553 3577 1610 3628 et
1639 3575 1848 3632 fortius
1879 3579 1968 3634 in-

327 3677 500 3715 cusso
532 3659 704 3714 fustis
735 3659 875 3728 ictu,
910 3664 1031 3713 tam
1065 3660 1320 3730 graviter
1358 3659 1505 3715 mihi
1540 3661 1803 3735 sinciput
1829 3683 1969 3722 con-

327 3750 500 3816 tudit,
536 3753 600 3803 ut
629 3765 844 3820 magna
863 3747 918 3802 vi
941 3747 1246 3819 sanguinis
1275 3763 1518 3805 excussa
1550 3752 1792 3808 naribus
1823 3757 1970 3811 deli-

329 3837 534 3910 quium
570 3843 818 3909 paterer,
861 3852 1128 3907 aegreque
1156 3839 1374 3893 tacitus
1405 3855 1497 3894 me
1527 3856 1662 3896 cavo
1695 3846 1970 3900 reconde-

331 3943 476 3992 rem,
512 3926 608 3980 ubi
644 3942 744 3997 per
774 3925 949 3981 horas
979 3924 1205 3996 aliquot
1239 3943 1384 3998 pene
1414 3929 1670 3985 animam
1705 3935 1964 4003 agebam.

330 4017 537 4087 Recepi
570 4017 801 4071 tandem
839 4031 930 4070 me
953 4015 1284 4086 paululum,
1317 4034 1458 4072 auro
1475 4019 1782 4077 maledicta
1807 4024 1967 4095 inge-

325 4108 562 4164 minans
595 4109 680 4162 tot
711 4105 1083 4159 miseriarum
1116 4122 1304 4160 causae
1331 4124 1344 4173 ;
1372 4111 1722 4181 tantumque
1753 4112 1811 4166 in
1845 4131 1967 4168 sce-

323 4197 572 4252 leratum
605 4195 662 4248 id
694 4193 998 4249 metallum
1025 4193 1144 4248 odii
1176 4197 1434 4267 concepi,
1485 4202 1548 4251 ut
1589 4200 1864 4272 deinceps
1896 4205 1966 4258 ad

326 4285 682 4340 mentionem
708 4284 835 4353 ejus
857 4282 1346 4353 exhorrescerem,
1382 4301 1486 4340 nec
1517 4288 1806 4342 nominari
1826 4290 1969 4344 mihi

327 4374 628 4429 sustinens
651 4373 916 4426 omnium
938 4371 1070 4425 vitae
1090 4370 1403 4438 malorum,
1440 4379 1503 4428 ut
1524 4375 1664 4429 mihi
1689 4381 1814 4432 tum
1851 4379 1969 4434 fero

322 4463 653 4555 videbatur,
689 4462 1028 4555 pestiferum
1054 4462 1294 4555 fontem.
1321 4463 1710 4535 Erumpebam
1736 4484 1969 4539 quoque
1999 4493 2047 4555 Ι)

323 4551 696 4606 stomachum
724 4551 781 4603 in
805 4566 1036 4604 avaram
1071 4551 1475 4621 cupiditatem,
1499 4558 1714 4609 certam
1750 4562 1965 4612 morta-

320 4638 466 4693 lium
499 4637 834 4708 perniciem,
876 4637 1138 4707 dirisque
1191 4639 1540 4696 devovebam
1573 4643 1793 4713 primos
1825 4663 1964 4700 auc-

320 4731 474 4782 tores
515 4727 1015 4797 congerendarum
1045 4742 1223 4798 opum
1256 4733 1452 4798 atque,
1507 4735 1568 4784 ut
1609 4736 1749 4786 tunc
1779 4749 1963 4804 eram,

321 4818 465 4872 mihi
498 4817 756 4880 videbar,
781 4815 924 4870 nihil
959 4833 1072 4870 non
1107 4816 1300 4887 potius
1334 4820 1774 4888 praesentissimi
1811 4824 1962 4894 peri-

319 4906 432 4961 culi
472 4915 629 4960 terra
688 4904 954 4975 marique
1006 4904 1300 4973 aditurus,
1361 4923 1538 4978 quam
1595 4909 1682 4964 vel
1741 4916 1870 4964 utro
1901 4928 1962 4966 se

317 4997 653 5052 offerentem
689 4993 815 5048 auri
849 4994 1074 5064 copiam
1108 4994 1446 5066 contingere
1475 4998 1773 5054 auderem.
1806 5005 1963 5055 Tunc

315 5089 416 5143 illa
440 5105 564 5160 quae
587 5088 725 5142 olim
751 5087 950 5141 audita
971 5094 1430 5158 contempseram
1449 5090 1778 5161 sapientum
1794 5094 1962 5148 effata

314 5177 678 5248 resipiscenti
713 5176 1086 5256 recurrebant
1128 5175 1324 5230 animo
1382 5182 1802 5250 certoquejam
1835 5198 1961 5236 cre-

311 5267 544 5333 debam,
569 5266 859 5337 optimum
886 5264 1140 5331 mortali,
1164 5264 1366 5335 paucis
1387 5271 1727 5322 contentum
1781 5286 1910 5324 esse
1943 5287 1957 5326 :

312 5357 493 5412 vitam
527 5356 784 5412 avaritias
815 5358 1132 5426 expertem,
1175 5353 1370 5425 vigere
1422 5355 1790 5424 fortitudine,
1825 5375 1960 5415 con-

310 5452 466 5501 stare
499 5447 802 5516 patientia,
827 5444 985 5500 omni
1011 5458 1220 5513 genere
1249 5441 1442 5498 laudis
1464 5444 1789 5512 honestari,
1810 5465 1840 5502 e
1861 5465 1960 5503 ca-

312 5536 476 5590 sibus
492 5534 948 5607 perplexissimis
967 5531 1239 5602 expedire
1262 5531 1485 5588 felicem
1500 5535 1741 5590 exitum.
1767 5538 1958 5592 Enim-

309 5640 444 5680 vero
479 5629 771 5697 princeps,
807 5629 872 5679 ut
913 5621 1102 5686 aiunt,
1153 5619 1439 5675 virtutum
1489 5621 1773 5696 largiendi
1826 5641 1957 5697 pro-

2080 3229 2192 3285 que
2223 3213 2459 3268 virtutis
2515 3218 2572 3267 et
2628 3214 2949 3284 prudentiae
3005 3214 3375 3269 indicatione
3408 3216 3516 3269 tibi
3550 3219 3750 3288 ampla

2079 3319 2145 3358 ac
2199 3302 2644 3373 perhonorifica.
2709 3303 2930 3358 Gavisa
2978 3304 3153 3357 etiam
3206 3321 3338 3358 sum
3373 3304 3748 3360 animadver-

2079 3399 2230 3459 tens,
2273 3410 2338 3446 ex
2393 3393 2656 3447 adversis
2709 3393 3026 3464 profecisse
3075 3399 3151 3459 te,
3198 3397 3255 3448 et
3310 3402 3624 3467 perceptas
3678 3414 3746 3450 ex

2078 3482 2289 3537 horum
2321 3481 2678 3552 experientia
2699 3482 2932 3537 notitias
2964 3483 3208 3537 memori
3231 3485 3434 3539 animo
3459 3487 3740 3541 mandas-

2081 3590 2164 3642 se,
2199 3579 2515 3643 tenereque
2565 3573 2709 3628 adeo
2762 3578 3081 3645 praesentes
3134 3574 3543 3647 intelligentia
3593 3594 3747 3631 nunc

2081 3677 2336 3732 quoque.
2375 3666 2569 3717 Unum
2602 3662 2757 3731 quod
2793 3665 3013 3717 restare
3064 3663 3134 3716 ad
3187 3663 3368 3718 decus
3419 3666 3748 3735 perfectum

2078 3752 2267 3820 video,
2293 3769 2405 3805 non
2440 3752 2708 3806 omittam
2743 3752 3061 3807 admonere
3094 3757 3170 3807 te.
3207 3754 3316 3808 Fac
3347 3755 3499 3811 bene
3532 3757 3748 3827 cogita-

2079 3841 2180 3904 tis,
2211 3841 2668 3907 exsecutionem,
2701 3839 2966 3911 sigillum
2996 3858 3287 3912 apponas;
3323 3861 3536 3913 parum
3590 3846 3740 3900 enim

2081 3929 2342 4000 proderit
2372 3933 2523 3982 recte
2557 3928 2878 3997 providisse
2908 3929 3148 3984 vitanda
3184 3933 3617 4003 sequendaque
3640 3949 3740 3986 nec

2080 4019 2612 4089 prosequenti,nec
2643 4017 2886 4089 fugienti
2944 4034 3071 4088 quia
3124 4018 3235 4088 ipsi
3286 4023 3529 4092 expedit
3559 4025 3736 4078 decli-

2081 4123 2219 4161 nare
2245 4106 2331 4161 vel
2363 4105 2638 4178 amplecti
2674 4123 2687 4160 :
2722 4123 2856 4161 nam
2890 4107 3214 4177 quidjuvat
3232 4116 3524 4179 aegrotum
3548 4113 3729 4168 morbi

2079 4199 2168 4252 sui
2201 4197 2475 4267 cognitio,
2500 4198 2734 4267 abigere
2772 4197 2936 4251 illum
2958 4214 3057 4268 per
3085 4215 3212 4252 eam
3249 4217 3364 4255 non
3391 4202 3726 4258 valentem?

2078 4287 2158 4342 Ne
2189 4293 2243 4341 te
2277 4287 2454 4357 igitur
2483 4287 2608 4340 auri
2633 4285 2771 4341 olim
2806 4288 3015 4358 perditi
3036 4289 3398 4346 desiderium
3430 4293 3725 4360 sollicitet,

2079 4392 2213 4430 nam
2261 4375 2350 4429 vir
2391 4380 2749 4447 exaggerata:
2779 4377 3013 4431 virtutis
3044 4378 3168 4432 sine
3201 4395 3344 4434 auro
3375 4385 3726 4439 venerabilis

2078 4470 2136 4518 et
2165 4464 2359 4519 clarus
2417 4469 2526 4531 est,
2577 4468 2642 4517 ut
2699 4465 2998 4521 dormiens
3029 4466 3117 4522 leo
3153 4467 3398 4524 timetur
3433 4488 3446 4524 :
3481 4472 3724 4527 vitiosus

2079 4557 2269 4608 autem
2306 4554 2486 4619 dives,
2540 4558 2604 4607 ut
2650 4554 2834 4621 canis,
2878 4571 3018 4609 auro
3049 4554 3224 4610 illusa
3257 4557 3558 4615 incinctus
3589 4561 3724 4616 vitta

2075 4642 2232 4714 vulgi
2257 4642 2512 4697 ludibrio
2538 4643 2886 4698 traducitur.
2918 4643 3032 4698 Nec
3063 4649 3118 4698 te
3151 4648 3517 4717 peregrinari
3542 4653 3722 4721 paeni-

2073 4737 2187 4786 teat
2224 4749 2235 4786 :
2273 4731 2474 4786 nullus
2505 4731 2742 4802 sapiens
2786 4749 3036 4803 usquam
3085 4736 3503 4805 peregrinatur
3535 4759 3550 4809 ;
3597 4742 3720 4794 ubi-

2075 4837 2188 4892 que
2246 4822 2448 4874 urbem
2510 4820 2732 4875 invenit
2788 4822 2956 4890 cujus
3005 4821 3146 4877 civis
3193 4824 3287 4878 sit.
3320 4825 3518 4881 Nolim
3552 4830 3719 4884 etiam

2075 4910 2252 4964 nimis
2281 4910 2569 4965 recordari
2623 4913 2680 4963 te
2728 4910 3012 4980 priorum,
3049 4917 3151 4966 aut
3207 4914 3380 4969 anxie
3431 4921 3721 4973 revolvere

2071 4998 2270 5053 animo
2327 4997 2756 5067 divitias-quas
2814 4998 3116 5065 habueris,
3168 5017 3317 5070 quas
3374 5008 3716 5074 perdideris.

2071 5088 2379 5156 Hzeoadeo
2424 5086 2854 5141 contemnenda
2908 5094 3069 5154 sunt,
3128 5095 3195 5143 ut
3246 5093 3599 5150 meminisse
3654 5114 3718 5151 ne

2071 5176 2386 5247 dignemur
2435 5175 2694 5246 quidem.
2754 5176 2950 5231 Aistus
3011 5178 3192 5234 fervet
3219 5179 3278 5233 in
3313 5184 3542 5238 mundo
3582 5187 3719 5240 reci-

2073 5282 2283 5338 procus
2345 5263 2680 5319 mortalium
2740 5271 3131 5322 cunctorum:
3170 5267 3386 5340 ﬂuunt,
3441 5273 3719 5338 efﬂuunt,

2071 5355 2367 5423 oriuntur,
2403 5353 2700 5408 occidunt.
2751 5353 2922 5410 Orbis
2954 5354 3075 5411 haec
3107 5357 3466 5414 universitas
3509 5363 3720 5417 dicitur

2069 5447 2128 5498 et
2157 5447 2262 5506 est.
2313 5443 2471 5498 orbis
2503 5443 2614 5497 ritu
2648 5442 2763 5496 cito
2815 5443 3074 5514 subsilit,
3115 5452 3416 5502 momento
3445 5450 3718 5517 volvitur,

2069 5531 2506 5602 inquietissima
2561 5531 2848 5601 vertigine
2907 5537 3148 5588 rotatur.
3183 5539 3397 5591 Rerum
3451 5541 3714 5594 omnium

2069 5621 2474 5676 incertissima:
2523 5620 2821 5691 dicuntur,
2855 5621 3088 5677 animus
3135 5623 3556 5697 adolescentis,
3588 5631 3716 5684 otii-
