4002 6202
269 294 406 350 1305

1277 283 1640 340 ΒΡΕΟΙΜΕΝ
1679 275 2079 334 SAPIENTUE
2115 270 2447 326 INDORUM
2485 268 2647 320 VET.

3532 249 3668 304 1306

271 419 440 474 ciosas
468 412 861 469 fabulationes
895 407 1318 482 improborum,
1369 421 1529 460 amor
1574 401 1914 462 mulierum,
1946 400 2000 464 Α
2031 394 2240 467 queis?
2271 389 2597 446 Prudentia:
2629 392 2739 441 tuae
2793 386 2982 439 fuerat
3031 397 3144 436 non
3205 378 3319 433 nisi
3374 377 3669 448 explorato

276 509 422 561 falsa
454 504 609 566 laus,
641 500 854 556 divitiae
887 500 1014 555 sine
1041 500 1273 552 virtute.
1309 495 1410 549 His
1460 507 1652 564 neque
1683 489 1930 544 afﬂuen—

279 597 436 651 tibus
469 593 729 665 prudens
761 590 998 662 gaudet,
1033 604 1138 642 nec
1169 584 1486 642 subtractis
1531 585 1633 636 aut
1674 578 1927 649 maligne

279 681 758 758 provenientibus
820 677 1108 751 queritur.
1167 674 1330 730 Talia
1373 672 1695 727 disserente
1743 671 1927 722 testu-

281 775 436 844 dine,
463 771 789 827 delectatus
822 768 1104 837 majorem
1134 766 1193 819 in
1227 764 1464 818 modum
1498 776 1706 815 corvus
1737 757 1929 812 excla-

284 862 484 918 mavit:
522 859 668 927 Ohe,
702 863 767 912 ut
799 856 946 912 nihil
996 855 1227 910 dulcius
1277 855 1334 907 in
1381 851 1498 904 vita
1546 853 1636 903 est
1669 847 1934 917 jucunda

285 950 762 1009 confabulatione
793 951 850 1001 et
883 950 1083 1000 mutua
1101 941 1552 999 commonitione
1575 933 1928 992 amicorum!

289 1059 422 1096 nam
453 1042 637 1094 bonos
671 1054 786 1091 non
815 1035 912 1090 alii
946 1051 1121 1106 quam
1158 1031 1288 1088 boni
1314 1032 1525 1100 juvant
1563 1031 1664 1082 aut
1704 1026 1761 1079 in
1809 1041 1931 1078 am-

289 1132 465 1202 biguo
497 1123 1326 1198 dirigunt,sicutelephantem
1355 1119 1582 1190 lapsum
1610 1113 1803 1169 nullus
1821 1111 1933 1166 nisi

292 1218 532 1289 elephas
561 1217 709 1270 valet
730 1214 974 1284 erigere.

369 1343 492 1397 XlI.
518 1342 646 1395 Hac
676 1345 729 1393 et
762 1338 853 1392 his
887 1336 1100 1392 similia
1129 1335 1406 1404 loquente
1437 1346 1626 1397 corvo,
1668 1325 1940 1399 apparuit

297 1430 518 1504 procul,
555 1446 726 1484 cursu
753 1429 824 1482 ad
860 1429 1074 1481 fontem
1101 1423 1382 1478 citissime
1402 1421 1684 1474 festinans
1709 1432 1938 1486 caprea,

296 1522 469 1591 cujus
499 1518 741 1588 strepitu
772 1521 829 1570 et
859 1514 1111 1570 novitate
1154 1509 1439 1582 inopinati
1491 1508 1772 1562 adventus
1822 1509 1939 1558 tre-

297 1611 418 1683 pidi
471 1609 664 1664 cuncti
714 1607 872 1660 varie
917 1605 1154 1659 abeunt.
1204 1600 1459 1656 Testudo
1500 1615 1561 1653 se
1613 1597 1782 1667 aquis
1831 1595 1940 1648 im-

301 1699 524 1764 mersit,
570 1713 703 1751 mus
753 1709 958 1749 cavum
1008 1692 1088 1746 ibi
1138 1696 1434 1762 repertum
1481 1687 1686 1752 subiit,
1733 1700 1942 1739 corvus

300 1787 549 1844 evolavit
595 1787 651 1839 in
684 1799 986 1839 summum
1011 1781 1257 1848 arboris,
1282 1778 1436 1833 unde
1458 1774 1796 1846 diligentius
1823 1788 1945 1826 rem
1978 1763 2024 1827 Β

303 1874 633 1948 speculans.
692 1872 1030 1944 explorabat
1083 1885 1223 1923 num
1285 1883 1411 1937 quae
1471 1865 1591 1918 fera
1647 1862 1876 1916 damam
1913 1877 1944 1913 a

304 1965 834 2036 tergoinsequens,
882 1961 939 2014 in
985 1960 1165 2012 istum
1220 1970 1460 2010 cursum
1504 1960 1751 2023 urgeret.
1797 1953 1943 2006 Cum

305 2055 451 2110 nihil
493 2054 605 2108 tale
670 2055 889 2106 attente
937 2045 1422 2116 circumspiciens
1452 2040 1948 2110 notasset,delap-

309 2163 408 2199 sus
439 2143 841 2198 testitudinem
876 2147 927 2194 et
959 2153 1186 2192 murem
1219 2133 1462 2198 vocavit,
1509 2140 1588 2196 et,
1639 2131 1944 2194 Conﬁdite,

305 2236 519 2306 inquit,
576 2251 685 2304 pax
741 2232 913 2286 rebus
973 2234 1090 2294 est;
1143 2245 1176 2280 a
1234 2227 1407 2279 dama
1457 2224 1610 2294 quod
1672 2221 1950 2274 timeatur

306 2324 452 2378 nihil
485 2338 614 2377 esse
647 2320 825 2382 scitis,
864 2334 1036 2389 porro
1077 2332 1206 2370 eam
1262 2329 1366 2368 nec
1393 2314 1511 2366 fera
1553 2327 1657 2364 nec
1712 2309 1799 2363 vis
1831 2306 1950 2362 ulla

306 2413 437 2481 alia,
471 2427 649 2482 quam
686 2408 998 2462 formidare
1047 2405 1390 2466 debeamus,
1444 2400 1795 2470 insequitur.
1843 2397 1949 2450 Ca-

309 2522 452 2576 preae
478 2517 710 2574 quoque
735 2501 856 2565 jam
881 2496 1136 2568 appulsae
1173 2493 1464 2548 nuntiavit
1506 2489 1652 2544 nihil
1701 2490 1951 2544 circum-

307 2600 461 2649 stare
494 2590 759 2664 periculi,
812 2592 1025 2641 cuncta
1080 2601 1142 2639 se
1176 2583 1291 2637 late
1348 2598 1418 2636 ex
1473 2579 1588 2634 alto
1645 2578 1950 2631 lustrasse.

310 2687 413 2738 llic
444 2697 675 2736 amersa
706 2679 940 2733 testudo
973 2679 1028 2729 et
1061 2674 1201 2729 fonti
1246 2672 1544 2736 innatans,
1579 2672 1952 2722 cunctantem

315 2769 660 2826 verecundia
711 2767 958 2837 quadam
1019 2777 1288 2832 capream
1341 2758 1499 2813 sitim
1553 2757 1946 2826 exstinguere,

314 2861 564 2930 benigne
594 2856 858 2912 invitavit
883 2855 953 2908 ad
988 2853 1331 2915 bibendum,
1393 2849 1582 2903 Reﬁce
1613 2852 1669 2902 te
1727 2861 1953 2910 secura,

313 2949 610 3020 inquiens,
687 2947 758 3001 ad
817 2943 1037 2998 amicos
1088 2939 1315 3004 venisti,
1368 2954 1472 2992 nec
1541 2935 1781 3004 quidam
1840 2933 1953 2986 cir-

314 3043 570 3094 cumstat
601 3035 899 3090 infestum.
949 3035 1119 3095 Tum,
1167 3029 1280 3082 nisi
1326 3043 1495 3097 grave
1538 3028 1644 3089 est,
1685 3020 1953 3077 consola-

2039 486 2333 540 incedere.
2391 481 2518 537 Scis
2573 477 2765 543 enim,
2822 473 3033 544 saepius
3089 472 3366 540 experta.
3426 465 3675 520 insidias

2039 573 2395 629 inhiantium
2428 574 2627 625 nostro
2641 562 2935 636 sanguini.
2957 559 3058 616 Cui
3081 557 3502 629 caprea,Quam
3531 570 3674 623 pru—

2039 661 2319 729 dentiam,
2351 659 2558 730 inquit,
2593 651 2912 711 memoras?
2942 647 3169 704 inutilis
3197 663 3264 700 ea
3295 648 3384 700 est
3433 647 3489 698 et
3537 641 3674 696 effe-

2040 757 2136 807 ctu
2167 728 2355 819 cassa,
2391 728 2620 818 quoties
2651 743 2754 798 fati
2782 742 2905 810 lege
2949 739 3005 793 in
3051 735 3292 792 exitium
3343 728 3676 786 inevitabile

2041 839 2350 894 trahimur.
2385 836 2500 890 Hac
2531 835 2651 888 vice
2682 845 3018 886 sermonum
3053 825 3285 880 testudo
3318 819 3676 891 supervenit,

2044 944 2206 983 mure
2237 933 2477 980 strenue
2511 924 2806 976 laborante
2830 917 3010 972 acatis
3044 914 3316 969 dentibus
3350 911 3407 964 in
3443 910 3580 963 fune
3607 905 3684 960 la-

2042 1035 2329 1092 queorum
2362 1013 2692 1070 incidendo.
2715 1011 2919 1072 Dama,
2943 1024 3066 1061 eam
3102 997 3681 1074 conspicata,Malum

2044 1109 2288 1173 factum,
2319 1106 2420 1169 ait,
2454 1102 2607 1174 quod
2640 1101 2754 1154 huc
2783 1096 3016 1159 venisti,
3050 1091 3399 1148 charissima
3429 1087 3682 1149 testudo;

2047 1215 2179 1254 nam
2206 1199 2491 1267 quantum
2525 1188 2771 1260 conjicio
2804 1202 2871 1240 ex
2921 1183 3135 1239 recenti
3192 1179 3456 1234 tensione
3512 1174 3688 1242 hujus

2045 1263 2258 1357 laquei,
2290 1287 2530 1338 venator
2587 1281 2716 1349 ejus
2745 1275 2948 1329 artifex
3009 1289 3121 1326 non
3163 1270 3328 1323 abest
3362 1263 3580 1337 procul.
3635 1265 3687 1316 ls

2049 1394 2180 1433 cum
2211 1374 2406 1428 statim
2439 1367 2756 1434 advenerit,
2790 1380 2996 1418 corvus
3029 1359 3244 1425 volatu,
3296 1372 3427 1409 mus
3475 1353 3687 1406 libera-

2049 1472 2332 1521 tormeus
2364 1466 2421 1515 et
2453 1475 2557 1530 ego
2592 1473 2722 1510 mox
2771 1452 3060 1524 expedita,
3108 1463 3282 1502 cursu
3338 1442 3503 1497 facile
3549 1440 3691 1494 effu-

2051 1556 2209 1628 gium
2240 1550 2647 1622 captabimus;
2679 1549 2743 1598 tu
2789 1541 2912 1596 sola
2952 1536 3245 1593 tarditatis
3299 1535 3506 1588 innatae
3552 1526 3694 1581 vitio

2053 1647 2246 1718 praeda
2281 1643 2359 1696 illi
2387 1643 2543 1694 certa
2578 1631 2931 1690 remanebis.
2962 1628 3108 1694 Quid
3155 1640 3407 1693 agerem,
3453 1635 3696 1690 respon—

2055 1736 2139 1790 dit
2162 1732 2392 1790 testudo
2421 1747 2432 1784 :
2459 1742 2653 1782 carere
2685 1723 2767 1776 tui
2799 1722 3114 1789 conspectu
3164 1731 3279 1768 non
3332 1715 3615 1781 poteram,
3647 1709 3701 1760 et

2061 1821 2267 1896 quovis
2298 1823 2560 1889 emptum
2595 1815 2740 1868 bene
2773 1806 3027 1881 periculo
3060 1808 3196 1875 puto
3233 1803 3483 1855 fructum
3519 1795 3696 1850 animi

2062 1915 2161 1984 qui
2213 1909 2528 1983 percipitur
2581 1915 2897 1972 congressu
2944 1894 3291 1950 amicorum.
3329 1889 3454 1942 Haec
3504 1902 3569 1939 ea
3614 1883 3697 1937 lo-

2062 2007 2277 2076 quente
2307 1975 2586 2066 strepitus
2616 1989 2940 2045 incedentis
2961 2000 3060 2055 per
3080 1981 3286 2037 silvam
3310 1975 3566 2031 hominis
3592 1988 3698 2026 au-

2063 2097 2219 2149 ditur
2252 2088 2524 2162 primum,
2559 2099 2625 2136 ac
2647 2079 2842 2134 statim
2876 2079 3147 2129 venatore
3179 2069 3515 2139 apparente,
3569 2078 3699 2115 cor-

2063 2200 2169 2237 vus
2201 2149 2472 2239 avolavit,
2508 2188 2638 2224 mus
2671 2183 2808 2222 cavo
2850 2163 2966 2217 illic
3027 2157 3260 2214 fortuito
3306 2171 3367 2209 se
3417 2149 3700 2207 condidit.

2066 2277 2239 2328 dama
2269 2267 2456 2337 ruptis
2490 2258 2738 2316 vinculis
2769 2254 3045 2312 exsiliens
3072 2248 3322 2319 aufugit,
3347 2242 3580 2298 testudo
3600 2241 3700 2294 de-

2067 2364 2351 2437 prehensa
2383 2355 2631 2425 capitur,
2665 2355 2722 2404 et
2744 2349 2816 2403 ab
2847 2345 2977 2399 aliis
3011 2344 3232 2396 intento
3253 2341 3544 2397 venatore,
3571 2332 3707 2384 fune

2066 2435 2358 2523 deligatur
2388 2446 2456 2499 ad
2493 2450 2726 2497 trucum
2749 2435 2987 2492 arboris.

2135 2575 2281 2632 XIII.
2313 2571 2491 2628 Paulo
2525 2571 2656 2638 post
2684 2578 2884 2618 aversa
2915 2559 2972 2612 in
3009 2571 3142 2626 spes
3183 2551 3510 2624 prtedarum
3563 2543 3706 2598 alia-

2066 2683 2197 2724 rum
2234 2659 2526 2718 venatoris
2555 2656 2682 2710 ideo
2711 2650 2868 2705 varie
2897 2664 2996 2720 per
3026 2643 3232 2700 silvam
3267 2636 3707 2704 errantis,cura,

2069 2753 2363 2813 silentium
2399 2765 2499 2819 per
2529 2741 2795 2798 inducias
2825 2737 2944 2790 illic
2977 2731 3259 2804 quasdam
3296 2726 3422 2781 fuit.
3455 2726 3578 2789 Quo
3621 2720 3711 2774 usi

2068 2853 2332 2914 tempore
2366 2854 2520 2902 mus,
2554 2847 2764 2901 caprea
2791 2833 2848 2882 et
2897 2838 3105 2879 corvus
3139 2835 3252 2873 non
3301 2816 3474 2885 longe
3505 2829 3538 2865 a
3587 2810 3710 2863 loco

2199 2897 2436 2986 testudo
2469 2897 2664 2978 stabat
2689 2921 2883 2971 vincta
2913 2908 3284 2967 conveniunt.
3317 2897 3709 2970 Comploratio

2071 3025 2163 3078 hic
2196 3018 2462 3075 omnium
2513 3028 2580 3064 cx
2611 3024 2748 3063 casu
2804 3002 3011 3058 acerbo
3061 2991 3415 3051 miserabilis
3449 2988 3577 3043 fuit.
3632 2989 3710 3040 Ae

315 3075 570 3094 υυυηιυιυ
601 3075 899 3090 ..υυυωημ
961 3075 1119 3095 -...-.,
1168 3075 1280 3082 ---η
1326 3075 1491 3097 οη.-
1545 3075 1644 3089 πή,
1694 3075 1742 3077 ,_
1812 3075 1816 3076 ,

315 3129 472 3182 beris
505 3143 612 3181 nos
642 3122 935 3178 narrando
957 3134 1242 3191 quorsum
1279 3116 1476 3170 venias
1524 3113 1696 3167 unde.
1748 3112 1950 3180 Dama,
1984 3123 2028 3190 α
2076 3126 2284 3170 corvus
2317 3104 2492 3176 prior.
2523 3102 2603 3154 Ex
2634 3111 2812 3168 quam
2845 3088 3134 3162 jucunda,
3185 3080 3398 3152 inquit,
3460 3092 3598 3148 pace
3650 3075 3707 3127 in

2637 3186 2647 3191 -
2845 3181 2855 3191 .
2890 3180 2921 3191 ..
3139 3189 3146 3191 ξ
3199 3164 3707 3191 -:__-.1--...-:m..n

313 3223 451 3289 potu
509 3218 792 3277 recreata,
850 3211 912 3265 In
968 3213 1296 3271 venatores,
1359 3205 1487 3270 ait,
1548 3201 1722 3256 hodie
1777 3200 1954 3254 incidi

314 3306 530 3378 plures,
566 3309 624 3358 et
647 3319 758 3357 non
793 3318 908 3355 uno
936 3296 1281 3352 insidiantes
1327 3294 1473 3362 loco,
1509 3308 1656 3363 quos
1689 3291 1750 3345 ut
1796 3290 1955 3359 fuge-

313 3411 436 3450 rem
489 3393 664 3462 longa
709 3388 1080 3445 contentione
1149 3400 1297 3456 opus
1340 3383 1469 3437 fuit.
1543 3381 1690 3434 Nam
1754 3379 1962 3433 incidit

315 3502 431 3539 non
485 3481 666 3538 semel
717 3484 782 3534 ut
838 3478 1030 3533 locum
1093 3475 1192 3529 ubi
1251 3472 1540 3543 refugium
1602 3469 1960 3541 quaerebam,

319 3574 790 3646 praeoccupatum
835 3572 1023 3634 nacta,
1075 3564 1208 3618 inde
1258 3565 1530 3616 renovato
1590 3561 1812 3628 impetu
1872 3573 1963 3611 re-

319 3664 550 3718 ﬂectere
581 3674 821 3714 cursum
844 3657 958 3712 alio
1008 3669 1264 3725 cogerer,
1317 3649 1506 3720 quoad
1560 3648 1673 3700 huc
1714 3645 1964 3716 propitia

323 3770 415 3808 me
447 3750 717 3822 quaedam
741 3749 975 3802 fortuna
1005 3741 1294 3814 perduxit.
1348 3737 1453 3792 Cui
1505 3735 1779 3790 testudo:
1830 3733 1963 3787 Ser-

319 3843 477 3896 vavit
529 3845 588 3893 te
646 3854 772 3893 sors
832 3844 929 3889 tua
977 3849 1107 3887 cum
1142 3831 1257 3884 huc
1316 3825 1591 3897 impulit:
1654 3822 1817 3878 avius
1875 3826 1966 3876 est

320 3933 520 3999 locus,
565 3927 794 3983 nullum
854 3924 948 3978 hic
997 3922 1223 3977 dudum
1282 3920 1616 3972 venatorem
1666 3910 1962 3966 vidimus:

322 4036 508 4094 quare
565 4015 961 4073 sollicitudine
1007 4011 1248 4078 omissa,
1282 4007 1410 4062 lzeta
1464 4005 1768 4059 nobiscum
1818 4001 1965 4057 vive.

322 4090 560 4182 (inpiam
593 4106 776 4161 habes
796 4101 1082 4175 graminis
1109 4096 1333 4162 viridis,
1366 4099 1424 4150 et
1454 4109 1615 4164 aqua:
1637 4091 1697 4147 in
1730 4090 1968 4161 propin—

323 4216 441 4272 quo
476 4195 696 4268 frigidas
728 4210 794 4248 ac
824 4189 1106 4261 limpidae,
1149 4192 1300 4252 tum,
1332 4184 1381 4239 si
1437 4199 1552 4237 non
1611 4177 1967 4252 aspernaris,

324 4268 560 4344 sodales
591 4281 880 4354 iucundos
911 4284 967 4334 et
996 4279 1165 4332 fidos.
1193 4275 1334 4338 Quis
1365 4272 1508 4326 talia
1534 4268 1970 4329 recuset,dama

325 4377 626 4447 inquit,et
664 4372 915 4426 libenter
959 4365 1288 4422 assentiens
1332 4360 1618 4426 consedit,
1668 4357 1844 4411 vitam
1890 4354 1971 4408 ibi

327 4443 539 4536 degere
569 4462 846 4530 deinceps
876 4460 1054 4512 certa.
1107 4451 1449 4508 Convivium
1503 4449 1638 4502 inde
1689 4443 1973 4515 hospitale
2006 4477 2050 4540 Β

329 4555 662 4611 celebratur
691 4549 800 4604 sub
834 4548 1015 4602 densa
1045 4543 1198 4611 ilice,
1232 4538 1483 4611 singulis
1514 4553 1685 4591 casus
1709 4551 1848 4589 suos
1879 4549 1967 4586 re-

332 4641 697 4708 ferentibus;
731 4637 1064 4706 fiebantque
1095 4633 1228 4686 inde
1254 4625 1580 4700 quotidiani
1620 4638 1973 4694 congressus

331 4729 759 4789 consuetudine
815 4719 1271 4788 humanissima,
1330 4716 1459 4772 aliis
1519 4713 1664 4769 alios
1717 4710 1976 4767 officiose

328 4819 682 4877 visentibus.
713 4816 859 4870 Hinc
891 4813 986 4867 die
1017 4810 1271 4882 quadam
1303 4821 1434 4862 cum
1469 4801 1866 4858 cendixissent
1892 4804 1975 4852 te-

328 4910 531 4972 studo,
562 4922 696 4961 mus
723 4909 781 4959 et
810 4917 1020 4957 corvus
1051 4899 1123 4953 ad
1155 4895 1344 4951 cubile
1393 4892 1789 4964 propinquum
1831 4890 1977 4942 ami-

327 5018 409 5058 ca
443 4994 737 5063 dorcadis,
770 4991 1114 5062 repererunt
1145 4985 1276 5040 heu!
1330 4982 1491 5038 illam
1541 4980 1750 5050 laqueo
1802 4974 1978 5044 mala,

328 5105 507 5146 manu
538 5085 729 5157 posito
762 5079 1099 5152 implexam.
1134 5074 1368 5130 Primus
1400 5087 1519 5126 rem
1545 5084 1754 5124 corvus
1776 5066 1982 5136 depre—

325 5155 930 5237 henditiantevolans,
961 5172 1018 5223 et
1075 5162 1363 5221 curriculo
1422 5158 1643 5214 lentius
1701 5155 1982 5210 euntibus

325 5266 507 5325 sociis
537 5261 1110 5328 occurrens,captam
1141 5254 1375 5308 damam
1409 5246 1703 5304 nuntiavit
1735 5264 1748 5312 ;
1785 5243 1982 5297 abesse

325 5365 531 5414 tamen
551 5359 906 5415 venatorem,
929 5349 1158 5400 tantum
1179 5342 1452 5396 miseram
1478 5337 1695 5391 hzerere
1723 5331 1982 5387 funiculo

328 5443 740 5504 constrictam.
767 5433 1133 5492 Consternati
1165 5431 1338 5486 ambo
1383 5423 1763 5483 acerbissimo
1818 5436 1980 5480 casu,

331 5535 588 5612 gradum
622 5544 800 5602 quam
823 5527 1076 5597 possunt
1099 5519 1349 5575 maxime
1373 5515 1649 5570 celerant.
1675 5512 1803 5566 Mus
1828 5509 1985 5579 prior

337 5597 706 5701 perveniens,
741 5615 881 5680 Quis
914 5610 1232 5684 tc,infelix,
1261 5605 1469 5676 inquit,
1524 5604 1615 5658 his
1663 5599 1855 5655 induit
1899 5597 1982 5652 la-

2063 3186 2756 3278 quantuminfortunium
2771 3180 2966 3236 subita
2981 3172 3354 3231 conversione
3369 3164 3711 3222 devenimus

2727 3273 2763 3278 -·
2813 3272 2845 3278 --
2948 3269 2980 3278 --
3200 3260 3458 3278 νικ--.μ
3509 3252 3673 3278 anni"

2276 3300 2405 3340 vere
2436 3279 2676 3352 quidam
2711 3272 2876 3337 dixit,
2910 3269 3038 3320 vita:
3070 3260 3464 3317 conditionem
3505 3252 3676 3324 deplo
3706 3285 3711 3291 -

2067 3343 2227 3446 rans,
2262 3370 2537 3430 mortales
2571 3363 2793 3420 felicem
2843 3371 3051 3420 unum,
3099 3351 3148 3406 si
3197 3350 3338 3403 forte
3387 3343 3708 3412 contingat,

2068 3430 2681 3529 successum,centum
2715 3443 3140 3505 offensionibus
3161 3430 3710 3493 etinfcstiseasibus

2067 3517 2496 3616 lvd-eretinunc
2522 3551 2578 3600 et
2610 3543 2722 3596 fide
2771 3533 3054 3593 felicitati.
3107 3530 3234 3584 Non
3285 3523 3513 3580 suffecit
3559 3517 3713 3574 hosti

2068 3664 2207 3703 meae
2237 3645 2478 3698 fortuna:
2512 3631 2698 3706 patria
2746 3642 2837 3680 me
2883 3623 3164 3694 privasse,
3215 3616 3455 3670 orbasse
3504 3624 3712 3680 paren~

2067 3737 2228 3791 tibus
2259 3735 2316 3784 et
2342 3713 2822 3790 consanguineis,
2856 3710 2968 3764 nisi
2992 3707 3164 3762 etiam
3200 3718 3291 3756 me
3323 3714 3477 3754 nunc
3499 3695 3712 3749 dulcis-

2068 3824 2222 3878 sima
2253 3810 2536 3872 testudini
2560 3805 2781 3866 amicae,
2817 3805 2875 3854 et
2909 3800 3064 3866 leges
3097 3787 3368 3847 amicitia:
3413 3790 3540 3838 tum
3593 3781 3712 3835 cal-

2073 3909 2246 3966 lentis
2278 3902 2561 3976 apprime,
2595 3901 2720 3948 tum
2765 3886 3038 3952 tenentis,
3088 3873 3513 3934 consuetudine
3559 3869 3714 3923 mul-

2307 3961 2827 4060 aspes’inanee!
2886 3978 3016 4028 vota
3067 3966 3271 4023 irritat
3328 3963 3459 4017 Jam
3522 3961 3721 4028 pereat

2072 4089 2182 4143 hoc
2209 4044 2441 4154 corpus:
2474 4081 2531 4131 et
2562 4072 2671 4129 sub
2705 4081 2877 4122 omne
2917 4057 3241 4134 periculum
3292 4050 3557 4106 mittatur
3603 4044 3720 4099 vita

2074 4177 2198 4232 haec
2233 4138 2328 4227 tot‘
2348 4164 2596 4224 obnoxia
2624 4153 2900 4222 miseriis,
2942 4156 3006 4204 ut
3056 4145 3307 4200 maxime
3349 4138 3572 4203 floreat,
3622 4149 3719 4186 ca-

2078 4267 2229 4320 duca
2259 4277 2327 4316 ex
2357 4255 2514 4312 brevi
2543 4251 2738 4321 vigore
2761 4244 2872 4300 cito
2897 4249 3289 4298 marcescens,
3314 4225 3487 4283 astris
3509 4220 3722 4278 similis

2077 4350 2394 4423 irrequieta
2461 4337 2746 4411 vertigine
2818 4333 2890 4387 ab
2940 4332 3072 4383 ortu
3124 4323 3193 4378 ad
3244 4331 3542 4379 occasum,
3587 4311 3724 4366 hinc

2958 4418 2967 4423 ⁸
3316 4407 3350 4423 ¹³
3471 4401 3720 4423 n-l'_!_-_|.

2083 4401 2290 4497 rursiis
2340 4438 2400 4491 in
2445 4435 2668 4506 partem
2722 4418 3072 4479 contrariam
3127 4407 3406 4484 gyrantis.
3471 4401 3725 4458 Refricat

2083 4530 2192 4584 hoc
2223 4489 2680 4581 nexum‘vulnus
2713 4507 3013 4567 cicatrices
3055 4504 3182 4573 jam
3226 4504 3486 4567 tempore
3534 4489 3723 4544 obdu-

2083 4623 2208 4674 ctas
2236 4619 2500 4670 veterum
2545 4605 2837 4666 dolorum,
2886 4602 2943 4650 et
2990 4589 3157 4664 quasi
3208 4586 3488 4642 redivivas
3527 4593 3725 4634 secum

2086 4707 2383 4764 adducens
2414 4698 2608 4753 clades
2640 4705 2846 4746 omnes
2871 4681 3216 4757 praeteritas,
3243 4671 3618 4743 conspirante
3650 4667 3727 4721 si-

2087 4794 2209 4851 mul
2223 4789 2538 4847 acerbitate
2553 4802 2584 4838 u
2597 4783 2723 4836 nive
2735 4792 2959 4833 rsarum
2979 4765 3386 4828 crudelissime
3403 4776 3495 4815 me
3509 4757 3732 4813 cruciat

2084 4883 2247 4939 Talia
2297 4879 2749 4947 conquerentem
2799 4879 3034 4920 corvum
3081 4853 3463 4928 interpellans
3496 4861 3726 4917 caprea,

2088 4974 2175 5027 Tu
2207 4970 2467 5041 quidem,
2502 4959 2716 5032 inquit,
2742 4955 2960 5025 tragice
2991 4945 3389 5011 rhetoricaris,
3415 4935 3585 5011 quasi
3636 4951 3724 4986 so-

2090 5061 2284 5133 phista
2313 5059 2382 5112 de
2428 5051 2649 5116 schola,
2695 5044 2927 5101 interim
2979 5042 3118 5093 dum
3169 5029 3502 5089 communis
3542 5023 3731 5077 amica

2091 5148 2327 5207 testudo
2364 5146 2420 5199 in
2472 5141 2601 5195 dira
2644 5135 2944 5198 servitute,
3005 5122 3370 5181 imminentis
3423 5113 3582 5170 exitii
3636 5127 3731 5164 ex-

2092 5236 2452 5312 spectatione
2478 5229 2695 5283 misera
2724 5225 2970 5278 aestuat:
3005 5216 3143 5287 quin
3178 5211 3394 5283 potius,
3443 5205 3732 5269 intempe-

2789 5310 2819 5312 η
3035 5307 3044 5312 _
3168 5304 3180 5312 ,
3345 5303 3354 5312 ι
3421 5306 3571 5312 HM
3626 5290 3702 5312 Νι

2093 5290 2225 5384 8ἶίνὶ
2273 5322 2650 5383 declamator,
2683 5314 2733 5369 ei
2785 5307 3100 5365 liberanda:
3152 5304 3290 5355 dum
3343 5303 3572 5362 tempus
3623 5290 3733 5356 est,

2093 5414 2318 5472 consilii
2373 5407 2674 5482 quidpiam
2735 5400 2886 5455 celer
2943 5389 3235 5463 expedis?
3277 5386 3416 5450 Hoc,
3464 5381 3733 5449 inquam,

2095 5464 2318 5472 ’⁹’““’“’“⁷
2391 5464 2408 5482 ι
2524 5464 2534 5478 ι

2092 5522 2194 5575 age
2227 5503 2358 5557 istis
2389 5497 2645 5560 omissis,
2682 5497 2746 5546 ut
2766 5489 2941 5552 viam,
2974 5483 3024 5537 si
3053 5495 3170 5552 qua
3199 5480 3306 5543 est,
3333 5464 3735 5538 amicicapitis

2094 5595 2219 5651 neci
2251 5587 2537 5663 eripiendi
2568 5586 2873 5638 ineamus:
2909 5573 3005 5629 sed
3041 5566 3252 5638 raptim
3304 5579 3370 5617 ac
3426 5558 3572 5615 citra
3609 5572 3736 5609 mo-
