3984 6202
325 288 461 344 1307

1825 303 2212 358 APPENDIX.

3609 306 3747 363 1308

321 435 469 485 ram;
505 432 636 472 nam
661 417 835 472 officii
861 417 1086 474 occasio
1108 420 1299 475 brevis
1325 423 1438 476 est.
1472 420 1678 477 Militis
1729 424 1785 477 in
1818 425 1961 482 aciei
1995 425 2045 495 Α
2077 426 2259 499 gligat
2308 431 2571 498 paratam
2609 428 2918 498 praedam?
2969 430 3111 483 Cum
3163 445 3345 502 prOpe
3407 432 3743 492 accesserit,

322 507 617 580 procinctu
655 507 932 562 fortitudo
963 510 1268 580 probatur,
1299 511 1543 580 aequitas
1574 513 1964 584 negotiatoris

319 599 377 653 in
411 600 648 668 accepta
671 597 834 668 juste
866 599 1161 656 reddendo
1210 602 1581 673 perspicitur,
1629 603 1775 660 fides
1817 605 1963 659 ami-

318 686 465 741 citiae
500 703 684 741 unum
718 692 954 762 tempus
986 690 1162 746 habet
1191 691 1281 747 sui
1335 693 1668 763 prodendis,
1720 693 1961 750 calami-

315 778 496 830 tatem
527 775 873 834 amicorum.
909 782 1233 835 Cunctante
1268 780 1337 836 ad
1373 781 1491 836 haec
1523 798 1713 849 corvo,
1749 785 1846 839 cui
1882 783 1964 839 ni-

318 863 400 918 hil
449 871 820 922 succurreret
859 869 929 922 ad
972 885 1215 940 scopum
1249 871 1414 937 utile,
1465 887 1758 945 occupans
1807 890 1964 928 mus-

314 953 457 1008 Mihi
491 954 742 1021 videtur;
777 958 988 1029 inquit,
1013 959 1300 1030 optimum
1341 961 1519 1027 factu,
1567 963 1614 1017 si
1671 980 1733 1018 se
1783 963 1963 1035 prori-

315 1044 439 1114 piat
461 1043 596 1098 hinc
627 1045 823 1111 dama,
855 1048 997 1102 etin
1023 1064 1228 1121 campo
1261 1066 1328 1105 ex
1353 1051 1461 1105 hoc
1483 1051 1608 1107 loco
1644 1053 1960 1124 conSpicuo

317 1132 481 1186 humi
506 1133 711 1202 jacens
734 1152 797 1191 se
825 1143 1114 1193 mortuam
1157 1138 1414 1208 simulet,
1451 1141 1624 1197 fidem
1658 1142 1784 1197 viso
1835 1159 1960 1198 cor-

315 1239 422 1276 vus
455 1227 684 1279 astruat
718 1227 1162 1297 superinvolans
1192 1233 1248 1284 et
1277 1229 1561 1298 insidens,
1602 1235 1666 1286 ut
1713 1232 1960 1287 cadave-

318 1310 480 1366 ribus
514 1311 702 1368 solet:
736 1313 842 1370 hoc
874 1321 1112 1372 venator
1161 1317 1415 1385 intuens,
1468 1320 1684 1375 omisso
1736 1337 1875 1376 arcu
1909 1324 1964 1376 et

317 1399 608 1472 pharetra,
643 1403 807 1459 velox
837 1421 902 1460 eo
935 1408 1265 1476 contendet;
1301 1410 1596 1481 quomodo
1646 1410 1804 1465 enim
1862 1427 1962 1465 ne-

2077 520 2160 585 tu,
2193 515 2389 583 dama,
2423 531 2649 589 surges,
2684 522 2740 571 et
2769 533 2883 573 non
2918 521 3039 573 tota
3064 517 3365 574 velocitate
3403 525 3579 575 utens
3613 527 3741 588 tua,

2076 603 2296 660 sensim
2329 604 2525 661 elicies
2548 607 2618 660 ad
2653 607 3014 677 sequendum
3045 622 3148 678 spe
3181 607 3403 679 injecta
3443 608 3529 663 tui
3566 611 3737 680 quasi

2073 694 2391 750 vulneratae
2423 695 2713 767 potiundi.
2746 697 2837 752 Sic
2868 712 3002 752 eum
3057 698 3315 753 abducas
3367 714 3552 770 quam
3602 698 3736 754 lon-

2075 784 2344 855 gissime,
2377 801 2482 857 ego
2513 785 2746 842 interim
2792 786 3073 842 dentibus
3117 785 3352 842 vincula
3406 788 3731 844 testudinis

2076 873 2472 930 conscindam.
2511 877 2796 931 Probatur
2830 892 2920 933 res
2971 877 3222 932 cunctis.
3278 877 3581 949 Incipiunt
3635 895 3734 948 pro

2076 977 2140 1017 se
2170 964 2442 1034 quisque,
2494 965 2650 1036 quod
2695 967 2842 1021 bene
2884 969 3156 1033 verteret,
3213 972 3271 1022 et
3328 967 3634 1037 negotium
3676 973 3735 1022 ut

2075 1052 2511 1109 destinaverant
2569 1055 2895 1125 successit,
2956 1055 3353 1128 liberatioque
3415 1057 3729 1112 testudinis

2076 1143 2373 1197 communi
2397 1149 2484 1199 est
2516 1144 2909 1214 gratulatione
2935 1145 3248 1202 celebrata.
3275 1146 3562 1201 Hactenus
3593 1147 3724 1201 idea

2077 1232 2390 1289 informata
2455 1240 2543 1289 est
2599 1236 2924 1290 amicorum
2975 1241 3032 1292 et
3091 1235 3389 1305 amicitiae,
3443 1237 3607 1291 dotes
3651 1236 3724 1290 il-

2075 1319 2306 1392 lorum,
2363 1323 2544 1395 hujus
2611 1320 2807 1386 officia
2856 1325 3014 1382 velut
3086 1325 3144 1380 in
3217 1324 3459 1397 speculo
3527 1341 3734 1396 propo-

2075 1427 2243 1468 nens.

1413 1695 1918 1780 DISSERTATIO
1959 1716 2458 1780 PARABOLICA
2503 1717 2601 1777 1v.

323 1835 517 1920 Varia
549 1837 962 1898 demonstrat.
1002 1843 1292 1900 Primum
1327 1863 1347 1900 :
1378 1842 1514 1901 odii
1547 1847 1868 1920 pro/undi
1924 1854 1982 1903 et
2014 1849 2355 1904 inveterati
2385 1849 2514 1902 vim
2566 1847 2921 1917 malignam
2944 1861 2964 1915 ;
3012 1841 3244 1900 deinde
3303 1841 3727 1900 consiliorum

386 1915 696 2000 detectum
753 1925 821 1977 in
869 1922 1180 1995 periculis
1232 1925 1444 2000 Reip.,'
1500 1915 1714 2000 postea
1778 1933 2211 1986 necessitatem
2257 1929 2482 1983 arcani
2537 1922 2624 1981 ad
2675 1915 2893 1981 eorum
2948 1939 3359 1991 successum;
3401 1928 3722 1996 prmtcrea

385 1997 578 2072 ﬁdem
609 2018 820 2083 veram
849 2019 922 2060 ac
951 1997 1515 2064 charitatemcz'vis
1539 2025 1603 2063 se
1617 2024 1742 2082 pro
1771 2013 1996 2083 patria
2028 2006 2423 2068 devoventis:
2457 2004 2730 2080 denique
2781 2011 3025 2079 quanta
3065 2005 3355 2080 pernicie
3411 2000 3724 2060 credatur

395 2081 775 2158 transfugis.

379 2239 686 2296 Siclocuto
715 2245 1211 2314 gymnosOphistze
1244 2261 1342 2301 rex
1370 2246 1792 2302 Abessalomus
1825 2248 1946 2303 haec
1981 2250 2026 2314 Β
2058 2243 2282 2299 Videtis
2335 2258 2570 2297 omnem
2626 2240 2886 2312 undique
2955 2239 3209 2296 civitatis
3269 2239 3458 2310 hujus
3509 2243 3718 2292 nostra

303 2333 480 2386 verba
536 2331 826 2387 reddidit:
887 2334 1130 2389 Abunde
1184 2335 1433 2390 docuisti
1502 2353 1593 2392 me
1643 2354 1770 2408 quae
1811 2338 1950 2408 jura

304 2437 502 2491 qureve
528 2421 730 2476 munia
751 2422 867 2476 sint
889 2423 1161 2478 amicitia:
1197 2424 1623 2496 sincerze,nunc
1655 2443 1722 2482 ex
1750 2426 1948 2498 te,nisi

303 2511 585 2581 gravaris,
621 2511 822 2566 audire
875 2528 1148 2583 cuperem
1209 2531 1336 2585 quae
1389 2515 1613 2586 optima
1670 2515 1752 2571 sit
1801 2517 1948 2572 ratio

301 2596 939 2654 insidiasinimicorum
997 2602 1353 2670 praecavendi
1402 2601 1718 2658 amicitiam
1761 2605 1947 2658 simu-

299 2685 572 2741 lantium.
604 2687 685 2742 Ad
721 2687 830 2743 hoc
862 2687 1016 2759 regis
1067 2691 1411 2745 mandatum
1467 2708 1610 2748 novo
1660 2692 1947 2764 principio

298 2775 784 2848 gymnosophista
835 2794 1076 2834 exorsus
1117 2779 1406 2835 disserere
1454 2781 1628 2852 cmpit
1676 2781 1735 2836 in
1790 2783 1948 2838 hunc

305 2867 568 2921 modum:

369 2959 412 3010 Ι.
463 2956 570 3020 Qui
622 2955 789 3012 facile
842 2955 1080 3012 inimico
1140 2957 1323 3014 credit
1380 2959 1822 3017 reconciliatum
1885 2978 1947 3019 se

298 3045 527 3113 ferenti,
564 3047 820 3118 patietur
861 3048 1016 3119 quod
1067 3049 1294 3104 noctuis
1344 3049 1576 3120 accidit,
1616 3053 1948 3124 proditione

297 3135 416 3190 ﬁcti
453 3137 772 3207 transfugis
826 3136 1034 3192 ultima
1091 3139 1488 3196 internecione
1547 3140 1770 3197 deletis.
1833 3143 1946 3200 Res

301 3228 574 3279 narratur
605 3225 660 3278 in
698 3225 855 3279 hunc
889 3227 1128 3281 modum
1165 3243 1176 3281 :
1211 3227 1399 3284 Arbor
1456 3235 1580 3285 erat
1636 3229 1695 3285 in
1750 3237 1948 3290 monte

299 3315 428 3370 avio
475 3331 700 3368 annosa
757 3315 1071 3368 densorum
1127 3315 1483 3384 ramalium,
1541 3326 1706 3374 vetus
1757 3321 1947 3377 cubile

302 3403 602 3474 rapacium
635 3402 853 3467 avium,
887 3403 985 3456 ubi
1021 3403 1152 3458 ﬁxis
1183 3405 1408 3459 dudum
1451 3408 1691 3463 sedibus
1742 3426 1948 3466 corvus

301 3492 500 3548 senior
529 3490 692 3546 mille
721 3491 1040 3546 admodum
1082 3492 1181 3547 sui.
1223 3495 1450 3564 generis
1495 3498 1787 3568 capitibus
1836 3501 1944 3556 im-

296 3581 602 3654 peritabat.
640 3579 893 3651 Degebat
921 3581 980 3636 in
1013 3597 1260 3638 caverna
1290 3585 1454 3656 rupis
1487 3587 1760 3657 proximae
1791 3605 1935 3661 gens
1967 3617 2009 3682 ρ

297 3685 614 3724 numerosa
668 3673 1040 3734 noctuarum,
1073 3672 1174 3726 uni
1220 3676 1275 3728 et
1314 3674 1445 3744 ipsa
1496 3675 1617 3747 regi
1673 3678 1933 3735 serviens

296 3757 699 3814 infensissimo
759 3759 955 3829 generi
1009 3762 1261 3818 corvino.
1322 3764 1510 3828 Quare
1560 3773 1618 3820 ut
1667 3765 1819 3820 inter
1853 3767 1938 3822 vi-

299 3847 462 3903 cinos
499 3846 735 3904 acribus
780 3848 1132 3905 commissos
1185 3851 1358 3922 odiis,
1387 3852 1634 3908 invicem
1691 3857 1940 3912 nocendi

299 3937 541 3992 consilia
562 3937 892 3993 tumebant.
924 3939 1186 4004 Quadam
1217 3945 1387 3996 nocte
1428 3943 1737 3999 universus
1779 3960 1943 4000 exer-

299 4027 452 4080 citus
507 4031 896 4091 noctuarum,
953 4027 1256 4099 inOpinato
1315 4031 1525 4086 castris
1583 4048 1939 4104 erumpens,

300 4113 519 4182 sopitos
575 4116 629 4165 et
682 4110 827 4164 nihil
894 4112 1008 4168 tale
1055 4120 1381 4172 metuentes
1441 4134 1644 4176 corvos
1702 4121 1935 4176 invasit.

298 4201 478 4255 Primi
513 4200 785 4256 custodes
809 4201 959 4258 casi:
981 4210 1369 4275 perrumpunt
1393 4207 1604 4264 deinde
1635 4210 1692 4264 in
1717 4211 1943 4267 arboris

296 4290 528 4356 intima,
564 4289 816 4345 multum
846 4295 1155 4364 sanguinis
1188 4298 1416 4366 fusum;
1466 4301 1702 4355 tandem
1754 4301 1942 4358 inter-

299 4379 465 4435 fectis
498 4379 792 4452 plurimis,
833 4382 1152 4441 vulneratis
1192 4403 1307 4442 non
1359 4390 1582 4459 paucis,
1639 4391 1941 4448 nonnullis

302 4468 512 4540 captis,
543 4469 748 4542 spoliis
788 4471 997 4528 divites
1044 4479 1101 4528 et
1147 4481 1386 4532 ovantes
1428 4479 1668 4536 victoria
1717 4487 1942 4539 noctuas

300 4557 421 4615 sole
445 4559 570 4630 jam
596 4560 817 4616 oriente
849 4579 988 4618 suas
1027 4564 1195 4620 sedes
1242 4572 1535 4638 repetunt.
1587 4571 1940 4628 Archicorax

295 4650 533 4719 (nomen
587 4648 694 4704 hoc
743 4656 867 4706 erat
922 4652 1203 4726 principis
1243 4659 1592 4730 corvorum),
1637 4660 1814 4716 simul
1872 4678 1941 4717 ex

296 4739 688 4809 trepidatione
720 4755 782 4794 se
821 4743 1040 4812 recepit
1082 4744 1265 4815 praelii
1317 4748 1612 4816 nocturni,
1663 4755 1935 4806 senatum

294 4827 449 4898 cogit
479 4844 784 4899 procerum
827 4833 1063 4902 gentis;
1114 4849 1262 4904 quos
1319 4835 1472 4892 inter
1529 4840 1760 4895 medius
1818 4841 1937 4896 haec

293 4916 394 4971 ait:
428 4918 656 4982 Quanta
685 4917 879 4976 clades
910 4937 1026 4976 uno
1054 4923 1277 4994 impetu
1330 4925 1646 4998 improviso
1695 4935 1936 4985 noctua-

291 5023 420 5060 rum
455 5008 673 5062 nostris
731 5008 908 5064 rebus
939 5010 1102 5066 illata
1152 5012 1250 5079 sit,
1305 5015 1552 5072 docendi
1613 5035 1744 5074 mea
1801 5037 1934 5076 ora-

287 5097 446 5151 tione
477 5113 592 5150 non
619 5097 783 5152 estis.
839 5099 903 5153 In
952 5100 1138 5157 oculis
1192 5107 1603 5163 recentissima
1654 5109 1939 5180 pernicies

287 5191 393 5240 est.
431 5184 612 5240 Multa
644 5185 700 5240 in
729 5186 846 5242 vita
877 5205 1008 5243 sum
1042 5191 1284 5248 adversa
1307 5201 1600 5266 expertus,
1631 5213 1935 5268 nunquam

285 5281 406 5330 tam
440 5291 618 5346 prope
644 5275 950 5333 interitum
973 5282 1200 5336 venisse
1226 5299 1317 5336 me
1342 5285 1604 5339 memini.
1631 5291 1747 5340 Vos
1773 5286 1936 5358 ipsos

287 5363 478 5418 adhuc
509 5364 672 5420 video
705 5366 946 5423 horrore
968 5369 1210 5440 periculi
1246 5371 1554 5443 palientes.
1589 5375 1932 5431 Obtruncati

290 5452 514 5523 vigiles,
545 5471 788 5525 pervasa
815 5464 1027 5529 castra,
1060 5461 1237 5515 robur
1286 5462 1345 5516 in
1397 5462 1490 5518 his
1541 5465 1797 5519 deletum
1850 5466 1933 5522 le-

290 5542 551 5612 gionum,
586 5563 686 5600 arx
730 5547 941 5603 intima
985 5554 1041 5604 et
1090 5550 1252 5622 regni
1296 5552 1514 5609 avitum
1564 5554 1778 5609 solium
1831 5573 1935 5628 0p-

291 5637 543 5700 portuno
573 5635 662 5689 vix
695 5639 934 5694 tandem
967 5639 1272 5699 allucentis
1294 5643 1407 5699 dici
1441 5644 1655 5701 auxilio
1687 5652 1931 5703 retenta.

2060 2333 2390 2390 frondentis
2448 2331 2758 2386 circuitum
2817 2335 2956 2400 quot
3025 2336 3363 2385 nostrorum
3428 2327 3722 2382 cadavera

2057 2426 2456 2490 consternant,
2490 2425 2709 2492 quanta
2741 2419 2829 2475 vis
2874 2419 3101 2474 cruoris
3151 2418 3434 2483 maculet,
3487 2421 3716 2488 quanta

2056 2513 2394 2585 plumarum
2427 2511 2540 2565 late
2572 2511 2871 2581 congeries
2904 2514 3090 2581 tegat:
3135 2507 3388 2578 vestigia
3432 2507 3718 2578 probrosa

2056 2601 2241 2658 nostri
2301 2600 2602 2655 dedecoris
2637 2642 2649 2666 ,
2706 2605 2762 2653 et
2820 2604 3036 2671 tropaea
3091 2597 3387 2668 jactantiaa
3450 2596 3715 2651 hostium

2056 2700 2417 2756 nostrorum,
2450 2691 2551 2761 qui
2584 2707 2700 2760 quo
2745 2689 2978 2744 viliores
3029 2692 3189 2752 sunt,
3245 2693 3302 2741 et
3354 2687 3494 2758 plus
3544 2685 3717 2757 vulgo

2051 2781 2249 2850 exosi,
2307 2795 2374 2834 eo
2435 2782 2634 2834 nostra
2695 2782 2783 2833 est
2841 2776 3267 2832 intolerabilior
3335 2776 3713 2848 ignominia.

2051 2871 2238 2942 Agite,
2273 2867 2559 2924 consulite
2591 2867 2650 2922 in
2703 2867 2964 2922 medi-um
3016 2867 3157 2938 quid
3194 2865 3574 2921 emendando
3623 2865 3718 2918 in-

2052 2959 2382 3024 commodo,
2418 2957 2810 3030 praecavendis
2843 2958 2900 3012 in
2935 2961 3236 3028 posterum
3276 2955 3517 3011 damnis
3552 2955 3716 3010 simi-

2053 3051 2231 3118 libus,
2263 3052 2660 3120 opportunum
2693 3048 2846 3102 factu
2872 3046 3178 3117 judicetis,
3210 3046 3492 3116 promite.
3528 3045 3715 3100 Erant

2052 3139 2244 3212 capita
2275 3136 2508 3193 consilii
2560 3136 2822 3208 quinque
2866 3153 2980 3207 prae
3027 3134 3250 3190 caeteris
3303 3134 3574 3190 illustres
3623 3151 3717 3207 ge-

2053 3234 2279 3285 starum
2310 3227 2466 3282 fama
2497 3241 2717 3290 rerum,
2743 3230 2798 3280 et
2828 3231 2994 3298 parta
3037 3228 3202 3279 aetate
3254 3239 3320 3278 ac
3371 3225 3550 3294 longo
3606 3241 3716 3279 usu

2056 3317 2380 3390 prudentiae
2411 3314 2680 3387 opinione
2713 3315 2878 3370 clari.
2919 3319 3139 3370 Horum
3174 3314 3271 3385 qui
3305 3315 3538 3384 primus
3573 3315 3715 3368 forte

2052 3405 2420 3471 consederat,
2456 3405 2610 3475 regis
2669 3403 2992 3459 orationem
3051 3404 3136 3458 sic
3168 3405 3436 3474 excepit:
3494 3403 3705 3458 Docuit

2052 3496 2171 3550 haec
2196 3511 2300 3549 nos
2322 3493 2580 3548 incursio
2615 3509 2789 3564 quam
2821 3509 3024 3563 parum
3066 3491 3212 3547 tutis
3256 3496 3507 3546 utamur
3557 3492 3712 3546 sedi.

2050 3585 2184 3652 bus;
2219 3583 2381 3638 nulla
2409 3599 2670 3653 unquam
2719 3587 2807 3636 est
2857 3582 3143 3637 securitas
3187 3581 3244 3635 in
3299 3585 3422 3636 tam
3471 3581 3706 3636 infensa

2047 3673 2260 3728 vicinia
2289 3673 2598 3745 speranda.
2632 3671 3000 3726 Florentibus
3035 3672 3209 3727 rebus
3240 3670 3487 3736 nostris,
3533 3670 3701 3726 inco-

2048 3762 2193 3818 lumi
2224 3761 2502 3824 exercitu,
2535 3761 2782 3832 integris
2829 3761 3060 3831 opibus,
3105 3762 3196 3814 vix
3245 3776 3416 3831 pares
3478 3760 3706 3814 fuimus

2048 3851 2296 3907 insultui
2323 3851 2585 3906 nondum
2619 3849 3022 3921 spernentium
3049 3850 3175 3911 dos,
3211 3849 3465 3903 necdum
3502 3865 3703 3919 exper-

2048 3949 2236 3998 torum
2270 3940 2633 3996 debilitatem
2679 3945 2960 3995 nostram.
2995 3939 3053 3993 Si
3109 3943 3275 3992 nocte
3327 3937 3703 4008 insequente,

2047 4047 2325 4088 successu
2380 4031 2620 4094 leroces,
2671 4028 2824 4084 aucti
2887 4027 3123 4098 animis,
3185 4026 3397 4098 majori
3457 4043 3702 4082 numero

2048 4118 2398 4189 ingruerint,
2432 4118 2571 4189 quid
2605 4118 2867 4173 futurum
2901 4118 2998 4186 sit,
3058 4116 3257 4172 horret
3316 4116 3559 4171 animus
3621 4118 3700 4170 in-

2050 4209 2300 4266 formare
2330 4209 2659 4280 cogitando.
2693 4207 2940 4263 Utamur
2972 4223 3180 4262 censeo
3237 4206 3529 4262 beneficio
3585 4207 3692 4260 diei

2047 4315 2174 4370 quae
2207 4298 2331 4354 sola
2361 4297 2584 4353 cladem
2616 4302 2929 4352 extremam
2962 4295 3147 4351 nostri
3178 4295 3412 4367 generis
3465 4295 3692 4349 interci-

2048 4387 2152 4459 pit;
2203 4385 2479 4456 reliquias
2527 4389 2736 4439 tenues
2793 4388 3023 4438 tantum
3071 4399 3182 4437 non
3243 4381 3448 4436 deletas
3502 4381 3691 4452 gentis

2045 4477 2105 4530 in
2138 4475 2331 4530 locum
2386 4475 2789 4539 munitiorem,
2841 4475 3128 4529 remotum
3176 4471 3249 4525 ab
3282 4471 3476 4535 hoste,
3511 4487 3597 4534 ac,
3649 4469 3693 4523 si

2047 4566 2172 4622 fieri
2209 4571 2416 4636 potest,
2446 4565 2712 4636 ignotum
2748 4564 2916 4636 ipsis,
2975 4563 3404 4618 transferamus
3437 4578 3452 4616 :
3517 4563 3694 4616 fracta

2044 4657 2281 4724 virtute,
2316 4673 2433 4711 una
2465 4672 2599 4727 spes
2622 4655 2832 4710 salutis
2866 4654 2925 4709 in
2960 4655 3099 4726 fuga
3150 4657 3383 4708 matura
3408 4657 3516 4708 est.
3575 4653 3697 4708 Dixi

2049 4747 2188 4821 quid
2214 4748 2486 4803 sentiam.

2116 4843 2184 4895 ΙΙ.
2222 4842 2339 4895 Hoc
2369 4839 2450 4893 ita
2481 4839 2673 4893 locuto
2707 4837 2898 4908 surgit
2928 4835 3012 4891 illi
3064 4836 3389 4908 proximus,
3431 4841 3493 4891 et
3533 4833 3698 4890 vultu

2045 4931 2321 5001 sedatior,
2363 4931 2668 4998 Extrema},
2727 4928 2942 5000 inquit,
2990 4927 3420 5000 desperationis
3480 4929 3701 4984 intem-

2044 5019 2334 5092 pestivum
2396 5018 2731 5074 audivimus
2790 5017 3148 5086 consilium;
3209 5016 3508 5085 nondum,
3567 5036 3699 5092 quae

2047 5109 2232 5182 gratia
2260 5109 2460 5164 divum
2493 5113 2604 5176 est,
2636 5125 2701 5164 eo
2734 5111 2876 5164 sunt.
2904 5106 3015 5162 loci
3046 5123 3138 5162 res
3169 5111 3383 5163 nostra:
3425 5110 3699 5165 redactae.

2047 5199 2301 5254 Furtone
2332 5215 2449 5253 uno
2481 5197 2892 5270 impressionis
2923 5199 3218 5252 nocturnis
3265 5201 3324 5252 et
3373 5197 3699 5269 improviso

2047 5287 2272 5344 assultu
2304 5286 2663 5344 debellatum
2697 5287 2804 5342 sit?
2819 5285 2918 5341 vili
2938 5286 3251 5342 vendimus
3281 5291 3338 5341 et
3370 5290 3628 5359 patriam
3647 5295 3701 5344 et

2047 5379 2262 5433 famam
2297 5395 2398 5449 pro
2422 5377 2637 5450 quibus
2667 5377 2846 5432 fortes
2877 5391 3082 5430 omnes
3104 5391 3370 5431 cruorem
3389 5381 3446 5431 et
3477 5379 3698 5448 quavis

2045 5471 2303 5522 extrema
2352 5467 2750 5539 paciscuntur.
2816 5466 2976 5521 State
3033 5463 3270 5528 animis,
3313 5465 3528 5524 cives:
3582 5485 3694 5522 non

2045 5556 2167 5612 acie
2221 5573 2431 5612 sumus
2483 5556 2642 5624 victi,
2701 5556 2802 5610 sed
2861 5553 3192 5610 velitatione
3251 5571 3460 5626 parum
3527 5557 3697 5612 nobis

2044 5664 2324 5720 prospera
2351 5648 2580 5703 tentati.
2615 5647 2832 5703 Multas
2889 5645 3262 5714 offensiones,
3313 5645 3493 5702 etiam
3555 5664 3690 5719 gra-
