4002 6202
234 318 380 374 1309

1251 327 1611 380 ΒΡΕΟῙΜΕΝ
1650 327 2051 383 ΒΑΡΙΒΝΤΙΕ
2088 330 2417 384 INDORUM
2457 332 2616 384 VET.

3498 318 3640 375 4310

235 447 444 514 viores,
493 446 648 510 belli.
702 449 1022 505 succedens
1068 449 1299 505 fortuna
1347 448 1554 505 melior
1607 450 1875 507 correxit.
1909 453 1959 518 Α
1993 457 2099 508 est.
2142 455 2335 519 Cavet,
2392 453 2614 525 vigilat,
2678 454 3012 525 procinctus
3068 454 3183 506 stat
3242 452 3312 505 ad
3369 449 3480 502 vim
3535 449 3635 519 qui

243 537 611 591 Instruamus
645 537 985 601 exercitum,
1014 540 1363 611 prodeamus
1414 538 1535 594 acie
1575 539 1883 610 quadrata,

244 642 629 697 provocemus
663 631 911 683 noctuas
940 628 998 682 in
1058 628 1343 700 praelium.
1382 628 1464 683 lbi
1497 644 1631 683 vera
1677 628 1890 684 virtute

246 721 519 771 cernetur
542 717 636 771 cui
671 717 815 788 parti
846 718 1147 773 victoriam
1183 717 1377 787 superi
1419 723 1705 784 annuant,
1760 722 1891 773 utra

244 812 477 877 prastet
544 806 636 860 via
703 806 931 862 bellica.
1011 807 1070 861 Si
1138 808 1449 875 vincimus,
1512 807 1891 863 restituemus

244 895 693 966 rempublicam,
723 896 1014 950 maculam
1052 897 1321 951 eluemus
1353 897 1653 952 dedecoris
1687 898 1889 964 inusti;

247 986 292 1039 si
327 986 464 1055 quid
499 1001 668 1040 secus
688 984 1187 1055 asciderit,tamen
1216 985 1372 1039 laudi
1398 986 1507 1041 erit
1530 987 1683 1057 apud
1712 988 1892 1041 bonos

249 1074 525 1129 fortitudo
574 1073 818 1141 infelix;
870 1078 927 1128 et
976 1075 1127 1143 quod
1193 1074 1396 1129 multis
1459 1077 1616 1129 fama
1664 1074 1893 1147 inclytis

244 1162 511 1233 contigit,
542 1162 762 1217 honore
809 1162 1033 1233 integro
1068 1164 1238 1217 marti
1271 1165 1514 1219 adverso
1543 1165 1892 1219 succumbe-

250 1268 410 1306 mus.
443 1253 565 1307 Mea
588 1268 720 1323 ergo
751 1252 874 1305 hac
907 1257 995 1307 est
1038 1253 1331 1307 sententia
1359 1272 1371 1320 ;
1434 1253 1773 1307 harendum
1836 1254 1893 1307 in

249 1339 400 1410 loco,
449 1341 760 1396 obtinenda
831 1342 1077 1413 vestigia
1145 1342 1458 1413 majorum,
1512 1342 1893 1411 ignominiam

247 1428 437 1482 exsilii
471 1430 620 1483 haud
655 1429 1135 1486 consciscendam
1162 1431 1340 1496 ultro,
1362 1448 1595 1487 summa
1627 1432 1675 1486 vi
1715 1448 1895 1503 quan-

246 1517 438 1571 tocius
486 1518 818 1573 conandum
874 1518 1097 1574 cladem
1156 1519 1313 1575 hosti
1366 1536 1664 1591 reponere.
1718 1521 1895 1575 Tertii

250 1610 382 1677 post
411 1606 517 1661 hos
549 1608 841 1663 contraria
863 1608 1097 1679 utrique
1130 1609 1238 1663 fuit
1259 1609 1445 1665 oratio
1479 1610 1535 1664 in
1558 1608 1679 1665 hac
1702 1612 1893 1665 verba:

248 1698 366 1765 Ego
418 1712 524 1750 nec
589 1696 784 1766 fugam
840 1701 1105 1769 turpem,
1162 1714 1267 1753 nec
1326 1714 1582 1769 praceps
1630 1698 1893 1771 pralium

1998 542 2250 611 metuit;
2287 543 2650 598 indormiens
2694 543 2915 616 supina
2978 541 3224 606 fiduciae,
3283 539 3636 609 opprimitur

1994 629 2256 701 impune.
2317 631 2599 688 Caterum
2660 631 2931 703 princeps
2998 631 3231 701 sapiens
3289 630 3358 682 ad
3416 625 3633 680 bellum

1996 722 2140 774 tunc
2172 724 2400 775 tantum
2453 721 2690 793 appellit
2741 722 3023 784 animum,
3074 720 3303 789 quando
3349 716 3463 771 alia
3521 730 3634 768 non

1998 810 2261 880 suppetit
2293 809 2438 864 ratio
2497 810 2831 881 reipublica
2862 810 3112 865 tuenda.
3152 809 3314 861 Luxu
3372 804 3484 859 cibi
3540 807 3641 859 aut

1998 903 2186 952 vestes
2218 903 2669 969 consumuntur,
2698 899 2834 953 ludo
2866 898 3002 953 alea
3028 898 3409 969 proﬂigantur
3469 910 3639 948 num-

2001 987 2315 1055 mi,Martis
2348 989 2839 1044 damnosissimus
2866 992 3155 1043 mercatus
3187 990 3312 1053 est;
3349 981 3642 1053 impendio

2000 1077 2328 1131 animarum
2375 1077 2454 1131 ibi
2501 1078 2696 1132 omnia
2752 1082 3051 1131 emuntur.
3106 1075 3353 1130 Tacebat
3412 1075 3647 1128 senator

2002 1171 2135 1238 post
2165 1167 2283 1222 hac
2314 1166 2491 1233 dicta,
2554 1168 2715 1235 quasi
2772 1169 3121 1238 perorasset,
3183 1165 3417 1234 quando
3478 1162 3645 1217 illum

2002 1257 2239 1311 intuens
2271 1272 2389 1310 rex.
2427 1256 2483 1310 Si
2509 1256 2753 1322 bellum,
2788 1256 2998 1326 inquit,
3023 1254 3142 1325 geri
3176 1252 3498 1324 vetas,quid
3526 1250 3649 1305 ﬁeri

2003 1346 2215 1401 suades
2237 1346 2264 1399 ?
2290 1344 2353 1399 Et
2383 1343 2732 1415 ille,Suadeo
2758 1344 2885 1412 tibi,
2918 1346 3137 1415 optime
3176 1360 3274 1397 rex
3324 1343 3423 1410 ait,
3465 1341 3649 1395 consi-

2004 1433 2081 1489 lia
2128 1435 2427 1505 exquirere
2484 1433 3079 1506 sapientissimorum.
3154 1432 3357 1486 Omnis
3399 1430 3643 1501 publica

2002 1532 2107 1598 rei,
2140 1533 2393 1588 maxime
2424 1550 2556 1589 vero
2598 1532 2893 1599 militaris,
2931 1548 3064 1603 spes
3092 1535 3147 1585 et
3188 1529 3333 1585 ratio
3371 1527 3641 1583 consilio-

2004 1638 2131 1677 rum
2160 1623 2408 1677 sanitate
2439 1623 2810 1689 continetur;
2838 1623 3050 1676 mentis
3084 1638 3259 1691 quam
3285 1634 3495 1673 manus
3517 1616 3647 1672 efﬁ-

2003 1710 2193 1766 cacior
2249 1727 2424 1783 opera
2469 1710 2526 1765 in
2586 1709 2755 1767 bellis
2804 1715 2911 1776 est,
2968 1710 3220 1781 plusque
3269 1708 3337 1762 ad
3398 1704 3649 1761 victoria

249 1784 537 1839 suaserim
575 1785 784 1855 ;prius
815 1784 1023 1840 horum
1080 1791 1303 1842 certum
1358 1786 1531 1841 habet
1592 1788 1887 1859 probrum,

2005 1817 2345 1855 successum
2385 1800 2654 1857 consulta
2706 1799 3081 1873 prudentium
3132 1813 3309 1869 quam
3366 1811 3649 1850 numerus

246 1874 457 1947 ingens
485 1875 944 1945 incommodum,
970 1876 1227 1931 fructum
1280 1876 1569 1932 incertum
1603 1896 1616 1946 ;
1645 1877 1895 1933 alterum

244 1964 558 2019 temeritati
592 1964 768 2019 afﬁne
816 1964 912 2020 sit.
976 1966 1168 2021 Media
1223 1966 1411 2037 placet
1457 1966 1553 2021 via
1607 1968 1895 2021 tentanda

246 2054 427 2123 pacis.
462 2052 776 2109 Mittendos
808 2054 1085 2109 continuo
1137 2057 1205 2110 ad
1241 2055 1467 2110 hostem
1524 2071 1656 2110 cum
1712 2056 1895 2110 cadu-

242 2148 490 2211 ceatore,
524 2143 809 2198 tractandi
844 2145 1061 2215 peritos
1086 2144 1313 2215 judico.
1361 2145 1574 2199 Ferant
1604 2143 1662 2198 hi
1695 2160 1895 2201 secum

249 2248 516 2296 munera.
549 2234 760 2303 quibus
790 2237 847 2288 et
877 2250 1073 2303 regem
1103 2240 1158 2289 et
1192 2234 1383 2306 gentis
1426 2251 1692 2306 proceres
1749 2235 1894 2290 deli-

249 2322 834 2377 niant.Exarmantur
865 2325 960 2376 ira
982 2323 1325 2395 plerumque
1354 2323 1894 2389 submissisverbis,

250 2428 393 2466 auro
414 2428 546 2465 vero
568 2411 888 2483 expugnari
923 2412 1196 2467 ferociam
1231 2413 1602 2483 quantamvis
1634 2414 1898 2485 exempla

249 2500 308 2555 in
338 2504 609 2573 promptu
640 2504 792 2554 sunt.
825 2500 971 2564 Quin
1025 2501 1071 2554 si
1107 2501 1295 2573 pactio
1340 2518 1535 2557 annua
1566 2501 1784 2570 {tributi
1825 2504 1895 2558 ad

249 2590 695 2646 conventionem
729 2590 1081 2660 requiratur,
1107 2590 1435 2645 cedendum
1462 2594 1727 2661 putarem
1751 2595 1896 2645 tem-

249 2679 417 2750 pori;
452 2679 674 2734 multas
704 2679 879 2733 etiam
908 2679 1217 2734 bellicosas
1238 2684 1439 2749 gentes
1461 2680 1682 2735 scimus
1704 2679 1899 2736 dubiis

248 2768 377 2823 suis
410 2769 585 2822 rebus
599 2768 917 2839 precariam
937 2767 1423 2839 tranquillitatem
1439 2768 1740 2839 vectigalis
1766 2786 1898 2839 pen-

247 2856 523 2912 sitatione
555 2856 908 2923 redemisse;
944 2857 1207 2911 dandum
1238 2857 1791 2929 redeundispatium
1811 2863 1899 2913 est

247 2946 495 3001 fortuna
517 2944 765 3009 meliori,
825 2961 1073 3001 summa
1118 2945 1357 2999 interim
1403 2962 1599 3000 rerum
1660 2962 1896 3017 quoquo

246 3035 419 3090 modo
436 3034 1064 3100 consulatur.0uartus
1080 3034 1135 3088 in
1156 3033 1310 3088 hunc
1338 3035 1576 3088 modum
1596 3035 1894 3091 disseruit:

2004 1889 2275 1959 militum,
2307 1890 2466 1957 vigor
2501 1889 3056 1962 corporum,robora
3089 1886 3386 1958 legionum
3440 1884 3646 1939 confe-

2003 1984 2161 2035 runt.
2194 1978 2519 2036 Consilium
2576 1996 2734 2050 ergo,
2796 1996 2910 2033 rem
2964 1992 3193 2032 summe
3254 1973 3644 2030 necessariam

2003 2068 2112 2123 hoc
2144 2068 2388 2123 articulo
2421 2068 2634 2140 negotii
2670 2066 2947 2139 perplexi,
2981 2082 3109 2121 cum
3146 2060 3645 2136 postules,negari

2004 2171 2153 2210 ame
2186 2154 2347 2209 nefas
2406 2156 2501 2209 sit.
2562 2156 2722 2218 Quod
2774 2159 2965 2209 autem
3025 2170 3090 2208 eo
3152 2152 3381 2206 nomine
3440 2163 3645 2219 sugge-

2002 2245 2247 2298 rendum
2310 2244 2365 2298 in
2429 2248 2681 2299 mentem
2751 2242 3022 2306 occurrit,
3105 2257 3215 2295 non
3292 2244 3380 2293 est
3451 2241 3637 2291 totum

2003 2333 2315 2404 ejusmodi,
2354 2337 2417 2386 ut
2448 2332 2689 2404 proferri
2721 2348 2913 2388 coram
2949 2330 3147 2385 multis
3179 2329 3404 2383 debeat.
3458 2332 3644 2392 Quare

2005 2427 2135 2477 utar
2160 2422 2673 2493 partitione,atque
2706 2422 2811 2475 hoc
2827 2420 3063 2494 quidem
3102 2419 3291 2490 palam
3314 2416 3422 2470 aio:
3443 2431 3647 2485 quem-

2002 2511 2314 2567 admodum
2332 2510 2485 2567 ultro
2505 2512 2794 2567 assentior
2810 2511 2858 2565 ei
2880 2509 2974 2577 qui
2993 2506 3377 2581 primusdixit
3394 2522 3507 2559 non
3523 2519 3653 2558 esse

2004 2600 2172 2655 nobis
2205 2599 2573 2655 conducibile
2606 2600 2846 2668 bellare,
2890 2598 2971 2653 ita
3022 2599 3268 2670 probare
3317 2610 3540 2664 nequeo
3590 2592 3647 2646 id

2003 2691 2153 2759 quod
2178 2690 2277 2759 qui
2295 2690 2461 2745 tertio
2476 2693 2746 2761 etquarto
2763 2688 2885 2744 loco
2900 2689 3095 2743 dixere
3116 2685 3649 2753 suadent,subeun-

2003 2781 2134 2834 dam
2169 2780 2555 2835 conditionem
2591 2778 2794 2832 tributi
2837 2776 3037 2846 annui,
3085 2778 3293 2831 saltem
3340 2771 3646 2841 moderati,

2004 2876 2295 2947 pendendi
2328 2878 2583 2931 noctuis.
2617 2878 2931 2931 Genustest
2976 2874 3273 2929 servitutis
3334 2870 3643 2926 tributaria

2001 2966 2211 3035 pactio,
2246 2966 2315 3019 ad
2353 2981 2525 3037 quam
2560 2965 2686 3020 ideo
2728 2981 2870 3035 gens
2931 2964 3130 3032 libera,
3185 2966 3242 3017 et
3298 2962 3427 3031 ejus
3485 2959 3644 3030 prin-

1999 3072 2156 3125 ceps,
2190 3071 2256 3109 eo
2287 3054 2503 3126 dignus
2534 3055 2792 3125 fastigio,
2818 3068 3114 3123 nunquam
3148 3052 3259 3106 nisi
3302 3048 3646 3104 necessitate

244 3125 362 3195 Ego
415 3139 551 3177 vero
594 3141 624 3177 a
655 3122 945 3194 legatione
978 3124 1046 3177 de
1076 3139 1191 3193 qua
1234 3123 1494 3193 proxime
1524 3124 1745 3179 dictum
1781 3130 1887 3195 est,

252 3213 605 3233 μημμλ-
668 3229 778 3233 η,
813 3212 1088 3233 ,μμ-,η
1145 3229 1340 3233 -___-_
1377 3218 1566 3233 .A_-__
1611 3213 1847 3233 -JULU

2005 3122 2249 3199 adactus
2282 3122 2487 3198 ultima
2518 3122 3145 3199 descehdatBedeflcio
3174 3143 3346 3195 deum
3384 3138 3643 3193 nondum

241 3213 615 3267 decernenda
668 3229 783 3267 non
809 3212 1116 3276 abhorreo,
1140 3229 1346 3267 censeo
1377 3218 1574 3267 tamen
1607 3213 1887 3268 adhiben-

242 3303 388 3356 dum
422 3302 661 3355 modum
712 3307 767 3355 et
825 3301 1094 3371 precibus
1146 3306 1202 3355 et
1259 3301 1453 3369 donis,
1487 3308 1552 3356 ut
1606 3302 1717 3357 illa
1778 3320 1893 3358 non

245 3390 503 3446 nimium
532 3389 809 3457 humiles,
845 3390 963 3444 hac
1000 3389 1228 3444 modica
1260 3390 1467 3445 sintzin
1501 3408 1617 3462 quo
1654 3397 1894 3463 utroque

244 3479 562 3533 dexteritas
594 3477 765 3549 legati
790 3479 1128 3549 requiritur.
1164 3478 1365 3534 Gravis
1413 3481 1544 3549 ejus
1587 3481 1666 3536 sit
1710 3482 1894 3537 oratio

244 3575 303 3623 et
335 3570 526 3634 fortis,
573 3574 791 3623 metum
847 3569 1255 3633 dissimulans,
1317 3571 1733 3627 confidentiam
1793 3588 1894 3626 os-

234 3664 515 3715 tentans:
550 3660 777 3728 abjecte
809 3659 1107 3731 supplices
1142 3660 1259 3714 alta
1305 3660 1621 3731 supercilia
1649 3662 1890 3716 concul-

235 3753 436 3814 cant,a
468 3764 680 3817 magna
712 3748 862 3803 ultro
895 3750 1295 3803 deferentibus
1342 3749 1565 3818 majora
1622 3750 1891 3821 ﬂagitan-

232 3844 349 3892 tur.
388 3836 640 3890 Pecunia
670 3836 890 3907 ingenti
926 3854 1042 3892 non
1074 3850 1193 3893 tam
1230 3853 1341 3908 pax
1373 3838 1687 3893 redimitur
1715 3855 1889 3908 quam

230 3927 303 3980 ad
364 3924 769 3997 Oppressionis
826 3926 1135 3981 audaciam
1204 3926 1402 3981 hostes
1473 3927 1886 3991 instruuntur;

230 4014 448 4083 exigua
479 4015 564 4069 sic
598 4014 845 4069 victores
862 4015 1087 4083 delinit,
1114 4018 1178 4069 ut
1210 4015 1391 4070 victos
1416 4032 1528 4070 non
1562 4015 1886 4071 exhauriat.

230 4102 823 4158 Plusfacitinterdum
855 4103 1165 4159 dimidium
1190 4120 1366 4174 quam
1392 4109 1610 4159 totum:
1636 4105 1889 4177 utvirga

228 4196 299 4249 ad
319 4193 506 4248 solem
523 4193 733 4247 stantis
757 4193 987 4249 modica
1022 4193 1252 4249 inflexio
1280 4195 1549 4248 umbram
1581 4196 1889 4265 auget,im-

229 4284 467 4339 modica
489 4284 1049 4338 consumiLSumma
1082 4284 1203 4339 hac
1231 4291 1290 4340 et
1339 4300 1479 4339 mea
1539 4285 1840 4340 sententia
1871 4301 1883 4341 :

230 4390 337 4429 nec
370 4372 759 4428 recusandam
779 4372 980 4427 tributi
1003 4372 1533 4440 conditionem,nec
1558 4374 1693 4429 belli
1714 4392 1885 4445 appa-

226 4468 428 4517 ratum
506 4460 913 4530 omittendum,
993 4460 1280 4517 librandis
1352 4463 1666 4534 prudentia
1732 4465 1884 4518 inter

227 4558 548 4622 utramque
565 4550 973 4606 necessitatem
998 4552 1316 4607 momentis
1340 4550 1589 4623 publica
1612 4553 1875 4608 fortuna.

302 4677 401 4733 Ill.
435 4678 687 4741 Quintus
719 4677 802 4732 sic
833 4694 1072 4732 exorsus
1094 4681 1182 4733 est
1216 4694 1227 4732 :
1261 4679 1386 4733 Non
1411 4694 1728 4749 possumus
1759 4677 1877 4733 bel-

225 4768 355 4823 lum
388 4782 589 4839 gerere
627 4783 759 4821 cum
796 4766 1047 4833 noctuis,
1092 4767 1304 4838 opibus
1353 4769 1439 4822 ha
1480 4767 1771 4838 siquidem
1822 4772 1878 4821 et

224 4857 490 4929 potentia
548 4855 717 4925 longe
773 4855 945 4909 nobis
988 4860 1303 4926 prastant;
1350 4857 1449 4928 qui
1509 4873 1663 4921 vero,
1720 4857 1874 4911 haud

221 4951 382 5002 recte
409 4946 699 4999 subducta
732 4944 1096 5016 propriarum
1126 4945 1344 5000 ratione
1395 4946 1631 5015 virium,
1663 4950 1876 5001 temere

219 5035 499 5091 fortiores
557 5034 813 5101 lacessit,
873 5032 1132 5103 seipsum
1195 5033 1452 5105 jugulat,
1514 5052 1583 5089 ne
1660 5035 1875 5089 ladens

219 5124 471 5197 quidem
522 5120 908 5176 adversarios.
957 5127 1168 5193 Magna
1234 5139 1367 5193 pars
1422 5127 1510 5177 est
1557 5124 1872 5192 prudentia

218 5230 341 5269 non
376 5216 747 5266 contemnere
771 5210 997 5264 hostem
1036 5228 1048 5277 ;
1101 5227 1203 5265 nec
1233 5210 1453 5266 nullam
1482 5212 1623 5266 forte
1649 5217 1870 5282 partem

216 5304 397 5358 habet
440 5302 497 5354 in
552 5316 728 5354 causa
785 5298 971 5352 cladis
1026 5304 1194 5353 nocte
1253 5302 1539 5369 praeterita
1597 5306 1869 5371 accepta,

218 5391 377 5465 quod
433 5392 682 5445 noctuas
727 5404 933 5457 parum
984 5403 1152 5457 posse
1204 5388 1611 5444 credebamus.
1668 5388 1870 5445 Timeo

211 5482 493 5554 equidem
524 5482 580 5531 et
612 5493 843 5547 semper
875 5477 1043 5531 timui
1096 5477 1559 5548 qualemcunque
1596 5479 1868 5533 adversa-

214 5573 398 5637 rium,
456 5566 781 5641 prasertim
836 5566 884 5621 si
936 5582 1113 5637 prope
1146 5568 1261 5631 sit;
1323 5584 1426 5622 nec
1473 5568 1720 5638 ignavus
1779 5568 1869 5625 hic

213 5666 413 5717 metus
441 5684 457 5729 ;
489 5658 591 5713 sed
626 5670 916 5727 generosa
958 5657 1287 5712 securitatis
1343 5672 1583 5728 promus
1643 5657 1866 5714 condus

2002 3251 2068 3289 eo
2101 3234 2226 3289 loco
2260 3250 2348 3289 res
2381 3239 2596 3288 nostra
2618 3238 2779 3298 sunt,
2814 3239 2879 3287 ut
2931 3247 3209 3287 excusare
3266 3230 3419 3301 apud
3482 3230 3642 3281 fama

1992 3323 2284 3394 judicium
2316 3323 2617 3394 possimus
2656 3323 3043 3392 abjectionem
3101 3318 3461 3374 inflectenda
3520 3332 3641 3370 cer-

1998 3412 2140 3467 vicis
2172 3413 2519 3483 subjugum
2570 3413 2713 3467 adeo
2772 3413 3145 3482 probrosum.
3202 3412 3381 3478 Atque
3430 3407 3488 3461 in
3546 3404 3639 3459 his

1997 3504 2247 3573 duobus,
2281 3504 2538 3571 domine,
2570 3508 2726 3558 stare
2753 3508 2807 3557 te
2859 3505 3035 3557 fixum
3090 3508 3145 3556 et
3202 3498 3640 3555 irrevocabilem

1998 3609 2292 3662 cuperem;
2324 3609 2455 3647 nam
2491 3593 2592 3663 qui
2624 3598 2866 3647 ﬂuctuat
2914 3592 3057 3646 nihil
3110 3590 3362 3661 expedit,
3407 3592 3641 3643 contra-

1997 3682 2215 3735 riarum
2250 3682 2867 3747 sententiarum,inter
2896 3697 3043 3750 quas
3063 3680 3319 3733 incertus
3345 3678 3645 3731 conﬂicta-

1993 3770 2338 3835 tur,damna
2364 3768 2613 3822 incurrit
2645 3785 2746 3822 nec
2781 3768 3031 3838 percipit
3062 3766 3640 3825 commoda.(latera,

1994 3883 2121 3937 qua
2156 3867 2432 3937 posthac
2464 3866 2649 3920 habeo
2681 3866 3078 3937 proponenda,
3118 3878 3412 3918 secessum
3447 3864 3500 3914 et
3547 3873 3640 3913 se-

1992 3963 2216 4011 cretum
2254 3957 2515 4025 exigunt.
2550 3955 2799 4009 Eflatum
2852 3968 2941 4009 est
2994 3953 3331 4024 sapientum
3373 3954 3631 4003 veterum

1993 4062 2155 4117 reges
2187 4046 2336 4100 effici
2362 4050 2628 4099 votorum
2654 4048 2949 4114 compotes
2965 4037 3634 4107 administrationcopti-

1994 4153 2087 4190 ma
2148 4152 2161 4190 :
2221 4134 2794 4189 administrationem
2854 4133 3136 4203 optimam
3194 4147 3260 4185 ex
3320 4125 3630 4197 multiplici

1990 4223 2269 4279 exsistere
2302 4223 2543 4278 consilio
2577 4241 2591 4289 ;
2621 4222 3035 4283 consilium,ut
3067 4219 3628 4291 unguentum,eate-

1990 4330 2102 4368 nus
2131 4314 2379 4383 probum
2406 4327 2555 4381 esse,
2598 4312 2792 4382 quoad
2850 4314 3066 4365 tectum
3118 4312 3384 4363 teneatur
3432 4305 3492 4361 in
3541 4322 3629 4359 ar-

1988 4403 2209 4458 canozsi
2238 4402 2615 4473 exspiraverit
2654 4400 2969 4455 evanescit.
3004 4402 3229 4454 Arcana
3261 4396 3505 4452 consilia
3537 4412 3635 4450 sex

1912 4522 1957 4584 Β
1994 4493 2159 4546 rimis
2191 4507 2463 4546 emanare
2500 4492 2555 4543 in
2590 4491 2859 4545 notitiam
2885 4494 3162 4561 possunt:
3188 4488 3634 4557 autejusenun—

1992 4581 2231 4635 tiatioue
2247 4580 2345 4652 qui
2379 4580 2728 4635 sententiam
2761 4578 3002 4649 rogavit,
3018 4583 3119 4633 aut
3151 4594 3348 4632 eorum
3400 4578 3631 4630 confes-

1990 4671 2152 4724 sione
2174 4670 2271 4741 qui
2308 4670 2755 4740 responderunt,
2781 4673 2881 4721 aut
2933 4666 3338 4722 ministrorum
3386 4682 3628 4720 exsecu-

1987 4758 2129 4813 tioni
2162 4758 2565 4829 praefectorum
2592 4755 2961 4827 loquacitate,
3004 4762 3107 4809 aut
3140 4755 3459 4826 legatorum
3497 4755 3626 4825 qui-

1990 4850 2100 4903 bus
2154 4863 2318 4902 mens
2368 4845 2648 4917 principis
2680 4844 3008 4900 necessario
3055 4845 3333 4911 creditur,
3393 4845 3629 4916 garrula

1987 4943 2301 5017 prurigine,
2328 4948 2429 4998 aut
2458 4942 2754 5015 sagacium
2807 4944 3165 5011 conjecturis
3216 4943 3315 5013 qui
3364 4960 3392 4997 e
3449 4942 3628 4997 vesti-

1985 5035 2095 5105 giis
2126 5033 2311 5102 palam
2359 5037 2621 5086 actorum
2656 5029 2806 5086 clam
2852 5030 3120 5086 consulta
3168 5034 3509 5101 odorantur,
3531 5035 3630 5084 aut

1985 5122 2236 5193 denique
2261 5119 2587 5176 temerariis
2613 5120 2857 5191 judiciis
2907 5122 3227 5176 otiosorum
3273 5122 3628 5188 incomperta

1982 5212 2244 5267 divinare
2284 5210 2642 5279 conantium,
2694 5210 2835 5265 dum
2884 5227 3023 5265 casu
3082 5211 3257 5283 (quod
3324 5210 3388 5262 fit
3447 5209 3621 5261 inter-

1981 5302 2145 5373 dum)
2192 5300 2251 5355 in
2305 5317 2502 5355 verum
2577 5300 2907 5355 incurrunt.
2974 5301 3143 5355 Porro
3200 5298 3467 5368 princeps
3519 5296 3616 5365 qui

1981 5410 2099 5445 sua
2134 5389 2347 5444 mentis
2379 5406 2657 5443 arcanum
2710 5389 3026 5444 inviolabili
3078 5387 3284 5443 secreti
3339 5384 3618 5455 religione

1982 5481 2275 5535 munitum
2311 5479 2555 5545 obtinet;
2590 5479 2881 5550 duplicem
2917 5496 2983 5531 ex
3030 5494 3093 5530 eo
3150 5473 3459 5528 utilitatem
3510 5474 3622 5529 col-

1982 5568 2109 5639 ligit
2134 5586 2145 5624 :
2175 5586 2307 5623 nam
2342 5574 2399 5623 et
2431 5586 2541 5623 non
2578 5570 2797 5639 patitur
2827 5565 3126 5620 obstacula
3149 5564 3498 5632 opponenda
3521 5582 3621 5634 per

1979 5658 2265 5725 conscios,
2295 5657 2597 5726 victorque
2630 5657 2764 5710 inde
2796 5654 3094 5725 propositi,
3129 5667 3407 5707 successu
3440 5652 3618 5709 desti-
