4002 6202
368 288 499 343 1311

1870 275 2252 328 APPENDIX.

3643 276 3772 331 1312

371 419 638 470 natorum
676 410 729 462 in
766 407 894 461 sinu
931 405 1144 474 gaudet
1179 424 1192 471 ;
1225 407 1282 458 et
1303 402 1349 456 si
1401 400 1535 471 quis
1593 407 1766 453 casus
1825 399 2001 453 inter-
2035 401 2084 466 Α
2117 416 2292 472 quem
2355 415 2554 453 eorum
2617 399 2944 454 cervicibus
3010 400 3309 472 imponere
3379 401 3771 467 meditemini,

370 498 922 558 verteritetfectum,
971 499 1177 566 prmter
1235 507 1410 563 quam
1473 505 1542 543 ne
1594 493 1718 542 tum
1779 487 2013 558 quidem

371 588 603 644 debebit
634 584 953 639 ludibrium
988 582 1181 654 vulgo,
1213 580 1454 634 irridere
1487 581 1708 632 tentata
1765 593 1878 631 non
1914 593 2015 647 pa-

363 681 592 732 trantes
614 672 807 738 solito,
842 671 1165 726 lucrifaciet
1194 668 1369 724 etiam
1405 665 1530 721 edia
1563 681 1760 720 eorum
1786 665 1842 718 in
1867 681 2014 736 quos

373 765 677 821 machinas
709 763 1054 828 intenderat,
1088 759 1187 831 qui
1211 759 1259 813 si
1285 761 1528 813 nossent
1577 756 1716 826 quid
1745 754 1803 809 in
1854 755 2014 826 ipsos

370 856 655 924 parasset,
690 850 808 904 iras
860 864 1048 919 usque
1090 848 1146 900 in
1206 848 1458 899 furorem
1519 843 1835 896 irritarent.
1887 842 2010 896 Non

371 944 540 997 debet
571 945 762 994 autem
819 939 1010 1010 pigere
1047 937 1367 1008 principem
1430 935 1568 987 dare
1620 947 1818 986 aurem
1873 949 2010 1002 sug-

369 1049 567 1105 gerere
598 1032 896 1103 quidpiam
933 1046 1142 1083 arcano
1189 1024 1558 1090 volentibus;
1619 1040 1750 1076 nam
1813 1021 2010 1092 quale-

369 1139 603 1194 cunque
671 1122 723 1174 id
786 1122 1017 1174 demum
1080 1117 1176 1183 sit,
1223 1129 1570 1185 cognoscere
1625 1112 1763 1181 quid
1822 1116 2008 1178 nocet,

371 1212 522 1283 quod
587 1209 808 1279 rejiciat
862 1225 964 1278 pro
1023 1205 1260 1260 arbitrio
1320 1204 1366 1257 si
1422 1204 1635 1256 bonum
1689 1218 1802 1255 non
1866 1201 2011 1254 est?

371 1300 614 1354 Acuitur
646 1303 918 1370 praeterea
949 1313 1111 1349 mens
1143 1296 1269 1364 ejus
1302 1293 1415 1346 ista
1468 1290 1884 1359 dijudicatione
1915 1307 2010 1344 va-

373 1391 591 1444 riorum
628 1402 931 1448 sensuum,
973 1390 1030 1437 et
1077 1381 1392 1437 auctoritas
1442 1386 1618 1450 atque
1659 1379 2008 1434 existimatio

370 1481 677 1532 firmantur
707 1475 818 1528 isto
850 1472 1199 1528 commercio
1231 1470 1754 1540 secretorumapud
1776 1469 2008 1540 vulgus,

371 1565 653 1637 quidquid
690 1580 802 1618 non
835 1560 1111 1631 intelligit
1144 1559 1532 1627 admirans,et
1561 1559 1716 1628 quod
1750 1557 2007 1611 admira-

369 1660 465 1709 tur
495 1652 658 1707 facile
691 1667 969 1706 venerans
1005 1667 1017 1716 ;
1053 1649 1191 1720 quin
1237 1648 1391 1702 idem
1441 1648 1633 1718 ipsum
1693 1646 2008 1702 terribilem

372 1743 642 1798 hostibus
671 1740 1104 1802 facit.Quatuor
1133 1737 1285 1792 enim
1314 1742 1452 1792 sunt
1481 1753 1608 1807 quae
1642 1753 1831 1831 reges.
1866 1736 2004 1790 sub-
2041 1769 2084 1831 Β

373 1832 509 1886 ditis
540 1834 842 1900 augustos,
878 1828 1218 1882 formidatos
1241 1826 1451 1879 exteris
1484 1825 1739 1878 reddunt
1771 1842 1784 1879 :
1819 1824 2007 1895 impe-

374 1917 676 1974 netrabilis
706 1934 1049 1971 arcanorum
1085 1916 1250 1982 fides,
1276 1914 1459 1968 multa
1480 1931 1610 1967 cum
1645 1913 2011 1984 sapientissi-

375 2009 486 2064 mis
519 2006 827 2077 colloquia,
864 2005 1269 2058 ministrorum
1303 2002 1604 2057 solertiam
1658 2003 1728 2056 ad
1778 2002 2012 2072 negotia

373 2097 650 2163 delectus,
684 2101 739 2150 et
790 2099 918 2165 post
978 2099 1240 2147 navatam
1294 2109 1527 2163 operam
1591 2093 2009 2160 remuneratio,

373 2187 622 2258 denique
655 2183 1028 2239 inexorabilis
1077 2183 1357 2236 severitas
1392 2183 1447 2234 in
1483 2181 1722 2253 perﬁdia
1756 2183 2010 2253 prodito-

374 2293 503 2333 rum
536 2275 850 2347 punienda.
885 2273 1178 2327 Hactenus
1219 2271 1409 2324 dicere
1441 2269 1630 2340 palam
1664 2270 1844 2340 potui.
1877 2275 2010 2334 Quae

374 2368 693 2437 supersunt
724 2361 1004 2418 momenti
1039 2361 1108 2415 ad
1144 2376 1265 2414 rem
1316 2376 1438 2429 quae
1494 2363 1663 2430 urget
1709 2359 2009 2429 aliquanto

375 2455 638 2524 majoris,
679 2465 1057 2522 congressum
1092 2449 1332 2519 exigunt
1365 2447 1676 2518 privatum,
1737 2448 1829 2502 cui
1884 2449 2009 2504 dum

371 2545 604 2615 lingum,
638 2558 810 2597 aures
870 2544 1139 2610 quatuor,
1185 2554 1288 2592 nec
1342 2537 1474 2608 plus
1530 2536 1840 2604 intersint;
1878 2539 2011 2593 ubi-

369 2650 601 2704 cunque
633 2631 725 2685 hie
757 2645 1039 2684 numerus
1068 2627 1384 2696 exceditur,
1434 2629 1762 2697 explorator
1791 2627 2007 2682 subau-

370 2721 633 2777 scultans
663 2719 856 2774 locum
889 2716 1127 2771 invenit.

446 2847 533 2902 [ν.
567 2846 668 2900 His
699 2860 798 2898 rex
830 2841 1048 2898 auditis
1078 2839 1305 2895 dimisit
1333 2845 1572 2906 emtum,
1603 2844 1655 2894 et
1679 2843 2005 2895 senatorem

369 2939 468 3010 qui
504 2935 749 2990 ultimus
780 2933 1004 2987 dixerat
1035 2933 1407 3001 assumptum
1430 2929 1490 2983 in
1513 2929 1782 2984 intimum
1809 2946 2006 2984 secum

367 3025 702 3082 cubiculum
737 3021 997 3076 abduxit.
1021 3019 1098 3074 lbi
1133 3020 1246 3073 duo
1279 3035 1348 3072 ex
1387 3035 1452 3072 eo
1487 3021 1858 3089 percontatus
1879 3023 2004 3074 est:

370 3117 554 3187 prius,
587 3130 758 3185 quam
794 3128 1032 3166 causam
1071 3108 1418 3163 habuissent
1448 3113 1668 3161 noctuae
1699 3107 1836 3162 belli
1867 3125 2002 3163 con-

366 3210 456 3258 tra
489 3198 1113 3258 corvosindenuntiati
1161 3202 1278 3252 tam
1341 3214 1489 3252 saeva
1547 3196 1866 3266 irruptione
1926 3198 2008 3251 in-

368 3291 638 3356 choandi,
669 3289 919 3344 alterum
953 3304 1079 3358 quae
1113 3285 1388 3356 ratioipsi
1439 3285 1731 3340 videretur
1787 3286 2009 3356 optima

369 3397 570 3435 earum
603 3380 706 3431 aut
745 3375 1215 3429 ulciscendarum
1273 3377 1375 3427 aut
1431 3374 2004 3442 compescendarum,

367 3468 450 3521 Ad
486 3467 647 3536 prius
679 3467 913 3516 senator
960 3461 1262 3529 respondit
1291 3461 1348 3514 in
1385 3460 1537 3514 hunc
1569 3462 1807 3516 modum
1841 3479 1852 3517 :
1885 3466 2006 3518 An-

368 3554 561 3624 tiquae,
597 3550 852 3616 domine,
889 3549 1181 3604 memoriae
1231 3566 1323 3604 res
1373 3554 1458 3603 est
1516 3566 1693 3620 quam
1755 3551 2006 3621 priorem

368 3641 601 3714 quaeris,
636 3639 778 3694 mihi
815 3644 949 3694 nota
982 3637 1261 3694 beneficio
1302 3638 1511 3706 aetatis,
1571 3656 1687 3711 qua
1739 3657 1892 3708 sum,
1945 3653 2009 3697 ut

370 3733 507 3801 scis,
542 3747 719 3804 quam
752 3734 812 3784 tu
845 3728 1191 3801 provectior.
1242 3728 1347 3793 Qui
1410 3737 1545 3784 tunc
1591 3736 1795 3800 regnat
1850 3733 2006 3802 apud

369 3829 635 3891 noctuas,
694 3823 980 3875 veterator
1035 3818 1403 3887 vaferrimus,
1455 3817 1593 3872 olim
1649 3817 1706 3872 in
1757 3819 2008 3875 comitiis

369 3912 586 3979 avium,
646 3912 701 3963 te
762 3907 1023 3961 nondum
1084 3909 1218 3960 nato
1295 3903 1601 3959 celebratis
1660 3906 2008 3962 candidatus

366 3999 550 4072 regni,
584 4004 704 4053 tam
739 3995 948 4050 callido
982 3994 1231 4063 ambitu,
1277 3993 1653 4058 coitionibus,
1705 4010 1822 4064 qua
1845 3994 2008 4055 .valet

363 4094 505 4155 arte,
542 4085 867 4152 nocturnis,
899 4083 1088 4137 tribus
1131 4087 1286 4136 totas
1331 4086 1673 4149 emeruerat,
1713 4088 1777 4136 ut
1832 4083 2005 4154 justis

361 4177 655 4248 Suffragiis
699 4173 1090 4229 declarandus
1133 4171 1456 4242 imperator
1499 4170 1802 4226 volucrum
1851 4178 2006 4227 certo

362 4267 712 4321 crederetur.
757 4262 996 4332 Disjecit
1042 4260 1427 4333 perniciosam
1490 4259 1846 4315 molitionem
1909 4279 2005 4332 pa-

361 4360 531 4410 truus
564 4358 722 4420 tuus,
755 4353 852 4420 qui
883 4350 1027 4405 obiit
1052 4354 1107 4404 te
1147 4365 1350 4420 puero,
1394 4365 1565 4418 quem
1628 4353 1766 4403 tunc
1826 4349 2005 4404 habe-

366 4445 576 4498 bamus
608 4443 665 4495 in
724 4447 924 4497 nostro
969 4455 1177 4510 genere
1238 4437 1547 4508 prudentia
1605 4444 1998 4508 praestantem.

2119 488 2357 543 domino
2384 488 2615 557 ?Mitto,
2649 489 2916 558 inquam,
2949 488 3092 558 hmc,
3135 496 3341 546 vestrae
3386 507 3491 562 per
3550 509 3617 546 se
3648 494 3773 546 ani-

2120 577 2538 631 madvertenda
2560 576 2936 648 providentiae
2954 579 3298 648 permittens
3323 596 3335 633 :
3372 579 3526 634 illud
3558 598 3772 650 quaero,

2119 667 2288 736 cujus
2310 682 2412 720 vos
2441 683 2652 721 sensus
2677 667 2893 722 indicio
2924 671 3040 722 tam
3079 669 3222 722 bene
3278 669 3436 723 affici
3490 685 3636 740 erga
3675 687 3772 723 no-

2118 759 2312 809 ctuam
2349 757 2679 826 potueritis,
2714 760 2778 810 ut
2824 756 2874 811 ei
2923 757 3051 811 οωιί
3104 774 3168 811 ac
3216 762 3510 812 terrarum
3578 759 3771 813 domi-

2119 843 2283 897 nium
2317 843 2638 914 Optaretis?
2684 849 2770 900 An
2805 845 2932 915 ejus
2969 845 3153 900 forma
3184 846 3348 902 vobis
3377 863 3444 901 ac
3475 848 3658 902 facies
3691 848 3776 901 di-

2116 949 2231 1003 gna
2261 932 2509 1003 imperio
2540 934 2664 987 visa
2692 934 2952 1004 placuit?
2983 935 3042 989 Id
3078 936 3418 1006 suspicarer
3446 938 3496 991 si
3534 938 3767 1008 pavoni,

2117 1024 2164 1076 si
2199 1038 2399 1093 cycno,
2441 1023 2490 1076 si
2541 1021 2824 1077 columbze
2878 1024 3194 1078 faveretis?
3243 1029 3422 1079 Cantu
3482 1032 3586 1080 aut
3647 1043 3769 1081 ser-

2117 1127 2288 1166 mone
2355 1128 2453 1165 ves
2524 1111 2799 1166 delinitos
2872 1113 3211 1183 arbitrarer,
3262 1115 3312 1168 si
3370 1115 3644 1184 luscinia,
3702 1117 3755 1171 si

2116 1199 2364 1270 psittaco
2423 1201 2660 1254 studere
2716 1217 2820 1256 vos
2878 1204 3225 1258 cernerem?
3270 1203 3600 1258 Monstrum
3647 1205 3757 1259 hoc

2115 1294 2350 1358 aspectu
2405 1287 2707 1355 horribile,
2741 1289 2963 1344 ululatu
3018 1293 3516 1356 abominandum,
3581 1293 3757 1347 fetore

2111 1379 2502 1442 teterrimum,
2552 1379 2742 1448 cujus,
2804 1379 2977 1433 dicite
3026 1380 3236 1435 amabo
3280 1398 3402 1448 vos,
3464 1398 3770 1437 commen-

2115 1467 2349 1520 datione
2380 1467 2531 1521 dotis
2568 1469 2986 1522 ostentandum
3015 1469 3074 1523 in
3128 1469 3273 1524 solio
3303 1471 3650 1526 diademate
3679 1488 3774 1525 co-

2114 1557 2442 1611 ronandum
2479 1557 2836 1627 putavistis?
2885 1561 2966 1612 An
3017 1559 3278 1628 corporis
3337 1561 3769 1630 turpitudinem

2115 1643 2318 1699 laudes
2351 1645 2406 1698 in
2433 1662 2497 1700 eo
2529 1645 2706 1700 animi
2769 1646 3203 1716 compensant?
3250 1649 3531 1712 Qumnam
3598 1655 3776 1704 vero?

2114 1733 2266 1787 Num
2302 1733 2575 1788 scientia?
2605 1735 2805 1805 stipite
2827 1752 2894 1790 ac
2921 1752 3061 1790 saxo
3089 1736 3379 1808 stupidior
3411 1742 3634 1792 noctua
3662 1744 3774 1802 est,

2114 1825 2202 1877 An
2238 1824 2615 1896 benignitas?
2647 1825 2930 1880 dracones
2963 1843 3030 1880 ae
3055 1827 3308 1898 viperas,
3350 1833 3479 1882 tum
3530 1827 3580 1881 si
3630 1829 3776 1898 quid

2116 1913 2328 1979 dirius,
2364 1913 2724 1984 malignitate
2755 1912 2950 1968 vincit.
2978 1913 3182 1968 Utrum
3243 1915 3502 1986 denique
3565 1915 3778 1970 aﬂ‘abi-

2119 2002 2300 2056 litas?
2331 2003 2607 2056 omnibus
2637 2019 2813 2056 exosa
2841 2019 3046 2056 omnes
3076 2004 3222 2067 odit,
3265 2009 3386 2057 tota
3435 2020 3505 2058 ex
3547 2004 3775 2068 fraude,

2117 2093 2314 2159 livore,
2349 2094 2714 2146 immanitate
2747 2094 2881 2147 ficta
2938 2094 3330 2164 conflataquc.
3364 2095 3470 2148 Cui
3507 2112 3776 2166 unquam

2119 2182 2447 2254 reipublicze
2479 2183 2624 2236 bene
2658 2182 2786 2247 fuit,
2819 2183 2990 2251 cujus
3025 2182 3349 2253 principem
3383 2200 3560 2238 nemo
3611 2184 3774 2238 adire

2118 2271 2512 2338 subditorum,
2544 2288 2712 2325 nemo
2746 2271 2959 2325 intueri
2992 2271 3279 2325 sustinet?
3309 2272 3456 2334 Quid
3515 2272 3566 2327 si
3627 2290 3774 2342 prai-

2118 2366 2277 2416 terea
2308 2365 2733 2428 contemnatur,
2769 2360 2818 2414 si
2877 2359 3128 2415 ludibrio
3178 2359 3267 2414 vel
3319 2361 3590 2416 minimis
3647 2361 3777 2416 sit?

2119 2450 2412 2520 quomodo
2445 2451 2493 2504 is
2525 2449 2671 2504 ferre
2703 2466 2804 2519 pro
2839 2449 3121 2519 dignitate
3165 2450 3539 2520 majestatem
3583 2452 3774 2522 regni,

2119 2555 2210 2594 res
2261 2539 2694 2605 administrare,
2747 2537 2998 2609 publicis
3049 2538 3381 2609 prospicere
3439 2541 3778 2594 commodis

2118 2628 2367 2701 poterit?
2409 2628 2787 2700 Elephantem
2842 2632 2962 2683 tam
3021 2629 3188 2694 forte,
3250 2629 3484 2700 ingens,
3545 2629 3773 2695 nobile,

2116 2719 2420 2772 cordatum
2455 2717 2603 2772 inter
2633 2717 3044 2789 quadrupedes
3075 2716 3292 2771 animal
3343 2718 3638 2772 excidisse
3669 2735 3780 2772 au-

2115 2806 2402 2876 ctoritate,
2462 2811 2637 2878 atque
2685 2823 2719 2859 a
2776 2806 2938 2878 regni
2986 2823 3086 2876 spe
3137 2807 3484 2861 submotum
3550 2807 3778 2874 ferunt,

2115 2895 2320 2951 bestiis
2369 2895 2608 2951 offensis
2638 2897 2894 2967 quadam
2955 2897 3085 2966 ejus
3138 2895 3557 2966 superstitiosa
3604 2912 3776 2950 vere-

2113 2986 2327 3039 cundia
2354 2984 2505 3039 lunte
2538 2990 2709 3040 noctu
2747 2983 3040 3054 fulgentis,
3075 2986 3147 3040 ob
3181 3003 3358 3056 quam
3421 2985 3582 3039 fama
3639 2984 3772 3038 vul-

2118 3079 2311 3143 gatam
2345 3073 2521 3128 etiam
2555 3072 2855 3144 lepusculo
2887 3073 3162 3128 debuisse
3185 3073 3508 3128 ludibrium
3531 3074 3780 3139 dicitur,

2118 3162 2395 3218 Eabulam
2432 3179 2546 3217 non
2580 3162 2832 3232 longam,
2862 3162 3003 3233 quia
3031 3163 3262 3217 videtur
3293 3164 3362 3217 ad
3399 3180 3524 3218 rem
3562 3164 3776 3232 facere,

2113 3253 2366 3307 breviter
2397 3252 2665 3306 referam.

2183 3377 2247 3432 V.
2280 3376 2509 3431 Exclusi
2543 3375 2862 3447 aliquando
2894 3375 3236 3447 elephantes
3267 3374 3459 3429 solitis
3500 3377 3764 3446 pascuis,

2111 3467 2267 3536 quod
2297 3466 2443 3520 forte
2503 3481 2601 3533 per
2656 3469 2916 3520 aestatem
2955 3464 3120 3519 lacus
3178 3465 3333 3518 unde
3393 3466 3774 3534 aquabantur

2107 3559 2437 3617 exaruerat,
2483 3558 2539 3608 et
2583 3555 2750 3608 sedes
2797 3553 2932 3608 alibi
2967 3569 3224 3623 quaerere
3255 3555 3466 3619 coacti,
3524 3554 3773 3608 devene-

2111 3643 2327 3697 runtin
2361 3641 2566 3696 vallem
2600 3658 2740 3697 sane
2773 3642 3049 3713 pinguem
3102 3646 3158 3696 et
3218 3643 3560 3705 herbosam,
3617 3644 3773 3697 fonte

2110 3731 2168 3786 in
2194 3731 2525 3785 declivitate
2577 3729 2742 3784 collis
2797 3735 3156 3802 emergente,
3207 3731 3535 3801 eodemque
3569 3732 3772 3800 ubere,

2110 3821 2418 3892 irriguam.
2450 3820 2576 3875 Non
2628 3819 2779 3875 ultra
2830 3819 3192 3892 perhendum
3245 3821 3461 3887 visum,
3525 3824 3772 3890 probata

2109 3910 2387 3966 omnibus
2447 3909 2805 3964 habitatione
2863 3908 2947 3963 uti
3008 3909 3285 3980 deinceps
3357 3909 3772 3966 decreverunt.

2109 3999 2217 4054 Sed
2250 3998 2592 4052 insederant
2619 3998 2675 4052 id
2710 3997 2899 4052 solum
2934 4003 3108 4053 antea
3136 3999 3356 4052 densus
3391 4000 3655 4069 populus
3679 4017 3774 4054 cu-

2111 4087 2464 4152 niculorum,
2499 4086 2599 4158 qui
2633 4086 2899 4142 dolentes
2945 4103 3185 4141 suorum
3247 4087 3565 4157 plurimos,
3627 4090 3766 4142 dum

2110 4176 2372 4233 cavernis
2405 4176 2626 4247 passim
2662 4177 2789 4231 suis
2819 4177 2889 4231 ad
2917 4181 3150 4247 pastum
3198 4179 3302 4230 aut
3360 4181 3568 4247 potum
3633 4195 3766 4248 pro-

2111 4266 2312 4332 deunt,
2347 4282 2380 4319 a
2411 4264 2574 4320 novis
2611 4265 2946 4335 hospitibus
2981 4263 3132 4319 mole
3177 4281 3492 4334 corporum
3552 4267 3769 4336 gravis-

2112 4355 2280 4409 simis
2310 4353 2448 4409 elidi
2480 4354 2872 4422 conculcatos,
2920 4354 2978 4408 in
3036 4353 3349 4408 consilium
3410 4362 3649 4420 coeunt,
3712 4358 3767 4410 in

2120 4460 2235 4514 quo
2267 4442 2681 4514 plerorumque
2713 4443 2782 4497 ad
2845 4443 3041 4512 fugam
3091 4449 3150 4496 et
3177 4442 3596 4511 migrationem
3633 4462 3770 4498 sen-

364 4531 656 4590 Postulata
684 4531 838 4584 enim
872 4529 1146 4584 concione
1181 4527 1263 4581 sic
1307 4525 1585 4581 disseruit
1617 4543 1630 4581 :
1662 4525 1862 4595 Video,
1898 4546 2001 4583 nec
2046 4503 2085 4566 θ
2120 4531 2315 4587 tentize
2349 4532 2807 4603 propendebant,
2842 4532 3078 4602 quando
3110 4546 3432 4600 assurgens
3467 4537 3769 4600 unus,Au-

365 4622 522 4677 enim
572 4621 887 4674 obscurum
930 4621 1039 4684 est,
1091 4634 1204 4688 quo
1257 4615 1516 4688 plerique
1567 4618 2000 4688 propendeatis.

363 4708 470 4766 Sed
506 4709 784 4780 quoniam
819 4707 988 4773 tanti,
1029 4711 1316 4778 quantum
1360 4705 1618 4776 profecto
1649 4705 2002 4778 intelligitis,

365 4800 648 4855 momenti
685 4797 981 4868 negotium
1013 4795 1227 4867 agitur,
1264 4810 1522 4849 mearum
1557 4811 1685 4851 esse
1742 4797 2000 4866 partium

365 4888 559 4963 pntavi
593 4888 721 4953 hoc,
756 4887 910 4958 quod
943 4891 1078 4939 ante
1111 4901 1227 4939 rem
1264 4889 1448 4938 actam
1477 4884 1644 4939 breve
1676 4884 2003 4954 interjacet,

362 4978 551 5051 spatio
576 4979 892 5032 admonere
924 4991 1023 5029 vos
1062 4981 1126 5028 ut
1156 4974 1330 5028 etiam
1382 4978 1556 5044 atque
1613 4974 1788 5029 etiam
1847 4976 2004 5046 cogi-

359 5069 496 5124 tetis
526 5084 701 5139 quam
733 5067 940 5119 duram
974 5063 1360 5134 acerbamque
1391 5064 1731 5118 servitutem
1757 5064 1919 5119 vobis
1951 5070 2007 5120 et

363 5157 630 5212 universo
665 5155 882 5224 ubique
913 5151 1172 5208 locorum
1209 5151 1511 5207 volucrum
1553 5153 1751 5225 generi
1785 5155 2004 5224 paretis

359 5247 689 5317 injungere.
736 5242 895 5296 Mitto
958 5241 1348 5312 praenuntiare
1407 5241 1560 5296 bella
1615 5240 1826 5309 civilia,
1878 5260 2005 5314 quae

359 5334 788 5390 imminent.An
823 5331 980 5386 enim
1013 5329 1368 5385 existimatis
1400 5328 2002 5400 aquilam,vulturem,

362 5423 861 5494 milvum,gruem,
896 5420 1040 5476 alias
1071 5435 1384 5490 generosas
1443 5434 1575 5472 aves
1605 5422 1660 5472 et
1690 5435 2002 5490 pugnaces,

363 5518 594 5584 spretae
627 5529 688 5568 se
722 5507 1186 5580 vestrisjudiciis
1219 5523 1379 5576 (equo
1413 5506 1609 5560 animo
1633 5505 1876 5572 laturas,
1907 5515 2007 5563 aut

366 5619 625 5674 unquam
661 5603 813 5656 bona
844 5600 955 5655 fide
987 5598 1300 5654 servituras
1333 5595 1486 5652 tristi
1509 5595 1646 5650 huic
1677 5613 1742 5651 ac
1773 5597 2007 5654 sordido

2113 4621 2232 4676 dite
2264 4637 2375 4686 me,
2425 4620 2636 4690 inquit,
2671 4621 2970 4675 observavi
3028 4623 3221 4674 vastas
3281 4619 3459 4674 hasce
3513 4621 3766 4690 belluas,

2112 4727 2238 4780 qua:
2273 4709 2440 4764 nobis
2473 4709 2771 4780 negotium
2806 4711 3125 4774 lacessunt,
3180 4709 3540 4779 impotenter
3584 4713 3765 4766 vereri

2115 4804 2462 4853 nocturnam
2496 4797 2854 4865 lunam;vidi
2884 4799 3040 4852 enim
3073 4798 3202 4868 ejus
3232 4804 3474 4869 aspectu
3508 4806 3769 4855 conster-

2115 4889 2325 4956 nari,et
2346 4886 2685 4957 aqua,velut
2715 4888 2765 4942 ei
2800 4887 3275 4958 propitiandze,se
3305 4885 3588 4943 lustrare.
3621 4890 3765 4944 Hinc

2115 4976 2260 5030 mihi
2283 4975 2381 5030 lux
2401 4975 2664 5030 oboritur
2685 4975 2967 5046 aliqua,et
2985 4977 3338 5047 speszeorum
3360 4975 3502 5030 hinc
3523 4978 3764 5048 abigen-

2113 5066 2344 5119 dorum.
2374 5065 2656 5133 Tentabo,
2689 5065 2735 5120 si
2766 5065 2932 5120 vobis
2962 5064 3212 5130 videtur,
3266 5070 3436 5118 nocte
3490 5070 3764 5138 sequenti

2115 5154 2268 5225 quod
2301 5153 2511 5224 cogito,
2544 5169 2672 5208 cras
2702 5153 2844 5224 quid
2893 5152 3244 5208 successerit
3291 5152 3516 5222 scietis,
3550 5161 3610 5211 et
3662 5174 3760 5227 pro

2115 5260 2175 5298 re
2206 5246 2340 5297 nata
2372 5241 2696 5298 decernetis
2737 5243 2892 5313 quod
2935 5241 3239 5313 apparebit
3297 5241 3507 5296 utilius
3545 5261 3560 5299 :
3593 5262 3761 5300 morae

2115 5330 2305 5386 brevis
2339 5348 2451 5386 non
2485 5329 2604 5386 leve
2637 5331 2886 5401 pretium
2920 5330 3268 5385 ostenditur.
3311 5330 3532 5387 Omnes
3564 5351 3762 5390 assen-

2116 5437 2263 5475 sere.
2299 5420 2487 5491 Lepus
2521 5424 2723 5474 auctor
2752 5419 2982 5475 concilii
3027 5424 3193 5473 nocte
3253 5421 3539 5475 concubia
3600 5439 3631 5476 e
3689 5440 3766 5477 re.-

2116 5511 2467 5582 gionelunaa
2500 5508 2614 5565 alte
2659 5510 2784 5580 jam
2842 5508 3110 5573 sublatae,
3168 5508 3373 5563 innubi
3434 5514 3564 5566 tum
3620 5515 3761 5567 forte

2116 5599 2284 5667 coelo,
2318 5601 2372 5654 in
2406 5600 2705 5670 scepolum
2737 5599 2932 5654 evadit
2968 5596 3375 5653 imminentem
3437 5607 3759 5658 memorato
