4002 6202
186 313 323 367 1313

1197 303 1556 362 SPECIMEN
1594 304 1994 359 SAPIENTUE
2032 304 2367 362 lNDORUM
2406 307 2567 361 VET.

3459 311 3592 366 1314

186 452 358 507 supra
404 432 576 507 fonti.
626 431 769 487 Inde
813 431 1114 486 ductorem
1183 428 1558 499 elephantum
1609 440 1826 496 magna
1857 429 1910 494 Α
1940 426 2023 482 ire
2057 444 2172 483 non
2204 434 2526 497 recusaret,
2561 448 2592 486 a
2616 447 2730 501 quo
2754 446 2816 487 se
2849 432 3252 488 devorandum
3286 434 3462 489 simul
3496 453 3591 507 ap-

186 522 541 594 compellans
583 537 743 587 voce,
776 520 1025 589 Adsum,
1075 518 1294 590 inquit,
1350 518 1421 572 ad
1454 521 1512 571 te
1543 513 1764 570 missus
1799 530 1833 567 a

190 613 423 669 domina
454 612 636 676 Luna,
670 610 845 680 cujus
874 608 933 664 in
966 608 1186 663 ditione
1235 608 1365 662 fons
1413 621 1586 677 quem
1637 603 1830 658 cernis

188 707 295 772 est,
328 702 523 757 Diana
555 700 749 754 dictus
794 699 863 753 ab
918 697 1097 751 altero
1148 696 1318 749 Lunae
1367 694 1625 749 nomine.
1675 694 1733 746 In
1766 708 1833 745 eo

188 790 287 846 illa
324 788 635 846 consuevit
680 803 895 842 arcano
945 786 1147 851 lavari,
1193 785 1287 839 cui
1352 783 1434 838 rei
1481 788 1674 838 vestra
1718 781 1835 835 fre-

191 881 425 952 quentia
455 878 881 950 impedimento
923 880 1030 942 est,
1084 880 1472 946 praeterquam
1520 873 1677 927 nitor
1708 871 1833 941 ipse

190 986 254 1025 ac
286 968 672 1041 perspicuitas
702 964 810 1036 ipsi
846 965 993 1019 sacri
1027 962 1274 1033 liquoris
1329 962 1539 1016 vestris
1574 960 1836 1030 vestigiis

196 1070 480 1123 turbatur.
516 1065 700 1120 Edicit
730 1080 886 1135 ergo,
942 1062 1177 1117 Abeatis
1228 1061 1362 1116 alio.
1414 1076 1589 1116 suum
1623 1058 1706 1113 illi
1738 1074 1838 1112 va-

195 1174 369 1213 cuum
403 1156 773 1225 liberumque
806 1151 1152 1223 relinqualis
1175 1150 1406 1217 locum;
1441 1149 1490 1205 si
1524 1146 1839 1204 renueritis

199 1252 300 1302 aut
328 1246 503 1300 etiam
536 1242 915 1311 cunctamini,
948 1245 1173 1312 pestem
1206 1240 1370 1295 vobis
1393 1256 1458 1294 ac
1480 1242 1695 1293 certam
1721 1252 1842 1307 per-

202 1336 416 1390 niciem
450 1351 550 1406 per
579 1350 668 1388 me
699 1331 1031 1387 denuntiat.
1066 1331 1200 1403 Ipsa
1218 1331 1362 1401 quin
1394 1329 1569 1384 etiam
1602 1329 1839 1382 descen-

203 1425 294 1480 dit
316 1426 435 1492 jam
469 1424 524 1477 in
559 1424 775 1477 fontem
806 1440 819 1488 ;
852 1420 933 1476 ibi
966 1437 1119 1490 eam,
1152 1422 1200 1475 si
1233 1419 1404 1475 dictis
1452 1419 1597 1473 meis
1646 1416 1843 1471 minus

204 1513 412 1580 credis,
448 1512 654 1567 accede
685 1511 789 1581 sis,
840 1510 1038 1565 licebit
1084 1526 1345 1565 cernere.
1393 1508 1685 1562 Turbatus
1718 1506 1844 1559 ino-

204 1602 397 1672 pinate
427 1606 484 1655 et
514 1599 728 1655 minaci
787 1599 1065 1655 mandato
1114 1598 1498 1669 elephantum
1553 1596 1693 1661 dux,
1737 1596 1843 1650 ad-

203 1694 390 1745 movet
419 1705 481 1744 se
514 1690 586 1743 ad
621 1704 780 1744 oram
835 1686 1009 1742 vieini
1060 1687 1263 1751 fontis,
1308 1685 1632 1755 vidensque
1676 1685 1845 1739 Luna:

204 1778 314 1835 alte
344 1776 623 1847 fulgentis
650 1776 967 1848 imaginem
1000 1793 1069 1831 ex
1099 1791 1264 1846 aqua:
1303 1773 1612 1845 superﬁcie
1647 1789 1842 1844 reper-
1880 1783 1925 1847 Β

203 1884 459 1933 cussam,
492 1868 657 1921 deam
692 1866 832 1934 illic,
865 1867 1021 1937 quod
1064 1863 1374 1919 cuniculus
1423 1863 1668 1931 dixerat,
1700 1879 1847 1933 pree—

205 1963 427 2014 sentem
461 1955 729 2024 credidit,
764 1972 827 2009 ac
862 1971 1009 2008 vano
1038 1957 1445 2008 consternatus
1490 1957 1672 2018 metu,
1723 1951 1848 2006 suis

206 2047 385 2103 edixit
414 2062 556 2101 vasa
586 2043 946 2114 colligerent,
980 2041 1357 2112 diluculoque
1402 2040 1674 2112 migravit
1713 2056 1847 2094 cum

209 2141 469 2192 armento
504 2134 805 2198 universo,
837 2132 999 2186 laetos
1031 2147 1096 2185 ac
1126 2129 1489 2202 gratulantes
1539 2135 1655 2184 tam
1695 2128 1846 2183 facili

208 2224 541 2280 amolitione
573 2221 709 2277 mali
738 2219 978 2276 maximi
999 2216 1336 2290 lepusculos
1370 2218 1424 2272 in
1452 2234 1628 2290 regno
1662 2216 1848 2289 patrio

208 2319 562 2387 relinquens.
598 2316 699 2370 Hic
726 2316 850 2382 jam
900 2316 1235 2384 comparate
1287 2311 1429 2365 mihi
1478 2310 1847 2381 elephantem

206 2424 335 2461 cum
372 2404 769 2471 noctua,illius
794 2403 1064 2474 panicam
1096 2419 1129 2455 a
1151 2400 1293 2455 luna
1322 2400 1689 2454 formidinem
1712 2415 1846 2453 cum

208 2495 377 2563 hujus
421 2494 659 2547 horrore
710 2492 936 2545 diurnze
986 2490 1155 2544 lucis.
1208 2492 1414 2544 Annon
1467 2489 1846 2543 manifestum

203 2599 292 2648 est
330 2593 645 2657 infirmam,
698 2591 1041 2659 deformem,
1095 2588 1395 2653 fetentem,
1448 2586 1702 2641 luridam
1758 2588 1852 2640 be-

203 2682 398 2746 stiam,
477 2680 665 2735 multo
740 2678 927 2750 magis
1008 2677 1093 2732 vel
1176 2676 1436 2731 minimis
1512 2675 1641 2730 luce
1713 2691 1851 2745 gau-

202 2771 478 2826 dentibus
508 2776 563 2824 et
597 2786 766 2824 mane
796 2766 1030 2823 canoris
1076 2765 1319 2821 aviculis
1368 2764 1728 2836 contemptui
1761 2766 1849 2818 fu-

205 2866 421 2923 turam,
456 2860 555 2913 ubi
586 2875 713 2913 eam
748 2856 1061 2911 abhorrere
1094 2873 1126 2910 a
1161 2854 1302 2910 solis
1354 2854 1559 2919 radiis,
1613 2857 1848 2925 stupere

209 2950 278 3003 ad
331 2948 717 3003 meridianam
770 2945 987 3010 lucem,
1046 2945 1318 3000 tenebras
1365 2949 1419 2997 et
1468 2948 1698 2998 retrusa
1750 2961 1852 3013 per

206 3044 357 3094 totos
390 3039 515 3092 dies
560 3036 870 3106 gurgustia
912 3038 1147 3104 captare
1197 3031 1734 3102 deprehenderint?
1762 3032 1853 3085 Vi—

1942 519 2199 586 paruerit
2247 518 2562 591 intelligit?
2612 519 2836 593 Fingite
2903 521 2983 576 ita
3027 522 3237 578 stulias
3287 524 3588 580 volucrum

1941 605 2171 677 aliquas
2197 608 2258 661 ut
2281 608 2469 664 forum
2494 614 2719 664 noctuas
2738 626 2845 665 noe
2867 611 3403 683 refugiant,magno
3425 613 3588 668 luent

1945 695 2289 766 amentiam,
2340 703 2397 751 et
2452 699 2778 753 remedium
2828 705 3070 771 expertae
3114 701 3266 756 malo
3316 703 3508 773 pejus,
3563 721 3591 757 e

1946 784 2106 839 fumo
2138 802 2200 841 se
2229 785 2289 840 in
2314 787 2611 842 ﬂammam
2646 789 2924 845 incidisse
2962 807 3090 845 sero
3123 793 3400 859 sentient,
3434 792 3587 846 idem

1948 890 2132 944 passas
2165 876 2317 946 quod
2343 877 2602 931 sciurum
2632 882 2688 932 et
2718 878 2974 949 leporem
3010 882 3224 949 ferunt,
3260 881 3411 935 inter
3443 898 3590 952 quos

1948 967 2074 1018 orta
2104 966 2497 1020 centroversia
2526 983 2817 1021 consensu
2862 968 3165 1023 amborum
3215 971 3285 1024 ad
3339 971 3471 1026 felis
3507 990 3590 1025 ar-

1948 1049 2211 1119 bitrium,
2246 1052 2452 1107 annosi
2485 1053 2729 1109 solitarii
2762 1057 2953 1126 specie
2984 1074 3047 1110 ac
3097 1056 3255 1112 cultu
3302 1059 3592 1113 asceticen

1950 1140 2311 1210 simulantis,
2344 1142 2675 1198 dirimenda
2719 1143 2907 1199 delata
2957 1150 3060 1199 est.
3119 1147 3592 1216 improbissimus

1944 1229 2126 1298 judex
2160 1230 2540 1300 praedalzetus
2564 1232 2808 1302 objecta,
2829 1251 2959 1288 cum
2992 1235 3288 1305 litigantes
3319 1253 3386 1290 ex
3416 1237 3589 1292 inter-

1953 1316 2106 1373 vallo
2139 1321 2208 1374 ad
2244 1321 2385 1390 quid
2418 1321 2721 1376 venissent
2753 1322 3098 1393 indicarent,
3132 1325 3363 1379 Accedit
3392 1325 3589 1394 igitur,

1952 1407 2163 1478 inquit,
2195 1414 2257 1464 ut
2286 1426 2388 1464 vos
2430 1410 2699 1478 audiam;
2736 1429 2873 1466 nam
2904 1411 3093 1467 aetatis
3139 1413 3274 1467 vitio
3323 1415 3592 1469 semisur-

1957 1497 2066 1551 dus
2099 1514 2254 1563 sum,
2307 1500 2526 1553 Ambos
2559 1499 2771 1554 deinde
2817 1501 3051 1555 incaute
3101 1502 3595 1572 obtemperantes,

1959 1585 2255 1656 unguibus
2285 1602 2622 1658 aggressus,
2659 1605 2722 1642 ac
2755 1589 3031 1644 dentibus
3080 1591 3349 1661 egregius
3384 1592 3600 1646 arbiter

1959 1674 2291 1747 discerpsit,
2321 1692 2387 1731 ac
2418 1678 2661 1731 voravit.

2036 1800 2218 1854 VI.lta
2243 1800 2689 1855 concionanlem
2708 1818 2942 1857 corvum
2976 1820 3090 1857 non
3126 1821 3299 1873 passa
3329 1821 3599 1877 perorare

1958 1888 2121 1959 plebs
2153 1888 2345 1943 avium
2390 1889 2733 1945 acclamavit
2776 1891 2955 1946 denso
3017 1893 3276 1963 undique
3338 1896 3595 1949 fremitu.

1956 1982 2147 2047 Apage
2176 1977 2471 2033 bubonem
2504 1979 2732 2049 regem!
2768 1980 3009 2035 abeatin
3039 1997 3159 2037 rem
3189 1982 3401 2036 malam
3432 2000 3598 2038 mon-

1956 2072 2144 2121 strum
2178 2066 2533 2138 lucifugum,
2567 2068 2845 2135 invisum,
2890 2071 3280 2125 exsecrabile!
3317 2072 3463 2142 Ergo
3495 2073 3598 2127 de-

1957 2153 2225 2223 signatus
2266 2155 2440 2225 paulo
2492 2160 2627 2210 ante
2676 2174 2771 2211 rex
2820 2157 3010 2211 avium
3057 2157 3266 2229 plenus
3315 2159 3502 2213 cladis
3534 2176 3599 2214 ac

1956 2244 2258 2299 dedecoris
2287 2244 2379 2298 vix
2419 2245 2619 2299 salvus
2670 2263 2699 2300 e
2738 2246 2975 2301 comitio
3020 2247 3269 2319 aufugit,
3321 2248 3598 2318 proximis

1956 2332 2127 2387 etiam
2157 2333 2491 2404 quibusque
2527 2334 2914 2390 lrascentibus
2948 2335 3100 2390 ultra
3127 2336 3353 2407 sibilos,
3388 2343 3600 2393 rostro-

1957 2438 2070 2491 que
2101 2420 2382 2476 miserum
2419 2423 2804 2478 tundentibus
2838 2440 2901 2479 ac
2945 2424 3175 2495 plumas
3224 2425 3595 2482 vellentibus.

1955 2509 2129 2564 Nocte
2157 2510 2292 2565 inde
2318 2517 2519 2565 secuta
2568 2514 2837 2568 convenit
2888 2520 3232 2569 noctuarum
3276 2516 3535 2586 regulus,
3570 2534 3599 2570 c

1956 2604 2121 2653 tanta
2168 2616 2230 2653 se
2279 2617 2381 2671 spe
2430 2601 2719 2669 dejectum
2772 2603 3048 2667 fremens,
3094 2604 3432 2675 ignominias
3482 2622 3599 2659 suae

1958 2704 2276 2758 praeconem
2312 2694 2617 2757 nostrum;
2651 2695 2726 2757 et,
2755 2692 2901 2756 Quid
2932 2692 3059 2760 tibi,
3095 2693 3308 2763 inquit,
3343 2710 3447 2764 ego
3480 2695 3601 2765 pri-

1956 2777 2132 2833 vatim
2165 2783 2266 2832 aut
2298 2779 2542 2848 publicas
2565 2784 2755 2834 vestro
2788 2798 3092 2835 corvorum
3122 2783 3319 2852 generi
3346 2800 3600 2851 unquam

1961 2866 2413 2933 incommodavi,
2448 2872 2510 2921 ut
2542 2873 2743 2923 contra
2768 2886 2877 2937 me,
2911 2870 3276 2924 alienissimo
3312 2888 3438 2926 meo
3464 2878 3607 2926 terr.-

1960 2972 2118 3026 pore,
2154 2958 2270 3009 tam
2307 2972 2459 3009 saeva
2490 2956 2649 3010 rabie
2679 2957 2952 3011 venires?
2998 2960 3282 3014 Caeterum
3316 2961 3399 3014 sic
3431 2961 3602 3026 habe,

1958 3044 2211 3098 recisum
2236 3044 2389 3098 ferro
2421 3062 2649 3100 ramum
2682 3047 2819 3101 vivae
2851 3048 3076 3102 arboris
3110 3048 3319 3103 iterum
3354 3050 3603 3117 renasci,

206 3130 342 3183 dere
365 3128 492 3197 jam
526 3125 744 3214 videor,
780 3128 844 3178 ut
877 3122 1035 3177 illam
1063 3121 1500 3214 fxsibllubunt,
1529 3126 1643 3214 ﬁt.
1666 3120 1849 3176 Visam
1878 3149 1922 3214 ρ
1961 3132 2115 3187 coire
2148 3134 2609 3201 medicamentis,
2644 3142 2698 3190 ct
2731 3153 2892 3190 mora
2922 3137 3134 3192 vulnus
3167 3138 3451 3192 inflictum
3486 3141 3608 3193 ani-

208 3216 407 3271 subito
437 3213 768 3284 explodent,
803 3216 869 3265 ut
916 3210 1193 3265 omnibus
1244 3210 1483 3279 impune
1529 3207 1851 3280 lucifugam

209 3303 642 3361 tenebricosam
674 3298 1051 3357 contumeliis
1075 3297 1352 3353 efﬁcient.
1380 3297 1446 3351 Et
1474 3295 1632 3351 hunc
1663 3312 1859 3368 regem

214 3393 516 3464 imponere
550 3390 756 3447 incolis
788 3389 914 3444 creti
969 3388 1241 3459 cogitatis
1289 3386 1516 3452 avibus,
1561 3403 1734 3458 quem
1769 3386 1861 3442 vix

207 3482 618 3537 sordidissima
637 3480 939 3551 reptilium
958 3493 1195 3532 servum
1217 3476 1431 3530 habere
1451 3475 1865 3545 dignarentur?

212 3572 341 3639 Eat,
375 3570 587 3625 condat
618 3586 680 3624 se
711 3568 877 3623 caecis
919 3566 1129 3633 antris,
1176 3563 1690 3634 vcspertilionibus
1724 3563 1863 3627 illic,

221 3669 692 3741 nycticoracibus
726 3684 791 3720 ac
824 3666 1022 3736 talpis,
1056 3664 1100 3718 si
1136 3662 1223 3717 vel
1260 3663 1315 3716 id
1359 3664 1568 3731 potest,
1603 3661 1870 3715 domine-

218 3766 319 3813 tur
366 3776 378 3813 :
432 3757 580 3812 lucis
632 3756 911 3822 tiliarum,
965 3755 1282 3808 amicarum
1333 3750 1496 3813 solis,
1559 3750 1871 3821 imperium

223 3848 424 3901 avium
480 3863 549 3900 ne
598 3846 845 3911 ati'ectet,
897 3860 968 3897 ne
1018 3842 1275 3906 ambiat;
1307 3840 1376 3893 de
1428 3855 1544 3908 quo
1598 3843 1871 3891 noctuam

223 3937 532 4007 cogitasse,
566 3933 652 3988 vel
705 3950 804 4004 per
849 3930 1143 3987 somnium
1196 3928 1425 3982 insania
1475 3927 1570 3993 sit,
1606 3944 1875 3997 sperasse

224 4032 421 4080 autem
455 4026 634 4091 furor,
675 4027 733 4077 et
782 4028 981 4076 vestra:
1034 4018 1356 4090 prudentiae
1405 4015 1873 4070 contumeliosis-

226 4114 380 4168 sima
412 4111 1057 4183 desperatio.Perorabo
1091 4108 1189 4162 ubi
1216 4123 1400 4161 unum
1435 4106 1607 4159 modo
1629 4104 1874 4174 subjun-

226 4220 367 4257 xero
400 4200 668 4272 capitalis
690 4199 749 4254 in
782 4200 889 4254 hoc
922 4198 1151 4269 negotio
1186 4193 1489 4250 momenti.
1513 4194 1735 4264 Regum
1762 4195 1875 4263 pri-

233 4291 489 4346 marium
545 4290 807 4344 olﬁcium
848 4285 1209 4357 jurisdictio,
1282 4282 1622 4354 dijudicatio
1661 4280 1875 4347 litium,

232 4380 549 4436 arbitrium
581 4395 895 4434 causarum
929 4381 1040 4442 est,
1069 4380 1133 4429 ut
1176 4377 1405 4431 constat
1450 4371 1604 4426 inter
1653 4387 1877 4425 omnes.

230 4470 298 4524 In
328 4486 394 4523 eo
428 4484 671 4523 munere
709 4472 861 4522 recte
904 4463 1198 4535 fungendo
1248 4460 1491 4533 puppim
1543 4477 1608 4514 ac
1647 4475 1877 4529 proram

227 4557 475 4627 aequitas
508 4556 667 4623 facit,
700 4555 829 4609 sine
861 4571 977 4625 qua
1009 4556 1144 4607 nota
1173 4554 1230 4604 et
1280 4548 1622 4621 pignoribus
1654 4548 1876 4619 experi-

227 4650 569 4701 mentorum
602 4648 782 4712 certa,
830 4641 977 4697 nulli
1010 4637 1375 4711 patientium
1425 4635 1701 4705 injuriam
1735 4653 1877 4707 que-

224 4734 366 4789 relae
394 4732 467 4787 ad
502 4730 760 4787 tribunal
798 4727 1125 4784 deferendae
1158 4724 1373 4779 ﬁducia
1406 4724 1595 4777 fuerit.
1630 4722 1878 4791 Putatis,

224 4832 278 4887 si
308 4830 548 4902 quando
608 4828 888 4900 accipiter
939 4824 1274 4881 columbam
1325 4821 1636 4887 vexaverit,
1688 4821 1738 4875 si
1788 4836 1882 4876 res

224 4920 488 4975 hirundo
521 4918 784 4991 rapuerit
814 4912 1148 4989 passeris,si
1176 4910 1655 4983 quotidianarum
1681 4908 1881 4964 istius-

227 5010 397 5065 modi
466 5005 1055 5071 oli'ensiuncularum,
1117 5001 1333 5073 quibus
1399 4999 1518 5054 vita
1579 5015 1880 5071 nunquam

225 5104 418 5166 vacat,
471 5098 744 5153 inciderit
786 5094 1034 5166 aliquid,
1101 5106 1458 5162 quemquam
1503 5089 1880 5144 inducturum

223 5190 499 5245 animum
532 5188 617 5243 ire
648 5189 720 5243 ad
753 5190 1029 5241 noctuam
1056 5180 1210 5253 juris
1230 5178 1525 5251 repetendi
1548 5177 1638 5232 sui
1662 5176 1883 5249 gratia?

222 5277 382 5332 Tum
413 5280 614 5347 putate
645 5276 703 5331 id
739 5270 1085 5339 futurum,si
1108 5270 1391 5323 damnum
1426 5266 1612 5321 multo
1643 5264 1883 5337 gravius

223 5370 470 5435 accepto
503 5366 573 5420 ab
605 5382 671 5420 ea
706 5381 820 5419 non
852 5358 1139 5415 timuerit.
1174 5357 1404 5427 Flagrat
1452 5354 1554 5410 illa
1593 5354 1653 5409 in
1678 5371 1884 5410 omnes

222 5455 365 5509 odio
412 5470 645 5524 semper
695 5450 945 5514 ardenti,
995 5448 1215 5503 eminet
1261 5461 1329 5500 ex
1374 5443 1561 5510 vultu,
1600 5460 1668 5498 ex
1717 5442 1883 5499 oculo

223 5545 418 5607 furor,
468 5543 776 5608 acerbitas,
832 5539 1192 5595 immanitas.
1246 5537 1476 5600 Quanta
1523 5533 1739 5602 injuria
1788 5549 1882 5587 ve-

219 5634 355 5689 xari
388 5649 608 5703 agnum
641 5634 954 5703 oporteret,
991 5633 1055 5683 ut
1082 5627 1154 5681 ad
1204 5623 1411 5695 lupum
1453 5622 1882 5692 expostulatum

1971 3221 2189 3276 mantis
2218 3222 2465 3293 corpori,
2526 3230 2705 3294 atque
2744 3225 2801 3279 in
2852 3225 3184 3280 cicatricem
3235 3227 3605 3283 coalescere:

1973 3310 2184 3381 linguae
2215 3328 2474 3367 morsum
2503 3329 2631 3367 esse
2655 3331 2897 3384 prorsus
2937 3314 3342 3385 incurabilem,
3376 3333 3442 3371 ac
3473 3334 3608 3371 cum

1977 3416 2128 3469 aqua
2158 3400 2491 3471 exstinguat
2521 3400 2738 3472 ignem,
2771 3403 2856 3456 vis
2886 3402 3083 3457 hausti
3115 3405 3320 3458 veneni
3355 3406 3613 3460 antidoto

1977 3489 2344 3558 retundatur,
2379 3506 2543 3545 amor
2573 3491 2842 3546 satietate
2890 3492 3186 3547 fruitionis
3217 3492 3615 3565 elangnescat,

1980 3578 2325 3633 memoriam
2378 3584 2573 3633 tamen
2625 3580 2855 3649 injuriae
2910 3581 3037 3636 sine
3104 3584 3312 3635 merito
3370 3589 3617 3652 accepta:

1978 3666 2165 3719 vivere
2196 3671 2470 3721 aeternam
2506 3685 2569 3721 ac
2602 3669 2812 3739 vigere.
2849 3672 3034 3733 Quare
3092 3670 3205 3723 ista
3266 3671 3621 3726 contumelia

1979 3754 2131 3808 scias
2163 3759 2218 3808 te
2251 3772 2449 3808 semen
2474 3756 2713 3824 jecisse,
2747 3758 2902 3811 unde
2952 3760 3124 3811 arbor
3173 3765 3445 3827 exsurgat
3478 3777 3621 3812 nun-

1980 3859 2155 3913 quam
2189 3842 2540 3897 eradicanda
2581 3844 2923 3915 sempiterni
2973 3862 3175 3899 corvos
3227 3847 3381 3899 inter
3410 3862 3475 3899 ac
3526 3863 3616 3900 no-

1982 3936 2147 3985 ctuas
2174 3931 2423 3985 discidii.
2459 3931 2553 3986 Sic
2584 3931 2837 3999 locutus,
2872 3933 3029 3987 rabie
3072 3934 3280 4005 plenus
3312 3933 3618 3987 abscessit.

1981 4020 2120 4075 Inde
2152 4036 2285 4074 cum
2320 4022 2375 4073 in
2411 4037 2651 4092 specum
2686 4022 2859 4076 istam
2894 4039 3027 4077 cum
3085 4022 3208 4077 suis
3259 4023 3620 4085 recessisset,

1984 4111 2155 4180 longo
2185 4114 2448 4180 tempore
2476 4110 2745 4165 vindictae
2780 4112 2994 4183 pariter
3040 4112 3422 4182 cupiditatem
3456 4126 3623 4179 opes-

1983 4214 2097 4268 que
2119 4215 2185 4252 ac
2216 4197 2474 4253 sobolem
2503 4205 2825 4268 auxerunt;
2880 4205 3006 4255 tum
3056 4201 3153 4255 ubi
3206 4216 3266 4254 se
3310 4198 3623 4253 conﬁrma-

1985 4292 2075 4340 tos
2107 4287 2253 4341 satis
2284 4304 2721 4358 sensere,quam
2750 4290 2961 4360 supina
2982 4290 3126 4359 ipsis
3152 4295 3353 4344 nostra
3375 4287 3625 4343 etnimis

1984 4375 2220 4430 incauta
2250 4378 2535 4433 securitas
2568 4378 2883 4449 pretiosam
2918 4378 3194 4434 oﬂerehat
3238 4377 3487 4432 nocendi
3519 4394 3623 4433 no-

1992 4466 2080 4519 bis
2140 4467 2501 4523 occasionem
2563 4469 2880 4538 arripuere,
2960 4473 3241 4524 nocturne
3316 4468 3427 4523 isto
3486 4472 3630 4523 tem-

1990 4552 2208 4622 pestive
2239 4554 2308 4607 ad
2355 4558 2551 4608 votum
2600 4556 2861 4625 ipsorum
2914 4555 3174 4610 tumultu
3241 4556 3625 4611 admovendo.

1994 4641 2163 4696 Vides
2192 4658 2256 4696 ex
2288 4641 2400 4709 his,
2434 4643 2690 4711 domine,
2742 4661 2950 4700 causas
2997 4644 3114 4699 odii
3163 4645 3330 4712 tales,
3366 4660 3482 4715 qua
3513 4644 3633 4698 ulla

1992 4747 2163 4801 posse
2222 4733 2628 4803 pacificatione
2676 4735 2954 4806 mitigari,
3015 4736 3231 4791 nedum
3285 4734 3634 4799 oblitterari,

1993 4824 2353 4894 sperandum
2386 4824 2837 4896 haudquaquam
2872 4827 2965 4882 sit.
2999 4832 3272 4894 Pravum,
3294 4825 3633 4891 inﬂexibile,

1993 4927 2215 4967 memor
2246 4912 2598 4981 injuriarum
2631 4919 2689 4969 et
2720 4932 2837 4986 pra:
2886 4917 3114 4972 cunctis
3161 4917 3427 4972 odiorum
3464 4919 3636 4970 tenax

1995 5015 2182 5070 genus
2216 5001 2432 5055 frustra
2463 5002 2774 5058 conciliare
2806 5005 3137 5075 curaveris;
3169 5005 3633 5061 exscindendum

1993 5095 2081 5144 est
2114 5107 2128 5157 ;
2166 5106 2281 5145 una
2304 5090 2473 5145 nobis
2504 5091 2688 5161 salus,
2721 5094 2894 5150 unica
2942 5095 3102 5166 pacis
3145 5112 3281 5166 spes
3331 5095 3390 5149 in
3438 5091 3634 5146 debel-

1992 5176 2168 5234 lando
2234 5184 2323 5234 est
2389 5180 2545 5250 sita;
2616 5199 2772 5251 non,
2842 5184 3107 5255 inquam,
3181 5186 3445 5238 vivemus
3521 5180 3635 5235 nisi

1992 5266 2320 5323 vincamus.
2412 5271 2712 5333 Quomodo
2814 5276 3011 5328 autem
3114 5272 3408 5343 possimus
3509 5268 3635 5321 vin-

1994 5373 2124 5412 cere
2163 5357 2290 5426 jam
2341 5359 2576 5429 quieris.
2626 5361 2752 5416 Urse
2802 5361 2959 5417 enim
3002 5366 3105 5416 tua
3150 5358 3408 5414 secunda
3455 5357 3635 5409 inter-

1996 5445 2220 5517 rogatio
2246 5450 2354 5513 est,
2388 5448 2457 5501 ad
2484 5464 2658 5519 quam
2694 5450 2776 5504 sic
2826 5450 3148 5520 respondeo
3184 5465 3194 5500 :
3247 5464 3279 5500 a
3309 5446 3361 5500 vi
3411 5448 3635 5515 aperta,

1997 5540 2060 5588 ut
2092 5550 2183 5589 res
2214 5538 2425 5589 nostrae
2460 5553 2615 5591 nunc
2648 5537 2883 5601 habent,
2937 5536 3388 5604 exspectandum
3440 5532 3585 5587 nihil
3623 5551 3635 5587 :

1997 5623 2299 5678 vincemur
2330 5623 2456 5677 sine
2488 5624 2665 5680 dubio
2699 5626 2747 5679 si
2780 5625 3085 5693 confligam
3101 5639 3199 5689 us;
3235 5626 3292 5676 et
3323 5624 3475 5692 quod
3509 5638 3640 5678 vere
