3984 6202
353 300 490 358 1315

1853 279 2082 338 APPBN
2093 279 2238 336 DIX.

3639 281 3770 338 1316

350 421 674 487 admonuit,
707 416 806 488 qui
835 415 1120 472 suadebat
1151 413 1368 484 fugam,
1403 423 1571 483 pares
1621 416 1994 478 nequaquam
2026 409 2081 473 Α
2111 402 2368 459 Ahierint
2400 401 2626 457 utinam
2659 402 2718 456 in
2752 399 2969 457 malam
2993 401 3145 457 rem!
3167 402 3424 458 Invicem
3466 403 3771 477 collocuti,

349 527 555 570 sumus
587 505 946 563 sustinenda:
969 503 1240 574 sequenti
1269 507 1434 556 nocte
1464 498 1903 555 redditurorum
1925 493 1996 548 ad

347 615 536 657 arcem
562 601 823 652 nostram
857 591 1322 665 oppugnandam
1363 584 1682 660 irruptioni
1712 585 1995 640 hostium.

353 695 477 744 Non
509 692 707 742 tamen
739 683 1174 754 desperandum
1206 678 1463 751 est,quin
1499 676 1694 749 proelio
1719 675 1996 745 impares,

349 779 765 848 strategemate
798 774 1098 845 possimus
1131 769 1465 841 superiores
1511 767 1776 822 evadere.
1826 766 1999 816 Artes

349 874 408 924 et
439 867 725 922 machinae
759 863 946 918 multa
971 861 1227 916 efﬁciam
1259 875 1387 930 quas
1420 874 1481 913 ro
1502 859 1611 911 bur
1643 855 1994 910 lacertorum

350 957 765 1027 contentioque
796 953 960 1007 enixe
1001 950 1339 1006 ccnantium
1393 949 1614 1002 frustra
1666 941 1996 999 tentaverit.

348 1047 488 1101 Rem
532 1044 649 1098 vidi
701 1058 885 1111 nuper
928 1041 998 1094 ad
1048 1037 1155 1094 hoc
1201 1040 1393 1109 ipsum
1445 1035 1829 1090 astruendum
1880 1043 1994 1084 non

355 1139 640 1208 ineptam,
671 1149 848 1204 quam
882 1134 990 1186 etsi
1020 1129 1331 1196 ludicram,
1367 1128 1452 1182 vel
1487 1127 1558 1181 ad
1583 1123 1820 1196 aliquod
1861 1137 1993 1176 avo-

351 1231 687 1282 camentum
720 1222 872 1278 acris
905 1238 1032 1291 quas
1065 1225 1120 1274 te
1152 1218 1268 1274 urit
1297 1233 1473 1286 curae,
1520 1225 1846 1270 memorare
1877 1225 1992 1265 non

347 1314 586 1385 pigebit.
620 1311 928 1367 Solitarius
960 1309 1019 1363 in
1075 1307 1240 1362 urbis
1285 1308 1545 1361 mercatu
1599 1303 1764 1356 haedo
1794 1303 1992 1369 empto

350 1403 574 1459 redibat
606 1401 772 1456 illum
805 1403 1046 1470 portans
1090 1397 1147 1450 in
1183 1395 1386 1450 cellam
1420 1393 1840 1449 suburbanam.
1878 1389 1993 1443 Fu~

354 1509 467 1558 res,
500 1490 599 1562 qui
633 1489 758 1544 luce
791 1487 979 1559 palam
1029 1485 1139 1540 suh
1187 1483 1374 1539 oculis
1424 1482 1875 1552 magistratuum
1909 1476 1990 1531 la-

345 1579 666 1635 trocinium
721 1581 1002 1631 attentare
1067 1589 1180 1628 non
1253 1571 1572 1636 audebant,
1624 1569 1778 1623 hanc
1839 1564 1989 1620 haadi

346 1667 726 1738 extorquendi
779 1670 983 1719 ascetae
1038 1661 1287 1733 simplici
1359 1661 1639 1714 rationem
1710 1656 1988 1710 inierunt.

345 1760 484 1812 Tres
516 1761 837 1827 quatuorve
861 1758 1150 1826 spargunt
1196 1767 1256 1806 se
1305 1751 1365 1804 in
1424 1749 1700 1840 compita,
1733 1762 1852 1840 qua
1882 1745 1989 1840 iter
2019 1771 2066 1840 B-

342 1851 468 1901 erat
528 1844 925 1901 necessarium
977 1841 1243 1897 redeunti
1295 1841 1531 1894 domum
1580 1835 1878 1902 solitario;
1932 1836 1988 1888 et

342 1935 586 2008 primus.
622 1935 728 2000 En,
760 1933 979 2004 inquit,
1015 1931 1104 1986 hic
1135 1934 1327 1984 asceta
1351 1943 1576 1991 canem,
1610 1925 1984 1980 immundum

344 2024 586 2089 animal,
623 2023 832 2094 tangit.
866 2019 1353 2076 Assentiebantur
1376 2017 1445 2072 ad
1480 2017 1536 2070 id
1570 2015 1766 2086 ipsum
1796 2013 1984 2067 simu-

338 2113 582 2168 landum
617 2111 801 2182 rogati
835 2111 1305 2164 circumstantes.
1339 2107 1734 2161 Contemnens
1767 2116 1984 2156 vanum

339 2217 638 2258 rumorem
675 2201 866 2272 pergit
898 2204 1114 2254 asceta.
1152 2199 1385 2262 Iterum,
1437 2194 1602 2250 tertio
1652 2191 1806 2248 idem
1840 2208 1872 2245 a
1903 2189 1988 2243 di-

337 2291 522 2347 versis
551 2307 619 2346 ex
649 2287 974 2360 composito
1007 2286 1428 2358 ingeminatur.
1456 2281 1766 2338 Subvereri
1812 2279 1987 2351 cmpit

340 2397 412 2435 ne
441 2397 578 2435 vera
608 2379 887 2433 dicerent.
916 2377 994 2432 Ad
1027 2381 1357 2430 extremum
1402 2389 1534 2428 cum
1569 2376 1726 2426 extra
1758 2376 1984 2441 portam

339 2469 597 2524 circulus
623 2471 926 2538 juvenum,
980 2467 1130 2520 serio
1192 2480 1566 2536 perseverans
1608 2477 1814 2517 canem
1856 2473 1984 2514 esse

341 2575 516 2631 quam
551 2562 807 2628 portaret
839 2556 1085 2610 bestiam
1112 2554 1432 2622 solitarius,
1463 2557 1521 2606 et
1552 2549 1888 2621 religionem
1923 2547 1982 2602 in

338 2648 447 2702 hoc
477 2648 606 2716 ejus
639 2648 856 2700 frustra
887 2644 1094 2699 vestitu
1121 2643 1435 2696 indicatam
1471 2637 1982 2710 requirens,etiam

342 2735 643 2791 hominem
677 2734 1023 2805 increparet,
1053 2721 1205 2803 quod
1263 2748 1375 2784 non
1426 2732 1720 2783 vereretur
1766 2726 1982 2780 civium

348 2825 548 2880 oculos
589 2840 900 2894 personam
937 2820 1098 2876 illam
1148 2821 1462 2875 dedecente
1503 2815 1768 2887 exemplo
1800 2816 1982 2869 oii‘en-

337 2917 491 2982 dere,
517 2929 836 2986 persuasus
871 2913 1042 2966 homo
1089 2910 1328 2965 minime
1373 2907 1562 2963 malus
1614 2907 1843 2962 haedum
1877 2905 1983 2959 ab-

325 3004 480 3074 jicit,
513 3004 573 3057 in
608 3003 764 3057 fonte
797 3000 1035 3073 publico
1067 3017 1280 3055 manus
1329 2998 1474 3053 eluit
1518 3015 1584 3053 ac
1616 3001 1845 3062 vestes;
1879 3011 1981 3048 ex-

338 3097 505 3148 cusat
537 3093 666 3146 fuco
701 3091 811 3146 sibi
845 3092 992 3145 facto
1025 3106 1228 3145 canem
1269 3089 1580 3143 obtrusum
1629 3103 1729 3158 pro
1779 3085 1980 3149 hazdo;

340 3183 424 3236 ita
442 3179 660 3236 recedit
681 3179 1074 3234 nebulonibus
1098 3177 1541 3250 sublegentibus
1562 3175 1788 3229 haedum
1804 3173 1983 3239 ,unde

343 3270 671 3326 convivium
707 3269 916 3324 deinde
976 3268 1346 3323 celebrarunt
1393 3265 1568 3320 salsis
1616 3263 1676 3318 in
1726 3264 1980 3320 eremitae

336 3359 669 3414 fatuitatem
697 3356 954 3412 dicioriis
985 3355 1480 3410 conditissimum.

409 3481 531 3535 VII.
568 3480 711 3534 Hinc
743 3481 931 3534 obiter
958 3479 1122 3534 vides
1145 3493 1336 3532 rerum
1372 3476 1854 3532 difficillimarum
1890 3493 1980 3532 ex-

334 3570 518 3643 pediri
552 3570 772 3624 astutia
803 3568 1250 3624 facultatem.Ad
1289 3567 1440 3637 quod
1472 3571 1664 3621 autem
1701 3575 1855 3620 nunc
1887 3565 1979 3619 ina

333 3664 468 3728 stat,
505 3658 840 3715 machinam
876 3658 1212 3728 excogitavi.
1247 3671 1611 3720 successum,
1646 3655 1756 3710 nisi
1790 3655 1977 3726 pluri-

335 3765 493 3804 mum
526 3747 718 3817 fallor,
759 3747 993 3819 qualem
1052 3751 1324 3818 optamus
1377 3745 1732 3800 habituram.
1780 3747 1978 3800 Castra

333 3854 540 3894 censeo
572 3838 681 3892 hac
709 3852 955 3908 vespera
985 3852 1054 3891 ex
1096 3836 1205 3891 hac
1251 3836 1457 3890 arbore
1489 3835 1546 3889 in
1602 3833 1778 3889 aliam
1814 3833 1976 3888 illam

330 3944 445 3983 non
482 3927 653 3997 longe
685 3944 718 3982 a
747 3925 968 3982 dextris
1009 3926 1184 3980 sitam
1232 3925 1579 3980 transferas.
1608 3927 1693 3978 Me
1719 3923 1829 3978 sub
1861 3923 1977 3977 diaa

328 4033 582 4083 cessum,
635 4032 833 4071 coram
897 4015 1194 4083 omnibus,
1255 4015 1420 4084 quasi
1495 4013 1853 4084 proditorem
1921 4015 1978 4066 et

327 4106 511 4162 cladis
539 4110 784 4175 accepta}
817 4121 1054 4160 causam
1087 4101 1366 4158 conviciis
1407 4100 1977 4174 proscindas,plagis

329 4195 595 4260 mulctes,
629 4199 995 4261 cuentatum,
1021 4193 1239 4264 plumis
1267 4192 1492 4247 alarum
1524 4192 1822 4262 plerisque
1853 4190 1974 4245 vul-

334 4285 436 4350 sis,
467 4285 652 4338 cauda
680 4288 805 4338 tota
835 4282 1230 4353 abscissa,pro
1265 4281 1647 4336 semimortua
1678 4281 1747 4334 ad
1781 4279 1972 4334 solum

329 4371 439 4425 sub
472 4373 676 4427 arbore
708 4373 936 4428 allidas.
974 4371 1058 4426 lbi
1093 4387 1184 4425 me
1216 4369 1488 4424 relictum
1539 4368 1836 4423 invenient
1876 4383 1976 4423 no-

327 4464 475 4514 ctuis
507 4460 710 4517 iterato
736 4467 991 4517 venturae
1023 4460 1170 4516 citra
1201 4458 1387 4514 ullum
1434 4457 1676 4513 dubium
1708 4458 1814 4512 hac
1845 4459 1975 4530 ipsa

328 4565 505 4620 quam
542 4549 978 4606 moxinibimus
1009 4555 1197 4606 nocte.
1233 4547 1324 4603 Me
1377 4547 1842 4618 interrogabunt,
1870 4565 1972 4603 au-

327 4638 516 4693 ditum
564 4655 759 4695 secum
821 4639 1070 4695 avehent
1119 4654 1132 4693 :
1186 4639 1516 4693 insuescam
1590 4637 1743 4692 inter
1788 4638 1968 4708 ipsae,

327 4743 542 4782 arcana
570 4744 911 4799 emungam,
972 4727 1129 4783 brevi
1170 4745 1261 4782 me
1306 4730 1581 4798 exspecta
1628 4742 1762 4782 cum
1817 4732 1972 4784 certa

328 4815 682 4872 indicatione
714 4815 868 4871 modi
895 4817 1187 4873 vincendi.
1225 4817 1480 4872 Tantum
1534 4821 1825 4872 memento
1865 4833 1970 4888 pu-

327 4903 466 4974 pilla
498 4904 650 4960 oculi
683 4921 749 4960 ac
775 4906 949 4960 corde
978 4905 1106 4977 ipso
1137 4905 1480 4977 diligentius
1501 4906 1678 4961 tutari
1711 4918 1745 4960 a
1775 4907 1972 4976 cujus-

327 4994 413 5049 vis
446 4992 826 5062 conscientia,
877 4995 995 5050 imo
1035 5000 1092 5050 et
1139 4993 1495 5067 suspicione,
1548 5011 1824 5050 arcanum
1872 5013 1973 5051 no-

329 5088 517 5139 strum
549 5100 563 5138 :
597 5089 804 5140 caetera
834 5085 1080 5140 fortunae
1102 5100 1169 5140 ac
1204 5084 1348 5139 mihi
1377 5084 1669 5155 permitte.
1699 5085 1855 5140 Fecit
1878 5095 1974 5141 rex

329 5178 392 5229 ut
435 5175 802 5230 monebatur.
854 5175 1314 5247 Deprehendunt
1358 5173 1651 5230 irruentes
1701 5179 1872 5230 noctu
1920 5176 1974 5230 vi

327 5264 549 5334 majore
584 5281 760 5336 quam
809 5265 996 5336 pridie
1035 5271 1257 5319 noctuae
1308 5275 1550 5317 vacuam
1585 5263 1772 5318 corvis
1805 5265 1972 5319 arbo-

327 5369 466 5424 rem,
500 5353 684 5410 istum
718 5371 903 5410 unum
936 5354 1292 5410 seminecem
1324 5367 1390 5405 ac
1421 5349 1676 5406 lacerum
1710 5353 1974 5407 humiaf-

328 5441 571 5497 tlictum.
646 5444 1141 5511 Percunctanlur,
1212 5456 1323 5509 quo
1386 5438 1485 5494 alii
1554 5442 1968 5496 concesserint.

323 5531 486 5587 Tunc
520 5532 638 5598 ille,
674 5533 918 5602 Putatis,
954 5530 1361 5600 inquit,quem
1395 5532 1515 5583 tam
1551 5527 1695 5584 male
1722 5529 1968 5586 mulcta-

325 5621 537 5688 verint,
560 5637 910 5678 arcanorum
927 5621 1230 5678 conscium
1247 5636 1490 5677 suorum
1509 5620 1690 5676 facere
1708 5637 1966 5678 curasse.

2110 493 2211 564 qui
2258 493 2377 548 haec
2418 490 2741 557 audierant,
2789 507 3026 547 corvum
3072 491 3488 548 deducendum
3530 494 3765 564 judica-

2109 586 2248 638 runt
2279 583 2348 637 ad
2385 593 2577 653 regem
2611 585 3294 652 noctuarum,sperantes
3325 581 3672 639 elicitur-um
3702 599 3768 640 ex

2108 687 2174 727 co
2207 671 2676 742 quidpiam,nam
2707 671 3014 726 constabat
3035 671 3219 726 fuisse
3245 672 3412 728 hunc
3439 687 3510 727 ex
3542 674 3768 742 primo-

2111 760 2271 816 ribus
2305 773 2487 816 unum
2519 759 2739 816 corvini
2771 764 3030 816 senatus.
3081 759 3424 817 Archibubo
3457 763 3641 833 igitur
3669 779 3763 818 co-

2107 864 2228 905 ram
2263 865 2324 904 se
2354 850 2676 905 adductum
2713 865 2948 904 corvum
2991 849 3321 921 supplicem
3354 865 3424 907 ac
3454 851 3756 918 timidum,

2105 945 2419 1011 postquam
2441 941 2497 995 in
2518 941 2772 1011 speciem
2799 940 3116 995 miseratus
3139 941 3752 1013 confiderejussisset,

2104 1030 2330 1100 rogavit
2348 1031 2511 1085 fateri
2536 1046 2608 1085 ne
2628 1035 2971 1101 gravaretur
2991 1045 3167 1101 quam
3199 1046 3233 1084 a
3261 1030 3389 1086 suis
3417 1033 3484 1085 ob
3503 1043 3749 1087 cauum

2105 1119 2312 1174 fuisset
2339 1123 2459 1174 tam
2490 1119 2637 1175 fcede
2687 1118 3000 1174 laceratus.
3055 1119 3159 1174 Hic
3205 1119 3333 1186 ille,
3385 1122 3747 1191 Imprudens,

2103 1208 2207 1275 ait,
2241 1207 2480 1264 libertas
2501 1225 2629 1264 mea
2659 1215 2716 1263 et
2747 1209 2982 1264 incauta
3012 1207 3369 1279 simplicitas
3393 1209 3484 1264 his
3513 1225 3604 1264 me
3634 1211 3748 1264 mi-

2105 1297 2276 1352 seriis
2307 1297 2619 1369 implicuit.
2658 1298 2840 1364 Hodie
2869 1314 3043 1353 mane
3092 1299 3308 1370 trepidi
3344 1305 3636 1354 nocturno
3664 1315 3758 1354 ve-

2103 1393 2222 1442 stro
2253 1388 2496 1442 incursu
2529 1387 2683 1442 corvi
2712 1387 2905 1459 genti
2936 1386 3248 1443 consilium
3284 1394 3642 1459 coegerant;
3680 1388 3758 1443 ibi

2102 1493 2232 1532 cum
2263 1476 2360 1532 alii
2391 1475 2506 1532 alia
2534 1477 2734 1548 inepta
2764 1482 2821 1532 et
2846 1476 3261 1548 intempestiva
3293 1482 3519 1532 temere
3571 1478 3758 1549 garri-

2102 1571 2252 1634 rent,
2283 1582 2389 1638 ego
2420 1567 2576 1638 quod
2608 1583 2700 1621 res
2729 1572 2856 1622 erat
2885 1583 3018 1621 vere
3053 1566 3196 1635 dixi,
3250 1567 3530 1622 fortiores
3570 1568 3757 1622 corvis

2100 1671 2229 1711 esse
2262 1660 2526 1721 noctuas,
2571 1665 2642 1711 ne
2689 1655 3072 1711 obiirmarent
3116 1656 3348 1712 animos
3394 1655 3456 1710 in
3491 1672 3648 1711 vana
3677 1673 3758 1711 re-

2099 1746 2342 1800 sistendi
2375 1745 2835 1815 co’nstantia,nec
2857 1744 3081 1801 cladem
3105 1746 3430 1801 secundam
3457 1752 3761 1817 exspecta-

2097 1840 2260 1904 rent;
2303 1835 2544 1890 herbam
2600 1839 2828 1890 mature
2881 1833 3287 1906 porrigerent;
3344 1835 3608 1891 victores
3655 1851 3754 1890 vos

2093 1928 2534 1990 venerarentur;
2559 1923 2903 1978 muneribus
2932 1937 3000 1978 ac
3030 1924 3300 1995 pactione
3321 1923 3538 1980 tributi
3565 1941 3753 1996 quan-

2091 2016 2218 2067 tum
2252 2012 2625 2084 praescribere
2655 2011 3070 2085 dignarsmini,
3125 2012 3357 2084 placare
3389 2015 3749 2086 satagerent.

2095 2105 2224 2157 Haec
2256 2117 2369 2170 me,
2406 2106 2577 2174 prout
2598 2101 2740 2157 mihi
2771 2117 2939 2157 meus
2960 2101 3219 2157 dictabat
3235 2103 3753 2174 animus,loquen-

2093 2195 2209 2245 tem
2243 2192 2422 2246 coorti
2455 2205 2680 2260 omnes,
2718 2203 2937 2262 rexque
2987 2191 3045 2246 in
3104 2191 3332 2262 primis,
3384 2193 3746 2263 proditorem

2093 2279 2460 2351 impiumque
2491 2280 2943 2352 proclamantes,
2988 2280 3194 2336 rostris
3238 2286 3300 2336 et
3348 2283 3659 2353 unguibus
3688 2281 3745 2336 in

2093 2367 2242 2424 hanc
2275 2386 2367 2424 me
2415 2369 2811 2424 deformatum
2865 2368 3142 2439 speciem,
3197 2386 3298 2439 pro
3358 2376 3602 2426 mortuo
3652 2374 3750 2426 aut

2092 2459 2290 2513 statim
2325 2459 2608 2514 morituro
2641 2458 3034 2528 relinquentes
3061 2458 3394 2515 avolarunt.

2172 2583 2322 2639 VIII.
2356 2587 2516 2639 Tunc
2545 2577 2902 2650 Archihubo,
2936 2577 3236 2640 advocatis
3268 2599 3392 2640 suae
3419 2587 3624 2657 gentis
3663 2605 3750 2644 se-

2091 2671 2376 2741 nioribus,
2411 2671 2708 2743 quaerebat
2759 2673 2894 2742 quid
2949 2671 3054 2728 hoc
3108 2686 3277 2728 corvo
3329 2680 3599 2745 agerent.
3635 2677 3747 2732 Pri-

2092 2771 2245 2828 mus,
2273 2755 2537 2816 omnium
2567 2761 3084 2832 prudentissimus,
3142 2761 3480 2829 Occidatur,
3531 2763 3748 2837 inquit,

2091 2850 2290 2909 statim
2319 2867 2331 2906 :
2358 2855 2639 2921 suspecta:
2663 2853 2803 2905 sunt
2827 2856 2982 2906 artes
3015 2850 3588 2924 hostium,praesagit
3608 2855 3745 2910 mihi

2091 2941 2321 2996 animus
2354 2941 2633 3011 grandem
2661 2938 2731 2994 ab
2767 2939 2873 2995 hoc
2907 2957 3022 2994 non
3066 2955 3199 2994 vero
3249 2939 3522 3012 supplice
3559 2943 3748 3014 perni-

2091 3030 2257 3086 ciem.
2293 3029 2418 3085 Scio
2452 3021 2509 3084 in
2542 3029 2750 3100 primis
2783 3034 2839 3083 et
2897 3023 3163 3100 plurimae
3213 3030 3371 3101 apud
3425 3048 3570 3086 suos
3615 3033 3744 3088 fidei

2013 3143 2056 3209 ρ
2095 3124 2510 3186 numeratum;
2545 3123 2646 3174 aut
2676 3115 2843 3172 valde
2875 3116 3171 3182 fallor,aut
3194 3117 3427 3190 ipsidize
3450 3111 3580 3174 istae
3617 3123 3746 3176 sunt

2097 3203 2489 3264 machinantis
2521 3201 2716 3263 infesti
2747 3206 3050 3278 quidpiam
3077 3208 3134 3262 in
3157 3221 3343 3277 genus
3377 3209 3743 3265 nostrumJn

2092 3313 2327 3353 summa
2358 3297 2500 3369 quid
2535 3297 2837 3369 perdimus
2880 3313 2946 3352 eo
3001 3287 3379 3361 trucidando,
3435 3303 3540 3353 aut
3571 3315 3743 3370 quam

2092 3387 2160 3442 ad
2200 3405 2319 3443 rem
2353 3401 2595 3458 egemus
2642 3379 2822 3456 hujus
2855 3401 3032 3457 cpera
3080 3387 3399 3441 seminecis
3434 3387 3463 3442 ?
3492 3392 3553 3442 at
3581 3389 3740 3460 gravi

2089 3475 2426 3548 suspicione
2458 3473 2834 3547 periculoque
2866 3467 3157 3530 intestina:
3191 3471 3426 3530 fraudis
3450 3477 3522 3531 ab
3550 3478 3739 3548 explo-

2088 3569 2280 3622 ratore
2306 3561 2598 3636 versipelli
2626 3563 2776 3618 clam
2809 3557 3171 3619 instruenda:
3199 3561 3303 3619 illo
3339 3559 3612 3621 tollendo
3647 3569 3740 3621 de-

2087 3655 2411 3728 fungimur.
2446 3656 2608 3726 Saepe
2639 3653 2739 3724 qui
2774 3653 2924 3709 hosti
2960 3653 3219 3725 pepercit
3257 3654 3502 3710 infirmo
3533 3657 3739 3727 depre-

2084 3745 2370 3811 henso,ab
2401 3745 2604 3800 eodem
2639 3751 2802 3799 mora
2833 3741 3066 3797 indulta
3096 3741 3738 3810 reValescente,trinm-

2085 3833 2319 3906 pliatus,
2354 3845 2484 3889 sero
2515 3833 2776 3905 gemuit;
2811 3830 3140 3887 trucidatus
3169 3829 3372 3899 etiam,
3408 3835 3740 3905 ignominia

2087 3923 2332 3978 mortem
2361 3917 2703 3988 cumulavit,
2739 3921 2906 3976 fama;
2937 3919 3157 3991 pariter
3186 3935 3252 3976 ac
3281 3923 3416 3976 vitae
3444 3923 3739 3992 jacturam

2085 4009 2558 4082 patiens,quippe
2589 4009 2886 4080 judicatus
2913 4008 3088 4080 culpa
3109 4023 3220 4064 sua
3243 4009 3630 4084 stultitiaque
3651 4029 3744 4084 pe-

2085 4099 2276 4156 riisse.
2311 4099 2571 4156 Mitlores
2603 4097 2699 4154 alii
2733 4101 2853 4153 tres
2899 4100 3225 4169 quathorve
3273 4101 3606 4157 sententias
3653 4101 3740 4156 di-

2082 4191 2314 4256 xerunt,
2347 4195 2404 4245 et
2434 4189 2561 4244 fuse
2600 4187 2931 4244 disseruere
2962 4203 3065 4258 pro
3095 4201 3157 4243 se
3178 4187 3443 4261 quisque
3480 4208 3495 4246 :
3527 4191 3742 4262 quibus

2084 4281 2320 4335 tandem
2355 4277 2651 4336 emollitus
2682 4293 2800 4345 rex,
2832 4277 3021 4332 vivere
3053 4275 3232 4332 illum
3264 4276 3422 4334 inter
3460 4283 3740 4349 suosjus-

2085 4370 2162 4426 sit
2193 4365 2464 4425 liberum.
2501 4365 2942 4440 Recipientibus
2980 4381 3115 4436 ergo
3163 4381 3228 4422 se
3278 4365 3340 4422 in
3393 4370 3746 4440 speluncam

2084 4471 2252 4514 suam
2299 4459 2530 4514 noctuis
2581 4455 2884 4512 immistus
2933 4469 3165 4523 corvus,
3214 4453 3442 4527 aliquot
3489 4453 3571 4512 ibi
3623 4459 3744 4514 dies

2084 4547 2395 4619 transigit;
2429 4563 2530 4620 per
2561 4563 2710 4618 quos
2737 4543 2944 4600 multis
2975 4539 3259 4600 aerumnis
3291 4547 3616 4615 devoratis,
3647 4564 3746 4620 pe-

2087 4635 2400 4708 riculisque
2425 4651 2576 4708 mgre
2605 4633 2805 4690 vitatis
2836 4650 2868 4689 a
2899 4632 3072 4706 primi
3116 4634 3429 4705 senatoris,
3464 4637 3749 4693 occiden-

2087 4729 2227 4784 dum
2262 4737 2497 4783 corvum
2530 4724 2844 4793 censentis,
2879 4721 3141 4794 Quotidie
3184 4722 3414 4780 iteratis
3446 4721 3612 4798 apud
3643 4722 3748 4782 Ar-

2087 4815 2474 4873 chibubonem
2507 4812 2848 4882 instantiis;
2882 4811 3455 4884 tandem,explorata
3487 4813 3752 4888 diligen-

2087 4912 2176 4963 ter
2206 4907 2389 4961 forma
2418 4919 2676 4962 cavernae
2708 4907 3078 4967 noctuarum,
3107 4905 3304 4957 certus
3322 4903 3452 4973 jam
3506 4905 3752 4962 consilii

2088 4997 2241 5052 viam
2275 4993 2774 5068 expeditissimam
2823 4993 2895 5047 ad
2931 4990 3347 5046 debellandum
3397 4996 3752 5064 pandentis.

2091 5088 2158 5144 ad
2193 5097 2355 5155 suos,
2388 5085 2638 5155 receptis
2668 5083 2848 5138 ferme
2877 5081 3102 5137 viribus
3135 5079 3446 5152 plagisque
3480 5084 3585 5140 illo
3610 5103 3751 5158 sps-

2089 5173 2170 5234 tio
2202 5175 2442 5239 curatis,
2477 5172 2804 5230 revertitur.
2841 5170 2975 5225 Adit
3014 5169 3285 5241 privatim
3328 5181 3574 5243 regem,-
3607 5178 3750 5231 edo-

2089 5271 2176 5322 cet
2207 5264 2563 5335 constipatas
2595 5259 2861 5317 habitare
2904 5261 3148 5314 noctuas
3175 5257 3232 5312 in
3286 5265 3460 5316 antro
3487 5262 3613 5318 oris
3644 5281 3754 5319 an-

2088 5355 2266 5425 gusti,
2301 5347 2530 5409 nullum
2559 5351 2788 5422 uspiam
2822 5366 2856 5404 a
2885 5351 3046 5420 tergo
3081 5352 3183 5404 aut
3213 5363 3247 5403 a
3276 5347 3463 5405 latere
3517 5353 3752 5408 exitum

2087 5445 2355 5501 habente.
2390 5441 2538 5508 Quid
2571 5457 2720 5513 opus
2752 5432 2828 5496 sit
2875 5439 3022 5493 facto
3071 5436 3416 5494 distinctius
3459 5441 3750 5514 explicat.

2089 5535 2303 5589 Probat
2328 5531 2525 5589 omnia
2558 5539 2674 5600 rex,
2708 5527 2765 5585 et
2795 5525 3074 5600 pestridie
3124 5542 3318 5596 mane,
3354 5528 3585 5600 ignaris
3617 5535 3754 5590 suis

2091 5621 2390 5691 omnibus,
2413 5622 2580 5692 juxta
2612 5623 3062 5684 conventa,cum
3089 5615 3222 5670 ficto
3257 5614 3592 5689 transtga,
3624 5623 3756 5676 edi-
