3984 6202
253 303 391 360 1317

1276 304 1634 356 SPECIMEN
1672 302 2073 356 SAPIENTIE
2112 304 2441 357 INDORUM
2486 305 2645 356 VET.

3525 312 3664 368 1318

250 432 359 486 cit:
388 430 638 483 Remum
682 423 936 497 quisque
977 421 1205 478 arboris
1252 430 1437 482 rostro
1486 429 1654 496 ferat,
1702 427 1785 482 sic
1830 426 1901 482 ad
1934 429 1988 494 Α
2018 444 2080 482 se
2111 428 2450 482 observasse
2470 426 2565 495 qui
2600 430 2848 497 saperet,
2882 432 3087 498 prater
3118 429 3280 486 illum
3309 440 3659 508 senatorem,

250 520 361 575 iter
406 516 660 588 expediti
709 529 916 569 omnes
948 512 1164 568 adsint.
1200 514 1491 571 Memento
1518 520 1770 586 paretur.
1805 517 1907 570 Ac-

254 605 463 663 cinotis
494 603 796 673 omnibus,
826 618 923 656 rex
942 602 1205 673 praeiens,
1226 602 1453 657 consilii
1476 608 1710 657 auctore
1736 603 1911 658 comi-

257 701 436 764 tante,
462 698 619 749 recta
641 693 713 749 ad
747 692 965 747 ostium
990 691 1141 746 antri
1167 696 1511 747 noctuarum
1536 692 1740 757 tendit,
1764 690 1909 747 illud

256 783 479 856 oppleri
513 782 757 837 materia
788 780 1070 853 prmoipit,
1103 784 1229 835 tum
1263 780 1516 836 exterius
1543 781 1726 837 aridis
1759 780 1911 835 foliis

258 873 537 945 aggestis,
571 872 767 942 ignem
814 869 1088 939 accendi;
1125 886 1302 940 quem
1349 870 1733 925 eventilantes
1781 869 1911 924 uni-

259 964 434 1030 versi,
469 969 525 1019 et
552 964 624 1018 ad
660 978 854 1017 ramos
887 960 1101 1015 virides
1152 960 1309 1015 intra
1346 960 1636 1028 speluncis
1678 976 1744 1015 os
1775 976 1911 1015 con-

261 1058 457 1123 gestos
487 1052 539 1106 vi
589 1051 839 1122 spiritus
899 1048 1197 1121 pallentes,
1229 1051 1458 1105 fumum
1504 1050 1659 1105 intra
1708 1064 1913 1105 caver-

262 1158 399 1197 nam
434 1140 856 1196 densissimam
894 1142 1176 1205 fecerunt,
1202 1156 1315 1210 quo
1340 1140 1629 1211 pleraeque
1646 1145 1786 1196 sunt
1818 1157 1915 1195 no-

265 1236 537 1286 ctuarum
597 1234 862 1284 enecataa.
926 1233 1128 1283 Pauca;
1186 1228 1421 1300 reliquae
1482 1229 1754 1285 horrifico
1816 1246 1917 1300 per

270 1320 542 1375 ﬂammas
556 1319 776 1373 ululatu
813 1318 870 1372 in
887 1317 1077 1373 lucem
1098 1319 1647 1389 evadentes,partim
1664 1320 1915 1373 flammis

270 1408 459 1463 obiter
503 1407 985 1473 absdmebautur,
1036 1408 1250 1477 partim
1296 1407 1717 1462 semiustulataa
1776 1424 1916 1462 con-

270 1498 533 1552 cidentes
563 1495 731 1551 facile
763 1495 1225 1552 conficiebantur
1277 1514 1310 1551 a
1366 1498 1577 1551 corvis.
1641 1498 1703 1551 lu
1761 1495 1917 1552 hunc

268 1586 507 1641 modum
569 1601 773 1640 omnes
838 1586 909 1639 ad
966 1602 1141 1640 unam
1222 1592 1363 1640 sunt
1418 1595 1643 1641 nostum
1699 1586 1915 1641 exstin-

266 1679 392 1729 etas.
453 1673 652 1728 Victor
706 1686 1013 1729 corvorum
1073 1690 1191 1741 rex,
1248 1680 1466 1746 tropico
1521 1676 1729 1747 posito,
1782 1690 1915 1730 eum

265 1764 387 1819 suis
415 1764 753 1831 ovantibus,
783 1763 842 1817 in
877 1764 1154 1834 antiquas
1192 1765 1383 1834 sedes,
1417 1766 1680 1820 arborem
1712 1764 1919 1821 videli-

266 1859 357 1909 cet
384 1869 453 1907 ex
486 1868 602 1924 qua
634 1858 769 1923 post
824 1852 1050 1907 cladem
1103 1858 1486 1922 recesserant,
1547 1853 1738 1909 rediit.
1798 1854 1918 1909 Ma-

269 1958 384 2015 gna
416 1942 572 2009 inde,
606 1942 812 1997 merito
844 1958 973 2011 suo,
998 1947 1055 1997 et
1078 1941 1429 1998 existimatio
1459 1947 1515 1997 st
1545 1943 1734 2013 gratia
1765 1944 1919 1999 corvi

270 2032 705 2102 stratagematis
736 2031 1057 2087 inventoris
1104 2032 1251 2087 fuit:
1305 2032 1406 2102 qui
1438 2032 1689 2087 subinde
1746 2034 1921 2089 inter-

273 2126 554 2192 rogatus,;
584 2138 726 2175 num
760 2121 901 2191 quid
928 2121 985 2175 in
1009 2126 1352 2177 noctuarum
1372 2122 1673 2194 republica
1701 2122 1922 2177 boniac

272 2208 588 2266 laudabilis
619 2209 847 2277 fuisset,
894 2210 1084 2265 dicere
1128 2210 1335 2266 solitas
1380 2214 1521 2280 erat,
1556 2210 1787 2267 nullum
1840 2210 1918 2265 ibi

2019 516 2115 585 qui
2152 520 2373 581 auctor,
2401 519 2467 569 ut
2497 515 2775 581 diximus,
2810 517 3209 574 Archibuboni
3241 522 3429 578 i'uerat
3461 543 3661 600 suspe-

2020 604 2093 657 cti
2130 606 2443 673 transfugae
2475 604 2817 673 perimendi.
2842 606 2933 659 Ab
2956 608 3155 663 eodem
3182 627 3312 666 cum
3350 615 3665 687 aliquando

2022 693 2328 762 quaesisset
2361 704 2456 748 rex
2490 695 2781 764 quomodo
2812 695 2963 751 inter
2983 700 3103 753 tam
3135 698 3363 758 invidae
3394 711 3450 761 et
3479 706 3666 766 irrita-

2024 782 2173 837 biles
2206 782 2422 837 bestias
2454 781 2763 838 duraretot
2784 784 2990 841 diebus
3014 788 3319 859 potuisset,
3356 793 3664 867 Patientia,

2022 870 2345 941 inquiebat,
2369 876 2425 926 et
2469 870 2768 941 obsequiis
2822 875 3142 940 quamlibet
3194 878 3404 937 infensi
3458 888 3667 947 saltem

2024 959 2092 1014 ad
2127 960 2357 1014 brevem
2394 973 2566 1015 usum
2600 961 2982 1018 deliniuntur.
3028 967 3173 1028 Quid
3224 972 3380 1025 ranis
3433 980 3667 1035 exusius

2024 1049 2206 1119 hydro
2236 1049 2499 1119 ipsarum
2534 1051 2849 1119 praedone?
2872 1054 3066 1108 tamen
3101 1056 3352 1129 hydrum
3387 1063 3524 1121 olim
3550 1070 3669 1123 vidi

2025 1139 2387 1209 decrepitum
2421 1139 2603 1206 senio,
2629 1140 2726 1209 qui
2754 1145 3133 1212 postquamin
3156 1148 3367 1217 palude
3400 1159 3519 1211 tota
3552 1158 3667 1214 vita

2027 1228 2328 1300 piraticam
2365 1229 2595 1295 fecerat,
2631 1230 2790 1285 ranis
2823 1248 2883 1286 se
2938 1234 3323 1308 ingurgitans,
3359 1249 3510 1314 quod
3540 1249 3665 1319 jam

2025 1316 2218 1373 venari
2250 1316 2491 1372 defectis
2522 1317 2744 1373 viribus
2773 1323 2831 1373 et
2863 1318 3097 1377 amissis
3134 1326 3409 1386 dentibus
3466 1316 3668 1407 nequi-

2027 1412 2133 1473 ret,
2174 1408 2489 1461 vectoriam
2550 1418 2786 1477 operam
2848 1411 3005 1464 ranis
3056 1412 3261 1470 iisdem
3325 1434 3425 1488 per
3480 1421 3669 1481 lacum

2027 1496 2516 1561 commeantibus,
2565 1496 2722 1551 unde
2773 1498 3077 1567 victitaret,
3112 1503 3208 1558 vili
3270 1510 3532 1567 mercede
3590 1513 3673 1568 lo-

2027 1586 2216 1652 cabat,
2249 1585 2635 1655 intuebarque
2666 1585 2967 1643 admirans
3000 1590 3391 1661 inequitantes
3434 1600 3514 1654 illi
3550 1607 3676 1657 tan-

2029 1686 2204 1744 quam
2232 1676 2500 1743 juinento
2559 1686 2797 1729 secaras
2858 1690 3032 1733 ranas
3080 1680 3221 1736 dum
3282 1700 3379 1740 eas
3424 1706 3523 1759 per
3556 1698 3674 1748 stas

2029 1776 2209 1833 gnum
2246 1772 2595 1833 quocunque
2617 1764 2895 1833 julierent
2925 1767 3173 1824 abnexie
3221 1774 3492 1841 portaret.
3540 1781 3677 1837 Post

2032 1851 3676 1930 haecexpositaﬁisputationisgymnosOphistasummam

2032 1938 2333 2011 colligens.
2361 1942 2469 2005 Qui
2499 1940 2675 2005 hosti,
2708 1940 2806 2008 ait,
2845 1946 3217 2003 reconciliata
3257 1952 3370 2007 cito
3417 1972 3481 2010 ac
3536 1958 3674 2013 levi-

2031 2036 2122 2086 ter
2151 2024 2480 2095 crediderit,
2515 2029 2668 2084 hunc
2718 2047 2821 2100 par
2855 2039 3049 2088 manet
3108 2035 3491 2099 infortunium
3549 2048 3677 2119 ejus

2034 2137 2149 2193 quo
2181 2124 2322 2175 sunt
2351 2135 2383 2174 a
2405 2118 2611 2189 corvis,
2638 2124 2701 2173 ut
2722 2120 3107 2179 esthactenus
3126 2136 3677 2200 narratum,noetum

2034 2216 2316 2265 mactatis.

1447 2462 1919 2518 DlSSERTATlO
1972 2461 2406 2517 PARABOLICA
2438 2460 2503 2515 V.

273 2570 328 2631 T
324 2569 563 2629 reducit
584 2570 900 2629 stultitiam
931 2587 1128 2629 eorum
1158 2570 1263 2649 qui
1292 2570 1541 2661 assecuti
1578 2570 1739 2661 quod
1766 2579 1994 2671 optarit,
2028 2568 2095 2671 ’z'd
2151 2567 2524 2671 elabi'szbz'me
2576 2568 2848 2671 manibus
2904 2575 3152 2638 sinunt:
3197 2589 3275 2653 et,
3336 2588 3447 2662 qui
3496 2589 3687 2671 elapsi

1250 2648 1623 2728 gravissimis
1650 2650 1967 2726 periculis,
2002 2650 2190 2709 denuo
2221 2667 2279 2708 se
2311 2650 2381 2707 iis
2414 2648 2696 2727 o/ferunt.

342 2775 720 2831 Satisi'actum
756 2770 865 2830 sibi
900 2788 997 2829 rex
1028 2772 1121 2830 his
1153 2772 1371 2829 auditis
1400 2775 1751 2845 significavit
1783 2793 1922 2831 con-

276 2866 545 2936 dictoque
576 2865 634 2919 in
668 2864 819 2920 diem
868 2869 1163 2936 posterum
1200 2876 1345 2919 ηονο
1390 2864 1700 2935 eolloquio,
1736 2860 1804 2918 ab
1836 2882 1926 2919 re-

272 2973 437 3011 verso
483 2955 826 3025 tempestive
873 2953 1359 3026 gymnosophista
1406 2952 1588 3022 petiit,
1640 2970 1925 3025 exponere

278 3042 391 3099 sibi
417 3059 487 3098 ne
510 3052 864 3113 grevarelnr,
895 3038 1183 3112 quomodo
1208 3040 1571 3112 contingeret
1600 3042 1715 3097 voti
1765 3059 1922 3097 com-

280 3134 449 3205 potes
485 3133 685 3197 factos,
719 3131 909 3186 sinere
939 3124 1049 3185 sibi
1083 3128 1229 3185 elabi
1264 3149 1293 3185 e
1321 3131 1625 3202 complexu
1675 3148 1793 3187 rem
1826 3149 1926 3185 cu-

277 3223 487 3295 pitam,
523 3227 578 3277 et
607 3234 732 3277 eam
766 3220 981 3276 frustra
1004 3216 1213 3276 deinde
1246 3220 1561 3292 requirere.

356 3308 399 3368 Ι.
433 3312 516 3367 Ad
550 3310 664 3367 tale
705 3311 1016 3382 quaesitum
1047 3312 1131 3366 sic
1162 3326 1405 3367 exorsus
1445 3310 1933 3385 gymnosoihista

276 3417 493 3457 novum
536 3414 865 3457 sermonem
909 3402 998 3456 est
1034 3418 1045 3454 :
1080 3400 1319 3468 Simius,
1373 3418 1551 3475 regno
1604 3402 1811 3474 pulsus
1858 3401 1930 3457 ab

276 3490 526 3561 ingratis
559 3487 1352 3561 subditis,iugravescentem
1372 3492 1494 3559 jam
1521 3490 1647 3561 ejus
1671 3495 1931 3545 contem-

275 3579 555 3637 nentibus
576 3584 833 3648 aetatem,
864 3576 1176 3650 inglorium
1211 3581 1373 3633 exSul
1398 3579 1698 3634 obtinebat
1730 3579 1930 3635 statio-

275 3686 412 3725 nem
445 3668 502 3723 in
525 3668 719 3724 vicina
752 3666 983 3723 cuidam
1017 3667 1166 3723 iacui
1203 3667 1475 3735 {ioulnea,
1507 3669 1677 3739 cujus
1709 3672 1766 3722 et
1813 3668 1932 3723 fru-

275 3760 374 3817 ctu
410 3756 731 3813 victitabat.
766 3759 907 3812 Erat
937 3774 967 3812 e
1009 3756 1241 3829 regione
1285 3757 1438 3813 intra
1495 3760 1770 3829 stagnum
1806 3757 1931 3812 her.

271 3851 441 3915 bosa,
478 3846 577 3902 sed
610 3842 827 3915 brevis,
861 3844 1076 3910 insula,
1107 3862 1209 3901 nec
1251 3842 1522 3901 humana)
1556 3846 1935 3902 habitationis

274 3952 481 4010 capax,
515 3949 580 3991 ex
633 3952 752 4007 qua
793 3935 939 3990 freto
994 3941 1351 4008 perangusto
1400 3941 1646 3991 enatans
1686 3936 1935 3991 subinde

280 4030 345 4083 in
377 4027 776 4083 continentem
811 4022 1043 4081 testudo
1096 4025 1433 4092 ventitabat,
1469 4025 1575 4080 sub
1609 4024 1796 4097 ipsam
1853 4020 1932 4081 si-

279 4118 402 4172 mio
456 4117 744 4170 insessam
799 4115 1108 4169 ﬁculneam
1165 4115 1477 4170 transiens.
1519 4116 1774 4187 Contigit
1823 4116 1933 4170 sub

280 4211 653 4262 momentum
679 4206 808 4275 ejus
830 4205 1118 4259 transitus
1141 4205 1317 4259 ticum
1339 4210 1631 4260 maturam
1651 4209 1858 4277 sponte
1875 4206 1934 4261 in

278 4296 610 4365 subjectam
634 4294 786 4349 viam
803 4295 1029 4349 cadere.
1067 4294 1204 4350 Eam
1230 4294 1465 4349 testudo
1488 4299 1785 4365 gustatam
1810 4294 1935 4349 obi-

276 4391 389 4454 ter,
424 4400 555 4439 cum
586 4400 825 4439 suavem
874 4385 1205 4454 probasset,
1252 4401 1365 4439 non
1399 4385 1808 4439 sobumtotam
1834 4401 1933 4438 co-

277 4474 489 4542 medit,
521 4474 619 4528 sed
651 4477 709 4529 et
735 4478 910 4543 caput
942 4470 1215 4529 attollens
1247 4474 1511 4529 inhiabat
1540 4474 1931 4545 pendentibus

277 4562 528 4619 caeteris.
564 4561 711 4617 Itisit
740 4562 860 4618 haec
892 4579 1137 4618 cernens
1170 4563 1400 4629 simius,
1436 4568 1491 4618 et
1522 4581 1700 4619 unam
1734 4562 1818 4618 illi
1851 4566 1935 4619 at-
1969 4546 2014 4610 Ῑ)

276 4669 399 4724 que
433 4651 679 4708 alteram
710 4652 992 4721 dejiciens
1024 4653 1225 4723 ficum,
1259 4653 1431 4725 longo
1463 4653 1627 4708 illam
1668 4670 1936 4709 sermone

270 4758 432 4812 sape
463 4741 786 4811 detinebat,
817 4741 987 4797 laetus
1012 4757 1072 4797 se
1092 4742 1399 4812 reperisse,
1425 4741 1663 4813 quicum
1697 4744 1939 4798 taedium

274 4831 624 4888 solitudinis
657 4830 1058 4902 qualicunque
1098 4832 1575 4888 confabulatione
1626 4834 1936 4888 solaretur.

277 4921 718 4978 Dominabatur
764 4921 823 4975 in
865 4936 930 4976 ea
964 4938 1140 4992 quam
1173 4921 1293 4976 dixi
1314 4920 1481 4977 lacus
1510 4920 1707 4977 insula
1726 4924 1945 4993 conjux

273 5010 625 5075 testudinis,
659 5010 757 5080 qui
794 5028 913 5066 non
943 5012 1121 5066 semel
1156 5011 1404 5066 miratus
1433 5011 1660 5066 tardius
1683 5012 1809 5081 jam
1844 5029 1939 5067 so-

273 5100 391 5155 lito
422 5100 493 5154 ad
529 5116 592 5155 se
625 5115 860 5155 uxorem
909 5100 1138 5167 reverti,
1173 5104 1547 5170 percontatus
1597 5117 1665 5156 ex
1715 5117 1783 5156 ea
1839 5102 1938 5156 ubi

268 5195 519 5246 tantum
546 5194 894 5257 moraretur,
920 5205 1048 5260 quas
1074 5192 1246 5245 modo
1270 5190 1440 5245 retuli
1465 5190 1537 5245 de
1556 5190 1666 5245 ficu
1690 5194 1749 5245 et
1769 5190 1941 5246 simio

270 5279 513 5335 audivit
542 5279 613 5334 ab
648 5279 768 5349 illa,
818 5285 1030 5335 cuncta
1072 5278 1512 5350 simplicissime
1544 5280 1781 5335 fatente.
1817 5280 1941 5348 ille,

270 5386 391 5427 seu
427 5385 550 5424 rem
584 5371 999 5441 interpretatus
1044 5368 1374 5440 sequiorem
1434 5368 1495 5423 in
1554 5374 1800 5440 partem,
1837 5381 1941 5423 seu

267 5463 627 5528 suapectam
678 5460 953 5515 viciniam
1012 5464 1285 5515 metuens
1346 5459 1523 5514 astuti
1578 5458 1940 5524 veteratoris,

266 5549 570 5620 decrevit,
600 5552 651 5606 si
683 5567 803 5622 qua
832 5556 1049 5623 posset,
1083 5549 1325 5605 simium
1358 5550 1619 5621 perdere,
1651 5548 1945 5619 istiusque

265 5639 408 5697 voti
440 5640 556 5695 sibi
586 5640 931 5697 conﬁciendi
991 5640 1141 5697 hanc
1200 5639 1370 5696 inivit
1427 5640 1734 5696 rationem.
1764 5638 1945 5695 Paulo

2038 2776 2168 2846 post
2206 2773 2327 2829 hmo
2357 2772 2555 2828 audita
2608 2774 2904 2865 simulaxit
2940 2776 3229 2853 morbum,
3258 2792 3314 2840 et
3344 2792 3529 2848 multa
3582 2813 3685 2865 per

2037 2869 2264 2919 noctem
2305 2868 2551 2932 questus
2613 2862 2781 2933 quasi
2838 2864 3088 2935 graviter
3118 2873 3358 2945 doleret,
3403 2862 3683 2949 postridie

2035 2952 2198 3007 uxori
2232 2952 2397 3017 dixit,
2433 2952 2578 3006 alias
2611 2969 2671 3007 se
2696 2953 2817 3023 pari
2842 2950 3684 3043 languorelaborantem,gus-

2034 3047 2175 3110 tato,
2211 3056 2390 3096 suasu
2438 3041 2643 3095 medici
2679 3043 2850 3097 corde
2890 3046 3047 3100 simii
3078 3066 3145 3103 ex
3176 3069 3241 3106 eo
3274 3041 3682 3132 convaluisse;

2040 3132 2151 3186 iret
2179 3126 2383 3201 igiitur
2408 3131 2455 3185 si
2486 3147 2546 3184 se
2579 3130 2820 3201 amaret,
2858 3151 2923 3188 ac
2954 3144 3237 3205 quantum
3272 3154 3467 3214 posset
3498 3126 3686 3207 oraret

1960 3191 2001 3256 Ο
2044 3222 2282 3276 simium
2352 3219 2612 3289 quaesitis
2664 3219 2796 3275 aliis
2848 3191 3683 3296 praetextibus,rtransi'l‘etare

2034 3310 2092 3365 in
2127 3310 2382 3375 insuam,
2416 3326 2477 3363 se
2508 3306 2679 3364 dorso
2710 3328 2843 3365 eum
2877 3308 3192 3382 trajectura
3224 3337 3294 3375 ne
3322 3334 3684 3395 gravaretur.

2036 3401 2256 3455 Annuit
2286 3397 2409 3463 illa,
2444 3396 2500 3452 et
2532 3394 2727 3454 statim
2762 3402 2871 3455 sub
2923 3402 3098 3460 ficum
3153 3394 3383 3469 rediens
3441 3419 3682 3475 simium

2035 3489 2303 3545 invitavit
2332 3486 2402 3543 ad
2437 3486 2757 3559 hospitium
2801 3487 2891 3545 sui
2945 3497 3237 3569 conjugis,
3283 3504 3582 3575 copiosum
3626 3511 3685 3566 ίη

2036 3576 2231 3632 insula
2253 3578 2617 3635 domicilium
2653 3584 2944 3639 habentis.
2990 3588 3234 3657 Simius,
3270 3593 3591 3663 tristitiam,
3625 3604 3687 3651 ut

2037 3663 2175 3734 dixi,
2211 3666 2548 3724 solitudinis
2581 3670 2806 3726 dudum
2831 3675 3020 3729 ferens
3051 3677 3437 3747 moleste,non
3460 3683 3689 3740 illibcn~

2038 3760 2122 3809 ter
2150 3758 2237 3810 est
2270 3772 2593 3829 assensus;
2628 3777 2873 3832 moxque
2928 3772 3165 3821 secutus
3204 3772 3558 3826 testudinem
3615 3778 3683 3829 ad

2038 3844 2224 3913 littus,
2257 3840 2335 3900 ibi
2367 3842 2495 3916 ejus
2530 3848 2783 3905 natantis
2818 3859 2975 3907 testze
3016 3855 3246 3912 insedit.
3282 3856 3388 3913 Vix
3424 3862 3683 3916 medium

2039 3936 2256 3989 l'retum
2290 3932 2660 4005 trajecerant,
2696 3956 2830 3995 cum
2864 3943 3039 3998 ﬂuctu
3066 3948 3431 4003 commotiori
3455 3955 3683 4005 tantum

2039 4042 2153 4079 non
2184 4041 2468 4081 excussus
2502 4024 2735 4097 simius,
2770 4032 2975 4088 timere
3010 4034 3237 4105 lapsum
3272 4043 3327 4093 et
3371 4040 3684 4095 demersio-

2040 4132 2171 4169 nem
2226 4110 2418 4185 cmpit,
2444 4118 2924 4191 testudinemque
2947 4125 3149 4179 orabat
3180 4130 3243 4180 ut
3274 4144 3335 4181 se
3366 4130 3685 4185 continenti

2040 4205 2331 4260 redderet.
2367 4207 2452 4261 Ad
2485 4210 2641 4278 quod
2673 4208 2794 4277 illa,
2828 4212 3203 4283 simplicitate
3226 4218 3547 4287 sibisolita,
3582 4220 3687 4275 Mi-

2041 4294 2198 4349 nime
2230 4296 2461 4379 faciam,
2496 4297 2723 4367 inquit;
2760 4317 2895 4355 nam
2929 4306 2981 4356 te
3042 4304 3129 4358 vir
3177 4322 3342 4361 meus
3392 4314 3689 4379 exspectat

2039 4388 2138 4439 tuo
2170 4378 2322 4440 vesci
2354 4388 2527 4442 corde
2557 4387 2800 4459 cupiens
2830 4406 2841 4443 :
2874 4407 3082 4463 nempe
3114 4393 3167 4448 id
3202 4396 3413 4463 morbi,
3456 4378 3570 4470 quo
3604 4400 3683 4455 la-

2039 4473 2228 4544 borat,
2262 4482 2485 4531 certum
2509 4478 2627 4533 fore
2650 4480 2974 4536 remedium
2997 4482 3309 4541 existimat.
3333 4487 3570 4558 Simius,
3596 4492 3689 4548 his

2049 4562 2286 4631 auditis,
2316 4564 2471 4619 aliud
2500 4566 2625 4635 jam
2658 4567 2877 4621 malum
2912 4571 3147 4639 gravius
3177 4575 3582 4634 submersione
3614 4582 3691 4633 ii-

2051 4670 2238 4709 mens'
2273 4668 2359 4719 ac,
2389 4656 2543 4725 quod
2576 4656 2759 4722 aiunt,
2793 4660 3164 4729 naufragium
3198 4663 3255 4718 in
3306 4672 3495 4738 portu,
3530 4675 3691 4729 tanto

2050 4744 2354 4835 ardentius
2392 4746 2617 4835 regredi
2651 4747 2913 4816 Optabat.
2956 4749 3157 4821 Itaque
3194 4757 3475 4814 testudini
3526 4780 3690 4835 repo-

2052 4834 2206 4889 suit:
2242 4834 2301 4889 Si
2334 4831 2443 4889 hoc
2474 4833 2706 4904 quidem
2741 4841 2829 4891 est
2860 4843 2923 4893 ut
2970 4840 3138 4909 dicis,
3172 4845 3557 4908 reﬂectendus
3592 4831 3691 4910 ne-

2052 4924 2545 5012 cessariohcursus
2577 4927 2665 4980 est
2697 4938 2831 4980 nam
2863 4938 2959 4983 cor
2992 4944 3188 4988 meum
3224 4936 3317 4991 hic
3348 4954 3459 4996 non
3486 4943 3691 5012 habeo,

2053 5009 2422 5067 solitusillud
2446 5012 2600 5066 domi
2624 5013 2954 5086 relianere
2977 5032 3105 5074 cum
3132 5022 3329 5095 aliquo
3359 5009 3695 5099 proﬁciscor

2053 5100 2235 5155 animi
2294 5101 2501 5171 gratia.
2563 5100 2768 5170 Quare,
2829 5105 2876 5159 si
2930 5108 3032 5162 tibi
3092 5110 3338 5182 videtnr,
3399 5120 3547 5174 refer
3602 5139 3693 5176 me

2053 5191 2329 5246 continuo
2370 5191 2441 5245 ad
2489 5190 2657 5246 littus
2688 5196 2839 5248 unde
2870 5197 3173 5265 solvimus,
3206 5208 3259 5258 et
3284 5204 3360 5259 ibi
3386 5224 3477 5262 me
3501 5226 3693 5280 exape-

2054 5284 2182 5346 cta;
2216 5278 2507 5334 curriculo
2539 5280 2693 5335 enim
2740 5283 2810 5337 ad
2862 5284 3036 5341 ticum
3089 5304 3347 5365 pergam,
3407 5303 3463 5351 et
3520 5278 3693 5355 corde

2057 5380 2287 5424 mecum
2348 5373 2583 5440 sumpto
2632 5370 2831 5426 statim
2866 5376 3038 5431 adero
3072 5378 3280 5434 iterum
3316 5384 3689 5453 trajecturus.

2056 5458 2329 5513 Probavit
2381 5458 2690 5513 consilium
2769 5462 2886 5517 doli
2964 5467 3155 5520 nescia
3202 5471 3453 5540 testudo,
3513 5477 3693 5531 remi-

2054 5547 2335 5619 giumque
2363 5547 2640 5603 inhibens
2671 5566 2735 5603 ac
2776 5567 3005 5621 proram
3038 5563 3284 5627 vertens,
3322 5558 3507 5633 ripam
3544 5570 3694 5622 unde

2053 5640 2292 5693 venerat
2387 5638 2651 5708 repetiit,
2726 5641 3173 5714 expositumque
3255 5650 3497 5711 simium
3595 5660 3695 5715 ad.
