3984 6202
353 317 491 374 1319
1639 293 1646 302 ’
1858 307 1926 358 Α]

2198 307 2241 358 ἰ.
3637 309 3771 363 1220

356 440 584 498 monuit
638 439 702 490 ut
732 433 1051 487 maturaret
1109 433 1344 501 sumpto
1404 445 1602 484 secum
1661 427 1833 482 corde
1880 425 1990 481 ibi-
2021 433 2076 496 Α
2106 431 2391 483 Annuens
2421 428 2626 484 asinus
2655 428 2837 484 vastis
2880 429 3126 485 auribus
3158 430 3230 485 ad
3260 429 3486 485 omnia.
3521 447 3643 486 non
3670 433 3774 486 du-

353 533 482 586 dem
532 543 593 582 se
641 524 872 588 sistere,
929 520 1029 576 ubi
1077 535 1209 574 eum
1260 518 1660 591 upper-ituram
1710 532 1773 572 se
1821 532 1997 587 spon-
2105 517 2312 572 bitavit
2333 518 2510 574 etiam
2543 521 3100 593 proximeaccedere
3130 520 3382 589 leonem,
3407 523 3513 593 qui
3544 541 3775 595 ungues

351 617 542 674 debet,
2105 606 2164 660 in
2206 622 2340 661 cum
2373 607 2605 680 injitere
2635 615 2903 679 conatus,
2943 611 3199 683 arripere
3255 613 3413 683 quod
3474 614 3769 684 captabat,

421 705 488 759 II.
522 705 593 758 At
621 701 852 770 simius,
881 699 1041 773 gravi
1081 714 1143 754 se
1175 698 1517 753 defunctum
1578 693 1833 766 periculo
1864 709 1997 765 gra-
2106 699 2306 754 morbo
2357 705 2656 770 gravante,
2689 717 2805 756 non
2841 699 3050 772 potuit.
3076 701 3243 756 Unde
3287 701 3498 757 asinus
3545 703 3770 775 impetu

347 793 564 859 iulans,
599 790 734 846 (icui
765 805 826 845 se
857 806 974 844 suae
1003 787 1385 859 cupidissime
1425 783 1683 838 reddidit
1713 799 1727 838 :
1761 782 1998 853 illicque
2105 788 2200 843 illo
2235 791 2474 846 territus
2507 789 2841 858 aufugiens,
2873 788 3060 843 multo
3093 789 3357 844 cucurrit
3378 793 3768 859 externatius,

347 881 660 938 stultitiam
694 896 863 936 suam
895 880 1209 942 damnans,
1241 876 1369 931 dira
1399 874 1512 931 sibi
1543 873 1997 945 imprecabatur,
2105 878 2203 933 ubi
2255 881 2428 935 etiam
2481 878 2684 933 hausit
2715 879 2962 933 auribus
2996 877 3100 934 feri
3143 879 3404 950 praedam
3467 881 3579 934 sibi
3622 881 3767 953 eripi

348 973 397 1028 si
431 988 693 1044 unquam
729 968 998 1039 cujusvis
1029 967 1302 1038 precibus
1335 964 1471 1019 inde
1512 977 1574 1018 se
1624 961 1813 1029 avelli,
1847 978 1994 1033 pra-
2103 966 2354 1024 dolentis
2383 969 2736 1024 iracundum
2769 967 3056 1039 rugitum.
3089 968 3214 1023 Sub
3256 968 3378 1023 haec
3417 968 3502 1023 leo
3549 970 3761 1024 iterum

347 1062 548 1118 sertim
581 1059 939 1130 inexplorato
969 1073 1085 1128 quo
1116 1056 1308 1111 iturus
1358 1057 1515 1108 esset
1560 1051 1708 1120 loco,
1757 1051 1993 1106 sineret.
2103 1058 2173 1110 ad
2208 1057 2460 1128 vulpem,
2495 1057 2850 1122 Excidimus,
2883 1056 3096 1127 inquit,
3123 1063 3333 1112 nostra
3352 1074 3468 1128 spe,
3493 1059 3761 1130 abiitque

419 1156 596 1206 Porro
626 1148 883 1212 testudo,
905 1151 1216 1218 postquam
1239 1142 1415 1214 longo
1435 1145 1829 1212 exspectasset
1847 1143 1994 1194 tem-
2103 1145 2161 1200 in
2196 1147 2428 1201 irritum
2461 1145 2689 1217 primus
2719 1145 2814 1200 hic
2841 1151 3109 1200 conatus.
3142 1147 3252 1200 Sed
3288 1146 3448 1201 mille
3473 1148 3575 1201 tibi
3597 1153 3752 1202 artes

349 1258 505 1314 pore,
562 1257 759 1295 moras
817 1239 1188 1308 increpatura
1246 1232 1501 1306 perrexit
1558 1231 1669 1286 sub
1702 1231 1992 1286 arborem.
2103 1234 2388 1289 suadendi
2409 1239 2566 1301 sunt,
2601 1249 2707 1287 nec
2757 1233 3003 1305 despero
3064 1235 3210 1304 quin
3272 1234 3323 1288 si
3373 1233 3516 1288 velis
3574 1250 3758 1304 queas

349 1331 639 1400 simioque
687 1326 1055 1383 familiariter
1101 1327 1324 1379 vocato.
1359 1326 1402 1377 Ο
1451 1327 1527 1388 te,
1556 1320 1658 1385 ait,
1709 1319 1941 1374 tardum
1979 1316 1990 1370 l
2102 1321 2367 1378 hebetem
2397 1322 2571 1378 istam
2595 1323 2880 1394 pecudem
2915 1323 3128 1376 iterum
3181 1321 3404 1376 fallere,
3467 1322 3769 1393 Experire,

349 1421 575 1477 dudum
609 1417 910 1490 trajecisse
958 1417 1018 1470 in
1066 1412 1390 1470 insululam
1439 1415 1795 1482 oportuerat.
1844 1413 1991 1462 Tum
2101 1427 2226 1481 age,
2259 1429 2393 1466 nam
2429 1411 2540 1466 nisi
2575 1416 2813 1466 strenue
2833 1412 3098 1481 adjuvas,
3126 1411 3364 1466 morior.
3394 1411 3766 1466 Provinciam

349 1509 562 1564 simius
592 1508 865 1572 irridens,
898 1505 941 1559 0
975 1505 1148 1570 bona.
1186 1501 1402 1572 inquit.
1456 1516 1555 1554 σοι’
1585 1514 1806 1562 meum.
1837 1501 1991 1568 ροειο
2101 1503 2349 1558 mandas
2371 1502 2694 1572 difficilem,
2719 1502 2978 1573 reposuit
2998 1501 3232 1572 vulpes;
3252 1507 3454 1557 tamen
3479 1509 3544 1556 ut
3568 1504 3768 1563 omnia

349 1615 526 1669 quam
558 1596 698 1651 illud
731 1595 826 1649 hic
857 1593 1066 1664 reperi,
1101 1591 1373 1661 navigare
1396 1606 1488 1643 me
1515 1587 1770 1659 amplius
1800 1591 1988 1641 vetat:
2099 1597 2155 1644 et
2183 1591 2313 1647 volo
2344 1597 2396 1648 et
2441 1592 2622 1647 debeo
2671 1591 2775 1646 tibi
2833 1592 3100 1662 obsequi,
3139 1608 3259 1647 rem
3317 1599 3496 1664 prout
3562 1599 3768 1664 potero

349 1703 530 1758 quare
560 1686 683 1741 viro
715 1687 813 1738 tuo
845 1697 1056 1738 conseo
1085 1678 1318 1734 nunties
1342 1693 1413 1732 ne
1435 1693 1497 1732 se
1521 1680 1774 1732 maceret
1795 1691 1991 1745 exspe-
2099 1681 2357 1737 tentabo.
2385 1682 2472 1736 Ab
2496 1680 2588 1736 his
2615 1681 2816 1735 statim
2850 1681 3003 1737 redit
3031 1681 3236 1753 vulpes
3273 1682 3347 1735 ad
3408 1681 3683 1746 asinum,
3715 1691 3772 1736 et

346 1776 600 1831 ctatione
631 1772 742 1828 mei
771 1789 784 1828 :
820 1788 932 1826 non
965 1768 1325 1865 enimmodo
1355 1770 1523 1865 vacat
1555 1765 1987 1865 ipsum
2021 1801 2065 1865 Β
2097 1769 2245 1865 Quid
2293 1770 2397 1825 tibi
2447 1770 2556 1838 vis,
2587 1769 2802 1865 inquit,
2847 1770 2964 1825 isto
2998 1775 3178 1836 metu,
3212 1769 3328 1865 ista
3379 1771 3522 1840 fuga
3544 1771 3573 1825 εἰ
3617 1771 3766 1834 Quid

345 1869 403 1919 et
435 1864 646 1934 alioqui
679 1859 981 1932 aegrotanti
1014 1855 1419 1928 mediciquam
1443 1855 1598 1910 simii
1624 1852 1991 1923 expetibilior
2021 1852 2064 1865 “’
2096 1858 2270 1913 times
2300 1859 2328 1912 ‘I
2358 1863 2602 1914 conatus
2631 1857 2748 1923 ille,
2781 1875 2896 1928 quo
2927 1875 2989 1913 es
3021 1857 3356 1925 exterritus,
3390 1859 3544 1912 nihil
3604 1858 3764 1912 aliud

343 1955 629 2009 adventus
660 1955 766 2006 est.
801 1950 1120 2020 Suggeram
1155 1945 1324 2001 etiam
1351 1943 1455 1998 tibi
1487 1941 1988 1998 narratiunculam
2099 1965 2272 2018 quam
2312 1948 2504 2004 fratris
2527 1952 2648 2002 erat
2670 1949 2927 2019 impetus
2962 1946 3237 2018 amplecti
3253 1954 3546 2018 temagno
3565 1965 3767 2003 amore

345 2059 460 2113 qua
491 2041 620 2111 ejus
649 2039 824 2094 taedia
879 2035 1217 2108 languentis
1277 2032 1609 2088 demulccas
1637 2047 1650 2084 ε
1683 2031 1991 2102 Ᾰῧενοὶιωδ
2097 2038 2406 2110 cupientis.
2433 2037 2707 2093 Pluribus
2735 2055 2885 2108 opus
2905 2054 3020 2092 non
3044 2037 3244 2092 fuitad
3285 2039 3760 2109 permovendum

343 2131 403 2185 in
443 2129 588 2186 silva
617 2128 706 2184 leo
762 2125 934 2198 vulpe
967 2124 1239 2179 ministra
1267 2122 1561 2177 utebatur.
1598 2118 1988 2174 Observabam
2099 2127 2405 2199 stupidum
2435 2127 2676 2196 anima],
2698 2131 2762 2182 ut,
2783 2127 3062 2182 εοιιιίηυο
3080 2127 3153 2181 ad
3179 2126 3373 2181 locum
3401 2129 3563 2181 unde
3587 2128 3764 2181 modo

347 2239 451 2292 ego
493 2235 613 2287 eos,
674 2219 1081 2274 inobservatus
1139 2231 1204 2269 ex
1266 2212 1471 2268 arbore
1528 2210 1877 2282 propinqua,
1936 2213 1995 2264 et
2098 2217 2190 2272 vix
2219 2217 2417 2273 salvus
2449 2219 2779 2290 aufugerat,
2829 2217 2982 2272 ultro
3029 2221 3445 2272 reverteretur.
3483 2218 3617 2286 Ivit,
3652 2221 3757 2273 ad-

346 2310 571 2365 ]eonem
599 2307 792 2362 audivi
825 2305 1115 2360 dicentem
1146 2301 1305 2374 vulpi
1341 2319 1353 2355 :
1386 2299 1621 2356 Memini
1658 2298 1798 2352 mihi
1850 2297 1990 2353 olim
2100 2307 2280 2360 movit
2311 2322 2438 2362 sese
2468 2305 2617 2362 leoni
2648 2310 2765 2361 iam
2800 2309 3070 2376 propemt
3115 2305 3214 2360 ille
3259 2307 3540 2375 quamvis
3598 2308 3761 2360 iam-

347 2399 418 2453 ab
441 2399 662 2470 Optimo
691 2395 913 2452 medico
946 2392 1265 2466 prazscribi,
1300 2396 1363 2445 ut
1391 2391 1438 2444 si
1470 2389 1679 2444 iterum
1703 2405 1769 2443 eo
1795 2388 1991 2442 morbo
2101 2411 2233 2449 mus
2257 2394 2420 2448 facile
2450 2393 2618 2447 illum
2651 2410 2848 2464 ungue
2880 2396 3214 2464 correptum
3241 2395 3770 2466 dentejugularet.

345 2487 670 2542 laborarem
697 2503 813 2553 quo
847 2489 986 2539 tunc
1017 2498 1251 2552 quoque
1281 2480 1568 2543 tentabar,
1604 2476 1703 2532 illo
1735 2493 1828 2531 me
1887 2493 1990 2530 ου·
2099 2485 2364 2540 Occisum
2397 2484 2608 2539 deinde
2638 2483 2798 2555 vulpi
2831 2484 3092 2552 tradidit,
3126 2484 3422 2538 mandans
3453 2503 3631 2540 aures
3663 2487 3774 2540 sibi

347 2581 529 2640 I‘ailie,
563 2593 662 2631 001‘
690 2579 746 2629 ei
769 2590 969 2628 aurem
1003 2571 1152 2626 aSini
1179 2586 1463 2634 νοτᾶΐθωι
1497 2567 1712 2622 melius
1769 2566 1990 2632 Statim,
2101 2591 2165 2628 ac
2191 2590 2290 2628 cor
2314 2591 2382 2628 ex
2415 2573 2693 2627 cadavere
2726 2573 2980 2644 praecidi,
3017 2589 3406 2643 seorsumque
3468 2575 3691 2637 afferri,
3719 2581 3779 2629 ut

343 2664 603 2720 antidoto
635 2661 756 2728 tali,
783 2660 1092 2716 valiturus.
1125 2661 1238 2714 Cur
1267 2674 1464 2713 cessas
1513 2655 1714 2726 igitur,
1747 2671 1852 2710 nec
1882 2653 1994 2708 cito
2103 2661 2440 2733 praescripto
2473 2661 2681 2716 medici
2715 2661 3162 2731 obtemperaret,
3198 2665 3414 2715 Astute
3461 2661 3775 2732 vulpecula

2102 2755 2330 2806 mortuo
2365 2751 2530 2805 asino
2563 2755 2726 2804 extra
2771 2750 2956 2804 leonis
3002 2755 3414 2820 conspectum,
3471 2751 3644 2819 quasi
3706 2753 3772 2806 ad

2102 2839 2542 2908 exsequendum
2590 2838 2897 2910 imperata,
2949 2842 3153 2904 tracto,
3204 2837 3440 2892 decisas
3489 2855 3666 2893 aures
3724 2846 3774 2894 et

2104 2927 2372 2982 avulsum
2397 2943 2427 2981 e
2455 2930 2688 2997 pectore
2719 2943 2816 2981 cor
2848 2927 2976 2997 ipsa
3009 2926 3371 2997 praavoravit,
3401 2944 3597 2998 eoque
3626 2929 3772 2982 facto

2107 3016 2176 3070 ad
2211 3014 2437 3069 leonem
2473 3030 2802 3084 recurrens,
2837 3013 2984 3068 Mira
3014 3029 3130 3082 res,
3161 3015 3264 3081 ait,
3299 3014 3423 3070 haec
3448 3015 3643 3070 bestia
3677 3033 3773 3071 nec

2108 3122 2206 3159 cor
2237 3120 2341 3158 nec
2363 3120 2534 3158 aures
2565 3103 2742 3159 habet
2776 3120 2788 3156 :
2837 3104 2991 3176 quod
3042 3121 3385 3175 quanquam
3442 3122 3609 3160 nunc
3649 3123 3770 3160 sero

2106 3192 2628 3264 deprehendimus,
2649 3201 2842 3248 tamen
2866 3193 3294 3265 suspicarijam
3321 3198 3501 3249 antea
3520 3194 3737 3251 licebat
3758 3220 3770 3254 :

2105 3299 2411 3353 nunquam
2442 3282 2626 3350 enim,
2659 3283 2707 3338 si
2740 3298 2841 3339 cor
2870 3287 2928 3338 et
2959 3299 3130 3338 aures
3159 3282 3498 3351 habuisset,
3529 3301 3768 3355 persua-

2106 3372 2365 3440 deretur,
2419 3387 2554 3426 eum
2615 3371 2788 3441 cujus
2841 3371 2957 3426 vim
3019 3377 3175 3427 esset
3229 3377 3546 3443 expertus,
3599 3377 3768 3443 cujus

345 2753 488 2808 mihi
523 2752 790 2818 alicunde
821 2751 1052 2806 asinum
1087 2748 1248 2803 sistis
1273 2747 1426 2802 unde
1450 2745 1588 2799 mali
1623 2762 1738 2816 quo
1781 2744 1993 2798 misere

346 2841 670 2898 discrucior
689 2839 1014 2895 remedium
1051 2853 1280 2893 sumam
1316 2837 1342 2890 ?
1374 2834 1637 2890 Profecta
1687 2833 1880 2889 subito
1923 2833 1991 2886 ad

336 2931 570 3000 jussam
601 2928 1081 2999 perquisitionem
1115 2925 1340 2996 vulpes,
1375 2941 1490 2978 non
1524 2922 1695 2993 longe
1727 2921 1845 2976 illic
1895 2938 1994 2992 pa~

347 3024 606 3075 scentem
641 3016 889 3072 asellum
940 3016 1106 3081 vidit,
1137 3030 1391 3084 eumque
1448 3013 1676 3077 adiens,
1712 3012 1884 3078 Heus,
1947 3018 1998 3063 to

349 3110 566 3181 ipsum,
589 3108 806 3179 inquit,
831 3105 1188 3178 quaerebam.
1223 3104 1414 3158 Habes
1445 3120 1560 3158 non
1605 3099 1805 3173 procul
1854 3100 1993 3154 hinc

345 3200 582 3254 fratrem
617 3196 931 3268 quemdam
957 3199 1150 3259 tuum,
1183 3193 1285 3265 qui
1319 3198 1375 3248 te
1406 3192 1570 3263 cupit
1599 3190 1859 3261 alloqui;
1895 3206 1984 3255 ne,

345 3304 598 3360 quasso,
631 3285 890 3358 graveris
922 3285 991 3340 ad
1027 3300 1161 3338 eum
1193 3287 1248 3338 te
1273 3282 1556 3348 conferre,
1592 3281 1802 3335 ducam
1836 3283 1993 3334 recta

345 3392 451 3430 nec
480 3375 720 3446 longum
758 3376 868 3427 iter
895 3377 1004 3426 est.
1039 3372 1260 3425 Annuit
1290 3370 1527 3423 credula
1556 3368 1765 3435 bestia,
1813 3382 1993 3438 seque

345 3465 579 3518 inviam
611 3463 729 3518 dat.
763 3461 863 3515 Cui
914 3459 1107 3516 obiter
1164 3458 1456 3513 comitans
1514 3456 1739 3527 vulpes,
1799 3455 1880 3510 Ne
1936 3460 1992 3510 te

345 3552 673 3619 conturbet,
707 3552 806 3621 ait,
841 3551 993 3622 quod
1039 3550 1213 3605 frater
1270 3548 1362 3602 hic
1411 3553 1550 3602 tuus
1583 3545 1897 3617 aliquando
1960 3564 1993 3600 a

345 3652 401 3699 te
432 3643 670 3714 tuisque
720 3641 985 3712 cognatis
1044 3638 1281 3693 diversae
1334 3638 1529 3691 formae
1584 3641 1716 3690 est:
1781 3635 1990 3706 pellem

345 3751 446 3803 pro
479 3737 738 3803 tempore
770 3729 963 3784 induit
984 3727 1181 3797 aliam,
1205 3743 1308 3782 nec
1327 3726 1538 3781 vestitu
1562 3741 1766 3780 omnes
1789 3725 1989 3779 eodem

345 3823 426 3876 uti
466 3837 699 3892 semper
731 3823 999 3891 possunt,
1034 3833 1138 3872 nec
1173 3822 1395 3884 tegmen
1431 3814 1686 3870 exterius
1717 3815 1994 3868 immutat

343 3913 632 3966 animum.
663 3913 790 3963 Haec
814 3908 932 3962 illis
955 3905 1334 3978 loquentibus
1357 3903 1629 3975 apparuit
1655 3902 1857 3974 procul
1883 3903 1988 3971 leo,

344 4009 401 4055 et
433 4001 632 4070 vulpes
663 4016 795 4055 eum
829 4005 994 4069 gestu
1027 4001 1085 4052 et
1132 3995 1299 4051 oculo
1357 3994 1697 4064 designans,
1731 3992 1832 4046 Hic
1881 3997 1990 4061 est,

346 4089 558 4162 inquit,
594 4088 719 4159 ipse
751 4087 820 4141 ad
854 4101 1031 4156 quem
1063 4084 1387 4155 pergimus,
1419 4081 1519 4152 qui
1568 4086 1623 4136 te
1678 4079 1988 4136 desiderat.

2106 3459 2387 3514 infestum
2421 3462 2680 3531 rugitum
2715 3461 2999 3527 audisset,
3028 3461 3264 3516 fratrem
3297 3461 3413 3516 sibi
3440 3478 3571 3516 esse
3598 3463 3776 3517 bene-

2104 3551 2321 3603 volum.
2360 3550 2436 3603 Ex
2469 3550 2574 3603 bac
2633 3548 2842 3604 fabella
2874 3549 3190 3620 intelliges,
3215 3567 3247 3604 ο
3297 3552 3564 3616 testudo,
3627 3553 3773 3608 stul-

2105 3640 2310 3694 tiorem
2348 3655 2440 3693 me
2469 3639 2634 3694 asino
2670 3642 2932 3694 luturum
2966 3639 3016 3694 si
3047 3656 3140 3694 me
3165 3640 3271 3694 tibi
3319 3641 3389 3693 ad
3454 3641 3772 3696 macellum

2105 3726 2375 3782 invitanti
2410 3729 2728 3781 crcdorem.
2765 3732 2870 3793 Ita,
2901 3728 3155 3797 domine,
3210 3729 3290 3782 ait
3352 3729 3477 3798 regi
3533 3746 3773 3801 gymno-

2104 3815 2372 3886 sOpbista
2401 3832 2731 3871 sermonem
2777 3815 3110 3882 absolvens,
3133 3816 3232 3887 qui
3269 3819 3660 3873 occasionem
3703 3820 3770 3872 rei

2103 3909 2313 3976 Optate:
2337 3905 2706 3959 conﬁciendae
2730 3903 3176 3960 semeloblatam
3211 3904 3364 3960 elabi
3403 3907 3524 3962 sibi
3550 3908 3775 3978 patiun-

2102 3998 2219 4061 tur,
2250 3995 2468 4047 frustra
2497 3991 2631 4046 dein
2664 3993 2989 4048 revocanda
3029 3991 3130 4048 illa
3161 4001 3469 4064 satagunt.

1507 4348 1985 4405 DlSSERTATIO
2017 4348 2455 4404 PARABOLICA
2489 4349 2585 4404 VI.

357 4513 361 4520 ι
397 4467 636 4528 udibrz’o
666 4466 912 4548 exponit
965 4463 1526 4545 prae/esttraalionem
1549 4459 1794 4518 otiosam
1830 4455 2182 4548 longinqua.
2204 4467 2260 4518 et
2304 4459 2530 4519 incerta
2575 4460 3116 4539 praeoccupandum
3158 4461 3558 4539 praesentibus
3617 4463 3772 4522 cw‘is

1902 4543 2200 4618 amplecti.

417 4676 599 4737 Quam
628 4687 864 4735 vanum,
899 4668 1148 4726 stultum
1179 4670 1236 4720 et
1266 4663 1562 4719 interdum
1619 4661 1857 4717 noxium
1890 4661 1988 4729 sit,
2024 4664 2067 4727 D
2101 4678 2272 4716 suum
2304 4663 2618 4732 quemdam
2652 4667 2711 4719 et
2740 4663 2966 4736 vulgari
2999 4665 3180 4720 aitius
3215 4667 3394 4721 modo
3445 4667 3771 4738 sapientem

347 4763 742 4835 praefestinare
770 4759 942 4826 votis,
975 4763 1033 4814 et
1068 4755 1228 4812 inani
1258 4752 1652 4810 destinatione
1685 4751 1994 4807 imminere
2105 4752 2394 4818 animum,
2427 4767 2705 4823 sponsam
2739 4753 2944 4808 adiens
2965 4753 3051 4809 sic
3071 4771 3200 4810 eam
3225 4755 3410 4810 fertur
3447 4755 3770 4812 allocutus:

344 4851 717 4908 successibus
747 4849 919 4919 longe
951 4847 1143 4901 adhuc
1173 4845 1232 4899 in
1265 4845 1530 4899 futurum
1579 4841 1990 4912 pendentibus.
2104 4843 2184 4893 Ex
2213 4845 2413 4896 nostro
2444 4841 2716 4912 conjugio
2746 4841 2845 4912 qui
2889 4842 3116 4913 primus
3152 4849 3430 4900 nascetur
3465 4845 3772 4915 ﬁlius,iam

342 4960 407 4996 ac
444 4959 542 4997 eos
585 4955 688 5010 spe
737 4937 1067 5008 impatienti
1118 4934 1450 5007 praecipere,
1511 4929 1830 4986 declaravit
1885 4929 1991 4985 ali-
2104 4945 2262 4984 nunc
2291 4928 2392 5000 qui
2432 4929 2623 4984 vocari
2671 4930 2814 4986 velis
2845 4947 2916 4986 ex
2961 4935 3019 4987 te
3071 4931 3222 4987 scire
3283 4933 3485 5005 cupio.
3550 4934 3776 4998 Quibus

343 5030 578 5102 quando
609 5027 702 5083 his
735 5023 1016 5097 exemplis
1048 5020 1536 5097 gymnosophista
1566 5018 1686 5090 regi
1736 5019 1991 5073 Abessa-
2103 5019 2317 5091 pannis
2348 5026 2402 5075 et
2435 5020 2606 5090 cujus
2635 5020 3020 5078 colorisveste
3042 5021 3127 5077 uti
3153 5038 3288 5078 eum
3322 5023 3526 5093 malis,
3551 5041 3779 5095 quaeso,

343 5121 515 5185 lome,
549 5117 744 5174 doceri
785 5115 856 5171 de
901 5113 1012 5170 hoc
1074 5113 1203 5184 ipso
1247 5108 1594 5183 postulanti,
1654 5106 1904 5178 loquens
1931 5106 1992 5162 in
2104 5107 2318 5176 indica,
2343 5109 2784 5180 quamprimum
2805 5110 2962 5165 enim
2980 5110 3587 5180 parabo;conducam
3610 5114 3779 5168 etiam

344 5211 500 5264 hunc
526 5209 765 5264 modum
793 5223 808 5272 ;
2094 5197 2220 5268 jam
2252 5197 2365 5268 ipsi
2397 5197 2718 5254 nutricium
2745 5215 2758 5254 :
2793 5204 3008 5254 etcum
3040 5200 3168 5255 ludi
3192 5200 3479 5273 magistro
3503 5203 3599 5257 cui
3621 5219 3777 5258 com-

416 5303 458 5354 Ι.
493 5298 597 5352 Vir
625 5296 862 5367 quidam
912 5291 1116 5365 puellas
1175 5289 1288 5344 sibi
1338 5285 1499 5359 paris
1559 5285 1674 5339 ritu
1733 5283 1993 5355 legitimo
2105 5285 2427 5341 mittendus
2458 5291 2549 5342 est
2578 5288 2924 5359 transigam.
2971 5289 3119 5343 Huic
3149 5288 3290 5344 talia
3322 5289 3478 5346 serio
3531 5287 3777 5363 nuganti

344 5389 688 5461 conjugium
722 5384 1012 5449 ambiens,
1044 5379 1490 5451 impetratojam
1505 5375 1577 5430 ad
1598 5374 1654 5428 id
1680 5379 1992 5444 parentum
2104 5375 2261 5461 haud
2295 5373 2468 5446 paulo
2499 5377 2793 5433 cordatior
2823 5376 3040 5432 mulier
3061 5395 3082 5431 :
3113 5377 3254 5433 Mihi
3285 5378 3530 5446 videris,
3563 5395 3780 5452 sponse

345 5459 588 5549 virginis
636 5491 908 5540 assensu,
967 5472 1108 5526 dum
1171 5483 1338 5522 sacra
1369 5461 1656 5534 nuptialia
1685 5467 1991 5533 parantur,
2106 5459 2320 5534 inquit,
2344 5464 2526 5519 nostri
2559 5467 2868 5537 cujusdam
2914 5465 3142 5536 famuli,
3175 5469 3554 5539 egentissimi
3589 5469 3780 5524 homi-

345 5567 605 5621 nondum
628 5553 1529 5633 conscriptismatrimonialibus
1561 5549 1798 5618 tabulis,
1830 5552 1994 5622 cupi-
2105 5553 2218 5620 nis,
2251 5551 2464 5608 similis
2495 5554 2608 5610 ista
2640 5555 2800 5610 inani
2833 5555 3166 5627 provisione
3197 5557 3379 5613 nimis
3412 5563 3774 5613 remotarum

346 5655 458 5710 dus
488 5651 821 5710 ostentandi
855 5651 1064 5705 futuras
1115 5643 1281 5702 uxori
1340 5639 1647 5715 providum
1704 5638 1996 5710 exquisite
2109 5646 2166 5697 et
2196 5642 2417 5698 incerto
2473 5649 2678 5700 eventu
2742 5643 3124 5716 pendentium
3169 5661 3386 5702 rerum.
3443 5649 3525 5713 Is,
3556 5647 3771 5702 diurni-
