3984 6202
372 331 521 407 1323

1881 327 2266 383 ΑΡΡΕΝΟΙΧ.

3665 329 3689 383 1
3703 328 3792 386 335

380 457 654 516 manibus
686 451 914 519 debere,
950 451 1080 509 illas
1108 467 1169 509 se
1198 447 1427 525 phialas
1473 451 1908 510 introducturos
1963 451 2022 506 in
2053 463 2108 527 Α
2139 463 2333 520 regem
2369 448 2708 515 monebant,
2741 454 3121 520 componeret
3152 449 3417 506 animum
3471 451 3543 507 ad
3596 469 3799 524 paren-

383 549 554 616 adyta
586 544 983 612 sanctissima,
1019 543 1219 616 ibiqUe
1251 543 1462 601 ritibus
1496 545 1679 602 sacris
1712 561 1777 600 ac
1818 545 2026 599 carmi-

379 635 576 706 nibus,
611 649 735 706 quae
786 636 854 691 ad
907 633 1265 706 expiationes
1315 635 1576 691 efficacia
1623 631 1734 707 ipsi
1788 637 2030 690 nossent

374 724 506 796 soli,
555 726 798 781 daturos
847 725 1109 780 sedulam
1163 740 1400 796 operam
1452 721 1816 782 exarmandaa
1848 722 2025 780 deum

369 815 490 881 iraa,
530 813 938 885 contidereque
970 813 1302 881 elfectuws,
1339 815 1401 869 ut
1431 813 1633 870 litasse
1678 813 1810 871 istis
1857 815 2028 870 victi—

336 903 507 975 ,mis,
542 911 598 960 et
629 902 821 958 minus
863 907 1264 973 portentorum
1317 917 1348 959 a
1396 917 1458 959 se
1509 901 1805 976 depulisse
1855 912 2028 976 eripe-

376 994 586 1050 rientia
619 1009 715 1049 rex
744 1007 1024 1064 prospera
1071 991 1334 1062 sentiret,
1387 992 1670 1049 inonenso
1721 989 2023 1065 deinceps,

371 1083 456 1138 uti
489 1087 678 1152 antea,
731 1081 983 1138 tenendo
1035 1082 1268 1152 privatm
1316 1095 1382 1138 ac
1435 1082 1682 1154 publica)
1731 1081 2025 1139 fclicitatis

369 1187 565 1229 cursu.
611 1177 742 1229 Haec
795 1171 1180 1228 brachmanes
1233 1172 1316 1226 uti
1369 1167 1822 1243 Composuerant
1873 1174 2025 1227 inter

372 1262 611 1330 sese,sic
643 1265 842 1334 postea
873 1261 1302 1333 regi,tanquam
1334 1273 1400 1317 ex
1433 1261 1661 1333 tripode
1693 1261 2018 1331 oraculum,

371 1351 707 1408 ediderunt.

444 1480 514 1534 II.
542 1479 604 1532 In
637 1493 752 1547 quo
787 1474 1250 1530 insidiosissimte
1286 1476 1514 1531 fraudis
1545 1474 1696 1532 hanc
1730 1475 2016 1532 rationem

373 1565 822 1636 sequebantur:
870 1564 1192 1634 principem
1244 1579 1418 1634 quem
1470 1564 1726 1634 pessime
1775 1567 2021 1621 oderant

372 1657 594 1710 nudare
623 1653 1034 1724 potentissimo
1068 1652 1340 1723 praesidio
1372 1653 1620 1708 duorum
1654 1653 1765 1725 ipsi
1800 1647 2017 1710 lidissi-

371 1760 604 1798 morum
663 1743 924 1813 capitum
983 1741 1324 1812 studebant,
1378 1741 1463 1797 sic
1517 1757 1650 1798 eum
1699 1737 2012 1799 obnoxium

2140 540 2279 593 dum
2315 539 2420 592 deo
2456 553 2469 593 :
2503 538 2785 608 cogitaret
2815 537 2966 594 nihil
3014 540 3291 612 cuiquam
3345 541 3675 613 pretiosius
3721 561 3802 600 sa-

2143 628 2260 683 lute
2288 638 2416 683 esse
2465 625 2703 699 propria
2750 628 2994 697 debere;
3047 628 3100 683 id
3151 643 3281 685 cum
3347 639 3672 688 Commune
3734 631 3796 690 ad

2137 725 2340 772 omnes
2364 718 2589 772 naturae
2611 716 2896 772 dictatum
2925 717 3029 789 sit,
3055 723 3256 791 regum
3291 725 3518 785 tamen,
3544 737 3795 793 quorum

2134 806 2322 879 capite
2353 811 2544 864 status
2579 805 2741 880 regni
2793 806 3029 880 publica
3079 809 3317 865 fortuna
3368 811 3791 880 contineretur,

2135 895 2490 966 peculiarem
2525 913 2654 952 esse
2689 897 2997 964 rationem,
3033 897 3104 953 ob
3140 913 3321 970 quam
3365 899 3513 956 bene
3563 903 3794 974 quidvis

2133 985 2518 1058 impendatur
2545 993 2745 1042 eorum
2802 987 3194 1045 incolumitati
3246 988 3635 1059 conficienda,
3695 1009 3790 1049 ne-

2135 1073 2288 1131 mine
2322 1073 2434 1130 nisi
2469 1075 2747 1133 scelerate
2780 1081 3120 1133 recusaturo
3154 1079 3577 1151 impendentem
3633 1084 3786 1154 ipsis

2133 1171 2355 1236 pestem
2413 1167 2482 1221 ad
2545 1177 2605 1221 se
2663 1167 2960 1223 attrahere
3009 1179 3076 1223 ac
3127 1167 3373 1225 vertere.
3423 1169 3504 1225 Ita
3549 1170 3778 1227 dimissi

2135 1250 2524 1312 bracbmanes
2554 1254 2942 1312 recesserunt.

2203 1379 2298 1440 Ill.
2335 1381 2456 1437 Rex
2485 1383 3006 1455 vero,s:gritudine
3037 1381 3221 1439 animi
3250 1386 3521 1441 omnium
3555 1403 3714 1457 quas
3745 1386 3798 1442 in

2127 1468 2242 1526 vita
2270 1475 2557 1528 sensisset
2587 1472 2846 1530 afﬂictus
2874 1474 3250 1545 gravissima,
3280 1476 3800 1542 decubuit,inedia

2125 1558 2438 1632 vigiliaque
2494 1560 2937 1629 contabesccns,
2999 1567 3266 1634 totasque
3322 1564 3612 1620 continue
3671 1564 3793 1620 dies

2127 1648 2341 1719 pariter
2361 1666 2429 1706 ac
2452 1655 2652 1706 noctes
2671 1655 2869 1706 mente
2891 1651 3411 1724 perturbatissima
3429 1658 3791 1723 retractans,

2123 1755 2257 1792 cum
2293 1737 2578 1795 terriﬁcas
2626 1739 2888 1796 visorum
2937 1741 3246 1812 imagines,
3297 1746 3423 1797 tum
3479 1739 3678 1798 multo
3721 1748 3794 1799 te-

363 1832 592 1887 cunctis
624 1829 870 1886 fortunae
903 1837 1081 1903 atque
1111 1829 1344 1885 invidiae
1364 1831 1701 1887 turbinibus
1725 1831 1835 1886 rati
1872 1832 2010 1888 fore.
2044 1837 2091 1908 Β
2123 1826 2303 1882 triora
2351 1844 2477 1900 quas
2509 1827 2582 1884 iis
2613 1832 2780 1884 erant
2811 1830 3198 1900 procurandis
3230 1830 3466 1901 piacula
3496 1832 3791 1903 iniuncta.

361 1919 626 1975 Habebat
656 1935 754 1974 rex
781 1920 1112 1990 conjugem,
1145 1923 1474 1975 matronam
1525 1919 1694 1975 facile
1742 1920 2007 1976 omnium

365 2025 493 2080 quae
524 2013 649 2063 tum
677 2008 934 2064 viverent
964 2008 1370 2078 lectissimam,
1406 2009 1722 2079 pudicitiae,
1771 2010 2008 2080 sapien-

363 2098 478 2167 tiae,
529 2098 836 2153 charitatis
867 2098 927 2152 in
959 2097 1146 2152 virum
1180 2102 1432 2169 quantas
1467 2098 1754 2154 maximas
1784 2099 2009 2170 optima

359 2184 587 2241 indoles
618 2192 675 2242 et
706 2186 970 2242 educatio
1005 2186 1449 2258 praestinissima
1492 2187 1747 2242 inserere
1800 2188 2004 2244 mulie-

362 2275 453 2330 bri
487 2275 681 2331 animo
714 2278 1075 2346 potest.Cum
1110 2275 1216 2331 hac
1243 2277 1311 2330 ad
1347 2276 1508 2347 regni
1542 2277 1814 2348 regisque
1846 2294 2008 2332 com-

362 2365 536 2419 moda
563 2371 618 2421 et
653 2365 930 2421 utilitates
963 2367 1359 2436 procurandas
1391 2383 1602 2422 arcano
1637 2367 2012 2438 conspirabat

358 2453 477 2520 ille,
507 2470 680 2524 quem
715 2454 1055 2522 memoravi,
1085 2459 1324 2510 senatus
1359 2456 1629 2527 princeps
1674 2456 1840 2528 regii,
1891 2453 2005 2528 pri.

365 2542 585 2597 marius
625 2543 1092 2598 consiliariorum
1139 2544 1313 2615 regis,
1365 2545 1580 2598 summi
1634 2545 1719 2600 vir
1767 2546 2009 2616 ingenii,

367 2630 865 2686 excellentissima;
927 2633 1224 2699 doctrinae,
1277 2633 1408 2687 fidei
1469 2649 1624 2702 vero,
1679 2635 2004 2703 industriae,

361 2720 722 2777 dexteritatis
765 2722 821 2774 in
868 2721 1044 2776 rebus
1093 2721 1603 2794 administrandis,
1663 2725 2006 2794 prudentiae,-

359 2809 727 2876 innocentiaz,
766 2815 1080 2880 tantarum,
1115 2817 1180 2866 ut
1210 2812 1309 2882 qui
1341 2813 1411 2867 de
1441 2811 1538 2868 illo
1571 2814 2006 2886 incorruptissi-

358 2918 451 2956 me
481 2902 1023 2974 censebant,parem
1057 2902 1140 2957 illi
1175 2902 1401 2974 uspiam
1436 2907 1725 2959 terrarum
1757 2903 1814 2959 in
1849 2906 2006 2960 omni

359 3001 570 3061 genere
600 2991 794 3047 laudis
827 2992 1203 3062 desperarent
1238 3007 1410 3064 posse
1459 2993 1719 3064 reperiri.
1771 2995 1835 3049 In
1888 2995 2009 3052 haec

358 3080 544 3151 igitur
572 3082 686 3136 duo
719 3080 1016 3136 columina
1046 3077 1454 3153 prOSperltatis
1483 3081 1638 3155 regis
1681 3079 2007 3141 invidentes

357 3169 472 3239 ipsi
523 3170 728 3225 nefarii
776 3171 1104 3242 proditores
1147 3171 1477 3226 machinam
1512 3173 1796 3244 praecipue
1829 3176 2003 3230 istam

353 3258 768 3328 intendebant;
806 3265 938 3314 nam
967 3261 1121 3330 quod
1154 3257 1300 3315 alios
1328 3261 1547 3331 pariter
1573 3263 1756 3317 occidi
1801 3263 2005 3332 jussos

353 3345 448 3401 his
499 3347 884 3414 miscuerant,
936 3345 1246 3402 artiﬁcium
1277 3347 1511 3404 sceleris
1543 3351 1600 3404 et
1631 3340 1871 3406 ultionis
1899 3369 2002 3406 cu-

358 3431 558 3490 mulUS
589 3441 732 3503 erat,
767 3431 1065 3506 siquidem
1099 3425 1153 3490 et
1181 3435 1468 3508 adigendo
1500 3437 1634 3510 rege
1665 3440 1735 3494 ad
1785 3440 2000 3496 ‘czederri

355 3522 650 3596 regiorum
685 3521 797 3596 ipsi
831 3522 1318 3581 cbarissim'o‘rum
1343 3523 1655 3599 jtwenum,
1689 3531 1756 3583 ad
1791 3529 2000 3586 immo-

354 3613 634 3670 lationem
703 3613 1079 3685 elephantum
1141 3615 1512 3689 a‘liouimque
1566 3615 1997 3689 jumentoru'm,

355 3703 571 3774 quibus
603 3709 739 3759 eum
771 3701 1036 3760 Sciebant
1090 3695 1366 3761 delectari
1414 3703 1759 3778 plurimum,
1808 3713 1999 3765 tener-

350 3792 529 3848 rimos
559 3791 688 3863 ejus
720 3789 960 3849 affectus
993 3791 1419 3851 cotiVulnerare
1450 3814 1575 3852 sese
1607 3799 1878 3854 atrociter
1918 3799 2000 3853 vi-

349 3883 649 3948 debant,et
680 3883 897 3939 famam
930 3888 1206 3955 praeterea
1236 3880 1394 3940 exosi
1427 3885 1710 3959 principis
1734 3887 2000 3945 incendio

349 3970 522 4043 longe
571 3965 1029 4043 ﬂagrantiSSlmo
1088 3973 1390 4046 popularis
1448 3968 1676 4031 invidiae
1726 3975 1998 4049 objicere.

349 4061 499 4115 Tum
537 4071 668 4117 vero
700 4059 812 4116 ista
845 4055 1146 4132 inepinata
1177 4063 1591 4133 conjunctione
1622 4068 1706 4120 tot
1739 4071 1858 4121 tam
1908 4061 1999 4121 di-

347 4166 650 4205 versorum
705 4149 962 4221 capitum
1015 4165 1325 4206 aversuros
1367 4161 1429 4206 Se
1456 4153 1774 4224 sperabant
1804 4151 1998 4228 Suspi-

352 4237 547 4294 ciunes
579 4244 718 4294 cum
748 4238 900 4310 regis
930 4242 1056 4293 tUm
1089 4243 1456 4307 caeterorum,
1509 4243 1579 4297 ab
1632 4244 2000 4299 animadver-

354 4325 517 4382 sione
573 4324 847 4400 praecipui
897 4325 989 4383 Sui
1040 4326 1152 4383 odii
1201 4324 1258 4384 in
1291 4331 1550 4399 reginam
1582 4349 1647 4387 ac
1674 4333 1998 4406 principem

355 4421 618 4487 senatus,
652 4419 804 4488 quod
839 4416 1036 4474 odium
1068 4419 1116 4473 si
1148 4425 1528 4489 enotesceret,
1579 4424 1852 4493 magnam
1905 4441 1997 4478 co-

353 4506 592 4560 natibus
618 4512 674 4561 et
695 4505 1076 4562 clandestinis
1097 4505 1501 4564 molitionibus
1528 4527 1728 4566 eorum
1747 4513 1997 4569 securim

2120 1917 2778 1990 Percrebrescentellate
2817 1919 2976 1988 fama
3021 1919 3178 1991 regis
3227 1921 3448 1988 morbi,
3504 1922 3620 1976 etsi
3669 1927 3790 1978 erat

2116 2021 2249 2060 vera
2279 2006 2408 2076 ejus
2434 2023 2617 2078 causa
2647 2007 3087 2078 insuspicabilis
3120 2008 3780 2082 bumanitus,quoniam

2119 2109 2226 2149 nec
2255 2095 2642 2162 somniorum,
2675 2113 2782 2151 nec
2813 2113 3164 2167 congressus
3203 2115 3343 2171 cum
3397 2099 3780 2155 brachmani-

2118 2181 2226 2237 bus
2274 2181 2464 2238 ullum
2499 2185 2737 2240 omnino
2769 2203 3009 2242 suorum
3043 2205 3143 2242 rex
3172 2187 3459 2244 adhibere
3491 2191 3770 2245 arbitrum

2117 2271 2400 2341 voluerat,
2433 2290 2546 2329 non
2581 2273 2784 2330 fefellit
2829 2279 3022 2332 tamen
3071 2273 3287 2332 Palarii
3342 2277 3644 2334 solertiam
3692 2281 3766 2337 (id

2117 2367 2242 2416 erat
2289 2379 2501 2418 nomen
2551 2364 2799 2435 principi
2843 2368 3105 2437 senatus)
3138 2367 3338 2422 animo
3369 2371 3569 2441 magis
3598 2386 3768 2441 quam

2116 2465 2359 2520 corpore
2406 2451 2668 2507 laborare
2721 2470 2932 2525 regem.
2994 2455 3062 2510 Et
3113 2456 3314 2525 primas
3374 2459 3560 2513 certis
3611 2465 3771 2530 parte

2118 2540 2474 2608 conjecturis
2502 2539 2740 2596 innixus
2773 2543 3012 2612 notitiai,
3048 2544 3263 2599 institit
3312 2547 3532 2601 deinde
3584 2547 3772 2618 inqui-

2119 2625 2747 2698 rere,circumspicere,
2782 2631 3010 2685 odorari
3036 2637 3214 2702 atque
3239 2632 3526 2703 indagare
3549 2640 3770 2700 cuncta,

2115 2733 2221 2770 suo
2253 2716 2550 2771 acerrima:
2582 2719 2921 2789 sagacitatis
2954 2720 3210 2791 ingenio,
3265 2722 3460 2792 quoad
3515 2721 3688 2793 plane
3719 2724 3768 2778 in

2119 2805 2473 2875 hocjudicio
2523 2807 2808 2878 consedit,
2857 2810 3079 2878 deesse,
3131 2814 3195 2864 ut
3243 2826 3337 2865 res
3389 2813 3766 2883 apparebant,

2116 2901 2230 2949 non
2266 2899 2435 2964 posSe
2463 2888 2604 2966 quin
2638 2897 2936 2951 Somnium
2970 2915 3066 2952 rex
3097 2915 3271 2953 suum
3305 2898 3549 2971 aliquod
3581 2903 3650 2955 ad
3681 2918 3763 2956 ce-

2116 2981 2307 3039 lebres
2331 2984 2536 3039 talium
2561 2987 2919 3055 conjectures
2943 2987 3336 3043 bruchmanas
3360 2989 3694 3055 detulisset,
3716 2995 3767 3045 et

2114 3069 2221 3140 illi,
2255 3071 2556 3128 Occasione
2587 3072 2753 3130 aude
2785 3077 3015 3147 arrepta
3061 3075 3387 3133 ulciscendi
3444 3081 3760 3150 gregalium

2117 3179 2357 3217 suorum
2380 3165 2583 3232 jussas
2609 3165 2681 3218 ab
2713 3163 2814 3219 illo
2845 3166 3051 3234 caedes,
3076 3168 3298 3238 unguis
3321 3168 3380 3220 in
3407 3169 3609 3224 ulcere
3629 3170 3762 3224 fuis-

2119 3256 2270 3316 sent,
2302 3243 2787 3324 interpretatione
2807 3251 2913 3308 visi
2939 3245 3206 3310 nocturni
3230 3248 3305 3310 ad
3328 3253 3597 3328 ipsorum
3634 3259 3762 3326 odii,

2117 3341 2511 3412 potiusq'uam
2547 3337 2615 3396 ad
2668 3339 2812 3397 artis
2865 3335 2967 3398 aut
3017 3341 3368 3416 disciplinae,
3422 3346 3471 3401 si
3517 3365 3631 3418 qua
3680 3353 3761 3403 est

2113 3421 2284 3484 istius
2314 3431 2834 3502 generis,ratiodes
2865 3432 3392 3491 accommodanda.
3417 3433 3543 3491 Mox
3565 3438 3636 3491 ab
3653 3435 3756 3493 hoc

2110 3523 2327 3574 statuto
2359 3519 2510 3575 clam
2544 3512 2816 3577 Paladem
2848 3522 3119 3578 convenit
3149 3513 3342 3588 (Palas
3376 3527 3587 3598 regina
3608 3545 3763 3582 voca-

2110 3601 2304 3679 batur)
2337 3605 2393 3664 et
2422 3607 2611 3678 ei,Aut
2638 3609 2805 3668 valde
2839 3605 3026 3681 fallor,
3055 3611 3269 3686 inquit,
3304 3610 3408 3670 aut
3439 3633 3542 3671 rex
3576 3617 3758 3672 fraude

2110 3693 2536 3754 brachmanum
2563 3695 2910 3771 gravissime
2935 3687 3538 3773 periclitatur.Prima
3561 3707 3615 3761 ei
3639 3707 3759 3762 sub.

2108 3787 2376 3842 veniendi
2409 3787 2552 3843 ratio
2578 3790 3010 3870 est,resciscere
3037 3807 3106 3846 ex
3137 3793 3264 3865 ipso
3295 3795 3441 3864 quid
3474 3811 3615 3851 cum
3647 3795 3759 3852 istis

2107 3869 2290 3947 egerit
2323 3893 2336 3931 :
2371 3869 2480 3934 hoc
2510 3873 2599 3934 vel
2630 3881 2715 3950 tu,
2746 3871 2833 3934 vel
2868 3897 3040 3936 nemo
3072 3891 3140 3936 ax
3185 3898 3252 3936 eo
3308 3883 3528 3954 poterit
3578 3888 3755 3957 expri-

2109 3972 2299 4035 mere;
2333 3961 2447 4021 nisi
2477 3957 2675 4024 autem
2708 3967 3088 4043 expresseris,
3121 3974 3319 4026 actum
3353 3971 3425 4028 de
3459 3990 3596 4045 rege
3628 3975 3757 4031 scito

2107 4053 2262 4123 lore;
2299 4065 2454 4123 nam,
2481 4061 2546 4112 ut
2575 4075 2636 4113 se
2668 4058 2810 4113 dant
2838 4049 3079 4136 indicia,
3103 4056 3440 4132 ;capitalem
3493 4063 3611 4136 ipsi
3643 4082 3755 4119 ma~

2106 4143 2341 4200 chinam
2374 4143 2779 4203 scelestissimi
2813 4131 3135 4204 nebulones
3184 4150 3551 4206 architectati
3597 4159 3752 4208 sunt.

2104 4231 2222 4304 Age
2255 4233 2434 4306 igitur
2465 4253 2581 4306 qua
2624 4237 2700 4306 vi,
2755 4254 2872 4308 qua
2919 4241 3042 4293 arte
3096 4235 3277 4306 vales,
3333 4225 3602 4295 ultimum
3649 4239 3756 4297 hoc

2106 4321 2343 4394 tempus
2375 4322 2517 4396 puta
2547 4343 2675 4382 esse
2707 4332 2823 4382 tuae
2856 4327 2912 4382 in
2949 4321 3138 4384 virum
3170 4329 3482 4388 charitatis
3513 4350 3581 4388 ac
3633 4333 3760 4387 fidei

2107 4413 2437 4486 probandae;
2459 4432 2594 4471 cave
2624 4417 2952 4488 quidquam
2987 4415 3056 4472 ad
3086 4433 3326 4474 omnem
3361 4437 3541 4491 quam
3574 4422 3760 4477 effica-

2106 4501 2408 4558 cissimam
2438 4504 2793 4561 industriam
2823 4505 3006 4577 hujus
3043 4507 3385 4578 expiscandi
3437 4512 3508 4564 ab
3559 4527 3627 4567 eo
3675 4530 3762 4565 ar-

351 4594 731 4666 inﬂigendam
767 4593 1176 4668 providebant.
1217 4596 1361 4652 Cum
1395 4598 1594 4669 igitur,
1626 4600 1719 4655 die
1749 4601 1994 4672 septimo
2028 4587 2074 4651 D
2107 4588 2238 4646 cani
2287 4592 2392 4647 tibi
2443 4589 2653 4666 reliqui
2708 4594 2931 4650 feceris.
2986 4596 3088 4652 His
3135 4595 3304 4652 Palas
3354 4593 3579 4655 auditis
3627 4618 3760 4656 sane

351 4683 572 4756 elapso,
606 4686 849 4740 admissi
883 4701 1097 4758 magno
1126 4684 1348 4741 ambitu
1383 4687 1453 4742 ad
1487 4703 1704 4760 regem,
1739 4697 1895 4745 metu
1942 4691 1998 4747 et

350 4773 784 4846 exspectatione
805 4773 1362 4844 anxium,vaferrimi
1387 4777 1725 4834 seductores
1747 4781 1998 4836 auctori-

351 4867 472 4919 tate
504 4861 769 4933 religiosa
799 4857 1056 4919 edictum
1089 4863 1234 4919 illud
1269 4882 1444 4920 suum
1494 4867 1992 4939 pronuntiassent,

350 4952 660 5026 perculsus
693 4953 847 5008 ultra
879 4967 1054 5024 quam
1085 4951 1239 5009 credi
1271 4958 1467 5024 posset
1497 4953 1736 5012 horrore
1766 4957 1994 5013 denun-

349 5042 611 5100 tiationis
639 5037 891 5098 infandae
920 5059 1037 5111 rex,
1069 5043 1284 5114 Egone,
1319 5042 1683 5111 exclamavit,
1714 5047 1993 5118 optimam

344 5142 605 5203 Uxorem,
639 5149 743 5205 ego
777 5130 1186 5188 dulcissimum
1223 5130 1404 5188 lilium
1440 5133 1717 5190 occidam!
1753 5133 1819 5191 Et
1853 5135 1993 5194 talia

342 5221 694 5294 diiju'oent?
729 5219 873 5278 Male
907 5228 996 5277 me
1029 5221 1223 5294 potius
1263 5221 1458 5294 ipsum
1509 5224 1794 5294 perdunt;
1848 5226 1988 5296 quid

342 5314 497 5368 enim
533 5309 743 5368 minari
778 5311 985 5368 Bavius
1019 5303 1292 5382 possunt?
1322 5305 1534 5365 Solatio
1565 5309 1652 5365 vel
1685 5315 1808 5366 tum
1843 5309 1988 5370 mihi

338 5397 515 5455 inerit
545 5407 667 5457 tam
699 5399 889 5456 charis
921 5398 1340 5472 Superstitibus
1373 5395 1589 5453 relictis
1621 5394 1987 5471 emori,quo-

340 5505 470 5544 rum
499 5489 673 5546 vitam
706 5490 876 5562 longe
909 5487 1188 5543 libentius
1221 5501 1350 5541 mea
1381 5491 1564 5542 morte
1613 5489 1981 5563 redemerim,

339 5595 516 5648 quam
551 5579 767 5634 damno
795 5597 860 5634 ac
895 5567 1058 5633 clade
1088 5577 1346 5648 ipsorum
1380 5576 1597 5632 servari
1629 5577 1979 5637 sustineam.

337 5666 442 5720 His
464 5667 681 5721 auditis
703 5665 966 5722 scelerati
992 5665 1380 5722 brachmanes
1413 5665 1677 5724 affectata
1703 5667 1982 5740 gravitate

2107 4671 2356 4737 sollicita
2389 4676 2542 4751 regis
2582 4679 2919 4740 cubiculum
2973 4685 3323 4758 ingreditur,
3373 4689 3759 4761 assidensque

2107 4769 2253 4826 lecto
2285 4771 2356 4826 ad
2390 4770 2724 4845 languentis
2756 4778 2955 4845 caput,
3003 4774 3084 4829 sic
3135 4779 3222 4829 est
3275 4774 3469 4832 virum
3521 4779 3697 4834 aii'ata
3743 4797 3757 4832 :

2102 4859 2379 4916 Cumulat
2409 4859 2552 4916 mihi
2585 4863 2866 4933 dolorem,
2900 4880 3076 4935 quem
3108 4879 3176 4918 ex
3207 4865 3414 4921 morbo
3450 4871 3555 4922 tuo
3589 4871 3763 4923 maxi-

2107 4965 2270 5004 mum
2330 4951 2516 5023 capio,
2576 4945 2825 5008 molesta
2872 4953 3158 5025 aagritudo
3213 4971 3282 5010 ex
3343 4960 3444 5010 tuo
3505 4957 3762 5028 quodam

2107 5037 2219 5094 mei
2251 5046 2614 5113 contemptu,
2645 5043 2801 5114 quod
2833 5059 2979 5110 rem,
3020 5047 3084 5096 ut
3138 5049 3404 5115 apparet,
3463 5063 3766 5118 magnam,

2103 5130 2322 5200 quippe
2345 5133 2506 5185 tanto
2528 5136 2717 5187 actam
2741 5131 2963 5187 ambitu
2988 5147 3123 5187 cum
3156 5129 3654 5202 brachmanibus,
3681 5154 3769 5190 me

2101 5214 2310 5290 praeter
2342 5219 2581 5276 solitum
2617 5213 3072 5294 diligentissime
3103 5220 3304 5278 celasti
3333 5241 3348 5291 ;
3403 5241 3616 5296 quare,
3669 5243 3768 5281 oro

2103 5312 2155 5364 te
2189 5325 2292 5381 per
2323 5307 2461 5367 deos
2492 5328 2718 5382 omnes,
2755 5311 2929 5367 istam
2961 5327 3327 5384 quascunque
3360 5319 3453 5369 est
3497 5331 3572 5372 ne
3624 5316 3769 5370 mihi

2099 5391 2366 5472 notitiam
2402 5399 2685 5457 invideas.
2719 5401 2846 5456 Scis
2877 5405 3070 5457 tacere
3102 5407 3420 5482 meapo‘sse,
3458 5421 3526 5458 ac
3560 5411 3768 5476 pectus

2098 5487 2314 5546 habere
2344 5489 2543 5546 arcani
2572 5508 2775 5563 capax,
2809 5507 2916 5547 nec
2964 5491 3113 5546 rima
3163 5488 3284 5546 ulla
3331 5493 3635 5563 pervium.
3684 5493 3771 5549 Ne.

2096 5572 2320 5633 diutius
2353 5595 2494 5635 mem
2529 5579 2663 5636 ﬁdei
2693 5584 2795 5635 tuo
2826 5579 3012 5635 amori
3046 5578 3225 5634 facias
3258 5580 3574 5651 injuriam.
3611 5583 3764 5646 Quid

2092 5665 2248 5740 quod
2279 5673 2378 5726 tua
2410 5687 2608 5740 causa,
2642 5671 2869 5743 opinor,
2902 5671 3146 5726 interest
3177 5688 3291 5727 non
3338 5672 3545 5743 ignota
3610 5673 3758 5728 mihi
