4002 6202
264 332 403 387 1325

1276 332 1639 385 SPECIMEN
1678 330 2080 386 SAPIENTIE
2120 335 2453 389 INDORUM
2496 340 2653 389 VE'I‘.

3534 346 3671 400 1326

256 472 389 526 quae
421 453 810 509 brachmanes
842 460 1032 508 tecum
1057 468 1253 523 egero;
1286 471 1417 509 nam
1455 454 1590 509 inde
1611 454 1914 525 languoris
1941 458 1997 523 Α
2028 456 2145 510 tuis
2176 458 2424 511 somniis
2455 460 2748 515 consulas.
2788 462 2975 517 [tectae
3006 466 3308 533 admones,
3335 483 3430 522 rex
3457 470 3671 540 inquit,

261 545 440 615 hujus
468 544 551 598 tui
584 559 825 599 causam
852 543 1133 598 exsistere
1165 560 1379 615 magna
1398 544 1614 598 indicia
1637 544 1909 599 suadent.

260 634 391 688 Haec
440 633 716 688 Paladem
768 632 1105 704 loquentem
1154 633 1700 705 interpellansgrex,
1735 634 1815 687 Ne
1850 639 1911 688 tu

258 738 517 794 quoque,
541 740 758 793 quamo,
785 722 997 793 inquit,
1021 722 1278 778 dolorem
1308 739 1504 779 meum
1540 739 1689 778 novo
1713 722 1912 777 dolore

261 812 554 880 cumules,
580 812 632 865 id
660 829 933 883 quaerens
963 829 1029 867 ex
1061 827 1153 867 me
1186 814 1338 883 quod
1371 812 1634 868 omnium
1668 812 1912 867 minime

262 902 368 957 tibi
399 902 631 973 expedit
660 918 855 957 nosse.
878 902 1027 956 Tum
1056 901 1176 967 illa,
1199 902 1357 970 Esto,
1380 902 1525 956 mihi
1550 902 1625 957 sit
1654 902 1909 965 noxium,

264 992 366 1057 ait,
402 992 504 1047 hoc
532 1008 728 1057 nosse,
762 996 959 1045 tamen
1014 991 1152 1061 quia
1203 990 1307 1045 tibi
1357 990 1612 1046 salutare
1661 990 1913 1044 arbitror

263 1080 702 1145 futurum,non
759 1079 1027 1134 desinam
1089 1096 1294 1150 urgere
1354 1084 1416 1134 ut
1470 1080 1707 1135 fatearis
1768 1079 1909 1133 mihi

262 1171 661 1240 quodcunque
704 1169 761 1223 id
804 1170 1039 1224 demum
1099 1174 1206 1223 est.
1267 1169 1452 1236 Cura),
1487 1176 1551 1223 ut
1580 1170 1697 1223 scis
1727 1167 1911 1223 animi

268 1260 594 1314 amicorum
644 1258 1087 1331 participatione
1156 1258 1494 1319 minuntur;
1558 1274 1746 1329 neque
1806 1258 1911 1311 hac

266 1364 397 1419 quis
427 1353 482 1403 te
511 1352 630 1403 tam
662 1347 987 1419 periculose
1021 1349 1184 1420 angit
1212 1348 1564 1419 aegritudine
1595 1348 1769 1403 levari
1807 1364 1909 1418 po-

267 1437 427 1504 teris,
462 1436 571 1491 nisi
621 1453 862 1491 causam
911 1438 1059 1507 ejus,
1093 1437 1251 1491 istud
1285 1437 1437 1490 haud
1470 1437 1648 1491 dubie
1696 1437 1911 1491 brach-

260 1542 506 1580 manum
533 1524 1104 1596 colloquium,alioui
1138 1528 1559 1582 communices.
1586 1526 1687 1581 Cui
1711 1532 1908 1581 autem

255 1614 758 1684 communicabis,
792 1615 839 1670 si
892 1632 1066 1686 neges
1112 1616 1322 1672 uxori?
1353 1621 1456 1671 aut
1499 1617 1628 1686 quis
1660 1616 1766 1671 tibi
1799 1633 1908 1683 me,

256 1702 541 1759 amicior?
569 1704 719 1759 Tum
778 1721 897 1774 rex,
930 1705 1184 1776 graviter
1239 1705 1567 1776 suspirans.
1610 1706 1756 1770 Quid
1793 1720 1907 1773 me,

2022 546 2102 599 ita
2132 548 2327 601 statim
2381 548 2609 604 faciam.
2666 554 2792 606 Mox
2833 570 3043 621 equum
3078 556 3338 625 expediri
3391 560 3671 615 continuo

2014 634 2251 703 jussum
2286 636 2657 709 inscendens,
2692 658 2825 695 cum
2859 642 3339 699 familiarissimis
3368 646 3570 716 paucis
3598 650 3669 701 ad

2021 723 2228 778 cellam
2253 727 2605 783 venerabilis
2622 735 2830 785 asceta:
2856 730 3079 801 aliquot
3103 734 3173 787 ab
3208 734 3350 789 urbe
3383 740 3669 790 remotam

2020 830 2300 883 passuum
2338 815 2625 883 millibus,
2661 835 2723 873 se
2753 822 2977 875 confert
3012 822 3384 877 festinatione
3410 840 3665 879 summa.

2022 903 2246 958 Auditis
2276 922 2448 959 senex
2478 908 2747 977 somniis,
2782 909 3008 979 placide
3034 912 3152 981 regi
3178 913 3480 983 respondit
3515 931 3527 966 :
3562 919 3665 967 Est

2020 994 2171 1063 quod
2199 993 2300 1047 tibi
2336 996 2616 1065 gratuler,
2659 998 2921 1064 domine;
2954 999 3099 1053 nihil
3136 1002 3319 1071 triste,
3352 1002 3495 1072 quin
3531 1020 3664 1073 pro-

2018 1098 2189 1149 spera
2221 1082 2411 1153 potius
2440 1082 2715 1155 pleraque
2749 1093 3031 1143 nocturna
3064 1089 3185 1144 hmc
3224 1090 3324 1143 tibi
3377 1092 3501 1145 visa
3541 1109 3665 1161 por-

2018 1170 2287 1226 tendunt.
2321 1171 2465 1226 Nam
2492 1174 2605 1226 duo
2631 1191 2777 1243 quos
2812 1177 3061 1245 primum
3106 1179 3302 1232 vidisti
3340 1179 3528 1249 pisces
3562 1198 3666 1249 per

2021 1263 2302 1314 montana
2353 1261 2707 1331 gradientes,
2761 1265 3099 1334 signiﬁcant
3146 1272 3455 1322 venturum
3492 1270 3664 1327 tibia

2017 1348 2270 1416 quodam
2309 1349 2553 1418 dynasta
2614 1351 2869 1421 legatum
2926 1354 3262 1409 oblaturum
3322 1357 3662 1427 elephantes

2017 1436 2166 1489 duos
2200 1436 2457 1491 mirifica)
2508 1441 2937 1510 magnitudinis
2987 1448 3044 1497 et
3095 1444 3311 1499 formae.
3348 1446 3481 1499 Duae
3531 1464 3662 1501 vero

2018 1540 2145 1593 qua:
2176 1525 2279 1579 tibi
2324 1526 2587 1581 volantes
2647 1546 2971 1600 apparuere
3004 1538 3229 1600 anates,
3283 1534 3424 1587 duos
3482 1551 3664 1605 equos

2017 1614 2502 1683 generosissimos
2542 1615 2880 1687 designant,
2912 1636 3061 1689 quos
3094 1622 3194 1691 qui
3246 1628 3385 1676 sunt
3438 1624 3664 1677 dudum

2017 1700 2077 1755 in
2135 1701 2343 1757 itinere
2399 1704 2582 1757 Persea
2644 1722 2976 1775 proceresa
3034 1724 3169 1778 rege
3230 1727 3361 1765 mox
3402 1729 3509 1766 suo
3559 1712 3666 1767 tibi

254 1791 472 1864 inquit,
516 1794 730 1864 conjux
751 1794 995 1865 optima,
1018 1794 1092 1849 de
1112 1798 1211 1849 tuo
1232 1794 1406 1849 exitio
1429 1796 1617 1864 deque
1637 1794 1902 1850 omnium
1937 1817 1981 1881 Β
2019 1806 2236 1846 munus
2264 1793 2521 1847 amicum
2574 1794 2841 1850 reddent.
2877 1797 2979 1859 Qui
3016 1814 3188 1868 porro
3220 1801 3429 1869 anguis
3460 1818 3663 1856 versus

262 1882 412 1937 mihi
432 1881 922 1939 charissimcrum
970 1883 1206 1938 interitu
1234 1883 1598 1956 interrogas?
1623 1883 1751 1951 Abi,
1777 1883 1905 1939 sine

256 1988 371 2042 me,
397 1976 460 2027 ut
480 1972 655 2044 ccepi,
692 1971 891 2027 dolore
918 1988 1047 2028 meo
1071 1972 1363 2038 consumi,
1386 1990 1453 2028 ac
1480 1978 1724 2028 mortem
1759 1990 1902 2044 prae-

252 2077 511 2127 sumere,
543 2078 617 2117 ne
677 2061 899 2117 videam
953 2078 1080 2131 quae
1129 2061 1385 2133 cogitare
1416 2062 1613 2118 horret
1642 2062 1901 2118 animus.

256 2149 515 2216 Conﬁde,
548 2150 631 2205 mi
668 2150 772 2215 vir,
827 2151 1129 2222 respondit
1159 2150 1349 2218 Palas,
1410 2151 1667 2222 imagine
1725 2168 1902 2221 quam

251 2241 630 2296 subostentas
663 2240 773 2294 mei
813 2240 974 2294 exitii
1039 2257 1152 2295 non
1209 2245 1468 2307 terreor;
1515 2257 1617 2295 nec
1649 2257 1753 2312 ego
1798 2257 1902 2295 nec

251 2329 574 2385 liberorum
613 2334 947 2385 nostrorum
980 2331 1294 2401 quisquam
1327 2331 1497 2400 (bene
1518 2346 1724 2385 omnes
1749 2331 1900 2399 novi)

251 2436 360 2491 pro
392 2424 447 2475 te
477 2419 625 2474 mori
650 2420 1078 2475 recusabimus.
1105 2420 1450 2488 Age,pande
1472 2420 1749 2474 audacter
1772 2437 1900 2490 qua:

252 2525 386 2564 sese
417 2508 510 2563 via
540 2508 639 2562 det
667 2507 877 2563 salutis
913 2513 1024 2562 tua:
1060 2514 1243 2562 morte
1295 2512 1495 2562 nostra
1526 2507 1899 2561 redimenda).

252 2600 373 2655 Hoc
400 2600 572 2654 modo
604 2616 637 2653 a
668 2604 722 2653 te
754 2602 944 2669 petam
980 2597 1230 2669 pretium
1265 2599 1467 2652 mortis
1508 2598 1755 2652 libenter
1800 2604 1903 2652 tua

252 2705 437 2744 causa
465 2686 657 2754 obita,
692 2705 761 2742 ne
796 2692 924 2758 post
955 2687 1072 2740 haec
1105 2686 1207 2740 ulli
1255 2686 1677 2741 brachmanum
1732 2704 1901 2741 neces

249 2778 361 2833 tibi
408 2778 1031 2848 conjunctissimorum
1080 2777 1346 2830 suadenti
1401 2778 1625 2839 credas,
1676 2792 1902 2846 egoque

252 2867 368 2923 sim
404 2867 608 2922 ultima
635 2883 809 2938 quam
844 2866 1089 2919 istorum
1118 2865 1343 2919 insidiae
1378 2866 1779 2936 perverterint.
1808 2866 1903 2919 Ρ(-

254 2956 578 3011 riculosum
623 2956 799 3010 nimis
830 2960 919 3009 est
952 2954 1205 3009 inimicis
1236 2954 1414 3008 ﬁdere
1448 2971 1460 3009 ;
1496 2955 1766 3009 dubitare
1797 2973 1900 3008 au-

244 3051 367 3102 tem
395 3063 511 3101 non
544 3045 722 3101 debes
745 3046 886 3116 quin
911 3045 1012 3099 tibi
1038 3044 1158 3098 sint
1180 3043 1567 3098 infensissimi
1596 3044 1901 3099 brachmn-

248 3152 356 3193 nes
404 3153 473 3191 ex
523 3134 805 3190 memoria
825 3150 939 3189 non
968 3135 1047 3187 ita
1079 3133 1255 3187 veteri
1286 3131 1608 3203 gregalium
1634 3133 1895 3203 ipsorum

250 3246 284 3282 ι
315 3232 373 3281 te
405 3224 629 3281 meritis
666 3225 1002 3279 atl‘ectorum
1024 3223 1233 3294 poenis.
1262 3224 1449 3286 Quare
1471 3238 1649 3277 causa
1681 3227 1769 3277 est
1800 3224 1898 3291 ju-

248 3316 541 3381 stissima,
595 3331 699 3369 cur
754 3313 803 3369 si
860 3312 1000 3383 quid
1032 3317 1214 3367 atem
1283 3312 1643 3382 perturbatis
1686 3312 1901 3365 animis

254 3403 511 3471 consilii,
559 3402 883 3475 praesertim
924 3400 1205 3472 ancipitis
1245 3400 1599 3471 suggeritur,
1630 3402 1702 3455 ad
1758 3418 1900 3471 pru-

257 3496 500 3550 dentum
523 3498 581 3548 et
624 3498 772 3547 notae
822 3491 1240 3545 moderationis
1272 3490 1575 3545 hominum
1610 3490 1900 3561 (qualium

247 3582 391 3649 tibi,
448 3583 618 3636 deum
670 3579 975 3647 beneficio,
1023 3596 1137 3634 non
1198 3580 1363 3634 deest
1410 3578 1599 3649 copia)
1656 3596 1899 3633 examen

242 3688 679 3742 censuramque
712 3671 1017 3726 referatur.

320 3786 413 3843 IV.
447 3787 579 3841 Haec
610 3786 824 3858 regine
866 3784 1103 3840 Patadis
1147 3784 1324 3838 verba
1354 3784 1591 3837 tandem
1622 3797 1900 3838 excusse-

243 3882 389 3934 runt
419 3877 571 3943 regis
602 3876 798 3931 animo
832 3875 1214 3946 pertinaciam
1245 3873 1776 3927 ohstinatissimam
1810 3889 1899 3926 se-

244 3968 411 4026 creti.
447 3967 727 4039 Exposuit
750 3966 862 4037 ipsi
899 3966 1157 4037 primum
1192 3970 1320 4019 octo
1353 3964 1465 4018 sibi
1498 3980 1601 4035 per
1630 3979 1899 4035 soporem

246 4061 447 4116 oblata
471 4058 727 4124 somnia,
760 4062 888 4111 tum
923 4056 1063 4127 quid
1098 4056 1169 4110 de
1204 4054 1380 4109 minis
1413 4055 1679 4127 ipsorum
1705 4060 1760 4109 et
1785 4071 1904 4109 mo-

248 4150 325 4204 do
386 4162 456 4203 ea
508 4145 804 4203 avertendi
842 4144 1231 4200 brachmanes
1262 4144 1728 4214 respondissent.
1764 4143 1903 4208 Qui-

245 4238 361 4292 bus
394 4234 566 4291 Palas
595 4233 870 4306 cognitis.
907 4231 1267 4293 Lautlabilis,
1303 4231 1404 4298 ait,
1440 4236 1541 4287 tua
1564 4232 1673 4286 fuit
1697 4232 1903 4301 religio

249 4325 544 4397 cupientis
600 4322 795 4378 doceri
857 4322 997 4393 quid
1060 4321 1141 4375 dii
1200 4321 1612 4391 portenderent
1659 4324 1903 4374 autate

249 4420 561 4489 poscerent
585 4413 727 4468 visis
761 4412 999 4478 talibus,
1045 4411 1145 4465 sed
1185 4409 1391 4465 errasti
1417 4410 1643 4465 delectu
1677 4410 1904 4480 impru-

248 4505 413 4561 denti
445 4501 871 4559 consultorum.
896 4498 1411 4553 Minimeomnium
1436 4499 1628 4553 idonei
1646 4498 1906 4568 juvando

2013 1883 2071 1934 te
2102 1880 2391 1950 serpebat,
2424 1882 2583 1937 ensis
2615 1884 2725 1938 fuit
2783 1884 3156 1955 praesagium,
3194 1888 3349 1941 brevi
3409 1889 3511 1943 tibi
3557 1890 3659 1944 do-

2013 1968 2213 2034 nandi,
2246 1970 2551 2039 mirabilis,
2605 1978 2661 2026 et
2720 1990 2942 2043 parem,
3010 1977 3265 2030 materiae
3324 1979 3660 2046 praestantia

2011 2056 2097 2111 vel
2131 2059 2297 2125 artis,
2331 2064 2619 2115 terrarum
2680 2064 2952 2134 nuspiam
3014 2064 3304 2119 habentis.
3339 2067 3465 2120 Jam
3496 2069 3650 2135 quod

2010 2162 2263 2217 anguem
2296 2148 2461 2204 illum
2495 2166 2701 2207 cruore
2733 2151 2890 2206 inﬁci
2925 2153 3186 2218 videbas,
3234 2155 3660 2227 designabatur

2010 2236 2117 2289 tibi
2167 2238 2238 2291 ab
2297 2239 2499 2292 eodem
2558 2238 2769 2309 legato,
2829 2242 2930 2311 qui
2965 2259 3165 2297 ensem
3198 2243 3376 2298 istum
3436 2244 3655 2314 otl‘eret,

2010 2325 2268 2380 oblatum
2304 2327 2372 2381 iri
2411 2334 2688 2397 praeterea
2722 2329 2961 2384 talarem
2998 2331 3256 2386 tunicam
3292 2350 3649 2403 purpuream

2010 2415 2325 2470 rarissimae
2358 2416 2643 2483 tincturaa,
2674 2418 2898 2490 quippe
2947 2422 3117 2487 cujus
3171 2427 3393 2475 ostrum
3422 2423 3660 2491 fulgeat

2009 2510 2066 2559 et
2096 2505 2274 2559 videri
2310 2523 2409 2576 per
2440 2522 2501 2559 se
2534 2507 2721 2575 possit
2755 2510 2812 2562 in
2854 2510 3130 2565 tenebris.
3164 2510 3377 2573 Quinto
3428 2512 3657 2566 somnio

2007 2594 2302 2649 videbaris
2353 2596 2456 2649 tibi
2486 2596 2643 2650 ablui
2696 2614 2845 2667 aqua
2907 2616 3051 2669 pura
3111 2600 3495 2670 mundarique
3540 2606 3659 2656 toto

2009 2700 2248 2753 corpore
2278 2684 2552 2755 :signum
2586 2686 2639 2739 id
2676 2693 2802 2741 erat
2836 2690 2989 2742 dono
3039 2693 3093 2742 te
3121 2694 3497 2759 accepturum
3536 2706 3653 2744 ma-

2008 2788 2180 2843 gnam
2216 2774 2442 2844 capiam
2478 2776 2875 2846 speciosarum
2922 2776 3193 2840 vestium,
3241 2779 3459 2847 quibus
3500 2779 3659 2832 laute

2010 2878 2075 2916 ac
2106 2863 2413 2933 splendide
2470 2870 2733 2928 ornatus,
2795 2864 2977 2919 nitide
3039 2868 3229 2935 possis
3280 2884 3561 2937 apparere
3596 2868 3652 2920 in

2010 2951 2261 3019 publico.
2292 2958 2529 3006 Sextum
2564 2954 2881 3017 somnium,
2945 2971 3060 3024 quo
3123 2954 3226 3008 tibi
3270 2956 3484 3009 montis
3522 2956 3652 3010 nive

2008 3040 2306 3109 conspersi
2341 3042 2584 3095 culmini
2616 3047 2951 3113 superstare
2983 3043 3299 3110 videbaris,
3335 3044 3479 3097 nihil
3522 3061 3658 3113 por-

2009 3128 2283 3183 tendebat
2340 3129 2498 3183 aliud
2560 3130 2674 3185 nisi
2734 3136 2812 3198 te,
2873 3132 3025 3201 quod
3081 3148 3233 3201 saepe
3291 3133 3465 3200 soles,
3521 3134 3681 3201 albo,

2015 3221 2115 3271 tuo
2172 3217 2479 3289 elephants
2539 3220 2595 3273 in
2657 3236 2870 3290 pompa
2918 3220 3269 3274 vehendum.
3321 3222 3655 3291 Septimum

2009 3311 2134 3360 erat
2164 3307 2352 3361 visum
2388 3308 2625 3362 ﬂamma
2673 3311 2893 3363 circum
2944 3313 3120 3379 caput
3159 3315 3327 3364 tuum
3380 3310 3654 3376 volitans,

2011 3395 2275 3467 illudque
2305 3397 2571 3451 ambiens
2606 3414 2620 3452 :
2652 3397 2773 3452 hinc
2805 3414 3077 3453 coronam
3110 3399 3460 3469 designabat
3481 3416 3659 3469 quam

2010 3486 2115 3540 tibi
2183 3488 2478 3541 maximus
2537 3486 2776 3558 quidam
2840 3504 2937 3542 rex
2996 3487 3452 3558 pulcherrimam
3507 3490 3659 3544 dono

2011 3576 2354 3643 destinavit;
2388 3580 2445 3631 et
2473 3580 2561 3630 est
2602 3576 2807 3631 itinere
2852 3578 2923 3630 ad
2972 3582 3044 3631 te.
3073 3576 3348 3631 Octavum
3377 3578 3663 3633 duntaxat

2010 3666 2305 3717 somnium
2342 3664 2638 3733 portendit
2668 3664 2889 3733 aliquid
2924 3666 3149 3719 adversi
3184 3667 3338 3735 quod
3386 3683 3660 3722 enarrare

2010 3752 2285 3805 disertius
2336 3768 2571 3805 necesse
2628 3768 2742 3805 non
2804 3752 3028 3817 habeo;
3080 3758 3321 3806 eventus
3352 3753 3495 3807 satis
3530 3755 3656 3823 ipse

2008 3839 2347 3903 declarabit,
2404 3843 2462 3893 et
2520 3839 2675 3893 Deus
2731 3839 2881 3894 viam
2940 3840 3207 3909 expediet
3254 3857 3371 3909 qua
3419 3840 3653 3896 innoxie

2010 3929 2078 3983 ad
2114 3933 2434 3982 extremum
2468 3928 2707 3997 defungi
2740 3927 2969 3996 valeas;
3023 3928 3213 3982 dicam
3262 3934 3491 3982 tantum
3524 3930 3649 3982 bre-

2009 4018 2161 4072 viter
2205 4033 2306 4087 per
2336 4016 2516 4071 ictum
2569 4016 2735 4071 illum
2789 4033 3039 4087 superne
3088 4016 3191 4071 tibi
3243 4016 3565 4070 devolantis
3596 4016 3655 4069 in

2012 4111 2187 4177 caput
2209 4105 2464 4162 volucris
2496 4110 2553 4159 et
2582 4112 2747 4159 tuum
2782 4110 2969 4160 rostro
3019 4105 3322 4160 tundentis
3354 4106 3654 4172 verticem,

2012 4195 2332 4267 significari
2367 4194 2748 4249 oit‘ensionem
2780 4194 2881 4247 tibi
2916 4195 3251 4260 molestam,
3285 4199 3341 4248 et
3386 4193 3521 4248 inde
3572 4209 3660 4247 se-

2014 4290 2279 4340 cuturam
2315 4283 2678 4340 eversionem
2708 4301 2741 4338 a
2772 4288 2825 4338 te
2856 4283 3218 4339 cbarissimze
3251 4300 3529 4353 personae.
3564 4282 3662 4336 Ul-

2013 4376 2223 4429 timum
2260 4374 2367 4430 boc
2398 4379 2486 4429 est
2517 4376 2672 4444 quod
2727 4390 2931 4427 moneo
2982 4390 3093 4427 non
3149 4372 3206 4425 in
3269 4374 3507 4443 longum
3541 4373 3665 4426 hinc

2014 4465 2273 4534 praedici.
2308 4464 2517 4519 Omnia
2552 4463 2822 4517 evenient
2881 4464 3033 4515 intra
3092 4467 3314 4532 septem
3350 4462 3455 4517 bos
3488 4461 3613 4517 dies
3648 4480 3662 4529 ;

249 4552 1043 4650 inhoc'ti—binbrachmanes
1096 4587 1276 4651 fuere,
1326 4588 1585 4658 primum
1636 4552 1906 4642 scelerati
1937 4573 1983 4637 D
2016 4552 2127 4617 (ἥθ’
2162 4552 2429 4658 inqua?”
2480 4553 2554 4606 ab
2583 4552 2883 4658 lhoﬂiemo
2937 4556 3196 4658 νθξίξδηίθ
3254 4556 3475 4658 ομθξξῃίθδ
3508 4567 3667 4658 Viam"

250 4689 431 4755 atque
460 4680 636 4736 invisi
687 4679 801 4733 diis
836 4678 1128 4743 homines,
1163 4693 1312 4748 quos
1361 4677 1490 4733 ideo
1524 4679 1676 4733 haud
1712 4679 1787 4732 sit
1809 4694 1903 4732 ve-

254 4770 510 4830 risimile
538 4768 873 4824 divinorum
935 4782 1286 4821 arcanorum
1341 4765 1787 4837 participatione
1818 4767 1905 4821 di-

255 4862 455 4935 gnari,
478 4858 690 4915 deinde
713 4855 877 4912 ferali
903 4855 987 4910 tui
1026 4856 1157 4910 odio
1182 4855 1447 4911 instincti
1476 4856 1911 4926 ulciscendique

257 4951 414 5024 ipsis
438 4947 930 5005 cbarissimorum
978 4945 1193 4999 caedem
1249 4946 1442 5000 furore
1480 4945 1911 5000 immanissima

258 5043 605 5113 ﬂagrantes.
656 5037 884 5100 Quanto
919 5035 989 5089 ad
1019 5034 1078 5089 id
1110 5035 1543 5091 accomodatior
1577 5040 1773 5090 asceta
1804 5051 1912 5089 no-

258 5135 386 5187 ater
413 5131 528 5198 est,
560 5142 737 5197 quem
770 5123 950 5179 miror
997 5122 1139 5177 talia
1191 5123 1471 5193 quaerenti
1508 5140 1623 5178 non
1657 5122 1915 5194 primum

257 5219 534 5277 omnium
567 5214 743 5272 menti
789 5218 904 5268 tua:
930 5212 1279 5267 occurrisse.
1328 5212 1647 5268 Meministi
1688 5212 1917 5284 quoties

260 5311 316 5365 is
348 5323 633 5379 responsa
690 5302 863 5359 nobis
915 5301 1249 5356 divinorum
1302 5304 1611 5374 adytorum
1653 5309 1829 5371 certa,
1864 5307 1922 5357 et

261 5396 496 5453 eventis
554 5391 766 5449 deinde
824 5388 1094 5460 probata,
1148 5388 1493 5459 pertulerit;
1553 5389 1922 5461 exploratum

264 5487 457 5542 habes
486 5484 666 5539 etiam
699 5495 872 5551 quam
901 5477 1045 5533 casti
1080 5477 1201 5533 sint
1228 5478 1358 5549 ejus
1391 5495 1603 5547 mores,
1628 5488 1805 5549 quam
1836 5478 1925 5533 in-

264 5576 511 5647 culpata
541 5571 670 5627 vitae
693 5568 865 5634 ratio,
889 5574 1066 5637 quam
1092 5573 1335 5638 pacatus
1358 5574 1415 5623 et
1440 5570 1688 5624 ferarum
1719 5582 1925 5639 sapere

267 5662 798 5738 perturbationum
830 5655 1083 5712 animus.
1119 5656 1284 5713 Hunc
1314 5674 1522 5715 censeo
1568 5656 1656 5713 vel
1695 5672 1824 5713 sero
1852 5658 1928 5714 de

2016 4658 2140 4697 cem
2176 4657 2265 4696 me
2296 4642 2470 4697 rebus
2502 4641 2771 4713 patratis,
2807 4657 2951 4710 quas
2996 4641 3225 4695 futuras
3270 4640 3440 4709 edixi,
3496 4639 3667 4710 plane

2018 4731 2259 4787 senties.

2093 4856 2158 4912 V.
2196 4856 2387 4911 Rediit
2414 4857 2484 4911 ab
2518 4856 2624 4911 hoc
2664 4854 2952 4925 colloquio
3016 4872 3114 4909 rex
3166 4854 3347 4911 multo
3399 4854 3669 4910 sedatiori

2026 4946 2221 5001 animo
2272 4946 2535 5001 domum.
2582 4950 2658 4999 Ac
2708 4960 2839 4999 cum
2893 4944 3174 5014 postridie
3204 4946 3394 5015 prima
3425 4961 3493 4997 ex
3528 4960 3671 5013 prte-

2026 5034 2315 5091 nuntiatis
2334 5034 2667 5089 advenisset
2689 5032 2925 5105 legatio,
2949 5038 3283 5105 ceterisque
3302 5049 3507 5088 omnes
3529 5047 3671 5085 con-

2029 5126 2194 5180 tinua
2223 5124 2379 5178 intra
2408 5122 2838 5178 hebdomadam
2886 5124 3035 5178 serie
3086 5125 3498 5194 apparuissent
3536 5134 3669 5173 cum

2029 5215 2200 5268 donis
2224 5213 2515 5279 indicatis,
2542 5211 2841 5266 admirans
2858 5212 3030 5266 fidem
3055 5210 3272 5267 oraculi
3299 5227 3395 5265 rex
3421 5206 3671 5262 subinde

2033 5303 2381 5357 audiebatur
2409 5301 2731 5356 exclamare
2762 5317 2776 5355 :
2814 5300 2958 5355 Vere
2987 5302 3235 5355 insanus
3264 5302 3354 5353 est
3392 5296 3490 5367 qui
3532 5310 3671 5348 con-

2034 5392 2165 5448 silia
2196 5392 2266 5446 de
2298 5392 2472 5447 rebus
2498 5390 2622 5446 suis
2647 5404 2761 5446 non
2796 5406 2829 5445 a
2853 5390 2996 5445 solis
3013 5389 3123 5444 sibi
3146 5384 3447 5442 ﬁdissimis
3470 5383 3676 5454 quaerit

2035 5486 2093 5536 et
2123 5480 2353 5552 accipit.
2380 5480 2483 5536 Die
2513 5496 2686 5551 porro
2745 5479 2873 5550 ipso
2931 5478 3180 5549 septimo
3231 5491 3363 5529 cum
3398 5473 3673 5528 ultimum

2039 5572 2323 5625 donorum
2377 5568 2787 5641 praedictorum
2819 5567 2931 5638 ipsi
2962 5569 3116 5622 esset
3145 5563 3431 5631 oblatum,
3464 5578 3680 5617 corona

2037 5658 2310 5716 videlicet
2354 5657 2803 5731 pretiosissima,
2857 5655 3101 5709 dimisso
3134 5670 3232 5709 rex
3254 5650 3570 5709 honorifice
3599 5649 3679 5705 le-
