4002 6202
348 335 484 388 1327

1854 331 2245 384 ΑΡΡΕΝΟΙΧ.

3630 332 3766 386 1328

348 462 485 529 gato
515 457 613 528 qui
645 455 953 522 detulerat,
988 455 1156 509 laetus
1196 457 1256 508 et
1293 452 1599 524 gratulans
1647 453 1717 506 ad
1749 450 1999 505 circum-
2029 457 2078 518 Α
2184 450 2281 506 Vl.
2317 452 2532 508 Eodem
2592 453 2687 509 die
2743 470 2877 508 cum
2939 469 3038 509 rex
3095 452 3361 508 hilariter
3411 471 3517 525 pro
3558 459 3765 510 caetera

352 552 573 602 stantes
595 543 859 600 suossibi
883 543 1376 598 familiarissimos
1400 542 1574 597 dixit:
1599 540 1753 597 Nihil
1785 539 1991 595 horum

350 635 477 688 volo
512 633 651 688 mihi
683 649 935 701 servare,
970 633 1068 687 sed
1100 632 1159 687 in
1191 649 1293 686 vos
1317 631 1462 686 mihi
1515 629 1964 685 benevolentissi

353 739 478 778 mos
511 738 807 794 spargere,
849 721 1256 778 dulcissimam
1307 720 1628 792 przesertim
1681 720 1992 788 conjugem

350 811 565 866 Palada
595 812 686 882 (ea
715 819 852 865 tunc
883 812 1103 878 aberat,
1138 811 1207 865 de
1259 827 1419 866 more
1458 825 1726 880 gynaeceo
1772 807 1989 874 clausa)

348 905 699 972 nostrosque
732 900 967 965 liberos,
1001 905 1172 971 teque
1195 899 1405 966 Palari,
1439 898 1582 952 mihi
1606 896 1991 962 charissima;

349 1015 481 1053 nam
505 1015 606 1053 vos
628 1015 830 1052 omnes
880 998 962 1052 sic
1009 998 1066 1050 in
1119 1013 1211 1050 me
1248 997 1488 1051 affectos
1523 999 1673 1060 novi,
1709 1000 1773 1049 ut
1802 994 1997 1065 capita

346 1087 614 1158 vitasque
674 1091 900 1141 vestras
960 1104 1072 1140 non
1132 1085 1261 1140 sitis
1302 1084 1623 1139 dubitaturi
1660 1100 1786 1138 mea
1818 1099 1995 1138 causa

347 1178 460 1231 sub
493 1176 874 1248 quantumvis
909 1175 1223 1231 discrimen
1254 1173 1501 1228 mittere.
1531 1175 1606 1227 Ad
1642 1189 1709 1228 ea
1730 1172 1994 1227 Palarius

347 1267 646 1336 respondit
673 1283 684 1320 :
711 1265 956 1336 Conjugi
982 1264 1214 1334 quidem
1240 1269 1353 1316 tuae
1381 1279 1448 1316 ac
1479 1263 1701 1328 liberis,
1736 1262 1992 1327 domine,

347 1362 502 1410 recte
532 1356 642 1408 ista
673 1353 963 1418 diviseris,
1016 1370 1121 1407 nos
1160 1369 1293 1406 vero
1343 1352 1614 1406 subditos
1668 1368 1778 1405 non
1832 1352 1996 1405 decet

348 1443 406 1496 in
468 1460 660 1497 rerum
716 1441 925 1495 talium
978 1441 1452 1494 communionem
1495 1439 1831 1494 admisceri.
1891 1439 1994 1495 Cui

348 1549 469 1596 rex,
510 1533 628 1585 [mc
661 1536 736 1586 te.
770 1530 981 1599 inquit,
1019 1530 1073 1582 in
1128 1529 1332 1600 primis
1381 1530 1507 1582 volo
1541 1529 1827 1582 honorum
1870 1545 1993 1582 om-

348 1620 511 1675 nium
563 1635 826 1673 meorum
878 1635 1007 1673 esse
1065 1617 1432 1689 participem,
1465 1635 1710 1688 quorum
1772 1624 1992 1686 partem

351 1708 656 1763 maximam
691 1708 846 1762 curis
879 1725 980 1777 pro
1014 1724 1105 1760 me
1138 1707 1259 1761 tuis
1303 1713 1360 1761 et
1411 1706 1772 1760 fidelissimae
1820 1706 1992 1760 bene-

2103 544 2223 594 tum
2258 540 2467 596 faustae
2503 542 2652 596 lucis
2685 541 2885 598 laatitia
2934 548 3189 598 caanaret
3224 543 3394 599 Palas
3441 544 3674 614 regina,
3704 550 3770 598 ut

2105 633 2264 682 tanlo
2302 629 2487 699 magis
2525 630 2898 686 formidatam
2932 631 3044 686 sibi
3079 631 3233 703 regis
3260 648 3330 687 ex
3371 637 3521 687 nutu
3565 632 3765 703 suspi-

2102 717 2328 772 cionem
2364 719 2702 788 discuteret,
2738 727 3134 791 praetereaque
3172 721 3512 776 ostenderet
3559 723 3762 792 quanti

2103 805 2293 861 facere
2335 823 2609 862 coronam
2661 809 2816 863 dono
2865 808 2978 864 sibi
3027 809 3249 877 datam,
3299 825 3575 881 gynaeceo
3629 828 3760 882 pro-

2105 894 2295 960 diens,
2320 911 2452 950 cum
2487 913 2701 951 corona
2725 896 2781 950 in
2813 897 3024 968 capite,
3057 901 3115 952 et
3155 904 3366 953 caetero
3405 915 3587 970 quam
3621 915 3759 970 spe-

2104 982 2438 1038 ciosissimc
2469 989 2701 1052 ornatu,
2735 986 2964 1040 discum
2997 1002 3266 1053 aureum,
3299 1003 3471 1059 oryza
3509 987 3757 1056 plenum

2103 1071 2571 1142 exquisitissime
2601 1074 2858 1142 condita,
2908 1091 3085 1129 manu
3138 1076 3354 1141 ferens,
3395 1077 3643 1131 accessit
3673 1077 3749 1132 ad

2105 1176 2371 1216 mensam
2407 1162 2838 1218 discumbentis
2864 1164 3017 1235 regis
3045 1180 3058 1218 :
3091 1165 3294 1219 eodem
3351 1170 3627 1236 tempore,
3659 1165 3750 1219 in-

2103 1256 2326 1305 certum
2360 1257 2569 1322 sponte
2599 1269 2670 1306 an
2705 1257 2964 1321 evocata,
2995 1252 3185 1322 pellex
3217 1255 3288 1308 de
3320 1270 3440 1324 qua
3471 1254 3758 1319 diximus,

2103 1338 2371 1394 cubiculo
2404 1340 2540 1394 item
2573 1357 2810 1412 egressa
2849 1358 2979 1408 suo,
3011 1347 3252 1412 gestans
3298 1341 3523 1414 pallam
3575 1342 3771 1397 cocci-

2102 1443 2271 1483 neam
2303 1444 2481 1498 quam
2515 1446 2548 1484 a
2581 1446 2711 1501 rege
2743 1435 3066 1500 acceperat,
3123 1432 3394 1502 apparuit
3455 1431 3516 1486 in
3578 1432 3720 1486 aula
3752 1451 3766 1498 ;

2103 1530 2159 1580 et
2189 1542 2319 1581 cum
2345 1526 2498 1598 regis
2530 1531 2655 1583 tum
2688 1528 3005 1583 astanlium
3037 1533 3381 1584 cunctorum
3418 1530 3493 1584 ad
3528 1545 3599 1584 se
3635 1545 3772 1585 ocu-

2103 1614 2191 1669 los
2218 1616 2520 1671 convertit.
2580 1616 2759 1672 Movit
2784 1618 2940 1672 enim
3001 1635 3206 1673 omnes
3262 1618 3409 1673 mira
3445 1635 3541 1674 res
3575 1619 3772 1689 fulgor

2105 1704 2336 1759 nativus
2395 1706 2875 1774 exquisitissimae
2934 1705 3096 1761 illius
3154 1712 3210 1762 et
3266 1723 3581 1778 nunquam
3633 1708 3766 1762 visa:

346 1797 610 1852 volentia
644 1803 938 1866 acceptam
976 1798 1114 1850 fero.
1160 1796 1262 1850 His
1313 1796 1484 1850 dictis
1515 1797 1583 1849 ad
1625 1795 1991 1866 partitionem
2026 1811 2396 1876 Bpurpuraa,
2428 1811 2556 1866 quae
2587 1813 2656 1850 ex
2686 1795 2814 1866 ipso
2846 1796 3051 1851 limine
3098 1802 3270 1851 vastae
3312 1798 3486 1861 aulae,
3521 1815 3644 1870 quo
3679 1799 3764 1853 fu-

349 1903 657 1941 munerum
692 1902 1007 1957 aggressus
1055 1901 1172 1951 rex,
1222 1886 1335 1940 sibi
1387 1885 1624 1956 quidem
1677 1884 1996 1940 reservavit

348 1976 713 2046 elephantem
748 1975 1090 2042 candidum,
1125 1992 1238 2045 quo
1269 1975 1445 2029 etiam
1500 1974 1764 2029 invectus
1789 1974 1992 2029 eodem

348 2063 440 2118 die
474 2081 573 2135 per
605 2066 804 2118 urbem
838 2063 1055 2134 regiam
1118 2080 1180 2117 se
1229 2063 1542 2116 videndum
1597 2063 1884 2134 praebuit;
1929 2063 1994 2115 ti-

349 2153 426 2206 lio
459 2170 565 2207 suo
599 2169 780 2207 unum
814 2169 1098 2223 equorum
1152 2152 1332 2219 dedit,
1389 2151 1654 2221 privigno
1703 2150 1992 2206 alterum:

351 2249 574 2306 Palario
619 2251 899 2304 eximium
960 2249 1127 2304 illum
1170 2265 1370 2304 ensem
1431 2250 1705 2316 donavit;
1768 2265 1994 2319 pannos

349 2339 618 2395 attalicos
649 2344 956 2410 vestesque
1008 2339 1342 2410 peregrinas
1393 2337 1650 2407 ingentis
1703 2337 1868 2408 pretii
1922 2338 1991 2391 ad

352 2428 677 2484 solitarium
711 2429 1074 2483 somniorum
1128 2426 1505 2497 interpretem
1559 2425 1741 2490 misit,
1798 2430 1992 2496 togam

355 2534 708 2588 purpuream
745 2522 801 2570 et
830 2533 1106 2571 coronam
1133 2516 1356 2571 Palario
1384 2515 1684 2570 commisit
1708 2513 1768 2569 in
1801 2531 1995 2587 gynae-

357 2621 524 2659 ceum
557 2607 925 2671 deferendas,
962 2623 1075 2675 quo
1119 2613 1179 2659 et
1230 2604 1356 2676 ipse
1403 2621 1534 2659 mox
1578 2604 1880 2674 inopinato
1914 2604 1998 2659 ire

354 2694 558 2748 voluit.
609 2696 897 2762 Ingressis
943 2693 1232 2748 ambobus
1284 2693 1342 2746 in
1391 2692 1728 2746 cubiculum
1763 2693 1996 2747 Paladis

356 2782 591 2853 reginae,
623 2781 825 2836 eodem
878 2782 1140 2836 advocari
1200 2798 1296 2835 rex
1345 2781 1530 2850 jussit
1590 2788 1645 2836 et
1703 2781 1995 2852 pellicem,

357 2887 532 2942 quam
581 2870 903 2940 deperibat,
945 2870 1354 2924 dissimulante
1392 2871 1620 2939 injuria:
1655 2875 1827 2924 tanta;
1861 2887 1994 2925 sen-

352 2973 482 3015 sum
517 2961 750 3030 Palade,
802 2976 903 3030 pro
961 2977 1065 3014 sua
1125 2965 1331 3014 caetera
1359 2959 1781 3027 {moderatione
1811 2977 1874 3014 ac
1903 2977 1995 3014 sa-

353 3049 592 3121 pientia,
626 3066 744 3121 qua
801 3052 986 3104 fretus
1047 3067 1140 3104 rex
1203 3050 1443 3105 minime
1497 3050 1741 3104 curabat
1789 3051 1859 3103 de
1890 3049 1998 3104 hac

357 3156 466 3193 sua
497 3137 658 3193 illam
694 3139 1148 3210 intemperantia
1177 3139 1385 3194 celare.
1434 3139 1721 3194 Adductis
1765 3154 1902 3209 ergo
1934 3139 1992 3194 in
2027 3168 2069 3234 ε

354 3229 509 3297 regis
535 3233 913 3298 conspectum
949 3245 1126 3282 uxore
1157 3227 1336 3283 simul
1371 3232 1429 3282 et
1461 3227 1684 3298 pellice,
1729 3244 1826 3282 rex
1854 3244 1992 3283 con-

353 3333 559 3371 versus
589 3317 657 3371 ad
692 3317 977 3387 reginam.
1013 3316 1173 3388 Elige
1230 3318 1384 3387 quod
1441 3318 1646 3384 mavis,
1679 3316 1893 3386 inquit,
1927 3333 1995 3371 ex

355 3405 464 3460 hac
496 3411 625 3475 toga
668 3421 958 3473 purpurea
990 3410 1046 3458 et
1075 3421 1316 3468 corona;
1357 3405 1510 3473 quod
1549 3410 1607 3457 tu
1665 3404 1990 3474 reliqueris,

358 3493 480 3547 haec
511 3492 688 3547 tollet.
725 3497 1044 3547 Cunctante
1094 3495 1151 3546 in
1203 3491 1574 3546 deliberando
1609 3492 1836 3562 Palade,
1892 3493 1992 3547 Pa-

354 3580 538 3635 larius
557 3586 779 3649 astans,
802 3587 859 3635 et
881 3584 1245 3651 compertum
1289 3581 1530 3645 habens,
1566 3579 1747 3635 multo
1781 3581 1993 3651 pretio-

355 3670 569 3726 siorem
603 3686 814 3725 corona
853 3674 1070 3724 vestem
1131 3686 1278 3736 esse,
1349 3670 1511 3725 nictu
1569 3669 1721 3724 oculi
1780 3670 1993 3726 furtivo

353 3761 569 3832 reginas
601 3760 887 3827 innuit,ut
917 3764 1112 3831 togam
1133 3759 1391 3831 eligeret.
1437 3761 1776 3814 Observavit
1824 3759 1990 3814 illum

353 3855 562 3905 nutum
591 3867 708 3917 rex,
755 3855 812 3905 et
855 3850 963 3904 hoc
992 3851 1186 3920 ipsum
1210 3865 1343 3904 cum
1373 3849 1635 3904 Palarius
1662 3854 1788 3903 tum
1825 3849 1994 3904 Palas

351 3940 906 4007 animadvertentes,
939 3939 1061 4011 pari
1114 3940 1286 3994 ambo
1335 3955 1475 3993 cura
1524 3944 1870 3994 :estuarunt.
1907 3942 1993 3994 Ita

349 4027 432 4082 illi
485 4029 555 4082 ad
610 4029 978 4099 procuranda
1036 4027 1186 4098 regis
1239 4044 1304 4082 ac
1364 4026 1523 4096 regni
1575 4028 1883 4082 commoda
1924 4045 1993 4081 ex

352 4125 536 4181 multo
560 4128 685 4196 jam
719 4132 980 4197 tempore
997 4125 1435 4196 conspirabant,
1459 4130 1521 4179 ut
1543 4125 1991 4192 diligentissime

351 4221 640 4284 caverent,
693 4233 763 4271 ne
815 4215 996 4270 ullam
1051 4217 1204 4270 inter
1269 4231 1364 4268 eos
1422 4230 1552 4268 esse
1609 4213 1989 4269 consiliorum

350 4304 826 4359 communionem
860 4303 1148 4374 suspicari
1175 4303 1488 4374 quisquam
1541 4308 1769 4372 posset;
1811 4319 1990 4374 quare

348 4391 408 4446 in
444 4398 584 4447 nutu
620 4395 717 4449 illo
770 4401 910 4449 tunc
970 4393 1340 4465 deprehensi,
1401 4393 1572 4448 tacite
1601 4409 1704 4462 pro
1735 4410 1797 4447 se
1827 4392 1989 4462 quis-

349 4496 462 4550 que
493 4482 873 4538 decreverunt
907 4486 1044 4538 dare
1093 4481 1362 4537 sedulam
1411 4497 1647 4551 cperam
1684 4497 1754 4536 ne
1794 4486 1992 4552 posset

348 4585 445 4624 rex
477 4570 588 4625 isto
635 4589 704 4626 ex
761 4573 928 4643 signo
983 4571 1306 4641 intelligere
1338 4570 1492 4641 quod
1527 4569 1792 4636 ignorare
1821 4569 1986 4623 illum

348 4660 601 4714 maxime
629 4660 915 4715 volebant.
955 4661 1093 4714 Eam
1130 4660 1199 4714 ad
1243 4676 1358 4713 rem
1406 4659 1684 4727 deinceps
1729 4657 1990 4712 Palarius

347 4750 637 4804 affectavit
670 4749 923 4804 similem
951 4749 1101 4804 oculi
1129 4748 1347 4803 nictum
1371 4747 1840 4818 frequentissime
1863 4747 1991 4802 sine

347 4863 523 4902 causa
553 4848 744 4914 edere,
779 4865 893 4916 quo
922 4865 1019 4902 rex
1047 4847 1254 4901 vitium
1314 4846 1372 4900 id
1433 4843 1584 4900 oculi
1645 4861 1758 4899 non
1807 4849 1987 4899 artem

344 4937 738 5004 existimaret;
783 4935 843 4990 in
898 4952 1083 5007 eoque
1129 4942 1245 4990 tam
1279 4939 1557 4991 constans
1590 4933 1717 5000 fuit,
1753 4938 1816 4989 ut
1847 4949 1989 5004 qua-

343 5024 618 5097 draginta
650 5025 788 5081 totis
816 5024 1008 5094 annis,
1033 5029 1174 5094 quot
1205 5024 1416 5080 deinde
1460 5024 1787 5095 permansit
1836 5024 1987 5093 apud

343 5130 538 5186 regem
568 5114 871 5183 assiduus,
907 5113 1111 5169 nictari
1171 5112 1423 5169 subinde
1481 5112 1649 5168 oculo
1696 5113 1990 5177 similiter,

340 5209 406 5257 ut
439 5209 578 5258 tunc
612 5204 847 5268 fecerat,
908 5221 1021 5258 non
1077 5203 1386 5257 destiterit.
1430 5202 1651 5274 Regina
1707 5218 1862 5267 vero,
1923 5218 1992 5256 ne

340 5292 519 5346 istum
556 5297 763 5346 nutum
801 5291 887 5346 vel
936 5290 1299 5346 intellexisse
1342 5290 1426 5344 vel
1479 5294 1738 5344 secutam
1771 5305 1832 5343 se
1862 5306 1991 5344 esse

339 5381 629 5451 suspicari
665 5399 760 5436 rex
796 5386 1012 5453 posset,
1071 5380 1141 5434 de
1195 5378 1490 5434 industria
1548 5383 1752 5432 contra
1809 5395 1988 5448 quam

338 5467 436 5523 ille
469 5470 835 5525 monstrabat
875 5469 1030 5534 fecit,
1077 5483 1350 5522 coronam
1401 5465 1624 5534 eligens
1685 5482 1804 5535 pm
1839 5466 1991 5536 palla

338 5556 440 5611 illa
474 5575 787 5629 purpurea,
842 5558 976 5614 licet
1026 5557 1178 5612 hanc
1212 5572 1325 5610 non
1360 5553 1654 5623 ignoraret
1686 5555 1987 5625 pretiosio-

343 5662 464 5701 rem
498 5664 645 5702 8888.

2107 1881 2327 1936 nalium
2365 1881 2463 1936 lux
2493 1899 2603 1937 non
2640 1882 2752 1937 nisi
2800 1888 3047 1939 remissa
3081 1883 3478 1955 pertingebat,
3528 1887 3765 1956 proprio

2107 1969 2424 2041 splendens
2456 1971 2698 2038 lumine,
2731 1972 2915 2027 aciem
2960 1973 3356 2044 spectantium
3409 1973 3770 2030 suavissime

2107 2061 2464 2130 perstrinxit.
2501 2061 2640 2125 Rex,
2699 2063 2925 2116 dudum
2991 2064 3175 2117 forma
3227 2069 3437 2133 captus
3501 2063 3768 2119 mulieris

2105 2148 2288 2214 illius,
2315 2165 2447 2204 cum
2473 2150 2596 2218 jam
2626 2149 2786 2205 illam
2821 2158 2936 2204 tam
2971 2151 3234 2222 speciose
3267 2151 3605 2206 radiantem
3654 2153 3769 2207 mi-

2106 2239 2218 2294 stis
2245 2241 2363 2294 oris
2395 2255 2462 2294 ac
2493 2243 2639 2309 togas
2671 2239 3008 2312 fulguribus
3053 2241 3291 2310 videret,
3344 2243 3554 2313 gestiit
3607 2242 3757 2297 haud

2106 2327 2281 2382 dubie
2307 2329 2362 2382 in
2400 2329 2614 2382 indicia
2645 2329 2994 2384 naturaliter
3024 2347 3090 2384 ex
3126 2330 3315 2386 oculis
3347 2331 3646 2386 exstantia
3673 2337 3756 2386 te-

2107 2417 2345 2472 nerrimi
2371 2418 2741 2489 amoris,quaa
2764 2435 2862 2474 cor
2880 2418 3511 2491 Paladis,triumphum
3536 2421 3760 2476 aemulae

2108 2515 2422 2580 cernentis,
2455 2515 2568 2571 alte
2618 2516 3147 2572 convulnenarunt.
3198 2518 3605 2574 Exacerbabat
3638 2518 3759 2591 pla-

2105 2620 2239 2674 gam
2273 2603 2439 2658 dolor
2487 2605 2759 2660 conscius
2816 2622 2977 2660 saevae
3031 2606 3426 2675 necessitatis,
3479 2624 3601 2678 qua
3633 2625 3767 2663 coa-

2106 2698 2259 2747 ctam
2295 2711 2355 2747 se
2381 2695 2726 2748 meminerat
2754 2711 2946 2750 errare
3003 2694 3063 2749 in
3123 2695 3426 2760 electione,
3463 2702 3632 2752 tanto
3660 2699 3764 2752 ad-

2107 2782 2372 2836 versariis
2405 2799 2524 2837 suae
2575 2785 2904 2837 commodo.
2939 2783 3056 2839 Hos
3082 2784 3262 2839 animi
3314 2790 3501 2841 estus
3562 2787 3765 2842 incen-

2107 2871 2283 2925 debat
2327 2887 2558 2925 morsus
2617 2871 2804 2926 acrior
2846 2887 3070 2926 arcanze
3128 2872 3442 2945 zelotypia',
3480 2891 3619 2946 qua,
3654 2875 3767 2930 etsi

2107 2973 2342 3012 summo
2377 2973 2609 3029 semper
2663 2958 3039 3014 dissimulata
3093 2961 3289 3016 studio
3321 2963 3531 3017 intime
3561 2969 3762 3018 tamen

2108 3046 2331 3101 dudum
2366 3046 2651 3102 muliebre
2699 3047 2979 3102 urebatur
3029 3052 3250 3120 pectus.
3291 3051 3526 3120 Adjecit
3555 3067 3766 3106 cumu-

2109 3134 2232 3189 lum
2266 3140 2352 3190 tot
2383 3134 2596 3190 furoris
2653 3135 2870 3203 causis,
2907 3142 2965 3191 et
3020 3138 3191 3208 quasi
3249 3137 3440 3194 oleum
3507 3140 3762 3195 ﬂammae

2109 3223 2359 3289 adiddit,
2396 3239 2503 3279 vox
2560 3229 2700 3279 tunc
2758 3225 2959 3280 audita
3017 3226 3430 3298 compellantis
3484 3229 3758 3285 Palavlem

2110 3311 2285 3382 regis,
2318 3311 2410 3366 his
2443 3313 2761 3368 admodum
2795 3315 2988 3370 verbis
3020 3331 3032 3368 :
3066 3317 3304 3388 Semper
3335 3322 3395 3372 te
3427 3319 3762 3388 prudentis-

2109 3402 2347 3467 simam,
2371 3419 2502 3458 mea
2525 3403 2712 3470 Palas,
2741 3405 3132 3472 adverteram;
3176 3424 3332 3462 nunc
3365 3424 3545 3479 cogor
3572 3425 3754 3479 agno-

2110 3507 2272 3545 scere
2305 3491 2503 3547 minus
2533 3492 2704 3547 hodie
2749 3494 3019 3565 sapuisse
3049 3499 3104 3550 te
3129 3511 3261 3549 cum
3293 3495 3447 3551 hanc
3480 3513 3757 3552 coronam

2108 3579 2189 3634 illi
2225 3585 2373 3651 toga!
2403 3582 2769 3653 praecptasti;
2828 3600 2897 3638 en
2961 3590 3025 3639 ut
3082 3590 3276 3656 spreto
3327 3603 3360 3639 a
3404 3591 3460 3640 te
3516 3603 3764 3641 munere

2108 3671 2298 3724 amica
2331 3687 2487 3726 nunc
2520 3671 2797 3743 praecellit
2829 3687 2977 3730 mea.
3012 3674 3115 3729 Hic
3145 3673 3315 3744 quasi
3336 3674 3598 3732 ultimus
3620 3677 3761 3731 arie-

2107 3760 2182 3815 tis
2214 3759 2580 3830 impulsusin
2605 3779 2834 3817 murum
2857 3763 2915 3818 in
2942 3764 3171 3820 ruinam
3197 3781 3471 3836 pronum,
3494 3767 3763 3821 conside-

2107 3849 2419 3904 ratissima:
2443 3849 2589 3904 alias
2612 3861 2886 3906 matronae
2903 3853 3298 3908 constantiam
3321 3856 3554 3910 evertit.
3587 3860 3760 3911 Passa

2105 3937 2386 4008 quiddam
2419 3938 2788 4009 humanitus,
2840 3958 2974 3996 cum
3033 3942 3210 3997 etiam
3261 3943 3557 3999 insultare
3612 3944 3758 3999 ultro

2105 4033 2219 4088 sibi
2253 4050 2445 4105 regem
2480 4036 2842 4106 opinaretur,
2875 4054 3049 4108 quam
3101 4055 3278 4094 manu
3323 4039 3604 4108 gestabat
3637 4039 3759 4096 lan-

2105 4139 2228 4178 cem
2264 4128 2421 4178 recta
2444 4123 2502 4178 in
2536 4125 2665 4196 ejus
2685 4132 2857 4196 caput
2889 4127 3153 4199 impegit,
3177 4128 3258 4182 ita
3281 4133 3346 4182 ut
3374 4129 3510 4199 ejus
3539 4130 3753 4184 cidaris

2104 4227 2170 4266 ac
2203 4216 2386 4267 totum
2437 4212 2917 4284 paludamentum
2976 4217 3158 4270 effuso
3216 4233 3282 4270 ac
3343 4215 3497 4272 fcede
3548 4234 3747 4288 sparso

2095 4301 2232 4369 jure
2264 4290 2693 4372 inquinaretur,
2739 4319 2988 4374 moxque
3018 4309 3287 4360 avertens
3327 4305 3502 4361 abiit.
3536 4307 3750 4361 Excan-

2102 4388 2230 4442 duit
2257 4405 2376 4455 rex,
2432 4406 2700 4461 prcceres
2756 4391 3202 4448 exhorruerunt.
3255 4393 3451 4449 Pellex
3513 4395 3571 4449 in
3621 4396 3754 4450 sinu

2101 4479 2318 4550 gavisa,
2350 4485 2409 4535 et
2459 4482 2720 4552 proxime
2750 4499 2813 4538 se
2845 4484 3144 4539 admotam
3190 4485 3314 4556 spei
3360 4486 3530 4557 regni
3584 4486 3757 4542 tacite

2099 4567 2427 4638 gratulans,
2457 4569 2530 4624 iis
2562 4586 2754 4642 regem
2786 4571 2974 4626 oculis
3000 4571 3248 4642 aspexit,
3279 4573 3379 4642 qui
3414 4574 3755 4630 anmlaein-

2100 4657 2340 4711 teritum
2373 4659 2580 4728 quavis
2623 4659 2918 4716 efﬁcacius
2968 4661 3342 4716 accusatione
3385 4670 3751 4732 perorarent.

2102 4745 2274 4816 Regis
2306 4749 2436 4816 post
2474 4746 2767 4803 intentum
2797 4753 2856 4804 et
2886 4749 3042 4805 varie
3090 4748 3410 4805 sollicitum
3443 4749 3754 4807 silentium

2101 4833 2390 4890 universae
2431 4834 2578 4891 aulae
2618 4838 2911 4892 sententia
2944 4837 3202 4894 intonuit
3233 4838 3542 4894 :Tollatur
3571 4856 3604 4895 e
3638 4857 3761 4896 me-

2100 4922 2197 4977 dio
2221 4939 2347 4994 qua:
2370 4928 2602 4979 tantum
2627 4943 2772 4981 ausa
2791 4930 2900 4996 est;
2932 4927 3099 4982 nefas
3118 4932 3208 4982 est
3222 4928 3411 4983 vivere
3424 4933 3548 4983 tam
3571 4928 3756 4986 licen-

2098 5016 2187 5068 ter
2216 5020 2423 5086 spretaa
2448 5031 2606 5071 ream
2661 5021 2871 5072 nostra:
2913 5019 3257 5090 maiestatis.
3290 5019 3442 5075 Tum
3475 5020 3549 5074 ad
3589 5019 3756 5076 Pala-

2101 5101 2251 5156 rium
2287 5119 2601 5159 conversus
2654 5105 2725 5161 de
2785 5120 2942 5161 more
2973 5111 3265 5162 astantem
3303 5124 3317 5162 :
3353 5108 3486 5175 Abi,
3532 5109 3752 5172 Palari,

2100 5217 2197 5254 rex
2219 5200 2320 5268 ait,
2347 5201 2460 5255 {ide
2483 5202 2626 5257 mihi
2651 5202 2824 5259 solita
2866 5209 2923 5260 et
2967 5205 3073 5261 hoc
3122 5206 3448 5278 obsequere
3474 5223 3488 5261 :
3515 5223 3661 5262 cura
3691 5213 3758 5262 ut

2101 5289 2254 5342 diem
2283 5291 2610 5346 crastinum
2647 5292 2816 5348 Palas
2847 5310 2962 5349 non
2995 5295 3206 5350 videat.
3240 5295 3344 5349 His
3393 5295 3573 5352 dictis
3619 5312 3750 5366 per-

2100 5378 2572 5450 turbatissimus,
2630 5382 2881 5454 abrupto
2937 5383 3222 5450 convivio,
3267 5400 3330 5439 se
3360 5383 3636 5439 cubiculo
3662 5383 3751 5438 in~

2099 5465 2296 5523 clusit.
2329 5468 2412 5523 Ibi
2440 5473 2666 5525 noctem
2703 5469 2868 5526 illam
2920 5471 3092 5543 plane
3142 5473 3480 5528 insomnem
3511 5479 3572 5528 et
3601 5473 3749 5528 ducs

2099 5559 2288 5611 tresve
2314 5556 2611 5614 insecutos
2644 5559 2769 5614 dies
2803 5560 3129 5617 miserrime
3176 5561 3380 5617 anxios
3424 5563 3615 5629 duxit,
3659 5577 3746 5615 re-

2101 5644 2537 5716 ciprocantibus
2594 5648 2963 5720 intemperiis
3019 5651 3422 5722 agitatissimaa
3479 5649 3745 5706 mentis:
