4002 6202
237 286 262 339 1
277 283 383 339 3'29

1262 289 1625 343 SPECIMEN
1660 292 2062 345 SAPIENTIE
2101 296 2435 350 INDORUM
2472 299 2634 350 VET.

3520 303 3536 354 l
3550 302 3653 355 330

232 409 558 465 saevissime
592 410 917 480 praesertim
976 410 1391 466 cruciabantur
1424 419 1755 467 recurrentc
1790 430 1891 484 per
1921 417 1972 479 Α
2006 417 2289 471 attentius
2334 424 2681 490 reputasset,
2733 420 3016 475 intellexit
3072 421 3441 478 innocentem
3500 445 3529 481 a
3591 444 3650 481 se

228 500 411 566 vices,
448 503 582 570 post
613 504 959 570 evaporatas
990 501 1086 553 irai
1136 501 1340 570 furias,
1391 502 1675 557 memoria
1729 503 1897 556 meri-

236 596 434 645 torum
469 590 822 661 ingentium,
858 590 1153 645 verissimi
1187 593 1405 648 amoris
1437 598 1485 648 et
1546 593 1897 665 perspectis-

234 680 405 735 simae
437 679 573 734 fidei
606 679 864 735 Paladis.

309 806 432 861 VII.
469 805 713 861 Interim
746 804 1012 861 Palarius
1044 806 1359 861 abductam
1397 810 1594 863 statim
1657 825 1686 863 e
1736 809 1895 881 regia

237 896 537 961 Paludem,
573 894 741 964 quasi
776 895 1104 963 adjussum
1139 896 1292 967 regis
1323 899 1788 967 exsequendum,
1831 898 1890 952 in

237 984 468 1039 intimis
498 983 752 1055 gynaecei
787 983 880 1037 sui
930 984 1234 1039 domestici
1277 984 1517 1041 latebris
1563 988 1891 1056 abscondit,

234 1073 485 1128 multum
519 1072 710 1127 obiter
743 1073 1074 1128 incusatam
1105 1075 1259 1144 quod
1296 1076 1353 1129 in
1404 1075 1581 1129 istum
1632 1077 1888 1131 furorem

238 1162 555 1233 erupisset.
588 1162 673 1217 Ad
706 1178 835 1232 qua:
859 1161 962 1215 illa
1004 1179 1016 1216 :
1062 1166 1394 1231 Peccatum,
1448 1164 1661 1234 inquit,
1692 1182 1887 1219 meum

238 1251 441 1307 subita
470 1251 668 1306 statim
701 1250 1041 1321 pcenitentia
1082 1252 1404 1307 damnavit.
1454 1257 1536 1307 Tu
1593 1253 1682 1307 fac
1730 1255 1886 1323 quod

238 1341 443 1398 debes.
475 1344 531 1394 et
578 1340 694 1410 regi
742 1340 1101 1410 obsequere;
1158 1358 1270 1396 non
1324 1346 1644 1396 merentem
1714 1342 1886 1396 modo

240 1445 353 1495 me,
388 1429 488 1482 sed
514 1434 569 1481 et
616 1426 906 1481 volentem
968 1427 1059 1482 his
1119 1429 1247 1482 vitae
1308 1428 1587 1483 fluctibus
1647 1428 1883 1498 eripies.

235 1516 341 1571 Cui
375 1514 658 1580 Palarius,
692 1516 852 1570 Bona
882 1515 1301 1588 verba,inquit,
1335 1533 1524 1588 regem
1560 1518 1886 1588 perderem,

233 1606 284 1660 si
317 1606 368 1660 ei
404 1621 557 1660 nunc
583 1605 1072 1676 obtemperarem.
1107 1606 1244 1660 Sine
1278 1622 1368 1661 me
1414 1607 1496 1660 uti
1553 1606 1698 1661 meis
1748 1607 1884 1661 arti-

230 1694 373 1762 bus,
402 1692 544 1747 alias
586 1693 703 1748 vidi
736 1693 963 1762 vicique
994 1698 1415 1765 tempestates;
1452 1694 1601 1748 hanc
1650 1711 1885 1767 quoque

230 1782 542 1854 spero,diis
575 1781 714 1836 huic
747 1797 926 1852 regno
955 1782 1668 1855 prepitiisjuvantibus,et
1697 1784 1803 1856 ipse

228 1868 654 1941 tranquillitate
686 1872 1190 1925 commutandam.
1215 1871 1451 1926 Confide
1481 1878 1538 1926 et
1571 1878 1698 1928 tace
1733 1891 1745 1929 :
1790 1874 1874 1927 la-

221 1959 408 2014 tuisse
440 1958 602 2014 salus
628 1958 827 2025 fuerit,
862 1959 1164 2030 recipiscet
1192 1976 1291 2015 rex
1345 1977 1358 2014 :
1421 1977 1587 2016 serva
1642 1968 1696 2015 te
1754 1977 1872 2016 me-

222 2047 355 2103 liori
389 2048 656 2119 tempori.
710 2047 824 2102 Nec
869 2047 1041 2119 plura
1090 2048 1323 2115 effatus,
1374 2049 1605 2119 proviso
1653 2054 1718 2104 ut
1776 2050 1874 2106 illa

222 2137 383 2207 regie
414 2136 749 2207 haberetur,
784 2139 883 2192 sed
918 2138 1029 2191 sub
1060 2137 1523 2208 impenetrabitis
1568 2138 1726 2194 clave
1783 2156 1871 2194 ar-

224 2225 378 2292 cani,
410 2225 710 2280 consuetis
749 2225 876 2281 suis
926 2226 984 2279 in
1034 2227 1190 2297 regis
1249 2227 1465 2296 palatio
1525 2227 1871 2284 ministeriis

219 2331 284 2368 se
317 2312 683 2369 reddidit.lbi
717 2330 848 2368 cum
882 2331 980 2369 rex
1004 2315 1103 2369 diu
1161 2315 1501 2370 admitteret
1553 2316 1866 2383 neminem,

214 2403 454 2458 tandem
486 2402 556 2456 ad
590 2418 724 2457 eum
754 2403 1010 2473 projure
1040 2403 1457 2458 familiaritatis
1492 2404 1730 2470 intimae,
1769 2423 1870 2461 nec

215 2496 485 2557 vocatus,
520 2491 783 2547 Palarius
814 2501 1147 2563 penetrans,
1180 2494 1305 2557 Quo
1336 2494 1597 2559 domine,
1630 2496 1730 2561 ait,
1776 2495 1869 2551 hic

214 2582 417 2637 luctus
450 2586 569 2636 tam
605 2582 864 2653 pertinax
887 2581 914 2635 ?
946 2599 1050 2637 cur
1073 2586 1127 2637 te
1160 2599 1226 2637 ac
1256 2599 1363 2638 nos
1412 2600 1616 2638 omnes
1674 2589 1867 2639 tecum

219 2671 492 2726 occidis?
522 2671 663 2725 Sera
696 2671 1037 2741 pcenitentia
1081 2688 1181 2726 nec
1230 2671 1463 2726 laudem
1517 2690 1620 2727 nec
1667 2690 1867 2742 usum,

210 2777 292 2816 ne
325 2760 548 2815 veniam
582 2759 818 2830 quidem
845 2760 1048 2815 habet:
1074 2763 1217 2832 quin
1270 2766 1327 2816 et
1377 2762 1722 2833 gravissime
1777 2764 1869 2817 vi-

215 2854 579 2921 tuperatura
611 2848 1003 2920 sapientibus,
1044 2848 1290 2904 insania:
1336 2850 1620 2905 ascribere
1676 2851 1866 2906 solitis

216 2939 481 2993 dolorem
515 2938 584 2992 de
616 2954 755 2992 casu
792 2937 1177 3004 irrevocabili,
1206 2955 1318 3008 quo
1349 2944 1406 2993 et
1436 2940 1673 2993 animus
1722 2940 1866 3009 deji-

215 3027 392 3093 citnr,
426 3031 483 3080 et
507 3043 721 3097 corpus
756 3031 1106 3094 maceratur,
1149 3032 1206 3081 et
1255 3025 1476 3081 malum
1528 3027 1866 3083 immedica-

209 3115 679 3170 bileinfortunic
712 3115 881 3205 longe
926 3115 1151 3171 tetriori
1193 3116 1670 3181 cumulatur.Qui
1725 3118 1863 3171 huic
1896 3140 1939 3205 Ο

212 3205 488 3276 indulget
519 3205 747 3259 effectui
782 3204 1080 3261 homicida
1111 3205 1200 3260 sui
1236 3205 1423 3277 ipsius
1456 3209 1565 3267 est.
1617 3206 1865 3261 aemulus

215 3294 490 3350 stultitiae
542 3292 797 3349 columbi
855 3294 955 3365 qui
1012 3294 1201 3349 occisa
1263 3311 1364 3365 per
1406 3294 1866 3365 imprudentiam

213 3382 1188 3454 compare,mmroreipseinteriit.
1245 3383 1465 3438 Fabula
1520 3401 1636 3439 non
1695 3384 1869 3456 longa

213 3472 304 3527 sic
336 3479 611 3526 narratur
641 3470 1001 3527 :Columbus
1032 3479 1090 3525 et
1121 3472 1554 3543 columbalvitte
1586 3473 1731 3528 inita
1777 3492 1872 3528 so-

216 3561 458 3626 cietate,
488 3561 687 3632 granis
718 3560 964 3615 humore
1000 3560 1252 3630 turgidis
1286 3561 1431 3615 satis
1466 3579 1673 3632 magna
1703 3564 1873 3633 copia

217 3650 529 3720 congestis
567 3650 627 3703 in
659 3666 865 3703 cavum
917 3648 1221 3715 familiare,
1278 3650 1576 3703 communi
1628 3650 1871 3705 consilio

217 3742 601 3794 decreverant
631 3755 699 3792 ex
750 3755 815 3793 eo
874 3736 1109 3792 cumulo
1159 3736 1306 3791 nihil
1360 3753 1619 3807 carpere,
1679 3740 1870 3810 quoad

213 3845 323 3902 per
346 3832 606 3883 aestatem
641 3831 982 3898 suppeteret
1010 3826 1287 3898 pabulum
1323 3826 1379 3880 in
1445 3827 1639 3897 agris;
1685 3844 1873 3881 anno-

212 3934 358 3973 nam
391 3917 610 3987 quippe
641 3915 803 3970 illam
833 3916 888 3969 in
917 3915 1170 3971 hiemem
1207 3915 1599 3986 providerant.
1636 3915 1872 3970 [nterim

216 4008 399 4062 ardor
449 4005 578 4059 cmli
630 4004 962 4060 solstitialis
1015 4004 1130 4059 late
1190 4005 1390 4059 omnia
1436 4020 1783 4073 excoquens,
1816 4005 1872 4059 in

215 4097 495 4150 horreum
532 4110 765 4165 quoque
817 4094 975 4148 istud
1039 4093 1444 4149 columbinum
1510 4093 1876 4163 penetravit;

219 4185 407 4255 hujus
438 4184 487 4237 vi
519 4184 742 4255 granis,
776 4183 1023 4237 humido
1056 4185 1113 4237 in
1148 4199 1393 4254 vapores
1424 4181 1875 4246 exhalante,(le-

221 4272 715 4337 tumescentibus,
750 4271 1122 4342 singulisque
1146 4272 1268 4340 jam
1304 4270 1363 4324 in
1390 4275 1600 4325 molem
1631 4270 1876 4325 dimidio

220 4363 514 4418 minorem
550 4360 897 4424 extenuatis,
931 4360 1177 4431 contigit
1220 4376 1490 4414 acervum
1536 4376 1763 4429 quoque
1795 4360 1879 4431 ip-

220 4469 359 4507 sum
394 4451 517 4522 pari
548 4450 922 4522 proportione
953 4451 1309 4504 decrescere.
1344 4454 1484 4515 Hoc,
1520 4448 1753 4503 rediens
1785 4450 1877 4504 die

223 4541 485 4612 quadam
515 4541 671 4595 circa
703 4537 1167 4610 aequinoctialem
1220 4537 1537 4601 cardinem,
1571 4537 1879 4592 columbus

224 4633 285 4685 in
322 4630 555 4694 nidum,
596 4629 696 4683 ubi
761 4627 1294 4691 animadvertisset,
1346 4631 1581 4692 temere,
1627 4643 1695 4680 ex
1730 4644 1877 4681 vana

224 4718 863 4791 suspicionejudicans
886 4715 1217 4771 columbam
1251 4719 1375 4769 tum
1428 4715 1549 4769 ovis
1590 4716 1877 4770 incuban-

222 4815 373 4875 tem,
407 4814 610 4863 contra
641 4805 1035 4863 communiter
1055 4805 1306 4873 decreta,
1334 4805 1617 4859 vescendo
1644 4821 1709 4859 ex
1743 4805 1881 4859 hor-

220 4916 324 4954 reo
377 4895 691 4951 hiemalem
744 4893 1159 4965 intempestiva
1216 4892 1533 4947 voracitate
1596 4894 1880 4947 minuisse

224 4991 652 5053 commeatum,
686 5002 813 5040 eam
849 4988 1037 5039 rostro
1070 4988 1132 5037 et
1157 4981 1459 5053 unguibus
1484 4983 1668 5036 iratus
1700 5000 1879 5053 appe-

223 5078 345 5139 tiit,
384 5075 782 5145 miseramque
809 5073 1015 5127 tandiu
1067 5071 1331 5138 repetitis
1354 5071 1578 5125 ictibus
1610 5072 1881 5126 contudit

226 5165 428 5236 quoad
466 5169 696 5217 mortua
728 5161 1079 5217 concideret.
1117 5160 1595 5230 Supervenerunt
1624 5160 1775 5214 haud
1802 5160 1882 5213 ita

229 5253 427 5309 multo
462 5257 592 5324 post
621 5253 840 5305 imbres
873 5248 1268 5315 autumnales,
1299 5252 1356 5303 et
1388 5249 1754 5303 humefacius
1787 5267 1885 5303 aer

227 5362 442 5417 grana,
491 5343 814 5407 insinuata,
870 5345 933 5394 ut
991 5339 1159 5407 solet,
1220 5340 1458 5394 madore
1515 5341 1880 5407 distendens,

229 5450 495 5489 massam
530 5430 784 5499 congesti
822 5428 998 5484 tritici
1035 5429 1103 5481 ad
1140 5428 1605 5499 magnitudinem
1631 5429 1679 5483 ei
1706 5447 1880 5498 quam

225 5539 413 5578 verno
446 5526 705 5592 tempore
739 5518 1091 5590 praetulerat,
1129 5533 1323 5587 parem
1366 5517 1610 5571 inflavit.
1667 5518 1883 5571 Obser-

227 5614 392 5669 vavit
422 5614 477 5667 id
514 5610 842 5673 columbus,
868 5607 1121 5678 primum
1157 5606 1460 5660 admirans
1487 5623 1500 5661 :
1526 5604 1731 5660 deinde
1754 5624 1881 5662 cum

2000 506 2309 577 conjugem
2346 508 2491 563 l'also
2535 511 2784 564 crimine
2841 526 3205 580 oppressam,
3268 515 3421 567 unde
3481 515 3647 571 illum

1998 598 2203 649 tantus
2236 595 2453 652 invasit
2480 597 2648 653 dolor
2679 604 2742 654 ut
2763 599 2918 653 brevi
2953 599 3351 670 exspiraverit.
3386 602 3646 672 Subjun-

1999 697 2129 750 gam
2161 688 2218 737 et
2250 684 2431 740 alium
2474 685 2609 741 huic
2656 687 2964 757 apologum
3030 704 3041 741 :
3091 688 3306 742 Simius
3354 691 3643 760 pugillum

2002 771 2418 827 lenticularum
2449 790 2479 828 e
2509 791 2677 830 sacco
2708 775 2947 830 viatoris
2989 776 3098 830 sub
3158 793 3264 831 sua
3310 780 3646 834 recubantis

2000 860 2208 914 arbore
2242 862 2491 932 furatus,
2519 864 2659 918 dum
2692 882 2721 918 e
2753 864 2958 935 rapina
2990 881 3099 918 sua
3133 866 3410 932 vescitur,
3470 867 3644 923 lentis

1998 947 2113 1018 ipsi
2138 950 2464 1018 granellum
2502 953 2644 1006 forte
2675 970 2859 1007 unum
2894 954 3126 1007 excidit.
3161 953 3275 1009 Hoc
3306 954 3403 1009 ille
3446 962 3509 1009 ut
3554 974 3643 1011 re-

1996 1038 2221 1108 ciperet
2250 1056 2492 1094 manum
2524 1044 2861 1103 extendens,
2899 1042 3206 1097 lenticulas
3235 1060 3376 1112 quas
3408 1060 3475 1099 ea
3506 1063 3642 1100 con-

1998 1128 2222 1181 tinebat
2255 1144 2461 1183 omnes
2492 1129 2698 1184 effudit
2726 1147 2792 1185 ac
2826 1131 3097 1201 perdidit;
3131 1148 3235 1185 nec
3264 1132 3426 1187 illam
3461 1151 3636 1188 unam

1996 1213 2184 1284 ipsam
2221 1233 2395 1285 quam
2432 1234 2601 1272 avare
2630 1220 2897 1286 captabat
2927 1224 3253 1274 assecutus.
3286 1226 3365 1275 De
3409 1226 3463 1275 te
3514 1240 3640 1277 nar-

1999 1309 2184 1358 ratam
2211 1304 2385 1372 hanc,
2410 1307 2933 1376 domine,fabulam
2967 1309 3434 1378 puta.Mulierem
3461 1329 3637 1366 unam

2000 1392 2471 1464 perdidisti,quid
2506 1396 3009 1451 inconsolabiliter
3039 1414 3247 1452 mmres
3271 1399 3298 1451 εἴ
3336 1416 3439 1453 cur
3470 1406 3523 1455 te
3552 1400 3638 1455 lu-

1994 1488 2091 1537 ctu
2125 1483 2545 1538 consumis?En
2580 1484 2763 1539 habes
2796 1503 2895 1555 pro
2931 1503 3045 1540 una
3075 1487 3411 1542 innumeras
3434 1505 3637 1561 :quam

1995 1586 2262 1625 revocare
2295 1571 2504 1641 nequis
2538 1572 2859 1641 desideras,
2893 1591 3043 1644 quas
3075 1575 3235 1629 vides
3268 1575 3504 1631 affluere
3556 1580 3638 1630 fa-

1994 1658 2296 1713 stidis.An
2329 1665 2596 1714 constare
2646 1660 2871 1715 ratione
2915 1662 3021 1714 tibi
3079 1662 3312 1717 videtur
3371 1666 3483 1719 ista
3534 1667 3635 1719 tri-

1914 1780 1961 1843 B
1993 1748 2156 1802 stitia
2171 1747 2198 1801 ‘I

2055 1873 2194 1927 VIII.
2260 1872 2537 1941 Hicfrex,
2592 1890 2766 1945 quem
2826 1890 2962 1944 spes
3020 1874 3306 1929 hactenus
3364 1880 3633 1945 quaedam

1982 1962 2299 2016 lactaverat
2328 1960 2491 2016 dilati
2526 1980 2557 2016 a
2614 1962 2836 2018 Palario
2884 1963 3154 2034 supplicii
3219 1964 3469 2030 Paladis,
3522 1968 3620 2020 ubi

1979 2050 2275 2107 contraria
2304 2052 2659 2107 indicantem
2700 2051 2895 2123 ipsum
2929 2053 3119 2108 verbis
3179 2054 3349 2108 modo
3406 2055 3626 2108 auditis

1980 2140 2416 2206 animadvertit,
2441 2156 2556 2209 quo
2589 2140 3046 2212 certiusaliquod
3082 2141 3315 2197 eliceret
3341 2143 3623 2196 indicium

1978 2230 2115 2285 facti
2183 2230 2253 2284 de
2313 2246 2427 2300 quo
2479 2230 2784 2295 aestuabat,
2832 2230 2975 2292 Uno.
3036 2230 3246 2301 inquit,
3322 2231 3622 2287 excidente

1979 2319 2123 2375 mihi
2152 2318 2413 2391 periram
2439 2319 2779 2389 ﬂagrantem
2806 2320 3197 2391 verbo’ingens
3215 2326 3302 2375 est
3325 2319 3618 2390 piaculum

1976 2407 2325 2464 admissum.
2380 2408 2668 2480 Adquod
2730 2407 2990 2462 Palarius
3049 2409 3314 2480 reposuit
3365 2428 3377 2464 :
3429 2408 3618 2463 Unum

1976 2497 2282 2568 prudentis
2309 2496 2550 2550 verbum
2581 2496 3028 2552 immutabiliter
3070 2498 3251 2552 ﬁxum
3301 2502 3411 2553 est.
3460 2498 3623 2553 Tunc

1976 2603 2073 2642 rex
2106 2585 2261 2639 clare
2285 2586 2409 2655 jam
2444 2584 2851 2655 paenitentiam
2895 2587 3193 2657 profitens,
3240 2584 3407 2640 Dolet
3458 2586 3621 2656 mihi,

1974 2673 2184 2739 Palari,
2228 2675 2330 2742 ait,
2375 2675 2579 2728 orbato
2635 2690 2764 2729 esse
2820 2674 3162 2729 fidelissima
3220 2675 3516 2745 conjuge;
3568 2682 3625 2730 et

1976 2763 2264 2827 Palarius,
2296 2763 2475 2831 Duos,
2524 2762 2719 2833 inquit
2767 2764 3051 2834 quosdam
3097 2764 3291 2819 dolere
3342 2769 3619 2835 Oportet:

1973 2853 2141 2907 illum
2176 2853 2272 2921 qui
2298 2854 2443 2907 bene
2473 2868 2775 2921 nunquam
2810 2853 2962 2920 fecit,
2988 2858 3044 2908 et
3073 2870 3207 2908 eum
3241 2854 3340 2924 qui
3384 2854 3453 2908 de
3509 2872 3619 2909 sua

1976 2941 2183 2996 ultima
2210 2939 2303 2995 die
2335 2940 2567 3011 cogitat.
2629 2942 2777 2995 Tum
2813 2957 2907 2994 rex
2970 2957 2982 2995 :
3043 2940 3102 2996 Si
3149 2941 3344 2995 videre
3402 2942 3613 2996 iterum

1972 3030 2242 3085 Paludem
2298 3044 2554 3099 possem,
2616 3028 2762 3083 nihil
2812 3046 3102 3092 curarem,
3152 3028 3298 3083 nihil
3356 3029 3617 3085 dolerem

1980 3117 2256 3189 amplius.
2292 3118 2372 3171 Ad
2424 3118 2529 3172 hoc
2588 3116 2852 3172 Palarius
2888 3135 2901 3172 ε
2934 3124 3093 3173 Duos
3153 3118 3419 3174 homines
3478 3136 3619 3173 cura

1978 3211 2036 3262 et
2064 3205 2263 3260 dolore
2292 3221 2494 3259 vacare
2531 3205 2616 3258 fas
2660 3208 2750 3259 est
2798 3222 2810 3259 :
2868 3220 3003 3259 eum
3062 3205 3161 3276 qui
3216 3206 3359 3260 bene
3421 3207 3621 3262 multis

1980 3296 2185 3351 fecisse
2216 3294 2327 3348 sibi
2361 3294 2633 3349 conscius
2675 3299 2784 3359 est,
2836 3300 2892 3348 et
2941 3294 3107 3349 illum
3168 3295 3266 3365 qui
3319 3312 3620 3367 nunquam

1981 3382 2537 3455 peccavit.Rex:Urit
2570 3399 2662 3437 me
2710 3383 3068 3437 desiderium
3121 3382 3374 3452 Paladis,
3423 3400 3623 3453 quam,

1979 3474 2090 3529 heu
2122 3474 2250 3527 mel
2290 3489 2594 3542 nunquam
2629 3470 2886 3542 amplius
2918 3472 3143 3525 videbo.
3178 3470 3622 3527 PalariuszDuo

1981 3567 2121 3618 sunt
2148 3563 2248 3631 qui
2282 3578 2395 3615 non
2430 3562 2648 3627 vident,
2683 3577 2870 3614 caecus
2923 3565 2979 3615 ct
3034 3560 3254 3614 stultus
3286 3579 3298 3615 :
3354 3570 3409 3614 ut
3470 3561 3624 3615 enim

1980 3650 2106 3704 coeli
2141 3650 2331 3704 lucem
2365 3665 2552 3703 caecus
2586 3665 2698 3702 non
2724 3648 2989 3718 percipit,
3023 3665 3127 3702 nec
3180 3665 3306 3718 quae
3362 3660 3495 3703 ante
3528 3655 3627 3703 aut

1980 3739 2134 3793 circa
2185 3753 2247 3791 se
2309 3742 2443 3790 sunt
2503 3736 2708 3802 cernit,
2770 3736 2854 3789 sic
2914 3736 3131 3789 stultus
3183 3754 3294 3790 non
3346 3737 3628 3791 discernit

1981 3827 2200 3881 bonum
2236 3842 2267 3879 a
2300 3824 2473 3890 malo,
2506 3824 2875 3893 sequendum
2905 3840 2937 3877 a
2988 3822 3243 3879 vitando.
3279 3824 3397 3877 Rex
3430 3844 3443 3877 :
3471 3825 3624 3878 Nun-

1981 3931 2157 3985 quam
2221 3930 2311 3967 me
2374 3913 2610 3967 satietas
2673 3910 2899 3966 Paladis
2958 3912 3128 3979 cepit.
3192 3911 3452 3965 Palarius
3505 3915 3625 3963 Duo

1982 4006 2240 4076 suntqui
2269 4020 2570 4074 nunquam
2607 4002 2916 4067 satiantur,
2945 4018 3153 4056 avarus
3185 4008 3240 4056 et
3264 4000 3621 4056 luxuriosus.

1980 4100 2102 4151 Rex
2154 4112 2167 4150 :
2221 4095 2465 4149 Revocat
2523 4091 2665 4145 mihi
2728 4092 2810 4145 tui
2883 4095 3231 4161 conspectus
3282 4090 3621 4144 memoriam

1983 4186 2234 4250 Paladis,
2269 4199 2449 4255 quare
2482 4182 2679 4251 procul
2739 4188 2793 4235 te
2844 4200 2875 4236 a
2924 4199 3017 4236 me
3058 4182 3379 4251 abjungere
3418 4182 3628 4234 suadet

1985 4276 2241 4329 animus.
2313 4272 2576 4327 Palarius
2634 4289 2645 4324 ε
2702 4274 2963 4335 Quatuor
3036 4269 3342 4324 hominum
3412 4286 3624 4340 genera

1986 4362 2186 4436 procul
2220 4367 2338 4417 ate
2396 4360 2638 4431 abjungi
2687 4361 2853 4414 decet
2909 4376 2922 4412 :
2984 4358 3217 4428 impios,
3256 4358 3623 4429 insipientes,

1987 4468 2102 4506 non
2153 4449 2495 4504 confitentes
2544 4446 2828 4516 judicium
2889 4452 2944 4501 et
2996 4444 3459 4508 retributionem,
3512 4463 3625 4498 non

1986 4539 2355 4594 dominantes
2405 4536 2706 4590 affectibus
2765 4540 2821 4589 et
2877 4534 3298 4605 cupiditatibus
3359 4534 3626 4604 prOpriis.

1989 4630 2149 4683 Rex:
2184 4626 2272 4681 Vas
2306 4625 2488 4679 mihi!
2550 4626 2761 4678 domus
2804 4640 2932 4678 mea
2981 4622 3205 4694 privata
3257 4626 3345 4676 est
3398 4623 3625 4677 Palade.

1990 4717 2253 4773 Palarius
2282 4733 2294 4770 :
2328 4718 2587 4780 Quatuor
2629 4731 2721 4769 res
2779 4719 2917 4768 sunt
2974 4713 3319 4768 necessariis
3374 4714 3631 4784 privatae,

1990 4808 2200 4863 fluvius
2250 4822 2405 4876 aqua
2461 4820 2687 4869 carens,
2749 4809 2905 4858 terra
2962 4819 3075 4856 nou
3137 4802 3359 4858 habens
3412 4820 3633 4875 regem,

1989 4915 2043 4951 m
2056 4894 2357 4950 ulierdesti
2370 4898 2493 4947 tuta
2505 4892 2611 4946 viri
2634 4893 2946 4958 consortio,
2971 4890 3144 4946 homo
3164 4908 3279 4945 non
3294 4890 3634 4946 discernens

1990 4986 2208 5039 bonum
2236 5000 2267 5037 a
2298 4982 2471 5036 male.
2509 4980 2663 5034 Rex:
2695 4980 2941 5049 lnjuste,
2985 4996 3016 5033 ο
3069 4978 3276 5049 Palari,
3334 4985 3634 5051 perempta

1992 5073 2159 5128 Palas
2182 5076 2307 5137 est;
2343 5076 2400 5124 et
2434 5076 2491 5123 tu
2526 5069 2623 5139 qui
2660 5069 2955 5139 peremisti
3011 5068 3216 5122 multis
3275 5067 3631 5122 cruciatibus

1992 5164 2206 5232 dignus
2239 5160 2592 5213 es.Palarius
2618 5175 2630 5212 :
2657 5158 2801 5212 Tres
2832 5164 2971 5211 sunt
3018 5157 3177 5228 digni
3226 5155 3581 5211 cruciatibus
3618 5170 3630 5207 :

1991 5248 2319 5304 innocentis
2348 5251 2799 5310 accusator,non
2825 5254 3067 5299 vocatus
3099 5244 3360 5299 convivio
3384 5246 3632 5306 irruens,

1992 5344 2049 5392 et
2080 5343 2279 5409 raptor
2310 5335 2659 5391 alienorum.
2688 5335 2825 5405 iRex
2858 5354 2871 5401 ;
2906 5334 3201 5388 Debueras
3263 5347 3372 5383 non
3429 5346 3636 5397 reprae‘

1994 5432 2228 5481 sentare
2260 5431 2378 5479 tam
2417 5426 2621 5479 festiue
2653 5423 3013 5493 supplicium
3050 5419 3297 5481 Paladis,
3321 5418 3421 5470 sed
3450 5418 3505 5469 in
3538 5416 3637 5469 tuli

1994 5534 2174 5571 causa
2229 5514 2736 5585 longanimitatem
2796 5512 3090 5565 adhibere.
3154 5504 3411 5559 Palarius
3449 5522 3460 5557 :
3503 5506 3641 5559 Tres

1997 5606 2273 5661 adhibere
2316 5604 2818 5673 longanimitatem
2868 5598 3127 5651 debent:
3162 5593 3260 5664 qui
3316 5594 3637 5648 maximum
