4002 6202
327 295 459 350 1331
1837 276 2220 330 APPENDIX.
3613 276 3753 332 1332

332 417 631 490 negotium
649 407 1114 480 adoritur,quiin
1135 410 1392 460 montem
1419 403 1668 457 arduum
1695 398 1977 464 ascendit,
2011 400 2061 465 Α
2094 414 2292 468 suum,
2325 403 2382 455 et
2429 416 2666 455 summa
2725 399 2783 456 in
2824 401 3100 457 eumdem
3133 400 3437 456 charitate.
3489 401 3598 457 Hic
3660 418 3760 458 rex

342 487 440 579 qui
479 505 666 576 pisces
702 499 976 556 comedit.
1033 493 1477 552 Reszultum
1509 507 1599 545 me
1631 489 1981 556 contemnis,
2098 487 2388 544 Palarium
2451 490 2710 560 intuens,
2775 492 3165 558 Immensum,
3234 490 3342 559 ait,
3406 491 3566 546 cordi
3629 508 3758 546 meo

339 577 551 660 Palari,
611 591 796 646 serios
857 591 1103 660 questus
1173 599 1334 638 meos
1404 578 1742 636 istuismodi
1812 577 1987 648 nugis
2095 577 2363 634 insevisti
2439 578 2687 643 luctum,
2762 580 3120 636 immensum
3178 579 3314 634 item
3387 580 3473 634 tui
3529 581 3762 647 odium,

341 683 654 754 excipiens.
712 678 973 734 Palarius
1021 693 1034 730 :
1088 674 1193 740 Qui
1245 674 1632 727 contemnunt
1683 684 1875 737 regem
1931 665 1988 720 hi
2101 666 2310 733 Palari,
2351 685 2480 723 mea
2513 668 2854 724 dulcissima
2901 669 3218 725 occidenda
3264 667 3499 724 Palade.
3550 671 3641 724 Ad
3707 671 3762 725 id

344 777 484 829 sunt
519 790 532 827 :
565 772 664 842 qui
701 785 895 825 coram
929 782 995 821 eo
1028 765 1209 836 garrit
1240 762 1364 817 sine
1389 759 1634 829 judicio,
1680 761 1777 829 qui
1821 755 1893 810 ab
1924 772 1990 810 eo
2102 763 2310 813 contra
2354 759 2620 815 Palarius
2663 777 2676 814 :
2721 761 2943 816 Verum
3005 766 3064 816 et
3113 760 3496 816 irrevocabile
3552 761 3760 816 odium

341 864 413 917 de
446 860 801 932 quibusdam
837 852 1334 924 interrogatus,de
1367 849 1497 904 aliis
1529 847 1863 917 respondet,
1889 844 1988 914 qui
2104 849 2255 904 inter
2283 848 2389 904 hos
2419 853 2621 904 mutuo
2652 850 2851 922 viget;
2895 849 3103 922 lupum
3147 856 3205 904 ει
3261 867 3421 919 oves,
3469 850 3641 906 {319m
3704 857 3764 907 οι

342 951 496 1024 apud
532 949 805 1004 eumdem
841 947 910 1001 de
969 945 1041 999 iis
1085 941 1322 996 disserit
1363 955 1489 1009 qure
1541 953 1653 991 non
1696 934 1992 1024 intelligit,
2108 955 2358 1007 murem,
2427 939 2765 1010 accipitrem
2841 945 2899 996 et,
2977 939 3295 1012 ρει-δίκαι,
3381 957 3618 996 σοι-νοω
3706 947 3767 997 οι

343 1023 400 1095 et
429 1041 675 1094 libertus
707 1035 1091 1106 locupletatus
1128 1037 1433 1100 patronum
1456 1023 1992 1080 vexanscalumniis

346 1137 522 1201 atque
555 1130 610 1181 in
637 1127 739 1197 jus
791 1124 1052 1179 trahens.
1101 1122 1217 1174 ltcx
1253 1137 1264 1174 :
1299 1117 1544 1183 Deliras,
1589 1113 1794 1178 Palari,
1856 1111 1996 1166 talia

348 1219 630 1291 garriens.
649 1211 1161 1270 Palariuschlirat
1177 1207 1276 1279 qui
1295 1202 1847 1272 docetstultum,qui
1865 1218 1999 1256 con-

349 1307 581 1364 tradicit
609 1301 997 1376 sapienti,qui
1032 1299 1216 1354 credit
1251 1293 1683 1364 meretrici,qui
1719 1307 1998 1346 arcanum

351 1395 714 1452 suuminfido
729 1408 854 1447 com
869 1387 1143 1443 municat.
1159 1388 1273 1441 Rex
1297 1402 1307 1440 :
1328 1385 1448 1438 Non
1468 1388 1622 1438 recte
1645 1381 1827 1436 fecisti
1845 1380 1999 1435 occi-

355 1488 499 1541 dens
518 1477 1226 1540 Paladem.Palarius:Non
1251 1480 1403 1529 recte
1434 1471 1678 1544 agit,qui
1700 1471 2002 1530 mentitur;

357 1576 457 1645 qui
483 1589 598 1628 non
631 1571 774 1625 vivit
804 1574 867 1623 ut
910 1565 1210 1638 loquitur;
1246 1563 1344 1636 qui
1398 1567 1567 1617 astate
1628 1559 2004 1632 praefervidus

359 1667 457 1720 irae
519 1661 910 1732 obsequitur;
965 1656 1064 1728 qui
1099 1655 1236 1710 sinit
1269 1671 1330 1709 se
1383 1652 1672 1725 implicari
1705 1649 2004 1706 amoribus

2111 1033 2407 1096 noctuam,
2431 1044 2709 1084 cancrum
2732 1036 2790 1084 et
2821 1045 3074 1100 anguem
3108 1046 3122 1085 :
3159 1031 3378 1102 quibus
3405 1031 3761 1086 accensendi

2111 1121 2268 1184 sunt,
2289 1117 2410 1188 qui,
2436 1135 2644 1187 magna
2665 1123 2722 1174 et
2741 1119 2918 1174 veteri
2943 1119 3205 1174 amicitia
3225 1119 3530 1191 dirempta,
3559 1136 3758 1191 cmpe-

2111 1207 2226 1262 rint
2257 1208 2493 1262 tandem
2527 1208 2722 1263 odisse
2751 1207 3021 1264 invicem.
3052 1213 3202 1264 Tum
3239 1226 3340 1265 rex
3373 1226 3388 1262 :
3420 1208 3586 1264 Oculi
3617 1210 3759 1276 mei,

2110 1296 2320 1362 Palari,
2391 1297 2760 1368 requirentes
2825 1315 3054 1369 semper
3123 1298 3402 1354 miseram
3460 1297 3773 1368 Paladem,

2113 1402 2416 1456 nunquam
2477 1386 2752 1458 deinceps
2783 1403 3058 1442 somnum
3093 1387 3388 1442 videbunt.
3427 1387 3579 1442 Octo
3605 1393 3775 1456 sunt,

2115 1474 2373 1546 reposuit
2403 1475 2689 1544 Palarius,
2721 1476 2941 1548 quibus
2993 1494 3136 1533 cura
3188 1493 3464 1534 somnum
3531 1477 3719 1548 eripit
3754 1493 3770 1532 :

2115 1564 2304 1620 multa
2376 1566 2686 1635 possidens
2755 1581 2858 1621 nec
2915 1566 3142 1622 habens
3190 1566 3424 1622 fidelem
3477 1581 3778 1634 servum;

2117 1654 2462 1710 machinans
2496 1671 2692 1711 necem
2728 1656 2911 1712 amico
2943 1661 3046 1712 aut
3064 1655 3401 1712 adversario
3424 1673 3438 1723 ;
3465 1657 3786 1727 deperiens

357 1752 617 1826 pellicis;
649 1749 748 1822 qui
800 1765 908 1804 sua
958 1744 1412 1816 intemperantia
1461 1741 1662 1796 volens
1711 1738 2002 1806 vincitur;
2035 1771 2084 1839 Β
2115 1743 2456 1812 mulierem;
2490 1745 2760 1800 conscius
2801 1759 2865 1800 se
2908 1744 3124 1800 falsum
3182 1744 3407 1800 crimen
3453 1744 3786 1817 impegi”.

356 1843 607 1914 denique
639 1857 736 1898 rex
765 1839 865 1910 qui
899 1835 1178 1894 momenti
1218 1833 1457 1892 maximi
1492 1849 1611 1888 rem
1660 1830 2006 1902 aggrediens

355 1931 600 1988 consilia
630 1927 963 1998 sapientum
993 1942 1109 1980 non
1141 1921 1551 1994 exquirit.ltex
1582 1936 1593 1974 :
1637 1919 1760 1975 Non
1792 1917 2013 1974 vereris

358 2037 573 2089 regem,
611 2027 724 2076 tam
751 2016 930 2071 libere
960 2013 1306 2084 obloquens,
1342 2007 1702 2066 homuncio?
1754 2010 2014 2074 Quatuor

359 2109 622 2180 suntqui
659 2124 772 2162 non
805 2109 1080 2161 verentur
1113 2118 1306 2173 regem
1351 2117 1364 2155 :
1413 2098 1774 2171 gallinaceus
1821 2096 2011 2166 gallus

360 2202 499 2254 dum
568 2199 625 2252 in
693 2212 798 2251 suo
856 2193 1236 2264 resupinatus
1311 2187 1683 2259 sterquilinio
1756 2187 2008 2259 pedibus

361 2288 603 2345 intentis
629 2284 886 2341 occurrit
914 2283 1068 2339 velut
1092 2282 1315 2336 ruituro
1347 2279 1526 2345 cmlo;
1560 2294 1702 2349 grus
1734 2277 2015 2332 insistens

364 2379 464 2434 uni
516 2377 753 2448 pedum,
815 2373 984 2446 quasi
1020 2375 1242 2426 metuat
1302 2386 1374 2423 ne
1433 2369 1480 2423 si
1549 2367 1732 2422 altero
1801 2366 2017 2437 pariter

365 2466 653 2522 innitatur
682 2462 975 2535 deprimat
1004 2466 1218 2518 terram
1253 2459 1433 2513 nimio
1469 2456 1762 2528 pondere;
1798 2454 2016 2509 vermis

369 2555 660 2627 pulverem
695 2568 864 2622 parce
896 2568 1128 2618 vorans,
1171 2549 1324 2618 quod
1360 2550 1580 2602 metuat
1612 2561 1681 2600 ne
1713 2562 1858 2600 suus
1879 2562 2014 2601 eum

368 2643 535 2699 cibus
566 2641 816 2707 deficiat,
852 2645 909 2695 et
938 2637 1272 2710 vespertilio
1308 2641 1484 2692 noctu
1527 2639 1754 2690 tantum
1788 2634 2014 2700 volans,

368 2748 442 2786 ne
470 2730 517 2786 si
555 2746 656 2802 per
686 2729 839 2785 diem
873 2731 1199 2798 appareret,
1233 2743 1338 2780 sua
1372 2723 1811 2798 pulchritudine
1839 2739 2013 2779 vena-

365 2827 562 2878 torum
623 2819 694 2876 ad
762 2818 851 2872 sui
912 2816 1175 2888 rapinam
1238 2814 1588 2887 cupiditates
1653 2813 2013 2869 accenderet.

366 2910 724 2966 Rex:Heul
781 2922 1084 2978 nunquam
1148 2903 1377 2975 uspiam
1437 2902 1643 2958 videbo
1703 2901 2013 2958 mulierem

365 2997 564 3055 Paladi
596 2996 874 3054 similem.
910 2994 1174 3052 Palarius
1209 3011 1222 3048 :
1255 2995 1516 3060 Quatuor
1563 2996 1702 3047 sunt
1747 2991 2014 3047 inemen-

369 3085 588 3144 dabilia
643 3105 656 3143 :
719 3085 929 3141 mulier
989 3083 1178 3156 palam
1239 3086 1475 3138 assueta
1546 3081 1894 3154 prostituere
1944 3095 2008 3136 se

373 3175 700 3249 plurimis;
761 3148 1239 3247 loquax-solitus
1309 3148 1594 3238 mentiri‘;
1663 3148 2078 3242 imprudensC

379 3266 652 3337 opinione
702 3264 792 3318 sui
844 3262 1131 3327 tumidus,
1176 3266 1233 3316 et
1282 3259 1674 3315 calumniator
1722 3257 2025 3314 insidiosis

384 3352 918 3411 machinationibus
948 3367 1179 3422 semper
1207 3349 1490 3404 intentus.

460 3445 557 3499 IX.
583 3443 700 3498 Hoc
759 3440 967 3495 ultimo
1029 3453 1236 3510 parum
1278 3438 1336 3491 in
1399 3437 1651 3509 speciem
1702 3436 2027 3493 coherente

383 3548 664 3604 responso
696 3528 959 3585 Palarius
992 3528 1110 3598 regi
1138 3526 1470 3598 desperanti
1521 3525 1715 3581 videre
1767 3542 2025 3595 unquam

382 3623 639 3695 amplius
663 3621 961 3683 Paladem,
991 3635 1091 3691 per
1112 3619 1390 3689 ambages
1420 3616 1722 3684 innuebat,
1757 3617 1908 3672 haud
1945 3617 2027 3674 ita

379 3731 558 3780 esse;
631 3727 818 3782 neque
875 3708 1030 3764 enim
1109 3707 1179 3762 ad
1243 3723 1432 3762 rerum
1505 3705 2024 3762 inemendabilium

378 3805 631 3859 classem
689 3815 944 3856 errorem
998 3815 1067 3853 ea
1124 3798 1249 3852 neei
1311 3797 1634 3852 addicenda
1693 3797 2023 3852 admissum

381 3893 691 3964 pertinere.
762 3888 1047 3960 Deinceps
1124 3904 1296 3958 porro
1373 3903 1469 3941 rex
1533 3885 1590 3940 id
1662 3903 1777 3940 non
1861 3887 2024 3941 visus

375 3981 726 4053 intelligere,
759 3979 974 4034 clarius
1017 3975 1304 4048 expressit
1361 3975 1578 4030 doloris
1635 3980 1692 4030 et
1742 3975 2020 4030 desiderii

374 4071 844 4146 magnitudinem
896 4069 1009 4139 sui,
1071 4069 1226 4122 hunc
1296 4067 1354 4122 in
1416 4069 1654 4123 modum
1717 4067 2018 4135 loquens:

372 4166 673 4221 fEternum
709 4159 1044 4215 exsulahite
1075 4160 1244 4213 corde
1279 4173 1368 4212 me
1399 4157 1701 4226 gaudium,
1735 4163 2019 4212 aeternum

372 4257 430 4310 in
464 4271 528 4309 eo
550 4251 718 4306 dolor
743 4247 1108 4305 domicilium
1161 4247 1416 4313 habebit,
1469 4263 1501 4301 ο
1549 4245 1734 4300 Palziri
1782 4252 2022 4318 propter

373 4343 673 4398 Paludem.
718 4339 802 4394 Ad
836 4339 956 4394 haec
1011 4337 1278 4393 Palarius
1337 4335 1597 4407 reposuit
1630 4353 1642 4390 :
1675 4335 2021 4392 Justissima

371 4431 603 4487 dolendi
637 4446 814 4486 causa
864 4432 953 4483 est
1015 4425 1256 4481 amissio
1305 4424 1566 4479 mulieris
1618 4424 1709 4479 his
1763 4425 2020 4495 praeditas

371 4519 608 4576 dotibus
663 4537 674 4573 :

373 4612 607 4675 borum,
639 4608 967 4664 nobilitate.
990 4607 1192 4672 forma,
1217 4603 1613 4659 submissione
1644 4619 1777 4675 erga
1830 4605 2020 4661 virum

2016 4754 2093 4769 —

2119 1832 2321 1888 ulcisci
2351 1831 2605 1902 valenti;
2641 1849 2862 1906 pauper
2891 1852 2926 1888 a
2956 1850 3072 1906 quo
3120 1834 3377 1906 exigitur
3428 1835 3590 1906 quod
3656 1848 3780 1891 non

2120 1923 2326 1989 habet;
2390 1939 2542 1994 aeger
2599 1923 2802 1978 morbo
2858 1925 3220 1979 decumbens
3262 1923 3426 1996 gravi
3484 1924 3616 1979 sine
3673 1937 3790 1996 ope

2120 2011 2328 2066 medici
2365 2028 2377 2065 :
2415 2012 2662 2068 maritus
2685 2012 2999 2080 adulteras;
3034 2013 3195 2067 dives
3236 2029 3457 2085 parcus
3518 2013 3789 2084 inopiam

2121 2107 2420 2169 metuens;
2467 2101 2682 2173 quibus
2740 2104 3047 2158 addendus
3095 2108 3186 2158 est
3233 2119 3356 2158 rem
3428 2102 3793 2158 desiderans

2121 2208 2297 2262 quam
2332 2192 2613 2263 consequi
2646 2208 2758 2247 non
2793 2197 3001 2264 potest.
3037 2192 3141 2247 His
3175 2209 3270 2247 rex
3300 2192 3462 2247 eludi
3497 2209 3563 2247 se
3622 2193 3783 2246 indi-

2121 2298 2330 2352 gnans,
2365 2282 2581 2335 irratus
2613 2281 2758 2336 dixit
2818 2300 2829 2337 :
2885 2283 3200 2352 Nunquam
3262 2282 3529 2352 amplius
3584 2286 3784 2336 tecum

2122 2371 2438 2442 colloquar,
2491 2370 2698 2426 Palari.
2749 2373 2814 2426 At
2872 2371 3136 2426 Palarius
3186 2388 3199 2426 :
3251 2372 3485 2443 Indigni
3548 2372 3642 2442 qui
3711 2371 3787 2426 ad

2122 2459 2481 2529 colloquium
2517 2461 2908 2515 admittuntur
2939 2461 2992 2515 hi
3025 2467 3213 2516 sunt:
3247 2462 3349 2532 qui
3379 2461 3622 2515 fratrem
3658 2461 3792 2516 odit

2121 2566 2190 2605 ex
2214 2549 2358 2603 falsa
2388 2566 2601 2617 causa;
2635 2549 2811 2604 homo
2844 2567 3125 2622 arrogans
3151 2569 3164 2618 ;
3190 2552 3289 2622 qui
3320 2550 3561 2605 divitias
3585 2550 3794 2606 anima

2123 2639 2359 2710 prepria
2437 2639 2573 2710 plus
2650 2639 2925 2707 aestimat,
3003 2640 3102 2710 qui
3163 2640 3518 2695 contradicit
3573 2655 3793 2696 servus

2122 2727 2387 2792 domino,
2419 2727 2746 2800 discipulus
2769 2729 3206 2799 magistro.Sub
3235 2729 3356 2782 haac
3388 2745 3510 2794 rex,
3544 2734 3610 2783 ut
3662 2733 3797 2784 erat

2122 2832 2408 2887 suspenso
2440 2815 2640 2870 animo
2676 2831 2882 2886 parum
2929 2820 3192 2872 attentus
3221 2816 3291 2870 ad
3323 2817 3550 2881 audita,
3587 2815 3798 2887 inopi-

2122 2909 2256 2960 nate
2296 2903 2639 2959 exclamavit
2677 2921 2691 2959 :
2735 2904 2918 2960 Nemo
2965 2909 3053 2959 est
3109 2904 3169 2958 in
3218 2904 3500 2960 omnibus
3557 2903 3803 2976 peccati

2121 2997 2410 3065 expers,et
2439 2992 2614 3047 homo
2658 2993 2952 3064 perfectus
2981 2993 3141 3047 omni
3177 3007 3246 3048 ex
3280 2997 3452 3066 parte
3483 3007 3798 3064 nusquam

2120 3082 2577 3154 rcperieturﬁio
2611 3080 2810 3137 relicto
2831 3081 3095 3137 Palarius
3154 3098 3286 3155 rege
3322 3082 3498 3154 pleno
3559 3082 3799 3148 luctus,

2133 3174 2192 3227 in
2220 3171 2548 3226 miserrima
2578 3171 2985 3242 desperatione
3015 3169 3275 3228 videndis
3307 3187 3576 3243 unquam
3591 3172 3802 3228 dilec'

2133 3261 2377 3317 tissimze
2421 3260 2712 3331 conjugis,
2753 3260 2927 3331 paulo
2985 3269 3113 3330 post
3171 3261 3362 3316 adfuit
3407 3266 3717 3316 evocatam
3774 3277 3806 3317 θ

2136 3351 2398 3415 latebris,
2430 3355 2487 3406 et
2516 3365 2650 3406 cum
2701 3355 2905 3406 caetero
2963 3351 3121 3422 regio
3168 3350 3330 3406 cultu
3391 3355 3514 3406 tum
3567 3367 3801 3407 corona

2133 3441 2235 3496 illa
2261 3439 2657 3512 pulcherrima
2686 3445 2953 3495 ornatam
2984 3441 3283 3496 adducens
3323 3441 3626 3496 Paludem.
3646 3442 3804 3498 Eam

2133 3548 2249 3602 quo
2315 3530 2527 3600 gaudio
2591 3546 2689 3584 rex
2743 3529 2973 3596 viderit,
3028 3532 3247 3602 quibus
3319 3531 3544 3586 amoris
3602 3532 3802 3604 signis

2131 3620 2438 3692 exceperit,
2501 3618 2772 3689 subjiciat
2812 3619 2922 3674 sibi
2967 3621 3241 3691 quisque,
3305 3619 3392 3674 uti
3449 3623 3510 3675 et
3571 3622 3800 3692 quibus

2132 3709 2408 3764 laudibus
2435 3707 2636 3763 Palarii
2703 3708 3072 3780 prudentiam
3130 3708 3443 3775 extulerit;
3497 3715 3795 3780 quantum

2130 3799 2200 3853 ad
2262 3798 2512 3869 priorem
2579 3797 2638 3852 in
2686 3796 2881 3869 ipsum
2940 3797 3234 3852 addiderit
3291 3798 3795 3864 benevolentiam,

2130 3903 2305 3960 quam
2339 3887 2574 3958 quidem
2626 3887 3072 3958 pretiosissimis
3121 3886 3322 3942 statim
3378 3887 3555 3943 donis
3607 3887 3799 3943 voluit

2129 3975 2829 4032 testatamBrachmanas
2872 3992 3040 4046 porro
3077 3975 3458 4033 insidiatores
3506 3979 3794 4050 perﬁdos,

2127 4073 2182 4122 et
2239 4066 2464 4121 consilii
2524 4063 2888 4136 sanguinarii
2957 4066 3452 4120 sceleratissimus
3484 4073 3795 4138 auctores,

2129 4160 2510 4226 congregatos
2555 4155 2858 4209 universos
2909 4170 3104 4210 coram
3153 4169 3216 4210 se
3261 4155 3454 4224 jussit
3513 4156 3792 4211 interﬁci.

2128 4247 2244 4301 Hoc
2277 4244 2539 4316 exemplo
2573 4249 2752 4315 patet,
2793 4244 2913 4316 regi
2947 4245 3014 4298 ad
3049 4260 3216 4299 suam
3268 4246 3554 4300 tuendam
3601 4263 3790 4316 paca-

2127 4342 2244 4390 tam
2278 4340 2452 4405 atque
2494 4333 2848 4388 incolumem
2909 4334 3149 4388 domum
3211 4337 3267 4387 et
3325 4336 3792 4406 rempublicam.

2125 4427 2516 4480 instrumenta
2590 4423 2954 4478 efficacitatis
3032 4423 3339 4495 praecipuae
3413 4425 3536 4479 hinc
3592 4442 3795 4482 esse:

733 4518 1037 4590 pudicitia,
1089 4514 1422 4586 prudentia,
1479 4513 1836 4584 parcimonia
1883 4531 2011 4568 ver-
2043 4521 2088 4584 D
2125 4514 2520 4587 prudentiam,
2552 4511 2912 4584 patientiam,
2951 4513 3248 4584 sapientes
3293 4513 3697 4583 consiliarios,
3734 4521 3796 4570 et

2133 4604 2439 4660 mulierem
2472 4601 2789 4655 cordatam.

1445 4856 1961 4917 DISSERTATIO
2007 4858 2100 4916 PA
2113 4856 2504 4917 RABOLICA
2549 4854 2676 4914 Vlll
2688 4897 2703 4913 .

375 4973 689 5035 Cautz’ones
742 4964 1084 5048 praescribit
1118 4965 1404 5024 tenendas
1475 4963 1532 5021 in
1588 4961 1881 5023 amicitiis
1935 4969 2308 5055 quaestuosae,
2372 4963 2645 5042 temporis
2715 4959 2903 5018 solum
2981 4967 3039 5019 et
3108 4965 3304 5019 mutui
3373 4978 3522 5019 usus
3603 4979 3804 5023 causa

1892 5055 2220 5104 contractis
2239 5091 2250 5103 .

436 5188 565 5244 Alia
595 5184 687 5240 die
746 5179 1011 5253 poscenti
1070 5177 1454 5234 Abessalomo
1506 5178 1625 5250 regi
1687 5177 1888 5232 audire
1947 5179 2018 5233 de

367 5274 642 5334 amicitiis
701 5269 986 5341 temporis
1049 5284 1228 5322 causa
1277 5267 1333 5321 in
1395 5267 1697 5322 communi
1759 5267 2018 5338 periculo

369 5364 706 5426 contractis,
785 5356 1066 5414 disseruit
1124 5357 1181 5409 in
1252 5355 1406 5409 hunc
1472 5358 1710 5410 modum
1775 5350 2017 5429 gymno-

370 5455 652 5527 sophista.

445 5548 487 5601 Ι.
521 5545 644 5599 Non
676 5555 879 5596 omnes
928 5534 1198 5591 amicitia:
1245 5549 1431 5586 aevum
1477 5534 1692 5598 ferunt,
1741 5551 1844 5589 nec
1888 5552 2018 5591 vero

376 5641 539 5692 notas
563 5631 676 5688 alia
705 5644 968 5701 unquam
1004 5625 1151 5680 inire
1184 5639 1359 5694 quam
1396 5626 1610 5677 aeterna
1644 5622 1868 5680 facdera.
1922 5626 2021 5678 Est

2128 5194 2264 5231 cum
2298 5175 2472 5230 etiam
2509 5174 2672 5247 probi
2705 5189 2770 5228 ac
2801 5173 3098 5244 sapientes
3131 5190 3244 5228 non
3278 5180 3553 5230 recusant
3582 5179 3805 5234 conci-

2129 5267 2431 5321 liationem
2467 5282 2599 5320 cum
2647 5263 2907 5328 inimico,
2953 5261 3136 5316 vicem
3185 5267 3415 5318 tantum
3468 5280 3536 5320 ac
3586 5269 3805 5323 condi-

2133 5356 2352 5410 tionem
2386 5352 2757 5407 induciarum
2791 5350 3146 5405 habituram.
3181 5351 3290 5410 Res
3349 5350 3455 5407 hoc
3511 5357 3801 5428 exemplo

2133 5443 2546 5499 declarabitur.
2621 5440 2770 5496 Felis
2830 5439 2888 5494 in
2967 5443 3168 5495 trunco
3245 5446 3483 5496 vetustae
3558 5443 3804 5501 arboris

2136 5532 2503 5588 domicilium
2535 5529 2938 5595 l'ialyebanncc
2981 5525 3151 5599 longe
3200 5528 3335 5583 hinc
3387 5546 3523 5585 cavo
3571 5534 3800 5604 exiguo

2145 5622 2449 5676 habitabat
2483 5638 2634 5676 mus.
2693 5615 2868 5673 Nocte
2910 5617 3162 5687 quadam
3225 5617 3468 5674 ambivit
3515 5622 3798 5680 arborem
