3984 6202
315 219 461 274 1333

1316 220 1678 273 SPECIMEN
1716 220 2119 291 SAPIENTLE
2156 220 2489 285 INDORUM
2529 223 2673 276 VET

3591 232 3728 286 1331

311 344 535 402 retibus
567 345 834 407 venator,
864 344 922 397 et
952 341 1159 413 ignara
1191 340 1538 398 insidiarum
1600 344 1734 395 ante
1776 340 1967 395 lucem
2000 341 2052 406 Α
2084 342 2428 414 Increpabat
2459 344 2542 399 sic
2597 350 2973 404 cunctantem
3036 349 3200 407 falis:
3262 353 3409 417 Quid
3464 355 3723 425 dubitas,

312 436 443 491 felis
472 434 694 505 exiens,
729 432 1031 504 implicata
1062 431 1291 505 laqueis
1324 436 1429 495 est.
1482 430 1643 489 Vidit
1699 446 1827 489 eam
1887 430 1967 484 ita

246 518 249 521 ⁴
311 526 568 583 vinctam
599 539 918 594 erumpens
978 538 1115 576 cavo
1153 538 1257 578 suo
1292 518 1598 579 musculus
1630 524 1685 573 et
1728 518 1963 589 gavisus

311 621 423 683 est,
456 615 559 671 sed
590 614 821 669 brevem
855 612 906 667 ei
965 610 1225 673 laetitiam
1286 610 1565 685 ingruens
1624 607 1841 678 duplici
1896 624 1965 663 ex

308 703 571 777 periculo
629 706 826 759 motus
882 718 1095 773 anceps
1174 699 1326 757 fecit.
1404 698 1744 771 Suspiciens
1810 696 1962 769 enim

307 795 686 851 insistentem
735 792 955 856 arbori,
1016 794 1072 846 et
1121 790 1309 845 facere
1349 789 1405 843 in
1431 788 1800 860 seimpetum
1827 802 1961 842 noo-

308 892 473 941 tuam
512 887 841 955 parantem,
874 898 1007 937 cum
1042 880 1307 951 refugere
1341 879 1397 933 in
1433 895 1601 935 suam
1654 892 1961 953 cavernam

306 974 503 1040 vellet,
533 973 889 1029 subeuntem
913 987 979 1026 eo
1014 968 1332 1041 nympham
1363 967 1796 1024 animadvertit.
1858 966 1960 1029 Ilio

303 1065 603 1120 enimvero
635 1064 1050 1118 consternatus
1113 1058 1476 1123 discrimine,
1521 1062 1579 1111 et
1617 1057 1784 1113 anxie
1817 1054 1958 1115 deli-

311 1153 695 1209 bezahundus
732 1150 1009 1207 haerebat.
1069 1148 1219 1214 Quid
1288 1164 1457 1218 agam
1489 1147 1516 1200 ?
1547 1150 1647 1202 aut
1700 1164 1813 1216 quo
1867 1160 1957 1205 me

302 1248 532 1299 vertam
566 1243 591 1297 ‘I
620 1256 815 1296 secum
850 1239 1035 1295 aiens.
1071 1239 1126 1291 Si
1158 1254 1361 1293 cavum
1397 1253 1589 1293 meum
1640 1236 1955 1307 ingrediar,

310 1330 613 1386 devorabit
644 1344 733 1385 me
766 1327 1062 1400 nympha;
1098 1325 1147 1380 si
1208 1331 1405 1385 autem
1466 1325 1562 1381 hic
1620 1326 1953 1395 persistam,

307 1425 413 1476 aut
446 1420 644 1474 dextra
673 1417 986 1473 sinistrave
1031 1418 1229 1487 fugere
1287 1415 1616 1487 aggrediar,
1680 1413 1957 1472 involabit

293 1513 357 1567 in
394 1526 487 1565 me
520 1512 768 1575 noctua;
802 1508 852 1563 si
900 1506 997 1563 feli
1050 1523 1143 1562 me
1195 1508 1559 1571 admoveam,
1621 1506 1813 1576 praeda
1868 1503 1954 1559 illi

299 1601 461 1656 tiam.
497 1599 623 1654 Non
655 1597 1114 1669 despondendus
1148 1600 1342 1652 tamen
1375 1599 1465 1651 est
1494 1594 1765 1653 animus:
1797 1593 1954 1666 inge-

2078 430 2261 498 aicns,
2288 437 2406 487 tam
2442 434 2555 488 cito
2580 435 2729 491 redis
2753 436 2820 501 ad
2842 438 3080 508 genium
3106 439 3134 495 ‘I
3153 440 3232 497 ita
3255 442 3445 498 brevis
3465 449 3554 499 cst
3579 445 3721 501 fides

2076 518 2343 574 amicitize
2366 522 2578 591 juratze
2609 523 2635 578 ?
2665 523 2911 581 Sincera:
2945 526 3099 597 (mus
3132 528 3233 599 ait)
3265 532 3536 601 equidem
3574 534 3718 590 mihi

2071 610 2341 665 conscius
2368 610 2682 671 voluntatis
2713 630 2843 673 sum
2884 617 2941 671 in
2978 617 3188 674 fcedere
3220 619 3372 677 inter
3434 638 3539 674 nos
3574 622 3716 677 inito

2074 698 2376 766 servando,
2410 700 2512 755 sed
2545 717 2660 771 quo
2691 705 2750 757 tu
2787 703 2983 760 futura
3016 706 3097 762 sis
3133 707 3330 762 animo
3365 709 3461 763 ubi
3507 725 3597 764 me
3657 711 3715 766 in

2076 790 2358 856 potestate
2381 788 2659 853 habueris
2683 808 2915 862 vereor;
2942 812 3074 849 nam
3103 797 3389 853 naturalis
3438 798 3716 855 inclinato

2073 892 2187 931 non
2222 881 2503 943 mutatur,
2539 884 2637 932 aut
2656 881 2702 933 si
2730 898 2842 952 qua
2866 883 2915 937 ei
2938 885 3023 940 vis
3048 885 3307 953 affertur,
3330 904 3443 941 non
3470 892 3714 958 perstat;

2075 970 2397 1041 propterea,
2434 983 2568 1020 cum
2599 968 2744 1027 nihil
2773 976 2999 1042 urgeat,
3036 975 3224 1031 tutius
3278 992 3485 1031 censeo
3546 977 3717 1032 relin-

2072 1070 2248 1124 quere
2311 1059 2366 1108 te
2422 1055 2613 1110 adhuc
2665 1074 2778 1112 uno
2838 1061 3214 1121 constrictam
3272 1063 3524 1131 vinculo,
3608 1066 3717 1121 hoc

2070 1158 2299 1214 quoque
2315 1148 2596 1216 rupturus
2630 1162 2763 1201 cum
2800 1152 3099 1209 maturum
3121 1152 3360 1209 erit.Sic
3374 1154 3718 1225 aliquandiu

2072 1233 2322 1303 perstitit
2354 1250 2631 1290 mussans
2664 1238 2855 1306 quoad
2891 1239 3012 1293 sole
3036 1241 3160 1309 jam
3195 1246 3415 1308 exorto,
3446 1252 3500 1299 et
3541 1262 3713 1299 vena-

2065 1321 2208 1375 toris
2239 1322 2608 1381 adventantis
2631 1325 2875 1397 strepitu
2938 1333 3123 1398 cmpto
3185 1332 3395 1399 audiri,
3455 1333 3715 1388 residum

2067 1413 2409 1481 tempestive
2432 1415 2718 1486 confregit
2751 1416 2937 1483 ﬁlum,
2970 1418 3291 1490 proculque
3322 1422 3517 1477 statim
3544 1424 3711 1493 fugit;

2068 1498 2161 1554 feli
2197 1501 2425 1567 solutae,
2457 1501 2543 1556 vel
2579 1503 2624 1556 si
2660 1504 2886 1559 deesset
2937 1506 3100 1573 fides,
3155 1510 3451 1563 venatoris
3512 1516 3709 1565 tamen

2066 1589 2345 1645 instantis
2377 1597 2566 1646 metus
2601 1592 2945 1664 insequendi
2986 1598 3169 1651 muris
3202 1598 3513 1652 consilium
3549 1617 3713 1654 excu-

296 1692 465 1747 nium
498 1689 556 1744 in
590 1689 906 1761 angustiis,
949 1687 1231 1755 cernitur,
1293 1685 1635 1781 excogitabo
1690 1685 1949 1781 aliquam
1985 1712 2031 1781 B
2064 1681 2229 1780 teret:
2264 1680 2701 1781 Ergo-nympha
2733 1683 2923 1738 obiter
2953 1686 3247 1781 exterrita,
3308 1691 3362 1741 et
3420 1706 3486 1742 ex
3544 1692 3713 1744 antro

294 1780 513 1838 salutis
542 1780 721 1837 viam.
753 1778 830 1833 Ea
856 1776 1298 1848 circumspectis
1320 1775 1550 1833 cunctis
1574 1792 1687 1831 non
1714 1774 1950 1831 aliunde

293 1867 677 1941 quamefele
735 1867 1098 1922 ostenditur:
1157 1865 1421 1935 experiar
1478 1880 1606 1920 eam
1667 1862 1947 1936 alloquio.

295 1960 392 2015 Sic
431 1959 719 2014 accedens
751 1964 1041 2028 quantum
1076 1959 1198 2011 tuto
1233 1954 1419 2028 potuit
1475 1955 1545 2008 ad
1606 1953 1947 2015 intricatam

295 2049 403 2104 reti
435 2048 617 2115 felim,
653 2044 852 2113 Satin’,
886 2044 1098 2117 inquit,
1133 2044 1304 2100 salvae
1338 2060 1431 2100 res
1463 2047 1602 2097 sunt
1665 2052 1773 2097 tuas
1797 2043 1823 2097 ?
1887 2048 1952 2098 Et

295 2130 454 2196 felis,
519 2128 753 2183 Gaudes
804 2126 1049 2196 scilicet,
1112 2126 1214 2191 ait,
1267 2142 1358 2179 me
1419 2124 1804 2195 deprehensa,
1882 2141 1947 2179 ac

298 2220 523 2275 miserae
558 2216 835 2273 insultas.
872 2218 1020 2270 Tum
1058 2234 1189 2271 mus
1227 2233 1238 2269 :
1273 2216 1621 2284 Gauderem,
1656 2220 1721 2270 ut
1775 2216 1944 2282 dicis,

292 2310 342 2364 si
378 2325 622 2365 securus
654 2324 867 2376 essem,
902 2323 1057 2360 nunc
1090 2306 1324 2383 propria
1348 2303 1771 2377 mihipericula
1794 2305 1947 2359 cala-

297 2398 521 2455 mitatis
555 2397 756 2453 aliena:
791 2397 1042 2452 fructum
1073 2396 1392 2451 excutiunt.
1428 2394 1603 2449 Vides
1628 2394 1946 2466 nympham

296 2488 629 2562 pervasisse
663 2504 859 2541 meum
896 2503 1123 2552 cavum,
1186 2483 1482 2558 simulque
1538 2484 1945 2540 imminentem

290 2579 351 2633 in
391 2579 500 2632 mei
538 2576 804 2649 rapinam
839 2591 1090 2648 superne
1125 2578 1417 2627 noctuam.
1450 2573 1614 2627 Nunc
1638 2588 1763 2645 age,
1789 2574 1944 2644 quod

290 2666 685 2722 communiter
714 2663 966 2735 expedit,
1000 2662 1383 2719 conciliemur
1414 2662 1681 2729 invicem,
1713 2678 1945 2732 pacem-

293 2773 409 2829 que
444 2754 749 2824 faciamus,
776 2754 868 2809 his
897 2753 1149 2827 legibus,
1186 2756 1248 2806 et
1281 2768 1407 2823 ego,
1434 2751 1649 2823 quibus
1682 2751 1941 2820 vinciris,

286 2862 561 2917 rumpam
596 2844 861 2916 laqueos,
927 2849 988 2898 tu
1053 2841 1371 2915 nympham
1435 2839 1662 2895 occidas
1720 2841 1941 2913 praeda-

290 2937 499 2993 tricem
536 2952 746 2990 meam.

368 3026 440 3080 ΙΙ.
474 3026 737 3080 Probavit
767 3023 1032 3094 impense
1067 3022 1253 3078 muris
1287 3019 1744 3095 propositionem
1781 3019 1927 3087 felis,

2066 1769 2251 1824 muris
2282 1771 2487 1840 ejecta,
2522 1770 2675 1826 saltu
2718 1773 3061 1827 conscendit
3109 1776 3407 1829 arborem.
3473 1778 3713 1832 Mcestus

2058 1861 2301 1914 venator
2332 1860 2583 1915 fractum
2618 1865 2735 1916 rete
2765 1862 3293 1919 reconcinnaturus
3317 1866 3583 1919 abstulit.

2134 1948 2230 2002 ΠΙ.
2268 1948 2439 2003 Pauci
2475 1964 2541 2003 ex
2576 1948 2683 2004 hoc
2716 1949 2838 2005 dies
2891 1951 3196 2016 ﬂexerant,
3255 1970 3387 2007 cum
3414 1955 3709 2025 prodeun-

2057 2041 2198 2107 tem,
2236 2042 2439 2108 pastus
2472 2055 2649 2093 causa
2681 2040 2999 2110 quaerendi,
3033 2059 3062 2096 e
3086 2060 3193 2097 sua
3215 2060 3459 2099 caverna
3482 2061 3709 2098 murem

2062 2126 2263 2198 procul
2301 2126 2431 2181 telis
2464 2129 2719 2183 intuens.
2747 2131 2868 2195 Quo
2925 2148 2957 2184 a
3016 2149 3127 2199 me,
3188 2133 3424 2202 clamat,
3478 2150 3711 2204 semper

2056 2217 2417 2271 vitabundus
2450 2216 2796 2289 digrederis,
2843 2219 3059 2275 oblitus
3119 2221 3386 2277 amicitia:
3441 2224 3650 2291 juratre
3683 2224 3709 2277 ?

2054 2306 2191 2376 Age,
2218 2307 2384 2374 aude,
2415 2307 2623 2361 accede
2652 2308 2721 2361 ad
2776 2324 2888 2373 me,
2942 2309 3216 2381 amplecti
3268 2315 3323 2365 te
3384 2329 3448 2365 ac
3509 2329 3705 2366 remu-

2057 2411 2259 2449 nerare
2293 2411 2396 2466 pro
2433 2395 2654 2450 meritis
2688 2397 2857 2467 cupio
2882 2396 3168 2453 libertatis
3191 2402 3245 2454 et
3310 2399 3516 2454 salutis
3574 2401 3704 2456 vin-

2057 2484 2243 2539 dicem
2277 2501 2437 2539 mere.
2472 2485 2574 2540 Cui
2609 2503 2738 2539 mus
2762 2504 3076 2559 parumper
3109 2488 3473 2549 subsistens.
3526 2490 3704 2545 inter-

2054 2572 2202 2627 vallo
2238 2578 2431 2628 tamen
2468 2574 2609 2628 satis
2658 2592 2871 2646 magno
2922 2576 3138 2643 medio,
3197 2578 3427 2645 Nostra,
3485 2580 3703 2650 inquit,

2055 2661 2314 2718 amicitia
2334 2662 2669 2732 complexus
2696 2681 2810 2718 non
2840 2664 3106 2735 requirit,
3134 2682 3237 2720 nec
3262 2666 3512 2723 libenter
3534 2686 3703 2724 oscu-

2053 2751 2206 2806 larer
2236 2752 2398 2806 labra
2421 2752 2696 2823 contigua
2728 2754 3003 2809 dentibus
3030 2756 3304 2810 mandere
3339 2758 3447 2811 mei
3481 2758 3706 2813 similes

2054 2841 2263 2897 solitis.
2298 2846 2580 2896 Amemus
2632 2859 2659 2896 e
2713 2842 3039 2914 longinquo
3090 2861 3315 2900 censeo.
3374 2847 3488 2902 Nec
3539 2848 3707 2902 aliter

2054 2929 2190 2985 fecit
2226 2946 2485 3001 unquam
2522 2947 2652 2985 mus
2701 2932 2996 3001 providus,
3059 2933 3211 2988 haud
3272 2935 3469 2990 minus
3527 2953 3702 3007 quam

2055 3023 2186 3073 ante
2218 3017 2424 3073 sedulo
2456 3019 2645 3073 vitans
2681 3036 2750 3074 ne
2777 3036 2838 3075 se
2871 3021 2967 3076 feli
2997 3022 3408 3092 committeret,
3444 3029 3545 3078 aut
3602 3040 3700 3079 ex-

288 3118 351 3170 et
382 3129 605 3184 magnae
638 3083 915 3171 mercedis
940 3083 1370 3182 propositiones
1403 3108 1635 3178 adjecit,
1696 3108 1743 3162 si
1804 3108 1931 3181 ejus
1962 3083 2003 3149 c
2044 3108 2340 3180 periundaa
2384 3125 2489 3162 suo
2522 3109 2739 3164 damno
2793 3111 3053 3181 perfidiae
3104 3112 3471 3169 occasionem
3532 3116 3698 3171 daret

287 3204 573 3259 beneﬁcio
603 3218 663 3257 se
694 3199 833 3256 solvi
858 3200 1242 3272 contingeret.
1269 3198 1415 3275 Ergo
1441 3198 1629 3252 foedus
1653 3197 1931 3265 inierunt,

279 3298 341 3349 et
385 3309 515 3347 mus
564 3292 711 3349 citra
762 3309 985 3349 moram
1039 3292 1214 3364 erepit
1268 3289 1362 3345 fila
1422 3289 1561 3345 retis
1610 3289 1932 3344 arrodendo

283 3383 578 3453 frangere.
612 3380 805 3437 Unum
836 3397 903 3443 ex
934 3381 1027 3435 his
1057 3387 1254 3436 tamen
1305 3378 1542 3450 reliquit
1588 3394 1702 3450 quo
1742 3377 1934 3433 adhuc

283 3470 420 3525 felis
457 3474 793 3538 teneretur;
828 3487 942 3525 non
974 3469 1131 3524 enim
1180 3467 1352 3540 plane
1414 3466 1630 3522 fidebat
1678 3466 1933 3521 reconci-

271 3559 432 3619 liatae
466 3560 670 3631 gratia
705 3558 818 3617 nisi
852 3558 1097 3632 pignore
1143 3557 1253 3613 sibi
1314 3554 1547 3613 certiori
1609 3559 1933 3610 caveretur.

2049 3196 2197 3253 hosti
2223 3197 2595 3253 reconciliato
2620 3215 2819 3254 secum
2853 3206 3188 3272 quaestuosa
3209 3202 3453 3257 ratione.
3476 3204 3697 3263 Fabula

2045 3287 2212 3342 docet
2236 3286 2419 3341 ﬂuxas
2451 3304 2580 3342 esse
2611 3304 2676 3342 ac
2708 3288 2841 3343 fidei
2892 3289 3163 3345 sublesta?
3219 3292 3509 3347 amicitias
3544 3310 3692 3364 quas

2047 3376 2271 3432 utilitas
2310 3380 2369 3431 et
2398 3377 2718 3433 necessitas
2769 3380 3193 3453 conglutinant,
3244 3383 3412 3456 genio
3470 3388 3523 3438 et
3583 3401 3688 3438 na-

2044 3469 2179 3519 tura
2208 3463 2547 3523 reluctante.

1395 3788 1911 3853 DISSERTATIO
1958 3788 2453 3849 PARABOLIOA
2483 3790 2582 3849 IX.

402 3906 692 3963 Deterret
724 3923 761 3961 α
790 3902 1049 3985 ﬁdendo
1078 3904 1591 3966 reconciliationi
1620 3903 1856 3977 gratim
1885 3896 2142 3959 oblaitce
2173 3917 2211 3954 α
2232 3901 2531 3973 principe
2559 3916 2742 3974 quem
2767 3897 3139 3976 gravissime
3167 3906 3308 3978 quis
3339 3904 3586 3962 lmserit.

366 4038 657 4109 Aliqando
716 4054 901 4093 vacuo
960 4037 1117 4092 curis
1169 4035 1493 4103 majoribus
1549 4032 1929 4089 Abessalomo

268 4128 403 4199 regi
441 4126 885 4198 superveniens.
913 4131 972 4182 et
1003 4127 1126 4197 ipse
1159 4125 1388 4196 negotio
1416 4124 1645 4180 solutus
1674 4121 1931 4177 familia-

267 4215 363 4271 ris
422 4217 932 4288 gymnosophista,
993 4215 1533 4286 interrogatusque,
1608 4215 1674 4266 ut
1729 4226 1931 4266 cavere

279 4322 581 4376 quemque
611 4310 876 4376 oporteat
906 4305 979 4359 ab
1031 4320 1097 4360 eo
1148 4303 1269 4373 qui,
1333 4319 1545 4374 magna
1602 4301 1777 4358 laesus
1836 4299 1928 4354 in-

262 4395 453 4465 juria,
502 4393 1035 4449 reconciliationem
1068 4393 1255 4460 offert,
1318 4390 1622 4462 respondit
1654 4391 1711 4445 in
1774 4390 1927 4444 hunc

270 4488 465 4539 ferme
500 4484 758 4538 modum.

351 4572 394 4628 1.
440 4573 559 4627 Rex
615 4573 855 4643 quidam
920 4572 1235 4644 psittacum
1292 4571 1499 4627 habuit
1555 4587 1669 4625 non
1728 4568 1926 4629 minus

265 4662 472 4735 specie
496 4680 560 4718 ac
590 4664 926 4735 plumarum
978 4663 1314 4718 versicolori
1372 4662 1649 4718 varietate
1709 4662 1926 4716 formo-

190 4806 193 4809 .
265 4767 413 4806 sum
438 4768 615 4821 quam
649 4767 784 4806 voce
806 4750 1115 4817 disertum,
1134 4755 1208 4813 et,
1237 4750 1393 4821 quod
1417 4754 1505 4805 est
1529 4747 1925 4819 potissimum,

268 4856 459 4895 sensu
498 4856 565 4894 ac
596 4856 791 4894 rerum
818 4856 929 4894 usu
963 4840 1313 4911 prudentem
1360 4838 1419 4893 in
1481 4836 1703 4908 paucis.
1761 4836 1927 4891 Hunc

267 4930 510 5002 pullum
544 4930 737 4985 adhuc
785 4935 1054 4985 tenerum
1111 4931 1366 4985 alentem
1418 4927 1635 4984 versari
1688 4926 1925 4983 assidue

264 5036 376 5073 rex
407 5018 636 5073 videbat
666 5035 799 5074 eum
836 5018 1098 5091 principe
1128 5036 1236 5077 suo
1271 5017 1386 5074 ﬁlio
1416 5017 1655 5088 paulum
1708 5031 1922 5085 super-

264 5125 480 5182 gresso
514 5107 845 5177 infantiam,
881 5107 1234 5174 oblectandi,
1264 5109 1391 5178 ejus
1423 5107 1631 5179 gratia.
1666 5103 1921 5161 Coaluit-

264 5214 390 5270 que
422 5197 812 5261 familiaritas,
847 5198 1023 5253 etiam
1060 5197 1325 5251 convictu
1360 5198 1609 5267 quodam
1670 5195 1924 5251 exercita

266 5304 467 5358 usque
488 5288 559 5342 ad
587 5287 1081 5347 necessitudinem
1108 5288 1374 5342 humana:
1398 5303 1572 5357 prope
1594 5285 1917 5354 charitatis;

266 5394 415 5433 nam
450 5382 515 5430 ut
548 5393 691 5447 puer
738 5394 919 5446 supra
978 5376 1219 5431 modum
1278 5375 1549 5435 delectari
1612 5374 1922 5429 videbatur

262 5468 544 5541 psittacis
578 5468 832 5533 duobus,
866 5467 950 5521 sic
982 5468 1215 5523 illorum
1250 5469 1485 5538 utrique
1533 5466 1920 5522 charissimus

263 5554 421 5613 erat,
456 5551 600 5604 adeo
635 5554 699 5603 nt
729 5566 1036 5619 nunquam
1070 5549 1269 5604 senior
1298 5565 1327 5604 e
1360 5547 1625 5609 felicibus
1659 5548 1819 5605 silvis
1845 5547 1916 5607 ad

2043 4047 2192 4102 quas
2225 4030 2485 4102 quotidie
2515 4029 2766 4098 volabat,
2804 4033 2969 4089 mitia
3000 4052 3177 4106 poma
3207 4036 3364 4107 pullo
3397 4054 3501 4091 suo
3548 4055 3690 4108 por-

2038 4125 2189 4176 taret
2222 4121 2367 4192 quin
2427 4138 2629 4179 eorum
2693 4127 2920 4193 partem
2971 4125 3058 4187 vel
3117 4126 3399 4196 optimam
3453 4128 3690 4199 pusioni

2039 4211 2195 4281 regio
2226 4215 2553 4282 seponeret.
2593 4210 2697 4267 Per
2728 4229 2913 4267 annos
2946 4214 3067 4271 haec
3100 4215 3323 4287 aliquot
3363 4218 3686 4287 durarunt,

2030 4300 2275 4372 jamque
2312 4300 2513 4371 pullus
2545 4300 2773 4371 psittaci
2798 4302 3033 4372 plenum
3066 4322 3249 4365 aevum
3285 4307 3578 4377 attigerat,
3634 4312 3690 4363 et

2039 4390 2193 4459 regis
2220 4388 2377 4447 filius
2410 4390 2816 4453 adoleveratiu
2842 4394 3232 4462 pubertatem,
3266 4413 3399 4453 cum
3423 4396 3517 4452 die
3540 4415 3688 4468 qua-

1958 4460 2003 4523 Ι)
2036 4480 2172 4543 dam
2203 4479 2434 4545 accidit,
2472 4496 2794 4550 passerem,
2827 4460 3068 4540 delicias
3096 4485 3487 4545 adolescentis
3520 4460 3686 4558 regii,

2039 4568 2155 4623 rixn
2188 4584 2322 4624 cum
2348 4570 2581 4638 juniore
2618 4570 2867 4640 psittoco
2899 4577 3221 4638 contracta,
3257 4574 3406 4630 male
3468 4576 3539 4631 ab
3592 4577 3689 4631 illo

2039 4656 2331 4722 mulctari,
2356 4661 2532 4727 atque
2563 4659 2635 4713 ab
2669 4658 2987 4717 ulciscente
3011 4660 3207 4718 dilecti
3240 4666 3529 4735 passseris
3564 4666 3688 4737 pla-

2037 4762 2141 4818 gas
2165 4746 2384 4815 juvene
2414 4746 2622 4803 harum
2654 4752 2950 4805 auctorem
3003 4750 3276 4809 interfici.
3339 4754 3686 4825 Supervenit

2038 4836 2187 4891 facto
2215 4840 2271 4891 et
2293 4835 2433 4893 caedi
2470 4836 2650 4907 prolis
2681 4854 2799 4893 sum
2832 4837 3027 4895 senior
3085 4841 3387 4912 psittacus,
3449 4846 3681 4915 procul-

2036 4941 2171 4996 que,
2199 4926 2340 4989 dum
2377 4940 2613 4995 peregre
2651 4926 2893 4995 revolat,
2938 4928 3446 5001 intuensjugulari
3471 4932 3681 5003 aregio

2040 5014 2279 5070 alumno
2312 5018 2513 5071 natum
2547 5032 2743 5085 suum,
2777 5033 2908 5075 eum
2945 5019 3133 5075 sensit
3165 5021 3360 5076 animo
3419 5020 3677 5075 dolorem

2034 5119 2209 5174 quem
2266 5102 2520 5167 excitare
2580 5105 2914 5174 spectaculo
3002 5107 3096 5163 tali
3159 5110 3399 5165 affectus
3458 5108 3681 5176 patrius

2035 5196 2225 5263 potest
2257 5191 2598 5255 niaximum.
2632 5195 2708 5250 Ac
2742 5210 2940 5251 secum
2978 5196 3179 5253 intime
3226 5199 3463 5268 ringens
3524 5198 3681 5251 fren-

2032 5282 2319 5352 rlcnsque,
2354 5282 2397 5333 Ο
2424 5298 2636 5349 mores,
2666 5282 2873 5355 inquit,
2900 5286 3296 5349 intolerabiles
3319 5287 3681 5353 regum,jus,

2035 5370 2141 5440 fas,
2178 5369 2459 5439 officium,
2530 5371 3306 5441 ﬁdem,neccessitudinem,
3364 5373 3681 5430 amicitiam

2034 5461 2187 5517 intra
2216 5477 2381 5517 suam
2427 5461 2721 5519 fortunam
2755 5464 3222 5533 dignitatemque
3280 5462 3624 5518 ducentium
3659 5464 3671 5519 Ι

2034 5548 2075 5603 Ο
2092 5548 2555 5606 infelicissimam
2579 5550 2669 5607 his
2685 5552 3147 5607 ministrantium
3167 5554 3405 5615 sortem,
3423 5568 3673 5621 quorum
