3984 6202
343 255 487 310 1335

1859 258 2243 310 APPENDIX.

3631 263 3753 318 1336

347 383 428 437 illi
462 383 704 437 sudores
744 384 798 435 et
829 381 1339 435 aarumnosissima
1382 380 1667 451 obsequia
1725 379 1988 450 neglectu
2023 388 2074 448 Î‘
2109 382 2298 450 quoad
2335 379 2586 446 licuerit,
2619 381 2914 452 praeterita
2955 389 3216 454 paratus.
3251 385 3370 440 Nec
3429 386 3755 444 timendum

349 474 467 527 fere
499 474 978 539 contemptuque,
1016 486 1130 523 non
1163 485 1294 524 raro
1322 467 1504 524 etiam
1535 468 1710 523 exitio
1733 484 2005 522 remune-

350 563 558 615 rantur
589 556 600 610 l
637 555 835 611 deberi
871 557 982 612 sibi
1012 557 1084 612 ab
1109 557 1389 613 omnibus
1409 557 1520 612 rati
1552 557 1773 625 omnia,
1797 556 2006 612 debere

355 663 417 702 se
449 644 770 714 quidquam
802 646 1077 716 cuiquam
1114 662 1221 701 nec
1253 646 1514 718 cogitare
1537 647 1876 716 dignantur,
1899 660 2006 700 nec

355 733 470 788 dici
502 735 818 789 sustinent.
855 734 1123 789 Libidine
1147 739 1359 790 cuncta
1391 735 1732 800 metiuntur,
1766 751 1835 788 ex
1892 751 2003 790 usu

355 838 422 876 ac
445 821 637 877 fructu
673 823 924 894 propriis
953 829 1165 879 cuncta
1190 825 1522 879 aestimant:
1580 839 1641 878 se
1701 840 1850 878 unus
1907 823 2000 878 in-

353 916 614 980 teuntur,
650 912 762 966 sibi
797 913 931 967 unis
961 912 1194 984 placent
1223 932 1237 981 ;
1272 912 1363 967 sui
1413 911 1583 967 unice
1640 928 2002 984 suarumque

353 999 697 1054 deliciarum
715 1001 998 1055 rationem
1019 1000 1242 1064 haberi.
1262 1016 1492 1072 aequum
1513 1009 1771 1055 censent.
1793 1001 2002 1071 Exspc-

355 1092 474 1142 ctes
498 1089 568 1142 ab
601 1088 729 1143 istis
751 1090 998 1159 gratiam
1034 1088 1240 1143 merito
1265 1089 1727 1144 misericordiam
1755 1089 2001 1143 infortu-

354 1177 472 1242 nio,
507 1176 608 1247 qui
644 1194 748 1232 nec
777 1179 1005 1232 veniam
1039 1183 1252 1244 errato,
1281 1195 1382 1232 nec
1425 1177 1719 1248 supplicio
1782 1194 2000 1232 moram

355 1267 658 1338 indulgere
717 1285 977 1339 unquam
1029 1274 1283 1334 norunt;
1345 1267 1666 1322 multorum
1722 1285 2005 1322 annorum

361 1360 614 1412 servitus
645 1366 698 1411 et
719 1357 1184 1413 laboriosissime
1216 1357 1542 1412 ministeria
1571 1374 1685 1410 uno
1719 1357 1860 1427 ipsis
1886 1373 2004 1412 mo-

364 1452 563 1501 mento
588 1447 728 1499 levis
761 1445 1199 1500 offensiunculm
1227 1445 1659 1501 oblitterantur.

437 1572 504 1625 ll.
542 1571 669 1625 Haec
728 1571 915 1625 obiter
952 1587 1315 1640 conquerens
1367 1570 1716 1624 admovebat
1764 1586 1825 1624 se
1884 1569 2006 1625 loco

366 1660 605 1730 prOpius
641 1677 652 1712 :
687 1665 744 1713 at
776 1659 872 1712 ubi
910 1659 1038 1728 jam
1095 1674 1124 1712 e
1173 1658 1362 1713 vicino
1419 1659 1756 1714 distinctius
1811 1660 2008 1713 hausit

365 1749 547 1804 oculis
579 1748 765 1801 diram
800 1747 1053 1818 speciem
1087 1750 1375 1803 cruentati
1408 1748 1736 1818 abjectique
1767 1765 1834 1803 ac
1873 1765 2008 1802 cru-

364 1836 568 1891 deliter
593 1835 665 1889 ab
696 1836 844 1889 irato
906 1835 1089 1890 ultore
1146 1836 1350 1891 calcati
1412 1836 1743 1891 charissimi
1773 1837 2005 1907 capitis,

361 1925 416 1978 in
452 1942 550 1978 eas
584 1922 764 1978 furias
788 1924 1024 1991 exarsit,
1059 1931 1123 1980 ut
1151 1926 1208 1978 in
1253 1927 1478 1996 regium
1540 1925 1810 1980 involans
1869 1944 2010 1997 pue-

357 2030 488 2066 rum
524 2019 711 2066 rostro
761 2015 811 2066 ei
872 2019 1046 2084 atque
1106 2015 1405 2084 unguibus
1456 2015 1724 2069 offoderit
1783 2015 2007 2079 oculos,

357 2103 536 2163 Habe,
569 2102 867 2171 inquiens,
893 2104 1044 2172 quod
1081 2109 1134 2156 te
1168 2102 1412 2172 dignum
1447 2113 1553 2168 est,
1581 2105 1746 2169 dure,
1810 2105 2009 2158 immi-

361 2192 630 2250 sericors.
667 2193 1068 2245 ingratissime
1101 2209 1112 2246 :
1146 2194 1293 2245 tanti
1357 2194 1641 2261 temporis
1698 2194 2009 2246 contuber-

361 2282 545 2336 nium.
576 2285 689 2332 tam
717 2281 1019 2332 familiaris
1043 2280 1277 2348 hospitii
1311 2281 1868 2346 neccessitudinem,
1897 2288 2012 2334 tam

367 2376 573 2422 tenerae
607 2369 879 2421 amicitiae
907 2370 1043 2437 jura
1075 2369 1420 2423 dulcissima
1455 2386 1566 2422 non
1621 2371 1860 2439 impune
1921 2371 2013 2422 in-

363 2459 540 2510 fanda
574 2458 940 2511 immanitate
992 2458 1287 2529 pollueris.
1313 2459 1427 2512 Sub
1453 2459 1572 2511 haec
1589 2458 1828 2512 audacis
1878 2475 2013 2512 con-

365 2551 523 2599 scius
551 2547 676 2599 facti
708 2548 761 2600 in
785 2565 1017 2600 summa
1043 2549 1181 2615 regii
1211 2547 1471 2601 viridarii
1495 2549 1703 2600 arbore
1727 2549 2017 2612 consedit,

367 2637 567 2688 fruens
601 2635 732 2688 inde
765 2636 1100 2703 spectaculo
1145 2636 1568 2690 tumultuantis
1616 2635 1763 2689 aulae
1798 2638 1866 2690 ad
1919 2653 2012 2691 ca-

366 2742 498 2778 sum
562 2725 941 2779 acerbissium
997 2730 1154 2794 pueri
1212 2726 1514 2795 principis.
1567 2726 2018 2779 Accurritinter

365 2815 620 2881 ejulatus
683 2814 1061 2867 nutritiorum
1099 2822 1153 2867 et
1190 2815 1556 2868 cursationes
1619 2817 2010 2883 satagenlimn

362 2902 582 2955 f'rustia
615 2902 933 2956 satellitum
971 2904 1339 2956 exanimatus
1373 2921 1471 2956 rex
1504 2920 1515 2956 :
1543 2909 1596 2956 et
1648 2905 1830 2956 filium
1895 2922 2014 2957 am-

2109 473 2354 538 puta,ne
2381 470 2484 542 qui
2515 469 2798 525 offensam
2831 472 2921 526 tui
2949 476 3114 528 tanta
3139 491 3312 545 pcena
3336 473 3583 541 luimus,
3604 480 3761 548 quid-

2109 573 2286 626 quam
2323 559 2382 612 in
2417 563 2470 614 te
2499 558 2778 630 deinceps
2819 562 3186 617 committere
3245 563 3594 633 audeamus,
3649 584 3757 633 quo

2107 644 2307 712 istius,
2341 663 2517 718 quam
2550 665 2684 703 vere
2713 649 3022 720 praedicas,
3053 650 3322 707 Nemesis
3345 653 3670 724 graviorem
3703 657 3758 711 in

2109 751 2216 790 nos
2246 737 2611 792 concitemus
2645 739 3039 794 iracundiam.
3073 741 3157 794 Ad
3190 757 3259 794 ea
3291 741 3604 811 psittacus,
3635 743 3754 798 Non

2108 820 2342 889 faciam,
2377 822 2608 893 inquit;
2642 831 2885 879 monent
2913 825 3071 880 enim
3130 826 3478 896 prudentes,
3536 845 3760 900 semper

2106 905 2158 960 ei
2198 905 2298 977 qui
2347 907 2629 962 damnum
2683 908 2886 964 intulit
2932 911 3004 964 ab
3038 910 3374 967 adversario
3407 913 3755 969 incommodi

2109 995 2329 1065 accepti
2366 1012 2626 1052 memore
2656 999 3214 1070 cavendum,eoque
3241 1000 3422 1072 magis
3449 1003 3749 1058 vitandum

2108 1084 2235 1153 ejus
2267 1100 2567 1140 accessum
2601 1103 2713 1156 quo
2746 1086 2842 1142 ille
2864 1086 3201 1142 invitaverit
3255 1089 3581 1145 instantius.
3627 1095 3744 1146 Au-

2109 1172 2226 1225 divi
2282 1177 2338 1226 et
2401 1172 2544 1227 illud
2595 1175 2667 1228 ab
2733 1175 2963 1231 idoneis
3030 1175 3395 1242 auctoribus,
3469 1179 3744 1248 genitores

2112 1261 2364 1331 sapienti
2417 1263 2742 1319 amicorum
2801 1263 2928 1320 loco
2988 1264 3318 1330 habendos,
3379 1267 3594 1321 fratres
3655 1285 3755 1338 pro

2112 1349 2426 1406 comitibus
2459 1351 2711 1419 itineris,
2744 1369 2982 1408 uxarem
3014 1370 3117 1423 pro
3151 1353 3584 1422 contubernali,
3621 1355 3762 1409 filius

2114 1455 2218 1510 pro
2252 1439 2580 1496 tabellariis
2601 1443 2946 1497 memoriam
2969 1443 3154 1514 patris
3185 1444 3253 1497 ad
3277 1449 3549 1514 posteros
3586 1444 3764 1513 perla-

2112 1527 2282 1594 turis,
2318 1527 2468 1583 filias
2500 1535 2564 1583 ut
2585 1530 2949 1585 adversarias
2991 1531 3050 1585 in
3113 1530 3216 1585 lite
3274 1532 3762 1600 considerandas,

2116 1620 2418 1686 cognatos,
2455 1622 2518 1670 ut
2550 1619 2904 1673 feneratores
2935 1619 3150 1674 acriter
3180 1625 3521 1690 repetentes
3554 1620 3762 1686 debita,

2038 1732 2086 1796 Î’
2119 1721 2178 1759 se
2207 1705 2426 1775 ipsum,
2454 1711 2518 1760 ut
2547 1707 2877 1762 solitarium
2903 1709 3063 1764 omni
3087 1709 3406 1764 affectuum
3442 1711 3764 1764 necessitu-

2119 1793 2252 1848 dine
2284 1793 2562 1850 solutum.
2597 1795 2696 1851 His
2720 1812 2826 1868 ego
2852 1797 3208 1868 praescriptis
3223 1798 3598 1868 obsequens,
3619 1815 3764 1854 rece-

2115 1882 2251 1936 dere
2286 1883 2340 1936 in
2374 1883 2751 1939 solitudinem
2787 1886 2989 1940 statui.

2189 2008 2281 2062 Î™Î™Î™.
2315 2008 2606 2064 Adversus
2635 2025 2701 2064 ea
2733 2026 2869 2064 rex:
2902 2010 2961 2064 Si
3012 2027 3046 2064 a
3102 2015 3158 2065 te
3215 2011 3555 2082 profectum
3623 2017 3764 2065 esset

2119 2097 2256 2152 rixas
2288 2113 2352 2150 ac
2380 2114 2543 2152 noxae
2575 2099 2828 2166 initium,
2859 2100 2989 2170 jure
3017 2100 3186 2154 nobis
3211 2100 3392 2154 fidere
3436 2107 3762 2167 metueres;

2119 2205 2274 2241 nunc
2306 2205 2432 2241 rum
2487 2189 2666 2255 hujus
2724 2190 2876 2258 quod
2940 2189 3148 2243 incidit
3195 2190 3571 2243 incommodi
3625 2192 3767 2260 origo

2119 2283 2175 2330 et
2213 2276 2382 2347 culpa
2438 2279 2616 2347 (quod
2662 2277 2866 2332 dolens
2922 2278 3330 2349 pmnitensque
3398 2280 3616 2347 fateor)
3676 2296 3759 2332 no-

2120 2372 2241 2420 stra
2273 2369 2368 2427 sit,
2404 2365 2539 2435 quid
2575 2367 2767 2420 obstat
2797 2367 3118 2436 quominus
3148 2367 3358 2422 credas
3382 2366 3767 2421 invitantibus

2121 2456 2290 2509 nobis
2320 2454 2346 2508 ?
2367 2455 2449 2507 Ad
2476 2473 2536 2509 ea
2565 2455 2848 2525 psittacus
2876 2472 2888 2508 :
2915 2455 3196 2510 Memoria
3219 2459 3594 2511 damnorum
3621 2474 3767 2511 acce-

2123 2549 2354 2615 ptorum
2388 2543 2504 2596 alta
2559 2543 2837 2598 cordibus
2887 2544 3076 2614 inï¬git
3106 2544 3371 2611 vulnera,
3411 2561 3523 2599 nec
3574 2546 3768 2615 lingua!

2124 2649 2354 2702 semper
2375 2649 2541 2686 veros
2565 2633 2848 2686 mentium
2874 2634 3441 2704 exprimuntsensus
3470 2650 3482 2687 :
3506 2637 3772 2704 quocirca

2125 2723 2296 2774 verba
2330 2728 2428 2774 tua
2464 2722 2636 2775 fidem
2670 2723 2822 2791 apud
2861 2738 2951 2776 me
3007 2739 3118 2776 non
3179 2722 3421 2776 habent.
3493 2723 3768 2794 Reposuit

2123 2811 2217 2864 his
2249 2827 2382 2864 rex:
2417 2810 2564 2864 Male
2596 2811 2666 2864 de
2700 2828 2789 2864 me
2821 2811 3103 2881 opinaris,
3142 2813 3407 2881 psittace,
3461 2813 3570 2882 qui
3631 2815 3766 2866 scias

2125 2901 2444 2969 sapientem
2505 2899 2696 2954 virum
2747 2916 2980 2953 omnem
3043 2900 3319 2954 adhibere
3403 2917 3651 2971 operam
3711 2908 3763 2952 ut

363 2992 586 3059 plr-xus,
635 2991 953 3059 ablutaque
1010 2993 1409 3061 nequidquam
1465 2994 1670 3062 patriis
1740 2992 2022 3062 lacrymis
2125 2993 2373 3058 acceptae
2401 2989 2984 3057 injurieememoriam
3011 2989 3295 3043 exanimo
3322 2989 3609 3060 stirpitus
3636 2989 3772 3043 evel-

357 3081 622 3132 excwcati
663 3081 822 3148 pur-ri
858 3081 1091 3150 pr0prio
1129 3082 1340 3134 foedata
1369 3097 1576 3134 cruore
1631 3081 1797 3147 facie,
1858 3084 2005 3134 lene-
2043 3101 2085 3166 Ï
2128 3077 2208 3130 lat
2240 3094 2367 3130 suo.
2403 3077 2614 3131 Contra
2663 3077 2782 3130 bzec
2841 3078 3147 3146 psittacus.
3208 3077 3308 3131 Est
3368 3079 3643 3144 omnino,
3696 3085 3772 3131 est

355 3172 489 3222 stne
524 3187 584 3222 se
623 3172 962 3233 admovens,
1022 3186 1090 3222 ex
1140 3185 1206 3222 ea
1263 3171 1647 3238 conspicuum
1715 3175 2008 3223 auctorem
2080 3165 2083 3166 â·
2137 3166 2240 3228 ita,
2279 3172 2340 3219 ut
2372 3166 2539 3230 dicis,
2574 3182 2690 3229 rex,
2724 3165 3012 3236 velimque
3043 3172 3145 3219 tua
3171 3181 3351 3220 causa
3388 3167 3654 3230 credere,
3703 3173 3769 3231 te,

355 3258 542 3312 cladis
575 3259 851 3311 simulata
904 3260 1240 3323 ignoscendi
1285 3261 1684 3327 jllâ€˜t'llllSSKlne
1719 3261 1786 3312 ad
1842 3276 1902 3311 se
1963 3267 2025 3312 ut
2137 3260 2309 3325 prout
2339 3253 2819 3324 supientisjubet
2848 3255 3129 3316 officium.
3163 3257 3361 3309 conari
3389 3257 3595 3309 damni
3623 3256 3767 3326 quod

352 3347 638 3400 reVoIaret
698 3346 910 3399 institit
973 3346 1216 3399 hortari.
1291 3349 1394 3401 Cui
1460 3349 1768 3415 psittacus,
1825 3351 2021 3416 fugere
2136 3361 2344 3414 passus
2377 3360 2437 3397 es
2462 3341 2769 3397 obliterare
2801 3343 3116 3414 imaginem
3149 3360 3216 3397 ex
3244 3350 3763 3409 mente;cwterum

371 3441 566 3488 certus
590 3435 724 3488 inde
755 3449 932 3503 quam
965 3434 1326 3504 longissime,
1363 3436 1459 3489 ubi
1488 3453 1556 3489 ex
1601 3442 1723 3490 tuto
1782 3437 2016 3490 afflicti8
2134 3454 2204 3489 an
2234 3436 2387 3505 quod
2415 3434 2646 3488 conaris
2678 3436 2762 3489 eis
2785 3437 3152 3504 perfecturus
3173 3435 3403 3502 dubito,
3429 3441 3484 3490 et
3509 3453 3622 3490 non
3647 3436 3769 3490 sine

370 3523 640 3577 hostibus
674 3522 990 3587 insultans,
1023 3522 1315 3592 explesset
1345 3523 1607 3577 animum
1645 3541 1797 3579 saeva
1841 3525 2012 3580 satis-
2129 3541 2310 3579 causa
2337 3539 2538 3577 vereor
2569 3523 2875 3594 utpossis:
2923 3539 3106 3594 quare
3155 3523 3285 3578 sine
3344 3540 3439 3578 me
3493 3524 3607 3579 isto
3653 3541 3768 3579 am-

369 3617 487 3666 tate
516 3611 805 3665 vindictae.
839 3613 1122 3681 Agnosce,
1157 3628 1275 3672 rex,
1297 3612 1401 3680 ait,
1425 3612 1651 3682 justam
1673 3613 1787 3667 vim
1812 3614 2017 3668 Neme-
2129 3613 2306 3683 biguo
2343 3612 2484 3666 mihi
2515 3612 2836 3667 consulere.
2890 3611 3052 3666 Multi
3111 3613 3289 3667 nimis
3350 3613 3512 3668 facili
3576 3613 3765 3668 aliena:

369 3701 453 3756 sis
486 3699 733 3769 ultricis,
757 3700 928 3768 cujus
958 3700 1291 3770 exemplum
1327 3702 1383 3755 in
1417 3701 1691 3756 familiari
1724 3704 1826 3758 tibi
1852 3704 2010 3770 capi-

367 3795 423 3844 te
445 3790 626 3844 habes
657 3788 1062 3844 domesticum.
1099 3788 1337 3844 Nullum
1389 3789 1491 3844 illa
1536 3792 1699 3846 nefas
1755 3793 2010 3863 impuni-

366 3887 489 3935 tum
526 3879 687 3943 sinit,
721 3883 953 3932 veretur
980 3879 1296 3946 neminem,
1323 3879 1544 3934 nullius
1570 3896 1709 3951 opes
1740 3883 2008 3936 reformi-

368 3972 502 4035 dat;
541 3985 610 4022 ne
632 3973 823 4021 vestra
853 3966 1089 4036 quidem
1123 3969 1512 4037 superborum
1537 3985 1735 4040 regum
1757 3971 2009 4041 superci-

366 4058 514 4112 liosa
561 4058 869 4126 majestate
922 4055 1248 4110 deterretur
1315 4057 1606 4127 supplicia
1691 4058 2008 4114 sceleribus

367 4149 630 4218 aquuet
663 4149 816 4199 natis
847 4143 1022 4198 etiam
1055 4143 1114 4197 in
1145 4161 1424 4215 purpura.
1451 4145 1650 4200 Serius
1672 4163 1849 4218 ocyus
1870 4165 2010 4203 suas

368 4237 579 4306 cuique
609 4234 762 4288 vices
786 4233 996 4299 reddit,
1023 4249 1124 4288 nec
1146 4235 1401 4303 pessima
1419 4235 1672 4290 conditio
1695 4253 1896 4290 eorum
1921 4243 2009 4292 est

370 4343 517 4396 quos
547 4323 812 4379 celeriter
843 4323 1165 4390 ulciscitur,
1197 4339 1228 4377 e
1260 4323 1477 4394 quibus
1508 4329 1596 4378 est
1651 4330 1788 4379 tuus
1847 4325 2004 4381 filius

369 4417 432 4469 In
466 4411 733 4482 ï¬‚agranti
767 4410 1012 4481 perfidia
1056 4425 1374 4480 oppressus
1409 4410 1753 4514 :â€˜dilatione
1806 4429 2004 4482 pcenas
2045 4451 2086 4514 Î’

366 4506 561 4573 auget,
595 4518 660 4554 ac
693 4501 886 4554 fenore
919 4503 1344 4553 tormentorum
1379 4499 1635 4554 toleratis
1675 4501 1777 4554 diu
1827 4501 2009 4572 culpa;

365 4597 582 4646 sortem
609 4595 943 4658 exaggerat,
984 4588 1128 4642 adeo
1187 4591 1252 4641 ut
1300 4603 1449 4658 quos
1505 4587 1833 4659 inexpiatos
1890 4591 2010 4644 vita

363 4679 676 4742 dimiserit,
703 4677 1081 4748 sempiternis
1114 4677 1616 4732 immiserabiliter
1651 4678 2008 4734 cruciatibus

365 4769 620 4825 addicat.
655 4767 792 4820 Erat
851 4766 1065 4836 unguis
1130 4766 1187 4820 in
1248 4767 1440 4821 ulcere
1495 4767 1755 4822 ardentis
1813 4767 2008 4823 dolore

369 4859 523 4930 regis
553 4857 967 4925 intempestiva
997 4855 1230 4926 psittaci
1264 4854 1656 4928 philosophia,
1717 4874 1834 4929 qua
1887 4857 2008 4923 ille,

366 4957 432 5005 ut
450 4947 746 5003 irisisione
763 4946 875 5010 sui,
900 4962 1238 5015 quanquam
1273 4947 1691 5018 nidignabatur
1707 4947 2007 5003 vehemen-

358 5044 500 5107 tius,
535 5038 746 5111 pressit
779 5041 971 5092 tamen
994 5036 1212 5092 indicia
1237 5038 1593 5108 ignoscentis
1651 5040 2004 5094 aestuosissi-

357 5149 452 5187 me
474 5127 708 5184 furoris:
742 5129 800 5181 et
826 5141 887 5180 se
915 5139 1275 5196 componens
1299 5127 1356 5180 in
1383 5127 1864 5198 moderationem,
1890 5145 2006 5200 qua

356 5223 555 5292 posset
597 5216 826 5271 hostem
893 5212 1118 5275 fallere.
1182 5221 1407 5284 pacato,
1471 5221 1756 5286 quantum
1814 5219 2010 5286 potuit

350 5309 518 5362 vultu
552 5304 856 5376 respondit
891 5319 903 5356 :
947 5301 1192 5357 Minime
1240 5303 1519 5373 ambigua
1555 5308 1615 5358 tu
1651 5305 1888 5374 quidem
1947 5311 2004 5360 et

355 5413 446 5451 me
480 5409 715 5466 quoque
744 5393 961 5447 fatente
981 5407 1118 5445 vera
1151 5390 1427 5462 loqueris,
1467 5407 1583 5461 quo
1635 5392 2000 5461 ipsodeside-

356 5487 509 5539 rium
544 5499 726 5552 auges
760 5481 842 5536 tui
879 5481 1126 5542 reditus,
1161 5497 1231 5534 ne
1263 5484 1378 5533 tam
1415 5479 1667 5549 sapienti
1712 5480 2000 5537 monitore

351 5588 603 5627 caream.
638 5571 1078 5641 Quarejoroâ€˜te,
1116 5585 1186 5623 ne
1218 5585 1324 5623 nos
1356 5569 1616 5635 deseras,
1662 5570 1994 5638 emendare,

2127 3701 2542 3757 moderationis
2574 3701 2789 3756 fiducia
2820 3701 3136 3772 perierunt,
3169 3702 3311 3756 dum
3344 3719 3412 3757 ex
3476 3720 3587 3758 sua
3635 3720 3763 3758 con-

2125 3791 2370 3846 scientia
2400 3791 2696 3844 aestimant
2725 3789 2893 3855 alios,
2926 3790 3086 3861 passi
3142 3791 3298 3862 quod
3356 3791 3760 3863 elephantibus

2123 3880 2430 3936 indomitis
2462 3879 2796 3950 frequenter
2826 3880 3060 3946 accidit,
3091 3895 3240 3949 quos
3264 3881 3519 3948 cicures,
3568 3895 3759 3952 sapere

2125 3987 2256 4025 cum
2293 3969 2437 4039 ipsis
2471 3971 2635 4039 paria
2661 3969 2885 4038 crediti,
2919 3969 2979 4023 in
3039 3967 3286 4023 insidias
3345 3970 3755 4040 per-trahentes,

2124 4060 2393 4116 servituti
2426 4059 2732 4114 hominum
2784 4059 3141 4130 mancipant.
3199 4063 3419 4114 Contra
3479 4061 3591 4115 haec
3645 4077 3749 4126 rex,

2123 4150 2244 4216 Vir,
2278 4150 2380 4218 ait,
2413 4149 2706 4219 ingenuus
2736 4153 2793 4202 et
2819 4147 3077 4203 liberalis
3129 4147 3352 4203 indolis
3414 4167 3527 4204 non
3577 4153 3749 4203 mutat

2122 4239 2181 4292 in
2217 4239 2380 4308 pejus
2414 4254 2629 4299 mores,
2663 4253 2767 4290 nec
2798 4237 3067 4292 amicitia:
3091 4237 3193 4307 jus
3220 4239 3425 4304 violat,
3463 4255 3560 4294 nec
3586 4237 3744 4291 ï¬dem

2123 4327 2485 4381 fallitdatam
2511 4342 2525 4381 :
2555 4327 2909 4394 abjectarum
2937 4325 3056 4381 haec
3079 4327 3217 4381 vitia
3233 4333 3579 4382 naturarum
3605 4332 3752 4381 sunt.

2123 4415 2443 4486 Respondit
2473 4415 2758 4486 psittacus
2786 4432 2798 4469 :
2835 4415 3114 4470 Memoria
3135 4416 3338 4470 damni
3365 4418 3582 4488 accepti
3604 4431 3755 4470 acres

2127 4506 2182 4559 in
2217 4504 2558 4575 quorumvis
2579 4503 2793 4558 animis
2828 4511 3023 4559 motus
3054 4506 3185 4573 ciet,
3210 4504 3390 4577 longe
3448 4507 3756 4561 acerrimos

2120 4595 2177 4648 in
2213 4609 2412 4664 regum
2474 4592 2791 4647 mentibus.
2827 4591 2894 4646 Hi
2923 4593 3082 4649 enim
3104 4593 3161 4647 in
3184 4595 3560 4665 gravissimis
3585 4595 3754 4649 malo-

2119 4700 2248 4737 rum
2279 4697 2590 4736 numerare
2621 4680 2811 4735 solent
2828 4681 3018 4736 vivere
3038 4682 3320 4750 inultum,
3345 4683 3570 4755 gloriae,
3592 4685 3756 4753 cujus

2119 4777 2258 4826 sunt
2287 4770 2634 4834 avidissimi,
2659 4773 2882 4840 partem
2907 4769 2996 4824 vel
3030 4771 3346 4826 maximam
3401 4773 3461 4826 in
3509 4773 3758 4827 vindicta

2118 4864 2483 4930 reponentes.
2520 4861 2790 4928 Ignosces
2821 4857 3002 4929 igitur
3031 4859 3078 4914 si
3111 4865 3301 4914 tutum
3327 4861 3470 4915 mihi
3507 4877 3618 4916 non
3657 4877 3758 4931 pu-

2116 4955 2230 5004 tem
2265 4950 2336 5002 ad
2368 4948 2530 5002 vivas
2563 4948 2851 5018 quasdam
2887 4948 2945 5002 in
2995 4949 3170 5003 corde
3218 4953 3321 5003 tuo
3382 4967 3604 5020 prunas
3665 4952 3758 5004 ira

2117 5040 2426 5092 admovere
2456 5035 2763 5090 materiam
2797 5037 3160 5107 imprudenti
3195 5039 3577 5110 usurpatione
3601 5039 3759 5111 prius

2117 5133 2314 5198 coeptu:
2347 5124 2767 5180 familiaritatis
2797 5129 2989 5181 tecum
3022 5143 3184 5193 mea},
3217 5129 3454 5198 quando
3486 5145 3593 5184 nec
3621 5144 3757 5201 pre-

2116 5232 2213 5270 ces
2243 5213 2419 5268 irrita:
2453 5229 2558 5267 nec
2585 5229 2726 5268 seras
2757 5212 3185 5270 obtestationes
3225 5231 3366 5270 meae
3418 5216 3755 5270 incendium

2113 5321 2146 5359 a
2171 5320 2260 5357 me
2296 5319 2412 5373 quo
2444 5317 2824 5356 consumerer
2852 5309 3141 5358 arcerent.
3173 5303 3428 5374 Optima,
3452 5305 3502 5360 si
3538 5305 3753 5368 nescis,

2113 5395 2182 5447 ad
2217 5392 2540 5446 curandam
2573 5389 2802 5459 injurias
2829 5391 3171 5447 memoriam
3207 5393 3499 5448 medicina
3529 5399 3618 5448 est
3647 5394 3749 5447 ab-

2110 5481 2299 5536 sentia
2331 5479 2558 5549 injuria:
2589 5479 2864 5534 auctoris.
2919 5479 3059 5534 Eam
3117 5481 3222 5536 tibi
3269 5483 3640 5537 admoverea
3698 5489 3748 5535 te

2111 5571 2432 5626 recedendo
2455 5568 2628 5640 cupio
2653 5588 2668 5636 ;
2695 5585 2828 5624 nam
2853 5584 3007 5626 conre
3029 5576 3085 5626 et
3105 5571 3436 5628 cicatricem
3460 5573 3747 5630 obducere
