  <div class='ocr_page' id='page_1' title='image "/cluster/home/n/w/nwhite01/storage/ocr_20150623/143/hvd.32044073502585/676.png"; bbox 0 0 4002 6202; ppageno 0'>
   <div class='ocr_carea' id='block_1_1' title="bbox 306 302 445 355">
    <p class='ocr_par' dir='ltr' id='par_1_1' title="bbox 306 302 445 355">
     <span class='ocr_line' id='line_1_1' title="bbox 306 302 445 355; baseline 0 -1"><span class='ocrx_word' id='word_1_1' title='bbox 306 302 445 355; x_wconf 79' lang='grc'>1337</span> 
     </span>
    </p>
   </div>
   <div class='ocr_carea' id='block_1_2' title="bbox 1317 311 2687 375">
    <p class='ocr_par' dir='ltr' id='par_1_2' title="bbox 1317 311 2687 375">
     <span class='ocr_line' id='line_1_2' title="bbox 1317 311 2687 375; baseline 0.009 -13"><span class='ocrx_word' id='word_1_2' title='bbox 1317 311 1676 364; x_wconf 79' lang='lat' dir='ltr'><strong>SPECIMBN</strong></span> <span class='ocrx_word' id='word_1_3' title='bbox 1716 312 2114 369; x_wconf 80' lang='lat' dir='ltr'><strong>SAPIENTUE</strong></span> <span class='ocrx_word' id='word_1_4' title='bbox 2157 317 2485 373; x_wconf 80' lang='lat' dir='ltr'><strong>INDORUM</strong></span> <span class='ocrx_word' id='word_1_5' title='bbox 2525 324 2687 375; x_wconf 81' lang='lat' dir='ltr'><strong>VET.</strong></span> 
     </span>
    </p>
   </div>
   <div class='ocr_carea' id='block_1_3' title="bbox 3572 326 3706 379">
    <p class='ocr_par' dir='ltr' id='par_1_3' title="bbox 3572 326 3706 379">
     <span class='ocr_line' id='line_1_3' title="bbox 3572 326 3706 379; baseline 0 0"><span class='ocrx_word' id='word_1_6' title='bbox 3572 326 3706 379; x_wconf 76' lang='lat'>1338</span> 
     </span>
    </p>
   </div>
   <div class='ocr_carea' id='block_1_4' title="bbox 304 428 3708 515">
    <p class='ocr_par' dir='ltr' id='par_1_4' title="bbox 304 428 3708 515">
     <span class='ocr_line' id='line_1_4' title="bbox 304 428 3708 515; baseline 0.007 -34"><span class='ocrx_word' id='word_1_7' title='bbox 304 429 639 483; x_wconf 85' lang='lat' dir='ltr'><strong>istiusmodi</strong></span> <span class='ocrx_word' id='word_1_8' title='bbox 674 428 915 485; x_wconf 78' lang='lat' dir='ltr'><strong>vulnera</strong></span> <span class='ocrx_word' id='word_1_9' title='bbox 949 431 1003 485; x_wconf 92' lang='lat' dir='ltr'><strong>in</strong></span> <span class='ocrx_word' id='word_1_10' title='bbox 1037 433 1164 502; x_wconf 86' lang='lat' dir='ltr'><strong>ejus</strong></span> <span class='ocrx_word' id='word_1_11' title='bbox 1197 434 1297 504; x_wconf 85' lang='lat' dir='ltr'><strong>qui</strong></span> <span class='ocrx_word' id='word_1_12' title='bbox 1333 434 1468 489; x_wconf 91' lang='lat' dir='ltr'><strong>fecit</strong></span> <span class='ocrx_word' id='word_1_13' title='bbox 1498 441 1814 507; x_wconf 88' lang='lat' dir='ltr'><strong>conspectu</strong></span> <span class='ocrx_word' id='word_1_14' title='bbox 1847 455 1945 493; x_wconf 87' lang='lat' dir='ltr'><strong>ne-</strong></span> <span class='ocrx_word' id='word_1_15' title='bbox 1976 444 2027 507; x_wconf 81' lang='grc' dir='ltr'>Α</span> <span class='ocrx_word' id='word_1_16' title='bbox 2134 445 2199 498; x_wconf 91' lang='lat' dir='ltr'><strong>V.</strong></span> <span class='ocrx_word' id='word_1_17' title='bbox 2235 443 2555 515; x_wconf 80' lang='lat' dir='ltr'><strong>Respondit</strong></span> <span class='ocrx_word' id='word_1_18' title='bbox 2600 448 2669 501; x_wconf 89' lang='lat' dir='ltr'><strong>ad</strong></span> <span class='ocrx_word' id='word_1_19' title='bbox 2720 463 2787 501; x_wconf 89' lang='lat' dir='ltr'><strong>ea</strong></span> <span class='ocrx_word' id='word_1_20' title='bbox 2835 464 2933 503; x_wconf 81' lang='lat' dir='ltr'><strong>rex</strong></span> <span class='ocrx_word' id='word_1_21' title='bbox 2990 466 3002 503; x_wconf 89' lang='lat'>:</span> <span class='ocrx_word' id='word_1_22' title='bbox 3054 450 3215 513; x_wconf 89' lang='lat' dir='ltr'>Quod</span> <span class='ocrx_word' id='word_1_23' title='bbox 3274 452 3344 505; x_wconf 89' lang='lat' dir='ltr'><strong>dc</strong></span> <span class='ocrx_word' id='word_1_24' title='bbox 3399 456 3454 506; x_wconf 89' lang='lat' dir='ltr'><strong>te</strong></span> <span class='ocrx_word' id='word_1_25' title='bbox 3514 452 3708 507; x_wconf 76' lang='lat' dir='ltr'><strong>fateris</strong></span> 
     </span>
    </p>
   </div>
   <div class='ocr_carea' id='block_1_5' title="bbox 304 520 1957 597">
    <p class='ocr_par' dir='ltr' id='par_1_5' title="bbox 304 520 1957 597">
     <span class='ocr_line' id='line_1_5' title="bbox 304 520 1957 597; baseline 0.007 -26"><span class='ocrx_word' id='word_1_26' title='bbox 304 523 546 588; x_wconf 88' lang='lat' dir='ltr'><strong>queunt.</strong></span> <span class='ocrx_word' id='word_1_27' title='bbox 574 520 782 588; x_wconf 86' lang='lat' dir='ltr'><strong>Atque,</strong></span> <span class='ocrx_word' id='word_1_28' title='bbox 808 524 941 574; x_wconf 90' lang='lat' dir='ltr'><strong>utut</strong></span> <span class='ocrx_word' id='word_1_29' title='bbox 973 520 1042 575; x_wconf 89' lang='lat' dir='ltr'><strong>de</strong></span> <span class='ocrx_word' id='word_1_30' title='bbox 1068 526 1123 575; x_wconf 91' lang='lat' dir='ltr'><strong>te</strong></span> <span class='ocrx_word' id='word_1_31' title='bbox 1154 521 1255 591; x_wconf 89' lang='lat' dir='ltr'><strong>sit,</strong></span> <span class='ocrx_word' id='word_1_32' title='bbox 1282 540 1413 577; x_wconf 92' lang='lat' dir='ltr'><strong>mea</strong></span> <span class='ocrx_word' id='word_1_33' title='bbox 1439 524 1583 577; x_wconf 89' lang='lat' dir='ltr'><strong>mihi</strong></span> <span class='ocrx_word' id='word_1_34' title='bbox 1608 541 1788 580; x_wconf 87' lang='lat' dir='ltr'><strong>causa</strong></span> <span class='ocrx_word' id='word_1_35' title='bbox 1818 527 1957 597; x_wconf 89' lang='lat' dir='ltr'><strong>quid</strong></span> 
     </span>
    </p>
   </div>
   <div class='ocr_carea' id='block_1_6' title="bbox 304 608 1956 679">
    <p class='ocr_par' dir='ltr' id='par_1_6' title="bbox 304 608 1956 679">
     <span class='ocr_line' id='line_1_6' title="bbox 304 608 1956 679; baseline 0.005 -17"><span class='ocrx_word' id='word_1_36' title='bbox 304 624 477 679; x_wconf 84' lang='lat' dir='ltr'><strong>agere</strong></span> <span class='ocrx_word' id='word_1_37' title='bbox 508 608 752 663; x_wconf 83' lang='lat' dir='ltr'><strong>debeam</strong></span> <span class='ocrx_word' id='word_1_38' title='bbox 789 626 901 664; x_wconf 89' lang='lat' dir='ltr'><strong>non</strong></span> <span class='ocrx_word' id='word_1_39' title='bbox 937 614 1025 665; x_wconf 88' lang='lat' dir='ltr'><strong>est</strong></span> <span class='ocrx_word' id='word_1_40' title='bbox 1073 612 1414 667; x_wconf 89' lang='lat' dir='ltr'><strong>obscurum.</strong></span> <span class='ocrx_word' id='word_1_41' title='bbox 1465 614 1611 669; x_wconf 92' lang='lat' dir='ltr'><strong>Nam</strong></span> <span class='ocrx_word' id='word_1_42' title='bbox 1657 615 1745 670; x_wconf 86' lang='lat' dir='ltr'><strong>vel</strong></span> <span class='ocrx_word' id='word_1_43' title='bbox 1790 618 1837 671; x_wconf 89' lang='lat' dir='ltr'><strong>si</strong></span> <span class='ocrx_word' id='word_1_44' title='bbox 1897 622 1956 672; x_wconf 91' lang='lat' dir='ltr'><strong>tu</strong></span> 
     </span>
    </p>
   </div>
   <div class='ocr_carea' id='block_1_7' title="bbox 299 698 1954 773">
    <p class='ocr_par' dir='ltr' id='par_1_7' title="bbox 299 698 1954 773">
     <span class='ocr_line' id='line_1_7' title="bbox 299 698 1954 773; baseline 0.005 -22"><span class='ocrx_word' id='word_1_45' title='bbox 299 702 421 751; x_wconf 87' lang='lat' dir='ltr'><strong>tam</strong></span> <span class='ocrx_word' id='word_1_46' title='bbox 474 698 817 753; x_wconf 88' lang='lat' dir='ltr'><strong>moderatus</strong></span> <span class='ocrx_word' id='word_1_47' title='bbox 865 714 1038 768; x_wconf 86' lang='lat' dir='ltr'><strong>quam</strong></span> <span class='ocrx_word' id='word_1_48' title='bbox 1089 701 1176 755; x_wconf 91' lang='lat' dir='ltr'><strong>vis</strong></span> <span class='ocrx_word' id='word_1_49' title='bbox 1204 702 1573 772; x_wconf 83' lang='lat' dir='ltr'><strong>persuadere,</strong></span> <span class='ocrx_word' id='word_1_50' title='bbox 1606 704 1819 760; x_wconf 89' lang='lat' dir='ltr'><strong>futuris</strong></span> <span class='ocrx_word' id='word_1_51' title='bbox 1851 706 1954 773; x_wconf 90' lang='lat' dir='ltr'><strong>sis,</strong></span> 
     </span>
    </p>
   </div>
   <div class='ocr_carea' id='block_1_8' title="bbox 301 787 1958 866">
    <p class='ocr_par' dir='ltr' id='par_1_8' title="bbox 301 787 1958 866">
     <span class='ocr_line' id='line_1_8' title="bbox 301 787 1958 866; baseline 0.007 -27"><span class='ocrx_word' id='word_1_52' title='bbox 301 792 499 841; x_wconf 89' lang='lat' dir='ltr'><strong>tamen</strong></span> <span class='ocrx_word' id='word_1_53' title='bbox 566 803 671 857; x_wconf 86' lang='lat' dir='ltr'><strong>ego</strong></span> <span class='ocrx_word' id='word_1_54' title='bbox 720 792 916 843; x_wconf 82' lang='lat' dir='ltr'><strong>tecum</strong></span> <span class='ocrx_word' id='word_1_55' title='bbox 964 787 1257 845; x_wconf 91' lang='lat' dir='ltr'><strong>sollicitus</strong></span> <span class='ocrx_word' id='word_1_56' title='bbox 1316 791 1587 855; x_wconf 88' lang='lat' dir='ltr'><strong>viverem,</strong></span> <span class='ocrx_word' id='word_1_57' title='bbox 1636 794 1853 866; x_wconf 87' lang='lat' dir='ltr'><strong>quippe</strong></span> <span class='ocrx_word' id='word_1_58' title='bbox 1902 802 1958 851; x_wconf 92' lang='lat' dir='ltr'><strong>et</strong></span> 
     </span>
    </p>
   </div>
   <div class='ocr_carea' id='block_1_9' title="bbox 306 875 1956 950">
    <p class='ocr_par' dir='ltr' id='par_1_9' title="bbox 306 875 1956 950">
     <span class='ocr_line' id='line_1_9' title="bbox 306 875 1956 950; baseline 0.007 -22"><span class='ocrx_word' id='word_1_59' title='bbox 306 875 574 929; x_wconf 88' lang='lat' dir='ltr'><strong>animum</strong></span> <span class='ocrx_word' id='word_1_60' title='bbox 609 875 888 946; x_wconf 79' lang='lat' dir='ltr'><strong>ignorans</strong></span> <span class='ocrx_word' id='word_1_61' title='bbox 933 883 1121 947; x_wconf 91' lang='lat' dir='ltr'><strong>tuum,</strong></span> <span class='ocrx_word' id='word_1_62' title='bbox 1171 885 1229 934; x_wconf 90' lang='lat' dir='ltr'><strong>et</strong></span> <span class='ocrx_word' id='word_1_63' title='bbox 1276 883 1657 950; x_wconf 84' lang='lat' dir='ltr'><strong>quantumvis</strong></span> <span class='ocrx_word' id='word_1_64' title='bbox 1707 891 1863 939; x_wconf 90' lang='lat' dir='ltr'><strong>esset</strong></span> <span class='ocrx_word' id='word_1_65' title='bbox 1908 886 1956 940; x_wconf 88' lang='lat' dir='ltr'><strong>is</strong></span> 
     </span>
    </p>
   </div>
   <div class='ocr_carea' id='block_1_10' title="bbox 302 965 1953 1039">
    <p class='ocr_par' dir='ltr' id='par_1_10' title="bbox 302 965 1953 1039">
     <span class='ocr_line' id='line_1_10' title="bbox 302 965 1953 1039; baseline 0.007 -22"><span class='ocrx_word' id='word_1_66' title='bbox 302 965 537 1035; x_wconf 87' lang='lat' dir='ltr'><strong>qualem</strong></span> <span class='ocrx_word' id='word_1_67' title='bbox 598 976 885 1036; x_wconf 81' lang='lat' dir='ltr'><strong>optarem,</strong></span> <span class='ocrx_word' id='word_1_68' title='bbox 937 968 1091 1037; x_wconf 86' lang='lat' dir='ltr'><strong>jure,</strong></span> <span class='ocrx_word' id='word_1_69' title='bbox 1143 986 1213 1023; x_wconf 90' lang='lat' dir='ltr'><strong>ne</strong></span> <span class='ocrx_word' id='word_1_70' title='bbox 1265 975 1610 1039; x_wconf 80' lang='lat' dir='ltr'><strong>mutaretur,</strong></span> <span class='ocrx_word' id='word_1_71' title='bbox 1666 977 1953 1030; x_wconf 86' lang='lat' dir='ltr'><strong>metuens.</strong></span> 
     </span>
    </p>
   </div>
   <div class='ocr_carea' id='block_1_11' title="bbox 302 1054 1953 1128">
    <p class='ocr_par' dir='ltr' id='par_1_11' title="bbox 302 1054 1953 1128">
     <span class='ocr_line' id='line_1_11' title="bbox 302 1054 1953 1128; baseline 0.005 -19"><span class='ocrx_word' id='word_1_72' title='bbox 302 1055 516 1109; x_wconf 87' lang='lat' dir='ltr'><strong>Desine</strong></span> <span class='ocrx_word' id='word_1_73' title='bbox 573 1054 756 1126; x_wconf 81' lang='lat' dir='ltr'><strong>igitur</strong></span> <span class='ocrx_word' id='word_1_74' title='bbox 802 1055 1049 1111; x_wconf 84' lang='lat' dir='ltr'><strong>invitare</strong></span> <span class='ocrx_word' id='word_1_75' title='bbox 1096 1074 1189 1113; x_wconf 92' lang='lat' dir='ltr'><strong>me</strong></span> <span class='ocrx_word' id='word_1_76' title='bbox 1239 1060 1308 1113; x_wconf 87' lang='lat' dir='ltr'><strong>ad</strong></span> <span class='ocrx_word' id='word_1_77' title='bbox 1361 1059 1690 1116; x_wconf 91' lang='lat' dir='ltr'><strong>convictum</strong></span> <span class='ocrx_word' id='word_1_78' title='bbox 1738 1067 1953 1128; x_wconf 85' lang='lat' dir='ltr'><strong>tecum,</strong></span> 
     </span>
    </p>
   </div>
   <div class='ocr_carea' id='block_1_12' title="bbox 303 1144 1956 1223">
    <p class='ocr_par' dir='ltr' id='par_1_12' title="bbox 303 1144 1956 1223">
     <span class='ocr_line' id='line_1_12' title="bbox 303 1144 1956 1223; baseline 0.006 -25"><span class='ocrx_word' id='word_1_79' title='bbox 303 1146 636 1199; x_wconf 87' lang='lat' dir='ltr'><strong>necessario</strong></span> <span class='ocrx_word' id='word_1_80' title='bbox 668 1144 810 1199; x_wconf 93' lang='lat' dir='ltr'><strong>mihi</strong></span> <span class='ocrx_word' id='word_1_81' title='bbox 845 1147 1169 1217; x_wconf 86' lang='lat' dir='ltr'><strong>suspiciose</strong></span> <span class='ocrx_word' id='word_1_82' title='bbox 1195 1149 1455 1215; x_wconf 85' lang='lat' dir='ltr'><strong>anxium,</strong></span> <span class='ocrx_word' id='word_1_83' title='bbox 1483 1155 1539 1205; x_wconf 89' lang='lat' dir='ltr'><strong>et</strong></span> <span class='ocrx_word' id='word_1_84' title='bbox 1570 1168 1672 1223; x_wconf 89' lang='lat' dir='ltr'><strong>per</strong></span> <span class='ocrx_word' id='word_1_85' title='bbox 1700 1152 1804 1207; x_wconf 91' lang='lat' dir='ltr'><strong>hoc</strong></span> <span class='ocrx_word' id='word_1_86' title='bbox 1839 1171 1956 1209; x_wconf 84' lang='lat' dir='ltr'><strong>mo-</strong></span> 
     </span>
    </p>
   </div>
   <div class='ocr_carea' id='block_1_13' title="bbox 306 1232 1953 1305">
    <p class='ocr_par' dir='ltr' id='par_1_13' title="bbox 306 1232 1953 1305">
     <span class='ocr_line' id='line_1_13' title="bbox 306 1232 1953 1305; baseline 0.007 -19"><span class='ocrx_word' id='word_1_87' title='bbox 306 1232 697 1288; x_wconf 89' lang='lat' dir='ltr'><strong>lestissimum</strong></span> <span class='ocrx_word' id='word_1_88' title='bbox 739 1234 1004 1290; x_wconf 90' lang='lat' dir='ltr'><strong>futurum</strong></span> <span class='ocrx_word' id='word_1_89' title='bbox 1032 1255 1069 1305; x_wconf 75' lang='grc' dir='ltr'><strong>;Δ</strong></span> <span class='ocrx_word' id='word_1_90' title='bbox 1101 1236 1245 1291; x_wconf 81' lang='lat' dir='ltr'><strong>nihil</strong></span> <span class='ocrx_word' id='word_1_91' title='bbox 1295 1244 1489 1293; x_wconf 87' lang='lat' dir='ltr'><strong>autem</strong></span> <span class='ocrx_word' id='word_1_92' title='bbox 1536 1240 1795 1295; x_wconf 89' lang='lat' dir='ltr'><strong>omnium</strong></span> <span class='ocrx_word' id='word_1_93' title='bbox 1847 1243 1953 1297; x_wconf 89' lang='lat' dir='ltr'><strong>tibi</strong></span> 
     </span>
    </p>
   </div>
   <div class='ocr_carea' id='block_1_14' title="bbox 303 1323 1957 1405">
    <p class='ocr_par' dir='ltr' id='par_1_14' title="bbox 303 1323 1957 1405">
     <span class='ocr_line' id='line_1_14' title="bbox 303 1323 1957 1405; baseline 0.007 -28"><span class='ocrx_word' id='word_1_94' title='bbox 303 1324 475 1392; x_wconf 85' lang='lat' dir='ltr'><strong>juxta</strong></span> <span class='ocrx_word' id='word_1_95' title='bbox 498 1323 749 1395; x_wconf 83' lang='lat' dir='ltr'><strong>mihique</strong></span> <span class='ocrx_word' id='word_1_96' title='bbox 769 1325 1075 1381; x_wconf 80' lang='lat' dir='ltr'><strong>consulere</strong></span> <span class='ocrx_word' id='word_1_97' title='bbox 1098 1344 1338 1398; x_wconf 90' lang='lat' dir='ltr'><strong>possum</strong></span> <span class='ocrx_word' id='word_1_98' title='bbox 1360 1328 1768 1401; x_wconf 85' lang='lat' dir='ltr'><strong>utilius,quam</strong></span> <span class='ocrx_word' id='word_1_99' title='bbox 1799 1332 1957 1405; x_wconf 91' lang='lat' dir='ltr'><strong>fuge-</strong></span> 
     </span>
    </p>
   </div>
   <div class='ocr_carea' id='block_1_15' title="bbox 314 1412 1954 1491">
    <p class='ocr_par' dir='ltr' id='par_1_15' title="bbox 314 1412 1954 1491">
     <span class='ocr_line' id='line_1_15' title="bbox 314 1412 1954 1491; baseline 0.007 -26"><span class='ocrx_word' id='word_1_100' title='bbox 314 1428 376 1467; x_wconf 88' lang='lat' dir='ltr'><strong>re</strong></span> <span class='ocrx_word' id='word_1_101' title='bbox 418 1412 876 1485; x_wconf 79' lang='lat' dir='ltr'><strong>longissimeque</strong></span> <span class='ocrx_word' id='word_1_102' title='bbox 927 1432 959 1469; x_wconf 90' lang='lat' dir='ltr'><strong>a</strong></span> <span class='ocrx_word' id='word_1_103' title='bbox 1007 1416 1169 1472; x_wconf 86' lang='lat' dir='ltr'><strong>vobis</strong></span> <span class='ocrx_word' id='word_1_104' title='bbox 1214 1418 1547 1473; x_wconf 88' lang='lat' dir='ltr'><strong>abscedere.</strong></span> <span class='ocrx_word' id='word_1_105' title='bbox 1600 1420 1748 1491; x_wconf 86' lang='lat' dir='ltr'><strong>Ergo</strong></span> <span class='ocrx_word' id='word_1_106' title='bbox 1796 1422 1954 1478; x_wconf 89' lang='lat' dir='ltr'><strong>salve</strong></span> 
     </span>
    </p>
   </div>
   <div class='ocr_carea' id='block_1_16' title="bbox 305 1502 1044 1569">
    <p class='ocr_par' dir='ltr' id='par_1_16' title="bbox 305 1502 1044 1569">
     <span class='ocr_line' id='line_1_16' title="bbox 305 1502 1044 1569; baseline 0.005 -15"><span class='ocrx_word' id='word_1_107' title='bbox 305 1502 451 1555; x_wconf 78' lang='lat' dir='ltr'><strong>mihi</strong></span> <span class='ocrx_word' id='word_1_108' title='bbox 482 1507 781 1569; x_wconf 73' lang='lat' dir='ltr'><strong>aeternum,</strong></span> <span class='ocrx_word' id='word_1_109' title='bbox 814 1510 872 1557; x_wconf 90' lang='lat' dir='ltr'><strong>et</strong></span> <span class='ocrx_word' id='word_1_110' title='bbox 899 1503 1044 1558; x_wconf 88' lang='lat' dir='ltr'><strong>vale.</strong></span> 
     </span>
    </p>
   </div>
   <div class='ocr_carea' id='block_1_17' title="bbox 375 1590 1955 1671">
    <p class='ocr_par' dir='ltr' id='par_1_17' title="bbox 375 1590 1955 1671">
     <span class='ocr_line' id='line_1_17' title="bbox 375 1590 1955 1671; baseline 0.008 -27"><span class='ocrx_word' id='word_1_111' title='bbox 375 1590 707 1645; x_wconf 89' lang='lat' dir='ltr'><strong>IV.Sustine</strong></span> <span class='ocrx_word' id='word_1_112' title='bbox 734 1591 925 1647; x_wconf 89' lang='lat' dir='ltr'><strong>adhuc</strong></span> <span class='ocrx_word' id='word_1_113' title='bbox 957 1592 1286 1664; x_wconf 85' lang='lat' dir='ltr'><strong>paululum,</strong></span> <span class='ocrx_word' id='word_1_114' title='bbox 1320 1613 1417 1651; x_wconf 86' lang='lat' dir='ltr'><strong>rex</strong></span> <span class='ocrx_word' id='word_1_115' title='bbox 1444 1597 1655 1669; x_wconf 78' lang='lat' dir='ltr'><strong>inquit,</strong></span> <span class='ocrx_word' id='word_1_116' title='bbox 1678 1604 1733 1653; x_wconf 91' lang='lat' dir='ltr'><strong>et</strong></span> <span class='ocrx_word' id='word_1_117' title='bbox 1762 1601 1955 1671; x_wconf 83' lang='lat' dir='ltr'><strong>cogita</strong></span> 
     </span>
    </p>
   </div>
   <div class='ocr_carea' id='block_1_18' title="bbox 303 1678 1952 1752">
    <p class='ocr_par' dir='ltr' id='par_1_18' title="bbox 303 1678 1952 1752">
     <span class='ocr_line' id='line_1_18' title="bbox 303 1678 1952 1752; baseline 0.008 -21"><span class='ocrx_word' id='word_1_118' title='bbox 303 1678 526 1732; x_wconf 90' lang='lat' dir='ltr'><strong>nullam</strong></span> <span class='ocrx_word' id='word_1_119' title='bbox 569 1678 850 1750; x_wconf 84' lang='lat' dir='ltr'><strong>imputari</strong></span> <span class='ocrx_word' id='word_1_120' title='bbox 886 1698 1056 1752; x_wconf 82' lang='lat' dir='ltr'><strong>posse</strong></span> <span class='ocrx_word' id='word_1_121' title='bbox 1085 1700 1117 1737; x_wconf 90' lang='lat' dir='ltr'><strong>a</strong></span> <span class='ocrx_word' id='word_1_122' title='bbox 1152 1701 1243 1738; x_wconf 91' lang='lat' dir='ltr'><strong>me</strong></span> <span class='ocrx_word' id='word_1_123' title='bbox 1270 1686 1371 1739; x_wconf 89' lang='lat' dir='ltr'><strong>tibi</strong></span> <span class='ocrx_word' id='word_1_124' title='bbox 1408 1687 1758 1744; x_wconf 82' lang='lat' dir='ltr'><strong>calamitatis</strong></span> <span class='ocrx_word' id='word_1_125' title='bbox 1814 1707 1952 1745; x_wconf 68' lang='lat' dir='ltr'><strong>mere</strong></span> 
     </span>
    </p>
   </div>
   <div class='ocr_carea' id='block_1_19' title="bbox 2062 531 3706 609">
    <p class='ocr_par' dir='ltr' id='par_1_19' title="bbox 2062 531 3706 609">
     <span class='ocr_line' id='line_1_19' title="bbox 2062 531 3706 609; baseline 0.007 -25"><span class='ocrx_word' id='word_1_126' title='bbox 2062 531 2320 601; x_wconf 88' lang='lat' dir='ltr'><strong>opinaris</strong></span> <span class='ocrx_word' id='word_1_127' title='bbox 2349 534 2419 588; x_wconf 90' lang='lat' dir='ltr'><strong>de</strong></span> <span class='ocrx_word' id='word_1_128' title='bbox 2452 552 2564 604; x_wconf 90' lang='lat' dir='ltr'><strong>me,</strong></span> <span class='ocrx_word' id='word_1_129' title='bbox 2601 536 2948 606; x_wconf 90' lang='lat' dir='ltr'><strong>probrosum</strong></span> <span class='ocrx_word' id='word_1_130' title='bbox 2984 540 3218 609; x_wconf 90' lang='lat' dir='ltr'><strong>utrique</strong></span> <span class='ocrx_word' id='word_1_131' title='bbox 3249 544 3358 594; x_wconf 90' lang='lat' dir='ltr'><strong>est.</strong></span> <span class='ocrx_word' id='word_1_132' title='bbox 3412 545 3706 595; x_wconf 91' lang='lat' dir='ltr'><strong>Bonorum</strong></span> 
     </span>
    </p>
   </div>
   <div class='ocr_carea' id='block_1_20' title="bbox 2060 619 3707 697">
    <p class='ocr_par' dir='ltr' id='par_1_20' title="bbox 2060 619 3707 697">
     <span class='ocr_line' id='line_1_20' title="bbox 2060 619 3707 697; baseline 0.005 -25"><span class='ocrx_word' id='word_1_133' title='bbox 2060 619 2217 673; x_wconf 89' lang='lat' dir='ltr'><strong>enim</strong></span> <span class='ocrx_word' id='word_1_134' title='bbox 2266 637 2331 675; x_wconf 89' lang='lat' dir='ltr'><strong>ac</strong></span> <span class='ocrx_word' id='word_1_135' title='bbox 2374 622 2707 693; x_wconf 90' lang='lat' dir='ltr'><strong>sapientum</strong></span> <span class='ocrx_word' id='word_1_136' title='bbox 2753 631 2842 680; x_wconf 88' lang='lat' dir='ltr'><strong>est</strong></span> <span class='ocrx_word' id='word_1_137' title='bbox 2891 625 2950 680; x_wconf 91' lang='lat' dir='ltr'><strong>in</strong></span> <span class='ocrx_word' id='word_1_138' title='bbox 2984 632 3267 697; x_wconf 87' lang='lat' dir='ltr'><strong>potestate</strong></span> <span class='ocrx_word' id='word_1_139' title='bbox 3299 626 3511 682; x_wconf 90' lang='lat' dir='ltr'><strong>habere</strong></span> <span class='ocrx_word' id='word_1_140' title='bbox 3542 630 3707 695; x_wconf 90' lang='lat' dir='ltr'><strong>cupi-</strong></span> 
     </span>
    </p>
   </div>
   <div class='ocr_carea' id='block_1_21' title="bbox 2061 708 3703 785">
    <p class='ocr_par' dir='ltr' id='par_1_21' title="bbox 2061 708 3703 785">
     <span class='ocr_line' id='line_1_21' title="bbox 2061 708 3703 785; baseline 0.007 -26"><span class='ocrx_word' id='word_1_141' title='bbox 2061 708 2291 775; x_wconf 88' lang='lat' dir='ltr'><strong>ditates,</strong></span> <span class='ocrx_word' id='word_1_142' title='bbox 2326 726 2430 765; x_wconf 91' lang='lat' dir='ltr'><strong>nec</strong></span> <span class='ocrx_word' id='word_1_143' title='bbox 2462 710 2704 784; x_wconf 84' lang='lat' dir='ltr'><strong>obsequi</strong></span> <span class='ocrx_word' id='word_1_144' title='bbox 2736 714 3039 771; x_wconf 84' lang='lat' dir='ltr'><strong>atIectibus</strong></span> <span class='ocrx_word' id='word_1_145' title='bbox 3067 732 3197 770; x_wconf 89' lang='lat' dir='ltr'><strong>cum</strong></span> <span class='ocrx_word' id='word_1_146' title='bbox 3232 717 3302 770; x_wconf 89' lang='lat' dir='ltr'><strong>ad</strong></span> <span class='ocrx_word' id='word_1_147' title='bbox 3335 716 3552 785; x_wconf 91' lang='lat' dir='ltr'><strong>aliquid</strong></span> <span class='ocrx_word' id='word_1_148' title='bbox 3590 717 3703 770; x_wconf 91' lang='lat' dir='ltr'><strong>im-</strong></span> 
     </span>
    </p>
   </div>
   <div class='ocr_carea' id='block_1_22' title="bbox 2061 795 3703 874">
    <p class='ocr_par' dir='ltr' id='par_1_22' title="bbox 2061 795 3703 874">
     <span class='ocr_line' id='line_1_22' title="bbox 2061 795 3703 874; baseline 0.006 -25"><span class='ocrx_word' id='word_1_149' title='bbox 2061 795 2285 866; x_wconf 90' lang='lat' dir='ltr'><strong>pellunt</strong></span> <span class='ocrx_word' id='word_1_150' title='bbox 2316 800 2522 855; x_wconf 88' lang='lat' dir='ltr'><strong>rationi</strong></span> <span class='ocrx_word' id='word_1_151' title='bbox 2557 818 2669 856; x_wconf 91' lang='lat' dir='ltr'><strong>non</strong></span> <span class='ocrx_word' id='word_1_152' title='bbox 2704 808 3194 870; x_wconf 88' lang='lat' dir='ltr'><strong>consentaneum;</strong></span> <span class='ocrx_word' id='word_1_153' title='bbox 3219 808 3276 859; x_wconf 92' lang='lat' dir='ltr'><strong>et</strong></span> <span class='ocrx_word' id='word_1_154' title='bbox 3306 820 3409 874; x_wconf 87' lang='lat' dir='ltr'><strong>ego</strong></span> <span class='ocrx_word' id='word_1_155' title='bbox 3442 803 3621 874; x_wconf 87' lang='lat' dir='ltr'><strong>igitur</strong></span> <span class='ocrx_word' id='word_1_156' title='bbox 3650 814 3703 859; x_wconf 88' lang='lat' dir='ltr'><strong>et</strong></span> 
     </span>
    </p>
   </div>
   <div class='ocr_carea' id='block_1_23' title="bbox 2058 888 3701 960">
    <p class='ocr_par' dir='ltr' id='par_1_23' title="bbox 2058 888 3701 960">
     <span class='ocr_line' id='line_1_23' title="bbox 2058 888 3701 960; baseline 0.007 -23"><span class='ocrx_word' id='word_1_157' title='bbox 2058 888 2533 956; x_wconf 85' lang='lat' dir='ltr'><strong>tu,quantumvis</strong></span> <span class='ocrx_word' id='word_1_158' title='bbox 2556 897 2885 946; x_wconf 88' lang='lat' dir='ltr'><strong>recurrente</strong></span> <span class='ocrx_word' id='word_1_159' title='bbox 2911 894 3185 947; x_wconf 86' lang='lat' dir='ltr'><strong>memoria</strong></span> <span class='ocrx_word' id='word_1_160' title='bbox 3211 893 3701 960; x_wconf 88' lang='lat' dir='ltr'><strong>cladium,mutuo</strong></span> 
     </span>
    </p>
   </div>
   <div class='ocr_carea' id='block_1_24' title="bbox 2060 977 3703 1052">
    <p class='ocr_par' dir='ltr' id='par_1_24' title="bbox 2060 977 3703 1052">
     <span class='ocr_line' id='line_1_24' title="bbox 2060 977 3703 1052; baseline 0.005 -25"><span class='ocrx_word' id='word_1_161' title='bbox 2060 990 2259 1029; x_wconf 90' lang='lat' dir='ltr'><strong>amare</strong></span> <span class='ocrx_word' id='word_1_162' title='bbox 2290 977 2635 1048; x_wconf 87' lang='lat' dir='ltr'><strong>poterimus.</strong></span> <span class='ocrx_word' id='word_1_163' title='bbox 2668 982 2895 1050; x_wconf 85' lang='lat' dir='ltr'><strong>Anceps</strong></span> <span class='ocrx_word' id='word_1_164' title='bbox 2924 981 3210 1051; x_wconf 88' lang='lat' dir='ltr'><strong>(reposuit</strong></span> <span class='ocrx_word' id='word_1_165' title='bbox 3238 982 3544 1052; x_wconf 87' lang='lat' dir='ltr'><strong>psittacus)</strong></span> <span class='ocrx_word' id='word_1_166' title='bbox 3592 982 3703 1036; x_wconf 88' lang='lat' dir='ltr'><strong>ista</strong></span> 
     </span>
    </p>
   </div>
   <div class='ocr_carea' id='block_1_25' title="bbox 2059 1065 3703 1142">
    <p class='ocr_par' dir='ltr' id='par_1_25' title="bbox 2059 1065 3703 1142">
     <span class='ocr_line' id='line_1_25' title="bbox 2059 1065 3703 1142; baseline 0.006 -25"><span class='ocrx_word' id='word_1_167' title='bbox 2059 1065 2415 1135; x_wconf 89' lang='lat' dir='ltr'><strong>experientia</strong></span> <span class='ocrx_word' id='word_1_168' title='bbox 2442 1068 2633 1123; x_wconf 86' lang='lat' dir='ltr'><strong>fuerit.</strong></span> <span class='ocrx_word' id='word_1_169' title='bbox 2655 1069 2859 1140; x_wconf 89' lang='lat' dir='ltr'><strong>Magna</strong></span> <span class='ocrx_word' id='word_1_170' title='bbox 2891 1070 3046 1125; x_wconf 91' lang='lat' dir='ltr'><strong>enim</strong></span> <span class='ocrx_word' id='word_1_171' title='bbox 3081 1071 3163 1125; x_wconf 92' lang='lat' dir='ltr'><strong>vis</strong></span> <span class='ocrx_word' id='word_1_172' title='bbox 3194 1076 3281 1126; x_wconf 91' lang='lat' dir='ltr'><strong>est</strong></span> <span class='ocrx_word' id='word_1_173' title='bbox 3312 1072 3703 1142; x_wconf 87' lang='lat' dir='ltr'><strong>perturbatio-</strong></span> 
     </span>
    </p>
   </div>
   <div class='ocr_carea' id='block_1_26' title="bbox 2060 1154 3695 1227">
    <p class='ocr_par' dir='ltr' id='par_1_26' title="bbox 2060 1154 3695 1227">
     <span class='ocr_line' id='line_1_26' title="bbox 2060 1154 3695 1227; baseline 0.005 -21"><span class='ocrx_word' id='word_1_174' title='bbox 2060 1154 2519 1219; x_wconf 89' lang='lat' dir='ltr'><strong>num,irritante</strong></span> <span class='ocrx_word' id='word_1_175' title='bbox 2563 1158 2773 1227; x_wconf 88' lang='lat' dir='ltr'><strong>objecti</strong></span> <span class='ocrx_word' id='word_1_176' title='bbox 2827 1160 3136 1227; x_wconf 60' lang='lat' dir='ltr'><strong>presentia</strong></span> <span class='ocrx_word' id='word_1_177' title='bbox 3183 1160 3483 1214; x_wconf 87' lang='lat' dir='ltr'><strong>solitarum</strong></span> <span class='ocrx_word' id='word_1_178' title='bbox 3536 1177 3695 1214; x_wconf 83' lang='lat' dir='ltr'><strong>exar-</strong></span> 
     </span>
    </p>
   </div>
   <div class='ocr_carea' id='block_1_27' title="bbox 2060 1242 3699 1316">
    <p class='ocr_par' dir='ltr' id='par_1_27' title="bbox 2060 1242 3699 1316">
     <span class='ocr_line' id='line_1_27' title="bbox 2060 1242 3699 1316; baseline 0.005 -21"><span class='ocrx_word' id='word_1_179' title='bbox 2060 1242 2317 1309; x_wconf 79' lang='lat' dir='ltr'><strong>descere,</strong></span> <span class='ocrx_word' id='word_1_180' title='bbox 2346 1245 2705 1316; x_wconf 86' lang='lat' dir='ltr'><strong>rationisque</strong></span> <span class='ocrx_word' id='word_1_181' title='bbox 2739 1246 2962 1300; x_wconf 79' lang='lat' dir='ltr'><strong>frenum</strong></span> <span class='ocrx_word' id='word_1_182' title='bbox 3000 1248 3055 1301; x_wconf 90' lang='lat' dir='ltr'><strong>in</strong></span> <span class='ocrx_word' id='word_1_183' title='bbox 3089 1254 3233 1303; x_wconf 68' lang='lat' dir='ltr'><strong>aestu</strong></span> <span class='ocrx_word' id='word_1_184' title='bbox 3268 1250 3482 1303; x_wconf 82' lang='lat' dir='ltr'><strong>furoris</strong></span> <span class='ocrx_word' id='word_1_185' title='bbox 3530 1265 3699 1304; x_wconf 85' lang='lat' dir='ltr'><strong>excu-</strong></span> 
     </span>
    </p>
   </div>
   <div class='ocr_carea' id='block_1_28' title="bbox 2058 1331 3702 1406">
    <p class='ocr_par' dir='ltr' id='par_1_28' title="bbox 2058 1331 3702 1406">
     <span class='ocr_line' id='line_1_28' title="bbox 2058 1331 3702 1406; baseline 0.005 -21"><span class='ocrx_word' id='word_1_186' title='bbox 2058 1331 2349 1388; x_wconf 89' lang='lat' dir='ltr'><strong>tientium.</strong></span> <span class='ocrx_word' id='word_1_187' title='bbox 2383 1335 2543 1399; x_wconf 90' lang='lat' dir='ltr'><strong>Quod</strong></span> <span class='ocrx_word' id='word_1_188' title='bbox 2579 1334 2626 1389; x_wconf 91' lang='lat' dir='ltr'><strong>si</strong></span> <span class='ocrx_word' id='word_1_189' title='bbox 2659 1334 2792 1406; x_wconf 90' lang='lat' dir='ltr'><strong>quis</strong></span> <span class='ocrx_word' id='word_1_190' title='bbox 2824 1336 2875 1389; x_wconf 92' lang='lat' dir='ltr'><strong>vi</strong></span> <span class='ocrx_word' id='word_1_191' title='bbox 2910 1337 3182 1391; x_wconf 90' lang='lat' dir='ltr'><strong>annitens</strong></span> <span class='ocrx_word' id='word_1_192' title='bbox 3226 1354 3458 1393; x_wconf 89' lang='lat' dir='ltr'><strong>summa</strong></span> <span class='ocrx_word' id='word_1_193' title='bbox 3505 1339 3702 1393; x_wconf 88' lang='lat' dir='ltr'><strong>mode-</strong></span> 
     </span>
    </p>
   </div>
   <div class='ocr_carea' id='block_1_29' title="bbox 2058 1420 3699 1495">
    <p class='ocr_par' dir='ltr' id='par_1_29' title="bbox 2058 1420 3699 1495">
     <span class='ocr_line' id='line_1_29' title="bbox 2058 1420 3699 1495; baseline 0.005 -22"><span class='ocrx_word' id='word_1_194' title='bbox 2058 1421 2172 1474; x_wconf 92' lang='lat' dir='ltr'><strong>rari</strong></span> <span class='ocrx_word' id='word_1_195' title='bbox 2206 1420 2307 1475; x_wconf 89' lang='lat' dir='ltr'><strong>tali</strong></span> <span class='ocrx_word' id='word_1_196' title='bbox 2342 1426 2605 1493; x_wconf 89' lang='lat' dir='ltr'><strong>tempore</strong></span> <span class='ocrx_word' id='word_1_197' title='bbox 2637 1423 2734 1478; x_wconf 78' lang='lat' dir='ltr'><strong>irae</strong></span> <span class='ocrx_word' id='word_1_198' title='bbox 2766 1430 2869 1479; x_wconf 89' lang='lat' dir='ltr'><strong>aut</strong></span> <span class='ocrx_word' id='word_1_199' title='bbox 2900 1425 3031 1479; x_wconf 92' lang='lat' dir='ltr'><strong>odio</strong></span> <span class='ocrx_word' id='word_1_200' title='bbox 3058 1426 3331 1495; x_wconf 90' lang='lat' dir='ltr'><strong>potuerit,</strong></span> <span class='ocrx_word' id='word_1_201' title='bbox 3372 1426 3699 1481; x_wconf 80' lang='lat' dir='ltr'><strong>molestiam</strong></span> 
     </span>
    </p>
   </div>
   <div class='ocr_carea' id='block_1_30' title="bbox 2058 1510 3703 1585">
    <p class='ocr_par' dir='ltr' id='par_1_30' title="bbox 2058 1510 3703 1585">
     <span class='ocr_line' id='line_1_30' title="bbox 2058 1510 3703 1585; baseline 0.005 -24"><span class='ocrx_word' id='word_1_202' title='bbox 2058 1513 2249 1563; x_wconf 84' lang='lat' dir='ltr'><strong>tamen</strong></span> <span class='ocrx_word' id='word_1_203' title='bbox 2274 1510 2573 1581; x_wconf 89' lang='lat' dir='ltr'><strong>ingentem</strong></span> <span class='ocrx_word' id='word_1_204' title='bbox 2598 1512 2829 1579; x_wconf 88' lang='lat' dir='ltr'><strong>sentiet,</strong></span> <span class='ocrx_word' id='word_1_205' title='bbox 2855 1530 2959 1568; x_wconf 88' lang='lat' dir='ltr'><strong>nec</strong></span> <span class='ocrx_word' id='word_1_206' title='bbox 2982 1530 3117 1583; x_wconf 85' lang='lat' dir='ltr'><strong>pace</strong></span> <span class='ocrx_word' id='word_1_207' title='bbox 3141 1518 3238 1567; x_wconf 86' lang='lat' dir='ltr'><strong>aut</strong></span> <span class='ocrx_word' id='word_1_208' title='bbox 3280 1514 3703 1585; x_wconf 85' lang='lat' dir='ltr'><strong>tranquillitate</strong></span> 
     </span>
    </p>
   </div>
   <div class='ocr_carea' id='block_1_31' title="bbox 2058 1598 3697 1668">
    <p class='ocr_par' dir='ltr' id='par_1_31' title="bbox 2058 1598 3697 1668">
     <span class='ocr_line' id='line_1_31' title="bbox 2058 1598 3697 1668; baseline 0.003 -18"><span class='ocrx_word' id='word_1_209' title='bbox 2058 1598 2259 1663; x_wconf 89' lang='lat' dir='ltr'><strong>animi,</strong></span> <span class='ocrx_word' id='word_1_210' title='bbox 2296 1615 2423 1668; x_wconf 70' lang='lat' dir='ltr'><strong>quae</strong></span> <span class='ocrx_word' id='word_1_211' title='bbox 2458 1598 2585 1653; x_wconf 77' lang='lat' dir='ltr'><strong>vitae</strong></span> <span class='ocrx_word' id='word_1_212' title='bbox 2619 1600 2956 1655; x_wconf 86' lang='lat' dir='ltr'><strong>felicitatem</strong></span> <span class='ocrx_word' id='word_1_213' title='bbox 3007 1602 3264 1666; x_wconf 88' lang='lat' dir='ltr'><strong>conficit,</strong></span> <span class='ocrx_word' id='word_1_214' title='bbox 3316 1602 3373 1656; x_wconf 92' lang='lat' dir='ltr'><strong>in</strong></span> <span class='ocrx_word' id='word_1_215' title='bbox 3425 1602 3697 1656; x_wconf 85' lang='lat' dir='ltr'><strong>conﬂictu</strong></span> 
     </span>
    </p>
   </div>
   <div class='ocr_carea' id='block_1_32' title="bbox 2056 1686 3693 1760">
    <p class='ocr_par' dir='ltr' id='par_1_32' title="bbox 2056 1686 3693 1760">
     <span class='ocr_line' id='line_1_32' title="bbox 2056 1686 3693 1760; baseline 0.004 -21"><span class='ocrx_word' id='word_1_216' title='bbox 2056 1690 2173 1740; x_wconf 89' lang='lat' dir='ltr'><strong>tam</strong></span> <span class='ocrx_word' id='word_1_217' title='bbox 2224 1686 2553 1741; x_wconf 86' lang='lat' dir='ltr'><strong>vehementi</strong></span> <span class='ocrx_word' id='word_1_218' title='bbox 2606 1689 2918 1744; x_wconf 74' lang='lat' dir='ltr'><strong>affectuum</strong></span> <span class='ocrx_word' id='word_1_219' title='bbox 2968 1706 3103 1743; x_wconf 92' lang='lat' dir='ltr'><strong>cum</strong></span> <span class='ocrx_word' id='word_1_220' title='bbox 3148 1690 3395 1760; x_wconf 90' lang='lat' dir='ltr'><strong>judicio,</strong></span> <span class='ocrx_word' id='word_1_221' title='bbox 3443 1692 3693 1747; x_wconf 77' lang='lat' dir='ltr'><strong>fruetur.</strong></span> 
     </span>
    </p>
   </div>
   <div class='ocr_carea' id='block_1_33' title="bbox 299 1772 3705 1873">
    <p class='ocr_par' dir='ltr' id='par_1_33' title="bbox 299 1772 3705 1873">
     <span class='ocr_line' id='line_1_33' title="bbox 299 1772 3705 1873; baseline 0.004 -54"><span class='ocrx_word' id='word_1_222' title='bbox 299 1772 528 1837; x_wconf 84' lang='lat' dir='ltr'><strong>partem</strong></span> <span class='ocrx_word' id='word_1_223' title='bbox 571 1773 673 1822; x_wconf 88' lang='lat' dir='ltr'><strong>aut</strong></span> <span class='ocrx_word' id='word_1_224' title='bbox 719 1786 786 1823; x_wconf 92' lang='lat' dir='ltr'><strong>eo</strong></span> <span class='ocrx_word' id='word_1_225' title='bbox 836 1772 1069 1825; x_wconf 87' lang='lat' dir='ltr'><strong>nomine</strong></span> <span class='ocrx_word' id='word_1_226' title='bbox 1117 1773 1359 1843; x_wconf 88' lang='lat' dir='ltr'><strong>culpari.</strong></span> <span class='ocrx_word' id='word_1_227' title='bbox 1408 1776 1536 1830; x_wconf 88' lang='lat' dir='ltr'><strong>Scio</strong></span> <span class='ocrx_word' id='word_1_228' title='bbox 1584 1776 1740 1831; x_wconf 91' lang='lat' dir='ltr'><strong>enim</strong></span> <span class='ocrx_word' id='word_1_229' title='bbox 1794 1777 1949 1832; x_wconf 78' lang='lat' dir='ltr'><strong>fatali</strong></span> <span class='ocrx_word' id='word_1_230' title='bbox 1984 1811 2027 1873; x_wconf 78' lang='grc' dir='ltr'>Β</span> <span class='ocrx_word' id='word_1_231' title='bbox 2060 1778 2203 1829; x_wconf 88' lang='lat' dir='ltr'><strong>Nam</strong></span> <span class='ocrx_word' id='word_1_232' title='bbox 2233 1775 2333 1845; x_wconf 91' lang='lat' dir='ltr'><strong>qui</strong></span> <span class='ocrx_word' id='word_1_233' title='bbox 2367 1775 2707 1831; x_wconf 87' lang='lat' dir='ltr'><strong>vulneratus</strong></span> <span class='ocrx_word' id='word_1_234' title='bbox 2736 1777 2793 1831; x_wconf 91' lang='lat' dir='ltr'><strong>in</strong></span> <span class='ocrx_word' id='word_1_235' title='bbox 2830 1778 2973 1848; x_wconf 90' lang='lat' dir='ltr'><strong>pede</strong></span> <span class='ocrx_word' id='word_1_236' title='bbox 3007 1779 3190 1832; x_wconf 88' lang='lat' dir='ltr'><strong>currit</strong></span> <span class='ocrx_word' id='word_1_237' title='bbox 3224 1787 3439 1845; x_wconf 89' lang='lat' dir='ltr'><strong>tamen,</strong></span> <span class='ocrx_word' id='word_1_238' title='bbox 3469 1796 3705 1833; x_wconf 88' lang='lat' dir='ltr'><strong>summo</strong></span> 
     </span>
    </p>
   </div>
   <div class='ocr_carea' id='block_1_34' title="bbox 297 1858 1951 1937">
    <p class='ocr_par' dir='ltr' id='par_1_34' title="bbox 297 1858 1951 1937">
     <span class='ocr_line' id='line_1_34' title="bbox 297 1858 1951 1937; baseline 0.008 -28"><span class='ocrx_word' id='word_1_239' title='bbox 297 1861 509 1910; x_wconf 87' lang='lat' dir='ltr'><strong>cuncta</strong></span> <span class='ocrx_word' id='word_1_240' title='bbox 528 1858 877 1913; x_wconf 89' lang='lat' dir='ltr'><strong>necessitate</strong></span> <span class='ocrx_word' id='word_1_241' title='bbox 895 1860 1675 1932; x_wconf 87' lang='lat' dir='ltr'><strong>contingere.lnevitabiliter</strong></span> <span class='ocrx_word' id='word_1_242' title='bbox 1700 1868 1767 1919; x_wconf 90' lang='lat' dir='ltr'><strong>ad</strong></span> <span class='ocrx_word' id='word_1_243' title='bbox 1786 1868 1951 1937; x_wconf 89' lang='lat' dir='ltr'><strong>quid-</strong></span> 
     </span>
    </p>
   </div>
   <div class='ocr_carea' id='block_1_35' title="bbox 297 1945 1949 2025">
    <p class='ocr_par' dir='ltr' id='par_1_35' title="bbox 297 1945 1949 2025">
     <span class='ocr_line' id='line_1_35' title="bbox 297 1945 1949 2025; baseline 0.007 -27"><span class='ocrx_word' id='word_1_244' title='bbox 297 1945 384 1999; x_wconf 89' lang='lat' dir='ltr'><strong>vis</strong></span> <span class='ocrx_word' id='word_1_245' title='bbox 411 1945 645 2013; x_wconf 91' lang='lat' dir='ltr'><strong>horum,</strong></span> <span class='ocrx_word' id='word_1_246' title='bbox 680 1964 805 2018; x_wconf 70' lang='lat' dir='ltr'><strong>quae</strong></span> <span class='ocrx_word' id='word_1_247' title='bbox 840 1948 961 2003; x_wconf 82' lang='lat' dir='ltr'><strong>ﬁeri</strong></span> <span class='ocrx_word' id='word_1_248' title='bbox 997 1949 1388 2021; x_wconf 84' lang='lat' dir='ltr'><strong>videmus,qui</strong></span> <span class='ocrx_word' id='word_1_249' title='bbox 1425 1959 1603 2023; x_wconf 88' lang='lat' dir='ltr'><strong>agunt</strong></span> <span class='ocrx_word' id='word_1_250' title='bbox 1640 1953 1949 2025; x_wconf 89' lang='lat' dir='ltr'><strong>rapiuntur</strong></span> 
     </span>
    </p>
   </div>
   <div class='ocr_carea' id='block_1_36' title="bbox 300 2034 1944 2099">
    <p class='ocr_par' dir='ltr' id='par_1_36' title="bbox 300 2034 1944 2099">
     <span class='ocr_line' id='line_1_36' title="bbox 300 2034 1944 2099; baseline 0.005 -10"><span class='ocrx_word' id='word_1_251' title='bbox 300 2034 559 2089; x_wconf 75' lang='lat' dir='ltr'><strong>efficacia</strong></span> <span class='ocrx_word' id='word_1_252' title='bbox 590 2036 953 2091; x_wconf 87' lang='lat' dir='ltr'><strong>decretorum</strong></span> <span class='ocrx_word' id='word_1_253' title='bbox 987 2044 1357 2095; x_wconf 63' lang='lat' dir='ltr'><strong>aeternorum.</strong></span> <span class='ocrx_word' id='word_1_254' title='bbox 1386 2040 1565 2095; x_wconf 84' lang='lat' dir='ltr'><strong>Nexui</strong></span> <span class='ocrx_word' id='word_1_255' title='bbox 1601 2042 1944 2099; x_wconf 86' lang='lat' dir='ltr'><strong>robustissi-</strong></span> 
     </span>
    </p>
   </div>
   <div class='ocr_carea' id='block_1_37' title="bbox 301 2124 1945 2198">
    <p class='ocr_par' dir='ltr' id='par_1_37' title="bbox 301 2124 1945 2198">
     <span class='ocr_line' id='line_1_37' title="bbox 301 2124 1945 2198; baseline 0.007 -21"><span class='ocrx_word' id='word_1_256' title='bbox 301 2140 394 2177; x_wconf 90' lang='lat' dir='ltr'><strong>mo</strong></span> <span class='ocrx_word' id='word_1_257' title='bbox 427 2124 780 2178; x_wconf 65' lang='lat' dir='ltr'><strong>adamantinae</strong></span> <span class='ocrx_word' id='word_1_258' title='bbox 813 2131 1028 2181; x_wconf 68' lang='lat' dir='ltr'><strong>catenae</strong></span> <span class='ocrx_word' id='word_1_259' title='bbox 1079 2128 1212 2198; x_wconf 89' lang='lat' dir='ltr'><strong>quis</strong></span> <span class='ocrx_word' id='word_1_260' title='bbox 1265 2135 1487 2184; x_wconf 85' lang='lat' dir='ltr'><strong>tractus</strong></span> <span class='ocrx_word' id='word_1_261' title='bbox 1537 2132 1802 2187; x_wconf 86' lang='lat' dir='ltr'><strong>mortalis</strong></span> <span class='ocrx_word' id='word_1_262' title='bbox 1844 2134 1945 2188; x_wconf 88' lang='lat' dir='ltr'><strong>ob-</strong></span> 
     </span>
    </p>
   </div>
   <div class='ocr_carea' id='block_1_38' title="bbox 298 2212 1941 2287">
    <p class='ocr_par' dir='ltr' id='par_1_38' title="bbox 298 2212 1941 2287">
     <span class='ocr_line' id='line_1_38' title="bbox 298 2212 1941 2287; baseline 0.006 -23"><span class='ocrx_word' id='word_1_263' title='bbox 298 2212 591 2267; x_wconf 83' lang='lat' dir='ltr'><strong>luctetur?</strong></span> <span class='ocrx_word' id='word_1_264' title='bbox 646 2213 881 2268; x_wconf 90' lang='lat' dir='ltr'><strong>Nullum</strong></span> <span class='ocrx_word' id='word_1_265' title='bbox 937 2215 1135 2287; x_wconf 86' lang='lat' dir='ltr'><strong>igitur,</strong></span> <span class='ocrx_word' id='word_1_266' title='bbox 1182 2223 1285 2271; x_wconf 90' lang='lat' dir='ltr'><strong>aut</strong></span> <span class='ocrx_word' id='word_1_267' title='bbox 1336 2224 1529 2287; x_wconf 89' lang='lat' dir='ltr'><strong>tuum,</strong></span> <span class='ocrx_word' id='word_1_268' title='bbox 1562 2225 1661 2273; x_wconf 88' lang='lat' dir='ltr'><strong>aut</strong></span> <span class='ocrx_word' id='word_1_269' title='bbox 1694 2222 1804 2275; x_wconf 90' lang='lat' dir='ltr'><strong>rnei</strong></span> <span class='ocrx_word' id='word_1_270' title='bbox 1841 2222 1941 2274; x_wconf 78' lang='lat' dir='ltr'><strong>filii</strong></span> 
     </span>
    </p>
   </div>
   <div class='ocr_carea' id='block_1_39' title="bbox 294 2302 1941 2364">
    <p class='ocr_par' dir='ltr' id='par_1_39' title="bbox 294 2302 1941 2364">
     <span class='ocr_line' id='line_1_39' title="bbox 294 2302 1941 2364; baseline 0.005 -8"><span class='ocrx_word' id='word_1_271' title='bbox 294 2302 515 2356; x_wconf 88' lang='lat' dir='ltr'><strong>crimen</strong></span> <span class='ocrx_word' id='word_1_272' title='bbox 549 2308 653 2357; x_wconf 70' lang='lat' dir='ltr'><strong>est.</strong></span> <span class='ocrx_word' id='word_1_273' title='bbox 690 2303 938 2357; x_wconf 86' lang='lat' dir='ltr'><strong>Ministri</strong></span> <span class='ocrx_word' id='word_1_274' title='bbox 988 2306 1182 2361; x_wconf 79' lang='lat' dir='ltr'><strong>fuistis</strong></span> <span class='ocrx_word' id='word_1_275' title='bbox 1231 2308 1404 2361; x_wconf 88' lang='lat' dir='ltr'><strong>ambo</strong></span> <span class='ocrx_word' id='word_1_276' title='bbox 1456 2325 1570 2363; x_wconf 88' lang='lat' dir='ltr'><strong>non</strong></span> <span class='ocrx_word' id='word_1_277' title='bbox 1626 2309 1941 2364; x_wconf 88' lang='lat' dir='ltr'><strong>voluntarii</strong></span> 
     </span>
    </p>
   </div>
   <div class='ocr_carea' id='block_1_40' title="bbox 292 2392 1938 2469">
    <p class='ocr_par' dir='ltr' id='par_1_40' title="bbox 292 2392 1938 2469">
     <span class='ocr_line' id='line_1_40' title="bbox 292 2392 1938 2469; baseline 0.006 -26"><span class='ocrx_word' id='word_1_278' title='bbox 292 2392 738 2462; x_wconf 90' lang='lat' dir='ltr'><strong>fatorum,quod</strong></span> <span class='ocrx_word' id='word_1_279' title='bbox 771 2393 953 2447; x_wconf 92' lang='lat' dir='ltr'><strong>multo</strong></span> <span class='ocrx_word' id='word_1_280' title='bbox 977 2400 1111 2448; x_wconf 89' lang='lat' dir='ltr'><strong>ante</strong></span> <span class='ocrx_word' id='word_1_281' title='bbox 1134 2402 1449 2451; x_wconf 80' lang='lat' dir='ltr'><strong>sanxerant</strong></span> <span class='ocrx_word' id='word_1_282' title='bbox 1470 2398 1938 2469; x_wconf 81' lang='lat' dir='ltr'><strong>exsequentium.</strong></span> 
     </span>
    </p>
   </div>
   <div class='ocr_carea' id='block_1_41' title="bbox 294 2480 1940 2552">
    <p class='ocr_par' dir='ltr' id='par_1_41' title="bbox 294 2480 1940 2552">
     <span class='ocr_line' id='line_1_41' title="bbox 294 2480 1940 2552; baseline 0.005 -19"><span class='ocrx_word' id='word_1_283' title='bbox 294 2480 605 2534; x_wconf 88' lang='lat' dir='ltr'><strong>Parcarum</strong></span> <span class='ocrx_word' id='word_1_284' title='bbox 643 2498 849 2552; x_wconf 90' lang='lat' dir='ltr'><strong>nempe</strong></span> <span class='ocrx_word' id='word_1_285' title='bbox 880 2482 936 2535; x_wconf 90' lang='lat' dir='ltr'><strong>in</strong></span> <span class='ocrx_word' id='word_1_286' title='bbox 972 2482 1263 2539; x_wconf 89' lang='lat' dir='ltr'><strong>tabulario</strong></span> <span class='ocrx_word' id='word_1_287' title='bbox 1313 2502 1422 2540; x_wconf 70' lang='lat' dir='ltr'><strong>aere</strong></span> <span class='ocrx_word' id='word_1_288' title='bbox 1469 2486 1665 2541; x_wconf 72' lang='lat' dir='ltr'><strong>incisas</strong></span> <span class='ocrx_word' id='word_1_289' title='bbox 1717 2489 1940 2541; x_wconf 90' lang='lat' dir='ltr'><strong>dudum</strong></span> 
     </span>
    </p>
   </div>
   <div class='ocr_carea' id='block_1_42' title="bbox 292 2572 1937 2643">
    <p class='ocr_par' dir='ltr' id='par_1_42' title="bbox 292 2572 1937 2643">
     <span class='ocr_line' id='line_1_42' title="bbox 292 2572 1937 2643; baseline 0.004 -18"><span class='ocrx_word' id='word_1_290' title='bbox 292 2576 509 2625; x_wconf 66' lang='lat' dir='ltr'><strong>mter-no</strong></span> <span class='ocrx_word' id='word_1_291' title='bbox 562 2576 672 2624; x_wconf 70' lang='lat' dir='ltr'><strong>ture</strong></span> <span class='ocrx_word' id='word_1_292' title='bbox 726 2572 905 2641; x_wconf 90' lang='lat' dir='ltr'><strong>prolis</strong></span> <span class='ocrx_word' id='word_1_293' title='bbox 956 2590 1136 2640; x_wconf 89' lang='lat' dir='ltr'><strong>mors,</strong></span> <span class='ocrx_word' id='word_1_294' title='bbox 1161 2575 1464 2631; x_wconf 65' lang='lat' dir='ltr'><strong>excaecatio</strong></span> <span class='ocrx_word' id='word_1_295' title='bbox 1496 2594 1639 2631; x_wconf 69' lang='lat' dir='ltr'><strong>mea:</strong></span> <span class='ocrx_word' id='word_1_296' title='bbox 1669 2579 1937 2643; x_wconf 88' lang='lat' dir='ltr'><strong>stabant;</strong></span> 
     </span>
    </p>
   </div>
   <div class='ocr_carea' id='block_1_43' title="bbox 290 2659 1939 2733">
    <p class='ocr_par' dir='ltr' id='par_1_43' title="bbox 290 2659 1939 2733">
     <span class='ocr_line' id='line_1_43' title="bbox 290 2659 1939 2733; baseline 0.005 -20"><span class='ocrx_word' id='word_1_297' title='bbox 290 2659 669 2730; x_wconf 87' lang='lat' dir='ltr'><strong>ignoscamus</strong></span> <span class='ocrx_word' id='word_1_298' title='bbox 701 2661 869 2715; x_wconf 89' lang='lat' dir='ltr'><strong>nobis</strong></span> <span class='ocrx_word' id='word_1_299' title='bbox 917 2667 1121 2717; x_wconf 90' lang='lat' dir='ltr'><strong>mutuo</strong></span> <span class='ocrx_word' id='word_1_300' title='bbox 1170 2664 1427 2719; x_wconf 82' lang='lat' dir='ltr'><strong>alienum</strong></span> <span class='ocrx_word' id='word_1_301' title='bbox 1477 2666 1718 2721; x_wconf 92' lang='lat' dir='ltr'><strong>crimen.</strong></span> <span class='ocrx_word' id='word_1_302' title='bbox 1776 2669 1939 2733; x_wconf 79' lang='lat' dir='ltr'><strong>Veni,</strong></span> 
     </span>
    </p>
   </div>
   <div class='ocr_carea' id='block_1_44' title="bbox 295 2750 1940 2824">
    <p class='ocr_par' dir='ltr' id='par_1_44' title="bbox 295 2750 1940 2824">
     <span class='ocr_line' id='line_1_44' title="bbox 295 2750 1940 2824; baseline 0.005 -21"><span class='ocrx_word' id='word_1_303' title='bbox 295 2766 405 2805; x_wconf 84' lang='lat' dir='ltr'><strong>nec</strong></span> <span class='ocrx_word' id='word_1_304' title='bbox 436 2750 598 2815; x_wconf 87' lang='lat' dir='ltr'><strong>time,</strong></span> <span class='ocrx_word' id='word_1_305' title='bbox 632 2752 801 2805; x_wconf 85' lang='lat' dir='ltr'><strong>amici</strong></span> <span class='ocrx_word' id='word_1_306' title='bbox 854 2758 918 2805; x_wconf 93' lang='lat' dir='ltr'><strong>ut</strong></span> <span class='ocrx_word' id='word_1_307' title='bbox 974 2753 1137 2824; x_wconf 90' lang='lat' dir='ltr'><strong>prius</strong></span> <span class='ocrx_word' id='word_1_308' title='bbox 1186 2755 1426 2811; x_wconf 88' lang='lat' dir='ltr'><strong>erimus.</strong></span> <span class='ocrx_word' id='word_1_309' title='bbox 1476 2758 1767 2813; x_wconf 86' lang='lat' dir='ltr'><strong>Adversus</strong></span> <span class='ocrx_word' id='word_1_310' title='bbox 1821 2760 1940 2812; x_wconf 65' lang='lat' dir='ltr'><strong>haec</strong></span> 
     </span>
    </p>
   </div>
   <div class='ocr_carea' id='block_1_45' title="bbox 291 2838 1938 2913">
    <p class='ocr_par' dir='ltr' id='par_1_45' title="bbox 291 2838 1938 2913">
     <span class='ocr_line' id='line_1_45' title="bbox 291 2838 1938 2913; baseline 0.007 -23"><span class='ocrx_word' id='word_1_311' title='bbox 291 2838 577 2910; x_wconf 88' lang='lat' dir='ltr'><strong>psittacus</strong></span> <span class='ocrx_word' id='word_1_312' title='bbox 612 2857 623 2893; x_wconf 91' lang='lat'><strong>:</strong></span> <span class='ocrx_word' id='word_1_313' title='bbox 658 2839 1028 2909; x_wconf 86' lang='lat' dir='ltr'><strong>Horribilem,</strong></span> <span class='ocrx_word' id='word_1_314' title='bbox 1064 2842 1277 2913; x_wconf 88' lang='lat' dir='ltr'><strong>inquit,</strong></span> <span class='ocrx_word' id='word_1_315' title='bbox 1320 2844 1586 2909; x_wconf 84' lang='lat' dir='ltr'><strong>disseris,</strong></span> <span class='ocrx_word' id='word_1_316' title='bbox 1640 2862 1744 2901; x_wconf 90' lang='lat' dir='ltr'><strong>nec</strong></span> <span class='ocrx_word' id='word_1_317' title='bbox 1796 2849 1938 2903; x_wconf 88' lang='lat' dir='ltr'><strong>mihi</strong></span> 
     </span>
    </p>
   </div>
   <div class='ocr_carea' id='block_1_46' title="bbox 291 2928 1937 3003">
    <p class='ocr_par' dir='ltr' id='par_1_46' title="bbox 291 2928 1937 3003">
     <span class='ocr_line' id='line_1_46' title="bbox 291 2928 1937 3003; baseline 0.006 -22"><span class='ocrx_word' id='word_1_318' title='bbox 291 2928 629 2983; x_wconf 82' lang='lat' dir='ltr'><strong>credibilem</strong></span> <span class='ocrx_word' id='word_1_319' title='bbox 705 2930 1175 2999; x_wconf 81' lang='lat' dir='ltr'><strong>philosophiam;</strong></span> <span class='ocrx_word' id='word_1_320' title='bbox 1243 2950 1347 3003; x_wconf 89' lang='lat' dir='ltr'><strong>ego</strong></span> <span class='ocrx_word' id='word_1_321' title='bbox 1416 2935 1717 3003; x_wconf 78' lang='lat' dir='ltr'><strong>magistris</strong></span> <span class='ocrx_word' id='word_1_322' title='bbox 1780 2936 1937 2992; x_wconf 77' lang='lat' dir='ltr'><strong>haud</strong></span> 
     </span>
    </p>
   </div>
   <div class='ocr_carea' id='block_1_47' title="bbox 288 3016 1935 3094">
    <p class='ocr_par' dir='ltr' id='par_1_47' title="bbox 288 3016 1935 3094">
     <span class='ocr_line' id='line_1_47' title="bbox 288 3016 1935 3094; baseline 0.004 -23"><span class='ocrx_word' id='word_1_323' title='bbox 288 3016 465 3087; x_wconf 86' lang='lat' dir='ltr'><strong>paulo</strong></span> <span class='ocrx_word' id='word_1_324' title='bbox 501 3019 840 3074; x_wconf 84' lang='lat' dir='ltr'><strong>melioribus</strong></span> <span class='ocrx_word' id='word_1_325' title='bbox 889 3022 1177 3075; x_wconf 87' lang='lat' dir='ltr'><strong>assentior</strong></span> <span class='ocrx_word' id='word_1_326' title='bbox 1226 3041 1237 3076; x_wconf 91' lang='lat'><strong>:</strong></span> <span class='ocrx_word' id='word_1_327' title='bbox 1292 3024 1410 3076; x_wconf 82' lang='lat' dir='ltr'><strong>fato</strong></span> <span class='ocrx_word' id='word_1_328' title='bbox 1460 3026 1731 3094; x_wconf 88' lang='lat' dir='ltr'><strong>superius</strong></span> <span class='ocrx_word' id='word_1_329' title='bbox 1781 3028 1935 3080; x_wconf 86' lang='lat' dir='ltr'><strong>arbi-</strong></span> 
     </span>
    </p>
   </div>
   <div class='ocr_carea' id='block_1_48' title="bbox 285 3108 1935 3186">
    <p class='ocr_par' dir='ltr' id='par_1_48' title="bbox 285 3108 1935 3186">
     <span class='ocr_line' id='line_1_48' title="bbox 285 3108 1935 3186; baseline 0.006 -26"><span class='ocrx_word' id='word_1_330' title='bbox 285 3108 463 3162; x_wconf 83' lang='lat' dir='ltr'><strong>trium</strong></span> <span class='ocrx_word' id='word_1_331' title='bbox 490 3113 755 3163; x_wconf 85' lang='lat' dir='ltr'><strong>uostrum</strong></span> <span class='ocrx_word' id='word_1_332' title='bbox 781 3124 908 3163; x_wconf 90' lang='lat' dir='ltr'><strong>esse</strong></span> <span class='ocrx_word' id='word_1_333' title='bbox 930 3111 1173 3181; x_wconf 70' lang='lat' dir='ltr'><strong>vitaeque</strong></span> <span class='ocrx_word' id='word_1_334' title='bbox 1196 3117 1411 3166; x_wconf 88' lang='lat' dir='ltr'><strong>sortem</strong></span> <span class='ocrx_word' id='word_1_335' title='bbox 1438 3113 1493 3166; x_wconf 93' lang='lat' dir='ltr'><strong>in</strong></span> <span class='ocrx_word' id='word_1_336' title='bbox 1518 3130 1625 3168; x_wconf 89' lang='lat' dir='ltr'><strong>sua</strong></span> <span class='ocrx_word' id='word_1_337' title='bbox 1649 3116 1935 3186; x_wconf 85' lang='lat' dir='ltr'><strong>cujusque</strong></span> 
     </span>
    </p>
   </div>
   <div class='ocr_carea' id='block_1_49' title="bbox 2057 1862 3702 1937">
    <p class='ocr_par' dir='ltr' id='par_1_49' title="bbox 2057 1862 3702 1937">
     <span class='ocr_line' id='line_1_49' title="bbox 2057 1862 3702 1937; baseline 0.002 -20"><span class='ocrx_word' id='word_1_338' title='bbox 2057 1862 2255 1918; x_wconf 89' lang='lat' dir='ltr'><strong>dolore</strong></span> <span class='ocrx_word' id='word_1_339' title='bbox 2286 1865 2601 1931; x_wconf 89' lang='lat' dir='ltr'><strong>cruciatur,</strong></span> <span class='ocrx_word' id='word_1_340' title='bbox 2636 1870 2692 1920; x_wconf 90' lang='lat' dir='ltr'><strong>et</strong></span> <span class='ocrx_word' id='word_1_341' title='bbox 2721 1867 2817 1935; x_wconf 90' lang='lat' dir='ltr'><strong>qui</strong></span> <span class='ocrx_word' id='word_1_342' title='bbox 2862 1866 3058 1937; x_wconf 91' lang='lat' dir='ltr'><strong>lippus</strong></span> <span class='ocrx_word' id='word_1_343' title='bbox 3110 1866 3417 1937; x_wconf 86' lang='lat' dir='ltr'><strong>palpebras</strong></span> <span class='ocrx_word' id='word_1_344' title='bbox 3469 1872 3702 1937; x_wconf 88' lang='lat' dir='ltr'><strong>apertas</strong></span> 
     </span>
    </p>
   </div>
   <div class='ocr_carea' id='block_1_50' title="bbox 2052 1951 3698 2026">
    <p class='ocr_par' dir='ltr' id='par_1_50' title="bbox 2052 1951 3698 2026">
     <span class='ocr_line' id='line_1_50' title="bbox 2052 1951 3698 2026; baseline 0.002 -21"><span class='ocrx_word' id='word_1_345' title='bbox 2052 1951 2265 2022; x_wconf 88' lang='lat' dir='ltr'><strong>objecit</strong></span> <span class='ocrx_word' id='word_1_346' title='bbox 2294 1957 2486 2020; x_wconf 89' lang='lat' dir='ltr'><strong>vento,</strong></span> <span class='ocrx_word' id='word_1_347' title='bbox 2520 1953 2627 2007; x_wconf 90' lang='lat' dir='ltr'><strong>etsi</strong></span> <span class='ocrx_word' id='word_1_348' title='bbox 2663 1954 2901 2008; x_wconf 89' lang='lat' dir='ltr'><strong>minime</strong></span> <span class='ocrx_word' id='word_1_349' title='bbox 2932 1954 3070 2009; x_wconf 90' lang='lat' dir='ltr'><strong>velit</strong></span> <span class='ocrx_word' id='word_1_350' title='bbox 3101 1960 3156 2009; x_wconf 93' lang='lat' dir='ltr'><strong>et</strong></span> <span class='ocrx_word' id='word_1_351' title='bbox 3200 1960 3401 2009; x_wconf 91' lang='lat' dir='ltr'><strong>contra</strong></span> <span class='ocrx_word' id='word_1_352' title='bbox 3450 1960 3698 2026; x_wconf 87' lang='lat' dir='ltr'><strong>satagat,</strong></span> 
     </span>
    </p>
   </div>
   <div class='ocr_carea' id='block_1_51' title="bbox 2052 2039 3693 2114">
    <p class='ocr_par' dir='ltr' id='par_1_51' title="bbox 2052 2039 3693 2114">
     <span class='ocr_line' id='line_1_51' title="bbox 2052 2039 3693 2114; baseline 0.002 -21"><span class='ocrx_word' id='word_1_353' title='bbox 2052 2039 2305 2110; x_wconf 88' lang='lat' dir='ltr'><strong>cppletis</strong></span> <span class='ocrx_word' id='word_1_354' title='bbox 2338 2040 2574 2112; x_wconf 89' lang='lat' dir='ltr'><strong>pulvere</strong></span> <span class='ocrx_word' id='word_1_355' title='bbox 2606 2042 2793 2098; x_wconf 90' lang='lat' dir='ltr'><strong>oculis</strong></span> <span class='ocrx_word' id='word_1_356' title='bbox 2825 2043 2991 2114; x_wconf 91' lang='lat' dir='ltr'><strong>plane</strong></span> <span class='ocrx_word' id='word_1_357' title='bbox 3022 2044 3305 2098; x_wconf 67' lang='lat' dir='ltr'><strong>caacutiet.</strong></span> <span class='ocrx_word' id='word_1_358' title='bbox 3329 2045 3420 2097; x_wconf 84' lang='lat' dir='ltr'><strong>Sic</strong></span> <span class='ocrx_word' id='word_1_359' title='bbox 3453 2061 3693 2098; x_wconf 90' lang='lat' dir='ltr'><strong>sensum</strong></span> 
     </span>
    </p>
   </div>
   <div class='ocr_carea' id='block_1_52' title="bbox 2051 2130 3698 2204">
    <p class='ocr_par' dir='ltr' id='par_1_52' title="bbox 2051 2130 3698 2204">
     <span class='ocr_line' id='line_1_52' title="bbox 2051 2130 3698 2204; baseline 0.002 -22"><span class='ocrx_word' id='word_1_360' title='bbox 2051 2144 2259 2198; x_wconf 86' lang='lat' dir='ltr'><strong>gerens</strong></span> <span class='ocrx_word' id='word_1_361' title='bbox 2285 2130 2443 2185; x_wconf 93' lang='lat' dir='ltr'><strong>intus</strong></span> <span class='ocrx_word' id='word_1_362' title='bbox 2466 2131 2657 2185; x_wconf 86' lang='lat' dir='ltr'><strong>vivum</strong></span> <span class='ocrx_word' id='word_1_363' title='bbox 2681 2132 2871 2203; x_wconf 88' lang='lat' dir='ltr'><strong>gravis</strong></span> <span class='ocrx_word' id='word_1_364' title='bbox 2892 2131 3243 2187; x_wconf 86' lang='lat' dir='ltr'><strong>incommodi</strong></span> <span class='ocrx_word' id='word_1_365' title='bbox 3269 2133 3698 2204; x_wconf 89' lang='lat' dir='ltr'><strong>accepti,quan-</strong></span> 
     </span>
    </p>
   </div>
   <div class='ocr_carea' id='block_1_53' title="bbox 2052 2218 3693 2291">
    <p class='ocr_par' dir='ltr' id='par_1_53' title="bbox 2052 2218 3693 2291">
     <span class='ocr_line' id='line_1_53' title="bbox 2052 2218 3693 2291; baseline 0.002 -21"><span class='ocrx_word' id='word_1_366' title='bbox 2052 2218 2272 2272; x_wconf 87' lang='lat' dir='ltr'><strong>tumvis</strong></span> <span class='ocrx_word' id='word_1_367' title='bbox 2305 2220 2595 2289; x_wconf 88' lang='lat' dir='ltr'><strong>imperare</strong></span> <span class='ocrx_word' id='word_1_368' title='bbox 2642 2221 2840 2276; x_wconf 89' lang='lat' dir='ltr'><strong>animo</strong></span> <span class='ocrx_word' id='word_1_369' title='bbox 2890 2226 3153 2291; x_wconf 87' lang='lat' dir='ltr'><strong>conetur,</strong></span> <span class='ocrx_word' id='word_1_370' title='bbox 3205 2223 3343 2276; x_wconf 92' lang='lat' dir='ltr'><strong>dum</strong></span> <span class='ocrx_word' id='word_1_371' title='bbox 3399 2227 3693 2276; x_wconf 85' lang='lat' dir='ltr'><strong>auctorem</strong></span> 
     </span>
    </p>
   </div>
   <div class='ocr_carea' id='block_1_54' title="bbox 2051 2306 3698 2375">
    <p class='ocr_par' dir='ltr' id='par_1_54' title="bbox 2051 2306 3698 2375">
     <span class='ocr_line' id='line_1_54' title="bbox 2051 2306 3698 2375; baseline 0.002 -16"><span class='ocrx_word' id='word_1_372' title='bbox 2051 2306 2139 2360; x_wconf 91' lang='lat' dir='ltr'><strong>sui</strong></span> <span class='ocrx_word' id='word_1_373' title='bbox 2192 2307 2388 2363; x_wconf 89' lang='lat' dir='ltr'><strong>luctus</strong></span> <span class='ocrx_word' id='word_1_374' title='bbox 2437 2326 2627 2364; x_wconf 89' lang='lat' dir='ltr'><strong>coram</strong></span> <span class='ocrx_word' id='word_1_375' title='bbox 2664 2309 3036 2375; x_wconf 89' lang='lat' dir='ltr'><strong>videt,oleum</strong></span> <span class='ocrx_word' id='word_1_376' title='bbox 3069 2311 3128 2364; x_wconf 90' lang='lat' dir='ltr'><strong>in</strong></span> <span class='ocrx_word' id='word_1_377' title='bbox 3162 2312 3462 2365; x_wconf 83' lang='lat' dir='ltr'><strong>ﬂammam</strong></span> <span class='ocrx_word' id='word_1_378' title='bbox 3497 2310 3698 2375; x_wconf 86' lang='lat' dir='ltr'><strong>mittit,</strong></span> 
     </span>
    </p>
   </div>
   <div class='ocr_carea' id='block_1_55' title="bbox 2050 2396 3693 2471">
    <p class='ocr_par' dir='ltr' id='par_1_55' title="bbox 2050 2396 3693 2471">
     <span class='ocr_line' id='line_1_55' title="bbox 2050 2396 3693 2471; baseline 0.003 -22"><span class='ocrx_word' id='word_1_379' title='bbox 2050 2396 2339 2466; x_wconf 73' lang='lat' dir='ltr'><strong>cujusque</strong></span> <span class='ocrx_word' id='word_1_380' title='bbox 2370 2398 2581 2452; x_wconf 83' lang='lat' dir='ltr'><strong>excitat</strong></span> <span class='ocrx_word' id='word_1_381' title='bbox 2612 2398 2949 2453; x_wconf 90' lang='lat' dir='ltr'><strong>incendium</strong></span> <span class='ocrx_word' id='word_1_382' title='bbox 2982 2415 3155 2470; x_wconf 92' lang='lat' dir='ltr'><strong>quam</strong></span> <span class='ocrx_word' id='word_1_383' title='bbox 3186 2401 3277 2453; x_wconf 91' lang='lat' dir='ltr'><strong>cui</strong></span> <span class='ocrx_word' id='word_1_384' title='bbox 3327 2417 3431 2471; x_wconf 91' lang='lat' dir='ltr'><strong>par</strong></span> <span class='ocrx_word' id='word_1_385' title='bbox 3477 2400 3693 2454; x_wconf 82' lang='lat' dir='ltr'><strong>exstin-</strong></span> 
     </span>
    </p>
   </div>
   <div class='ocr_carea' id='block_1_56' title="bbox 2047 2486 3694 2559">
    <p class='ocr_par' dir='ltr' id='par_1_56' title="bbox 2047 2486 3694 2559">
     <span class='ocr_line' id='line_1_56' title="bbox 2047 2486 3694 2559; baseline 0.002 -21"><span class='ocrx_word' id='word_1_386' title='bbox 2047 2486 2280 2555; x_wconf 87' lang='lat' dir='ltr'><strong>guendo</strong></span> <span class='ocrx_word' id='word_1_387' title='bbox 2306 2487 2399 2540; x_wconf 88' lang='lat' dir='ltr'><strong>sit.</strong></span> <span class='ocrx_word' id='word_1_388' title='bbox 2437 2490 2624 2551; x_wconf 82' lang='lat' dir='ltr'><strong>Quare</strong></span> <span class='ocrx_word' id='word_1_389' title='bbox 2657 2487 2875 2543; x_wconf 90' lang='lat' dir='ltr'><strong>talibus</strong></span> <span class='ocrx_word' id='word_1_390' title='bbox 2911 2507 3025 2543; x_wconf 90' lang='lat' dir='ltr'><strong>una</strong></span> <span class='ocrx_word' id='word_1_391' title='bbox 3056 2489 3311 2543; x_wconf 88' lang='lat' dir='ltr'><strong>conditio</strong></span> <span class='ocrx_word' id='word_1_392' title='bbox 3346 2490 3438 2559; x_wconf 91' lang='lat' dir='ltr'><strong>pie</strong></span> <span class='ocrx_word' id='word_1_393' title='bbox 3470 2506 3535 2543; x_wconf 86' lang='lat' dir='ltr'><strong>ac</strong></span> <span class='ocrx_word' id='word_1_394' title='bbox 3568 2487 3694 2543; x_wconf 84' lang='lat' dir='ltr'><strong>feli-</strong></span> 
     </span>
    </p>
   </div>
   <div class='ocr_carea' id='block_1_57' title="bbox 2046 2574 3695 2649">
    <p class='ocr_par' dir='ltr' id='par_1_57' title="bbox 2046 2574 3695 2649">
     <span class='ocr_line' id='line_1_57' title="bbox 2046 2574 3695 2649; baseline 0.003 -23"><span class='ocrx_word' id='word_1_395' title='bbox 2046 2575 2190 2627; x_wconf 89' lang='lat' dir='ltr'><strong>citer</strong></span> <span class='ocrx_word' id='word_1_396' title='bbox 2222 2574 2450 2630; x_wconf 91' lang='lat' dir='ltr'><strong>vivendi</strong></span> <span class='ocrx_word' id='word_1_397' title='bbox 2485 2582 2683 2643; x_wconf 81' lang='lat' dir='ltr'><strong>restat,</strong></span> <span class='ocrx_word' id='word_1_398' title='bbox 2720 2594 2985 2632; x_wconf 85' lang='lat' dir='ltr'><strong>amovere</strong></span> <span class='ocrx_word' id='word_1_399' title='bbox 3035 2596 3068 2632; x_wconf 94' lang='lat' dir='ltr'><strong>a</strong></span> <span class='ocrx_word' id='word_1_400' title='bbox 3115 2583 3429 2649; x_wconf 89' lang='lat' dir='ltr'><strong>conspectu</strong></span> <span class='ocrx_word' id='word_1_401' title='bbox 3483 2594 3695 2633; x_wconf 92' lang='lat' dir='ltr'><strong>monu-</strong></span> 
     </span>
    </p>
   </div>
   <div class='ocr_carea' id='block_1_58' title="bbox 2049 2665 3695 2739">
    <p class='ocr_par' dir='ltr' id='par_1_58' title="bbox 2049 2665 3695 2739">
     <span class='ocr_line' id='line_1_58' title="bbox 2049 2665 3695 2739; baseline 0.001 -21"><span class='ocrx_word' id='word_1_402' title='bbox 2049 2669 2243 2718; x_wconf 87' lang='lat' dir='ltr'><strong>menta</strong></span> <span class='ocrx_word' id='word_1_403' title='bbox 2270 2665 2522 2720; x_wconf 92' lang='lat' dir='ltr'><strong>cladium</strong></span> <span class='ocrx_word' id='word_1_404' title='bbox 2547 2684 2788 2722; x_wconf 90' lang='lat' dir='ltr'><strong>suarum</strong></span> <span class='ocrx_word' id='word_1_405' title='bbox 2807 2666 3121 2723; x_wconf 85' lang='lat' dir='ltr'><strong>etsalutem</strong></span> <span class='ocrx_word' id='word_1_406' title='bbox 3140 2668 3195 2721; x_wconf 92' lang='lat' dir='ltr'><strong>in</strong></span> <span class='ocrx_word' id='word_1_407' title='bbox 3212 2667 3527 2721; x_wconf 86' lang='lat' dir='ltr'><strong>solitudine</strong></span> <span class='ocrx_word' id='word_1_408' title='bbox 3545 2684 3695 2739; x_wconf 68' lang='lat' dir='ltr'><strong>qure-</strong></span> 
     </span>
    </p>
   </div>
   <div class='ocr_carea' id='block_1_59' title="bbox 2047 2755 3699 2827">
    <p class='ocr_par' dir='ltr' id='par_1_59' title="bbox 2047 2755 3699 2827">
     <span class='ocr_line' id='line_1_59' title="bbox 2047 2755 3699 2827; baseline 0.003 -23"><span class='ocrx_word' id='word_1_409' title='bbox 2047 2768 2193 2808; x_wconf 89' lang='lat' dir='ltr'><strong>rere.</strong></span> <span class='ocrx_word' id='word_1_410' title='bbox 2230 2756 2313 2807; x_wconf 81' lang='lat' dir='ltr'><strong>Ad</strong></span> <span class='ocrx_word' id='word_1_411' title='bbox 2350 2755 2497 2809; x_wconf 89' lang='lat' dir='ltr'><strong>hanc</strong></span> <span class='ocrx_word' id='word_1_412' title='bbox 2530 2755 2998 2826; x_wconf 89' lang='lat' dir='ltr'><strong>amplectendam</strong></span> <span class='ocrx_word' id='word_1_413' title='bbox 3052 2762 3171 2811; x_wconf 87' lang='lat' dir='ltr'><strong>toto</strong></span> <span class='ocrx_word' id='word_1_414' title='bbox 3224 2757 3500 2827; x_wconf 89' lang='lat' dir='ltr'><strong>deinceps</strong></span> <span class='ocrx_word' id='word_1_415' title='bbox 3549 2758 3699 2812; x_wconf 84' lang='lat' dir='ltr'><strong>feror</strong></span> 
     </span>
    </p>
   </div>
   <div class='ocr_carea' id='block_1_60' title="bbox 2044 2840 3691 2913">
    <p class='ocr_par' dir='ltr' id='par_1_60' title="bbox 2044 2840 3691 2913">
     <span class='ocr_line' id='line_1_60' title="bbox 2044 2840 3691 2913; baseline 0.002 -19"><span class='ocrx_word' id='word_1_416' title='bbox 2044 2840 2268 2912; x_wconf 88' lang='lat' dir='ltr'><strong>impetu</strong></span> <span class='ocrx_word' id='word_1_417' title='bbox 2329 2844 2530 2909; x_wconf 91' lang='lat' dir='ltr'><strong>studii,</strong></span> <span class='ocrx_word' id='word_1_418' title='bbox 2584 2844 3043 2913; x_wconf 80' lang='lat' dir='ltr'><strong>suifragantibus</strong></span> <span class='ocrx_word' id='word_1_419' title='bbox 3101 2846 3156 2898; x_wconf 91' lang='lat' dir='ltr'><strong>in</strong></span> <span class='ocrx_word' id='word_1_420' title='bbox 3220 2845 3327 2899; x_wconf 91' lang='lat' dir='ltr'><strong>hoc</strong></span> <span class='ocrx_word' id='word_1_421' title='bbox 3380 2845 3691 2899; x_wconf 90' lang='lat' dir='ltr'><strong>consilium</strong></span> 
     </span>
    </p>
   </div>
   <div class='ocr_carea' id='block_1_61' title="bbox 2046 2930 3695 3003">
    <p class='ocr_par' dir='ltr' id='par_1_61' title="bbox 2046 2930 3695 3003">
     <span class='ocr_line' id='line_1_61' title="bbox 2046 2930 3695 3003; baseline 0.002 -20"><span class='ocrx_word' id='word_1_422' title='bbox 2046 2930 2283 2985; x_wconf 91' lang='lat' dir='ltr'><strong>monitis</strong></span> <span class='ocrx_word' id='word_1_423' title='bbox 2319 2931 2825 3002; x_wconf 87' lang='lat' dir='ltr'><strong>philosophorum,</strong></span> <span class='ocrx_word' id='word_1_424' title='bbox 2858 2950 3003 3003; x_wconf 89' lang='lat' dir='ltr'><strong>quos</strong></span> <span class='ocrx_word' id='word_1_425' title='bbox 3036 2933 3271 2987; x_wconf 90' lang='lat' dir='ltr'><strong>audisse</strong></span> <span class='ocrx_word' id='word_1_426' title='bbox 3304 2933 3539 2987; x_wconf 90' lang='lat' dir='ltr'><strong>memini</strong></span> <span class='ocrx_word' id='word_1_427' title='bbox 3591 2935 3695 2987; x_wconf 85' lang='lat' dir='ltr'><strong>do—</strong></span> 
     </span>
    </p>
   </div>
   <div class='ocr_carea' id='block_1_62' title="bbox 2044 3020 3693 3091">
    <p class='ocr_par' dir='ltr' id='par_1_62' title="bbox 2044 3020 3693 3091">
     <span class='ocr_line' id='line_1_62' title="bbox 2044 3020 3693 3091; baseline 0.002 -19"><span class='ocrx_word' id='word_1_428' title='bbox 2044 3024 2263 3084; x_wconf 86' lang='lat' dir='ltr'><strong>centes,</strong></span> <span class='ocrx_word' id='word_1_429' title='bbox 2299 3020 2561 3090; x_wconf 88' lang='lat' dir='ltr'><strong>quinque</strong></span> <span class='ocrx_word' id='word_1_430' title='bbox 2597 3021 2770 3075; x_wconf 88' lang='lat' dir='ltr'><strong>rebus</strong></span> <span class='ocrx_word' id='word_1_431' title='bbox 2827 3021 3111 3091; x_wconf 84' lang='lat' dir='ltr'><strong>perveniri</strong></span> <span class='ocrx_word' id='word_1_432' title='bbox 3161 3022 3231 3075; x_wconf 90' lang='lat' dir='ltr'><strong>ad</strong></span> <span class='ocrx_word' id='word_1_433' title='bbox 3290 3022 3505 3075; x_wconf 85' lang='lat' dir='ltr'><strong>famam</strong></span> <span class='ocrx_word' id='word_1_434' title='bbox 3559 3021 3693 3077; x_wconf 74' lang='lat' dir='ltr'><strong>illu~</strong></span> 
     </span>
    </p>
   </div>
   <div class='ocr_carea' id='block_1_63' title="bbox 2046 3108 3697 3182">
    <p class='ocr_par' dir='ltr' id='par_1_63' title="bbox 2046 3108 3697 3182">
     <span class='ocr_line' id='line_1_63' title="bbox 2046 3108 3697 3182; baseline 0.003 -23"><span class='ocrx_word' id='word_1_435' title='bbox 2046 3112 2223 3161; x_wconf 91' lang='lat' dir='ltr'><strong>strem</strong></span> <span class='ocrx_word' id='word_1_436' title='bbox 2256 3125 2268 3162; x_wconf 92' lang='lat'><strong>:</strong></span> <span class='ocrx_word' id='word_1_437' title='bbox 2306 3108 2660 3176; x_wconf 73' lang='lat' dir='ltr'><strong>innocentia,</strong></span> <span class='ocrx_word' id='word_1_438' title='bbox 2692 3110 3125 3182; x_wconf 79' lang='lat' dir='ltr'><strong>dortrina,fuga</strong></span> <span class='ocrx_word' id='word_1_439' title='bbox 3157 3112 3560 3181; x_wconf 90' lang='lat' dir='ltr'><strong>suspicionum</strong></span> <span class='ocrx_word' id='word_1_440' title='bbox 3597 3112 3697 3164; x_wconf 86' lang='lat' dir='ltr'><strong>ad-</strong></span> 
     </span>
    </p>
   </div>
   <div class='ocr_carea' id='block_1_64' title="bbox 285 3176 3697 3270">
    <p class='ocr_par' dir='ltr' id='par_1_64' title="bbox 285 3176 3697 3270">
     <span class='ocr_line' id='line_1_64' title="bbox 285 3176 3697 3270; baseline 0.001 -21"><span class='ocrx_word' id='word_1_441' title='bbox 285 3213 460 3250; x_wconf 89' lang='lat' dir='ltr'><strong>manu</strong></span> <span class='ocrx_word' id='word_1_442' title='bbox 500 3197 773 3268; x_wconf 89' lang='lat' dir='ltr'><strong>positam,</strong></span> <span class='ocrx_word' id='word_1_443' title='bbox 811 3203 871 3251; x_wconf 86' lang='lat' dir='ltr'><strong>ut</strong></span> <span class='ocrx_word' id='word_1_444' title='bbox 904 3197 1151 3252; x_wconf 87' lang='lat' dir='ltr'><strong>felicitas</strong></span> <span class='ocrx_word' id='word_1_445' title='bbox 1181 3217 1246 3254; x_wconf 90' lang='lat' dir='ltr'><strong>ac</strong></span> <span class='ocrx_word' id='word_1_446' title='bbox 1297 3201 1554 3265; x_wconf 85' lang='lat' dir='ltr'><strong>miseria,</strong></span> <span class='ocrx_word' id='word_1_447' title='bbox 1605 3208 1782 3270; x_wconf 89' lang='lat' dir='ltr'><strong>recte,</strong></span> <span class='ocrx_word' id='word_1_448' title='bbox 1835 3210 1936 3258; x_wconf 90' lang='lat' dir='ltr'><strong>aut</strong></span> <span class='ocrx_word' id='word_1_449' title='bbox 1968 3176 2010 3240; x_wconf 73' lang='lat' dir='ltr'><strong><em>C</em></strong></span> <span class='ocrx_word' id='word_1_450' title='bbox 2050 3213 2375 3261; x_wconf 71' lang='lat' dir='ltr'><strong>versarum,</strong></span> <span class='ocrx_word' id='word_1_451' title='bbox 2411 3199 2693 3252; x_wconf 74' lang='lat' dir='ltr'><strong>suavitate</strong></span> <span class='ocrx_word' id='word_1_452' title='bbox 2728 3216 2978 3267; x_wconf 90' lang='lat' dir='ltr'><strong>morum,</strong></span> <span class='ocrx_word' id='word_1_453' title='bbox 3016 3201 3084 3253; x_wconf 86' lang='lat' dir='ltr'><strong>ad</strong></span> <span class='ocrx_word' id='word_1_454' title='bbox 3122 3200 3262 3253; x_wconf 91' lang='lat' dir='ltr'><strong>nihil</strong></span> <span class='ocrx_word' id='word_1_455' title='bbox 3299 3206 3493 3253; x_wconf 88' lang='lat' dir='ltr'><strong>tamen</strong></span> <span class='ocrx_word' id='word_1_456' title='bbox 3528 3199 3697 3253; x_wconf 91' lang='lat' dir='ltr'><strong>inho-</strong></span> 
     </span>
    </p>
   </div>
   <div class='ocr_carea' id='block_1_65' title="bbox 284 3283 1943 3363">
    <p class='ocr_par' dir='ltr' id='par_1_65' title="bbox 284 3283 1943 3363">
     <span class='ocr_line' id='line_1_65' title="bbox 284 3283 1943 3363; baseline 0.004 -25"><span class='ocrx_word' id='word_1_457' title='bbox 284 3300 456 3338; x_wconf 77' lang='lat' dir='ltr'><strong>eecus</strong></span> <span class='ocrx_word' id='word_1_458' title='bbox 508 3283 836 3339; x_wconf 89' lang='lat' dir='ltr'><strong>voluntaria</strong></span> <span class='ocrx_word' id='word_1_459' title='bbox 897 3287 1151 3341; x_wconf 90' lang='lat' dir='ltr'><strong>motione</strong></span> <span class='ocrx_word' id='word_1_460' title='bbox 1210 3288 1616 3344; x_wconf 90' lang='lat' dir='ltr'><strong>consultorum</strong></span> <span class='ocrx_word' id='word_1_461' title='bbox 1685 3292 1943 3363; x_wconf 81' lang='lat' dir='ltr'><strong>reputari</strong></span> 
     </span>
    </p>
   </div>
   <div class='ocr_carea' id='block_1_66' title="bbox 282 3374 1931 3450">
    <p class='ocr_par' dir='ltr' id='par_1_66' title="bbox 282 3374 1931 3450">
     <span class='ocr_line' id='line_1_66' title="bbox 282 3374 1931 3450; baseline 0.004 -23"><span class='ocrx_word' id='word_1_462' title='bbox 282 3374 512 3428; x_wconf 90' lang='lat' dir='ltr'><strong>fructus</strong></span> <span class='ocrx_word' id='word_1_463' title='bbox 545 3374 813 3429; x_wconf 80' lang='lat' dir='ltr'><strong>debeant.</strong></span> <span class='ocrx_word' id='word_1_464' title='bbox 848 3377 1011 3440; x_wconf 90' lang='lat' dir='ltr'><strong>Quod</strong></span> <span class='ocrx_word' id='word_1_465' title='bbox 1045 3376 1093 3430; x_wconf 90' lang='lat' dir='ltr'><strong>si</strong></span> <span class='ocrx_word' id='word_1_466' title='bbox 1130 3376 1215 3431; x_wconf 90' lang='lat' dir='ltr'><strong>vel</strong></span> <span class='ocrx_word' id='word_1_467' title='bbox 1248 3376 1357 3431; x_wconf 93' lang='lat' dir='ltr'><strong>hoc</strong></span> <span class='ocrx_word' id='word_1_468' title='bbox 1390 3379 1731 3433; x_wconf 88' lang='lat' dir='ltr'><strong>admiserim</strong></span> <span class='ocrx_word' id='word_1_469' title='bbox 1777 3382 1931 3450; x_wconf 87' lang='lat' dir='ltr'><strong>quod</strong></span> 
     </span>
    </p>
   </div>
   <div class='ocr_carea' id='block_1_67' title="bbox 287 3462 1937 3532">
    <p class='ocr_par' dir='ltr' id='par_1_67' title="bbox 287 3462 1937 3532">
     <span class='ocr_line' id='line_1_67' title="bbox 287 3462 1937 3532; baseline 0.005 -19"><span class='ocrx_word' id='word_1_470' title='bbox 287 3462 560 3531; x_wconf 74' lang='lat' dir='ltr'><strong>disputas</strong></span> <span class='ocrx_word' id='word_1_471' title='bbox 596 3462 751 3532; x_wconf 87' lang='lat' dir='ltr'><strong>(nam</strong></span> <span class='ocrx_word' id='word_1_472' title='bbox 789 3466 971 3517; x_wconf 78' lang='lat' dir='ltr'><strong>fateor</strong></span> <span class='ocrx_word' id='word_1_473' title='bbox 994 3463 1051 3516; x_wconf 91' lang='lat' dir='ltr'><strong>in</strong></span> <span class='ocrx_word' id='word_1_474' title='bbox 1086 3479 1154 3517; x_wconf 89' lang='lat' dir='ltr'><strong>ea</strong></span> <span class='ocrx_word' id='word_1_475' title='bbox 1186 3464 1403 3519; x_wconf 85' lang='lat' dir='ltr'><strong>multos</strong></span> <span class='ocrx_word' id='word_1_476' title='bbox 1436 3467 1725 3520; x_wconf 83' lang='lat' dir='ltr'><strong>sententia</strong></span> <span class='ocrx_word' id='word_1_477' title='bbox 1758 3467 1937 3521; x_wconf 68' lang='lat' dir='ltr'><strong>hazre~</strong></span> 
     </span>
    </p>
   </div>
   <div class='ocr_carea' id='block_1_68' title="bbox 288 3550 1943 3623">
    <p class='ocr_par' dir='ltr' id='par_1_68' title="bbox 288 3550 1943 3623">
     <span class='ocr_line' id='line_1_68' title="bbox 288 3550 1943 3623; baseline 0.002 -17"><span class='ocrx_word' id='word_1_478' title='bbox 288 3554 613 3620; x_wconf 77' lang='lat' dir='ltr'><strong>re),tamen</strong></span> <span class='ocrx_word' id='word_1_479' title='bbox 648 3550 863 3606; x_wconf 89' lang='lat' dir='ltr'><strong>veritus</strong></span> <span class='ocrx_word' id='word_1_480' title='bbox 896 3568 965 3604; x_wconf 91' lang='lat' dir='ltr'><strong>ne</strong></span> <span class='ocrx_word' id='word_1_481' title='bbox 999 3552 1054 3605; x_wconf 92' lang='lat' dir='ltr'><strong>in</strong></span> <span class='ocrx_word' id='word_1_482' title='bbox 1090 3552 1201 3605; x_wconf 86' lang='lat' dir='ltr'><strong>ista</strong></span> <span class='ocrx_word' id='word_1_483' title='bbox 1233 3570 1466 3623; x_wconf 90' lang='lat' dir='ltr'><strong>quoque</strong></span> <span class='ocrx_word' id='word_1_484' title='bbox 1499 3557 1749 3609; x_wconf 85' lang='lat' dir='ltr'><strong>fatorum</strong></span> <span class='ocrx_word' id='word_1_485' title='bbox 1799 3557 1943 3609; x_wconf 86' lang='lat' dir='ltr'><strong>serie</strong></span> 
     </span>
    </p>
   </div>
   <div class='ocr_carea' id='block_1_69' title="bbox 296 3638 1942 3711">
    <p class='ocr_par' dir='ltr' id='par_1_69' title="bbox 296 3638 1942 3711">
     <span class='ocr_line' id='line_1_69' title="bbox 296 3638 1942 3711; baseline 0.001 -18"><span class='ocrx_word' id='word_1_486' title='bbox 296 3642 481 3694; x_wconf 79' lang='lat' dir='ltr'><strong>fixum</strong></span> <span class='ocrx_word' id='word_1_487' title='bbox 513 3639 591 3694; x_wconf 87' lang='lat' dir='ltr'><strong>sit</strong></span> <span class='ocrx_word' id='word_1_488' title='bbox 622 3644 677 3694; x_wconf 91' lang='lat' dir='ltr'><strong>te</strong></span> <span class='ocrx_word' id='word_1_489' title='bbox 710 3638 853 3693; x_wconf 91' lang='lat' dir='ltr'><strong>mihi</strong></span> <span class='ocrx_word' id='word_1_490' title='bbox 887 3641 1185 3710; x_wconf 85' lang='lat' dir='ltr'><strong>perjurum</strong></span> <span class='ocrx_word' id='word_1_491' title='bbox 1229 3642 1367 3705; x_wconf 90' lang='lat' dir='ltr'><strong>fore,</strong></span> <span class='ocrx_word' id='word_1_492' title='bbox 1395 3658 1508 3696; x_wconf 90' lang='lat' dir='ltr'><strong>non</strong></span> <span class='ocrx_word' id='word_1_493' title='bbox 1556 3644 1942 3711; x_wconf 89' lang='lat' dir='ltr'><strong>committam,</strong></span> 
     </span>
    </p>
   </div>
   <div class='ocr_carea' id='block_1_70' title="bbox 292 3728 1943 3801">
    <p class='ocr_par' dir='ltr' id='par_1_70' title="bbox 292 3728 1943 3801">
     <span class='ocr_line' id='line_1_70' title="bbox 292 3728 1943 3801; baseline 0.001 -18"><span class='ocrx_word' id='word_1_494' title='bbox 292 3729 451 3783; x_wconf 88' lang='lat' dir='ltr'><strong>utin</strong></span> <span class='ocrx_word' id='word_1_495' title='bbox 505 3744 691 3783; x_wconf 90' lang='lat' dir='ltr'><strong>meam</strong></span> <span class='ocrx_word' id='word_1_496' title='bbox 746 3728 1055 3797; x_wconf 90' lang='lat' dir='ltr'><strong>perniciem</strong></span> <span class='ocrx_word' id='word_1_497' title='bbox 1106 3730 1402 3801; x_wconf 80' lang='lat' dir='ltr'><strong>c00perari</strong></span> <span class='ocrx_word' id='word_1_498' title='bbox 1452 3731 1583 3784; x_wconf 84' lang='lat' dir='ltr'><strong>tatis</strong></span> <span class='ocrx_word' id='word_1_499' title='bbox 1636 3732 1943 3801; x_wconf 69' lang='lat' dir='ltr'><strong>praebendo</strong></span> 
     </span>
    </p>
   </div>
   <div class='ocr_carea' id='block_1_71' title="bbox 288 3816 1943 3888">
    <p class='ocr_par' dir='ltr' id='par_1_71' title="bbox 288 3816 1943 3888">
     <span class='ocr_line' id='line_1_71' title="bbox 288 3816 1943 3888; baseline 0.002 -17"><span class='ocrx_word' id='word_1_500' title='bbox 288 3818 399 3872; x_wconf 88' lang='lat' dir='ltr'><strong>tibi</strong></span> <span class='ocrx_word' id='word_1_501' title='bbox 459 3816 571 3872; x_wconf 90' lang='lat' dir='ltr'><strong>mei</strong></span> <span class='ocrx_word' id='word_1_502' title='bbox 632 3818 909 3888; x_wconf 85' lang='lat' dir='ltr'><strong>perdendi</strong></span> <span class='ocrx_word' id='word_1_503' title='bbox 965 3818 1463 3888; x_wconf 85' lang='lat' dir='ltr'><strong>opportunitatem</strong></span> <span class='ocrx_word' id='word_1_504' title='bbox 1520 3836 1716 3875; x_wconf 92' lang='lat' dir='ltr'><strong>coner.</strong></span> <span class='ocrx_word' id='word_1_505' title='bbox 1788 3819 1943 3874; x_wconf 89' lang='lat' dir='ltr'><strong>Velis</strong></span> 
     </span>
    </p>
   </div>
   <div class='ocr_carea' id='block_1_72' title="bbox 295 3905 1939 3979">
    <p class='ocr_par' dir='ltr' id='par_1_72' title="bbox 295 3905 1939 3979">
     <span class='ocr_line' id='line_1_72' title="bbox 295 3905 1939 3979; baseline 0 -18"><span class='ocrx_word' id='word_1_506' title='bbox 295 3907 495 3979; x_wconf 89' lang='lat' dir='ltr'><strong>potius</strong></span> <span class='ocrx_word' id='word_1_507' title='bbox 527 3911 583 3960; x_wconf 90' lang='lat' dir='ltr'><strong>et</strong></span> <span class='ocrx_word' id='word_1_508' title='bbox 616 3907 793 3960; x_wconf 89' lang='lat' dir='ltr'><strong>remis</strong></span> <span class='ocrx_word' id='word_1_509' title='bbox 840 3922 930 3960; x_wconf 89' lang='lat' dir='ltr'><strong>me</strong></span> <span class='ocrx_word' id='word_1_510' title='bbox 979 3905 1039 3959; x_wconf 90' lang='lat' dir='ltr'><strong>in</strong></span> <span class='ocrx_word' id='word_1_511' title='bbox 1092 3922 1264 3976; x_wconf 90' lang='lat' dir='ltr'><strong>quam</strong></span> <span class='ocrx_word' id='word_1_512' title='bbox 1317 3906 1721 3961; x_wconf 81' lang='lat' dir='ltr'><strong>diversissima</strong></span> <span class='ocrx_word' id='word_1_513' title='bbox 1755 3908 1939 3978; x_wconf 89' lang='lat' dir='ltr'><strong>prori-</strong></span> 
     </span>
    </p>
   </div>
   <div class='ocr_carea' id='block_1_73' title="bbox 292 3994 1939 4067">
    <p class='ocr_par' dir='ltr' id='par_1_73' title="bbox 292 3994 1939 4067">
     <span class='ocr_line' id='line_1_73' title="bbox 292 3994 1939 4067; baseline 0 -18"><span class='ocrx_word' id='word_1_514' title='bbox 292 3998 481 4067; x_wconf 89' lang='lat' dir='ltr'><strong>piam,</strong></span> <span class='ocrx_word' id='word_1_515' title='bbox 513 3994 1030 4066; x_wconf 83' lang='lat' dir='ltr'><strong>interpretansque</strong></span> <span class='ocrx_word' id='word_1_516' title='bbox 1053 3996 1108 4049; x_wconf 93' lang='lat' dir='ltr'><strong>in</strong></span> <span class='ocrx_word' id='word_1_517' title='bbox 1137 3997 1387 4049; x_wconf 90' lang='lat' dir='ltr'><strong>favorem</strong></span> <span class='ocrx_word' id='word_1_518' title='bbox 1414 4012 1607 4050; x_wconf 88' lang='lat' dir='ltr'><strong>meum</strong></span> <span class='ocrx_word' id='word_1_519' title='bbox 1634 3996 1939 4066; x_wconf 90' lang='lat' dir='ltr'><strong>providen-</strong></span> 
     </span>
    </p>
   </div>
   <div class='ocr_carea' id='block_1_74' title="bbox 290 4082 1941 4155">
    <p class='ocr_par' dir='ltr' id='par_1_74' title="bbox 290 4082 1941 4155">
     <span class='ocr_line' id='line_1_74' title="bbox 290 4082 1941 4155; baseline 0 -16"><span class='ocrx_word' id='word_1_520' title='bbox 290 4086 440 4139; x_wconf 88' lang='lat' dir='ltr'><strong>tiam</strong></span> <span class='ocrx_word' id='word_1_521' title='bbox 472 4090 771 4150; x_wconf 71' lang='lat' dir='ltr'><strong>azternam,</strong></span> <span class='ocrx_word' id='word_1_522' title='bbox 810 4082 967 4138; x_wconf 84' lang='lat' dir='ltr'><strong>fatali</strong></span> <span class='ocrx_word' id='word_1_523' title='bbox 1002 4084 1130 4153; x_wconf 90' lang='lat' dir='ltr'><strong>ejus</strong></span> <span class='ocrx_word' id='word_1_524' title='bbox 1162 4083 1287 4155; x_wconf 85' lang='lat' dir='ltr'><strong>lege</strong></span> <span class='ocrx_word' id='word_1_525' title='bbox 1318 4088 1556 4138; x_wconf 90' lang='lat' dir='ltr'><strong>cautum</strong></span> <span class='ocrx_word' id='word_1_526' title='bbox 1592 4084 1941 4152; x_wconf 84' lang='lat' dir='ltr'><strong>arbitrabor,</strong></span> 
     </span>
    </p>
   </div>
   <div class='ocr_carea' id='block_1_75' title="bbox 294 4173 1941 4243">
    <p class='ocr_par' dir='ltr' id='par_1_75' title="bbox 294 4173 1941 4243">
     <span class='ocr_line' id='line_1_75' title="bbox 294 4173 1941 4243; baseline 0 -15"><span class='ocrx_word' id='word_1_527' title='bbox 294 4182 362 4228; x_wconf 91' lang='lat' dir='ltr'><strong>ut</strong></span> <span class='ocrx_word' id='word_1_528' title='bbox 392 4190 495 4243; x_wconf 87' lang='lat' dir='ltr'><strong>ego</strong></span> <span class='ocrx_word' id='word_1_529' title='bbox 531 4174 587 4227; x_wconf 92' lang='lat' dir='ltr'><strong>in</strong></span> <span class='ocrx_word' id='word_1_530' title='bbox 618 4173 761 4227; x_wconf 92' lang='lat' dir='ltr'><strong>locis</strong></span> <span class='ocrx_word' id='word_1_531' title='bbox 814 4190 846 4226; x_wconf 89' lang='lat' dir='ltr'><strong>a</strong></span> <span class='ocrx_word' id='word_1_532' title='bbox 896 4177 993 4226; x_wconf 85' lang='lat' dir='ltr'><strong>tua</strong></span> <span class='ocrx_word' id='word_1_533' title='bbox 1040 4173 1258 4227; x_wconf 91' lang='lat' dir='ltr'><strong>ditione</strong></span> <span class='ocrx_word' id='word_1_534' title='bbox 1314 4173 1724 4227; x_wconf 89' lang='lat' dir='ltr'><strong>remotissimis</strong></span> <span class='ocrx_word' id='word_1_535' title='bbox 1774 4190 1941 4229; x_wconf 89' lang='lat' dir='ltr'><strong>secu-</strong></span> 
     </span>
    </p>
   </div>
   <div class='ocr_carea' id='block_1_76' title="bbox 292 4261 1938 4333">
    <p class='ocr_par' dir='ltr' id='par_1_76' title="bbox 292 4261 1938 4333">
     <span class='ocr_line' id='line_1_76' title="bbox 292 4261 1938 4333; baseline -0.001 -15"><span class='ocrx_word' id='word_1_536' title='bbox 292 4280 420 4318; x_wconf 88' lang='lat' dir='ltr'><strong>ram</strong></span> <span class='ocrx_word' id='word_1_537' title='bbox 456 4261 769 4317; x_wconf 90' lang='lat' dir='ltr'><strong>incolumis</strong></span> <span class='ocrx_word' id='word_1_538' title='bbox 803 4261 977 4315; x_wconf 89' lang='lat' dir='ltr'><strong>vitam</strong></span> <span class='ocrx_word' id='word_1_539' title='bbox 1016 4262 1245 4332; x_wconf 86' lang='lat' dir='ltr'><strong>degam.</strong></span> <span class='ocrx_word' id='word_1_540' title='bbox 1278 4262 1622 4333; x_wconf 86' lang='lat' dir='ltr'><strong>Quanquam</strong></span> <span class='ocrx_word' id='word_1_541' title='bbox 1669 4264 1938 4333; x_wconf 84' lang='lat' dir='ltr'><strong>equidem</strong></span> 
     </span>
    </p>
   </div>
   <div class='ocr_carea' id='block_1_77' title="bbox 290 4351 1942 4420">
    <p class='ocr_par' dir='ltr' id='par_1_77' title="bbox 290 4351 1942 4420">
     <span class='ocr_line' id='line_1_77' title="bbox 290 4351 1942 4420; baseline 0 -14"><span class='ocrx_word' id='word_1_542' title='bbox 290 4353 433 4420; x_wconf 90' lang='lat' dir='ltr'><strong>(non</strong></span> <span class='ocrx_word' id='word_1_543' title='bbox 496 4352 651 4405; x_wconf 93' lang='lat' dir='ltr'><strong>enim</strong></span> <span class='ocrx_word' id='word_1_544' title='bbox 709 4351 974 4405; x_wconf 84' lang='lat' dir='ltr'><strong>recedam</strong></span> <span class='ocrx_word' id='word_1_545' title='bbox 1031 4368 1064 4404; x_wconf 89' lang='lat' dir='ltr'><strong>a</strong></span> <span class='ocrx_word' id='word_1_546' title='bbox 1114 4351 1380 4405; x_wconf 85' lang='lat' dir='ltr'><strong>doctrina</strong></span> <span class='ocrx_word' id='word_1_547' title='bbox 1432 4352 1667 4420; x_wconf 85' lang='lat' dir='ltr'><strong>veriori)</strong></span> <span class='ocrx_word' id='word_1_548' title='bbox 1722 4352 1863 4406; x_wconf 88' lang='lat' dir='ltr'><strong>nihil</strong></span> <span class='ocrx_word' id='word_1_549' title='bbox 1910 4371 1942 4406; x_wconf 91' lang='lat' dir='ltr'><strong>a</strong></span> 
     </span>
    </p>
   </div>
   <div class='ocr_carea' id='block_1_78' title="bbox 289 4439 1940 4511">
    <p class='ocr_par' dir='ltr' id='par_1_78' title="bbox 289 4439 1940 4511">
     <span class='ocr_line' id='line_1_78' title="bbox 289 4439 1940 4511; baseline -0.001 -16"><span class='ocrx_word' id='word_1_550' title='bbox 289 4442 430 4495; x_wconf 87' lang='lat' dir='ltr'><strong>fatis</strong></span> <span class='ocrx_word' id='word_1_551' title='bbox 479 4444 580 4494; x_wconf 84' lang='lat' dir='ltr'><strong>aut</strong></span> <span class='ocrx_word' id='word_1_552' title='bbox 628 4457 800 4511; x_wconf 83' lang='lat' dir='ltr'><strong>spero</strong></span> <span class='ocrx_word' id='word_1_553' title='bbox 851 4445 951 4494; x_wconf 89' lang='lat' dir='ltr'><strong>aut</strong></span> <span class='ocrx_word' id='word_1_554' title='bbox 1000 4439 1201 4493; x_wconf 89' lang='lat' dir='ltr'><strong>timeo.</strong></span> <span class='ocrx_word' id='word_1_555' title='bbox 1252 4439 1409 4501; x_wconf 91' lang='lat' dir='ltr'><strong>Quod</strong></span> <span class='ocrx_word' id='word_1_556' title='bbox 1468 4457 1559 4494; x_wconf 90' lang='lat' dir='ltr'><strong>me</strong></span> <span class='ocrx_word' id='word_1_557' title='bbox 1609 4441 1858 4494; x_wconf 88' lang='lat' dir='ltr'><strong>deterret</strong></span> <span class='ocrx_word' id='word_1_558' title='bbox 1909 4458 1940 4494; x_wconf 88' lang='lat' dir='ltr'><strong>a</strong></span> 
     </span>
    </p>
   </div>
   <div class='ocr_carea' id='block_1_79' title="bbox 2055 3288 3696 3360">
    <p class='ocr_par' dir='ltr' id='par_1_79' title="bbox 2055 3288 3696 3360">
     <span class='ocr_line' id='line_1_79' title="bbox 2055 3288 3696 3360; baseline 0.001 -21"><span class='ocrx_word' id='word_1_559' title='bbox 2055 3292 2323 3340; x_wconf 85' lang='lat' dir='ltr'><strong>noratum</strong></span> <span class='ocrx_word' id='word_1_560' title='bbox 2360 3288 2766 3354; x_wconf 85' lang='lat' dir='ltr'><strong>descendente,</strong></span> <span class='ocrx_word' id='word_1_561' title='bbox 2801 3289 3049 3359; x_wconf 87' lang='lat' dir='ltr'><strong>denique</strong></span> <span class='ocrx_word' id='word_1_562' title='bbox 3099 3288 3525 3360; x_wconf 84' lang='lat' dir='ltr'><strong>perpetratione</strong></span> <span class='ocrx_word' id='word_1_563' title='bbox 3575 3304 3696 3341; x_wconf 88' lang='lat' dir='ltr'><strong>ma-</strong></span> 
     </span>
    </p>
   </div>
   <div class='ocr_carea' id='block_1_80' title="bbox 2053 3377 3698 3446">
    <p class='ocr_par' dir='ltr' id='par_1_80' title="bbox 2053 3377 3698 3446">
     <span class='ocr_line' id='line_1_80' title="bbox 2053 3377 3698 3446; baseline 0.002 -18"><span class='ocrx_word' id='word_1_564' title='bbox 2053 3391 2302 3445; x_wconf 84' lang='lat' dir='ltr'><strong>gnorum</strong></span> <span class='ocrx_word' id='word_1_565' title='bbox 2337 3393 2602 3446; x_wconf 91' lang='lat' dir='ltr'><strong>operum.</strong></span> <span class='ocrx_word' id='word_1_566' title='bbox 2638 3379 2895 3442; x_wconf 89' lang='lat' dir='ltr'><strong>Quarum</strong></span> <span class='ocrx_word' id='word_1_567' title='bbox 2931 3379 3169 3432; x_wconf 83' lang='lat' dir='ltr'><strong>laudum</strong></span> <span class='ocrx_word' id='word_1_568' title='bbox 3207 3396 3340 3432; x_wconf 84' lang='lat' dir='ltr'><strong>cum</strong></span> <span class='ocrx_word' id='word_1_569' title='bbox 3394 3377 3698 3432; x_wconf 85' lang='lat' dir='ltr'><strong>facultates</strong></span> 
     </span>
    </p>
   </div>
   <div class='ocr_carea' id='block_1_81' title="bbox 2055 3464 3699 3532">
    <p class='ocr_par' dir='ltr' id='par_1_81' title="bbox 2055 3464 3699 3532">
     <span class='ocr_line' id='line_1_81' title="bbox 2055 3464 3699 3532; baseline 0.001 -15"><span class='ocrx_word' id='word_1_570' title='bbox 2055 3464 2307 3519; x_wconf 88' lang='lat' dir='ltr'><strong>solitudo</strong></span> <span class='ocrx_word' id='word_1_571' title='bbox 2357 3466 2789 3531; x_wconf 76' lang='lat' dir='ltr'><strong>subministret,</strong></span> <span class='ocrx_word' id='word_1_572' title='bbox 2840 3467 3143 3521; x_wconf 85' lang='lat' dir='ltr'><strong>obstacula</strong></span> <span class='ocrx_word' id='word_1_573' title='bbox 3193 3472 3505 3532; x_wconf 88' lang='lat' dir='ltr'><strong>removeat,</strong></span> <span class='ocrx_word' id='word_1_574' title='bbox 3557 3467 3699 3520; x_wconf 90' lang='lat' dir='ltr'><strong>nihil</strong></span> 
     </span>
    </p>
   </div>
   <div class='ocr_carea' id='block_1_82' title="bbox 2053 3554 3698 3627">
    <p class='ocr_par' dir='ltr' id='par_1_82' title="bbox 2053 3554 3698 3627">
     <span class='ocr_line' id='line_1_82' title="bbox 2053 3554 3698 3627; baseline 0.001 -20"><span class='ocrx_word' id='word_1_575' title='bbox 2053 3568 2122 3607; x_wconf 89' lang='lat' dir='ltr'><strong>ea</strong></span> <span class='ocrx_word' id='word_1_576' title='bbox 2152 3554 2329 3608; x_wconf 88' lang='lat' dir='ltr'><strong>videri</strong></span> <span class='ocrx_word' id='word_1_577' title='bbox 2365 3555 2685 3625; x_wconf 86' lang='lat' dir='ltr'><strong>optabilius</strong></span> <span class='ocrx_word' id='word_1_578' title='bbox 2709 3557 2956 3626; x_wconf 76' lang='lat' dir='ltr'><strong>sapienti</strong></span> <span class='ocrx_word' id='word_1_579' title='bbox 2990 3557 3180 3624; x_wconf 86' lang='lat' dir='ltr'><strong>debet,</strong></span> <span class='ocrx_word' id='word_1_580' title='bbox 3215 3574 3364 3627; x_wconf 77' lang='lat' dir='ltr'><strong>aegre</strong></span> <span class='ocrx_word' id='word_1_581' title='bbox 3398 3556 3451 3609; x_wconf 89' lang='lat' dir='ltr'><strong>id</strong></span> <span class='ocrx_word' id='word_1_582' title='bbox 3487 3572 3698 3610; x_wconf 89' lang='lat' dir='ltr'><strong>nomen</strong></span> 
     </span>
    </p>
   </div>
   <div class='ocr_carea' id='block_1_83' title="bbox 2054 3643 3700 3713">
    <p class='ocr_par' dir='ltr' id='par_1_83' title="bbox 2054 3643 3700 3713">
     <span class='ocr_line' id='line_1_83' title="bbox 2054 3643 3700 3713; baseline 0.002 -19"><span class='ocrx_word' id='word_1_583' title='bbox 2054 3647 2155 3694; x_wconf 90' lang='lat' dir='ltr'><strong>aut</strong></span> <span class='ocrx_word' id='word_1_584' title='bbox 2188 3659 2393 3712; x_wconf 87' lang='lat' dir='ltr'><strong>parare</strong></span> <span class='ocrx_word' id='word_1_585' title='bbox 2425 3649 2525 3696; x_wconf 87' lang='lat' dir='ltr'><strong>aut</strong></span> <span class='ocrx_word' id='word_1_586' title='bbox 2556 3644 2701 3697; x_wconf 90' lang='lat' dir='ltr'><strong>tueri</strong></span> <span class='ocrx_word' id='word_1_587' title='bbox 2738 3643 3009 3708; x_wconf 87' lang='lat' dir='ltr'><strong>valituro,</strong></span> <span class='ocrx_word' id='word_1_588' title='bbox 3063 3644 3173 3698; x_wconf 90' lang='lat' dir='ltr'><strong>nisi</strong></span> <span class='ocrx_word' id='word_1_589' title='bbox 3226 3662 3257 3697; x_wconf 91' lang='lat' dir='ltr'><strong>a</strong></span> <span class='ocrx_word' id='word_1_590' title='bbox 3307 3662 3367 3698; x_wconf 89' lang='lat' dir='ltr'><strong>se</strong></span> <span class='ocrx_word' id='word_1_591' title='bbox 3412 3645 3538 3713; x_wconf 86' lang='lat' dir='ltr'><strong>ipso</strong></span> <span class='ocrx_word' id='word_1_592' title='bbox 3590 3644 3700 3697; x_wconf 88' lang='lat' dir='ltr'><strong>sibi</strong></span> 
     </span>
    </p>
   </div>
   <div class='ocr_carea' id='block_1_84' title="bbox 2055 3731 3695 3798">
    <p class='ocr_par' dir='ltr' id='par_1_84' title="bbox 2055 3731 3695 3798">
     <span class='ocr_line' id='line_1_84' title="bbox 2055 3731 3695 3798; baseline 0.002 -16"><span class='ocrx_word' id='word_1_593' title='bbox 2055 3746 2285 3792; x_wconf 87' lang='lat' dir='ltr'><strong>cavens,</strong></span> <span class='ocrx_word' id='word_1_594' title='bbox 2338 3734 2395 3782; x_wconf 93' lang='lat' dir='ltr'><strong>et</strong></span> <span class='ocrx_word' id='word_1_595' title='bbox 2454 3731 2761 3798; x_wconf 61' lang='lat' dir='ltr'><strong>perdendae</strong></span> <span class='ocrx_word' id='word_1_596' title='bbox 2808 3731 3016 3783; x_wconf 67' lang='lat' dir='ltr'><strong>animae</strong></span> <span class='ocrx_word' id='word_1_597' title='bbox 3066 3732 3430 3785; x_wconf 89' lang='lat' dir='ltr'><strong>occasionem</strong></span> <span class='ocrx_word' id='word_1_598' title='bbox 3485 3733 3695 3795; x_wconf 90' lang='lat' dir='ltr'><strong>vitans,</strong></span> 
     </span>
    </p>
   </div>
   <div class='ocr_carea' id='block_1_85' title="bbox 2054 3817 3697 3889">
    <p class='ocr_par' dir='ltr' id='par_1_85' title="bbox 2054 3817 3697 3889">
     <span class='ocr_line' id='line_1_85' title="bbox 2054 3817 3697 3889; baseline 0.001 -18"><span class='ocrx_word' id='word_1_599' title='bbox 2054 3834 2087 3871; x_wconf 89' lang='lat' dir='ltr'><strong>a</strong></span> <span class='ocrx_word' id='word_1_600' title='bbox 2137 3818 2421 3887; x_wconf 73' lang='lat' dir='ltr'><strong>cognatis,</strong></span> <span class='ocrx_word' id='word_1_601' title='bbox 2470 3818 2628 3880; x_wconf 78' lang='lat' dir='ltr'><strong>filiis,</strong></span> <span class='ocrx_word' id='word_1_602' title='bbox 2682 3817 2920 3879; x_wconf 86' lang='lat' dir='ltr'><strong>divitiis,</strong></span> <span class='ocrx_word' id='word_1_603' title='bbox 2971 3819 3215 3889; x_wconf 84' lang='lat' dir='ltr'><strong>ipsaque</strong></span> <span class='ocrx_word' id='word_1_604' title='bbox 3271 3818 3469 3888; x_wconf 63' lang='lat' dir='ltr'><strong>procul</strong></span> <span class='ocrx_word' id='word_1_605' title='bbox 3520 3836 3552 3871; x_wconf 87' lang='lat' dir='ltr'><strong>a</strong></span> <span class='ocrx_word' id='word_1_606' title='bbox 3602 3836 3697 3888; x_wconf 86' lang='lat' dir='ltr'><strong>pa-</strong></span> 
     </span>
    </p>
   </div>
   <div class='ocr_carea' id='block_1_86' title="bbox 2053 3905 3693 3975">
    <p class='ocr_par' dir='ltr' id='par_1_86' title="bbox 2053 3905 3693 3975">
     <span class='ocr_line' id='line_1_86' title="bbox 2053 3905 3693 3975; baseline 0.001 -16"><span class='ocrx_word' id='word_1_607' title='bbox 2053 3905 2165 3960; x_wconf 88' lang='lat' dir='ltr'><strong>tria</strong></span> <span class='ocrx_word' id='word_1_608' title='bbox 2196 3920 2322 3959; x_wconf 90' lang='lat' dir='ltr'><strong>sese</strong></span> <span class='ocrx_word' id='word_1_609' title='bbox 2354 3906 2683 3959; x_wconf 89' lang='lat' dir='ltr'><strong>removerit.</strong></span> <span class='ocrx_word' id='word_1_610' title='bbox 2719 3906 2975 3959; x_wconf 89' lang='lat' dir='ltr'><strong>Patriam</strong></span> <span class='ocrx_word' id='word_1_611' title='bbox 3011 3906 3327 3975; x_wconf 87' lang='lat' dir='ltr'><strong>siquidem,</strong></span> <span class='ocrx_word' id='word_1_612' title='bbox 3376 3905 3545 3971; x_wconf 85' lang='lat' dir='ltr'><strong>lilios,</strong></span> <span class='ocrx_word' id='word_1_613' title='bbox 3599 3923 3693 3960; x_wconf 91' lang='lat' dir='ltr'><strong>co-</strong></span> 
     </span>
    </p>
   </div>
   <div class='ocr_carea' id='block_1_87' title="bbox 2054 3993 3697 4065">
    <p class='ocr_par' dir='ltr' id='par_1_87' title="bbox 2054 3993 3697 4065">
     <span class='ocr_line' id='line_1_87' title="bbox 2054 3993 3697 4065; baseline -0.001 -18"><span class='ocrx_word' id='word_1_614' title='bbox 2054 3993 2417 4065; x_wconf 89' lang='lat' dir='ltr'><strong>gnationem,</strong></span> <span class='ocrx_word' id='word_1_615' title='bbox 2445 4010 2582 4063; x_wconf 83' lang='lat' dir='ltr'><strong>Opes</strong></span> <span class='ocrx_word' id='word_1_616' title='bbox 2615 4002 2978 4049; x_wconf 85' lang='lat' dir='ltr'><strong>commutare</strong></span> <span class='ocrx_word' id='word_1_617' title='bbox 3027 4011 3161 4048; x_wconf 90' lang='lat' dir='ltr'><strong>cum</strong></span> <span class='ocrx_word' id='word_1_618' title='bbox 3213 3993 3697 4064; x_wconf 71' lang='lat' dir='ltr'><strong>mquivalentibus</strong></span> 
     </span>
    </p>
   </div>
   <div class='ocr_carea' id='block_1_88' title="bbox 2054 4082 3698 4153">
    <p class='ocr_par' dir='ltr' id='par_1_88' title="bbox 2054 4082 3698 4153">
     <span class='ocr_line' id='line_1_88' title="bbox 2054 4082 3698 4153; baseline 0.001 -18"><span class='ocrx_word' id='word_1_619' title='bbox 2054 4083 2287 4153; x_wconf 90' lang='lat' dir='ltr'><strong>poterit,</strong></span> <span class='ocrx_word' id='word_1_620' title='bbox 2322 4082 2529 4136; x_wconf 74' lang='lat' dir='ltr'><strong>anima:</strong></span> <span class='ocrx_word' id='word_1_621' title='bbox 2566 4085 2847 4151; x_wconf 81' lang='lat' dir='ltr'><strong>iacturam</strong></span> <span class='ocrx_word' id='word_1_622' title='bbox 2883 4085 3037 4153; x_wconf 89' lang='lat' dir='ltr'><strong>quod</strong></span> <span class='ocrx_word' id='word_1_623' title='bbox 3073 4084 3351 4138; x_wconf 83' lang='lat' dir='ltr'><strong>resarciat</strong></span> <span class='ocrx_word' id='word_1_624' title='bbox 3394 4100 3698 4153; x_wconf 87' lang='lat' dir='ltr'><strong>nunquam</strong></span> 
     </span>
    </p>
   </div>
   <div class='ocr_carea' id='block_1_89' title="bbox 2055 4171 3695 4244">
    <p class='ocr_par' dir='ltr' id='par_1_89' title="bbox 2055 4171 3695 4244">
     <span class='ocr_line' id='line_1_89' title="bbox 2055 4171 3695 4244; baseline 0.002 -20"><span class='ocrx_word' id='word_1_625' title='bbox 2055 4171 2325 4226; x_wconf 82' lang='lat' dir='ltr'><strong>inveniet.</strong></span> <span class='ocrx_word' id='word_1_626' title='bbox 2379 4172 2709 4240; x_wconf 77' lang='lat' dir='ltr'><strong>Adjungam</strong></span> <span class='ocrx_word' id='word_1_627' title='bbox 2761 4178 2817 4226; x_wconf 93' lang='lat' dir='ltr'><strong>et</strong></span> <span class='ocrx_word' id='word_1_628' title='bbox 2854 4172 3012 4226; x_wconf 87' lang='lat' dir='ltr'><strong>aliud</strong></span> <span class='ocrx_word' id='word_1_629' title='bbox 3046 4174 3378 4244; x_wconf 90' lang='lat' dir='ltr'><strong>sapientum</strong></span> <span class='ocrx_word' id='word_1_630' title='bbox 3411 4173 3644 4226; x_wconf 75' lang='lat' dir='ltr'><strong>eli‘atum</strong></span> <span class='ocrx_word' id='word_1_631' title='bbox 3684 4190 3695 4227; x_wconf 95' lang='lat'>:</span> 
     </span>
    </p>
   </div>
   <div class='ocr_carea' id='block_1_90' title="bbox 2053 4262 3698 4333">
    <p class='ocr_par' dir='ltr' id='par_1_90' title="bbox 2053 4262 3698 4333">
     <span class='ocr_line' id='line_1_90' title="bbox 2053 4262 3698 4333; baseline 0 -18"><span class='ocrx_word' id='word_1_632' title='bbox 2053 4262 2373 4331; x_wconf 85' lang='lat' dir='ltr'><strong>pessimam</strong></span> <span class='ocrx_word' id='word_1_633' title='bbox 2407 4278 2533 4315; x_wconf 88' lang='lat' dir='ltr'><strong>esse</strong></span> <span class='ocrx_word' id='word_1_634' title='bbox 2565 4262 2901 4330; x_wconf 87' lang='lat' dir='ltr'><strong>percuniam</strong></span> <span class='ocrx_word' id='word_1_635' title='bbox 2936 4278 3062 4331; x_wconf 72' lang='lat' dir='ltr'><strong>quae</strong></span> <span class='ocrx_word' id='word_1_636' title='bbox 3096 4278 3209 4315; x_wconf 89' lang='lat' dir='ltr'><strong>non</strong></span> <span class='ocrx_word' id='word_1_637' title='bbox 3241 4266 3533 4333; x_wconf 91' lang='lat' dir='ltr'><strong>erogatur,</strong></span> <span class='ocrx_word' id='word_1_638' title='bbox 3567 4277 3698 4332; x_wconf 89' lang='lat' dir='ltr'><strong>pes-</strong></span> 
     </span>
    </p>
   </div>
   <div class='ocr_carea' id='block_1_91' title="bbox 2056 4350 3695 4421">
    <p class='ocr_par' dir='ltr' id='par_1_91' title="bbox 2056 4350 3695 4421">
     <span class='ocr_line' id='line_1_91' title="bbox 2056 4350 3695 4421; baseline 0.002 -19"><span class='ocrx_word' id='word_1_639' title='bbox 2056 4350 2262 4403; x_wconf 88' lang='lat' dir='ltr'><strong>simam</strong></span> <span class='ocrx_word' id='word_1_640' title='bbox 2302 4366 2536 4403; x_wconf 79' lang='lat' dir='ltr'><strong>uxorem</strong></span> <span class='ocrx_word' id='word_1_641' title='bbox 2573 4350 2665 4403; x_wconf 91' lang='lat' dir='ltr'><strong>cui</strong></span> <span class='ocrx_word' id='word_1_642' title='bbox 2696 4368 2842 4403; x_wconf 88' lang='lat' dir='ltr'><strong>suus</strong></span> <span class='ocrx_word' id='word_1_643' title='bbox 2873 4352 2960 4403; x_wconf 84' lang='lat' dir='ltr'><strong>vir</strong></span> <span class='ocrx_word' id='word_1_644' title='bbox 2990 4368 3200 4405; x_wconf 82' lang='lat' dir='ltr'><strong>exosus</strong></span> <span class='ocrx_word' id='word_1_645' title='bbox 3231 4356 3340 4414; x_wconf 86' lang='lat' dir='ltr'><strong>est,</strong></span> <span class='ocrx_word' id='word_1_646' title='bbox 3376 4351 3695 4421; x_wconf 87' lang='lat' dir='ltr'><strong>pessimum</strong></span> 
     </span>
    </p>
   </div>
   <div class='ocr_carea' id='block_1_92' title="bbox 2056 4438 3691 4510">
    <p class='ocr_par' dir='ltr' id='par_1_92' title="bbox 2056 4438 3691 4510">
     <span class='ocr_line' id='line_1_92' title="bbox 2056 4438 3691 4510; baseline 0.002 -20"><span class='ocrx_word' id='word_1_647' title='bbox 2056 4440 2236 4491; x_wconf 69' lang='lat' dir='ltr'><strong>filium</strong></span> <span class='ocrx_word' id='word_1_648' title='bbox 2276 4438 2615 4510; x_wconf 86' lang='lat' dir='ltr'><strong>parentibus</strong></span> <span class='ocrx_word' id='word_1_649' title='bbox 2656 4446 3085 4509; x_wconf 85' lang='lat' dir='ltr'><strong>contumacem,</strong></span> <span class='ocrx_word' id='word_1_650' title='bbox 3138 4440 3453 4510; x_wconf 88' lang='lat' dir='ltr'><strong>pessimum</strong></span> <span class='ocrx_word' id='word_1_651' title='bbox 3502 4456 3691 4507; x_wconf 68' lang='lat' dir='ltr'><strong>regem</strong></span> 
     </span>
    </p>
   </div>
   <div class='ocr_carea' id='block_1_93' title="bbox 293 4513 3695 4600">
    <p class='ocr_par' dir='ltr' id='par_1_93' title="bbox 293 4513 3695 4600">
     <span class='ocr_line' id='line_1_93' title="bbox 293 4513 3695 4600; baseline 0 -16"><span class='ocrx_word' id='word_1_652' title='bbox 293 4546 389 4584; x_wconf 89' lang='lat' dir='ltr'><strong>me</strong></span> <span class='ocrx_word' id='word_1_653' title='bbox 422 4530 524 4584; x_wconf 86' lang='lat' dir='ltr'><strong>tibi</strong></span> <span class='ocrx_word' id='word_1_654' title='bbox 556 4528 1001 4592; x_wconf 79' lang='lat' dir='ltr'><strong>committenda,</strong></span> <span class='ocrx_word' id='word_1_655' title='bbox 1026 4528 1225 4581; x_wconf 90' lang='lat' dir='ltr'><strong>odium</strong></span> <span class='ocrx_word' id='word_1_656' title='bbox 1262 4528 1372 4581; x_wconf 88' lang='lat' dir='ltr'><strong>mei</strong></span> <span class='ocrx_word' id='word_1_657' title='bbox 1397 4534 1486 4581; x_wconf 88' lang='lat' dir='ltr'><strong>est</strong></span> <span class='ocrx_word' id='word_1_658' title='bbox 1508 4530 1656 4598; x_wconf 85' lang='lat' dir='ltr'><strong>quod</strong></span> <span class='ocrx_word' id='word_1_659' title='bbox 1698 4530 1941 4598; x_wconf 81' lang='lat' dir='ltr'><strong>flagrare</strong></span> <span class='ocrx_word' id='word_1_660' title='bbox 1974 4513 2019 4576; x_wconf 83' lang='lat' dir='ltr'>D</span> <span class='ocrx_word' id='word_1_661' title='bbox 2052 4529 2148 4594; x_wconf 91' lang='lat' dir='ltr'><strong>qui</strong></span> <span class='ocrx_word' id='word_1_662' title='bbox 2187 4527 2429 4581; x_wconf 82' lang='lat' dir='ltr'><strong>simulat</strong></span> <span class='ocrx_word' id='word_1_663' title='bbox 2462 4529 2877 4595; x_wconf 79' lang='lat' dir='ltr'><strong>innocentiam,</strong></span> <span class='ocrx_word' id='word_1_664' title='bbox 2915 4530 3234 4600; x_wconf 86' lang='lat' dir='ltr'><strong>pessimum</strong></span> <span class='ocrx_word' id='word_1_665' title='bbox 3264 4528 3513 4583; x_wconf 88' lang='lat' dir='ltr'><strong>amicum</strong></span> <span class='ocrx_word' id='word_1_666' title='bbox 3565 4546 3695 4600; x_wconf 89' lang='lat' dir='ltr'><strong>per-</strong></span> 
     </span>
    </p>
   </div>
   <div class='ocr_carea' id='block_1_94' title="bbox 287 4617 1932 4686">
    <p class='ocr_par' dir='ltr' id='par_1_94' title="bbox 287 4617 1932 4686">
     <span class='ocr_line' id='line_1_94' title="bbox 287 4617 1932 4686; baseline -0.002 -13"><span class='ocrx_word' id='word_1_667' title='bbox 287 4620 353 4673; x_wconf 87' lang='lat' dir='ltr'><strong>in</strong></span> <span class='ocrx_word' id='word_1_668' title='bbox 389 4620 560 4673; x_wconf 90' lang='lat' dir='ltr'><strong>corde</strong></span> <span class='ocrx_word' id='word_1_669' title='bbox 594 4624 693 4673; x_wconf 90' lang='lat' dir='ltr'><strong>tuo</strong></span> <span class='ocrx_word' id='word_1_670' title='bbox 731 4618 1053 4671; x_wconf 81' lang='lat' dir='ltr'><strong>maximum</strong></span> <span class='ocrx_word' id='word_1_671' title='bbox 1086 4618 1388 4686; x_wconf 84' lang='lat' dir='ltr'><strong>suspicor;</strong></span> <span class='ocrx_word' id='word_1_672' title='bbox 1424 4618 1507 4670; x_wconf 94' lang='lat' dir='ltr'><strong>vel</strong></span> <span class='ocrx_word' id='word_1_673' title='bbox 1542 4620 1736 4685; x_wconf 89' lang='lat' dir='ltr'><strong>potius</strong></span> <span class='ocrx_word' id='word_1_674' title='bbox 1766 4617 1932 4671; x_wconf 88' lang='lat' dir='ltr'><strong>intel-</strong></span> 
     </span>
    </p>
   </div>
   <div class='ocr_carea' id='block_1_95' title="bbox 282 4706 1939 4777">
    <p class='ocr_par' dir='ltr' id='par_1_95' title="bbox 282 4706 1939 4777">
     <span class='ocr_line' id='line_1_95' title="bbox 282 4706 1939 4777; baseline 0 -16"><span class='ocrx_word' id='word_1_675' title='bbox 282 4708 404 4777; x_wconf 76' lang='lat' dir='ltr'><strong>ligo</strong></span> <span class='ocrx_word' id='word_1_676' title='bbox 435 4726 504 4763; x_wconf 84' lang='lat' dir='ltr'><strong>ex</strong></span> <span class='ocrx_word' id='word_1_677' title='bbox 535 4713 689 4763; x_wconf 87' lang='lat' dir='ltr'><strong>certa</strong></span> <span class='ocrx_word' id='word_1_678' title='bbox 723 4725 902 4762; x_wconf 86' lang='lat' dir='ltr'><strong>causa</strong></span> <span class='ocrx_word' id='word_1_679' title='bbox 932 4706 1068 4761; x_wconf 89' lang='lat' dir='ltr'><strong>talis</strong></span> <span class='ocrx_word' id='word_1_680' title='bbox 1099 4708 1241 4771; x_wconf 88' lang='lat' dir='ltr'><strong>odii,</strong></span> <span class='ocrx_word' id='word_1_681' title='bbox 1276 4707 1579 4771; x_wconf 89' lang='lat' dir='ltr'><strong>memoria,</strong></span> <span class='ocrx_word' id='word_1_682' title='bbox 1615 4724 1741 4777; x_wconf 69' lang='lat' dir='ltr'><strong>qum</strong></span> <span class='ocrx_word' id='word_1_683' title='bbox 1777 4706 1833 4759; x_wconf 90' lang='lat' dir='ltr'><strong>in</strong></span> <span class='ocrx_word' id='word_1_684' title='bbox 1888 4713 1939 4761; x_wconf 88' lang='lat' dir='ltr'><strong>te</strong></span> 
     </span>
    </p>
   </div>
   <div class='ocr_carea' id='block_1_96' title="bbox 277 4795 1935 4867">
    <p class='ocr_par' dir='ltr' id='par_1_96' title="bbox 277 4795 1935 4867">
     <span class='ocr_line' id='line_1_96' title="bbox 277 4795 1935 4867; baseline -0.001 -15"><span class='ocrx_word' id='word_1_685' title='bbox 277 4799 442 4867; x_wconf 88' lang='lat' dir='ltr'><strong>viget</strong></span> <span class='ocrx_word' id='word_1_686' title='bbox 474 4797 674 4851; x_wconf 91' lang='lat' dir='ltr'><strong>damni</strong></span> <span class='ocrx_word' id='word_1_687' title='bbox 703 4815 735 4850; x_wconf 90' lang='lat' dir='ltr'><strong>a</strong></span> <span class='ocrx_word' id='word_1_688' title='bbox 770 4814 859 4851; x_wconf 93' lang='lat' dir='ltr'><strong>me</strong></span> <span class='ocrx_word' id='word_1_689' title='bbox 890 4795 1056 4851; x_wconf 89' lang='lat' dir='ltr'><strong>illati.</strong></span> <span class='ocrx_word' id='word_1_690' title='bbox 1084 4796 1197 4852; x_wconf 90' lang='lat' dir='ltr'><strong>Nec</strong></span> <span class='ocrx_word' id='word_1_691' title='bbox 1229 4796 1535 4850; x_wconf 89' lang='lat' dir='ltr'><strong>remissior</strong></span> <span class='ocrx_word' id='word_1_692' title='bbox 1567 4796 1832 4850; x_wconf 82' lang='lat' dir='ltr'><strong>fortassis</strong></span> <span class='ocrx_word' id='word_1_693' title='bbox 1880 4796 1935 4851; x_wconf 91' lang='lat' dir='ltr'><strong>in</strong></span> 
     </span>
    </p>
   </div>
   <div class='ocr_carea' id='block_1_97' title="bbox 278 4884 1935 4956">
    <p class='ocr_par' dir='ltr' id='par_1_97' title="bbox 278 4884 1935 4956">
     <span class='ocr_line' id='line_1_97' title="bbox 278 4884 1935 4956; baseline -0.002 -14"><span class='ocrx_word' id='word_1_694' title='bbox 278 4905 411 4943; x_wconf 85' lang='lat' dir='ltr'><strong>meo</strong></span> <span class='ocrx_word' id='word_1_695' title='bbox 468 4893 700 4956; x_wconf 88' lang='lat' dir='ltr'><strong>pectore</strong></span> <span class='ocrx_word' id='word_1_696' title='bbox 759 4886 944 4940; x_wconf 89' lang='lat' dir='ltr'><strong>fomes</strong></span> <span class='ocrx_word' id='word_1_697' title='bbox 1003 4884 1323 4940; x_wconf 74' lang='lat' dir='ltr'><strong>eversionis</strong></span> <span class='ocrx_word' id='word_1_698' title='bbox 1374 4902 1407 4938; x_wconf 88' lang='lat' dir='ltr'><strong>a</strong></span> <span class='ocrx_word' id='word_1_699' title='bbox 1455 4889 1511 4937; x_wconf 82' lang='lat' dir='ltr'><strong>te</strong></span> <span class='ocrx_word' id='word_1_700' title='bbox 1573 4885 1737 4953; x_wconf 88' lang='lat' dir='ltr'><strong>vivit,</strong></span> <span class='ocrx_word' id='word_1_701' title='bbox 1796 4885 1935 4938; x_wconf 89' lang='lat' dir='ltr'><strong>dum</strong></span> 
     </span>
    </p>
   </div>
   <div class='ocr_carea' id='block_1_98' title="bbox 280 4973 1936 5043">
    <p class='ocr_par' dir='ltr' id='par_1_98' title="bbox 280 4973 1936 5043">
     <span class='ocr_line' id='line_1_98' title="bbox 280 4973 1936 5043; baseline -0.004 -12"><span class='ocrx_word' id='word_1_702' title='bbox 280 4976 559 5031; x_wconf 77' lang='lat' dir='ltr'><strong>recordor</strong></span> <span class='ocrx_word' id='word_1_703' title='bbox 588 4975 877 5029; x_wconf 86' lang='lat' dir='ltr'><strong>interfecti</strong></span> <span class='ocrx_word' id='word_1_704' title='bbox 911 4974 1067 5028; x_wconf 91' lang='lat' dir='ltr'><strong>domi</strong></span> <span class='ocrx_word' id='word_1_705' title='bbox 1100 4982 1209 5028; x_wconf 56' lang='lat' dir='ltr'><strong>tuas</strong></span> <span class='ocrx_word' id='word_1_706' title='bbox 1242 4973 1352 5028; x_wconf 90' lang='lat' dir='ltr'><strong>mei</strong></span> <span class='ocrx_word' id='word_1_707' title='bbox 1380 4974 1522 5043; x_wconf 89' lang='lat' dir='ltr'><strong>pulli</strong></span> <span class='ocrx_word' id='word_1_708' title='bbox 1560 4991 1590 5027; x_wconf 90' lang='lat' dir='ltr'><strong>a</strong></span> <span class='ocrx_word' id='word_1_709' title='bbox 1642 4978 1741 5027; x_wconf 91' lang='lat' dir='ltr'><strong>tuo</strong></span> <span class='ocrx_word' id='word_1_710' title='bbox 1795 4974 1936 5039; x_wconf 85' lang='lat' dir='ltr'><strong>filio,</strong></span> 
     </span>
    </p>
   </div>
   <div class='ocr_carea' id='block_1_99' title="bbox 274 5062 1937 5133">
    <p class='ocr_par' dir='ltr' id='par_1_99' title="bbox 274 5062 1937 5133">
     <span class='ocr_line' id='line_1_99' title="bbox 274 5062 1937 5133; baseline -0.003 -11"><span class='ocrx_word' id='word_1_711' title='bbox 274 5084 349 5122; x_wconf 81' lang='lat' dir='ltr'><strong>ex</strong></span> <span class='ocrx_word' id='word_1_712' title='bbox 382 5081 513 5119; x_wconf 90' lang='lat' dir='ltr'><strong>mea</strong></span> <span class='ocrx_word' id='word_1_713' title='bbox 544 5065 904 5119; x_wconf 89' lang='lat' dir='ltr'><strong>conscientia</strong></span> <span class='ocrx_word' id='word_1_714' title='bbox 932 5065 1002 5117; x_wconf 88' lang='lat' dir='ltr'><strong>de</strong></span> <span class='ocrx_word' id='word_1_715' title='bbox 1034 5071 1087 5117; x_wconf 90' lang='lat' dir='ltr'><strong>te</strong></span> <span class='ocrx_word' id='word_1_716' title='bbox 1110 5064 1335 5132; x_wconf 90' lang='lat' dir='ltr'><strong>judico,</strong></span> <span class='ocrx_word' id='word_1_717' title='bbox 1389 5062 1679 5133; x_wconf 89' lang='lat' dir='ltr'><strong>planeque</strong></span> <span class='ocrx_word' id='word_1_718' title='bbox 1731 5080 1937 5117; x_wconf 88' lang='lat' dir='ltr'><strong>censeo</strong></span> 
     </span>
    </p>
   </div>
   <div class='ocr_carea' id='block_1_100' title="bbox 276 5152 1933 5225">
    <p class='ocr_par' dir='ltr' id='par_1_100' title="bbox 276 5152 1933 5225">
     <span class='ocr_line' id='line_1_100' title="bbox 276 5152 1933 5225; baseline -0.004 -14"><span class='ocrx_word' id='word_1_719' title='bbox 276 5172 389 5211; x_wconf 85' lang='lat' dir='ltr'><strong>nec</strong></span> <span class='ocrx_word' id='word_1_720' title='bbox 416 5154 517 5209; x_wconf 89' lang='lat' dir='ltr'><strong>tibi</strong></span> <span class='ocrx_word' id='word_1_721' title='bbox 541 5154 812 5225; x_wconf 81' lang='lat' dir='ltr'><strong>expedire</strong></span> <span class='ocrx_word' id='word_1_722' title='bbox 839 5171 939 5207; x_wconf 87' lang='lat' dir='ltr'><strong>nec</strong></span> <span class='ocrx_word' id='word_1_723' title='bbox 969 5152 1111 5207; x_wconf 90' lang='lat' dir='ltr'><strong>mihi</strong></span> <span class='ocrx_word' id='word_1_724' title='bbox 1136 5169 1241 5206; x_wconf 89' lang='lat' dir='ltr'><strong>nos</strong></span> <span class='ocrx_word' id='word_1_725' title='bbox 1265 5153 1542 5223; x_wconf 85' lang='lat' dir='ltr'><strong>deinceps</strong></span> <span class='ocrx_word' id='word_1_726' title='bbox 1568 5169 1683 5206; x_wconf 91' lang='lat' dir='ltr'><strong>una</strong></span> <span class='ocrx_word' id='word_1_727' title='bbox 1706 5152 1933 5221; x_wconf 85' lang='lat' dir='ltr'><strong>degere.</strong></span> 
     </span>
    </p>
   </div>
   <div class='ocr_carea' id='block_1_101' title="bbox 2050 4617 3694 4689">
    <p class='ocr_par' dir='ltr' id='par_1_101' title="bbox 2050 4617 3694 4689">
     <span class='ocr_line' id='line_1_101' title="bbox 2050 4617 3694 4689; baseline 0.001 -18"><span class='ocrx_word' id='word_1_728' title='bbox 2050 4617 2349 4681; x_wconf 81' lang='lat' dir='ltr'><strong>ﬁdiosum,</strong></span> <span class='ocrx_word' id='word_1_729' title='bbox 2398 4617 2717 4685; x_wconf 87' lang='lat' dir='ltr'><strong>pessimum</strong></span> <span class='ocrx_word' id='word_1_730' title='bbox 2770 4618 3064 4672; x_wconf 88' lang='lat' dir='ltr'><strong>civitatem</strong></span> <span class='ocrx_word' id='word_1_731' title='bbox 3116 4618 3467 4673; x_wconf 83' lang='lat' dir='ltr'><strong>seditionum</strong></span> <span class='ocrx_word' id='word_1_732' title='bbox 3519 4636 3694 4689; x_wconf 83' lang='lat' dir='ltr'><strong>appa-</strong></span> 
     </span>
    </p>
   </div>
   <div class='ocr_carea' id='block_1_102' title="bbox 2050 4705 3692 4776">
    <p class='ocr_par' dir='ltr' id='par_1_102' title="bbox 2050 4705 3692 4776">
     <span class='ocr_line' id='line_1_102' title="bbox 2050 4705 3692 4776; baseline 0.002 -17"><span class='ocrx_word' id='word_1_733' title='bbox 2050 4705 2276 4759; x_wconf 86' lang='lat' dir='ltr'><strong>ratibus</strong></span> <span class='ocrx_word' id='word_1_734' title='bbox 2312 4711 2655 4772; x_wconf 85' lang='lat' dir='ltr'><strong>tumentem,</strong></span> <span class='ocrx_word' id='word_1_735' title='bbox 2694 4708 2865 4776; x_wconf 85' lang='lat' dir='ltr'><strong>cujus</strong></span> <span class='ocrx_word' id='word_1_736' title='bbox 2898 4707 3049 4761; x_wconf 78' lang='lat' dir='ltr'><strong>cives</strong></span> <span class='ocrx_word' id='word_1_737' title='bbox 3082 4709 3249 4762; x_wconf 84' lang='lat' dir='ltr'><strong>anxie</strong></span> <span class='ocrx_word' id='word_1_738' title='bbox 3296 4708 3480 4762; x_wconf 85' lang='lat' dir='ltr'><strong>vivere</strong></span> <span class='ocrx_word' id='word_1_739' title='bbox 3532 4714 3588 4762; x_wconf 87' lang='lat' dir='ltr'><strong>et</strong></span> <span class='ocrx_word' id='word_1_740' title='bbox 3635 4708 3692 4763; x_wconf 92' lang='lat' dir='ltr'><strong>in</strong></span> 
     </span>
    </p>
   </div>
   <div class='ocr_carea' id='block_1_103' title="bbox 2049 4794 3693 4867">
    <p class='ocr_par' dir='ltr' id='par_1_103' title="bbox 2049 4794 3693 4867">
     <span class='ocr_line' id='line_1_103' title="bbox 2049 4794 3693 4867; baseline 0.002 -19"><span class='ocrx_word' id='word_1_741' title='bbox 2049 4794 2225 4848; x_wconf 86' lang='lat' dir='ltr'><strong>horas</strong></span> <span class='ocrx_word' id='word_1_742' title='bbox 2278 4799 2536 4848; x_wconf 83' lang='lat' dir='ltr'><strong>extrema</strong></span> <span class='ocrx_word' id='word_1_743' title='bbox 2582 4796 2894 4850; x_wconf 88' lang='lat' dir='ltr'><strong>formidare</strong></span> <span class='ocrx_word' id='word_1_744' title='bbox 2936 4812 3172 4850; x_wconf 84' lang='lat' dir='ltr'><strong>necesse</strong></span> <span class='ocrx_word' id='word_1_745' title='bbox 3225 4796 3320 4851; x_wconf 88' lang='lat' dir='ltr'><strong>sit.</strong></span> <span class='ocrx_word' id='word_1_746' title='bbox 3372 4798 3463 4851; x_wconf 87' lang='lat' dir='ltr'><strong>Sic</strong></span> <span class='ocrx_word' id='word_1_747' title='bbox 3504 4804 3558 4851; x_wconf 90' lang='lat' dir='ltr'><strong>et</strong></span> <span class='ocrx_word' id='word_1_748' title='bbox 3588 4815 3693 4867; x_wconf 78' lang='lat' dir='ltr'><strong>ego</strong></span> 
     </span>
    </p>
   </div>
   <div class='ocr_carea' id='block_1_104' title="bbox 2047 4884 3691 4954">
    <p class='ocr_par' dir='ltr' id='par_1_104' title="bbox 2047 4884 3691 4954">
     <span class='ocr_line' id='line_1_104' title="bbox 2047 4884 3691 4954; baseline 0.001 -16"><span class='ocrx_word' id='word_1_749' title='bbox 2047 4884 2198 4954; x_wconf 89' lang='lat' dir='ltr'><strong>apud</strong></span> <span class='ocrx_word' id='word_1_750' title='bbox 2234 4888 2286 4938; x_wconf 92' lang='lat' dir='ltr'><strong>te</strong></span> <span class='ocrx_word' id='word_1_751' title='bbox 2322 4900 2564 4937; x_wconf 88' lang='lat' dir='ltr'><strong>manens</strong></span> <span class='ocrx_word' id='word_1_752' title='bbox 2596 4901 2824 4954; x_wconf 80' lang='lat' dir='ltr'><strong>semper</strong></span> <span class='ocrx_word' id='word_1_753' title='bbox 2853 4902 3042 4939; x_wconf 87' lang='lat' dir='ltr'><strong>essem</strong></span> <span class='ocrx_word' id='word_1_754' title='bbox 3087 4885 3314 4940; x_wconf 87' lang='lat' dir='ltr'><strong>anxius.</strong></span> <span class='ocrx_word' id='word_1_755' title='bbox 3350 4887 3417 4939; x_wconf 84' lang='lat' dir='ltr'><strong>Et</strong></span> <span class='ocrx_word' id='word_1_756' title='bbox 3464 4886 3559 4941; x_wconf 85' lang='lat' dir='ltr'><strong>his</strong></span> <span class='ocrx_word' id='word_1_757' title='bbox 3606 4888 3691 4940; x_wconf 86' lang='lat' dir='ltr'><strong>di-</strong></span> 
     </span>
    </p>
   </div>
   <div class='ocr_carea' id='block_1_105' title="bbox 2050 4970 3694 5045">
    <p class='ocr_par' dir='ltr' id='par_1_105' title="bbox 2050 4970 3694 5045">
     <span class='ocr_line' id='line_1_105' title="bbox 2050 4970 3694 5045; baseline 0 -19"><span class='ocrx_word' id='word_1_758' title='bbox 2050 4972 2157 5026; x_wconf 86' lang='lat' dir='ltr'><strong>ctis</strong></span> <span class='ocrx_word' id='word_1_759' title='bbox 2214 4970 2479 5035; x_wconf 85' lang='lat' dir='ltr'><strong>evolavit,</strong></span> <span class='ocrx_word' id='word_1_760' title='bbox 2533 4972 2731 5026; x_wconf 89' lang='lat' dir='ltr'><strong>relicto</strong></span> <span class='ocrx_word' id='word_1_761' title='bbox 2783 4975 3010 5028; x_wconf 90' lang='lat' dir='ltr'><strong>cunctis</strong></span> <span class='ocrx_word' id='word_1_762' title='bbox 3060 4976 3320 5045; x_wconf 82' lang='lat' dir='ltr'><strong>exemplo</strong></span> <span class='ocrx_word' id='word_1_763' title='bbox 3369 4976 3589 5029; x_wconf 83' lang='lat' dir='ltr'><strong>salubri</strong></span> <span class='ocrx_word' id='word_1_764' title='bbox 3639 4982 3694 5028; x_wconf 81' lang='lat' dir='ltr'><strong>et</strong></span> 
     </span>
    </p>
   </div>
   <div class='ocr_carea' id='block_1_106' title="bbox 2048 5062 3692 5135">
    <p class='ocr_par' dir='ltr' id='par_1_106' title="bbox 2048 5062 3692 5135">
     <span class='ocr_line' id='line_1_106' title="bbox 2048 5062 3692 5135; baseline 0.001 -20"><span class='ocrx_word' id='word_1_765' title='bbox 2048 5062 2513 5133; x_wconf 78' lang='lat' dir='ltr'><strong>prudentissimo</strong></span> <span class='ocrx_word' id='word_1_766' title='bbox 2541 5062 2809 5125; x_wconf 83' lang='lat' dir='ltr'><strong>consilio,</strong></span> <span class='ocrx_word' id='word_1_767' title='bbox 2847 5081 3146 5135; x_wconf 87' lang='lat' dir='ltr'><strong>nunquam</strong></span> <span class='ocrx_word' id='word_1_768' title='bbox 3182 5065 3251 5118; x_wconf 87' lang='lat' dir='ltr'><strong>iis</strong></span> <span class='ocrx_word' id='word_1_769' title='bbox 3285 5065 3501 5118; x_wconf 81' lang='lat' dir='ltr'><strong>fidendi</strong></span> <span class='ocrx_word' id='word_1_770' title='bbox 3548 5081 3692 5134; x_wconf 88' lang='lat' dir='ltr'><strong>quos</strong></span> 
     </span>
    </p>
   </div>
   <div class='ocr_carea' id='block_1_107' title="bbox 2053 5150 2285 5204">
    <p class='ocr_par' dir='ltr' id='par_1_107' title="bbox 2053 5150 2285 5204">
     <span class='ocr_line' id='line_1_107' title="bbox 2053 5150 2285 5204; baseline -0.004 -1"><span class='ocrx_word' id='word_1_771' title='bbox 2053 5150 2285 5204; x_wconf 69' lang='lat' dir='ltr'><strong>laeseris.</strong></span> 
     </span>
    </p>
   </div>
  </div>
