3984 6202
358 298 498 354 1339

1859 290 2252 345 APPENDIX.

3643 289 3776 346 1340

1460 467 1984 527 DISSEBTATIO
2030 466 2527 530 PARABOLICA
2573 469 2646 530 Χ.

374 605 658 662 Versatur
680 599 741 657 in
772 597 1144 678 explicandis
1167 594 1493 678 fraudibus
1524 591 1992 678 insidiosissimis
2022 591 2362 678 invido-rum
2393 593 2616 673 quibus
2646 594 2984 678 innocentes
3011 603 3066 654 et
3094 593 3247 675 ﬁdos
3277 597 3522 674 regibus
3565 599 3770 659 mms-

434 690 556 740 tros
599 671 932 760 pervertere
979 671 1294 760 conantur,
1349 675 1631 736 indicatis
1677 674 1858 760 simul
1905 671 2234 760 rationibus
2263 674 2338 733 iis
2378 671 2751 748 decurrendi,
2784 686 2836 736 et
2868 675 2930 736 υἱ
2959 671 3235 737 veritatis
3265 671 3770 741 ac'sanclz’mom'z

434 755 626 822 omnes
656 760 900 822 malitiae
929 768 1171 821 conatus
1198 757 1279 820 ad
1305 771 1628 818 ex!remmn
1659 755 1994 816 cluctantz’s.

423 898 545 955 Sub
578 897 700 952 haec
726 895 884 967 loqui
917 894 1169 950 cessanti
1211 891 1733 965 gymnosophistae,
1783 905 1882 944 rex
1925 893 2002 942 A-
2030 891 2085 957 Α
2117 888 2293 944 thois.
2327 891 2516 954 Quare
2542 888 2628 944 illi
2663 892 2732 945 ad
2768 908 2830 947 se
2865 896 3067 947 vocato
3120 892 3267 948 dixit
3321 909 3334 947 :

356 985 678 1051 bessalom,
712 984 942 1053 Audivi,
976 985 1081 1049 ait,
1112 987 1168 1038 et
1197 985 1374 1054 probo
1407 998 1534 1052 qua:
1575 981 1645 1035 de
1699 995 2005 1050 nunquam

356 1077 711 1133 resumenda
741 1074 994 1146 graviter
1025 1070 1230 1127 offensi
1280 1070 1675 1124 familiaritate
1721 1067 2004 1135 docuisti;

360 1182 633 1239 cuperem
671 1169 863 1219 autem
898 1163 1122 1217 discere
1154 1161 1258 1216 abs
1290 1166 1343 1214 te
1375 1176 1445 1214 an
1480 1175 1595 1212 non
1629 1160 1894 1228 oporteat
1925 1157 2008 1212 in-

354 1256 587 1311 terdum
621 1253 742 1308 dari
775 1269 1037 1320 operam,
1075 1250 1324 1305 maxime
1355 1266 1388 1303 a
1420 1248 1678 1319 regibus,
1716 1251 1779 1300 ut
1810 1262 2008 1300 recon-

356 1341 826 1413 cilienturipsis,
881 1346 938 1396 et
988 1340 1046 1394 in
1100 1339 1350 1411 priorem
1399 1338 1596 1409 gratias
1649 1337 2007 1407 reponantur

351 1434 544 1490 locum
577 1434 614 1487 ii
649 1448 798 1503 quos
827 1447 1019 1485 errore
1054 1430 1307 1501 quodam
1359 1425 1836 1481 abalienaverint.
1889 1425 2003 1478 Su-

354 1543 456 1598 per
481 1541 546 1582 eo
579 1526 920 1593 argumento
943 1517 1424 1592 gymnosophista
1449 1515 1736 1570 disserere
1760 1514 1913 1568 hunc
1939 1513 2000 1568 in

355 1614 593 1669 modum
623 1617 712 1667 est
741 1627 984 1666 exorsus
1017 1626 1030 1663 :

427 1702 470 1758 Ι.
506 1701 635 1757 Fuit
669 1701 723 1754 in
759 1699 1010 1770 quadam
1034 1696 1180 1752 silva
1206 1696 1417 1751 referta
1443 1694 1652 1750 belluis
1679 1693 1831 1748 inter
1854 1691 1999 1747 alias

350 1791 483 1848 thos
515 1790 776 1862 quidam,
810 1789 943 1843 vitae
975 1785 1274 1858 proposito
1305 1784 1470 1840 valde
1501 1783 1768 1839 diversus
1805 1783 1877 1837 ab
1926 1783 2000 1837 iis

351 1879 706 1953 quibuscum
722 1878 849 1932 vitae
864 1893 929 1934 ac
947 1880 1166 1932 naturae
1185 1875 1598 1930 communione
1614 1871 1996 1952 jungebatur.

351 1969 504 2024 Mitis
536 1971 692 2024 enim
725 1969 849 2022 erat
900 1972 957 2022 et
1010 1969 1362 2038 temperans,
1418 1968 1624 2034 praeter
1673 1977 1889 2016 morem
1943 1964 2000 2017 et

349 2059 554 2114 thoum
588 2059 1015 2126 caeterorum,et
1046 2071 1178 2110 eum
1213 2053 1308 2107 his
1341 2052 1541 2124 aliqua
1573 2067 1640 2106 ex
1673 2055 1837 2122 parte
1869 2067 2002 2105 con-

348 2148 705 2204 venientium
741 2144 1283 2216 vulpium,quorum
1317 2142 1578 2198 omnium
1604 2139 1998 2212 grassationes

348 2241 406 2292 et
438 2236 826 2292 helluationes
858 2234 1229 2306 quotidianas
1268 2231 1487 2286 innoxii
1540 2228 1846 2302 sanguinis
1899 2230 1997 2283 de-
2027 2269 2072 2330 Β

347 2329 575 2381 testans
608 2323 963 2390 intuebatur,
987 2336 1246 2392 cousque
1282 2337 1394 2374 non
1427 2318 1716 2374 obnoxius
1767 2317 1994 2388 cupidi-

343 2415 568 2471 tatibus
600 2413 766 2483 gulze,
801 2416 863 2468 ut
890 2412 1038 2467 ultro
1071 2411 1391 2466 abstineret
1422 2409 1662 2464 omnino
1695 2406 1991 2475 carnibus,

341 2510 396 2560 et
429 2503 680 2558 naturali
727 2502 995 2558 vescendi
1052 2499 1398 2556 necessitate
1442 2497 1641 2553 herbis
1691 2514 1756 2551 ac
1802 2496 1994 2566 pomis

341 2595 778 2664 defungeretur.
812 2597 931 2645 Hoc
982 2589 1210 2644 vivendi
1262 2605 1447 2660 genus
1498 2588 1554 2641 in
1631 2585 1820 2641 medio
1870 2590 1990 2639 tam

344 2680 728 2737 dissimilium
764 2679 1190 2751 exemplorum,
1215 2676 1478 2732 omnium
1513 2677 1570 2730 in
1602 2674 1761 2729 hunc
1793 2673 1992 2730 oculos

343 2776 400 2826 et
431 2770 752 2827 multorum
786 2768 1065 2825 invidiam
1092 2765 1537 2824 convertit.Irati
1563 2764 1778 2837 pariter
1801 2764 1990 2834 thoes,

346 2858 571 2931 vulpes,
607 2859 730 2930 lupi
762 2858 1072 2930 ceterique
1128 2855 1390 2928 plurimi,
1440 2871 1595 2910 nunc
1644 2852 1991 2926 singillatim

344 2951 715 3015 conventum,
751 2964 905 3002 nunc
938 2963 1106 3002 manu
1146 2946 1296 3001 facta
1327 2944 1782 3009 circumdatum,
1831 2958 1989 2997 acer-

339 3039 411 3094 be
441 3037 843 3108 increpabant,
876 3034 1470 3105 denuntiantes,haud
1505 3031 1625 3105 pati
1658 3047 1786 3088 sese
1819 3048 1991 3104 posse

341 3128 535 3200 ipsum
571 3143 753 3183 unum
787 3125 931 3182 velle
961 3124 1140 3181 videri
1174 3141 1376 3196 sapere
1409 3123 1539 3195 plus
1572 3139 1746 3194 quam
1795 3120 1989 3176 cuncti

342 3219 614 3288 saperent
645 3215 1068 3283 alii;minantes
1099 3213 1273 3270 etiam
1307 3229 1368 3267 se
1399 3211 1669 3279 illlum,si
1705 3214 1984 3282 pergeret,

344 3323 656 3376 congressu
685 3303 1049 3376 prohibitum
1081 3303 1366 3375 ipsorum,
1397 3319 1498 3372 pro
1530 3302 1805 3371 tranfuga
1838 3301 1986 3355 ritus

338 3395 512 3469 patrii
545 3412 610 3450 ac
643 3393 916 3465 degeneri
951 3392 1246 3464 proditore
1278 3391 1730 3463 proscripturos;
1751 3390 1989 3444 omitte-

339 3491 425 3540 ret
457 3485 636 3556 igitur
663 3481 1000 3555 peregrinos
1033 3498 1245 3548 mores,
1293 3484 1350 3535 et
1395 3479 1523 3534 vale
1571 3479 1722 3534 dicto
1773 3478 1985 3534 intem-

338 3573 572 3646 pestivas
605 3571 1012 3645 philosophiae,
1063 3585 1264 3625 eorum
1315 3569 1590 3624 instituta
1638 3572 1987 3639 sequeretur

3388 894 3651 956 Vastum.
3707 903 3767 952 ut

2116 978 2299 1044 vides,
2333 983 2389 1033 et
2417 996 2550 1032 cum
2586 980 2982 1046 subditorum,
3019 985 3143 1036 tum
3182 983 3542 1054 negotiorum
3576 1003 3757 1056 gene-

2115 1067 2278 1121 ribus
2305 1069 2528 1122 varium
2560 1085 2802 1139 regnum
2839 1068 2946 1124 hoc
2982 1085 3175 1124 gieum
3213 1076 3319 1134 est,
3351 1074 3489 1128 unde
3520 1076 3590 1127 ad
3623 1076 3758 1144 ejus

2112 1156 2597 1227 gubernationem
2630 1173 2768 1228 egeo
2803 1157 2990 1212 fidelis
3017 1175 3082 1213 ac
3116 1160 3418 1230 prudentis
3447 1179 3611 1232 opera
3642 1164 3751 1217 mi-

2113 1245 2280 1300 nistri
2317 1261 2330 1300 :
2361 1245 2582 1300 dudum
2617 1252 2705 1301 est
2735 1264 2866 1301 cum
2904 1247 3079 1302 talem
3114 1265 3334 1319 quaero,
3369 1255 3423 1304 et
3472 1253 3753 1322 reperisse

2110 1334 2170 1387 in
2202 1339 2257 1387 te
2288 1333 2457 1388 hodie
2491 1334 2630 1388 mihi
2674 1335 2890 1392 videor.
2925 1339 3182 1407 Cogitavi
3216 1356 3350 1408 ergo
3384 1345 3439 1394 te
3472 1342 3762 1409 praeﬁcere

2110 1441 2345 1478 summa
2377 1441 2505 1479 cum
2542 1429 2830 1496 potestate
2861 1427 3358 1484 administrationi
3407 1431 3769 1502 reipublice,

2108 1530 2290 1586 eoque
2319 1530 2432 1583 me,
2462 1519 2670 1586 praeter
2703 1515 3038 1587 utilitatem,
3073 1518 3332 1571 ofﬁcium
3367 1517 3622 1590 impellit
3657 1537 3770 1591 quo

2107 1620 2272 1673 reges
2323 1607 2594 1658 tenemur
2647 1605 2934 1659 virtutum
2991 1607 3492 1664 honorandarum.
3545 1607 3772 1680 Oppro-

2105 1693 2299 1748 brium
2333 1698 2424 1747 est
2455 1693 2736 1764 principis
2771 1711 2904 1749 cum
2939 1695 3070 1766 quis
3103 1696 3211 1765 ipsi
3246 1695 3561 1768 subjectus
3588 1698 3774 1753 laudi-

2106 1782 2217 1836 bus
2243 1781 2528 1836 excellens
2551 1783 2709 1853 jacet
2738 1781 2795 1837 in
2833 1785 3089 1839 tenebris
3117 1801 3182 1839 ac
3214 1786 3495 1840 sordibus
3542 1803 3556 1840 :
3607 1789 3772 1842 dotes

2105 1871 2231 1926 ista:
2264 1876 2377 1925 tua:
2411 1870 2697 1941 praeclare
2731 1871 3004 1943 plurimis
3036 1873 3280 1945 proponi
3316 1874 3390 1927 ad
3434 1874 3769 1946 exemplum

2105 1961 2338 2029 debent,
2373 1961 2660 2032 adeoque,
2696 1966 2759 2015 ut
2786 1961 2906 2016 sint
2956 1963 3129 2034 vulgo
3177 1963 3538 2035 conspicua,
3589 1964 3769 2019 collo-

2105 2051 2304 2104 caudae
2337 2050 2392 2103 in
2427 2066 2558 2104 arce
2591 2050 2841 2121 quadam
2878 2068 2940 2105 ac
2977 2051 3209 2122 fastigio
3240 2053 3488 2108 excelse
3521 2054 3772 2124 dignita-

2105 2141 2199 2194 tis.
2227 2140 2309 2194 Ad
2344 2156 2408 2193 ea
2441 2139 2572 2194 thos
2606 2139 2907 2211 respondit
2942 2158 2956 2196 :
2991 2141 3174 2212 Reges
3205 2142 3481 2197 convenit
3524 2142 3771 2198 volenti-

2105 2229 2214 2284 bus
2280 2228 2570 2283 ministris
2637 2229 2741 2293 uti,
2802 2229 3035 2300 adigere
3102 2228 3322 2300 quippe
3395 2231 3640 2297 invitos,
3707 2249 3767 2287 ac

2103 2324 2495 2390 repugnantes
2528 2318 2759 2372 trahere
2786 2319 2854 2373 ad
2890 2319 3221 2374 functiones
3266 2322 3675 2391 capessendas
3724 2340 3757 2378 δ.

2103 2407 2320 2477 quibus
2351 2407 2943 2473 abhorrent,noxium
2969 2408 3216 2480 negotiis
3258 2408 3407 2479 ipsis
3461 2417 3574 2479 est,
3628 2429 3758 2482 qua:

2102 2498 2185 2552 sic
2229 2497 2300 2550 ab
2349 2496 2462 2551 alio
2522 2496 2762 2551 attentis
2823 2496 3177 2566 negligenter
3236 2500 3757 2558 transmittuntur.

2101 2588 2291 2644 Meum
2327 2603 2498 2658 porro
2531 2587 2832 2657 ingenium
2862 2587 3124 2644 immane
3155 2596 3450 2660 quantum
3487 2592 3766 2648 abhorret

2101 2695 2133 2733 a
2163 2677 2421 2732 tumultu
2451 2676 2576 2731 vita:
2609 2675 2831 2732 aulicae.
2856 2678 3003 2733 Cum
3035 2694 3170 2749 ergo
3199 2681 3329 2745 tibi,
3365 2698 3487 2745 rex,
3518 2699 3632 2737 non
3669 2684 3764 2737 de-

2100 2766 2364 2833 sint,imo
2396 2765 2721 2830 abundent,
2756 2766 2853 2838 qui
2889 2783 3002 2821 non
3038 2766 3232 2822 solum
3267 2769 3524 2825 libenter
3558 2789 3755 2827 susce-

2102 2856 2255 2929 pturi
2289 2855 2536 2924 sint,sed
2569 2855 2667 2926 qui
2701 2855 3075 2911 vehementer
3104 2863 3308 2928 optent
3339 2865 3397 2914 et
3423 2859 3621 2932 palam
3644 2878 3762 2916 am-

2097 2944 2264 3000 biant
2295 2945 2562 3016 speciosa
2592 2942 2704 2998 ista
2734 2945 2959 3016 munia,
2990 2944 3138 3002 tales
3186 2947 3477 3003 adhibeas
3527 2967 3755 3019 censeo,

2100 3050 2329 3106 meque,
2360 3033 2514 3104 quod
2547 3033 2694 3104 ccepi
2728 3049 2831 3088 nec
2863 3033 3148 3090 hactenus
3181 3037 3608 3108 pcnnitet,mihi
3646 3041 3760 3112 pri~

2095 3123 2280 3178 vatim
2313 3122 2475 3178 sinas
2505 3122 2716 3178 vivere.
2750 3121 3010 3190 Minime,
3063 3125 3145 3179 ait
3189 3124 3276 3181 leo
3329 3143 3472 3182 voce
3521 3134 3755 3184 conten-

2097 3212 2251 3282 tiori,
2288 3215 2492 3283 Icaque
2543 3211 2892 3268 auctoritate
2941 3217 3005 3267 ut
3035 3213 3148 3268 sibi
3184 3215 3339 3269 nolle
3369 3217 3581 3271 obsisti
3616 3218 3750 3272 satis

2094 3300 2450 3365 declararet;
2502 3301 2639 3370 quin
2693 3301 2893 3356 statim
2938 3319 3142 3358 amove
3193 3320 3389 3360 moras
3431 3311 3647 3370 iomnes
3690 3311 3746 3360 et

2087 3389 2278 3461 jussis
2307 3390 2452 3444 meis
2484 3395 2540 3444 te
2563 3394 2899 3460 promptum
2931 3391 3136 3462 expedi
3163 3392 3376 3464 :plane
3407 3395 3610 3466 quippe
3641 3397 3738 3448 de-

2095 3482 2320 3533 cretum
2355 3477 2499 3532 mihi
2533 3482 2622 3532 est
2651 3483 2956 3534 auctorare
2985 3478 3122 3534 tein
3171 3481 3438 3538 ofﬁcium
3488 3482 3741 3554 primarii

2097 3567 2372 3635 ministri,
2403 3571 2460 3622 et
2491 3567 2781 3638 dignitate
2813 3585 2844 3622 a
2877 3583 2969 3622 me
2999 3571 3256 3625 secunda
3287 3574 3456 3643 regni
3497 3573 3746 3627 admini-

337 3679 405 3720 ex
433 3662 646 3734 quibus
680 3666 853 3716 natus
883 3638 1060 3730 esset,
1093 3675 1226 3715 cum
1262 3657 1478 3732 quibus
1507 3638 1739 3713 viveret.
1785 3657 1866 3711 Ad
1913 3673 1983 3712 ea
2013 3638 2056 3708 C
2095 3656 2360 3713 strationi
2394 3656 2706 3727 praeficere.

336 3753 472 3808 thos
501 3751 724 3823 placide
756 3749 1167 3823 respondebat,
1191 3746 1500 3804 molestum
1533 3745 1679 3818 ipsis
1711 3763 1839 3801 esse
1871 3763 1986 3801 non

341 3843 549 3898 debere
598 3845 979 3912 conspectum
1030 3838 1120 3894 sui
1171 3837 1270 3910 qui
1320 3837 1613 3892 neminem
1664 3837 1837 3891 verbo
1885 3839 1990 3892 aut

342 3934 496 3987 facto
527 3931 965 3986 lzederet.Porro
996 3929 1168 3983 istam
1193 3944 1368 4000 quam
1402 3927 1769 3982 minarentur
1790 3943 1992 3980 aman-

344 4022 639 4076 dationem
674 4019 763 4074 sui
799 4018 1021 4089 procul,
1054 4018 1196 4072 adeo
1231 4034 1343 4072 non
1378 4017 1448 4071 ab
1481 4015 1608 4088 ipso
1661 4014 1986 4084 formidari,

343 4115 406 4168 ut
433 4115 946 4180 praeoccupaturus
971 4107 1121 4163 ultro
1145 4106 1322 4161 fuerit
1341 4111 1396 4159 et
1418 4109 1624 4175 sponte
1655 4103 1988 4160 exsulatum

341 4199 634 4263 abiturus,
668 4198 715 4253 si
749 4202 1016 4270 putasset
1049 4214 1159 4252 non
1193 4195 1306 4250 alia
1338 4213 1399 4250 se
1444 4195 1774 4250 conditione
1818 4210 1989 4265 posse

340 4289 399 4343 in
433 4287 502 4343 iis
534 4288 678 4343 locis
710 4287 922 4359 vivere,
952 4287 1064 4342 nisi
1099 4286 1248 4340 facta
1281 4289 1620 4340 ceterorum
1656 4284 1940 4338 imitando
1976 4299 1992 4338 :

339 4393 401 4433 se
433 4394 588 4444 vero,
621 4394 753 4432 cum
789 4376 958 4448 plane
991 4375 1345 4430 decrevisset
1377 4373 1671 4429 abstinere
1703 4391 1736 4428 a
1766 4373 1994 4428 latroci-

342 4466 455 4520 niis
487 4472 543 4521 et
575 4466 856 4536 caedibus,
892 4464 1038 4519 nihil
1074 4465 1354 4518 interesse
1386 4463 1706 4517 credidisse
1757 4479 1991 4534 peregre

341 4573 413 4610 an
448 4554 504 4609 in
542 4555 725 4626 patria
758 4554 1153 4609 innocentiam
1187 4551 1549 4607 coleret:nec
1581 4552 1734 4606 enim
1770 4551 1992 4606 scelera

340 4644 690 4716 contagione
715 4648 813 4698 aut
843 4643 983 4698 vitio
1018 4643 1402 4706 locorum,sed
1435 4640 1698 4712 nequitia
1724 4641 1988 4695 cordium

340 4731 680 4788 inolescere.
714 4732 1081 4804 Quanquam,
1124 4730 1396 4797 addebat,
1448 4729 1656 4801 potiori
1697 4730 1823 4801 jam
1876 4729 1991 4784 mei

340 4828 536 4895 partes
561 4841 595 4877 a
627 4822 788 4878 vobis
818 4821 1259 4892 absum,animo
1292 4819 1514 4876 scilicet
1543 4823 1598 4874 et
1633 4820 1937 4875 affectibus
1960 4837 1994 4876 a

332 4918 525 4968 vestro
558 4929 668 4967 usu
701 4916 757 4967 et
804 4910 1075 4966 instituto
1125 4909 1468 4981 longissime
1517 4910 1872 4979 disjunctus.
1931 4909 1990 4964 Si

2163 3745 2261 3800 IIl.
2294 3742 2565 3799 Nondum
2598 3744 2732 3800 tbos
2762 3761 3106 3817 persuasus,
3157 3753 3363 3804 contra
3415 3751 3643 3823 excepit
3685 3752 3742 3806 in

2093 3836 2251 3892 hunc
2284 3836 2521 3890 modum
2557 3854 2569 3891 :
2613 3837 2671 3891 ln
2705 3836 3271 3911 isto,domine,quod
3307 3841 3456 3896 mihi
3493 3843 3740 3898 destinas

2095 3924 2420 3982 ministerio
2444 3924 2544 3996 qui
2577 3930 2741 3981 tutus
2774 3927 2987 3984 durare
3017 3929 3222 4001 possit,
3245 3929 3317 3998 is,
3343 3948 3475 3987 meo
3500 3933 3738 4003 judicio,

2096 4015 2342 4070 alterum
2371 4015 2582 4070 horum
2615 4015 2691 4070 sit
2721 4017 3332 4090 oportet:percallidus
3364 4025 3470 4074 aut
3502 4021 3739 4092 insigni-

2093 4110 2181 4159 ter
2213 4104 2622 4160 stultus.Prior
2652 4107 3188 4171 enim,abundante
3222 4109 3279 4161 in
3320 4109 3556 4164 fraudes
3584 4117 3734 4164 astu-

2093 4192 2195 4261 tia,
2227 4210 2340 4264 qua
2371 4193 2949 4266 dissimulando,qua
2982 4195 3439 4270 largiendo,qua
3471 4199 3606 4252 dolis
3638 4215 3733 4251 va-

2095 4283 2197 4339 riis
2229 4284 2425 4338 fucum
2461 4281 2863 4350 faciendo,hoc
2887 4290 3382 4357 consequetur,ut
3415 4288 3735 4342 invidorum

2095 4391 2322 4446 semper
2354 4373 2716 4428 infensorum
2752 4373 3250 4442 felicibus,minus
3274 4377 3745 4449 appetaturinsi-

2094 4465 2240 4531 diis;
2275 4461 2562 4533 alter,pra3
2592 4462 2993 4518 imbecillitate
3027 4465 3242 4520 mentis
3276 4465 3506 4520 irrideri
3541 4484 3600 4520 se
3629 4483 3740 4520 non

2096 4553 2373 4618 sentiens,
2425 4555 2479 4606 et
2537 4551 2795 4606 ludibria
2847 4554 3278 4608 venerationem
3336 4556 3748 4627 interpretans,

2095 4641 2185 4697 sui
2219 4645 2557 4711 contemptu
2590 4639 2870 4694 invidiam
2924 4640 3250 4697 lucrifaciet
3297 4647 3746 4716 exarmabitque

2096 4732 2212 4786 iras
2243 4729 2617 4785 miseratione
2649 4729 2957 4786 fatuitatis.
2991 4732 3133 4803 Ego,
3165 4732 3264 4803 qui
3318 4739 3589 4788 neutram
3644 4735 3750 4790 ho-

2096 4837 2222 4876 rum
2253 4836 2382 4874 esse
2412 4818 2586 4874 velim
2619 4823 2720 4874 aut
2750 4819 3132 4884 haberi,citra
3165 4826 3385 4876 certam
3428 4825 3749 4894 perniciem

2097 4928 2164 4966 ex
2193 4909 2303 4965 hoc
2333 4909 2612 4964 ostentari
2647 4907 2770 4964 loco
2796 4925 3042 4981 nequeo,
3078 4912 3231 4964 unde
3263 4917 3610 4967 cunctorum
3647 4931 3754 4968 un-

340 5018 552 5073 corpus
583 5000 693 5055 hoc
726 4999 902 5056 etiam
935 4999 1322 5053 exterminare
1353 4998 1551 5066 vultis,
1582 5016 1693 5053 non
1731 4999 1983 5054 multum
2017 5004 2062 5069 Π
2098 5001 2272 5071 dique
2303 4999 2536 5054 virtutis
2567 4998 2939 5054 inimicorum
2974 4999 3108 5055 telis
3139 5002 3513 5072 arcubusque
3559 5003 3755 5058 conti-

337 5090 702 5162 repugnabo,
731 5087 1000 5144 fortassis
1031 5089 1206 5142 etiam
1239 5088 1700 5158 gaudebo.Talia
1732 5105 1862 5143 eum
1899 5087 1982 5142 lo-

343 5187 617 5251 quentem
650 5179 737 5235 vel
775 5178 940 5233 inviti
971 5178 1342 5244 verebantur,
1373 5178 1644 5249 famaque
1676 5179 1745 5232 de
1776 5195 1841 5232 eo
1871 5177 1986 5234 late

343 5270 808 5325 increbrescebat
861 5266 1171 5338 ejusmodi,
1218 5270 1282 5321 ut
1327 5267 1756 5321 admirantibus
1804 5268 1982 5323 etiam

343 5359 440 5425 qui
473 5361 731 5429 oderant,
763 5362 884 5414 toto
917 5374 982 5413 eo
1016 5361 1208 5411 tractu
1237 5356 1422 5410 multa
1452 5361 1605 5410 esset
1634 5355 1693 5408 in
1743 5373 1982 5412 venera-

338 5448 497 5502 tione
527 5464 737 5502 nomen
768 5447 915 5517 ejus.

411 5539 482 5590 ΙΙ.
513 5537 778 5591 Pervenit
807 5537 982 5606 igitur
1010 5535 1079 5589 ad
1115 5535 1361 5599 leonem,
1397 5534 1524 5602 ejus
1557 5533 1714 5588 silva:
1764 5552 1982 5605 regem,

339 5624 839 5691 rlara,multorum
877 5621 1522 5695 przedicationemotitia
1551 5627 1670 5677 tam
1701 5623 1984 5694 sapientis

2095 5105 2376 5160 guus,nee
2407 5092 2725 5161 protectus,
2754 5089 3273 5160 appareremﬁam
3305 5107 3538 5160 sperare.
3575 5110 3752 5163 posse

2096 5177 2349 5250 aliquem
2383 5178 2439 5232 in
2464 5177 2653 5249 primo
2688 5178 2796 5232 sub
2832 5195 2962 5249 rege
2998 5181 3304 5249 potestatis
3335 5182 3554 5250 gradus
3589 5187 3754 5237 stare

2096 5268 2419 5323 immunem
2455 5267 2571 5322 odii
2608 5268 2923 5339 p0polaris.
2951 5269 3222 5323 insanum
3257 5271 3515 5340 profecto
3547 5272 3643 5332 sit,
3666 5274 3753 5324 si-

2095 5359 2332 5428 quidem
2368 5359 2542 5412 talem
2577 5359 2778 5429 utique
2811 5362 3100 5428 quotquot
3140 5359 3290 5412 clam
3343 5359 3552 5413 infensi
3609 5367 3756 5416 sunt

2096 5447 2213 5518 regi
2273 5448 2423 5518 (qum
2476 5447 2731 5501 maxima
2777 5463 3009 5518 semper
3037 5448 3221 5504 turba
3272 5449 3403 5515 est),
3457 5449 3564 5503 hoc
3621 5453 3753 5521 ipso

2096 5538 2522 5592 aversabantur
2553 5538 2704 5607 quod
2740 5554 2911 5591 exoso
2938 5537 3044 5590 sibi
3103 5536 3348 5609 principi
3399 5538 3642 5594 charum
3694 5547 3751 5594 et

2097 5627 2276 5679 fidum
2303 5626 2664 5696 vitleant;qui
2699 5632 2891 5681 autem
2930 5626 3047 5696 regi
3082 5627 3747 5693 studentamulationis
