4002 6202
296 304 433 361 1341

1313 302 1673 356 SPECIMEN
1712 299 2106 357 SAPIENTIB
2143 303 2480 357 INDORUM
2517 306 2680 358 VET.

3570 305 3706 361 1342

302 427 592 484 instinctu
625 422 854 480 amoliri
888 423 1047 479 omni
1080 439 1188 495 ope
1219 423 1592 478 conabuntur
1607 438 1743 478 eum
1776 439 1808 477 a
1839 439 1953 495 quo
1984 431 2036 494 Î‘
2067 426 2548 499 nocendi,quales
2569 443 2703 481 cum
2736 427 3066 483 innocentia
3081 428 3508 500 prudentiaque
3533 429 3708 486 thois.

302 519 415 574 sibi
451 515 654 572 dolent
683 514 921 587 praeripi
939 513 1141 586 gratiaa
1162 512 1356 568 locum
1381 529 1556 584 quem
1590 513 1744 584 apud
1769 513 1950 585 impe-

306 611 532 665 rantem
566 605 680 678 ipsi
715 603 1006 660 ambiunt.
1057 603 1141 658 Ad
1194 619 1262 657 ea
1293 619 1392 657 rex
1425 619 1438 658 :
1474 600 1632 657 Nihil
1664 607 1894 657 metuas
1922 618 1956 657 a

307 700 454 755 meis
495 697 793 764 subditis;
828 712 963 751 nam
996 699 1114 750 tam
1147 695 1344 765 ampla
1385 710 1490 766 ego
1541 699 1596 749 te
1645 694 1954 765 potestatis

301 805 442 844 mea:
459 785 998 843 communicatione
1011 783 1230 838 circum
1243 784 1528 852 muniam,
1545 789 1740 839 utnon
1765 781 1952 852 magis

302 884 512 934 contra
544 883 599 932 te
630 875 824 931 moliri
853 873 1174 945 quidquam
1199 889 1376 944 quam
1401 877 1606 928 contra
1632 888 1727 928 me
1756 872 1953 944 ipsum

300 967 391 1022 vel
424 967 682 1021 audeant
711 963 797 1019 vel
832 963 1080 1035 possint.
1134 963 1415 1034 Reposuit
1445 962 1539 1017 his
1564 962 1699 1016 thos
1735 962 1829 1018 :Si
1866 975 1957 1015 me

305 1074 491 1124 amas,
525 1061 588 1111 ut
617 1059 773 1110 certe
807 1054 969 1118 lacis,
1001 1052 1257 1119 domine,
1290 1057 1436 1106 eteo
1481 1051 1716 1106 nomine
1748 1051 1959 1105 debere

313 1164 406 1201 me
433 1146 537 1200 tibi
570 1144 890 1216 plurimum
927 1144 1128 1210 fateor,
1163 1143 1458 1214 quoniam,
1507 1142 1772 1212 inquam,
1831 1157 1960 1194 mea

317 1251 501 1292 causa
531 1235 637 1299 vis,
668 1249 765 1288 oro
796 1233 1158 1301 obsecroque
1197 1237 1261 1285 ut
1309 1231 1525 1286 habeas
1573 1229 1958 1302 persuasissi-

322 1340 512 1392 mum,
541 1322 760 1377 nullum
794 1325 918 1376 ate
956 1323 1148 1390 majus
1199 1319 1342 1374 mihi
1391 1335 1562 1386 posse
1609 1319 1958 1373 beneficium

322 1413 651 1482 contingere
680 1426 854 1481 quam
889 1410 938 1464 si
961 1425 1050 1464 me
1083 1408 1462 1480 relinquasin
1493 1409 1599 1462 hac
1623 1407 1959 1478 tranquilli-

314 1505 434 1556 tate
466 1501 592 1554 vitae
625 1498 959 1554 innocentis
1002 1515 1067 1552 ac
1122 1497 1379 1570 privatae,
1422 1502 1766 1552 contentum
1829 1513 1964 1568 pro-

313 1589 466 1645 victu
497 1590 659 1644 omni
691 1604 842 1660 aqua
871 1593 930 1643 et
961 1589 1160 1642 herba.
1191 1587 1357 1655 Nam,
1392 1591 1682 1658 quantum
1718 1601 1962 1658 possum

315 1677 664 1750 intelligere,
696 1676 801 1748 qui
826 1677 992 1732 vobis
1015 1676 1252 1747 regibus
1273 1674 1769 1746 inserviunt,plus
1788 1675 1961 1729 unico

318 1772 618 1824 momento
649 1781 927 1822 curarum
957 1765 1196 1821 illarum
1221 1769 1276 1820 et
1305 1763 1788 1836 quotidianarum
1815 1764 1958 1834 ipsis

318 1856 734 1913 discriminum
765 1853 999 1927 angoris
1032 1853 1402 1924 miseriaeque
1435 1854 1760 1926 patiuntur,
1785 1869 1964 1924 quam

317 1947 429 2003 sibi
465 1945 742 2019 privatim
773 1961 988 2000 vacans
1018 1941 1588 2014 totoexperieturvel
1609 1940 1968 2012 longissima!

321 2036 451 2092 vitae
483 2033 674 2108 spatio
701 2051 715 2102 ;
747 2048 929 2105 quare
962 2032 1141 2088 nimis
1166 2047 1301 2087 caro
1331 2031 1548 2086 emitur
1577 2030 1680 2086 illa
1711 2029 1966 2096 claritas,

321 2132 387 2181 ut
419 2141 532 2179 non
565 2121 1111 2194 incomparabiliter
1138 2120 1320 2176 videri
1366 2119 1738 2190 expetibilior
1767 2119 1972 2174 debeat

322 2232 429 2286 pax
459 2219 517 2269 et
548 2211 838 2269 securitas
867 2209 1103 2266 obscuri
1136 2214 1314 2280 atque
1344 2207 1580 2280 inglorii
1610 2207 1737 2263 otii.

390 2337 483 2396 IV.
520 2337 602 2392 Ad
637 2354 703 2392 ea
733 2336 822 2391 leo
856 2352 1004 2408 pene
1039 2335 1224 2390 iratus
1256 2334 1612 2390 recusationi
1647 2340 1764 2390 tam
1791 2333 1968 2405 perti-

320 2428 468 2498 naci,
504 2427 643 2483 Plus
675 2425 818 2481 satis
849 2425 1181 2496 verborum,
1208 2424 1422 2495 inquit,
1455 2428 1545 2479 est
1577 2441 1590 2478 :
1626 2421 1772 2477 nihil
1795 2423 1970 2478 audio

316 2518 492 2584 ultra,
531 2532 725 2571 meum
760 2515 870 2569 erit
901 2511 1204 2585 providere
1256 2516 1320 2568 ut
1369 2517 1493 2568 tuto
1539 2512 1694 2583 apud
1741 2529 1834 2567 me
1865 2512 1968 2568 sis.

316 2609 426 2674 Tu,
461 2608 547 2660 l'ac
582 2605 739 2676 quod
762 2601 946 2675 jubeo
983 2607 1155 2674 teque
1188 2603 1256 2656 ad
1312 2601 1701 2657 ministerium
1735 2601 1973 2672 accinge

319 2697 477 2770 quod
509 2695 775 2766 injungo.
811 2691 916 2746 Cui
950 2691 1082 2746 thos
1128 2708 1140 2745 :
1174 2691 1431 2761 Faciam,
1465 2690 1974 2762 domine,quando

320 2785 408 2841 sic
439 2785 714 2858 imperas.
751 2782 862 2836 Sed
896 2798 967 2836 ne
1002 2797 1094 2836 me
1127 2780 1390 2836 amando
1421 2780 1654 2852 perdas,
1687 2785 1742 2835 et
1770 2797 1973 2840 verum

320 2876 380 2932 in
415 2890 505 2928 me
536 2871 860 2945 reperiatur
893 2869 1040 2925 illud
1094 2867 1289 2944 adagii
1343 2866 1604 2942 vulgaris
1635 2887 1650 2940 ;
1701 2869 1973 2926 Amicitia

317 2964 734 3038 intempestiva
765 2979 870 3034 par
900 2961 1033 3016 odio
1065 2964 1175 3030 est,
1209 2963 1263 3015 te
1286 2960 1548 3028 obtestor
1566 2977 1664 3033 per
1682 2959 1971 3032 quidquid

317 3059 405 3111 est
435 3053 541 3109 tibi
571 3050 902 3110 venerabile
944 3054 1045 3105 aut
1076 3049 1348 3119 charum,
1403 3049 1642 3122 dignare
1676 3048 1798 3120 jam
1836 3049 1972 3103 hinc

316 3145 462 3200 mihi
498 3141 783 3214 polliceri,
825 3141 871 3195 si
917 3139 1151 3211 quando
1203 3137 1505 3210 contingat
1554 3155 1645 3192 me
1702 3138 1963 3193 accusari

312 3235 466 3307 apud
501 3239 580 3304 te,
613 3249 728 3287 non
763 3228 1123 3285 crediturum
1167 3233 1221 3282 te
1257 3226 1615 3282 delatoribus
1647 3227 1871 3297 statim,
1907 3231 1966 3282 at

310 3320 798 3394 interpositurum
816 3317 1345 3391 tempusidoneum
1369 3315 1722 3372 discussioni
1746 3320 1804 3370 et
1827 3332 1962 3371 exa-

315 3411 479 3482 mini,
515 3427 619 3466 nec
651 3407 794 3464 mihi
827 3406 939 3462 nisi
984 3406 1247 3462 convicto
1280 3422 1512 3479 pcenam
1564 3407 1965 3460 decreturum.

311 3503 428 3560 Hoc
463 3507 738 3574 praeterea
770 3515 930 3572 rego,
966 3504 1028 3552 ut
1060 3497 1173 3552 ista
1207 3497 1391 3551 utaris
1418 3496 1638 3551 ratione
1661 3497 1718 3551 in
1739 3495 1962 3551 delectu

315 3593 721 3652 ministrorum
756 3607 770 3644 :
804 3588 1040 3644 attende
1071 3587 1236 3660 prius
1268 3586 1769 3658 quemadmodum
1791 3584 1872 3638 illi
1905 3586 1963 3638 in

314 3699 374 3738 re
406 3681 630 3754 privata
662 3695 722 3734 se
746 3675 1039 3750 gesserint
1072 3693 1085 3732 :
1119 3677 1190 3730 ab
1222 3692 1288 3730 eo
1311 3673 1467 3730 enim
1497 3673 1596 3744 qui
1618 3690 1738 3728 sua:
1762 3672 1961 3727 domui

315 3771 468 3830 male
498 3769 816 3843 praefuerit,
847 3766 1140 3836 quomodo
1173 3781 1406 3840 sperare
1441 3762 1611 3818 liceat
1642 3761 1963 3832 rempubli-

312 3879 444 3918 cam
476 3860 619 3916 bene
651 3857 964 3931 gerendam
988 3855 1016 3909 á¿©
1045 3855 1220 3909 Porro
1246 3858 1302 3910 te
1325 3851 1750 3924 alloquentium
1770 3855 1826 3904 et
1849 3849 1961 3905 dis-

311 3949 603 4007 cernenda
624 3946 967 4013 conditio,et
991 3961 1092 4017 pro
1119 3943 1397 4002 varietate
1425 3939 1727 4014 qualitatis
1744 3939 1954 4011 agendi

311 4040 502 4094 forma
530 4035 932 4108 temperanda.
959 4033 1014 4088 Si
1043 4039 1099 4088 te
1130 4031 1213 4086 illi
1233 4049 1342 4087 usu
1370 4046 1562 4087 rerum
1594 4035 1651 4085 et
1673 4028 1961 4100 sapientia

309 4131 610 4202 superent,
643 4124 762 4182 illis
794 4125 1175 4193 obtempera;
1208 4121 1258 4176 si
1287 4124 1343 4176 te
1393 4120 1523 4193 plus
1573 4135 1749 4190 quam
1802 4117 1959 4189 ipsos

309 4233 516 4291 sapere
546 4233 613 4272 ac
645 4216 703 4271 in
737 4212 1006 4286 praesenti
1041 4227 1101 4267 re
1132 4209 1325 4273 videre
1381 4209 1484 4264 tibi
1539 4208 1617 4263 sis
1665 4207 1960 4274 conscius,

311 4309 455 4364 doce
490 4305 621 4363 illos
652 4307 709 4359 et
741 4301 1064 4358 rationibus
1095 4299 1393 4356 convince.
1446 4298 1540 4353 Sin
1588 4297 1858 4369 peritiam
1898 4296 1959 4352 in

307 4397 430 4453 illis
463 4413 528 4451 ac
551 4391 926 4466 prudentiam
962 4389 1117 4445 haud
1158 4393 1259 4445 tua
1303 4388 1586 4458 majorem
1631 4386 1958 4458 deprehen-

310 4488 438 4553 des,
473 4501 575 4540 nec
601 4487 1081 4546 contemnas,nec
1111 4476 1308 4532 statim
1330 4477 1605 4532 admittas
1631 4476 1784 4547 quod
1806 4491 1957 4530 asse-

2069 516 2363 572 moderate
2404 517 2603 572 omnia
2649 520 2704 571 et
2743 516 3135 588 plausibililer
3182 519 3460 588 gerentis,
3514 520 3709 576 nullas

2068 605 2384 660 admodum
2439 607 2624 675 daret,
2687 606 3004 662 incubuere
3054 606 3274 661 malitia
3333 609 3710 679 conspirante

2070 710 2256 766 pravas
2291 700 2512 751 mentes
2533 697 2602 751 ad
2641 712 2851 752 novum
2902 697 3236 752 ministrum
3269 700 3709 768 quomodocun-

2069 800 2182 854 que
2213 785 2723 841 comminiscendis
2753 786 3068 841 calumniis
3100 788 3493 842 evertendam.

2144 909 2197 965 V.
2238 914 2382 982 Ergo
2415 928 2548 965 cum
2573 909 2671 966 diu
2709 911 2923 967 frustra
2951 929 3180 966 omnem
3230 911 3287 966 in
3333 912 3527 968 thoem
3562 913 3712 986 lapi-

2071 999 2201 1054 dem
2236 999 2875 1065 movissent,constanti
2909 1019 3048 1073 erga
3080 1019 3213 1056 eum
3248 1002 3431 1058 leonis
3465 1004 3711 1058 benevo-

2071 1087 2252 1142 lentia
2284 1088 2476 1159 palam
2517 1092 3063 1162 exstante,quadam
3099 1091 3190 1146 die
3243 1091 3559 1163 conspicati
3594 1093 3709 1146 leo-

2075 1193 2204 1230 nem
2239 1177 2445 1248 cupide
2467 1178 3076 1250 jussisseutquaedam
3102 1180 3711 1252 escaipsigratissima

2072 1265 2184 1320 sibi
2219 1265 2497 1336 postridie
2540 1273 2951 1338 apponeretur,
3011 1286 3137 1323 eam
3200 1269 3313 1341 ipsi
3375 1270 3546 1324 furati
3609 1285 3712 1341 per

2075 1360 2324 1421 noctem,
2357 1354 2413 1410 in
2449 1357 2708 1411 absentis
2743 1357 2887 1412 forte
2927 1362 3065 1412 tunc
3091 1358 3244 1413 thois
3272 1360 3443 1414 domo
3475 1358 3715 1413 abscon-

2072 1445 2303 1500 derant.
2330 1446 2481 1500 Tum
2516 1446 2603 1501 iie
2636 1453 2868 1518 postera
2901 1446 3215 1518 requirenti
3243 1447 3439 1502 cibum
3463 1447 3714 1519 impera-

2074 1539 2198 1589 tum
2237 1535 2378 1607 regi,
2412 1539 2468 1590 et
2499 1535 2644 1590 irato
2678 1539 2830 1606 quod
2884 1536 2933 1592 is
2986 1554 3098 1592 non
3138 1541 3461 1609 appareret,
3514 1554 3718 1593 omnes

2073 1639 2142 1678 ex
2172 1623 2437 1678 condicto
2470 1628 2783 1695 praesentes
2807 1625 2907 1696 qui
2939 1625 3140 1680 dolum
3166 1626 3722 1692 instruxerant,nul-

2073 1713 2191 1768 lam
2215 1719 2400 1769 artem
2432 1713 2753 1769 vaferrimze
2787 1713 3122 1769 calliditatis
3173 1715 3503 1771 omiserunt
3542 1731 3717 1788 quem

1996 1804 2043 1869 Î’
2075 1803 2194 1858 fore
2226 1803 2428 1859 utilem
2460 1803 2562 1858 tali
2613 1807 2874 1876 tempore
2921 1803 3279 1858 concitanda}
3330 1805 3480 1874 regis
3527 1805 3623 1858 ira:
3659 1805 3716 1858 in

2077 1890 2272 1947 thoem
2308 1892 2605 1948 absentem
2639 1897 2897 1949 nossent.
2951 1892 3210 1947 Primum
3258 1893 3391 1948 ï¬cto
3424 1892 3484 1948 in
3519 1909 3715 1964 regem

2076 1981 2271 2037 studio
2294 1982 2434 2037 dum
2467 1980 2562 2038 ille
2591 1982 2932 2054 indignatur
2960 1987 3016 2037 et
3043 1981 3202 2050 furit,
3235 1981 3405 2054 quasi
3439 1982 3626 2036 territi
3659 1986 3717 2036 et

2077 2070 2309 2127 solliciti
2329 2077 2603 2128 coeuntes
2636 2071 2694 2127 in
2729 2070 3388 2142 circulum,itainvicem
3423 2071 3720 2127 submisse

2077 2161 2562 2231 mussitabant,ut
2593 2161 2854 2217 exaudiri
2890 2165 3081 2216 tamen
3119 2169 3352 2234 possent
3385 2161 3716 2216 studerent-

2077 2266 2210 2321 que,
2242 2255 2361 2306 Cur
2389 2249 2650 2306 celamus
2682 2249 2837 2306 ultra
2877 2251 3031 2322 quod
3079 2251 3300 2306 scimus
3329 2253 3350 2304 Î¡
3382 2251 3551 2304 Fides
3584 2267 3722 2322 erga

2079 2339 2398 2411 principem
2435 2357 2538 2394 nos
2563 2340 2719 2410 cogit
2748 2339 2937 2395 labem
2984 2339 3065 2394 illi
3098 2340 3408 2394 enuntiare
3440 2340 3720 2394 domesti-

2076 2445 2226 2499 cam,
2257 2428 2387 2484 licet
2415 2435 2616 2484 contra
2656 2434 2917 2501 potentes
2969 2429 3319 2484 veniendum
3354 2430 3432 2484 sit
3462 2434 3518 2484 et
3547 2433 3724 2501 caput

2076 2517 2473 2588 objiciendum
2504 2523 2661 2574 certo
2694 2517 3044 2576 discrimini.
3099 2517 3410 2574 Praevaleat
3465 2517 3722 2589 periculo

2077 2615 2129 2662 et
2163 2609 2458 2662 formidini
2494 2609 2724 2680 privatae
2757 2608 3013 2663 Charitas
3048 2609 3222 2678 regis,
3265 2613 3322 2663 et
3353 2625 3471 2680 quo
3505 2607 3556 2662 ei
3587 2624 3724 2662 con-

2078 2696 2343 2752 sulamus
2375 2697 2500 2753 alea
2529 2714 2671 2753 sane
2703 2697 2913 2753 salutis
2941 2703 3150 2754 nostra:
3173 2698 3452 2769 jaciatur.
3493 2698 3590 2752 llis
3622 2713 3723 2751 su-

2078 2787 2324 2844 surratis
2355 2805 2423 2843 ea
2453 2787 2637 2843 leonis
2670 2787 2881 2844 vicinia
2913 2793 2978 2842 ut
3005 2788 3076 2843 ab
3110 2805 3174 2843 eo
3235 2786 3616 2856 sentirentur,
3652 2785 3725 2839 il-

2077 2878 2198 2932 lum
2233 2894 2522 2934 consensu
2569 2878 2807 2943 adeunt,
2869 2881 2924 2931 et
2983 2876 3032 2930 ei
3095 2877 3383 2947 profunde
3451 2877 3726 2943 salutato,

2078 2964 2381 3035 Novimus,
2414 2965 2669 3034 domine,
2725 2965 3018 3038 inquiunt,
3067 2969 3200 3036 quis
3250 2965 3356 3018 tibi
3407 2963 3720 3035 prandium

2079 3054 2368 3122 averterit,
2421 3055 2906 3128 peccavimusque
2962 3055 3251 3110 hactenus
3301 3054 3456 3125 quod
3510 3053 3720 3108 timore

2079 3143 2637 3200 concitandicontra
2668 3160 2776 3198 nos
2810 3144 3067 3200 ministri
3119 3143 3510 3215 prmpotentis,
3562 3141 3722 3198 silui-

2079 3251 2211 3288 mus
2247 3251 2259 3287 :
2295 3251 2430 3288 nam
2457 3233 2543 3287 vel
2579 3238 2779 3288 nostra
2799 3236 2954 3287 certa
2974 3233 3224 3306 pernicie
3251 3232 3359 3286 fuit
3383 3231 3486 3286 tibi
3507 3249 3723 3287 consu-

2076 3323 2314 3377 lendum
2347 3340 2359 3390 ;
2393 3322 2680 3392 quidquid
2713 3338 2850 3392 ergo
2900 3321 3136 3376 demum
3193 3322 3324 3374 inde
3376 3326 3722 3376 secuturum

2075 3411 2172 3478 sit,
2204 3409 2396 3466 oflicio
2426 3428 2495 3465 en
2521 3415 2719 3465 nostro
2754 3411 3078 3482 fungimur,
3115 3411 3442 3464 indicantes
3477 3410 3604 3479 tibi,
3642 3411 3724 3465 fc-

2074 3501 2212 3554 rinaa
2249 3506 2470 3573 partem
2501 3517 2674 3570 quam
2710 3500 2815 3554 tibi
2851 3499 2974 3554 beri
3007 3516 3356 3571 seposueras
3388 3499 3446 3554 in
3483 3504 3718 3570 pastum

2072 3589 2448 3658 hodiernum,
2483 3591 2844 3643 subtractam
2881 3608 2913 3643 a
2945 3590 3080 3643 thoe
3113 3589 3320 3656 fuisse,
3352 3589 3458 3644 hoc
3492 3605 3560 3643 ex
3590 3605 3726 3642 ocu-

2072 3677 2187 3731 lato
2221 3682 2369 3731 teste
2401 3677 2922 3748 comperimus.Sic
2957 3675 3149 3730 locuto
3183 3677 3420 3732 nomine
3453 3678 3719 3732 omnium

2072 3766 2349 3836 primario
2379 3765 2730 3835 interipsos,
2787 3764 2939 3819 alius
2985 3782 3316 3820 sermonem
3369 3765 3711 3834 excipiens:

2070 3854 2188 3908 Etsi
2223 3853 2330 3908 hoc
2362 3853 2460 3924 qui
2508 3853 2651 3907 vidit
2703 3852 2919 3919 retulit,
2955 3857 3012 3906 et
3062 3852 3162 3922 qui
3211 3853 3384 3907 vitam
3433 3853 3586 3906 thois
3620 3870 3710 3905 ar-

2071 3959 2276 3999 canam
2311 3959 2344 3996 a
2374 3943 2566 4013 specie
2587 3941 3028 3996 dversissimam
3054 3941 3708 4012 intrespexerunt,hand

2071 4032 2329 4088 alienum
2354 4031 2426 4085 ab
2448 4031 2574 4100 ejus
2607 4029 2750 4084 vafri
2769 4029 3134 4084 simulatoris
3165 4029 3384 4084 occulta
3411 4030 3714 4084 voracitati

2071 4123 2284 4176 factum
2320 4119 2662 4190 intelligant,
2697 4123 2890 4172 tamen
2943 4119 3079 4190 quia
3110 4124 3194 4185 tu,
3249 4118 3506 4184 domine,
3541 4118 3711 4186 longe

2069 4210 2184 4265 alia
2210 4210 2278 4264 de
2310 4208 2444 4263 tboe
2475 4208 2754 4279 opinaris,
2791 4225 2902 4262 non
2953 4207 3203 4280 petimus
3237 4214 3298 4262 ut
3350 4208 3574 4271 credas,
3610 4208 3710 4261 sed

2068 4305 2132 4354 ut
2163 4297 2379 4368 inquiri
2429 4297 2500 4352 de
2550 4312 2610 4352 re
2647 4296 2879 4367 jubeas.
2933 4297 3200 4351 Addebat
3258 4294 3532 4352 alter:Si
3576 4294 3709 4350 thes

2068 4388 2444 4443 CODVanJtUlâ€˜
2473 4386 2650 4456 hujus
2674 4385 3356 4456 criminis,intelligcmus
3380 4401 3508 4440 vera
3533 4387 3709 4439 etiam

2067 4478 2248 4534 fuisse
2281 4495 2406 4548 quae
2441 4477 2625 4532 multa
2656 4479 2724 4532 de
2757 4477 2858 4532 illo
2892 4477 3247 4545 ferebantur,
3283 4493 3394 4530 non
3420 4475 3712 4531 credentis

311 4580 473 4641 runt,
509 4573 608 4628 sed
641 4569 880 4627 consule
908 4568 964 4622 in
1002 4567 1252 4622 medium
1287 4582 1354 4620 ac
1381 4566 1626 4632 discute,
1659 4565 1803 4620 citra
1825 4581 1959 4619 con-
1993 4555 2038 4619 D
2073 4569 2183 4624 bus
2217 4567 2435 4622 multis.
2473 4568 2847 4621 Exclamabat
2879 4566 3028 4620 alius
3063 4582 3075 4620 :
3111 4569 3255 4619 Vere
3291 4566 3369 4619 ita
3399 4570 3524 4634 est;
3550 4568 3712 4620 frau~

309 4663 635 4722 tentionem
670 4665 1030 4727 tamen,nam
1065 4656 1190 4711 haec
1221 4660 1278 4711 et
1309 4656 1676 4726 majestatem
1701 4655 1958 4723 dedecet,

309 4761 370 4813 et
401 4753 472 4809 ad
504 4751 622 4807 veri
654 4747 1136 4820 dijudicationem
1171 4746 1365 4802 obstat
1396 4744 1589 4818 potius
1614 4761 1789 4816 quam
1823 4759 1962 4800 con-

309 4846 449 4900 fert.
478 4841 606 4896 Hasc
639 4841 978 4893 curaturum
1001 4835 1566 4906 observaturumque
1588 4849 1650 4889 se
1680 4849 1812 4905 rege
1835 4850 1962 4905 pro-

303 4933 433 4989 lixe
462 4927 744 5002 pollicito,
776 4926 912 4981 thos
943 4923 1511 4979 administrationem
1539 4939 1731 4978 rerum
1757 4939 1962 4994 capes-

301 5015 695 5078 sivit.Summi
728 5031 788 5070 se
818 5014 986 5068 illum
1022 5014 1224 5068 facere
1257 5011 1347 5067 leo
1380 5013 1570 5083 palam
1606 5011 1958 5078 declarabat,

305 5109 459 5167 nihil
492 5107 643 5163 clam
678 5103 791 5177 ipsi
826 5101 1210 5172 habens,ejus
1240 5101 1547 5156 consilium
1586 5102 1642 5155 in
1673 5102 1831 5156 omni
1857 5119 1962 5156 ne-

307 5199 468 5273 gotio
502 5195 773 5257 audiens,
810 5209 1014 5248 omnes
1065 5190 1216 5246 infra
1259 5191 1426 5246 illum
1472 5192 1792 5246 aestimans.
1844 5191 1960 5246 Hoc

299 5285 640 5363 spectaculo
690 5299 848 5338 novae
897 5281 1054 5336 thois
1095 5281 1248 5351 apud
1302 5280 1528 5335 leonem
1581 5280 1782 5352 gratia:
1815 5279 1960 5335 aulae

300 5376 493 5436 oculis
527 5373 847 5446 proposito,
881 5369 1080 5425 mirari
1113 5386 1321 5425 omnes
1353 5369 1847 5440 sermonibusque
1867 5385 1958 5424 ce-

305 5468 532 5525 lebrare
565 5461 933 5533 inopinatum
959 5476 1164 5514 casum
1193 5477 1206 5528 ;
1241 5459 1526 5531 primores
1551 5463 1747 5513 autem
1779 5457 1960 5513 comi-

307 5561 469 5614 tatus
492 5553 667 5608 tacite
690 5550 838 5620 ringi
862 5548 1783 5621 utriqueintime,dissimulando
1807 5547 1960 5602 haud

318 5645 488 5704 facile
517 5643 696 5697 livore
728 5657 792 5694 ac
832 5639 1100 5694 videlicet
1148 5639 1514 5695 inbiabundo
1554 5637 1961 5694 occasionibus

2075 4656 2299 4711 dulenti
2332 4660 2388 4711 et
2422 4655 2570 4710 clam
2619 4655 2866 4727 improbi
2920 4671 3219 4726 nunquam
3265 4657 3334 4709 ad
3387 4660 3711 4710 extremum

2075 4746 2282 4802 latent.
2317 4746 2434 4816 Ego
2466 4745 2620 4799 inter
2648 4743 2782 4799 illos
2816 4744 2891 4797 fui
2920 4743 3136 4798 multos
3187 4745 3286 4816 qui
3316 4745 3504 4800 thoem
3542 4745 3710 4799 inno-

2074 4835 2477 4893 centissimum
2511 4837 2804 4905 putarent,
2838 4837 2892 4887 et
2924 4849 3056 4888 cum
3103 4851 3135 4887 a
3186 4834 3298 4888 fide
3347 4835 3544 4906 dignis
3575 4851 3714 4888 sane

2072 4925 2285 4980 atrocia
2310 4938 2578 4996 peccasse
2602 4923 2796 4994 ipsum
2823 4923 3428 4988 audirem,renuebam
3457 4925 3710 4988 credere;

2072 5031 2226 5070 nunc
2259 5012 2464 5067 ultimo
2506 5011 2612 5066 hoc
2665 5012 3061 5082 experimento
3113 5013 3270 5067 larva
3321 5015 3405 5068 illi
3452 5015 3713 5066 detracta

2072 5109 2178 5157 est.
2212 5102 2376 5156 Alius
2407 5101 2644 5172 quidam
2692 5102 2923 5156 dicebat
2973 5118 2984 5155 :
3036 5103 3177 5157 Cum
3241 5104 3496 5174 primum
3553 5101 3710 5154 hunc

2070 5191 2265 5247 thoem
2301 5191 2439 5260 vidi,
2491 5189 2752 5245 suliuluit
2803 5191 2944 5245 mihi
2997 5191 3123 5261 ejus
3179 5192 3480 5261 nequitia;
3531 5193 3708 5243 testes

2072 5281 2215 5337 mihi
2244 5285 2382 5336 sunt
2416 5280 2506 5334 hic
2541 5285 2718 5353 atque
2746 5280 2843 5334 ille
2875 5282 3244 5352 (nominabat
3268 5279 3709 5348 certos)quibns

2073 5387 2224 5442 saepe
2249 5369 2388 5436 dixi,
2424 5386 2549 5441 qua:
2584 5369 2639 5423 in
2678 5388 2742 5425 co
2776 5371 2987 5442 vulgus
3034 5370 3367 5434 miraretur,
3418 5366 3560 5418 nihil
3594 5368 3706 5421 nisi

2072 5459 2396 5532 priestigias
2429 5465 2484 5513 et
2518 5460 2712 5514 fucum
2747 5475 2873 5514 esse
2929 5460 3366 5524 ObtlllCillnltlth
3401 5456 3706 5510 tectorium

2072 5550 2453 5622 improbitati.
2492 5551 2648 5604 Alter
2697 5549 2984 5620 quispiam
3034 5547 3114 5599 sic
3165 5550 3554 5616 erumpebat:
3591 5545 3708 5600 l-luc

2075 5641 2367 5697 enimvero
2402 5657 2512 5694 non
2551 5641 2766 5692 furtum
2813 5636 2997 5690 solum
3034 5637 3144 5700 est,
3178 5632 3274 5689 sed
3313 5634 3707 5706 sz'icrilcgium,
