3984 6202
307 263 444 317 1343

1842 259 2227 314 APPENDIX.

3576 263 3711 319 13η

305 392 406 447 sed
460 387 843 444 intolerabilis
892 386 1133 442 licentia
1183 386 1466 442 violandae
1525 402 1670 440 ausu
1725 382 1941 438 nefario
1973 386 2026 450 Α
2057 384 2295 456 spexisti
2332 385 2501 442 ﬁdem
2535 392 2594 443 et
2625 389 2972 460 probitatem
3009 390 3212 445 thois?
3240 396 3299 446 et
3323 390 3489 445 illum
3523 400 3711 446 tamen

298 496 476 536 sacrae
512 477 853 546 majestatis.
891 476 1258 531 Audiebatur
1287 482 1345 531 et
1373 475 1614 530 alterius
1648 474 1770 528 haec
1802 490 1906 526 vox
1935 489 1948 527 :

302 569 493 623 Mittat
523 580 621 619 rex
652 565 751 635 qui
795 569 1133 619 scrutentur
1186 566 1427 620 domum
1486 562 1683 630 thois;
1733 560 1954 616 cubilia

308 653 546 711 sceleris
587 651 1119 722 deprehendentur,
1166 656 1224 707 et
1273 667 1510 722 corpus,
1562 649 1717 719 quod
1763 648 1950 717 aiunt,

304 748 498 818 ipsum
532 743 728 798 delicti
759 743 1073 799 tenebitur.
1110 742 1346 810 Verum,
1385 741 1744 811 adjungebat
1774 737 1948 804 alius,

301 834 739 906 properandum
767 832 825 886 in
851 833 956 887 hoc
986 837 1306 896 esset,nam
1343 830 1666 901 periculum
1701 828 1756 882 in
1787 843 1950 882 mora

296 927 422 990 est;
457 928 514 976 et
563 922 742 986 alius,
793 921 940 976 Male
989 937 1194 976 vereor
1240 937 1308 974 ne
1357 919 1491 974 thos
1543 917 1949 972 astutissimus

299 1013 600 1068 consuetis
633 1011 898 1067 artiﬁciis
931 1011 1179 1066 fascinet
1221 1011 1435 1064 iterum
1490 1024 1706 1078 regem,
1741 1012 1797 1060 et
1827 1011 1947 1060 tam

304 1102 602 1158 manifesti
664 1101 932 1157 criminis
1011 1101 1273 1156 mendaci
1347 1097 1682 1154 defensione
1752 1101 1947 1150 notam

310 1192 492 1248 cluat.

374 1301 616 1356 VI.Cum
632 1300 712 1354 ita
727 1298 1699 1355 omnesinsidiosissimoconsensu
1722 1294 1946 1349 leonem

306 1390 563 1460 undique
594 1393 890 1459 urgerent,
942 1393 998 1443 et
1048 1388 1244 1459 ipsum
1293 1385 1699 1457 perturbatum
1752 1383 1950 1437 dolore

306 1477 535 1549 prandii
567 1476 1060 1547 subtractijussit
1087 1477 1182 1530 ille
1215 1475 1407 1529 thoem
1443 1474 1637 1528 subito
1669 1471 1949 1533 vocari,et

307 1582 377 1620 ex
407 1566 676 1637 praesenti
713 1565 1021 1620 minaciter
1050 1568 1428 1635 percontatus
1472 1567 1580 1626 est,
1633 1561 1732 1615 ubi
1769 1559 1949 1614 ferina

307 1659 463 1710 esset
477 1671 650 1726 quam
668 1653 776 1725 ipsi
793 1654 1137 1708 tradidisset
1153 1652 1336 1724 pridie
1360 1652 1706 1707 servandam
1724 1649 1751 1704 ‘?
1771 1649 1946 1708 Thos,

311 1745 465 1813 quod
503 1759 595 1797 res
639 1747 785 1810 erat,
833 1741 1176 1812 simpliciter
1225 1741 1529 1812 respondit
1580 1757 1642 1795 se
1692 1739 1945 1794 curatori
1980 1753 2025 1816 Β

312 1849 500 1904 penus
528 1832 923 1902 reponendam
949 1830 1340 1885 commisisse.
1375 1829 1587 1884 Aderat
1614 1829 1758 1883 forte
1791 1828 1842 1882 is
1895 1831 1952 1882 et

311 1925 754 1993 praeoccupatus
785 1938 817 1974 a
848 1919 1372 1974 calumniatoribus
1405 1921 1612 1988 fuerat,
1645 1934 1826 1989 quare
1858 1935 1954 1990 pa-

318 2011 433 2066 lam
470 2011 700 2082 negavit
733 2027 795 2065 se
825 2028 855 2064 a
886 2011 1021 2065 thoe
1053 2010 1377 2081 quidquam
1423 2009 1739 2080 accepisse.
1790 2009 1955 2062 Tunc

318 2100 480 2155 misit
527 2116 626 2154 rex
669 2100 767 2170 qui
820 2103 1223 2154 scrutarentur
1271 2099 1514 2154 domum
1569 2097 1744 2164 thois,
1795 2098 1956 2169 ipsos

317 2190 689 2246 commodum
715 2189 814 2259 qui
843 2189 1105 2243 fraudem
1131 2187 1583 2243 adornarant.Hi
1607 2186 1801 2241 statim
1829 2189 1960 2256 post

316 2281 560 2335 ferinam
596 2279 762 2348 quasi
813 2264 966 2349 apud
1020 2277 1214 2331 thoem
1272 2275 1328 2330 in
1379 2275 1621 2329 latebris
1670 2279 1958 2344 repertam

316 2370 467 2426 leoni
504 2367 1067 2423 detulerunt.Adfuit
1089 2368 1239 2422 inter
1263 2367 1520 2436 reliquos
1541 2365 1718 2436 lupus
1741 2364 1958 2429 senior,

315 2457 628 2514 simulator
658 2457 833 2524 vafer,
868 2457 966 2527 qui
1005 2458 1219 2511 tamam
1259 2455 1506 2526 justitiaa
1539 2471 1602 2508 ac
1633 2453 1962 2508 sanctitatis

320 2548 453 2602 ﬁcta
485 2546 771 2600 modestia
800 2545 1133 2616 collegerat.
1164 2546 1217 2599 Is
1248 2544 1498 2616 graviter
1547 2548 1605 2598 et
1655 2542 1964 2613 diligenter

316 2637 495 2690 vitata
521 2634 681 2688 omni
715 2634 1048 2704 suspicione
1078 2633 1176 2688 irae
1200 2644 1296 2687 aut
1319 2632 1540 2688 livoris.
1576 2632 1871 2703 suggessit
1901 2630 1961 2684 in

319 2740 518 2779 aurem
555 2722 674 2794 regi
711 2738 723 2777 :
756 2721 811 2775 Si
844 2722 1072 2776 veniam
1105 2723 1255 2790 apud
1291 2725 1347 2776 te
1371 2720 1596 2774 invenit
1644 2725 1763 2774 tam
1798 2723 1962 2774 atrox

314 2820 372 2870 et
403 2811 778 2869 manifestum
811 2809 1234 2877 scelus,nullus
1265 2810 1376 2864 erit
1405 2809 1615 2864 deinde
1647 2808 1746 2880 qui
1770 2809 1962 2863 defer-

317 2921 376 2959 re
408 2901 594 2957 ullum
629 2900 911 2955 indicium
947 2901 1161 2955 audeat
1191 2898 1644 2954 machinationis
1676 2897 1962 2968 cujusvis,

324 2993 498 3049 etiam
531 2991 591 3045 in
641 2994 817 3060 caput
863 2993 1055 3044 tuum.
1107 2989 1224 3043 Hoc
1272 2987 1363 3043 leo
1412 2987 1613 3042 audito
1665 2986 1963 3058 compingi

314 3083 506 3138 thoem
535 3079 720 3150 jussit
749 3078 809 3133 in
843 3094 1156 3133 carcerem.
1207 3079 1349 3132 Dum
1382 3077 1438 3131 id
1473 3076 1656 3139 ﬁeret,
1689 3075 1960 3130 adulator

325 3171 561 3245 quidam
593 3186 661 3224 ex
692 3167 1045 3223 astantibus.
1081 3167 1336 3235 Dudum,
1369 3167 1451 3221 ait
1482 3165 1741 3220 mirabar
1766 3182 1799 3220 a
1830 3181 1956 3219 sce-

322 3261 504 3317 lerato
535 3260 651 3314 isto
683 3259 884 3312 fucum
918 3256 1041 3311 ﬁeri
1089 3255 1611 3326 perspicacissimte
1652 3254 1958 3325 sagacitati

315 3349 536 3405 domini
570 3347 776 3402 nostri.
815 3346 935 3400 Sub
967 3345 1087 3399 haec
1121 3345 1284 3399 misit
1305 3345 1392 3398 leo
1424 3345 1493 3396 ad
1525 3343 1719 3398 thoem
1746 3343 1960 3413 quaesi-

316 3445 472 3495 tores
503 3454 569 3492 ex
601 3437 803 3490 eadem
837 3434 1337 3504 sycophantarum
1389 3432 1627 3485 cohorte
1675 3431 1772 3501 qui
1823 3447 1956 3485 eum

315 3529 742 3596 interrogarent
765 3523 822 3577 in
840 3521 1550 3576 custodia.Conﬁnxerunt
1572 3519 1655 3572 illi
1682 3535 1963 3589 responsa

315 3620 442 3690 ejus
476 3615 849 3672 contumacia
879 3618 934 3668 et
955 3610 1381 3666 contumeliosa
1409 3609 1468 3664 in
1515 3610 1959 3681 principem,cui

317 3713 375 3763 et
404 3723 537 3761 mox
568 3705 769 3759 eadem
804 3705 1222 3773 exaggerantes
1255 3699 1716 3753 invidiosissime
1749 3701 1960 3753 retule-

319 3795 631 3861 runt,adeo
665 3800 726 3846 ut
757 3792 828 3846 iis
853 3791 1068 3845 auditis
1092 3791 1364 3845 efferatus
1384 3788 1473 3844 leo
1491 3789 1685 3842 thoem
1714 3787 1962 3842 interﬁci

323 3884 648 3940 mandaret.

389 3989 513 4045 VII.
545 3986 812 4042 Pervenit
839 3984 1075 4040 interim
1104 3985 1172 4037 ad
1201 3987 1443 4038 matrem
1476 3983 1628 4052 regis
1659 3983 1838 4036 totius
1861 3999 1964 4037 no-

316 4080 445 4135 titia
472 4076 802 4134 calumniae.
840 4075 971 4129 Hinc
1001 4074 1255 4143 primum
1287 4073 1576 4140 omnium,
1609 4072 1762 4143 quod
1799 4069 1966 4126 facile

319 4169 568 4239 poterat,
604 4167 838 4235 propter
868 4161 1274 4217 auctoritatem
1298 4157 1963 4227 summam,dilationem

319 4254 674 4326 interposuit
706 4250 1018 4322 supplicio.
1051 4251 1199 4304 Tum
1254 4247 1480 4303 leonem
1539 4246 1809 4317 privatim
1866 4263 1964 4316 ag-

321 4362 542 4417 gressa,
575 4346 759 4409 Quam
794 4343 866 4396 ob
899 4357 1158 4404 causam;
1192 4339 1296 4404 ait,
1333 4338 1433 4402 ﬁli,
1475 4336 1782 4408 capitalem
1835 4353 1964 4391 sen-

317 4433 558 4489 tentiam
589 4433 645 4486 in
677 4432 868 4486 thoem
896 4427 1327 4500 pronuntiasti?
1359 4425 1579 4480 Retulit
1602 4425 1688 4479 leo
1712 4441 1838 4495 quae
1863 4442 1967 4479 eu-

322 4523 510 4578 dierat
541 4526 596 4576 et
626 4521 883 4585 viderat;
917 4522 975 4572 et
1003 4516 1102 4571 illa
1136 4533 1147 4570 :
1183 4514 1519 4580 Festinasti,
1575 4513 1678 4579 ﬁli,
1714 4514 1964 4568 nimium

320 4613 376 4666 in
414 4627 473 4666 re
507 4608 739 4664 maximi
763 4606 1073 4674 momenti;
1106 4610 1160 4659 et
1185 4609 1472 4675 quantum
1507 4603 1564 4656 in
1599 4607 1656 4656 te
1689 4603 1967 4668 fuit,serae

321 4700 429 4755 tibi
463 4698 815 4771 paenitentiae
841 4697 897 4749 in
931 4696 1110 4749 vitam
1141 4693 1421 4763 reliquam
1460 4691 1622 4745 triste
1656 4708 1964 4762 argumen-

319 4795 441 4845 tum
476 4786 851 4857 comparasti.
876 4784 1176 4838 Sustinere
1207 4785 1541 4853 oportuerat
1571 4784 1627 4834 et
1659 4780 1922 4834 cunctari
1949 4798 1962 4844 ;

321 4896 458 4935 nam
494 4875 707 4932 mulier
738 4892 838 4945 per
860 4874 1045 4928 virum
1081 4889 1255 4927 suum
1291 4869 1594 4937 stat,ﬁlius
1629 4885 1729 4940 per
1760 4885 1965 4939 paren-

320 4975 432 5033 tes,
466 4964 792 5035 discipulus
833 4979 934 5034 per
973 4962 1346 5032 magistrum,
1400 4959 1690 5012 exercitus
1722 4975 1824 5028 per
1855 4959 1964 5011 du-

320 5075 466 5125 cem,
501 5053 880 5128 populusper
911 5067 1128 5122 regem,
1181 5064 1279 5104 rex
1329 5065 1430 5118 per
1476 5048 1685 5117 legem,
1729 5046 1819 5100 lex
1866 5063 1967 5118 per

321 5145 720 5219 prudentiam,
754 5140 1066 5214 prudentia
1097 5155 1198 5210 per
1245 5136 1720 5198 cunctationem;
1750 5143 1804 5190 et
1849 5136 1964 5189 ini-

319 5238 467 5292 tium
501 5231 801 5306 sapientia:
832 5229 952 5300 regi
987 5233 1096 5294 est,
1129 5243 1301 5282 nosse
1331 5225 1442 5280 sibi
1470 5225 1866 5295 subjectos,ac
1895 5225 1966 5279 de

318 5341 548 5393 quoque
579 5324 844 5395 ipsorum
875 5318 1210 5375 existimare
1243 5319 1417 5387 prout
1439 5330 1628 5368 mores
1659 5314 1785 5382 ejus
1804 5317 1962 5368 sunt.

322 5415 381 5469 Id
415 5414 464 5468 si
499 5415 738 5480 faceres,
792 5426 906 5464 non
955 5404 1252 5460 mirareris
1303 5403 1516 5472 probos
1566 5400 1889 5472 oppugnari
1933 5419 1966 5456 a

322 5501 731 5571 nequissimis,
764 5515 869 5553 nec
902 5497 1072 5550 ﬁdem
1118 5491 1190 5546 iis
1234 5491 1524 5545 tribueres
1580 5489 1796 5560 quibus
1827 5506 1965 5560 sup-

323 5589 498 5662 plicia
528 5589 1011 5644 debebas.Nonne
1042 5580 1370 5636 innumeris
1401 5577 1814 5648 experimentis
1839 5593 1963 5648 per-

2058 478 2176 528 tam
2217 474 2331 530 cito
2390 481 2624 547 propter
2685 478 3247 534 inverisimillimum
3294 480 3519 536 crimen
3567 482 3705 534 sub-

2058 565 2254 616 tractae
2287 567 2637 632 carunculae,
2681 567 2754 622 ad
2784 567 3139 624 delationem
3189 569 3540 624 aemulorum
3581 571 3711 640 ejus

2059 651 2277 708 scelere
2308 652 2710 724 flagrantium,
2743 672 2812 710 ex
2844 657 3051 712 fraude
3092 657 3458 729 perﬁdiaque
3487 659 3710 713 conﬁa-

2057 744 2279 810 torum,
2343 744 2515 799 morti
2573 744 2902 800 addixisti?
2976 746 3180 802 Nescis
3250 746 3502 818 capitale
3577 764 3706 802 esse

2056 830 2316 901 regibus,
2350 831 2481 886 aliis
2511 836 2876 890 committere
2906 853 3032 905 qua:
3064 851 3265 905 gerere
3297 852 3399 907 per
3433 853 3563 892 sese
3593 837 3704 908 ipsi

2055 919 2320 974 debent?
2349 920 2473 976 Non
2507 922 2669 976 vides
2702 924 2804 994 qui
2836 924 3037 980 vinum
3095 931 3328 988 emunt,
3382 942 3555 995 quam
3608 927 3700 979 di-

2053 1007 2301 1078 ligenter
2333 1009 2496 1080 prius
2527 1011 2832 1082 explorent
2863 1011 3138 1076 colorem,
3171 1013 3699 1085 odorem,gustum,

2055 1113 2126 1151 ne
2157 1113 2275 1167 qua
2306 1099 2453 1169 ipsis
2485 1100 2646 1154 fraus
2681 1100 2828 1154 ﬁat?
2861 1106 3082 1171 quanto
3116 1102 3306 1172 magis
3336 1103 3494 1156 decet
3527 1119 3690 1172 reges

2057 1185 2458 1242 curiosissime
2483 1187 2764 1260 indagare
2794 1195 3007 1244 cuncta
3037 1189 3094 1243 in
3122 1189 3357 1260 negotio
3391 1191 3446 1243 in
3470 1206 3582 1260 quo
3608 1193 3695 1243 ni-

2055 1273 2136 1327 hil
2172 1275 2364 1329 minus
2396 1292 2574 1346 quam
2599 1277 2760 1349 regni
2796 1277 2957 1333 salus
2986 1277 3213 1347 agitur!
3249 1278 3523 1333 Minister
3553 1277 3706 1332 ﬁdus

2055 1379 2120 1416 ac
2164 1365 2423 1434 prudens
2465 1365 2770 1420 brachium
2820 1368 3088 1422 dextrum
3143 1367 3454 1438 principis,
3510 1367 3711 1436 reipu-

2056 1451 2220 1506 blicae
2266 1453 2698 1509 ﬁrmamentum
2745 1471 2812 1509 ac
2866 1455 3138 1510 columen
3184 1461 3294 1510 est.
3347 1460 3475 1509 Non
3527 1455 3715 1526 igitur

2055 1542 2356 1611 oportebat
2387 1548 2442 1597 te
2471 1541 2569 1597 alii
2605 1544 2780 1599 ﬁdere
2809 1543 2867 1598 in
2919 1545 3248 1613 cognitione
3296 1544 3436 1598 talis
3493 1559 3711 1611 causa,

2056 1630 2378 1700 praesertim
2411 1648 2567 1700 cum,
2602 1637 2666 1686 ut
2689 1632 2830 1701 dixi,
2867 1632 3028 1688 nulla
3057 1632 3579 1688 verisimilitudine
3600 1632 3713 1686 cri-

2058 1735 2187 1772 men
2221 1719 2768 1785 nitatur.Quomodo
2797 1721 2954 1776 enim
2985 1721 3086 1793 qui
3113 1722 3507 1793 temperantia
3529 1737 3713 1791 spon-

2059 1811 2230 1862 tanea
2261 1808 2437 1878 (quod
2470 1809 2747 1864 omnibus
2793 1815 2883 1864 est
2925 1810 3331 1878 notissimum)
3375 1812 3542 1864 omni
3590 1810 3710 1864 sibi

2058 1896 2360 1952 interdixit
2387 1913 2488 1952 esu
2521 1899 2810 1963 carnium,
2842 1899 3000 1953 credi
3024 1901 3207 1968 possit
3231 1899 3480 1953 ferinam
3503 1915 3532 1952 e
3552 1915 3706 1969 penu

2057 1987 2158 2037 tua
2190 1985 2596 2040 subtraxisse?
2626 1986 2802 2058 Finge
2833 1986 2970 2057 gula
2999 1988 3217 2041 victum
3257 2005 3272 2043 :
3304 1988 3551 2042 deerant
3582 2004 3715 2041 ma-

2059 2071 2204 2129 cella
2251 2073 2548 2144 locupleti,
2594 2075 2838 2129 deerant
2895 2092 3140 2130 munera
3192 2076 3460 2130 certatim
3515 2077 3720 2132 oblata

2059 2168 2425 2231 venatorum,
2462 2180 2562 2234 per
2593 2180 2720 2234 qua
2751 2162 3059 2235 cupiditati
3091 2165 3506 2220 satisfaceret?
3537 2171 3604 2220 At
3629 2167 3718 2218 in-

2063 2254 2236 2302 venta
2264 2249 2421 2302 domi
2453 2250 2580 2319 ejus
2613 2249 2794 2304 ferina
2823 2254 2922 2304 tua
2954 2250 3089 2306 est?
3135 2255 3356 2322 Nempe
3404 2255 3478 2307 ab
3515 2253 3590 2307 iis
3614 2252 3716 2322 qui

2066 2338 2175 2407 ipsi
2209 2338 2640 2403 subtraxerant,
2663 2339 2775 2410 ipsi
2801 2355 2868 2394 eo
2897 2339 3239 2406 intulerant,
3261 2345 3327 2395 ut
3358 2342 3559 2397 thoem
3585 2358 3721 2413 per-

2066 2429 2291 2483 derent.
2326 2432 2403 2484 An
2438 2435 2528 2484 est
2556 2430 2868 2485 obscurum
2915 2448 3120 2486 omnes
3162 2432 3310 2486 istos
3356 2432 3593 2486 invidiae
3625 2450 3718 2487 ra-

2067 2519 2160 2574 bie
2189 2517 2249 2572 in
2281 2535 2415 2572 eum
2449 2520 2684 2574 furere?
2715 2519 2928 2574 Vident
2965 2521 3236 2593 occupari
3286 2522 3357 2575 ab
3410 2538 3478 2576 eo
3525 2520 3724 2575 locum

2069 2624 2240 2678 quem
2274 2607 2386 2662 sibi
2413 2608 2723 2674 ambiunt;
2759 2625 2900 2679 opes
2931 2611 3084 2679 ejus,
3117 2611 3427 2675 honorem,
3462 2611 3724 2664 auctori-

2069 2702 2272 2764 tatem,
2305 2697 2462 2768 apud
2495 2701 2547 2751 te
2577 2697 2848 2767 gratiam,
2884 2698 3117 2768 propria
3151 2698 3510 2753 detrimenta
3541 2699 3728 2754 inter-

2070 2791 2377 2858 pretantur
2405 2829 2419 2854 ,
2453 2791 2715 2856 spectare
2747 2785 3047 2842 ﬂorentem
3096 2787 3258 2843 illum
3307 2793 3500 2844 morte
3553 2789 3724 2860 pejus

2070 2877 2293 2930 ducunt
2326 2891 2338 2928 :
2371 2875 2456 2930 sic
2483 2875 2706 2930 vulturi
2750 2880 2973 2947 partem
3020 2877 3321 2932 cadaveris
3372 2878 3605 2942 ferenti,
3636 2879 3719 2933 sic

2069 2966 2198 3022 cani
2233 2983 2366 3022 osse
2385 2970 2549 3037 rapto
2579 2966 3024 3040 fugienti,multi
3045 2968 3264 3024 circum
3289 2968 3520 3024 instant
3538 2969 3726 3023 vultu-

2072 3073 2165 3111 res
2203 3060 2261 3111 et
2309 3071 2482 3110 canes
2513 3054 2610 3109 alii
2670 3057 2920 3124 praedam
2955 3061 3301 3128 extorquere
3359 3062 3722 3129 satagentes.

1990 3116 2033 3183 Ο
2073 3147 2134 3199 In
2169 3161 2407 3199 summa
2435 3143 2519 3198 sic
2552 3143 2721 3212 habe,
2757 3144 2974 3200 bellum
3022 3161 3152 3200 esse
3202 3146 3636 3200 internecinum
3668 3151 3720 3200 et

2066 3233 2675 3306 implacabile,natura
2697 3240 3102 3305 comparatum
3133 3238 3308 3306 atque
3327 3235 3710 3289 commissum

2068 3322 2222 3376 inter
2252 3322 2551 3392 improbos
2591 3322 2858 3377 subditos
2903 3326 2961 3377 et
2998 3323 3216 3377 bonum
3266 3322 3608 3394 principem.
3641 3323 3701 3376 In

2067 3425 2133 3464 eo
2166 3409 2317 3464 bello
2349 3411 2524 3464 cardo
2558 3409 2799 3481 periculi
2822 3415 2878 3464 et
2899 3427 3033 3482 spes
3056 3411 3308 3473 victoriis
3334 3411 3394 3464 in
3421 3411 3707 3464 ministro-

2069 3517 2200 3554 rum
2234 3499 2513 3570 qualitate
2545 3500 2791 3554 vertitur
2828 3517 2841 3555 :
2878 3499 3056 3554 vincit
3088 3500 3362 3570 princeps
3412 3502 3462 3553 si
3499 3499 3712 3554 mordi-

2067 3605 2172 3643 cus
2203 3593 2364 3643 tenet
2394 3587 2760 3643 consiliarios
2793 3589 3087 3659 sapientes
3131 3592 3188 3642 et
3237 3587 3443 3642 ﬁdeles
3477 3607 3491 3654 ;
3529 3589 3577 3642 si
3616 3603 3712 3658 pro

2068 3677 2288 3732 talibus
2320 3676 2619 3732 calumnia
2640 3677 2882 3732 extortis
2906 3681 3060 3732 artes
3080 3676 3353 3748 malignae
3376 3677 3710 3731 invidorum

2067 3765 2365 3837 improbos
2396 3767 2727 3837 inﬁdosque
2759 3765 3062 3821 ministros
3100 3765 3487 3832 obtruserint,
3519 3773 3710 3820 actum

2070 3855 2141 3908 de
2163 3870 2294 3923 rege
2320 3861 2405 3907 est
2438 3869 2451 3906 :
2487 3854 2748 3908 seditiosi
2802 3854 2873 3908 de
2927 3851 3029 3908 illo
3076 3869 3141 3906 ac
3187 3851 3457 3918 rebelles,
3496 3853 3710 3924 ingenti

2071 3942 2403 4012 reipublicze
2452 3943 2638 4010 clade,
2686 3941 3161 4014 triumphabant.
3211 3943 3400 4006 Quare
3449 3942 3510 3996 in
3560 3959 3628 3996 ea
3663 3960 3714 3997 re

2070 4037 2326 4085 extremo
2358 4035 2566 4085 conatu
2609 4031 3018 4099 decertare,sic
3039 4035 3319 4100 tanquam
3343 4047 3446 4102 pro
3468 4031 3588 4085 arie
3611 4049 3710 4102 pu-

2071 4123 2207 4189 gnet
2237 4123 2292 4174 et
2320 4119 2486 4187 focis,
2521 4119 2791 4190 princeps
2832 4118 3066 4190 sapiens
3115 4119 3306 4182 debet,
3364 4135 3437 4174 ne
3493 4119 3708 4174 idoneis

2073 4215 2398 4278 compertos
2430 4207 2798 4263 nocumentis
2824 4208 3033 4278 probos
3083 4223 3147 4262 ac
3191 4207 3443 4263 solertes
3476 4209 3709 4262 admini.

2074 4304 2226 4351 stros
2256 4296 2402 4367 eripi
2434 4297 2545 4350 sibi
2578 4296 2855 4368 patiatur,
2887 4300 2943 4351 et
2974 4300 3037 4350 ut
3070 4296 3128 4350 in
3151 4295 3365 4350 horum
3402 4296 3712 4368 perniciem

2073 4387 2326 4440 intentas
2360 4385 2662 4440 machinas
2697 4385 3096 4456 improbitatis
3145 4385 3402 4456 disjiciat
3451 4403 3517 4440 ac
3568 4387 3712 4440 fran-

1998 4467 2045 4531 D
2077 4480 2198 4546 gat.

2147 4597 2293 4654 VIII.
2325 4602 2457 4653 Haec
2486 4598 2739 4653 maxime
2771 4597 2970 4670 regina
3018 4599 3364 4663 disserente,
3417 4601 3656 4670 quidam
3688 4618 3717 4655 e

2077 4687 2401 4758 conjuratis
2434 4687 2773 4742 auctoribus
2803 4687 3330 4754 calumniaz,sontis
3353 4691 3720 4744 conscientiae

2077 4777 2402 4830 convicium
2456 4793 2569 4831 non
2618 4776 2832 4844 ferens,
2892 4776 3144 4846 procidit
3191 4777 3260 4830 ad
3316 4779 3493 4848 pedes
3544 4780 3721 4850 regis,

2081 4867 2299 4933 Fateor,
2332 4865 2626 4936 inquiens,
2652 4866 2908 4930 domine,
2936 4865 3129 4920 scelus
3161 4882 3356 4920 meum
3395 4883 3407 4921 :
3442 4867 3720 4922 innocens

2075 4954 2209 5009 thus
2241 4958 2326 5008 est
2360 4954 2626 5008 criminis
2657 4953 2932 5025 impacti;
2966 4969 3071 5024 ego
3107 4954 3348 5008 ferinam
3402 4972 3579 5026 quam
3615 4958 3718 5012 tibi

2075 5059 2444 5113 seposueras,
2479 5059 2509 5096 e
2540 5059 2691 5114 penu
2747 5047 2848 5097 tua
2894 5043 3144 5106 iuratus,
3192 5043 3248 5096 in
3301 5043 3431 5112 ejus
3477 5046 3717 5100 domum

2075 5131 2276 5186 detuli.
2311 5132 2430 5200 Ego
2462 5131 2614 5185 idem
2646 5131 2721 5185 ibi
2753 5147 2883 5187 eam
2915 5131 3012 5184 ubi
3045 5131 3469 5187 absconderam
3508 5135 3714 5204 reperi,

2075 5221 2344 5292 produxi,
2379 5225 2442 5274 ut
2481 5225 2556 5287 te,
2609 5222 2761 5291 quod
2815 5219 3077 5292 contigit,
3123 5221 3193 5275 ad
3242 5237 3374 5275 eum
3424 5223 3709 5278 damnan-

2075 5311 2217 5364 dum
2255 5307 2637 5380 impellerem.
2674 5309 2799 5364 Feci
2843 5307 2952 5362 hoc
2997 5314 3055 5362 et
3102 5307 3326 5364 malitia
3374 5311 3612 5382 propria
3655 5318 3713 5367 et

2079 5415 2258 5454 suasu
2309 5397 2710 5468 instinctuque
2758 5397 3171 5468 plerorumque
3226 5397 3549 5453 aulicorum
3613 5403 3706 5472 qui

2076 5487 2270 5542 thoem
2307 5487 2556 5558 pessime
2587 5487 2855 5552 oderunt,
2885 5486 3038 5556 quod
3093 5485 3196 5540 tibi
3246 5485 3484 5554 cbarus,
3535 5496 3590 5544 et
3624 5491 3711 5544 ni-

2079 5576 2290 5642 mium,
2326 5580 2390 5630 ut
2419 5574 2567 5647 ipsis
2595 5574 2846 5645 videtur,
2897 5573 3032 5630 felix
3071 5578 3161 5630 est
3211 5575 3442 5631 Miranti
3490 5579 3564 5632 ad
3598 5579 3715 5634 haec
