4002 6202
240 340 382 396 1345

1254 331 1615 385 SPECIMEN
1657 329 2062 385 SAPIENTIE
2101 334 2432 389 lNDORUM
2473 337 2629 389 VET.

3514 344 3648 398 1346

232 465 381 537 regi,
415 468 472 517 et
503 466 669 516 tanto
702 459 835 530 plus
869 472 1054 529 prono
1088 456 1160 510 ad
1197 453 1726 525 obtemperandum
1768 470 1895 507 mo~
1926 456 1979 521 Α
2002 456 2180 523 juriis
2215 456 2433 524 lasere,
2470 460 2541 513 ab
2570 458 2644 514 iis
2678 477 2827 530 quos
2860 478 2918 515 re
2970 462 3244 516 familiari
3293 465 3645 536 spoliarunt,

234 555 380 610 nitis
414 551 641 619 matris,
680 548 781 603 illa
810 562 1077 603 sermone
1102 548 1427 616 resumpto,
1459 542 1603 597 Huic
1654 541 1889 614 quidem

236 644 397 700 ultro
431 639 725 714 proﬁtenti
758 636 1182 709 pmnitentiam,
1213 638 1401 705 potes,
1450 633 1661 704 inquit,
1724 632 1890 703 igno-

238 748 425 795 scere,
486 733 727 785 caeteros
758 726 891 780 illos
921 740 1173 796 quorum
1224 728 1314 777 est
1370 720 1655 777 scelerata
1686 721 1895 791 depre-

238 822 428 877 hensa
459 818 652 884 coitio,
704 818 772 870 ad
814 830 998 869 unum
1056 812 1339 867 interﬁce.
1392 811 1505 866 Nec
1555 816 1895 865 contemnas

242 906 708 964 imbecillitatem
743 903 1183 975 plerorumque,
1232 916 1367 953 nam
1403 899 1508 953 etsi
1562 900 1691 953 feno
1748 897 1894 952 nihil

246 997 558 1060 humilius,
618 991 1103 1059 nihilinﬁrmius,
1155 995 1351 1043 tamen
1405 1004 1475 1043 ex
1523 1005 1588 1043 eo
1620 986 1895 1058 manipu-

245 1085 411 1141 latim
444 1085 655 1137 intorto
690 1082 858 1136 funes
884 1083 1205 1134 nectuntur
1251 1076 1351 1147 qui
1401 1077 1574 1131 etiam
1618 1075 1895 1145 elephan-

247 1179 336 1229 tes
363 1172 641 1243 alligent;
686 1170 881 1224 thocm
914 1184 1048 1222 vero
1085 1167 1281 1221 statim
1309 1182 1517 1220 censeo
1548 1165 1605 1219 in
1642 1165 1893 1235 priorem

253 1262 533 1317 restituas
558 1258 788 1314 honoris
821 1258 1095 1328 gradum,
1121 1255 1346 1325 tibique
1377 1254 1535 1309 omni
1570 1270 1677 1324 ope
1709 1253 1898 1307 conci-

256 1352 559 1406 lies.Tunc
588 1348 672 1403 leo
705 1364 718 1401 :
773 1346 1003 1401 Faciam
1037 1345 1191 1415 quod
1236 1346 1434 1413 jubes,
1480 1348 1684 1408 mater,
1719 1342 1894 1396 etiam

256 1456 389 1507 mea
419 1442 659 1509 sponte;
694 1452 830 1490 nam
873 1439 1118 1506 purgata
1147 1433 1465 1499 calumnia,
1501 1432 1808 1501 revigescit
1838 1431 1894 1484 in

255 1545 387 1583 meo
416 1528 611 1583 animo
643 1524 900 1580 charitas
958 1523 1017 1577 in
1060 1522 1275 1586 thoem,
1309 1521 1482 1592 cujus
1540 1520 1715 1575 etiam
1769 1538 1899 1589 pro-

244 1616 563 1672 videntiam
598 1614 891 1679 recordor,
926 1612 1047 1666 haec
1094 1628 1221 1682 quae
1266 1610 1643 1681 contigerunt
1694 1608 1895 1679 praevi-

245 1704 461 1772 dentis,
492 1710 549 1759 et
581 1703 725 1758 mihi
758 1700 1128 1772 suggerentis
1165 1698 1333 1753 utilia
1378 1700 1749 1769 praecavenda
1806 1715 1897 1752 er-

1999 546 2072 599 ab
2104 546 2175 600 iis
2206 564 2350 616 quos
2372 548 2495 603 sine
2526 565 2706 604 causa
2738 549 2940 605 exsilio
2999 551 3381 617 mulctarunt,
3445 557 3518 609 ab
3573 558 3647 612 iis

2001 650 2148 704 quos
2205 635 2554 691 fraudarunt
2603 641 2870 694 mercede
2923 656 3108 709 operae
3157 645 3257 695 aut
3306 643 3643 713 stipendiis,

2001 729 2277 792 praeterea
2310 725 2380 779 ab
2414 726 2625 793 avaris,
2668 728 2740 782 ab
2786 728 3253 798 incxplebilibus,
3290 731 3540 803 denique
3576 735 3647 787 ab

2002 809 2119 865 illis
2151 813 2246 881 qui
2280 812 2545 883 publicas
2581 815 2860 871 utilitates
2885 818 3116 887 prOpria
3138 820 3348 873 damna
3376 826 3649 892 reputan-

2001 900 2430 971 tes,desperant
2459 920 2521 957 se
2554 920 2723 973 posse
2776 906 2919 975 ﬁeri,
2964 906 3071 961 nisi
3124 910 3422 963 communi
3474 910 3647 964 infor-

1999 988 2414 1058 tunio,felices.
2452 992 2561 1045 Hos
2595 1009 2797 1047 omnes
2823 994 3092 1065 princeps
3116 998 3351 1066 sapiens
3384 998 3640 1053 hostium

1998 1076 2123 1132 loco
2158 1077 2371 1134 habere
2403 1097 2436 1134 a
2478 1097 2659 1153 seque
2708 1098 2999 1138 removere
3052 1083 3395 1155 longissime
3454 1088 3640 1141 debet.

2001 1166 2118 1220 Etsi
2147 1165 2302 1221 enim
2327 1168 2501 1240 culpa
2530 1174 2738 1223 vacant
2768 1171 2961 1241 priora
2993 1178 3240 1243 quatuor
3281 1191 3516 1245 genera,
3566 1181 3647 1230 ta-

2002 1271 2134 1308 men
2169 1272 2419 1327 magnus
2452 1256 2616 1312 dolor
2644 1274 2712 1313 ex
2743 1260 2957 1315 damno
2991 1262 3145 1331 quod
3180 1269 3319 1317 sunt
3371 1263 3526 1333 passi
3556 1280 3646 1318 ve-

2003 1343 2347 1399 risimiliter'.
2378 1344 2511 1401 illos
2543 1347 2876 1402 stimularet
2908 1350 2977 1402 ad
3014 1367 3125 1404 non
3153 1351 3560 1417 omittendam,
3595 1351 3646 1405 si

2004 1449 2264 1504 unquam
2300 1441 2650 1499 occurreret,
2710 1442 2811 1492 aut
2853 1438 3030 1493 etiam
3083 1438 3233 1494 ultro
3278 1442 3648 1510 quaerendam

2003 1524 2473 1594 captandamque
2531 1525 2898 1580 occasionem
2958 1528 3221 1583 ultionis.
3279 1529 3415 1584 Sine
3469 1529 3651 1600 igitur

2005 1611 2272 1666 recedere
2304 1628 2396 1666 me
2427 1612 2485 1665 in
2520 1613 2742 1667 dudum
2777 1619 3034 1685 optatam
3069 1616 3475 1683 solitudinem,
3509 1635 3652 1688 prae-

2006 1700 2207 1754 sertim
2240 1717 2373 1755 cum
2407 1701 2792 1771 opportunior
2820 1702 3095 1773 deinceps
3129 1721 3306 1773 quam
3343 1707 3507 1776 prius
3559 1723 3654 1760 ca-

243 1795 385 1865 rori,
411 1792 520 1848 nisi
544 1792 687 1847 laeva
719 1807 886 1846 mens
918 1790 1141 1844 fuisset.
1180 1788 1505 1860 Rogaverat
1535 1788 1715 1853 enim,
1753 1792 1816 1841 ut
1848 1788 1895 1841 si
1931 1821 1978 1884 B
2006 1787 2250 1844 lumniis
2280 1790 2392 1843 sim
2428 1791 2662 1845 futurus
2694 1807 3071 1861 perseverans
3104 1793 3158 1845 in
3196 1794 3542 1848 ministerio.
3570 1796 3659 1849 Si-

247 1885 485 1955 quando
508 1883 745 1953 aliquod
781 1883 910 1951 ejus
938 1879 1155 1934 crimen
1190 1879 1515 1932 del‘erretur
1546 1879 1613 1932 ad
1652 1893 1900 1939 me,sus-

244 1976 497 2029 tinerem
522 1972 815 2043 judicium
841 1986 1022 2039 usque
1063 1968 1136 2023 ab
1169 1967 1607 2039 inquisitionem
1644 1966 1897 2036 plenam,

246 2063 433 2134 quod,
456 2060 569 2115 heu
606 2058 733 2116 me!
769 2076 883 2114 non
919 2058 1049 2121 feci,
1085 2058 1184 2111 sed
1217 2056 1427 2111 faciam
1462 2056 1511 2110 si
1561 2056 1706 2110 alias
1758 2072 1902 2109 usus

251 2153 477 2206 incidet
509 2166 522 2206 :
556 2150 709 2204 serio
740 2150 894 2204 enim
929 2147 1169 2218 pmnitet
1224 2152 1341 2200 tam
1400 2146 1683 2199 damnose
1741 2144 1901 2199 festi-

252 2256 453 2295 nasse.
482 2240 583 2293 His
610 2238 783 2292 dictis
816 2235 1120 2291 confestim
1155 2234 1265 2289 sibi
1300 2234 1431 2289 sisti
1471 2233 1655 2303 jussit
1705 2233 1902 2287 thocm

249 2328 593 2395 liberum,et
630 2326 960 2396 insignibus
993 2328 1265 2378 ornatum
1300 2320 1899 2392 dignitatispristinaa;

255 2434 433 2490 quem
469 2416 851 2488 amplectens,
886 2413 1238 2477 Erravimus,
1273 2412 1484 2481 inquit,
1518 2412 1618 2466 sed
1652 2411 1905 2465 circum-

254 2506 421 2563 venti
450 2505 601 2560 dolis
635 2503 825 2558 malis.
861 2503 1164 2573 Sapienter
1190 2518 1222 2555 a
1254 2507 1306 2555 te
1339 2500 1681 2571 praemonita
1714 2500 1907 2552 incon-

255 2596 414 2652 sulte
447 2594 849 2665 negleximus;
882 2608 1082 2646 verum
1116 2590 1212 2644 icti
1242 2590 1673 2661 sapiemus,nec
1705 2590 1774 2642 de
1806 2605 1908 2642 ca}-

256 2693 388 2742 tero
438 2685 511 2740 ab
560 2680 897 2738 istiusmodi
957 2680 1186 2734 insidiis
1248 2677 1570 2751 periculum
1633 2678 1734 2732 tibi
1797 2684 1905 2733 est.

254 2780 445 2845 Perge
474 2788 718 2829 securus
752 2769 1007 2825 ferendis
1028 2785 1093 2823 ac
1118 2767 1439 2839 partiendis
1472 2767 1779 2822 nobiscum
1805 2783 1907 2820 cu-

258 2864 349 2918 ris
374 2860 624 2933 imperii.
655 2859 756 2915 Cui
790 2859 942 2913 thos.
976 2855 1243 2912 Uttalem
1280 2872 1369 2911 me
1420 2857 1649 2926 probes,
1697 2856 1909 2926 inquit,

261 2952 501 3024 qualem
533 2950 646 3005 ista
677 2946 1014 3020 dignatione
1045 2946 1277 3001 credere
1309 2945 1592 3011 ostendis,
1636 2944 1743 3000 hoc
1802 2949 1913 3015 est,

258 3042 374 3097 tibi
408 3040 590 3094 ﬁdum
630 3042 687 3093 et
736 3035 1041 3093 verissime
1101 3033 1464 3102 benevolum,
1517 3033 1655 3087 audi
1716 3050 1911 3087 meum

263 3128 609 3197 consilium,
642 3131 701 3181 et
731 3125 815 3180 sic
863 3106 1032 3189 habe,
1068 3122 1213 3178 nihil
1243 3139 1372 3178 esse
1422 3122 1613 3192 magis
1655 3120 1913 3176 salutare

2009 1879 2246 1948 quidem
2282 1879 2533 1935 conﬂata
2563 1880 2775 1934 iterum
2809 1881 2985 1951 (quod
3041 1881 3205 1936 vitari
3265 1883 3489 1953 nequit)
3526 1884 3653 1953 pari

2009 1966 2147 2020 huic
2178 1968 2233 2019 in
2268 1982 2358 2021 me
2392 1967 2638 2023 coitione
2677 1968 3077 2039 improborum
3127 1969 3291 2025 falsis
3346 1986 3438 2024 me
3497 1970 3660 2025 testi-

2012 2056 2226 2110 moniis
2257 2057 2993 2127 oppugnantium,accedet
3022 2060 3127 2113 tibi
3161 2076 3310 2114 nova
3339 2071 3521 2115 causa
3551 2061 3656 2114 cri-

2012 2145 2352 2199 minationis
2384 2144 2759 2201 admittendis
2790 2149 3231 2219 credendreque,
3267 2149 3419 2218 quod
3467 2150 3661 2203 existi-

2012 2251 2172 2288 mare
2206 2235 2413 2289 merito
2446 2235 2660 2306 poteris
2709 2237 2993 2292 memoria
3024 2255 3115 2291 nze
3148 2239 3375 2307 injuriae
3408 2244 3653 2310 acceptae

2013 2322 2189 2392 priori
2248 2323 2624 2379 damnatione
2654 2325 2725 2379 ad
2773 2326 2878 2380 tibi
2930 2328 3257 2381 nocendum
3322 2327 3657 2382 incitatum.

2014 2414 2112 2465 Hic
2145 2413 2480 2478 rex,iterum
2506 2414 2868 2485 amplectens
2897 2414 3115 2480 thoem,
3152 2417 3312 2484 Vera,
3348 2418 3559 2487 inquit,
3598 2418 3654 2470 in

2015 2501 2144 2554 aliis
2176 2502 2287 2556 ista
2318 2504 2437 2556 sint
2467 2519 2594 2573 quae
2617 2503 2875 2575 allegas:
2910 2509 3006 2557 tua
3038 2504 3459 2570 sincerissima,
3487 2505 3651 2559 boni-

2012 2595 2105 2644 tas
2134 2590 2277 2644 mihi
2304 2594 2663 2661 perspectior
2691 2597 2779 2647 est
2819 2609 2990 2663 quam
3042 2598 3107 2647 ut
3155 2610 3507 2664 quocunque
3558 2610 3662 2648 no—

2018 2680 2175 2734 mine
2207 2685 2514 2750 suspectus
2548 2697 2810 2751 unquam
2841 2697 2971 2736 esse
3026 2683 3217 2752 possis
3258 2688 3360 2737 aut
3407 2684 3659 2750 debeas;

2018 2786 2091 2823 ne
2113 2786 2283 2840 porro
2313 2768 2445 2834 ista,
2482 2772 2636 2824 unde
2664 2771 2918 2826 intentas
2954 2772 3097 2826 mihi
3140 2777 3385 2839 metum,
3434 2771 3661 2840 injuriae

2016 2858 2301 2911 memoria
2334 2857 2391 2912 in
2428 2863 2482 2912 te
2530 2860 2799 2928 resideat,
2851 2860 3103 2914 efﬁciam
3155 2860 3453 2914 beneﬁciis
3505 2859 3655 2914 mul-

2019 2946 2352 3015 tiplicandis
2380 2948 2597 3018 quibus
2628 2945 2789 3001 illam
2812 2948 3235 3017 autobliterem
3268 2956 3369 3003 aut
3391 2949 3663 3017 obruam;

2020 3037 2080 3086 tu
2114 3051 2230 3103 qua
2273 3035 2385 3089 ﬁde
2432 3035 2681 3106 cmpisti,
2714 3052 2888 3106 perge
2920 3036 3061 3090 mihi
3095 3042 3151 3091 et
3176 3037 3510 3108 reipublicae
3564 3054 3666 3091 na-

2018 3138 2153 3176 vare
2185 3138 2442 3193 operam,
2478 3123 2685 3194 majori
2709 3124 2884 3179 etiam
2926 3142 3101 3196 quam
3135 3126 3421 3181 hactenus
3452 3125 3666 3180 alacri-

264 3180 715 3289 regi‘buswquam
744 3180 1115 3270 subditorum
1146 3212 1370 3267 sincere
1401 3180 1660 3265 ﬁdelium
1695 3210 1911 3265 admit-
1938 3180 1981 3247 Ο
2018 3214 2157 3265 tate.
2189 3180 2519 3267 Restitutus
2550 3180 2684 3267 inde
2712 3213 2845 3268 thos
2875 3180 2968 3269 ost
2997 3214 3057 3269 in
3079 3214 3339 3284 pristinae
3372 3214 3673 3286 fastigium

267 3313 392 3362 tere
424 3304 604 3359 libera
632 3303 926 3359 monitaet
945 3318 1145 3357 eorum
1171 3298 1654 3371 suggestionibus
1667 3299 1909 3356 deferre.

265 3397 397 3462 Aio,
429 3412 542 3450 non
566 3392 833 3463 expedire
864 3391 969 3446 tibi
1030 3407 1121 3445 me
1179 3389 1431 3461 amplius
1483 3388 1690 3444 intimo
1747 3390 1914 3444 mini-

267 3484 452 3543 sterio
482 3483 715 3547 habere,
751 3479 895 3534 mihi
945 3477 1200 3549 amplius
1260 3478 1457 3531 ﬁdere.
1521 3478 1702 3547 Reges
1760 3477 1914 3531 enim

267 3577 500 3645 oportet
525 3571 633 3626 sibi
671 3585 869 3625 cavere
902 3568 973 3623 ab
1022 3568 1093 3621 iis
1126 3582 1273 3636 quos
1330 3565 1779 3619 vehementibus
1825 3565 1913 3618 in-

2024 3299 2351 3370 dignitatis,
2384 3302 2605 3373 ingenti
2637 3306 2695 3357 et
2724 3302 2962 3358 honoris
3004 3309 3062 3358 et
3093 3302 3296 3375 gratiae
3328 3307 3668 3375 augmento,

2026 3388 2250 3459 talique
2275 3390 2538 3462 exemplo
2570 3391 3137 3463 declaratum,posse
3169 3391 3467 3447 interdum
3511 3396 3668 3448 recte

2027 3494 2192 3549 rcges
2217 3479 2386 3533 inniti
2419 3496 2659 3535 securos
2690 3481 3074 3537 reconciliata:
3100 3482 3263 3553 prius
3287 3499 3318 3536 a
3350 3499 3411 3536 se
3441 3486 3671 3536 vexato-

2028 3581 2160 3621 rum
2196 3568 2630 3624 benevolentiae.

1374 3819 1531 3878 DlSt'
1551 3818 1884 3877 ERTATlO
1930 3818 2136 3876 PAltA
2153 3819 2421 3878 BOLICA
2467 3820 2569 3878 XI.

272 3938 464 4011 Quam
500 3944 677 4013 turpe
703 3933 780 3991 sit
800 3930 1042 4008 ingrati
1067 3924 1257 3986 animi
1286 3924 1507 3986 vitium
1537 3925 1595 3982 in
1625 3923 1856 4061 Immin:
1897 3932 2189 4013 monstrat
2216 3924 2488 4004 exemplo
2520 3923 2929 3998 bestiarum,et
2961 3926 3033 3984 ab
3065 3945 3127 3985 eo
3169 3926 3426 3985 deterret
3448 3945 3672 4005 prapo-

1688 4022 1811 4061 nosz
1845 4022 1880 4061 α
1908 4022 2037 4061 eius
2066 4022 2262 4061 paena.

1684 4022 1880 4081 poszza
1908 4022 2037 4082 ejus
2059 4022 2262 4083 paena.

353 4148 597 4221 Rogavit
632 4147 766 4202 inde
796 4143 1345 4219 gymnosophistam
1368 4154 1464 4192 rex
1486 4134 1929 4201 Abessalomus,

272 4246 344 4295 ut
404 4238 665 4293 indicare
713 4235 824 4290 sibi
879 4251 949 4289 ne
1009 4236 1346 4302 gravaretur
1405 4226 1497 4281 cui
1554 4224 1927 4297 potissimum

271 4326 561 4401 generi,et
593 4341 709 4397 quo
742 4323 994 4378 maxime
1014 4320 1302 4387 merito,et
1320 4314 1635 4389 gratiﬁcari
1668 4319 1724 4367 et
1752 4314 1929 4367 ﬁdere

272 4433 445 4487 reges
463 4416 731 4471 debeant.
762 4418 949 4483 Super
968 4426 1035 4465 eo
1066 4416 1434 4480 argumento,
1469 4406 1769 4474 resumpto
1801 4418 1925 4457 ser-

274 4522 479 4571 mone,
500 4502 987 4576 gymnosophista
1015 4497 1339 4568 disputavit
1364 4494 1421 4547 in
1457 4493 1611 4547 hunc
1644 4492 1881 4546 modum
1911 4506 1923 4543 :

2041 4136 2137 4191 ubi
2170 4140 2365 4191 autem
2415 4138 2707 4209 ingratum
2755 4137 3011 4209 aliquem
3062 4154 3158 4191 rex
3209 4136 3679 4207 deprehenderit,

2042 4225 2331 4280 amovcbit
2364 4244 2396 4279 a
2428 4226 2671 4280 seillum
2697 4226 2853 4281 omni
2881 4226 3122 4295 ratione,
3147 4226 3193 4279 si
3215 4226 3445 4296 quidem
3472 4224 3679 4295 sapiet,

2041 4329 2145 4368 nec
2179 4313 2354 4368 ullam
2390 4332 2648 4386 unquam
2672 4316 2771 4368 tali
2826 4320 3048 4385 partem
3104 4313 3235 4369 ﬁdei
3275 4313 3512 4368 tribuet.
3567 4313 3684 4368 Hoc

2040 4408 2257 4457 natura:
2286 4402 2470 4473 ipsius
2489 4419 2618 4458 esse
2640 4403 2932 4472 judicium
2966 4402 3163 4457 bestia:
3196 4402 3251 4455 in
3286 4401 3393 4457 hoc
3417 4401 3683 4472 exemplo

2040 4491 2306 4546 docuere.
2342 4492 2628 4546 Foderant
2661 4492 2717 4545 in
2752 4509 2888 4562 agro
2920 4491 3173 4562 quodam
3209 4490 3411 4545 rustici
3460 4490 3680 4546 foveam

358 4596 400 4649 Ι.
436 4570 764 4649 Beneficum
792 4570 935 4646 esse
984 4603 1178 4659 regem
1231 4582 1501 4639 convenit
1528 4580 1586 4635 in
1620 4584 1817 4651 gratos
1874 4584 1932 4633 et
1963 4570 2005 4634 Ι)
2037 4579 2189 4635 leoni
2219 4580 2345 4634 loca
2377 4579 2474 4634 illa
2506 4580 2803 4634 infestanti
2836 4580 3141 4651 capiendo.
3173 4579 3387 4634 Verum
3434 4579 3492 4634 in
3534 4579 3686 4633 hanc

276 4682 568 4740 beneﬁcio
598 4681 833 4752 dignos,
867 4693 1076 4750 neque,
1104 4680 1169 4731 ut
1198 4689 1349 4745 saepe
1377 4672 1461 4741 ﬁt,
1476 4670 1772 4726 effundere
1804 4668 1931 4724 sine

277 4772 517 4828 delectu
541 4786 681 4841 opes
714 4766 981 4839 publicas
1002 4766 1061 4820 in
1095 4760 1566 4832 consanguineos
1589 4762 1644 4812 et
1666 4756 1935 4829 privatim

278 4861 400 4918 sibi
434 4860 972 4927 cbaros,utcunque
997 4856 1120 4926 jam
1157 4852 1211 4906 hi
1236 4851 1355 4907 sint
1384 4847 1615 4914 divites,
1648 4862 1933 4918 pauperes

281 4955 489 5006 autem
530 4952 907 5003 contemnere
943 4961 955 4998 :
988 4957 1191 4998 verum
1240 4956 1308 4994 ex
1346 4938 1443 4992 his
1494 4936 1593 5007 qui
1645 4934 1933 4990 observati

278 5038 508 5095 fuerint
556 5035 783 5108 judicio
834 5031 1075 5105 pollere,
1133 5033 1527 5101 praestareque
1602 5024 1935 5096 prudentia,

272 5127 562 5185 honorari
595 5144 629 5181 a
659 5122 925 5197 principe
949 5120 1243 5190 ditarique
1276 5114 1622 5172 muneribus
1681 5117 1933 5185 oportet.

276 5226 405 5275 Prw
437 5216 662 5273 caeteris
693 5219 890 5269 autem
924 5226 1122 5265 amore
1151 5226 1217 5263 ac
1274 5204 1658 5261 beneﬁcentia
1686 5203 1938 5275 comple-

275 5307 480 5365 ctendi
514 5310 673 5374 sunt,
701 5303 799 5375 qui
832 5318 894 5356 se
929 5300 1097 5356 tactis
1132 5296 1438 5370 probarint
1467 5297 1713 5365 acceptae
1736 5292 1936 5364 gratia:

283 5413 582 5454 memores
612 5400 671 5450 et
701 5395 757 5448 in
792 5390 1095 5448 occasione
1136 5384 1491 5458 rependendi
1546 5382 1735 5437 meriti
1795 5382 1937 5436 ﬁde-

280 5488 422 5543 liter
442 5484 680 5542 sedulos
714 5500 728 5537 :
763 5500 793 5537 a
825 5480 1046 5535 talibus
1089 5476 1245 5532 enim
1298 5480 1558 5545 tempore
1606 5487 1712 5525 suo
1762 5470 1939 5541 duplo

284 5581 629 5647 exspectare
660 5573 842 5626 vicem
876 5568 1050 5625 ofﬁcii
1083 5564 1295 5638 poterit
1343 5564 1431 5635 (ut
1487 5560 1643 5616 enim
1701 5559 1938 5629 quidam

288 5666 375 5721 ait
398 5664 765 5735 sapientum:
789 5659 968 5715 Homo
990 5654 1216 5712 homini
1248 5667 1553 5709 occursum
1588 5650 1896 5716 feneratur)
1922 5667 1937 5717 ;

2046 4668 2282 4723 incaute
2313 4668 2442 4723 illac
2489 4675 2695 4723 euntes
2755 4668 3090 4723 inciderunt
3150 4668 3403 4738 primum
3463 4668 3687 4722 aurifex

2044 4757 2305 4828 quidam,
2340 4758 2549 4811 deinde
2596 4757 2827 4820 simius,
2860 4774 2993 4811 mox
3050 4758 3246 4825 draco,
3281 4762 3577 4828 postremo
3632 4762 3690 4811 et

2046 4862 2306 4918 serpens.
2340 4846 2722 4917 Conspicatus
2753 4846 2809 4900 id
2864 4846 3008 4901 forte
3048 4862 3116 4901 ex
3162 4846 3355 4900 vicina
3402 4846 3526 4902 loco
3568 4843 3685 4898 cel-

2046 4935 2184 5003 lula,
2236 4951 2350 5006 quo
2399 4934 2715 4988 diversorio
2753 4934 2977 4988 dudum
3040 4936 3331 5003 utebatur,
3391 4932 3688 4989 solitarius

2047 5023 2283 5094 aliquis,
2313 5024 2400 5077 vir
2432 5024 2641 5077 bonus.
2678 5023 2779 5093 En,
2815 5022 3027 5094 inquit,
3092 5022 3192 5078 ille
3234 5024 3435 5078 infelix
3492 5021 3686 5086 homo,

2047 5117 2255 5184 praeter
2295 5111 2686 5166 calamitatem
2748 5129 2943 5181 casus,
2974 5112 3149 5168 etiam
3184 5129 3217 5167 a
3244 5114 3491 5167 dracone
3513 5112 3687 5176 atque

2048 5218 2239 5272 angue
2270 5200 2555 5255 devolutis
2588 5201 2789 5257 eodem
2823 5200 3221 5272 periclitatur;
3257 5216 3369 5254 non
3419 5196 3687 5252 omittam

2051 5289 2415 5345 occasionem
2451 5291 2747 5346 servandae
2781 5291 2990 5345 animas
3028 5294 3087 5344 et
3134 5285 3415 5343 mercedis
3466 5287 3691 5338 aeternae

2048 5378 2151 5433 tali
2184 5380 2342 5449 operi
2366 5379 2675 5449 propositae
2710 5379 3022 5434 lucrandaa.
3077 5377 3159 5430 Ita
3215 5374 3310 5428 ille
3370 5388 3568 5427 secum
3625 5386 3693 5424 ac

2052 5484 2182 5522 mox
2215 5473 2451 5522 strenue
2485 5486 2830 5539 progressus
2874 5468 2943 5521 ad
3019 5480 3178 5519 oram
3241 5464 3433 5529 foveas,
3494 5462 3690 5515 lunem

2053 5557 2310 5627 demisit,
2338 5557 2663 5613 inclamans
2698 5554 3013 5621 liomini,ut
3044 5551 3205 5605 illum
3239 5550 3540 5622 arriperet,
3567 5552 3695 5620 ejus

2057 5663 2163 5718 ope
2194 5647 2729 5702 extrahendus.Sed
2760 5640 3183 5713 praeoccupavit
3212 5638 3366 5694 saltu
3396 5638 3608 5695 simius
3639 5642 3696 5693 et
