4002 6202
323 342 457 396 1347

1841 321 2233 375 APPBNDIX.

3607 314 3741 369 1348

315 465 561 519 eductus
615 458 843 528 primus
891 459 1003 522 est,
1064 450 1310 508 secundi
1355 451 1549 517 jactus
1608 442 1961 499 beneficium
1992 444 2047 509 Α
2080 441 2140 494 iu
2172 439 2414 494 domum
2439 456 2608 494 suam
2631 436 3501 510 quicorriperent,reperturos
3529 437 3588 492 in
3613 439 3741 507 ejus

317 555 488 608 draco
549 545 870 619 praeripuit,
933 547 994 596 ut
1052 557 1294 611 serpens
1351 537 1544 593 tertii:
1587 551 1714 606 quae
1759 547 1962 588 omnes

317 643 535 696 eductae
569 635 767 691 bestiae
803 632 949 688 miro
983 631 1193 686 affectu
1226 626 1447 699 gratias
1475 624 1728 680 eremitze
1751 623 1962 676 refere-

317 731 476 792 bant,
523 723 806 780 addentes
852 727 909 777 et
957 719 1292 784 consilium,
1349 717 1516 785 cujus
1562 713 1658 768 ille
1711 709 1967 782 neglecti

316 833 518 889 poenas
548 813 686 869 tulit
721 831 732 867 :
765 813 847 867 Ne
877 825 1070 877 cures,
1102 807 1469 880 inquiebant,
1508 802 1831 867 hominem,
1863 798 1965 869 qui

320 911 590 977 superest
622 904 677 957 in
711 903 894 968 fovea,
933 899 1165 965 tollere;
1200 895 1512 963 malignam
1557 893 1739 946 vicem
1793 889 1966 944 bene-

319 995 451 1050 lieio
485 995 845 1048 reddetznam
875 1007 980 1044 nos
1005 984 1656 1057 illumingratissimum
1676 979 1965 1036 novimus.

322 1084 548 1154 Abjecit
579 1100 679 1153 pro
712 1099 771 1136 se
796 1080 1006 1136 simius
1042 1096 1053 1131 :
1089 1077 1205 1147 Ego
1248 1075 1506 1129 diversor
1536 1072 1594 1126 in
1625 1069 1968 1126 suburbano

325 1174 577 1228 civitatis
610 1173 874 1236 Zanzur;
912 1169 957 1222 si
993 1184 1107 1238 qua
1137 1172 1191 1220 te
1224 1163 1362 1218 illuc
1396 1177 1653 1232 unquam
1715 1159 1965 1230 peregri-

322 1267 525 1318 natum
557 1279 731 1317 causa
764 1254 1289 1326 tulerit,rxperiere
1315 1267 1533 1306 menon
1559 1250 1968 1303 immemorem

322 1350 728 1424 gratiaa.Paria
759 1349 932 1402 draco
965 1351 1022 1400 et
1056 1359 1298 1414 serpens
1332 1339 1572 1412 polliciti
1606 1338 1688 1408 (hi
1723 1333 1968 1391 domici-

323 1440 468 1494 lium
510 1439 803 1494 babebant
841 1435 896 1488 in
946 1433 1132 1487 muris
1167 1430 1432 1500 ejusdem
1465 1425 1837 1495 civitatis),ad
1863 1440 1970 1479 sua

327 1529 547 1600 quique
579 1527 966 1580 recesserunt.
993 1520 1320 1575 Novissime
1370 1515 1634 1572 omnium
1678 1517 1970 1568 extractus

327 1633 356 1671 e
391 1616 518 1670 lacu
556 1616 798 1680 aurifex,
822 1618 879 1666 et
910 1612 1032 1682 ipse
1059 1609 1280 1680 gratias
1315 1605 1610 1660 liberatori
1638 1602 1776 1674 egit,
1809 1619 1875 1656 ac
1907 1616 1968 1656 se

328 1706 630 1776 professus
688 1704 745 1757 in
797 1701 940 1755 urbe
990 1700 1214 1753 Zanzur
1273 1697 1512 1751 domum
1570 1699 1626 1749 et
1685 1691 1967 1747 familiam

2077 530 2349 584 manibus
2373 528 2562 600 spolia
2592 527 2819 600 puellm,
2863 526 3079 582 monile
3106 543 3174 582 ac
3205 526 3570 582 muraanulas
3590 543 3740 598 quas

2077 619 2178 673 illa
2206 619 2402 674 vivens
2432 623 2778 689 gestaverat.

2149 709 2247 763 Ill.
2277 708 2752 780 Compreheusus
2772 707 2974 762 fraude
2997 704 3249 778 hospitis
3277 706 3589 762 solitarius
3609 706 3734 778 regi

2077 797 2329 868 sistitur,
2362 799 2461 870 qui
2484 799 2607 854 visu
2639 808 2846 870 torque
2891 801 2950 852 et
3006 795 3258 862 armilis,
3318 797 3532 852 audire
3587 796 3736 851 nihil

2078 885 2378 942 sustinens
2395 885 2652 956 torqueri
2667 883 3444 940 cruciatibusacerbissimis
3457 883 3735 939 miserum

2071 975 2274 1045 jussit,
2316 976 2466 1030 inter
2498 976 2700 1046 plagas
2731 981 2788 1030 et
2811 979 3101 1029 tormenta
3126 974 3238 1030 hoc
3270 974 3458 1030 solum
3514 975 3735 1029 vocifeo

2078 1070 2303 1120 rautem
2340 1081 2352 1120 :
2387 1065 2514 1119 Non
2556 1063 2678 1119 haec
2728 1069 2957 1135 paterer
3012 1064 3060 1118 si
3119 1063 3323 1127 simio,
3371 1063 3609 1118 draconi
3668 1066 3729 1117 et

2079 1152 2334 1224 serpenti
2392 1152 2798 1208 credidissem.
2877 1152 3336 1207 Nundinabatur
3390 1151 3538 1207 inter
3603 1151 3725 1206 bes

2079 1259 2322 1314 serpens
2344 1258 2446 1314 per
2461 1243 2698 1297 hortum
2714 1248 2772 1298 et
2795 1243 2946 1296 atria
2963 1241 3161 1313 palatii
3175 1241 3443 1296 omnium
3465 1241 3731 1313 ignarus,

2080 1335 2315 1406 quando
2345 1334 2552 1389 audita
2580 1334 2898 1406 agnitaque
2929 1349 3067 1389 voce
3093 1333 3185 1388 sui
3237 1333 3580 1388 liberatoris
3627 1333 3736 1388 sub

2081 1423 2265 1495 plagis
2298 1423 2656 1478 immanibus
2685 1423 3123 1495 gementis,acri
3154 1439 3328 1478 sensu
3361 1422 3524 1494 grati
3549 1423 3741 1477 animi

2079 1514 2380 1584 quaerebat
2407 1528 2756 1584 secum,qua
2785 1512 2842 1566 vi
2863 1529 3053 1584 quave
3087 1526 3195 1583 ope
3221 1513 3558 1583 autjuvare
3614 1518 3738 1566 tam

2082 1603 2228 1656 bene
2259 1603 2329 1656 de
2359 1618 2423 1656 se
2454 1602 2729 1657 meritum
2764 1605 2870 1656 aut
2913 1601 3116 1656 ulcisci
3146 1605 3266 1655 tam
3301 1599 3454 1655 male
3481 1601 3744 1657 mulcta-

2081 1698 2201 1745 tum
2238 1695 2457 1762 posset.
2492 1691 2555 1745 lu
2581 1707 2649 1745 ea
2677 1690 2760 1744 illi
2786 1691 2897 1746 ﬁxo
2923 1690 3247 1761 cura,regis
3275 1689 3440 1745 ﬁlius
3453 1691 3740 1758 occurrit,

326 1794 542 1849 habere
570 1791 882 1860 oblatoque
913 1789 962 1843 si
994 1804 1168 1843 casus
1199 1787 1360 1840 illum
1413 1785 1564 1839 istuc
1611 1784 1803 1848 ferret,
1863 1781 1967 1834 bo-
2005 1813 2050 1877 Β
2082 1779 2236 1834 malo
2265 1796 2373 1835 suo
2405 1795 2640 1850 magno.
2673 1779 2818 1834 Nam
2853 1795 2984 1834 eum
3029 1778 3260 1833 irruens
3311 1778 3578 1845 coluber,
3613 1795 3744 1835 mo-

329 1883 503 1954 spitio
534 1887 590 1938 et
622 1877 1060 1951 obsequio,vale
1092 1877 1322 1942 dixit,et
1352 1890 1418 1928 eo
1450 1873 1653 1928 abiens
1685 1870 1796 1924 iter
1827 1868 1973 1924 arri-

329 1971 476 2043 puit.

398 2062 472 2116 II.
506 2059 773 2116 Eremitaa
805 2059 1012 2114 deinde
1044 2073 1222 2112 causa
1253 2053 1458 2109 incidit
1479 2051 1728 2106 civitatis
1749 2049 1975 2104 Zauzur

328 2151 818 2220 adeundaeprope
849 2147 1011 2202 illam
1047 2160 1414 2216 prOgressum
1447 2139 1769 2213 ugnovitex
1802 2139 1971 2208 longo

329 2240 623 2306 simius,et
654 2238 1014 2310 peroiticiose
1063 2249 1396 2299 occurrens,
1458 2230 1856 2302 acquiesceret
1913 2227 1970 2280 in

329 2331 540 2386 umbra
571 2329 871 2402 paululum
907 2325 1146 2398 rogavit,
1180 2339 1353 2394 seque
1387 2338 1516 2377 mox
1540 2320 1864 2376 rediturum
1904 2332 1972 2371 ne

332 2424 674 2491 gravaretur
703 2415 1108 2488 opperiri.Non
1143 2411 1327 2468 multo
1362 2415 1492 2482 post
1545 2408 1734 2464 adfuit
1780 2406 1972 2462 omnis

330 2507 562 2579 generis
593 2524 763 2578 poma
795 2511 852 2560 et
884 2521 1063 2559 nuces
1112 2503 1380 2569 all‘erens,
1443 2499 1658 2570 quibus
1708 2497 1972 2567 jucunde

330 2602 535 2668 pastus
585 2595 908 2658 solitarius,
948 2594 1101 2648 ultra
1161 2591 1437 2662 pergebat
1495 2587 1676 2659 portis
1734 2602 1795 2640 se
1846 2588 1968 2654 jam

327 2684 489 2739 urhis
512 2679 1016 2737 admovens.Vidit
1048 2679 1212 2732 illum
1249 2675 1446 2747 procul
1478 2675 1652 2728 draco
1683 2677 1740 2727 et
1770 2672 1970 2726 statim

329 2773 557 2829 obviam
593 2787 961 2843 procurrens,
981 2766 1414 2822 humanissime
1445 2762 1970 2827 salutatum,enixe

327 2863 509 2920 oravit
543 2868 605 2916 ut
633 2878 695 2916 se
726 2859 1022 2931 paulisper
1053 2855 1507 2929 priestolaretur,
1555 2855 1696 2908 dum
1751 2868 1780 2906 e
1832 2868 1970 2906 cavo

327 2970 433 3008 suo
458 2951 756 3024 quidpiam
792 2949 875 3003 illi
912 2951 1184 3020 portaret.
1223 2945 1353 3000 Mox
1385 2944 1556 2999 rediit
1603 2941 1866 2996 armillas
1914 2946 1972 2994 ct

326 3049 594 3113 torquem
630 3041 781 3095 dono
823 3039 1071 3093 efferens
1129 3035 1384 3108 ingentis
1444 3032 1638 3105 pretii,
1696 3048 1823 3103 qua:
1874 3030 1970 3085 ille

327 3132 457 3186 filia:
491 3131 642 3201 regis
675 3147 707 3183 a
738 3146 799 3183 se
827 3129 881 3182 in
901 3127 1080 3231 .l‘iorto
1104 3125 1262 3196 regio
1285 3123 1393 3180 soli
1427 3127 1666 3223 reperta-
1688 3127 1745 3176 et
1761 3121 1967 3222 occisa:
1999 3164 2042 3231 ϐ

323 3225 521 3292 erepta
552 3220 612 3274 in
644 3235 751 3273 suo
781 3216 960 3273 cubili
993 3219 1338 3270 servaverat.
1406 3214 1504 3266 His
1553 3211 1807 3283 acceptis
1844 3228 1965 3266 ere-

325 3311 470 3366 mita
503 3310 706 3364 urbem
741 3308 1004 3370 intrat,et
1034 3303 1292 3359 aurificis
1315 3304 1555 3358 domum
1580 3302 1969 3372 inquirit,non

331 3396 769 3464 dubitansquin
803 3397 964 3448 tanto
1001 3391 1322 3446 humanius
1342 3391 1719 3460 excipiendus
1741 3391 1971 3445 foretab

341 3485 578 3540 homine
616 3483 725 3537 sibi
759 3499 824 3537 eo
855 3481 1137 3535 beneﬁcio
1185 3481 1465 3534 obstricto
1496 3480 1650 3550 quod
1683 3483 1802 3534 tam
1836 3478 1975 3533 libe-

337 3573 540 3628 raliter
566 3571 800 3642 rependi
835 3589 867 3624 a
888 3568 1272 3640 participibus
1299 3567 1564 3639 ejusdem
1583 3568 1806 3622 videret
1855 3569 1974 3623 bel-

332 3662 469 3716 luis.
501 3661 608 3716 Sed
629 3677 765 3730 spes
784 3675 916 3713 eum
941 3658 1111 3730 longe
1128 3657 1357 3728 decepit
1378 3675 1484 3713 sua
1508 3673 1520 3710 :
1553 3674 1687 3712 nam
1717 3659 1894 3728 pcrfid
1908 3674 1975 3712 us

332 3751 554 3807 aurifex
586 3750 783 3822 agnito
815 3750 870 3802 in
908 3765 1084 3803 manu
1115 3748 1427 3802 servatoris
1468 3746 1559 3803 sui
1590 3752 1798 3818 torque
1846 3749 1976 3803 filia:

330 3841 505 3913 regis,
537 3838 766 3894 incluso
796 3837 897 3892 illo
928 3836 1085 3891 domi
1119 3853 1260 3902 suae,
1285 3835 1696 3890 denuntiatum
1727 3836 1826 3890 ivit
1857 3847 1976 3907 regi

326 3948 388 3988 se
421 3932 853 3986 interfectorem
887 3927 1015 3998 ejus
1039 3925 1168 3980 filiai
1219 3925 1693 3996 deprehendisse,
1727 3926 1981 3982 mitteret

2086 1871 2303 1925 mordit
2334 1870 2391 1925 in
2425 1886 2602 1925 manu
2637 1869 2754 1924 alto
2785 1874 2843 1924 et
2875 1867 3295 1923 immedicabili
3324 1868 3740 1925 vulnerefl‘re.

2085 1960 2324 2030 pidatur
2355 1959 2427 2013 ad
2459 1959 2746 2029 ejulatum
2778 1956 3060 2028 principis
3092 1957 3256 2028 pueri
3278 1961 3404 2012 tota
3420 1957 3611 2028 regis;
3637 1973 3743 2013 rex

2085 2047 2523 2116 maestissimus,
2554 2046 2737 2102 dilata
2764 2047 3084 2116 quaestione
3136 2044 3410 2113 solitarii,
3457 2047 3740 2101 accurrit.

2082 2136 2253 2193 Varie
2284 2140 2562 2207 satagunt
2589 2135 2842 2190 ministri
2872 2138 2930 2189 et
2962 2135 3195 2199 medici,
3235 2135 3337 2190 sed
3371 2134 3521 2189 nihil
3556 2135 3744 2207 proﬁ-

2084 2227 2264 2292 ciunt,
2323 2227 2514 2298 quoad
2559 2243 2589 2280 e
2633 2225 2792 2281 brevi
2839 2241 3050 2296 sopore
3108 2241 3254 2296 puer
3293 2225 3738 2296 expergiscens,

2085 2316 2316 2385 Audivi,
2373 2316 2476 2382 ait,
2553 2331 2657 2387 per
2731 2315 3051 2381 somnium,
3130 2330 3246 2370 non
3296 2313 3411 2370 alia
3473 2331 3569 2370 me
3621 2331 3738 2387 cpe

2083 2406 2280 2461 sanari
2329 2420 2499 2475 posse
2551 2421 2728 2475 quam
2785 2404 3056 2479 precibus
3109 2403 3372 2458 eremitie
3405 2409 3506 2459 tuo
3535 2405 3740 2474 jussu,

2085 2500 2266 2566 pater,
2303 2495 2518 2564 injuste
2548 2493 2710 2560 torti,
2740 2493 3022 2548 innocens
3059 2493 3216 2547 enim
3244 2499 3355 2548 est;
3389 2498 3743 2549 commotus

2083 2584 2191 2639 hoc
2256 2584 2457 2639 audito
2518 2587 2704 2655 pater,
2769 2581 3096 2637 solitarium
3165 2597 3397 2638 carcere
3445 2585 3739 2639 eductum

2083 2678 2270 2743 rogat,
2297 2674 2561 2743 ignoscat
2589 2671 2702 2727 sibi
2733 2687 2837 2742 per
2889 2687 3147 2726 errorem
3205 2671 3393 2742 lapso,
3451 2677 3510 2727 et
3565 2687 3743 2728 orare

2084 2779 2186 2834 pro
2220 2763 2338 2816 filio
2369 2761 2728 2833 periclitante
2761 2776 2832 2815 ne
2880 2765 3175 2831 gravetur.
3223 2766 3598 2816 Anuuentem
3659 2763 3740 2816 ad

2081 2871 2301 2920 aegrum
2337 2870 2535 2909 secum
2585 2852 2776 2908 ducit.
2835 2851 3044 2921 Magna
3102 2852 3327 2906 circum
3379 2854 3556 2908 turba
3608 2859 3741 2909 erat

2085 2946 2441 3002 familiarum
2475 2947 2629 3017 regis
2651 2961 2718 3000 ac
2737 2957 3276 3016 procerum,coram
3289 2946 3515 3016 quibus
3537 2947 3743 3000 inscu-

2081 3041 2195 3091 tem
2245 3052 2307 3091 se
2363 3040 2727 3090 contestatus
2773 3033 3040 3099 eremita,
3105 3033 3362 3105 graviter
3418 3039 3744 3092 accusabat

2081 3123 2822 3196 iugratissimamaurificis
2841 3121 3388 3194 proditionem,ejus
3409 3127 3741 3197 turpitudi-

2083 3229 2216 3270 nem
2249 3229 2606 3286 exaggerans
2637 3227 2705 3269 ex
2736 3212 3046 3268 bestiarum
3080 3213 3204 3284 pari
3233 3229 3345 3286 ope
3366 3219 3736 3270 servatarum

2081 3305 2139 3358 in
2172 3320 2234 3359 se
2264 3303 2475 3358 ofﬁciis
2507 3303 2870 3374 ingentibus.
2901 3302 3021 3356 Sub
3053 3301 3176 3357 haec
3222 3303 3433 3373 positis
3481 3305 3735 3376 genibus

2082 3399 2375 3463 precatus,
2410 3392 2633 3463 regium
2667 3390 3098 3446 adolescentem
3140 3397 3444 3448 momento
3477 3393 3729 3458 sanavit,

2081 3487 2138 3538 et
2166 3481 2317 3553 patri
2351 3481 2647 3536 latissimo
2677 3480 3032 3536 incolumem
3069 3481 3351 3538 reddidit.
3385 3483 3527 3548 Rex,
3553 3484 3736 3538 omnia

2089 3573 2200 3626 bus
2233 3570 2506 3642 cognitis,
2538 3569 2844 3626 auriﬁcem
2868 3570 3196 3641 ingratum,
3228 3573 3295 3624 ut
3325 3569 3549 3626 falsum
3596 3573 3752 3628 dela-

2093 3667 2280 3714 torem
2324 3663 2511 3715 morte
2542 3659 2697 3715 affici
2759 3659 3098 3728 mandavit;
3153 3659 3490 3725 eremitam,
3549 3667 3756 3729 preter

2093 3748 2340 3804 monilia
2399 3749 2714 3819 filize,quaa
2774 3747 2858 3802 illi
2917 3749 3175 3814 donavit,
3239 3748 3443 3804 multis
3512 3750 3753 3822 insuper

2095 3838 2447 3894 muneribus
2526 3837 2894 3893 cumulatum
2979 3837 3588 3895 honorificentissime
3668 3841 3750 3894 di-

2096 3927 2278 3982 misit.

1412 4185 1931 4248 DISSER'I‘ATIO
1982 4188 2478 4249 PABABOLICA
2527 4189 2660 4250 XII.

338 4301 655 4363 Socielatz's
687 4296 1089 4381 similitudine
1118 4303 1380 4381 fortuna}
1407 4292 1776 4381 coalescenlg's
1806 4296 1960 4381 inter
1987 4296 2249 4381 homines
2277 4293 2686 4356 diversissimae
2713 4298 2890 4381 sortis
2915 4301 3250 4378 exemplum
3276 4302 3750 4381 propositapro-

415 4382 696 4442 videnu’w
727 4377 1078 4440 consulentis
1110 4373 1448 4455 hominibus
1477 4393 1680 4435 curam
1713 4375 2029 4455 beneﬁcam
2057 4375 2345 4449 declarat,
2397 4385 2451 4435 et
2502 4396 2632 4437 eam
2677 4395 2795 4438 esse
2838 4373 3204 4440 demonstrat
3248 4373 3308 4440 et
3359 4373 3755 4443 certissimum

415 4462 863 4541 fundamentum
911 4457 1148 4536 ﬁduciae
1179 4454 1471 4514 humanae.

411 4599 590 4669 Capio
622 4603 678 4652 et
709 4597 888 4669 probo
948 4610 1074 4666 quae
1100 4591 1322 4657 dixisti,
1355 4591 1436 4648 ait
1488 4607 1584 4647 rex
1640 4591 1983 4646 Abessalom
2018 4597 2066 4659 D
2099 4591 2482 4662 providentia,
2519 4591 2808 4662 plurimas
2842 4593 2952 4648 init
2979 4596 3342 4668 easdemque
3401 4597 3757 4669 inopinatis-

339 4690 459 4744 hsac
491 4688 683 4743 locuto
715 4682 1210 4759 gymnosophistae
1235 4702 1250 4751 ς
1283 4681 1488 4736 vellem
1514 4697 1670 4736 nunc
1693 4682 1894 4737 audire
1917 4698 1986 4736 ex

338 4782 414 4844 te,
447 4776 494 4832 si
545 4779 732 4840 vacat,
784 4791 887 4830 nec
936 4789 1108 4844 grave
1156 4776 1264 4838 est,
1325 4771 1622 4843 quomodo
1679 4771 1986 4842 contingat

343 4865 592 4934 aliquem
620 4880 689 4919 ex
719 4879 973 4935 paupere
1004 4859 1239 4915 divitem
1274 4859 1396 4915 ﬁeri
1421 4858 1516 4929 qui
1551 4857 1807 4914 miserex
1828 4858 1990 4914 felice

342 4955 508 5027 prius
541 4954 810 5010 evaserit.
842 4951 926 5006 Ad
960 4950 1066 5004 hoc
1095 4947 1586 5020 gymnosophista
1615 4963 1630 5002 :

413 5049 458 5102 Ι.
497 5047 658 5107 Item.
694 5043 890 5114 inquit
920 5042 1178 5109 domine,
1215 5039 1478 5111 postulas
1511 5057 1626 5095 non
1661 5045 1779 5094 tam
1811 5039 1994 5111 expli-

341 5145 469 5192 catu
497 5133 799 5191 difficilem
832 5131 1212 5195 obscuritate,
1228 5129 1320 5184 sui
1341 5145 1517 5200 quam
1534 5130 1694 5184 varia
1711 5129 1996 5200 quotidia-

347 5242 554 5282 norum
589 5227 901 5278 eventuum
938 5218 1376 5290 multiplicitate
1396 5218 1689 5274 inﬁnitam
1715 5219 1898 5274 dictu.
1924 5218 1998 5274 Ut

347 5315 504 5371 enim
541 5312 744 5369 multis
772 5312 1008 5367 fortuna
1051 5308 1326 5378 gravibus
1371 5312 1429 5362 et
1475 5308 1702 5363 acerbis
1759 5308 1998 5363 casibus

355 5404 533 5461 vitam
567 5404 808 5459 infestat
837 5401 1182 5465 humanam,
1225 5402 1488 5453 evertens
1520 5395 1715 5451 felices
1763 5397 1997 5468 Opibus,

349 5495 406 5546 et
439 5509 556 5547 una
589 5488 951 5546 revolutione
985 5489 1121 5540 rotae
1164 5482 1621 5556 superbissimos
1656 5487 1938 5554 tyrannos
1968 5500 2000 5539 θ

349 5581 585 5652 fastigio
619 5579 744 5634 solii
785 5579 837 5632 in
873 5575 1057 5630 imum
1096 5572 1328 5646 pistrini
1363 5571 1655 5642 rcdigens,
1711 5572 1790 5625 ita
1849 5573 1999 5628 hanc

355 5687 572 5728 renans
599 5669 1022 5738 corrigensque
1052 5662 1328 5722 Numinis
1375 5660 1574 5718 orbem
1608 5661 1999 5732 gubernantis

2103 4682 2287 4737 simas
2310 4680 2656 4753 plerumque
2683 4683 2962 4752 rationes,
2994 4687 3289 4756 egentium
3349 4687 3758 4754 ditandorum,

2096 4774 2153 4826 et
2183 4769 2498 4824 humilium
2531 4770 2726 4826 subita
2755 4771 2916 4826 orbis
2951 4774 3238 4844 vertigine
3267 4791 3298 4830 e
3321 4774 3450 4831 lut'o
3479 4776 3541 4831 in
3570 4776 3762 4833 lucem

2101 4874 2166 4914 ac
2197 4858 2396 4930 glorias
2429 4859 2663 4915 culmen
2715 4859 3174 4919 evehendorum.
3227 4865 3300 4918 Ac
3345 4865 3504 4936 quod
3568 4868 3764 4937 magis

2101 4952 2190 5004 est
2209 4947 2447 5015 mirum,
2479 4949 2697 5003 eadem
2742 4947 2860 5005 illis
2926 4949 3275 5023 plerumque
3329 4955 3764 5010 contrariorum

2103 5041 2413 5092 eventuum
2441 5049 2634 5093 causa:
2663 5043 2824 5108 sunt,
2865 5041 3013 5096 adeo
3071 5046 3137 5096 ut
3191 5041 3414 5113 quibus
3473 5043 3770 5114 potentia,

2107 5127 2323 5200 quibus
2369 5128 2574 5195 forma,
2609 5128 2825 5199 quibus
2857 5145 2954 5185 are
2984 5137 3092 5186 sua
3124 5134 3300 5203 atque
3332 5132 3634 5190 industria
3659 5151 3764 5190 ca:

2107 5218 2279 5272 dandi
2327 5233 2398 5272 ex
2448 5222 2604 5272 statu
2653 5219 3074 5276 cil’endiculum
3137 5221 3438 5292 objeCerit,
3497 5225 3766 5291 eosdem,

2107 5305 2344 5361 ludeute
2373 5310 2440 5360 ut
2468 5305 2618 5362 solet
2647 5307 2707 5361 in
2731 5306 3010 5363 humanis
3036 5307 3213 5365 rebus
3227 5310 3520 5382 sapientia
3543 5312 3765 5382 divina,

2109 5413 2218 5451 sua
2251 5394 2553 5465 nobilitas,
2587 5409 2694 5450 ua
2723 5401 3024 5464 venustas,
3055 5409 3200 5454 suus
3232 5397 3403 5454 labor
3424 5401 3765 5472 peritiaque

2109 5485 2354 5540 fortuna
2388 5485 2614 5540 meliori
2639 5486 2969 5540 restituant.
2992 5488 3224 5542 Eat-unt
3261 5489 3407 5543 adeo
3467 5488 3765 5544 vicissitu-

2112 5574 2318 5629 dinum
2348 5574 2672 5646 specimcm
2693 5575 3423 5648 accipeiunarratiuncula
3447 5591 3558 5633 non
3584 5577 3761 5649 longa

2110 5663 2254 5720 satis
2277 5663 2812 5736 inexspectata-um
2866 5673 3234 5735 successum,
3285 5677 3434 5740 quos
3492 5667 3762 5724 homines
