4002 6202
296 303 427 360 1349

1312 310 1671 364 SPECIMEN
1710 305 2108 362 SAPIENTIE
2148 307 2483 364 INDORUM
2521 309 2679 364 VET.

3564 314 3701 367 i350

291 438 542 503 quatuor
564 430 719 484 haud
752 429 1035 483 diuturno
1058 435 1197 484 sunt
1223 433 1407 500 spatio
1435 434 1675 503 experti.
1696 430 1936 486 Juvenis
1968 440 2021 504 Α
2052 436 2198 487 rent.
2244 432 2402 494 Quod
2438 447 2569 485 cum
2598 437 2754 487 esset
2779 434 2993 489 factum
3021 450 3034 487 :
3071 435 3179 499 Me,
3240 436 3433 506 inquit
3493 439 3702 493 formo-

288 520 441 591 regis
468 519 649 587 ﬁlius,
678 523 841 591 patre
866 523 1121 589 mortuo,
1143 536 1174 573 a
1196 521 1372 575 fratre
1398 524 1623 577 minore
1645 521 1942 575 invidente

290 609 605 664 virtutibus
629 610 779 678 ejus,
803 613 859 663 et
883 609 1086 677 adjuto
1115 624 1289 663 manu
1317 610 1715 676 factiosorum,
1744 615 1939 665 notam

290 700 418 769 ejus
433 699 774 770 aequitatem
796 698 1267 767 formidantium,
1289 714 1467 771 regno
1495 701 1737 770 ejectus;
1758 716 1941 771 vagus

288 804 485 843 errare
516 790 802 860 inopsque
826 787 1164 859 cogebatur.
1201 788 1345 843 Huic
1397 803 1634 862 peregre
1689 788 1944 846 occurrit

290 878 761 934 formosissimus
819 881 875 931 et
934 876 1269 948 praenobilis
1328 879 1689 945 adolescens,
1767 894 1940 950 quem

292 969 616 1039 suSpicacis
675 966 958 1039 principis
1010 964 1315 1039 zelotypia,
1378 984 1445 1023 ex
1504 969 1614 1024 levi
1675 971 1940 1035 coniectu

290 1058 593 1113 oculorum
619 1057 844 1128 placere
867 1055 1032 1109 illum
1057 1071 1176 1109 sua:
1212 1058 1371 1111 uxori
1402 1059 1734 1125 ‘eriminata,
1759 1065 1942 1113 extor-

293 1164 417 1203 rem
444 1149 677 1201 feoerat.
709 1147 829 1200 Non
863 1147 960 1199 diu
1000 1153 1433 1217 processerant,
1468 1158 1641 1203 casus
1692 1148 1941 1204 invicem

296 1243 667 1291 renarrantes
698 1252 853 1301 suos,
884 1251 1019 1290 cum
1054 1235 1126 1289 iis
1147 1250 1207 1290 se
1244 1238 1515 1309 adiungit
1539 1243 1823 1293 mercator
1840 1238 1941 1308 qui

303 1342 448 1380 nave
481 1326 676 1394 fracta,
711 1338 826 1396 qua
876 1340 996 1381 rem
1060 1328 1395 1383 universam
1456 1342 1625 1382 suam
1687 1327 1942 1397 ingentis

298 1414 470 1485 pretii
505 1414 763 1480 vehebat,
827 1418 999 1473 modo
1051 1418 1148 1472 vix
1205 1417 1405 1472 salvus
1468 1421 1826 1485 enataverat,
1887 1421 1943 1471 et

294 1504 641 1559 seminudus
673 1506 968 1574 quaerebat
998 1508 1233 1578 stipem.
1278 1505 1543 1577 Denique
1599 1512 1828 1560 toresus
1886 1510 1943 1560 et

293 1593 477 1646 durus
511 1592 666 1647 filius
702 1594 884 1664 patris
914 1595 1199 1665 agricolae,
1233 1600 1505 1651 extrusbs
1528 1595 1722 1661 domo,
1750 1596 1941 1649 abun-

295 1681 558 1735 dantiam
594 1682 792 1737 sobole
824 1689 1133 1753 parentum
1159 1684 1438 1749 cenvicio,
1477 1684 1613 1737 dum
1648 1684 1698 1738 ei
1732 1698 1937 1753 expro-

291 1771 809 1839 brant,inertiam,
843 1773 900 1826 ni
948 1777 1107 1828 tanto
1167 1779 1307 1829 natu
1369 1782 1631 1845 pressam
1694 1788 1939 1828 numero

290 1859 576 1914 familiam
608 1860 843 1931 levaret,
868 1861 1137 1918 eamdem
1167 1864 1392 1919 terebat
1437 1864 1615 1929 viam,
1676 1872 1940 1934 quaerens

293 1946 395 2001 ubi
427 1964 659 2018 operam
698 1949 934 2005 locaret.
970 1952 1037 2006 Et
1068 1951 1160 2006 hic
1222 1955 1465 2022 quartus
1524 1951 1822 2005 admissus
1880 1951 1938 2004 in

297 2038 658 2092 consortium
695 2039 870 2093 trium
919 2042 1206 2111 priorum,
1268 2039 1649 2111 vicissimque
1703 2041 1941 2095 auditus

298 2127 437 2181 dum
474 2142 641 2181 suam
674 2133 731 2182 et
761 2127 884 2199 ipse
915 2132 1207 2184 fortunam
1244 2130 1467 2184 recitat.
1503 2122 1733 2184 Cealuit
1789 2129 1942 2184 inter

294 2221 544 2287 quatuor
575 2218 987 2273 diversissima:
1013 2220 1147 2273 licet
1169 2220 1342 2273 sortis
1370 2220 1656 2287 homines,
1682 2235 1941 2274 commu-

294 2306 467 2360 nione
496 2308 807 2361 conciliata
840 2309 1226 2373 necessitatis,
1280 2309 1425 2363 satis
1488 2314 1646 2361 arcta
1703 2311 1758 2361 et
1807 2323 1943 2361 vera

298 2394 581 2449 charitate
605 2396 1001 2465 conglutinata
1023 2400 1291 2462 societas,
1322 2404 1377 2450 ul
1396 2401 1451 2451 et
1469 2397 1656 2451 mutui
1675 2396 1941 2451 libertate

294 2485 585 2537 sermonis
653 2488 861 2539 famem
920 2498 984 2538 ac
1040 2486 1449 2539 lassitudinem
1512 2485 1942 2540 humanissime

293 2573 540 2628 invicem
572 2575 1104 2643 censelarenter,et
1127 2576 1281 2645 quod
1317 2576 1779 2645 quisquejuvare
1810 2589 1940 2644 pos-

294 2665 403 2725 set,
434 2662 586 2716 haud
621 2664 732 2716 sibi
768 2666 1087 2734 quisquam
1121 2664 1417 2733 privatim,
1452 2665 1551 2718 sed
1584 2668 1851 2717 amanter
1885 2678 1939 2716 In

300 2765 610 2805 commune
643 2753 1034 2807 consulerent.
1069 2753 1162 2807 Sic
1192 2752 1301 2807 iter
1334 2753 1557 2823 agendo
1588 2754 1945 2807 devenerunt

296 2839 356 2893 in
401 2840 674 2895 viciniam
734 2841 991 2896 civitatis
1052 2856 1297 2913 magna,
1354 2856 1530 2912 quam
1595 2842 1940 2913 priusquam

299 2928 591 2993 subirent,
627 2930 1067 2999 acquiescantes
1100 2932 1169 2985 ad
1199 2932 1466 2985 Umbram
1526 2931 1581 2984 in
1646 2931 1943 3001 crepidine

300 3018 405 3070 via:
434 3018 696 3088 publicas,
732 3019 1059 3090 disquirere
1094 3019 1465 3075 familaritate
1524 3019 1697 3075 Solita
1759 3037 1941 3091 cmpe-

305 3111 465 3173 runt,
486 3122 659 3175 quam
678 3107 921 3179 quisque
941 3110 1030 3163 sui
1052 3126 1117 3163 ac
1140 3109 1431 3164 sociorum
1450 3108 1942 3164 sublevanderum

302 3210 469 3264 spem
503 3212 567 3249 ac
601 3197 925 3252 facultatem
963 3197 1176 3252 habere
1208 3215 1270 3252 se
1302 3198 1705 3252 arbitraretur.

376 3322 445 3375 li.
484 3321 644 3387 Mihi,
681 3322 758 3377 ait
790 3324 939 3379 regis
973 3324 1150 3389 filius,
1178 3324 1414 3379 conscia
1439 3325 1706 3396 quaedam
1734 3323 1949 3378 fiducia

299 3411 624 3477 blanditur,
656 3412 916 3465 eamdem
950 3430 1075 3483 quae
1110 3430 1287 3483 regno
1325 3429 1415 3467 me
1443 3411 1685 3483 privavit
1744 3413 1947 3467 Provi-

299 3499 556 3554 dentiam
594 3500 765 3570 (nihil
798 3501 954 3555 enim
989 3502 1382 3557 humanorum
1408 3502 1533 3557 sine
1556 3502 1798 3557 consilio
1828 3504 1947 3559 Nu-

297 3586 477 3643 minis
509 3590 753 3660 geritur)
785 3590 1268 3660 insuspicabitem
1300 3607 1436 3645 mere
1472 3590 1793 3660 prudentiae
1821 3606 1945 3645 mo-

292 3678 435 3732 dum
492 3680 810 3749 quemdam
866 3681 1232 3733 inventuram
1293 3679 1634 3733 extrahendi
1700 3696 1789 3733 me
1852 3678 1947 3733 his

296 3768 596 3835 sordibus;
628 3768 684 3822 et
716 3770 770 3822 in
805 3768 1027 3839 copiam
1063 3767 1217 3823 'unde
1249 3784 1341 3821 me
1380 3783 1443 3821 ac
1468 3776 1626 3822 meos
1654 3764 1942 3837 eonsoler,

294 3858 640 3927 reponendi.
678 3857 792 3929 Ego
823 3874 978 3921 vero,
1012 3857 1262 3926 subjecit
1314 3858 1438 3910 vice
1490 3872 1598 3910 sua
1652 3856 1945 3909 formosus

293 3944 533 4011 nobilis,
568 3946 641 4000 iis
673 3962 820 4015 quas
852 3947 912 4000 in
939 3960 1029 4000 me
1054 3946 1353 4017 praedicari
1380 3944 1613 4001 memini
1638 3948 1946 3999 venustate

292 4039 349 4089 et
406 4034 668 4089 claritate
726 4034 1008 4090 natalium
1073 4051 1427 4106 magnopere
1485 4034 1733 4089 confido.
1794 4035 1943 4087 Tum

294 4128 587 4179 mercator
618 4127 939 4195 naufragus
974 4142 985 4179 :
1021 4124 1166 4193 Etsi,
1200 4125 1299 4190 ait,
1355 4138 1475 4179 rem
1534 4134 1723 4177 meam
1784 4138 1945 4177 mare

288 4212 612 4283 absorpsit,
645 4217 842 4268 tamen
874 4212 1164 4267 industria
1195 4229 1322 4283 qua:
1374 4228 1493 4267 rem
1523 4213 1758 4277 fecerat,
1820 4229 1943 4266 me-

290 4318 428 4355 cum
454 4318 681 4357 emersa
712 4302 991 4357 fluctibds
1024 4318 1185 4374 spem
1222 4303 1279 4357 in
1316 4302 1447 4356 sinu
1501 4303 1650 4356 fovet
1706 4305 1945 4355 mutan-

293 4391 382 4443 die
418 4390 627 4445 iterum
662 4392 872 4461 inopia:
904 4392 959 4445 iu
996 4392 1392 4446 conditionem
1428 4390 1603 4445 talem
1652 4407 1770 4461 qua
1827 4406 1943 4443 non

292 4478 439 4532 mihi
476 4480 583 4533 soli
620 4492 827 4550 queam
864 4480 1189 4535 consulere.
1226 4481 1482 4542 Quartus
1517 4479 1796 4541 rusticus,
1829 4477 1944 4532 Vos

287 4567 641 4640 longinqua,
670 4570 883 4641 inquit,
916 4574 972 4624 et
1002 4571 1225 4625 incerta
1258 4568 1704 4627 vaticinamini..
1765 4566 1945 4638 Atqui

285 4665 462 4729 urget
494 4663 740 4727 esuries,
765 4662 935 4731 cujus
967 4678 1071 4734 ego
1096 4678 1351 4734 praesens
1384 4661 1441 4714 in
1497 4660 1658 4715 hisce
1715 4658 1945 4715 lacertis

289 4750 635 4819 prmsidium
697 4755 886 4805 teneo.
946 4751 1027 4806 Ne
1080 4750 1308 4809 multa;
1369 4748 1791 4820 praestolamini
1854 4746 1945 4802 hic

290 4838 465 4905 mihi,
495 4839 689 4905 sultis,
726 4858 913 4912 usque
964 4843 1034 4897 ad
1065 4857 1405 4913 vesperum,
1466 4839 1729 4894 affleram
1790 4839 1946 4891 unde

290 4943 618 4984 ccenemus.
669 4929 1143 4985 Assentientibus
1203 4928 1453 4995 cunctis,
1532 4927 1763 4981 scandit
1845 4925 1943 4980 sil-

285 5030 500 5071 vosum
561 5019 814 5072 montem
872 5019 1052 5073 situm
1108 5019 1164 5072 in
1227 5016 1509 5090 proximo,
1570 5017 1944 5085 congestum-

290 5121 414 5175 que
472 5106 553 5159 ibi
612 5116 894 5179 magnum
958 5121 1014 5163 et
1071 5108 1215 5162 bene
1273 5107 1687 5177 exaggeratam
1756 5100 1944 5173 ligno-

290 5206 431 5248 rum
466 5195 682 5250 fascem
726 5197 984 5253 robustis
1044 5198 1333 5268 inponens
1387 5190 1674 5260 bumeris,
1730 5204 1943 5246 venum

289 5283 500 5339 intulit
533 5286 675 5340 fore.
710 5286 945 5357 citoque
989 5285 1321 5341 nummulis
1351 5283 1599 5355 paratis,
1630 5281 1791 5336 cibos
1824 5296 1946 5333 em-

285 5376 426 5444 ptos
459 5374 636 5429 sociis
666 5377 973 5447 gratulans
1006 5372 1223 5441 attulit,
1256 5375 1316 5429 in
1344 5378 1509 5444 porta
1539 5370 1793 5426 civitatis
1816 5366 1942 5422 obi-

288 5469 383 5517 ter
409 5462 671 5519 scribens
695 5481 712 5518 :
744 5467 931 5521 Unius
966 5464 1211 5520 hominis
1239 5460 1400 5518 labor
1430 5465 1677 5532 quatuor
1708 5460 1945 5527 egentes

294 5553 479 5624 pavit.
512 5552 783 5609 Suaviter
840 5553 943 5610 illa
1000 5571 1241 5626 vespera
1302 5554 1557 5617 fuerunt,
1621 5544 1943 5619 prazsertim

294 5656 431 5695 cum
467 5641 795 5699 abundaret
825 5662 893 5700 cx
923 5644 1167 5716 reliquis
1201 5642 1354 5698 unde
1391 5638 1670 5713 postridie
1696 5633 1944 5708 prande-

2051 537 2153 575 sus
2186 520 2546 591 adolescens,
2580 524 2719 577 ordo
2743 523 2864 591 jam
2904 539 3065 578 meus
3091 531 3253 579 vocat
3287 527 3354 579 ad
3390 528 3697 596 experiun-

2050 611 2190 664 dum
2225 612 2361 681 quid
2396 612 2514 665 haec
2546 612 2751 678 forma,
2787 613 2998 684 quidve
3026 613 3299 669 nobilitas
3329 618 3517 685 possit
3567 620 3691 669 cili-

2051 715 2200 755 cere.
2237 700 2334 755 ibe
2366 700 2521 755 intro
2552 700 2610 755 in
2662 701 2889 773 urbem,
2946 706 3002 757 et
3060 705 3103 757 si
3162 704 3299 775 quid
3366 704 3694 759 invenerim

2051 792 2184 843 ante
2214 794 2440 844 noctem
2475 790 2743 844 referam.
2778 790 3118 847 Laudarunt
3157 807 3383 848 omnes.
3441 791 3537 848 Ille
3595 810 3697 865 per

2051 876 2296 932 celebris
2328 877 2582 932 civitatis
2613 878 2735 933 loca
2768 881 2862 933 diu
2901 885 3164 951 vagatus,
3228 882 3434 936 incidit
3490 882 3547 935 in
3609 899 3698 937 se-

2050 974 2314 1022 natorem
2348 967 2532 1021 otiose
2563 968 2915 1037 spatiantem
2950 969 3006 1024 in
3044 970 3303 1026 basilica.
3351 976 3403 1026 is
3464 988 3531 1027 ex
3583 973 3693 1026 ad.

2050 1073 2216 1111 verso
2247 1056 2568 1127 gradientis
2601 1073 2665 1111 os
2696 1062 2751 1112 et
2781 1063 3069 1113 staturam
3102 1060 3202 1114 diu
3237 1060 3508 1115 intuitus.
3548 1061 3697 1115 Fieri

2051 1162 2164 1200 non
2200 1149 2409 1217 potest,
2444 1163 2643 1200 secum
2675 1146 2891 1217 inquit,
2926 1149 3067 1218 quin
3121 1149 3240 1205 haec
3302 1151 3505 1205 frontis
3564 1167 3694 1205 ma-

2043 1236 2253 1303 jestas,
2276 1235 2368 1289 hic
2392 1236 2589 1305 regius
2608 1237 2874 1290 incessus
2892 1237 3147 1292 indolem
3174 1240 3425 1294 nobilem
3450 1240 3695 1295 abscon-

2050 1324 2190 1392 dat;
2245 1323 2547 1395 explorare
2599 1326 2768 1393 juvat
2820 1325 3141 1381 hominem.
3202 1328 3291 1381 Sic
3348 1345 3696 1400 progressus

2049 1413 2272 1468 obviam
2308 1412 2492 1479 eunti,
2530 1414 2684 1468 Unde
2715 1419 2771 1468 te
2803 1414 3113 1481 habemus,
3138 1415 3351 1487 hospes
3373 1418 3399 1470 ?
3421 1418 3519 1473 ait:
3549 1421 3697 1473 aude

2050 1502 2215 1556 fateri
2248 1503 2381 1573 quis
2406 1502 2509 1567 sis,
2544 1504 2761 1557 senties
2792 1504 2849 1557 in
2910 1518 2977 1559 ea
3032 1504 3157 1559 loca
3210 1511 3263 1561 te
3321 1507 3543 1562 venisse
3597 1508 3696 1562 ubi

2050 1590 2302 1662 pretium
2335 1591 2626 1646 nobilitati
2660 1608 2725 1646 ac
2780 1593 2988 1647 merito
3047 1594 3146 1649 sit.
3210 1594 3329 1661 Ille,
3402 1596 3588 1666 patria
3646 1601 3703 1651 et

2049 1686 2219 1751 gente
2253 1690 2593 1747 memorata,
2629 1682 2996 1753 breviterque
3051 1684 3276 1752 adjecto
3335 1682 3406 1739 de
3466 1686 3701 1740 fortuna

2053 1787 2182 1835 sua,
2216 1775 2497 1841 quantum
2531 1770 2719 1841 primo
2751 1784 3020 1826 sermone
3053 1772 3309 1843 profiteri
3341 1774 3494 1843 apud
3533 1776 3697 1842 igno-

2052 1865 2143 1915 tos
2203 1863 2393 1913 tutum
2454 1863 2542 1914 est
2599 1860 2814 1929 visum,
2866 1857 3111 1915 mirifice
3160 1862 3402 1932 patricio
3454 1862 3695 1933 placuit.

2051 1953 2241 2015 Quare
2273 1948 2437 2003 illam
2472 1950 2715 2003 comiter
2746 1964 2922 2003 manu
2949 1950 3324 2021 prehensum,
3359 1951 3468 2006 Tui
3530 1952 3700 2006 simi-

2050 2038 2135 2093 les
2174 2036 2560 2108 hospitionon
2593 2043 2814 2109 carent,
2858 2039 3071 2109 inquit,
3134 2039 3231 2093 ubi
3293 2056 3397 2111 ego
3456 2042 3695 2095 domum

2052 2128 2275 2188 habeo;
2319 2127 2405 2181 sic
2438 2127 2493 2180 in
2530 2128 2681 2181 aedes
2729 2143 2861 2183 eum
2900 2128 3126 2182 inducit
3155 2138 3314 2199 Suas,
3367 2130 3698 2201 apponique

2052 2232 2314 2271 mensam
2350 2218 2418 2270 de
2449 2218 2539 2271 via
2572 2217 2724 2271 lasso
2775 2233 2915 2272 sane
2974 2216 3193 2272 lautam
3254 2218 3525 2289 imperat.
3573 2220 3695 2273 Sub

2052 2306 2224 2373 hanc,
2280 2308 2407 2375 ejus
2468 2312 2736 2360 sermone
2790 2308 3113 2378 decoreque
3164 2324 3228 2361 ac
3289 2323 3516 2362 morum
3578 2325 3686 2363 usu

2052 2399 2349 2465 comperta
2379 2394 2665 2465 elegantia
2720 2396 2904 2467 magis
2962 2402 3193 2466 captus,
3252 2398 3309 2449 Si
3345 2397 3450 2449 tibi
3510 2394 3694 2461 urbis,

2052 2483 2155 2550 ait,
2190 2483 2368 2553 huius
2402 2484 2591 2555 placet
2649 2485 3049 2553 commoratio,
3105 2486 3344 2539 demam
3392 2486 3572 2541 habes
3633 2487 3691 2540 in

2052 2589 2189 2643 qua,
2220 2578 2283 2627 ut
2329 2572 2481 2645 apud
2545 2580 2695 2643 tuos,
2752 2574 3039 2629 diversere
3101 2576 3358 2645 quandiu
3425 2574 3696 2639 lubebit;

2054 2663 2145 2716 sin
2180 2662 2293 2717 alio
2330 2663 2578 2734 urgeris,
2614 2665 2961 2718 instructe'm
2996 2664 3200 2718 viatico
3227 2664 3545 2719 dimittam.
3580 2663 3701 2719 Hoc

2054 2756 2418 2821 postremum
2448 2753 2688 2823 juVenis
2723 2753 2958 2823 recepit,
2992 2755 3390 2808 nereSsarium
3427 2754 3535 2808 iter
3581 2753 3699 2807 Sibi

2054 2847 2352 2911 causatus,
2392 2847 2449 2896 et
2478 2846 2711 2913 accepto
2749 2844 2940 2897 viatici
2987 2844 3218 2897 nomine
3277 2844 3419 2897 satis
3478 2858 3688 2913 magno

2052 2931 2311 3000 pecunia:
2372 2938 2635 2996 numero,
2689 2930 2757 2985 ad
2807 2931 2995 2985 socios
3036 2932 3144 2985 sub
3204 2929 3345 2985 solis
3417 2942 3689 2985 occasum

2052 3019 2223 3074 laetus
2252 3019 2430 3086 venit,
2463 3019 2682 3090 scripto
2737 3024 2794 3074 et
2855 3019 2978 3090 ipse
3036 3020 3093 3074 in
3150 3020 3372 3076 foribus
3430 3020 3688 3075 civitatis

2051 3124 2329 3164 successu
2364 3107 2487 3180 spei
2521 3118 2638 3163 Suae
2674 3108 2732 3162 in
2786 3109 2905 3164 haec
2958 3110 3171 3164 verba:
3229 3108 3413 3165 Unius
3462 3109 3697 3179 juvenis

1972 3183 2014 3247 (ἶ
2054 3198 2244 3253 forma
2275 3199 2612 3269 peregrinos
2644 3203 2896 3268 quatuor
2928 3198 3205 3253 instruxit
3231 3217 3481 3255 annona.

2128 3325 2225 3391 Ill,
2263 3324 2391 3379 Dies
2415 3324 2541 3393 jam
2566 3323 2792 3395 aliquot
2823 3341 2893 3378 ex
2952 3324 3191 3380 formosi
3254 3325 3469 3380 nobilis
3525 3342 3701 3396 pecu-

2057 3414 2155 3468 nia
2170 3411 2607 3483 jucdndissime
2631 3412 2863 3468 sodales
2882 3418 3136 3483 quatuor
3157 3415 3550 3481 convixerant,
3566 3431 3701 3468 cum

2056 3502 2154 3557 illa
2203 3503 2424 3558 sensim
2472 3502 2780 3557 deficiente
2812 3508 3097 3558 mercator
3127 3504 3225 3574 qui
3264 3520 3365 3573 per
3422 3520 3520 3558 eos
3572 3504 3701 3558 dics

2055 3596 2259 3661 parata
2288 3592 2399 3645 sibi
2434 3596 2593 3644 veste
2628 3596 2685 3645 et
2713 3597 2879 3660 portu
2913 3593 3068 3645 obito
3115 3593 3328 3661 aliquid
3391 3592 3470 3646 ibi
3532 3597 3699 3646 nota-

2054 3685 2234 3747 verat,
2270 3681 2423 3733 unde
2459 3680 2757 3749 praesentis
2790 3679 2933 3733 lucri
2968 3681 3159 3733 offerri
3194 3682 3304 3735 sibi
3332 3683 3697 3735 occasionem

2056 3767 2417 3837 opinaretur,
2450 3766 2695 3836 Nempe,
2728 3766 2915 3836 inquit
2971 3768 3039 3821 ad
3101 3768 3311 3835 socios,
3373 3785 3464 3822 me
3514 3769 3701 3822 intue-

2055 3855 2223 3925 mini,
2257 3861 2313 3910 et
2338 3856 2461 3910 Vice
2496 3860 2626 3909 mea
2676 3854 3033 3926 promiSsum
3070 3854 3369 3910 industriis
3413 3857 3699 3911 auxilium

2055 3963 2088 4000 a
2146 3960 2239 4000 me
2299 3942 2626 4016 reposcitis.
2692 3942 2815 3999 Non
2879 3942 3187 4015 interpono
3250 3956 3491 3999 moram.
3563 3946 3703 3999 Cras

2057 4049 2225 4088 mane
2260 4034 2525 4105 prodibo,
2558 4039 2615 4087 et
2644 4032 2693 4087 si
2727 4028 3052 4087 Mercur‘ids
3084 4032 3391 4103 adjuverit,
3443 4048 3557 4088 non
3604 4050 3701 4087 va-

2055 4140 2229 4179 cuum
2265 4140 2355 4177 me
2385 4134 2623 4194 vespere
2655 4118 2964 4193 recipietis.
2999 4123 3115 4177 Nec
3164 4122 3414 4177 mendax
3445 4122 3696 4191 promis-

2054 4230 2187 4269 sum
2222 4213 2370 4273 fuit;
2401 4212 2509 4266 sub
2538 4218 2737 4267 secum
2772 4210 2883 4266 diei
2910 4210 3151 4282 posterae
3209 4208 3367 4266 mille
3426 4222 3699 4265 nummos

2056 4305 2127 4358 ad
2162 4304 2352 4357 socios
2386 4298 2601 4368 attulit,
2655 4310 2800 4372 quos
2859 4299 2967 4355 hac
3026 4306 3152 4356 arte
3200 4304 3544 4370 paraverat:
3606 4299 3696 4354 ln-

2055 4393 2296 4447 strando
2329 4392 2484 4446 circa
2516 4395 2716 4461 portus
2765 4390 3125 4461 crepidinem
3186 4392 3438 4445 advenas
3500 4405 3697 4446 naves.

2056 4499 2236 4537 unam
2272 4480 2575 4535 invenerat
2605 4478 3009 4535 recentissima
3042 4479 3374 4551 appulsam,
3404 4496 3471 4534 ex
3528 4480 3700 4550 cujus

1977 4550 2023 4611 D
2058 4574 2277 4626 rectore
2330 4570 2724 4638 percontando
2786 4585 3062 4640 quorsum
3116 4569 3361 4637 veniret,
3421 4568 3703 4624 elicuerat

2064 4662 2232 4715 certae
2262 4656 2429 4711 illum
2460 4657 2672 4712 mercis
2706 4658 2850 4712 satis
2880 4674 3021 4711 raras
3056 4657 3343 4712 desiderio
3375 4657 3580 4722 teneri,
3640 4656 3700 4710 in

2058 4764 2258 4820 quam,
2294 4745 2341 4801 si
2375 4748 2555 4818 proba
2595 4748 2650 4799 et
2706 4746 2913 4802 idonea
2980 4747 3148 4817 cepia
3206 4746 3545 4818 reperietur,
3607 4763 3703 4800 sex

2059 4843 2352 4908 septemve
2386 4852 2768 4890 nummorum
2802 4835 2988 4890 millia
3031 4835 3282 4891 libenter
3311 4835 3699 4907 impenderet.

2056 4926 2232 4980 Porro
2264 4940 2329 4978 ex
2363 4920 2571 4979 amicis
2602 4924 2894 4979 veteribus
2943 4925 3102 4995 (nam
3156 4924 3364 4981 horum
3413 4924 3699 4991 quosdam

2055 5014 2113 5068 in
2147 5013 2320 5067 turba
2351 5013 2497 5067 forte
2538 5017 2745 5066 nectes
2768 5016 2911 5083 erat)
2943 5013 3243 5083 didicerat,
3294 5014 3421 5083 ejus
3466 5011 3698 5082 speciei,

2057 5118 2233 5174 quam
2256 5100 2349 5156 hic
2383 5101 2728 5171 peregrinus
2760 5098 2998 5155 institor
3026 5107 3283 5174 cuperet,
3318 5100 3541 5171 copiam
3600 5116 3696 5153 ex-

2058 5190 2326 5261 spectari,
2386 5207 2419 5243 a
2487 5186 2759 5243 nauclero
2836 5190 3185 5246 adventante
3261 5188 3693 5261 inportandam.

2055 5284 2222 5333 IIunc
2254 5276 2624 5348 praestolatus
2658 5284 3027 5349 praeoccupat
3062 5278 3287 5348 primus
3320 5275 3608 5338 omnium,
3642 5278 3700 5328 et

2058 5368 2127 5421 de
2160 5378 2348 5420 merce
2383 5380 2554 5436 quam
2589 5358 2706 5419 dixi
2741 5366 2929 5437 pretio
2981 5381 3355 5421 nummorum
3410 5378 3509 5418 sex
3566 5361 3700 5417 mil-

2055 5454 2202 5509 lium
2234 5452 2525 5524 transigit,
2557 5469 2623 5508 ac
2653 5452 2790 5509 dato
2832 5470 2900 5508 ex
2950 5454 3154 5509 amicis
3213 5467 3494 5524 sponsore
3545 5450 3698 5507 solu-

2057 5542 2235 5599 tionis
2291 5543 2447 5599 intra
2505 5541 2657 5597 diem
2740 5540 3237 5613 repraesentandis,
3316 5539 3694 5607 navarchum,

2062 5648 2317 5708 quocum
2351 5634 2566 5706 egerat,
2600 5646 2732 5686 cum
2768 5636 2957 5686 merce
2988 5628 3112 5686 adit
3140 5648 3152 5699 ;
3177 5632 3228 5687 is
3260 5640 3388 5687 eam
3418 5630 3699 5702 qnalitate
