  <div class='ocr_page' id='page_1' title='image "/cluster/home/n/w/nwhite01/storage/ocr_20150623/143/hvd.32044073502585/683.png"; bbox 0 0 4002 6202; ppageno 0'>
   <div class='ocr_carea' id='block_1_1' title="bbox 363 271 495 326">
    <p class='ocr_par' dir='ltr' id='par_1_1' title="bbox 363 271 495 326">
     <span class='ocr_line' id='line_1_1' title="bbox 363 271 495 326; baseline 0.008 -1"><span class='ocrx_word' id='word_1_1' title='bbox 363 271 495 326; x_wconf 86' lang='grc'><strong>1351</strong></span> 
     </span>
    </p>
   </div>
   <div class='ocr_carea' id='block_1_2' title="bbox 1861 261 2252 318">
    <p class='ocr_par' dir='ltr' id='par_1_2' title="bbox 1861 261 2252 318">
     <span class='ocr_line' id='line_1_2' title="bbox 1861 261 2252 318; baseline 0.003 -2"><span class='ocrx_word' id='word_1_2' title='bbox 1861 261 2252 318; x_wconf 74' lang='lat' dir='ltr'><strong>APPENDIX.</strong></span> 
     </span>
    </p>
   </div>
   <div class='ocr_carea' id='block_1_3' title="bbox 3650 273 3800 328">
    <p class='ocr_par' dir='ltr' id='par_1_3' title="bbox 3650 273 3800 328">
     <span class='ocr_line' id='line_1_3' title="bbox 3650 273 3800 328; baseline 0.007 -1"><span class='ocrx_word' id='word_1_3' title='bbox 3650 273 3800 328; x_wconf 77' lang='grc'><strong>1352</strong></span> 
     </span>
    </p>
   </div>
   <div class='ocr_carea' id='block_1_4' title="bbox 361 387 3787 469">
    <p class='ocr_par' dir='ltr' id='par_1_4' title="bbox 361 387 3787 469">
     <span class='ocr_line' id='line_1_4' title="bbox 361 387 3787 469; baseline 0 -15"><span class='ocrx_word' id='word_1_4' title='bbox 361 415 427 454; x_wconf 88' lang='lat' dir='ltr'><strong>ac</strong></span> <span class='ocrx_word' id='word_1_5' title='bbox 459 411 700 452; x_wconf 91' lang='lat' dir='ltr'><strong>numero</strong></span> <span class='ocrx_word' id='word_1_6' title='bbox 732 391 966 463; x_wconf 84' lang='lat' dir='ltr'><strong>qualem</strong></span> <span class='ocrx_word' id='word_1_7' title='bbox 999 392 1238 462; x_wconf 88' lang='lat' dir='ltr'><strong>optabat</strong></span> <span class='ocrx_word' id='word_1_8' title='bbox 1268 407 1329 447; x_wconf 89' lang='lat' dir='ltr'><strong>se</strong></span> <span class='ocrx_word' id='word_1_9' title='bbox 1377 390 1489 444; x_wconf 92' lang='lat' dir='ltr'><strong>cito</strong></span> <span class='ocrx_word' id='word_1_10' title='bbox 1548 392 1785 445; x_wconf 91' lang='lat' dir='ltr'><strong>nactum</strong></span> <span class='ocrx_word' id='word_1_11' title='bbox 1835 387 1992 459; x_wconf 83' lang='lat' dir='ltr'><strong>gavi—</strong></span> <span class='ocrx_word' id='word_1_12' title='bbox 2025 394 2076 458; x_wconf 75' lang='grc' dir='ltr'><strong>Α</strong></span> <span class='ocrx_word' id='word_1_13' title='bbox 2110 387 2269 444; x_wconf 90' lang='lat' dir='ltr'><strong>mino</strong></span> <span class='ocrx_word' id='word_1_14' title='bbox 2301 403 2478 460; x_wconf 87' lang='lat' dir='ltr'><strong>quem</strong></span> <span class='ocrx_word' id='word_1_15' title='bbox 2501 387 2840 458; x_wconf 86' lang='lat' dir='ltr'><strong>extulimus,</strong></span> <span class='ocrx_word' id='word_1_16' title='bbox 2866 391 3026 464; x_wconf 86' lang='lat' dir='ltr'><strong>regia</strong></span> <span class='ocrx_word' id='word_1_17' title='bbox 3044 393 3319 450; x_wconf 90' lang='lat' dir='ltr'><strong>universa</strong></span> <span class='ocrx_word' id='word_1_18' title='bbox 3345 397 3608 466; x_wconf 81' lang='lat' dir='ltr'><strong>familia;</strong></span> <span class='ocrx_word' id='word_1_19' title='bbox 3636 401 3787 469; x_wconf 90' lang='lat' dir='ltr'><strong>quid</strong></span> 
     </span>
    </p>
   </div>
   <div class='ocr_carea' id='block_1_5' title="bbox 361 478 2000 552">
    <p class='ocr_par' dir='ltr' id='par_1_5' title="bbox 361 478 2000 552">
     <span class='ocr_line' id='line_1_5' title="bbox 361 478 2000 552; baseline -0.007 -10"><span class='ocrx_word' id='word_1_20' title='bbox 361 503 484 552; x_wconf 90' lang='lat' dir='ltr'><strong>sus,</strong></span> <span class='ocrx_word' id='word_1_21' title='bbox 513 487 731 552; x_wconf 90' lang='lat' dir='ltr'><strong>septem</strong></span> <span class='ocrx_word' id='word_1_22' title='bbox 759 480 942 535; x_wconf 82' lang='lat' dir='ltr'><strong>millia</strong></span> <span class='ocrx_word' id='word_1_23' title='bbox 972 497 1280 535; x_wconf 90' lang='lat' dir='ltr'><strong>nummum</strong></span> <span class='ocrx_word' id='word_1_24' title='bbox 1306 479 1462 534; x_wconf 86' lang='lat' dir='ltr'><strong>haud</strong></span> <span class='ocrx_word' id='word_1_25' title='bbox 1496 483 1731 550; x_wconf 89' lang='lat' dir='ltr'><strong>gravato</strong></span> <span class='ocrx_word' id='word_1_26' title='bbox 1759 478 2000 550; x_wconf 87' lang='lat' dir='ltr'><strong>pacisci-</strong></span> 
     </span>
    </p>
   </div>
   <div class='ocr_carea' id='block_1_6' title="bbox 361 568 2003 640">
    <p class='ocr_par' dir='ltr' id='par_1_6' title="bbox 361 568 2003 640">
     <span class='ocr_line' id='line_1_6' title="bbox 361 568 2003 640; baseline -0.005 -11"><span class='ocrx_word' id='word_1_27' title='bbox 361 580 458 629; x_wconf 87' lang='lat' dir='ltr'><strong>tur</strong></span> <span class='ocrx_word' id='word_1_28' title='bbox 485 577 541 627; x_wconf 88' lang='lat' dir='ltr'><strong>et</strong></span> <span class='ocrx_word' id='word_1_29' title='bbox 569 572 767 625; x_wconf 89' lang='lat' dir='ltr'><strong>statim</strong></span> <span class='ocrx_word' id='word_1_30' title='bbox 802 568 1001 624; x_wconf 70' lang='lat' dir='ltr'><strong>tradit&#39;</strong></span> <span class='ocrx_word' id='word_1_31' title='bbox 1037 568 1139 623; x_wconf 84' lang='lat' dir='ltr'><strong>His</strong></span> <span class='ocrx_word' id='word_1_32' title='bbox 1173 574 1370 624; x_wconf 89' lang='lat' dir='ltr'><strong>noster</strong></span> <span class='ocrx_word' id='word_1_33' title='bbox 1400 568 1656 640; x_wconf 80' lang='lat' dir='ltr'><strong>acceptis</strong></span> <span class='ocrx_word' id='word_1_34' title='bbox 1712 583 1882 623; x_wconf 91' lang='lat' dir='ltr'><strong>suam</strong></span> <span class='ocrx_word' id='word_1_35' title='bbox 1945 572 2003 621; x_wconf 88' lang='lat' dir='ltr'><strong>et</strong></span> 
     </span>
    </p>
   </div>
   <div class='ocr_carea' id='block_1_7' title="bbox 359 657 2002 733">
    <p class='ocr_par' dir='ltr' id='par_1_7' title="bbox 359 657 2002 733">
     <span class='ocr_line' id='line_1_7' title="bbox 359 657 2002 733; baseline -0.004 -16"><span class='ocrx_word' id='word_1_36' title='bbox 359 658 660 733; x_wconf 79' lang='lat' dir='ltr'><strong>sponsoris</strong></span> <span class='ocrx_word' id='word_1_37' title='bbox 694 659 864 713; x_wconf 79' lang='lat' dir='ltr'><strong>fidem</strong></span> <span class='ocrx_word' id='word_1_38' title='bbox 899 659 1129 726; x_wconf 83' lang='lat' dir='ltr'><strong>liberat,</strong></span> <span class='ocrx_word' id='word_1_39' title='bbox 1164 675 1266 714; x_wconf 86' lang='lat' dir='ltr'><strong>sex</strong></span> <span class='ocrx_word' id='word_1_40' title='bbox 1296 657 1560 712; x_wconf 86' lang='lat' dir='ltr'><strong>millibus</strong></span> <span class='ocrx_word' id='word_1_41' title='bbox 1591 673 1659 712; x_wconf 89' lang='lat' dir='ltr'><strong>ex</strong></span> <span class='ocrx_word' id='word_1_42' title='bbox 1689 661 1856 728; x_wconf 89' lang='lat' dir='ltr'><strong>pacto</strong></span> <span class='ocrx_word' id='word_1_43' title='bbox 1889 672 2002 710; x_wconf 90' lang='lat' dir='ltr'><strong>nu-</strong></span> 
     </span>
    </p>
   </div>
   <div class='ocr_carea' id='block_1_8' title="bbox 363 747 1999 820">
    <p class='ocr_par' dir='ltr' id='par_1_8' title="bbox 363 747 1999 820">
     <span class='ocr_line' id='line_1_8' title="bbox 363 747 1999 820; baseline -0.004 -14"><span class='ocrx_word' id='word_1_44' title='bbox 363 749 656 806; x_wconf 86' lang='lat' dir='ltr'><strong>merandis</strong></span> <span class='ocrx_word' id='word_1_45' title='bbox 686 749 778 804; x_wconf 91' lang='lat' dir='ltr'><strong>cui</strong></span> <span class='ocrx_word' id='word_1_46' title='bbox 824 750 1090 804; x_wconf 81' lang='lat' dir='ltr'><strong>debebat.</strong></span> <span class='ocrx_word' id='word_1_47' title='bbox 1153 750 1401 820; x_wconf 82' lang='lat' dir='ltr'><strong>Moxque</strong></span> <span class='ocrx_word' id='word_1_48' title='bbox 1460 749 1531 802; x_wconf 91' lang='lat' dir='ltr'><strong>ad</strong></span> <span class='ocrx_word' id='word_1_49' title='bbox 1593 747 1783 802; x_wconf 90' lang='lat' dir='ltr'><strong>socios</strong></span> <span class='ocrx_word' id='word_1_50' title='bbox 1841 747 1999 802; x_wconf 85' lang='lat' dir='ltr'><strong>festi-</strong></span> 
     </span>
    </p>
   </div>
   <div class='ocr_carea' id='block_1_9' title="bbox 359 837 1998 910">
    <p class='ocr_par' dir='ltr' id='par_1_9' title="bbox 359 837 1998 910">
     <span class='ocr_line' id='line_1_9' title="bbox 359 837 1998 910; baseline -0.004 -17"><span class='ocrx_word' id='word_1_51' title='bbox 359 857 508 894; x_wconf 87' lang='lat' dir='ltr'><strong>nans</strong></span> <span class='ocrx_word' id='word_1_52' title='bbox 540 841 597 894; x_wconf 94' lang='lat' dir='ltr'><strong>in</strong></span> <span class='ocrx_word' id='word_1_53' title='bbox 630 844 796 910; x_wconf 88' lang='lat' dir='ltr'><strong>porta</strong></span> <span class='ocrx_word' id='word_1_54' title='bbox 853 837 1018 892; x_wconf 84' lang='lat' dir='ltr'><strong>urbis</strong></span> <span class='ocrx_word' id='word_1_55' title='bbox 1069 837 1317 892; x_wconf 83' lang='lat' dir='ltr'><strong>carbone</strong></span> <span class='ocrx_word' id='word_1_56' title='bbox 1373 853 1492 890; x_wconf 82' lang='lat' dir='ltr'><strong>suae</strong></span> <span class='ocrx_word' id='word_1_57' title='bbox 1551 839 1998 891; x_wconf 84' lang='lat' dir='ltr'><strong>monumentum</strong></span> 
     </span>
    </p>
   </div>
   <div class='ocr_carea' id='block_1_10' title="bbox 358 923 2001 1000">
    <p class='ocr_par' dir='ltr' id='par_1_10' title="bbox 358 923 2001 1000">
     <span class='ocr_line' id='line_1_10' title="bbox 358 923 2001 1000; baseline -0.003 -17"><span class='ocrx_word' id='word_1_58' title='bbox 358 945 542 1000; x_wconf 72' lang='lat' dir='ltr'><strong>operae</strong></span> <span class='ocrx_word' id='word_1_59' title='bbox 570 928 840 998; x_wconf 77' lang='lat' dir='ltr'><strong>signavit,</strong></span> <span class='ocrx_word' id='word_1_60' title='bbox 875 926 958 981; x_wconf 90' lang='lat' dir='ltr'><strong>sic</strong></span> <span class='ocrx_word' id='word_1_61' title='bbox 990 927 1252 982; x_wconf 91' lang='lat' dir='ltr'><strong>scribens</strong></span> <span class='ocrx_word' id='word_1_62' title='bbox 1282 942 1295 979; x_wconf 88' lang='lat'><strong>:</strong></span> <span class='ocrx_word' id='word_1_63' title='bbox 1326 923 1625 981; x_wconf 90' lang='lat' dir='ltr'><strong>Industria</strong></span> <span class='ocrx_word' id='word_1_64' title='bbox 1659 923 2001 979; x_wconf 80' lang='lat' dir='ltr'><strong>mercatoris</strong></span> 
     </span>
    </p>
   </div>
   <div class='ocr_carea' id='block_1_11' title="bbox 358 1011 2000 1071">
    <p class='ocr_par' dir='ltr' id='par_1_11' title="bbox 358 1011 2000 1071">
     <span class='ocr_line' id='line_1_11' title="bbox 358 1011 2000 1071; baseline -0.003 0"><span class='ocrx_word' id='word_1_65' title='bbox 358 1016 518 1071; x_wconf 89' lang='lat' dir='ltr'><strong>mille</strong></span> <span class='ocrx_word' id='word_1_66' title='bbox 552 1031 828 1071; x_wconf 87' lang='lat' dir='ltr'><strong>nummos</strong></span> <span class='ocrx_word' id='word_1_67' title='bbox 852 1032 967 1070; x_wconf 89' lang='lat' dir='ltr'><strong>una</strong></span> <span class='ocrx_word' id='word_1_68' title='bbox 997 1016 1091 1070; x_wconf 91' lang='lat' dir='ltr'><strong>die</strong></span> <span class='ocrx_word' id='word_1_69' title='bbox 1122 1014 1234 1070; x_wconf 88' lang='lat' dir='ltr'><strong>sibi</strong></span> <span class='ocrx_word' id='word_1_70' title='bbox 1267 1019 1324 1069; x_wconf 90' lang='lat' dir='ltr'><strong>et</strong></span> <span class='ocrx_word' id='word_1_71' title='bbox 1353 1012 1657 1068; x_wconf 82' lang='lat' dir='ltr'><strong>sodalibus</strong></span> <span class='ocrx_word' id='word_1_72' title='bbox 1687 1029 1755 1068; x_wconf 89' lang='lat' dir='ltr'><strong>ex</strong></span> <span class='ocrx_word' id='word_1_73' title='bbox 1814 1011 2000 1067; x_wconf 88' lang='lat' dir='ltr'><strong>nihilo</strong></span> 
     </span>
    </p>
   </div>
   <div class='ocr_carea' id='block_1_12' title="bbox 357 1106 626 1161">
    <p class='ocr_par' dir='ltr' id='par_1_12' title="bbox 357 1106 626 1161">
     <span class='ocr_line' id='line_1_12' title="bbox 357 1106 626 1161; baseline 0 -1"><span class='ocrx_word' id='word_1_74' title='bbox 357 1106 626 1161; x_wconf 80' lang='lat' dir='ltr'><strong>confecit.</strong></span> 
     </span>
    </p>
   </div>
   <div class='ocr_carea' id='block_1_13' title="bbox 428 1189 2001 1265">
    <p class='ocr_par' dir='ltr' id='par_1_13' title="bbox 428 1189 2001 1265">
     <span class='ocr_line' id='line_1_13' title="bbox 428 1189 2001 1265; baseline -0.003 -16"><span class='ocrx_word' id='word_1_75' title='bbox 428 1195 514 1251; x_wconf 90' lang='lat' dir='ltr'><strong>IV.</strong></span> <span class='ocrx_word' id='word_1_76' title='bbox 547 1194 709 1249; x_wconf 91' lang='lat' dir='ltr'><strong>Unus</strong></span> <span class='ocrx_word' id='word_1_77' title='bbox 742 1197 1045 1265; x_wconf 79' lang='lat' dir='ltr'><strong>supererat</strong></span> <span class='ocrx_word' id='word_1_78' title='bbox 1107 1192 1260 1264; x_wconf 86' lang='lat' dir='ltr'><strong>regis</strong></span> <span class='ocrx_word' id='word_1_79' title='bbox 1323 1191 1528 1259; x_wconf 77' lang='lat' dir='ltr'><strong>filius;</strong></span> <span class='ocrx_word' id='word_1_80' title='bbox 1586 1191 1685 1261; x_wconf 90' lang='lat' dir='ltr'><strong>qui</strong></span> <span class='ocrx_word' id='word_1_81' title='bbox 1751 1207 1862 1244; x_wconf 88' lang='lat' dir='ltr'><strong>non</strong></span> <span class='ocrx_word' id='word_1_82' title='bbox 1925 1189 2001 1244; x_wconf 83' lang='lat' dir='ltr'><strong>ita</strong></span> 
     </span>
    </p>
   </div>
   <div class='ocr_carea' id='block_1_14' title="bbox 356 1279 1999 1355">
    <p class='ocr_par' dir='ltr' id='par_1_14' title="bbox 356 1279 1999 1355">
     <span class='ocr_line' id='line_1_14' title="bbox 356 1279 1999 1355; baseline -0.003 -17"><span class='ocrx_word' id='word_1_83' title='bbox 356 1283 540 1339; x_wconf 90' lang='lat' dir='ltr'><strong>multo</strong></span> <span class='ocrx_word' id='word_1_84' title='bbox 575 1288 726 1355; x_wconf 90' lang='lat' dir='ltr'><strong>post,</strong></span> <span class='ocrx_word' id='word_1_85' title='bbox 757 1284 850 1338; x_wconf 92' lang='lat' dir='ltr'><strong>die</strong></span> <span class='ocrx_word' id='word_1_86' title='bbox 881 1287 1070 1354; x_wconf 87' lang='lat' dir='ltr'><strong>capto,</strong></span> <span class='ocrx_word' id='word_1_87' title='bbox 1136 1299 1250 1336; x_wconf 93' lang='lat' dir='ltr'><strong>non</strong></span> <span class='ocrx_word' id='word_1_88' title='bbox 1305 1281 1474 1336; x_wconf 92' lang='lat' dir='ltr'><strong>bonis</strong></span> <span class='ocrx_word' id='word_1_89' title='bbox 1532 1279 1738 1334; x_wconf 89' lang='lat' dir='ltr'><strong>avibus</strong></span> <span class='ocrx_word' id='word_1_90' title='bbox 1795 1279 1999 1333; x_wconf 89' lang='lat' dir='ltr'><strong>urbem</strong></span> 
     </span>
    </p>
   </div>
   <div class='ocr_carea' id='block_1_15' title="bbox 355 1368 2000 1444">
    <p class='ocr_par' dir='ltr' id='par_1_15' title="bbox 355 1368 2000 1444">
     <span class='ocr_line' id='line_1_15' title="bbox 355 1368 2000 1444; baseline -0.003 -17"><span class='ocrx_word' id='word_1_91' title='bbox 355 1374 577 1444; x_wconf 77' lang='lat' dir='ltr'><strong>ingredi</strong></span> <span class='ocrx_word' id='word_1_92' title='bbox 604 1374 765 1428; x_wconf 90' lang='lat' dir='ltr'><strong>visus</strong></span> <span class='ocrx_word' id='word_1_93' title='bbox 795 1375 885 1426; x_wconf 90' lang='lat' dir='ltr'><strong>est</strong></span> <span class='ocrx_word' id='word_1_94' title='bbox 915 1375 1164 1426; x_wconf 87' lang='lat' dir='ltr'><strong>atratam</strong></span> <span class='ocrx_word' id='word_1_95' title='bbox 1201 1369 1358 1424; x_wconf 91' lang='lat' dir='ltr'><strong>luctu</strong></span> <span class='ocrx_word' id='word_1_96' title='bbox 1400 1387 1413 1436; x_wconf 88' lang='lat'><strong>;</strong></span> <span class='ocrx_word' id='word_1_97' title='bbox 1449 1385 1580 1423; x_wconf 89' lang='lat' dir='ltr'><strong>nam</strong></span> <span class='ocrx_word' id='word_1_98' title='bbox 1615 1384 1681 1422; x_wconf 90' lang='lat' dir='ltr'><strong>ea</strong></span> <span class='ocrx_word' id='word_1_99' title='bbox 1714 1368 1806 1423; x_wconf 90' lang='lat' dir='ltr'><strong>sui</strong></span> <span class='ocrx_word' id='word_1_100' title='bbox 1848 1368 2000 1438; x_wconf 89' lang='lat' dir='ltr'><strong>regis</strong></span> 
     </span>
    </p>
   </div>
   <div class='ocr_carea' id='block_1_16' title="bbox 353 1455 1998 1517">
    <p class='ocr_par' dir='ltr' id='par_1_16' title="bbox 353 1455 1998 1517">
     <span class='ocr_line' id='line_1_16' title="bbox 353 1455 1998 1517; baseline -0.005 -1"><span class='ocrx_word' id='word_1_101' title='bbox 353 1463 479 1517; x_wconf 90' lang='lat' dir='ltr'><strong>sine</strong></span> <span class='ocrx_word' id='word_1_102' title='bbox 510 1461 711 1516; x_wconf 90' lang='lat' dir='ltr'><strong>liberis</strong></span> <span class='ocrx_word' id='word_1_103' title='bbox 741 1459 1000 1515; x_wconf 82' lang='lat' dir='ltr'><strong>defuncti</strong></span> <span class='ocrx_word' id='word_1_104' title='bbox 1035 1460 1212 1513; x_wconf 90' lang='lat' dir='ltr'><strong>funus</strong></span> <span class='ocrx_word' id='word_1_105' title='bbox 1247 1464 1451 1513; x_wconf 64' lang='lat' dir='ltr'><strong>maesta</strong></span> <span class='ocrx_word' id='word_1_106' title='bbox 1480 1456 1833 1512; x_wconf 83' lang='lat' dir='ltr'><strong>celebrabat.</strong></span> <span class='ocrx_word' id='word_1_107' title='bbox 1861 1455 1998 1510; x_wconf 89' lang='lat' dir='ltr'><strong>Pro-</strong></span> 
     </span>
    </p>
   </div>
   <div class='ocr_carea' id='block_1_17' title="bbox 353 1544 1996 1622">
    <p class='ocr_par' dir='ltr' id='par_1_17' title="bbox 353 1544 1996 1622">
     <span class='ocr_line' id='line_1_17' title="bbox 353 1544 1996 1622; baseline -0.005 -16"><span class='ocrx_word' id='word_1_108' title='bbox 353 1568 512 1607; x_wconf 90' lang='lat' dir='ltr'><strong>ceres</strong></span> <span class='ocrx_word' id='word_1_109' title='bbox 551 1550 652 1622; x_wconf 88' lang='lat' dir='ltr'><strong>qui</strong></span> <span class='ocrx_word' id='word_1_110' title='bbox 685 1548 1110 1620; x_wconf 86' lang='lat' dir='ltr'><strong>rempublicam</strong></span> <span class='ocrx_word' id='word_1_111' title='bbox 1135 1547 1655 1613; x_wconf 85' lang='lat' dir='ltr'><strong>administrabant,</strong></span> <span class='ocrx_word' id='word_1_112' title='bbox 1677 1544 1781 1600; x_wconf 88' lang='lat' dir='ltr'><strong>tali</strong></span> <span class='ocrx_word' id='word_1_113' title='bbox 1804 1561 1996 1599; x_wconf 91' lang='lat' dir='ltr'><strong>rerum</strong></span> 
     </span>
    </p>
   </div>
   <div class='ocr_carea' id='block_1_18' title="bbox 354 1634 2000 1709">
    <p class='ocr_par' dir='ltr' id='par_1_18' title="bbox 354 1634 2000 1709">
     <span class='ocr_line' id='line_1_18' title="bbox 354 1634 2000 1709; baseline -0.004 -15"><span class='ocrx_word' id='word_1_114' title='bbox 354 1639 599 1695; x_wconf 89' lang='lat' dir='ltr'><strong>articulo</strong></span> <span class='ocrx_word' id='word_1_115' title='bbox 631 1637 886 1705; x_wconf 88' lang='lat' dir='ltr'><strong>solliciti,</strong></span> <span class='ocrx_word' id='word_1_116' title='bbox 924 1655 994 1692; x_wconf 92' lang='lat' dir='ltr'><strong>ne</strong></span> <span class='ocrx_word' id='word_1_117' title='bbox 1022 1636 1163 1709; x_wconf 92' lang='lat' dir='ltr'><strong>quid</strong></span> <span class='ocrx_word' id='word_1_118' title='bbox 1197 1637 1507 1691; x_wconf 89' lang='lat' dir='ltr'><strong>turbarum</strong></span> <span class='ocrx_word' id='word_1_119' title='bbox 1565 1634 1838 1704; x_wconf 88' lang='lat' dir='ltr'><strong>oriretur,</strong></span> <span class='ocrx_word' id='word_1_120' title='bbox 1899 1651 2000 1688; x_wconf 91' lang='lat' dir='ltr'><strong>cu-</strong></span> 
     </span>
    </p>
   </div>
   <div class='ocr_carea' id='block_1_19' title="bbox 354 1717 1999 1798">
    <p class='ocr_par' dir='ltr' id='par_1_19' title="bbox 354 1717 1999 1798">
     <span class='ocr_line' id='line_1_19' title="bbox 354 1717 1999 1798; baseline -0.004 -16"><span class='ocrx_word' id='word_1_121' title='bbox 354 1727 576 1783; x_wconf 86' lang='lat' dir='ltr'><strong>stodias</strong></span> <span class='ocrx_word' id='word_1_122' title='bbox 605 1727 1048 1798; x_wconf 85' lang='lat' dir='ltr'><strong>geminaverant</strong></span> <span class='ocrx_word' id='word_1_123' title='bbox 1080 1717 1405 1795; x_wconf 88' lang='lat' dir='ltr'><strong>portarum,</strong></span> <span class='ocrx_word' id='word_1_124' title='bbox 1440 1722 1842 1794; x_wconf 82' lang='lat' dir='ltr'><strong>explorarique</strong></span> <span class='ocrx_word' id='word_1_125' title='bbox 1865 1722 1999 1777; x_wconf 90' lang='lat' dir='ltr'><strong>sub-</strong></span> 
     </span>
    </p>
   </div>
   <div class='ocr_carea' id='block_1_20' title="bbox 353 1811 1998 1886">
    <p class='ocr_par' dir='ltr' id='par_1_20' title="bbox 353 1811 1998 1886">
     <span class='ocr_line' id='line_1_20' title="bbox 353 1811 1998 1886; baseline -0.004 -16"><span class='ocrx_word' id='word_1_126' title='bbox 353 1821 562 1871; x_wconf 88' lang='lat' dir='ltr'><strong>euntes</strong></span> <span class='ocrx_word' id='word_1_127' title='bbox 585 1817 914 1886; x_wconf 89' lang='lat' dir='ltr'><strong>jusserant.</strong></span> <span class='ocrx_word' id='word_1_128' title='bbox 952 1814 1037 1868; x_wconf 88' lang='lat' dir='ltr'><strong>Ab</strong></span> <span class='ocrx_word' id='word_1_129' title='bbox 1068 1812 1630 1885; x_wconf 57' lang='lat' dir='ltr'><strong>his;animadversus</strong></span> <span class='ocrx_word' id='word_1_130' title='bbox 1657 1811 1998 1882; x_wconf 87' lang='lat' dir='ltr'><strong>peregrinus</strong></span> 
     </span>
    </p>
   </div>
   <div class='ocr_carea' id='block_1_21' title="bbox 345 1898 1994 1974">
    <p class='ocr_par' dir='ltr' id='par_1_21' title="bbox 345 1898 1994 1974">
     <span class='ocr_line' id='line_1_21' title="bbox 345 1898 1994 1974; baseline -0.004 -16"><span class='ocrx_word' id='word_1_131' title='bbox 345 1903 578 1973; x_wconf 86' lang='lat' dir='ltr'><strong>juvenis</strong></span> <span class='ocrx_word' id='word_1_132' title='bbox 609 1903 845 1974; x_wconf 79' lang='lat' dir='ltr'><strong>speciei,</strong></span> <span class='ocrx_word' id='word_1_133' title='bbox 880 1901 1143 1967; x_wconf 73' lang='lat' dir='ltr'><strong>heroicis,</strong></span> <span class='ocrx_word' id='word_1_134' title='bbox 1205 1917 1338 1955; x_wconf 90' lang='lat' dir='ltr'><strong>cum</strong></span> <span class='ocrx_word' id='word_1_135' title='bbox 1396 1899 1788 1968; x_wconf 84' lang='lat' dir='ltr'><strong>interrogatus</strong></span> <span class='ocrx_word' id='word_1_136' title='bbox 1840 1898 1994 1966; x_wconf 87' lang='lat' dir='ltr'><strong>quis,</strong></span> 
     </span>
    </p>
   </div>
   <div class='ocr_carea' id='block_1_22' title="bbox 353 1986 1995 2063">
    <p class='ocr_par' dir='ltr' id='par_1_22' title="bbox 353 1986 1995 2063">
     <span class='ocr_line' id='line_1_22' title="bbox 353 1986 1995 2063; baseline -0.004 -17"><span class='ocrx_word' id='word_1_137' title='bbox 353 1993 544 2063; x_wconf 87' lang='lat' dir='ltr'><strong>cujus,</strong></span> <span class='ocrx_word' id='word_1_138' title='bbox 578 1992 753 2061; x_wconf 91' lang='lat' dir='ltr'><strong>unde,</strong></span> <span class='ocrx_word' id='word_1_139' title='bbox 786 2008 889 2046; x_wconf 93' lang='lat' dir='ltr'><strong>cur</strong></span> <span class='ocrx_word' id='word_1_140' title='bbox 921 1989 1164 2056; x_wconf 90' lang='lat' dir='ltr'><strong>veniret,</strong></span> <span class='ocrx_word' id='word_1_141' title='bbox 1195 2004 1545 2059; x_wconf 89' lang='lat' dir='ltr'><strong>responsum</strong></span> <span class='ocrx_word' id='word_1_142' title='bbox 1574 1986 1726 2040; x_wconf 79' lang='lat' dir='ltr'><strong>haud</strong></span> <span class='ocrx_word' id='word_1_143' title='bbox 1775 1991 1995 2040; x_wconf 91' lang='lat' dir='ltr'><strong>certum</strong></span> 
     </span>
    </p>
   </div>
   <div class='ocr_carea' id='block_1_23' title="bbox 350 2073 1995 2152">
    <p class='ocr_par' dir='ltr' id='par_1_23' title="bbox 350 2073 1995 2152">
     <span class='ocr_line' id='line_1_23' title="bbox 350 2073 1995 2152; baseline -0.005 -16"><span class='ocrx_word' id='word_1_144' title='bbox 350 2080 706 2152; x_wconf 83' lang='lat' dir='ltr'><strong>expedisset,</strong></span> <span class='ocrx_word' id='word_1_145' title='bbox 737 2083 1017 2150; x_wconf 87' lang='lat' dir='ltr'><strong>supectus</strong></span> <span class='ocrx_word' id='word_1_146' title='bbox 1050 2079 1107 2132; x_wconf 93' lang='lat' dir='ltr'><strong>in</strong></span> <span class='ocrx_word' id='word_1_147' title='bbox 1142 2076 1378 2131; x_wconf 90' lang='lat' dir='ltr'><strong>vincula</strong></span> <span class='ocrx_word' id='word_1_148' title='bbox 1425 2076 1597 2129; x_wconf 91' lang='lat' dir='ltr'><strong>datus</strong></span> <span class='ocrx_word' id='word_1_149' title='bbox 1656 2079 1764 2143; x_wconf 87' lang='lat' dir='ltr'><strong>est,</strong></span> <span class='ocrx_word' id='word_1_150' title='bbox 1826 2073 1995 2128; x_wconf 80' lang='lat' dir='ltr'><strong>valde</strong></span> 
     </span>
    </p>
   </div>
   <div class='ocr_carea' id='block_1_24' title="bbox 350 2157 1992 2237">
    <p class='ocr_par' dir='ltr' id='par_1_24' title="bbox 350 2157 1992 2237">
     <span class='ocr_line' id='line_1_24' title="bbox 350 2157 1992 2237; baseline -0.005 -12"><span class='ocrx_word' id='word_1_151' title='bbox 350 2157 794 2236; x_wconf 83' lang='lat' dir='ltr'><strong>miserantibus,</strong></span> <span class='ocrx_word' id='word_1_152' title='bbox 840 2168 937 2223; x_wconf 92' lang='lat' dir='ltr'><strong>ubi</strong></span> <span class='ocrx_word' id='word_1_153' title='bbox 996 2183 1118 2222; x_wconf 90' lang='lat' dir='ltr'><strong>rem</strong></span> <span class='ocrx_word' id='word_1_154' title='bbox 1183 2181 1524 2237; x_wconf 86' lang='lat' dir='ltr'><strong>cognovere,</strong></span> <span class='ocrx_word' id='word_1_155' title='bbox 1586 2169 1701 2218; x_wconf 90' lang='lat' dir='ltr'><strong>tam</strong></span> <span class='ocrx_word' id='word_1_156' title='bbox 1764 2163 1992 2218; x_wconf 85' lang='lat' dir='ltr'><strong>tristem</strong></span> 
     </span>
    </p>
   </div>
   <div class='ocr_carea' id='block_1_25' title="bbox 352 2253 1996 2328">
    <p class='ocr_par' dir='ltr' id='par_1_25' title="bbox 352 2253 1996 2328">
     <span class='ocr_line' id='line_1_25' title="bbox 352 2253 1996 2328; baseline -0.005 -14"><span class='ocrx_word' id='word_1_157' title='bbox 352 2275 694 2315; x_wconf 79' lang='lat' dir='ltr'><strong>successum</strong></span> <span class='ocrx_word' id='word_1_158' title='bbox 725 2257 921 2314; x_wconf 84' lang='lat' dir='ltr'><strong>sociis.</strong></span> <span class='ocrx_word' id='word_1_159' title='bbox 952 2258 1172 2312; x_wconf 90' lang='lat' dir='ltr'><strong>Triduo</strong></span> <span class='ocrx_word' id='word_1_160' title='bbox 1197 2260 1330 2328; x_wconf 91' lang='lat' dir='ltr'><strong>post</strong></span> <span class='ocrx_word' id='word_1_161' title='bbox 1352 2253 1726 2310; x_wconf 89' lang='lat' dir='ltr'><strong>consulentes</strong></span> <span class='ocrx_word' id='word_1_162' title='bbox 1745 2253 1815 2306; x_wconf 92' lang='lat' dir='ltr'><strong>de</strong></span> <span class='ocrx_word' id='word_1_163' title='bbox 1843 2253 1996 2324; x_wconf 86' lang='lat' dir='ltr'><strong>regis</strong></span> 
     </span>
    </p>
   </div>
   <div class='ocr_carea' id='block_1_26' title="bbox 350 2341 1991 2415">
    <p class='ocr_par' dir='ltr' id='par_1_26' title="bbox 350 2341 1991 2415">
     <span class='ocr_line' id='line_1_26' title="bbox 350 2341 1991 2415; baseline -0.005 -12"><span class='ocrx_word' id='word_1_164' title='bbox 350 2348 630 2404; x_wconf 90' lang='lat' dir='ltr'><strong>electione</strong></span> <span class='ocrx_word' id='word_1_165' title='bbox 687 2351 1010 2415; x_wconf 86' lang='lat' dir='ltr'><strong>senatores,</strong></span> <span class='ocrx_word' id='word_1_166' title='bbox 1073 2345 1387 2400; x_wconf 90' lang='lat' dir='ltr'><strong>audierunt</strong></span> <span class='ocrx_word' id='word_1_167' title='bbox 1463 2360 1496 2398; x_wconf 90' lang='lat' dir='ltr'><strong>a</strong></span> <span class='ocrx_word' id='word_1_168' title='bbox 1573 2341 1991 2414; x_wconf 72' lang='lat' dir='ltr'><strong>quzesitoribus</strong></span> 
     </span>
    </p>
   </div>
   <div class='ocr_carea' id='block_1_27' title="bbox 352 2431 1993 2508">
    <p class='ocr_par' dir='ltr' id='par_1_27' title="bbox 352 2431 1993 2508">
     <span class='ocr_line' id='line_1_27' title="bbox 352 2431 1993 2508; baseline -0.005 -16"><span class='ocrx_word' id='word_1_169' title='bbox 352 2455 478 2508; x_wconf 65' lang='lat' dir='ltr'><strong>quae</strong></span> <span class='ocrx_word' id='word_1_170' title='bbox 531 2437 570 2491; x_wconf 91' lang='lat' dir='ltr'><strong>ii</strong></span> <span class='ocrx_word' id='word_1_171' title='bbox 629 2436 858 2508; x_wconf 91' lang='lat' dir='ltr'><strong>captivo</strong></span> <span class='ocrx_word' id='word_1_172' title='bbox 934 2433 1305 2489; x_wconf 83' lang='lat' dir='ltr'><strong>adolescente</strong></span> <span class='ocrx_word' id='word_1_173' title='bbox 1385 2431 1785 2488; x_wconf 90' lang='lat' dir='ltr'><strong>resciverant:</strong></span> <span class='ocrx_word' id='word_1_174' title='bbox 1865 2445 1993 2485; x_wconf 90' lang='lat' dir='ltr'><strong>esse</strong></span> 
     </span>
    </p>
   </div>
   <div class='ocr_carea' id='block_1_28' title="bbox 349 2519 1994 2597">
    <p class='ocr_par' dir='ltr' id='par_1_28' title="bbox 349 2519 1994 2597">
     <span class='ocr_line' id='line_1_28' title="bbox 349 2519 1994 2597; baseline -0.005 -17"><span class='ocrx_word' id='word_1_175' title='bbox 349 2527 517 2581; x_wconf 89' lang='lat' dir='ltr'><strong>illum</strong></span> <span class='ocrx_word' id='word_1_176' title='bbox 553 2526 705 2597; x_wconf 84' lang='lat' dir='ltr'><strong>regis</strong></span> <span class='ocrx_word' id='word_1_177' title='bbox 738 2525 856 2580; x_wconf 92' lang='lat' dir='ltr'><strong>noti</strong></span> <span class='ocrx_word' id='word_1_178' title='bbox 889 2525 940 2578; x_wconf 86' lang='lat' dir='ltr'><strong>ei</strong></span> <span class='ocrx_word' id='word_1_179' title='bbox 967 2523 1219 2595; x_wconf 89' lang='lat' dir='ltr'><strong>potentis</strong></span> <span class='ocrx_word' id='word_1_180' title='bbox 1254 2519 1994 2593; x_wconf 86' lang='lat' dir='ltr'><strong>primogenitum,factione</strong></span> 
     </span>
    </p>
   </div>
   <div class='ocr_carea' id='block_1_29' title="bbox 351 2608 1992 2684">
    <p class='ocr_par' dir='ltr' id='par_1_29' title="bbox 351 2608 1992 2684">
     <span class='ocr_line' id='line_1_29' title="bbox 351 2608 1992 2684; baseline -0.004 -17"><span class='ocrx_word' id='word_1_181' title='bbox 351 2614 549 2669; x_wconf 84' lang='lat' dir='ltr'><strong>fratris</strong></span> <span class='ocrx_word' id='word_1_182' title='bbox 583 2613 846 2668; x_wconf 89' lang='lat' dir='ltr'><strong>mimoris</strong></span> <span class='ocrx_word' id='word_1_183' title='bbox 869 2612 1029 2684; x_wconf 83' lang='lat' dir='ltr'><strong>regni</strong></span> <span class='ocrx_word' id='word_1_184' title='bbox 1055 2611 1390 2666; x_wconf 70' lang='lat' dir='ltr'><strong>haereditate</strong></span> <span class='ocrx_word' id='word_1_185' title='bbox 1409 2611 1699 2680; x_wconf 87' lang='lat' dir='ltr'><strong>dejectum</strong></span> <span class='ocrx_word' id='word_1_186' title='bbox 1727 2625 1741 2674; x_wconf 92' lang='lat'>;</span> <span class='ocrx_word' id='word_1_187' title='bbox 1765 2612 1821 2662; x_wconf 93' lang='lat' dir='ltr'><strong>et</strong></span> <span class='ocrx_word' id='word_1_188' title='bbox 1847 2608 1992 2662; x_wconf 89' lang='lat' dir='ltr'><strong>forte</strong></span> 
     </span>
    </p>
   </div>
   <div class='ocr_carea' id='block_1_30' title="bbox 353 2699 1987 2771">
    <p class='ocr_par' dir='ltr' id='par_1_30' title="bbox 353 2699 1987 2771">
     <span class='ocr_line' id='line_1_30' title="bbox 353 2699 1987 2771; baseline -0.004 -14"><span class='ocrx_word' id='word_1_189' title='bbox 353 2704 509 2757; x_wconf 88' lang='lat' dir='ltr'><strong>fama</strong></span> <span class='ocrx_word' id='word_1_190' title='bbox 539 2702 619 2757; x_wconf 91' lang='lat' dir='ltr'><strong>rei</strong></span> <span class='ocrx_word' id='word_1_191' title='bbox 651 2707 824 2756; x_wconf 66' lang='lat' dir='ltr'><strong>tanta:</strong></span> <span class='ocrx_word' id='word_1_192' title='bbox 860 2702 918 2755; x_wconf 93' lang='lat' dir='ltr'><strong>in</strong></span> <span class='ocrx_word' id='word_1_193' title='bbox 952 2699 1216 2771; x_wconf 90' lang='lat' dir='ltr'><strong>proximo</strong></span> <span class='ocrx_word' id='word_1_194' title='bbox 1275 2703 1448 2770; x_wconf 67' lang='lat' dir='ltr'><strong>gestae</strong></span> <span class='ocrx_word' id='word_1_195' title='bbox 1504 2715 1571 2753; x_wconf 92' lang='lat' dir='ltr'><strong>eo</strong></span> <span class='ocrx_word' id='word_1_196' title='bbox 1629 2701 1987 2769; x_wconf 87' lang='lat' dir='ltr'><strong>pervenerat,</strong></span> 
     </span>
    </p>
   </div>
   <div class='ocr_carea' id='block_1_31' title="bbox 348 2786 1988 2847">
    <p class='ocr_par' dir='ltr' id='par_1_31' title="bbox 348 2786 1988 2847">
     <span class='ocr_line' id='line_1_31' title="bbox 348 2786 1988 2847; baseline -0.004 -1"><span class='ocrx_word' id='word_1_197' title='bbox 348 2792 652 2847; x_wconf 84' lang='lat' dir='ltr'><strong>celebrans</strong></span> <span class='ocrx_word' id='word_1_198' title='bbox 674 2791 846 2846; x_wconf 91' lang='lat' dir='ltr'><strong>etiam</strong></span> <span class='ocrx_word' id='word_1_199' title='bbox 881 2789 988 2844; x_wconf 90' lang='lat' dir='ltr'><strong>viri</strong></span> <span class='ocrx_word' id='word_1_200' title='bbox 1041 2788 1263 2843; x_wconf 88' lang='lat' dir='ltr'><strong>laudes.</strong></span> <span class='ocrx_word' id='word_1_201' title='bbox 1321 2787 1420 2844; x_wconf 83' lang='lat' dir='ltr'><strong>His</strong></span> <span class='ocrx_word' id='word_1_202' title='bbox 1472 2786 1691 2842; x_wconf 86' lang='lat' dir='ltr'><strong>auditis</strong></span> <span class='ocrx_word' id='word_1_203' title='bbox 1749 2792 1988 2841; x_wconf 88' lang='lat' dir='ltr'><strong>senatus</strong></span> 
     </span>
    </p>
   </div>
   <div class='ocr_carea' id='block_1_32' title="bbox 351 2875 1990 2952">
    <p class='ocr_par' dir='ltr' id='par_1_32' title="bbox 351 2875 1990 2952">
     <span class='ocr_line' id='line_1_32' title="bbox 351 2875 1990 2952; baseline -0.004 -16"><span class='ocrx_word' id='word_1_204' title='bbox 351 2881 644 2952; x_wconf 84' lang='lat' dir='ltr'><strong>princeps,</strong></span> <span class='ocrx_word' id='word_1_205' title='bbox 681 2880 919 2950; x_wconf 88' lang='lat' dir='ltr'><strong>Nempe,</strong></span> <span class='ocrx_word' id='word_1_206' title='bbox 951 2878 1167 2949; x_wconf 90' lang='lat' dir='ltr'><strong>inquit,</strong></span> <span class='ocrx_word' id='word_1_207' title='bbox 1192 2881 1414 2949; x_wconf 82' lang='lat' dir='ltr'><strong>Patres,</strong></span> <span class='ocrx_word' id='word_1_208' title='bbox 1438 2892 1634 2948; x_wconf 80' lang='lat' dir='ltr'><strong>regem</strong></span> <span class='ocrx_word' id='word_1_209' title='bbox 1662 2875 1815 2930; x_wconf 88' lang='lat' dir='ltr'><strong>Deus</strong></span> <span class='ocrx_word' id='word_1_210' title='bbox 1843 2877 1990 2930; x_wconf 90' lang='lat' dir='ltr'><strong>ultro</strong></span> 
     </span>
    </p>
   </div>
   <div class='ocr_carea' id='block_1_33' title="bbox 350 2965 1989 3039">
    <p class='ocr_par' dir='ltr' id='par_1_33' title="bbox 350 2965 1989 3039">
     <span class='ocr_line' id='line_1_33' title="bbox 350 2965 1989 3039; baseline -0.004 -14"><span class='ocrx_word' id='word_1_211' title='bbox 350 2970 512 3025; x_wconf 91' lang='lat' dir='ltr'><strong>nobis</strong></span> <span class='ocrx_word' id='word_1_212' title='bbox 568 2969 755 3037; x_wconf 79' lang='lat' dir='ltr'><strong>offert,</strong></span> <span class='ocrx_word' id='word_1_213' title='bbox 817 2985 932 3039; x_wconf 91' lang='lat' dir='ltr'><strong>quo</strong></span> <span class='ocrx_word' id='word_1_214' title='bbox 987 2969 1289 3023; x_wconf 89' lang='lat' dir='ltr'><strong>meliorem</strong></span> <span class='ocrx_word' id='word_1_215' title='bbox 1349 2982 1420 3021; x_wconf 88' lang='lat' dir='ltr'><strong>ne</strong></span> <span class='ocrx_word' id='word_1_216' title='bbox 1476 2970 1676 3036; x_wconf 91' lang='lat' dir='ltr'><strong>optare</strong></span> <span class='ocrx_word' id='word_1_217' title='bbox 1753 2965 1989 3036; x_wconf 87' lang='lat' dir='ltr'><strong>quidem</strong></span> 
     </span>
    </p>
   </div>
   <div class='ocr_carea' id='block_1_34' title="bbox 352 3054 1987 3132">
    <p class='ocr_par' dir='ltr' id='par_1_34' title="bbox 352 3054 1987 3132">
     <span class='ocr_line' id='line_1_34' title="bbox 352 3054 1987 3132; baseline -0.004 -17"><span class='ocrx_word' id='word_1_218' title='bbox 352 3075 692 3132; x_wconf 90' lang='lat' dir='ltr'><strong>possumus.</strong></span> <span class='ocrx_word' id='word_1_219' title='bbox 725 3057 1046 3125; x_wconf 85' lang='lat' dir='ltr'><strong>Exstincta,</strong></span> <span class='ocrx_word' id='word_1_220' title='bbox 1070 3061 1136 3112; x_wconf 92' lang='lat' dir='ltr'><strong>ut</strong></span> <span class='ocrx_word' id='word_1_221' title='bbox 1159 3056 1343 3124; x_wconf 88' lang='lat' dir='ltr'><strong>scitis,</strong></span> <span class='ocrx_word' id='word_1_222' title='bbox 1371 3059 1460 3112; x_wconf 89' lang='lat' dir='ltr'><strong>est</strong></span> <span class='ocrx_word' id='word_1_223' title='bbox 1487 3071 1623 3110; x_wconf 90' lang='lat' dir='ltr'><strong>cum</strong></span> <span class='ocrx_word' id='word_1_224' title='bbox 1648 3058 1846 3110; x_wconf 87' lang='lat' dir='ltr'><strong>nostro</strong></span> <span class='ocrx_word' id='word_1_225' title='bbox 1885 3054 1987 3108; x_wconf 88' lang='lat' dir='ltr'><strong>do-</strong></span> 
     </span>
    </p>
   </div>
   <div class='ocr_carea' id='block_1_35' title="bbox 2107 476 3778 560">
    <p class='ocr_par' dir='ltr' id='par_1_35' title="bbox 2107 476 3778 560">
     <span class='ocr_line' id='line_1_35' title="bbox 2107 476 3778 560; baseline 0.007 -29"><span class='ocrx_word' id='word_1_226' title='bbox 2107 476 2435 548; x_wconf 87' lang='lat' dir='ltr'><strong>elegantius</strong></span> <span class='ocrx_word' id='word_1_227' title='bbox 2467 477 2654 533; x_wconf 89' lang='lat' dir='ltr'><strong>facere</strong></span> <span class='ocrx_word' id='word_1_228' title='bbox 2683 478 2820 534; x_wconf 91' lang='lat' dir='ltr'><strong>licet</strong></span> <span class='ocrx_word' id='word_1_229' title='bbox 2848 496 3026 550; x_wconf 88' lang='lat' dir='ltr'><strong>quam</strong></span> <span class='ocrx_word' id='word_1_230' title='bbox 3087 482 3559 554; x_wconf 89' lang='lat' dir='ltr'><strong>nobilissimum,</strong></span> <span class='ocrx_word' id='word_1_231' title='bbox 3616 489 3778 560; x_wconf 91' lang='lat' dir='ltr'><strong>opti-</strong></span> 
     </span>
    </p>
   </div>
   <div class='ocr_carea' id='block_1_36' title="bbox 2110 568 3774 641">
    <p class='ocr_par' dir='ltr' id='par_1_36' title="bbox 2110 568 3774 641">
     <span class='ocr_line' id='line_1_36' title="bbox 2110 568 3774 641; baseline 0.008 -22"><span class='ocrx_word' id='word_1_232' title='bbox 2110 581 2297 634; x_wconf 92' lang='lat' dir='ltr'><strong>mum,</strong></span> <span class='ocrx_word' id='word_1_233' title='bbox 2332 582 2437 621; x_wconf 90' lang='lat' dir='ltr'><strong>nec</strong></span> <span class='ocrx_word' id='word_1_234' title='bbox 2495 568 2701 622; x_wconf 86' lang='lat' dir='ltr'><strong>rudem</strong></span> <span class='ocrx_word' id='word_1_235' title='bbox 2760 569 3044 640; x_wconf 90' lang='lat' dir='ltr'><strong>regnandi</strong></span> <span class='ocrx_word' id='word_1_236' title='bbox 3096 572 3312 626; x_wconf 88' lang='lat' dir='ltr'><strong>artium</strong></span> <span class='ocrx_word' id='word_1_237' title='bbox 3365 573 3661 641; x_wconf 88' lang='lat' dir='ltr'><strong>juvenem</strong></span> <span class='ocrx_word' id='word_1_238' title='bbox 3711 577 3774 631; x_wconf 91' lang='lat' dir='ltr'><strong>in</strong></span> 
     </span>
    </p>
   </div>
   <div class='ocr_carea' id='block_1_37' title="bbox 2107 656 3775 736">
    <p class='ocr_par' dir='ltr' id='par_1_37' title="bbox 2107 656 3775 736">
     <span class='ocr_line' id='line_1_37' title="bbox 2107 656 3775 736; baseline 0.01 -29"><span class='ocrx_word' id='word_1_239' title='bbox 2107 671 2355 710; x_wconf 90' lang='lat' dir='ltr'><strong>vacuum</strong></span> <span class='ocrx_word' id='word_1_240' title='bbox 2389 656 2573 710; x_wconf 88' lang='lat' dir='ltr'><strong>nostri</strong></span> <span class='ocrx_word' id='word_1_241' title='bbox 2605 657 2767 729; x_wconf 87' lang='lat' dir='ltr'><strong>regni</strong></span> <span class='ocrx_word' id='word_1_242' title='bbox 2797 657 3039 714; x_wconf 87' lang='lat' dir='ltr'><strong>evehere</strong></span> <span class='ocrx_word' id='word_1_243' title='bbox 3071 659 3286 715; x_wconf 89' lang='lat' dir='ltr'><strong>solium</strong></span> <span class='ocrx_word' id='word_1_244' title='bbox 3312 661 3340 715; x_wconf 87' lang='lat'><strong>?</strong></span> <span class='ocrx_word' id='word_1_245' title='bbox 3361 662 3775 736; x_wconf 86' lang='lat' dir='ltr'><strong>Disceptatum</strong></span> 
     </span>
    </p>
   </div>
   <div class='ocr_carea' id='block_1_38' title="bbox 2107 743 3768 818">
    <p class='ocr_par' dir='ltr' id='par_1_38' title="bbox 2107 743 3768 818">
     <span class='ocr_line' id='line_1_38' title="bbox 2107 743 3768 818; baseline 0.004 -21"><span class='ocrx_word' id='word_1_246' title='bbox 2107 743 2446 814; x_wconf 88' lang='lat' dir='ltr'><strong>aliquandiu</strong></span> <span class='ocrx_word' id='word_1_247' title='bbox 2480 745 2550 799; x_wconf 92' lang='lat' dir='ltr'><strong>de</strong></span> <span class='ocrx_word' id='word_1_248' title='bbox 2582 762 2662 814; x_wconf 91' lang='lat' dir='ltr'><strong>re,</strong></span> <span class='ocrx_word' id='word_1_249' title='bbox 2705 751 3110 818; x_wconf 89' lang='lat' dir='ltr'><strong>certatumque</strong></span> <span class='ocrx_word' id='word_1_250' title='bbox 3166 749 3318 804; x_wconf 90' lang='lat' dir='ltr'><strong>votis</strong></span> <span class='ocrx_word' id='word_1_251' title='bbox 3378 769 3449 806; x_wconf 90' lang='lat' dir='ltr'><strong>ac</strong></span> <span class='ocrx_word' id='word_1_252' title='bbox 3507 755 3768 808; x_wconf 76' lang='lat' dir='ltr'><strong>studiis;</strong></span> 
     </span>
    </p>
   </div>
   <div class='ocr_carea' id='block_1_39' title="bbox 2107 833 3764 914">
    <p class='ocr_par' dir='ltr' id='par_1_39' title="bbox 2107 833 3764 914">
     <span class='ocr_line' id='line_1_39' title="bbox 2107 833 3764 914; baseline 0.008 -29"><span class='ocrx_word' id='word_1_253' title='bbox 2107 833 2346 889; x_wconf 85' lang='lat' dir='ltr'><strong>tandem</strong></span> <span class='ocrx_word' id='word_1_254' title='bbox 2380 833 2657 889; x_wconf 91' lang='lat' dir='ltr'><strong>euntibus</strong></span> <span class='ocrx_word' id='word_1_255' title='bbox 2689 835 2986 906; x_wconf 84' lang='lat' dir='ltr'><strong>plerisque</strong></span> <span class='ocrx_word' id='word_1_256' title='bbox 3043 836 3102 892; x_wconf 89' lang='lat' dir='ltr'><strong>in</strong></span> <span class='ocrx_word' id='word_1_257' title='bbox 3166 842 3523 896; x_wconf 90' lang='lat' dir='ltr'><strong>sententiam</strong></span> <span class='ocrx_word' id='word_1_258' title='bbox 3581 844 3764 914; x_wconf 89' lang='lat' dir='ltr'><strong>primi</strong></span> 
     </span>
    </p>
   </div>
   <div class='ocr_carea' id='block_1_40' title="bbox 2107 921 3756 990">
    <p class='ocr_par' dir='ltr' id='par_1_40' title="bbox 2107 921 3756 990">
     <span class='ocr_line' id='line_1_40' title="bbox 2107 921 3756 990; baseline 0.007 -15"><span class='ocrx_word' id='word_1_259' title='bbox 2107 921 2418 990; x_wconf 86' lang='lat' dir='ltr'><strong>senatoris,</strong></span> <span class='ocrx_word' id='word_1_260' title='bbox 2449 923 2699 978; x_wconf 92' lang='lat' dir='ltr'><strong>eductus</strong></span> <span class='ocrx_word' id='word_1_261' title='bbox 2727 940 2758 978; x_wconf 91' lang='lat' dir='ltr'><strong>e</strong></span> <span class='ocrx_word' id='word_1_262' title='bbox 2783 924 3053 980; x_wconf 90' lang='lat' dir='ltr'><strong>custodia</strong></span> <span class='ocrx_word' id='word_1_263' title='bbox 3083 926 3196 981; x_wconf 91' lang='lat' dir='ltr'><strong>rite</strong></span> <span class='ocrx_word' id='word_1_264' title='bbox 3246 935 3552 984; x_wconf 84' lang='lat' dir='ltr'><strong>coronatur</strong></span> <span class='ocrx_word' id='word_1_265' title='bbox 3608 933 3756 987; x_wconf 88' lang='lat' dir='ltr'><strong>ado-</strong></span> 
     </span>
    </p>
   </div>
   <div class='ocr_carea' id='block_1_41' title="bbox 2109 1009 3741 1089">
    <p class='ocr_par' dir='ltr' id='par_1_41' title="bbox 2109 1009 3741 1089">
     <span class='ocr_line' id='line_1_41' title="bbox 2109 1009 3741 1089; baseline 0.007 -25"><span class='ocrx_word' id='word_1_266' title='bbox 2109 1009 2350 1065; x_wconf 87' lang='lat' dir='ltr'><strong>lescens.</strong></span> <span class='ocrx_word' id='word_1_267' title='bbox 2385 1010 2673 1080; x_wconf 88' lang='lat' dir='ltr'><strong>Subjiciet</strong></span> <span class='ocrx_word' id='word_1_268' title='bbox 2704 1011 2814 1067; x_wconf 89' lang='lat' dir='ltr'><strong>sibi</strong></span> <span class='ocrx_word' id='word_1_269' title='bbox 2859 1013 3115 1084; x_wconf 89' lang='lat' dir='ltr'><strong>quisque</strong></span> <span class='ocrx_word' id='word_1_270' title='bbox 3147 1015 3317 1071; x_wconf 89' lang='lat' dir='ltr'><strong>facile</strong></span> <span class='ocrx_word' id='word_1_271' title='bbox 3347 1034 3461 1086; x_wconf 71' lang='lat' dir='ltr'><strong>quae</strong></span> <span class='ocrx_word' id='word_1_272' title='bbox 3492 1022 3741 1089; x_wconf 85' lang='lat' dir='ltr'><strong>novitas,</strong></span> 
     </span>
    </p>
   </div>
   <div class='ocr_carea' id='block_1_42' title="bbox 2111 1099 3738 1170">
    <p class='ocr_par' dir='ltr' id='par_1_42' title="bbox 2111 1099 3738 1170">
     <span class='ocr_line' id='line_1_42' title="bbox 2111 1099 3738 1170; baseline 0.007 -19"><span class='ocrx_word' id='word_1_273' title='bbox 2111 1115 2357 1170; x_wconf 82' lang='lat' dir='ltr'><strong>quaeque</strong></span> <span class='ocrx_word' id='word_1_274' title='bbox 2389 1099 2709 1154; x_wconf 87' lang='lat' dir='ltr'><strong>admiratio</strong></span> <span class='ocrx_word' id='word_1_275' title='bbox 2741 1105 3089 1156; x_wconf 90' lang='lat' dir='ltr'><strong>cunctorum</strong></span> <span class='ocrx_word' id='word_1_276' title='bbox 3120 1103 3319 1159; x_wconf 88' lang='lat' dir='ltr'><strong>fuerit.</strong></span> <span class='ocrx_word' id='word_1_277' title='bbox 3374 1105 3561 1162; x_wconf 87' lang='lat' dir='ltr'><strong>Trium</strong></span> <span class='ocrx_word' id='word_1_278' title='bbox 3613 1126 3738 1163; x_wconf 82' lang='lat' dir='ltr'><strong>ma-</strong></span> 
     </span>
    </p>
   </div>
   <div class='ocr_carea' id='block_1_43' title="bbox 2105 1188 3748 1265">
    <p class='ocr_par' dir='ltr' id='par_1_43' title="bbox 2105 1188 3748 1265">
     <span class='ocr_line' id='line_1_43' title="bbox 2105 1188 3748 1265; baseline 0.005 -23"><span class='ocrx_word' id='word_1_279' title='bbox 2105 1188 2261 1242; x_wconf 89' lang='lat' dir='ltr'><strong>xime</strong></span> <span class='ocrx_word' id='word_1_280' title='bbox 2291 1189 2424 1258; x_wconf 88' lang='lat' dir='ltr'><strong>ojus</strong></span> <span class='ocrx_word' id='word_1_281' title='bbox 2463 1189 2748 1244; x_wconf 90' lang='lat' dir='ltr'><strong>comitum</strong></span> <span class='ocrx_word' id='word_1_282' title='bbox 2811 1195 2941 1262; x_wconf 87' lang='lat' dir='ltr'><strong>post</strong></span> <span class='ocrx_word' id='word_1_283' title='bbox 2996 1193 3232 1247; x_wconf 90' lang='lat' dir='ltr'><strong>anxiam</strong></span> <span class='ocrx_word' id='word_1_284' title='bbox 3265 1196 3748 1265; x_wconf 81' lang='lat' dir='ltr'><strong>exspectationem</strong></span> 
     </span>
    </p>
   </div>
   <div class='ocr_carea' id='block_1_44' title="bbox 2108 1277 3758 1355">
    <p class='ocr_par' dir='ltr' id='par_1_44' title="bbox 2108 1277 3758 1355">
     <span class='ocr_line' id='line_1_44' title="bbox 2108 1277 3758 1355; baseline 0.005 -25"><span class='ocrx_word' id='word_1_285' title='bbox 2108 1277 2320 1348; x_wconf 89' lang='lat' dir='ltr'><strong>ingens</strong></span> <span class='ocrx_word' id='word_1_286' title='bbox 2351 1277 2636 1350; x_wconf 89' lang='lat' dir='ltr'><strong>gaudium</strong></span> <span class='ocrx_word' id='word_1_287' title='bbox 2669 1283 2726 1334; x_wconf 88' lang='lat' dir='ltr'><strong>et</strong></span> <span class='ocrx_word' id='word_1_288' title='bbox 2750 1279 3065 1350; x_wconf 89' lang='lat' dir='ltr'><strong>gratulatio</strong></span> <span class='ocrx_word' id='word_1_289' title='bbox 3097 1280 3196 1337; x_wconf 90' lang='lat' dir='ltr'><strong>Dei</strong></span> <span class='ocrx_word' id='word_1_290' title='bbox 3227 1282 3400 1337; x_wconf 86' lang='lat' dir='ltr'><strong>laude</strong></span> <span class='ocrx_word' id='word_1_291' title='bbox 3445 1285 3758 1355; x_wconf 83' lang='lat' dir='ltr'><strong>conjuncta</strong></span> 
     </span>
    </p>
   </div>
   <div class='ocr_carea' id='block_1_45' title="bbox 2106 1365 3764 1438">
    <p class='ocr_par' dir='ltr' id='par_1_45' title="bbox 2106 1365 3764 1438">
     <span class='ocr_line' id='line_1_45' title="bbox 2106 1365 3764 1438; baseline 0.005 -19"><span class='ocrx_word' id='word_1_292' title='bbox 2106 1365 2351 1420; x_wconf 82' lang='lat' dir='ltr'><strong>exstitit.</strong></span> <span class='ocrx_word' id='word_1_293' title='bbox 2385 1365 2586 1438; x_wconf 86' lang='lat' dir='ltr'><strong>Neque</strong></span> <span class='ocrx_word' id='word_1_294' title='bbox 2614 1366 2823 1422; x_wconf 90' lang='lat' dir='ltr'><strong>borum</strong></span> <span class='ocrx_word' id='word_1_295' title='bbox 2855 1367 3074 1423; x_wconf 88' lang='lat' dir='ltr'><strong>oblitus</strong></span> <span class='ocrx_word' id='word_1_296' title='bbox 3121 1369 3181 1423; x_wconf 94' lang='lat' dir='ltr'><strong>in</strong></span> <span class='ocrx_word' id='word_1_297' title='bbox 3239 1369 3476 1426; x_wconf 86' lang='lat' dir='ltr'><strong>fortuna</strong></span> <span class='ocrx_word' id='word_1_298' title='bbox 3535 1371 3764 1427; x_wconf 87' lang='lat' dir='ltr'><strong>meiiori</strong></span> 
     </span>
    </p>
   </div>
   <div class='ocr_carea' id='block_1_46' title="bbox 2107 1455 3767 1530">
    <p class='ocr_par' dir='ltr' id='par_1_46' title="bbox 2107 1455 3767 1530">
     <span class='ocr_line' id='line_1_46' title="bbox 2107 1455 3767 1530; baseline 0.005 -23"><span class='ocrx_word' id='word_1_299' title='bbox 2107 1471 2293 1509; x_wconf 84' lang='lat' dir='ltr'><strong>novus</strong></span> <span class='ocrx_word' id='word_1_300' title='bbox 2322 1472 2441 1520; x_wconf 87' lang='lat' dir='ltr'><strong>rex,</strong></span> <span class='ocrx_word' id='word_1_301' title='bbox 2467 1455 2669 1510; x_wconf 90' lang='lat' dir='ltr'><strong>statim</strong></span> <span class='ocrx_word' id='word_1_302' title='bbox 2701 1472 2800 1511; x_wconf 88' lang='lat' dir='ltr'><strong>eos</strong></span> <span class='ocrx_word' id='word_1_303' title='bbox 2833 1458 3097 1524; x_wconf 85' lang='lat' dir='ltr'><strong>accersit,</strong></span> <span class='ocrx_word' id='word_1_304' title='bbox 3133 1475 3198 1514; x_wconf 90' lang='lat' dir='ltr'><strong>ac</strong></span> <span class='ocrx_word' id='word_1_305' title='bbox 3231 1460 3492 1514; x_wconf 89' lang='lat' dir='ltr'><strong>nobilem</strong></span> <span class='ocrx_word' id='word_1_306' title='bbox 3525 1462 3767 1530; x_wconf 87' lang='lat' dir='ltr'><strong>quidem</strong></span> 
     </span>
    </p>
   </div>
   <div class='ocr_carea' id='block_1_47' title="bbox 2109 1543 3772 1616">
    <p class='ocr_par' dir='ltr' id='par_1_47' title="bbox 2109 1543 3772 1616">
     <span class='ocr_line' id='line_1_47' title="bbox 2109 1543 3772 1616; baseline 0.005 -20"><span class='ocrx_word' id='word_1_307' title='bbox 2109 1544 2434 1599; x_wconf 86' lang='lat' dir='ltr'><strong>formosum</strong></span> <span class='ocrx_word' id='word_1_308' title='bbox 2467 1543 2636 1599; x_wconf 91' lang='lat' dir='ltr'><strong>illum</strong></span> <span class='ocrx_word' id='word_1_309' title='bbox 2671 1545 2930 1616; x_wconf 88' lang='lat' dir='ltr'><strong>palatino</strong></span> <span class='ocrx_word' id='word_1_310' title='bbox 2961 1546 3214 1602; x_wconf 89' lang='lat' dir='ltr'><strong>maximo</strong></span> <span class='ocrx_word' id='word_1_311' title='bbox 3238 1555 3620 1605; x_wconf 85' lang='lat' dir='ltr'><strong>auctoratum</strong></span> <span class='ocrx_word' id='word_1_312' title='bbox 3654 1568 3772 1604; x_wconf 87' lang='lat' dir='ltr'><strong>ma-</strong></span> 
     </span>
    </p>
   </div>
   <div class='ocr_carea' id='block_1_48' title="bbox 2105 1633 3767 1708">
    <p class='ocr_par' dir='ltr' id='par_1_48' title="bbox 2105 1633 3767 1708">
     <span class='ocr_line' id='line_1_48' title="bbox 2105 1633 3767 1708; baseline 0.005 -22"><span class='ocrx_word' id='word_1_313' title='bbox 2105 1634 2354 1703; x_wconf 84' lang='lat' dir='ltr'><strong>gistratu</strong></span> <span class='ocrx_word' id='word_1_314' title='bbox 2389 1633 2546 1704; x_wconf 90' lang='lat' dir='ltr'><strong>apud</strong></span> <span class='ocrx_word' id='word_1_315' title='bbox 2581 1650 2643 1688; x_wconf 91' lang='lat' dir='ltr'><strong>se</strong></span> <span class='ocrx_word' id='word_1_316' title='bbox 2676 1634 2882 1689; x_wconf 90' lang='lat' dir='ltr'><strong>habuit</strong></span> <span class='ocrx_word' id='word_1_317' title='bbox 2911 1651 2926 1700; x_wconf 92' lang='lat'><strong>;</strong></span> <span class='ocrx_word' id='word_1_318' title='bbox 2960 1637 3313 1708; x_wconf 87' lang='lat' dir='ltr'><strong>naufragum</strong></span> <span class='ocrx_word' id='word_1_319' title='bbox 3373 1644 3767 1694; x_wconf 85' lang='lat' dir='ltr'><strong>mercatorem</strong></span> 
     </span>
    </p>
   </div>
   <div class='ocr_carea' id='block_1_49' title="bbox 2108 1721 3770 1800">
    <p class='ocr_par' dir='ltr' id='par_1_49' title="bbox 2108 1721 3770 1800">
     <span class='ocr_line' id='line_1_49' title="bbox 2108 1721 3770 1800; baseline 0.005 -25"><span class='ocrx_word' id='word_1_320' title='bbox 2108 1721 2311 1776; x_wconf 69' lang='lat' dir='ltr'><strong>aarario</strong></span> <span class='ocrx_word' id='word_1_321' title='bbox 2345 1722 2634 1792; x_wconf 66' lang='lat' dir='ltr'><strong>praefecit;</strong></span> <span class='ocrx_word' id='word_1_322' title='bbox 2663 1725 2880 1778; x_wconf 88' lang='lat' dir='ltr'><strong>rustico</strong></span> <span class='ocrx_word' id='word_1_323' title='bbox 2903 1724 3154 1795; x_wconf 90' lang='lat' dir='ltr'><strong>denique</strong></span> <span class='ocrx_word' id='word_1_324' title='bbox 3171 1725 3442 1781; x_wconf 88' lang='lat' dir='ltr'><strong>villarum</strong></span> <span class='ocrx_word' id='word_1_325' title='bbox 3468 1727 3770 1800; x_wconf 85' lang='lat' dir='ltr'><strong>regiarum</strong></span> 
     </span>
    </p>
   </div>
   <div class='ocr_carea' id='block_1_50' title="bbox 2106 1811 3774 1886">
    <p class='ocr_par' dir='ltr' id='par_1_50' title="bbox 2106 1811 3774 1886">
     <span class='ocr_line' id='line_1_50' title="bbox 2106 1811 3774 1886; baseline 0.005 -23"><span class='ocrx_word' id='word_1_326' title='bbox 2106 1811 2574 1882; x_wconf 88' lang='lat' dir='ltr'><strong>procurationem</strong></span> <span class='ocrx_word' id='word_1_327' title='bbox 2601 1811 3097 1868; x_wconf 75' lang='lat' dir='ltr'><strong>demandavit.Ac</strong></span> <span class='ocrx_word' id='word_1_328' title='bbox 3119 1815 3272 1884; x_wconf 92' lang='lat' dir='ltr'><strong>quod</strong></span> <span class='ocrx_word' id='word_1_329' title='bbox 3300 1814 3433 1870; x_wconf 88' lang='lat' dir='ltr'><strong>illos</strong></span> <span class='ocrx_word' id='word_1_330' title='bbox 3456 1817 3774 1886; x_wconf 88' lang='lat' dir='ltr'><strong>scripsisse</strong></span> 
     </span>
    </p>
   </div>
   <div class='ocr_carea' id='block_1_51' title="bbox 2105 1901 3768 1978">
    <p class='ocr_par' dir='ltr' id='par_1_51' title="bbox 2105 1901 3768 1978">
     <span class='ocr_line' id='line_1_51' title="bbox 2105 1901 3768 1978; baseline 0.004 -23"><span class='ocrx_word' id='word_1_331' title='bbox 2105 1901 2162 1955; x_wconf 90' lang='lat' dir='ltr'><strong>in</strong></span> <span class='ocrx_word' id='word_1_332' title='bbox 2199 1905 2367 1972; x_wconf 89' lang='lat' dir='ltr'><strong>porta</strong></span> <span class='ocrx_word' id='word_1_333' title='bbox 2399 1904 2764 1972; x_wconf 86' lang='lat' dir='ltr'><strong>compererat</strong></span> <span class='ocrx_word' id='word_1_334' title='bbox 2795 1901 3050 1974; x_wconf 87' lang='lat' dir='ltr'><strong>elogium</strong></span> <span class='ocrx_word' id='word_1_335' title='bbox 3086 1920 3208 1958; x_wconf 74' lang='lat' dir='ltr'><strong>suae</strong></span> <span class='ocrx_word' id='word_1_336' title='bbox 3237 1921 3534 1978; x_wconf 90' lang='lat' dir='ltr'><strong>quemque</strong></span> <span class='ocrx_word' id='word_1_337' title='bbox 3560 1909 3768 1977; x_wconf 86' lang='lat' dir='ltr'><strong>sortis,</strong></span> 
     </span>
    </p>
   </div>
   <div class='ocr_carea' id='block_1_52' title="bbox 2104 1989 3763 2066">
    <p class='ocr_par' dir='ltr' id='par_1_52' title="bbox 2104 1989 3763 2066">
     <span class='ocr_line' id='line_1_52' title="bbox 2104 1989 3763 2066; baseline 0.005 -22"><span class='ocrx_word' id='word_1_338' title='bbox 2104 1989 2307 2060; x_wconf 89' lang='lat' dir='ltr'><strong>etipse</strong></span> <span class='ocrx_word' id='word_1_339' title='bbox 2341 1991 2393 2043; x_wconf 84' lang='lat' dir='ltr'><strong>id</strong></span> <span class='ocrx_word' id='word_1_340' title='bbox 2429 1989 2717 2058; x_wconf 89' lang='lat' dir='ltr'><strong>imitatus,</strong></span> <span class='ocrx_word' id='word_1_341' title='bbox 2750 1989 2809 2044; x_wconf 89' lang='lat' dir='ltr'><strong>in</strong></span> <span class='ocrx_word' id='word_1_342' title='bbox 2849 1991 3035 2046; x_wconf 89' lang='lat' dir='ltr'><strong>fronte</strong></span> <span class='ocrx_word' id='word_1_343' title='bbox 3095 1993 3367 2066; x_wconf 75' lang='lat' dir='ltr'><strong>prepylaei</strong></span> <span class='ocrx_word' id='word_1_344' title='bbox 3427 2001 3618 2065; x_wconf 68' lang='lat' dir='ltr'><strong>porta</strong></span> <span class='ocrx_word' id='word_1_345' title='bbox 3672 2015 3763 2051; x_wconf 88' lang='lat' dir='ltr'><strong>ur-</strong></span> 
     </span>
    </p>
   </div>
   <div class='ocr_carea' id='block_1_53' title="bbox 2105 2078 3763 2150">
    <p class='ocr_par' dir='ltr' id='par_1_53' title="bbox 2105 2078 3763 2150">
     <span class='ocr_line' id='line_1_53' title="bbox 2105 2078 3763 2150; baseline 0.006 -19"><span class='ocrx_word' id='word_1_346' title='bbox 2105 2078 2197 2133; x_wconf 87' lang='lat' dir='ltr'><strong>bis</strong></span> <span class='ocrx_word' id='word_1_347' title='bbox 2232 2079 2522 2150; x_wconf 65' lang='lat' dir='ltr'><strong>primariae</strong></span> <span class='ocrx_word' id='word_1_348' title='bbox 2549 2078 2729 2134; x_wconf 90' lang='lat' dir='ltr'><strong>locari</strong></span> <span class='ocrx_word' id='word_1_349' title='bbox 2789 2096 3050 2135; x_wconf 89' lang='lat' dir='ltr'><strong>marmor</strong></span> <span class='ocrx_word' id='word_1_350' title='bbox 3105 2083 3332 2137; x_wconf 86' lang='lat' dir='ltr'><strong>curavit</strong></span> <span class='ocrx_word' id='word_1_351' title='bbox 3387 2085 3482 2138; x_wconf 87' lang='lat' dir='ltr'><strong>cui</strong></span> <span class='ocrx_word' id='word_1_352' title='bbox 3539 2085 3763 2142; x_wconf 88' lang='lat' dir='ltr'><strong>litteris</strong></span> 
     </span>
    </p>
   </div>
   <div class='ocr_carea' id='block_1_54' title="bbox 2103 2167 3765 2241">
    <p class='ocr_par' dir='ltr' id='par_1_54' title="bbox 2103 2167 3765 2241">
     <span class='ocr_line' id='line_1_54' title="bbox 2103 2167 3765 2241; baseline 0.005 -20"><span class='ocrx_word' id='word_1_353' title='bbox 2103 2167 2594 2238; x_wconf 86' lang='lat' dir='ltr'><strong>quadrantalibus</strong></span> <span class='ocrx_word' id='word_1_354' title='bbox 2625 2167 2818 2223; x_wconf 89' lang='lat' dir='ltr'><strong>aureis</strong></span> <span class='ocrx_word' id='word_1_355' title='bbox 2850 2168 3105 2241; x_wconf 89' lang='lat' dir='ltr'><strong>insculpi</strong></span> <span class='ocrx_word' id='word_1_356' title='bbox 3162 2173 3422 2241; x_wconf 89' lang='lat' dir='ltr'><strong>jnsserat</strong></span> <span class='ocrx_word' id='word_1_357' title='bbox 3457 2192 3471 2228; x_wconf 91' lang='lat'><strong>:</strong></span> <span class='ocrx_word' id='word_1_358' title='bbox 3532 2175 3765 2229; x_wconf 88' lang='lat' dir='ltr'><strong>Certior</strong></span> 
     </span>
    </p>
   </div>
   <div class='ocr_carea' id='block_1_55' title="bbox 2105 2256 3764 2331">
    <p class='ocr_par' dir='ltr' id='par_1_55' title="bbox 2105 2256 3764 2331">
     <span class='ocr_line' id='line_1_55' title="bbox 2105 2256 3764 2331; baseline 0.005 -22"><span class='ocrx_word' id='word_1_359' title='bbox 2105 2256 2462 2326; x_wconf 88' lang='lat' dir='ltr'><strong>solidiorque</strong></span> <span class='ocrx_word' id='word_1_360' title='bbox 2493 2256 2653 2311; x_wconf 90' lang='lat' dir='ltr'><strong>basis</strong></span> <span class='ocrx_word' id='word_1_361' title='bbox 2683 2257 2908 2312; x_wconf 72' lang='lat' dir='ltr'><strong>fiduciae</strong></span> <span class='ocrx_word' id='word_1_362' title='bbox 2984 2259 3252 2314; x_wconf 72' lang='lat' dir='ltr'><strong>humanm</strong></span> <span class='ocrx_word' id='word_1_363' title='bbox 3332 2278 3510 2331; x_wconf 89' lang='lat' dir='ltr'><strong>quam</strong></span> <span class='ocrx_word' id='word_1_364' title='bbox 3572 2263 3764 2328; x_wconf 86' lang='lat' dir='ltr'><strong>labor,</strong></span> 
     </span>
    </p>
   </div>
   <div class='ocr_carea' id='block_1_56' title="bbox 2103 2344 3761 2419">
    <p class='ocr_par' dir='ltr' id='par_1_56' title="bbox 2103 2344 3761 2419">
     <span class='ocr_line' id='line_1_56' title="bbox 2103 2344 3761 2419; baseline 0.004 -20"><span class='ocrx_word' id='word_1_365' title='bbox 2103 2347 2312 2409; x_wconf 83' lang='lat' dir='ltr'><strong>forma,</strong></span> <span class='ocrx_word' id='word_1_366' title='bbox 2373 2344 2686 2409; x_wconf 87' lang='lat' dir='ltr'><strong>industria,</strong></span> <span class='ocrx_word' id='word_1_367' title='bbox 2745 2345 2942 2400; x_wconf 91' lang='lat' dir='ltr'><strong>divina</strong></span> <span class='ocrx_word' id='word_1_368' title='bbox 2991 2352 3080 2402; x_wconf 90' lang='lat' dir='ltr'><strong>est</strong></span> <span class='ocrx_word' id='word_1_369' title='bbox 3138 2349 3526 2419; x_wconf 88' lang='lat' dir='ltr'><strong>providentia,</strong></span> <span class='ocrx_word' id='word_1_370' title='bbox 3601 2353 3761 2406; x_wconf 87' lang='lat' dir='ltr'><strong>unde</strong></span> 
     </span>
    </p>
   </div>
   <div class='ocr_carea' id='block_1_57' title="bbox 2102 2434 3758 2508">
    <p class='ocr_par' dir='ltr' id='par_1_57' title="bbox 2102 2434 3758 2508">
     <span class='ocr_line' id='line_1_57' title="bbox 2102 2434 3758 2508; baseline 0.005 -21"><span class='ocrx_word' id='word_1_371' title='bbox 2102 2451 2277 2488; x_wconf 87' lang='lat' dir='ltr'><strong>omne</strong></span> <span class='ocrx_word' id='word_1_372' title='bbox 2306 2434 2525 2488; x_wconf 88' lang='lat' dir='ltr'><strong>bonum</strong></span> <span class='ocrx_word' id='word_1_373' title='bbox 2559 2435 2838 2504; x_wconf 90' lang='lat' dir='ltr'><strong>provenit.</strong></span> <span class='ocrx_word' id='word_1_374' title='bbox 2876 2439 3006 2490; x_wconf 62' lang='lat' dir='ltr'><strong>Haec</strong></span> <span class='ocrx_word' id='word_1_375' title='bbox 3036 2435 3241 2491; x_wconf 73' lang='lat' dir='ltr'><strong>Genxze</strong></span> <span class='ocrx_word' id='word_1_376' title='bbox 3287 2437 3366 2508; x_wconf 90' lang='lat' dir='ltr'><strong>(id</strong></span> <span class='ocrx_word' id='word_1_377' title='bbox 3425 2439 3476 2493; x_wconf 90' lang='lat' dir='ltr'><strong>ei</strong></span> <span class='ocrx_word' id='word_1_378' title='bbox 3534 2457 3758 2496; x_wconf 83' lang='lat' dir='ltr'><strong>nomen</strong></span> 
     </span>
    </p>
   </div>
   <div class='ocr_carea' id='block_1_58' title="bbox 2103 2521 3752 2592">
    <p class='ocr_par' dir='ltr' id='par_1_58' title="bbox 2103 2521 3752 2592">
     <span class='ocr_line' id='line_1_58' title="bbox 2103 2521 3752 2592; baseline 0.005 -17"><span class='ocrx_word' id='word_1_379' title='bbox 2103 2521 2249 2592; x_wconf 89' lang='lat' dir='ltr'><strong>erat)</strong></span> <span class='ocrx_word' id='word_1_380' title='bbox 2281 2537 2515 2591; x_wconf 88' lang='lat' dir='ltr'><strong>semper</strong></span> <span class='ocrx_word' id='word_1_381' title='bbox 2545 2521 2653 2576; x_wconf 83' lang='lat' dir='ltr'><strong>fuit</strong></span> <span class='ocrx_word' id='word_1_382' title='bbox 2683 2523 2903 2592; x_wconf 86' lang='lat' dir='ltr'><strong>Opinio,</strong></span> <span class='ocrx_word' id='word_1_383' title='bbox 2937 2524 3276 2580; x_wconf 88' lang='lat' dir='ltr'><strong>felicissimo</strong></span> <span class='ocrx_word' id='word_1_384' title='bbox 3325 2533 3534 2582; x_wconf 91' lang='lat' dir='ltr'><strong>eventu</strong></span> <span class='ocrx_word' id='word_1_385' title='bbox 3591 2546 3752 2584; x_wconf 86' lang='lat' dir='ltr'><strong>com-</strong></span> 
     </span>
    </p>
   </div>
   <div class='ocr_carea' id='block_1_59' title="bbox 2103 2611 3755 2689">
    <p class='ocr_par' dir='ltr' id='par_1_59' title="bbox 2103 2611 3755 2689">
     <span class='ocr_line' id='line_1_59' title="bbox 2103 2611 3755 2689; baseline 0.005 -25"><span class='ocrx_word' id='word_1_386' title='bbox 2103 2612 2366 2682; x_wconf 89' lang='lat' dir='ltr'><strong>probata.</strong></span> <span class='ocrx_word' id='word_1_387' title='bbox 2400 2611 2520 2665; x_wconf 88' lang='lat' dir='ltr'><strong>Sub</strong></span> <span class='ocrx_word' id='word_1_388' title='bbox 2574 2611 2693 2666; x_wconf 85' lang='lat' dir='ltr'><strong>haec</strong></span> <span class='ocrx_word' id='word_1_389' title='bbox 2754 2627 3032 2678; x_wconf 89' lang='lat' dir='ltr'><strong>perorans</strong></span> <span class='ocrx_word' id='word_1_390' title='bbox 3085 2615 3577 2686; x_wconf 83' lang='lat' dir='ltr'><strong>gymnosophista</strong></span> <span class='ocrx_word' id='word_1_391' title='bbox 3634 2618 3755 2689; x_wconf 85' lang='lat' dir='ltr'><strong>regi</strong></span> 
     </span>
    </p>
   </div>
   <div class='ocr_carea' id='block_1_60' title="bbox 2099 2698 3752 2779">
    <p class='ocr_par' dir='ltr' id='par_1_60' title="bbox 2099 2698 3752 2779">
     <span class='ocr_line' id='line_1_60' title="bbox 2099 2698 3752 2779; baseline 0.004 -25"><span class='ocrx_word' id='word_1_392' title='bbox 2099 2698 2484 2754; x_wconf 85' lang='lat' dir='ltr'><strong>Abessalomo</strong></span> <span class='ocrx_word' id='word_1_393' title='bbox 2516 2699 2710 2754; x_wconf 86' lang='lat' dir='ltr'><strong>dixit:</strong></span> <span class='ocrx_word' id='word_1_394' title='bbox 2765 2700 2942 2756; x_wconf 76' lang='lat' dir='ltr'><strong>Vides</strong></span> <span class='ocrx_word' id='word_1_395' title='bbox 2999 2719 3068 2756; x_wconf 88' lang='lat' dir='ltr'><strong>ex</strong></span> <span class='ocrx_word' id='word_1_396' title='bbox 3126 2703 3241 2769; x_wconf 83' lang='lat' dir='ltr'><strong>bis,</strong></span> <span class='ocrx_word' id='word_1_397' title='bbox 3292 2705 3548 2774; x_wconf 88' lang='lat' dir='ltr'><strong>domine,</strong></span> <span class='ocrx_word' id='word_1_398' title='bbox 3608 2724 3752 2779; x_wconf 87' lang='lat' dir='ltr'><strong>opes</strong></span> 
     </span>
    </p>
   </div>
   <div class='ocr_carea' id='block_1_61' title="bbox 2101 2787 3747 2865">
    <p class='ocr_par' dir='ltr' id='par_1_61' title="bbox 2101 2787 3747 2865">
     <span class='ocr_line' id='line_1_61' title="bbox 2101 2787 3747 2865; baseline 0.004 -22"><span class='ocrx_word' id='word_1_399' title='bbox 2101 2787 2409 2860; x_wconf 85' lang='lat' dir='ltr'><strong>egentibus</strong></span> <span class='ocrx_word' id='word_1_400' title='bbox 2436 2789 2770 2860; x_wconf 86' lang='lat' dir='ltr'><strong>contingere</strong></span> <span class='ocrx_word' id='word_1_401' title='bbox 2809 2806 3008 2861; x_wconf 86' lang='lat' dir='ltr'><strong>opera,</strong></span> <span class='ocrx_word' id='word_1_402' title='bbox 3047 2792 3266 2861; x_wconf 89' lang='lat' dir='ltr'><strong>specie,</strong></span> <span class='ocrx_word' id='word_1_403' title='bbox 3311 2809 3545 2865; x_wconf 90' lang='lat' dir='ltr'><strong>genere,</strong></span> <span class='ocrx_word' id='word_1_404' title='bbox 3604 2803 3747 2860; x_wconf 87' lang='lat' dir='ltr'><strong>arte,</strong></span> 
     </span>
    </p>
   </div>
   <div class='ocr_carea' id='block_1_62' title="bbox 2101 2877 3742 2954">
    <p class='ocr_par' dir='ltr' id='par_1_62' title="bbox 2101 2877 3742 2954">
     <span class='ocr_line' id='line_1_62' title="bbox 2101 2877 3742 2954; baseline 0.002 -22"><span class='ocrx_word' id='word_1_405' title='bbox 2101 2883 2160 2932; x_wconf 90' lang='lat' dir='ltr'><strong>at</strong></span> <span class='ocrx_word' id='word_1_406' title='bbox 2190 2892 2368 2947; x_wconf 90' lang='lat' dir='ltr'><strong>super</strong></span> <span class='ocrx_word' id='word_1_407' title='bbox 2397 2877 2616 2946; x_wconf 89' lang='lat' dir='ltr'><strong>omnia,</strong></span> <span class='ocrx_word' id='word_1_408' title='bbox 2653 2878 3012 2948; x_wconf 90' lang='lat' dir='ltr'><strong>providentia</strong></span> <span class='ocrx_word' id='word_1_409' title='bbox 3044 2885 3104 2934; x_wconf 87' lang='lat' dir='ltr'><strong>et</strong></span> <span class='ocrx_word' id='word_1_410' title='bbox 3135 2886 3426 2952; x_wconf 85' lang='lat' dir='ltr'><strong>potestate</strong></span> <span class='ocrx_word' id='word_1_411' title='bbox 3480 2883 3742 2954; x_wconf 88' lang='lat' dir='ltr'><strong>supremi</strong></span> 
     </span>
    </p>
   </div>
   <div class='ocr_carea' id='block_1_63' title="bbox 2099 2965 3754 3044">
    <p class='ocr_par' dir='ltr' id='par_1_63' title="bbox 2099 2965 3754 3044">
     <span class='ocr_line' id='line_1_63' title="bbox 2099 2965 3754 3044; baseline 0.004 -24"><span class='ocrx_word' id='word_1_412' title='bbox 2099 2965 2373 3021; x_wconf 90' lang='lat' dir='ltr'><strong>Numinis</strong></span> <span class='ocrx_word' id='word_1_413' title='bbox 2397 2971 2608 3022; x_wconf 90' lang='lat' dir='ltr'><strong>cuncta</strong></span> <span class='ocrx_word' id='word_1_414' title='bbox 2621 2965 3059 3038; x_wconf 89' lang='lat' dir='ltr'><strong>sapientissime</strong></span> <span class='ocrx_word' id='word_1_415' title='bbox 3072 2969 3520 3044; x_wconf 65' lang='lat' dir='ltr'><strong>aequissimeque</strong></span> <span class='ocrx_word' id='word_1_416' title='bbox 3540 2972 3754 3027; x_wconf 87' lang='lat' dir='ltr'><strong>mode-</strong></span> 
     </span>
    </p>
   </div>
   <div class='ocr_carea' id='block_1_64' title="bbox 2102 3054 2308 3108">
    <p class='ocr_par' dir='ltr' id='par_1_64' title="bbox 2102 3054 2308 3108">
     <span class='ocr_line' id='line_1_64' title="bbox 2102 3054 2308 3108; baseline 0 -1"><span class='ocrx_word' id='word_1_417' title='bbox 2102 3054 2308 3108; x_wconf 85' lang='lat' dir='ltr'><strong>rantis.</strong></span> 
     </span>
    </p>
   </div>
   <div class='ocr_carea' id='block_1_65' title="bbox 1417 3369 2684 3429">
    <p class='ocr_par' dir='ltr' id='par_1_65' title="bbox 1417 3369 2684 3429">
     <span class='ocr_line' id='line_1_65' title="bbox 1417 3369 2684 3429; baseline 0.002 -3"><span class='ocrx_word' id='word_1_418' title='bbox 1417 3369 1930 3429; x_wconf 82' lang='lat' dir='ltr'><strong>DISSERTATIO</strong></span> <span class='ocrx_word' id='word_1_419' title='bbox 1986 3369 2480 3429; x_wconf 78' lang='lat' dir='ltr'><strong>PARABOLICA</strong></span> <span class='ocrx_word' id='word_1_420' title='bbox 2525 3370 2684 3428; x_wconf 86' lang='lat' dir='ltr'><strong>Xlll.</strong></span> 
     </span>
    </p>
   </div>
   <div class='ocr_carea' id='block_1_66' title="bbox 352 3474 3763 3566">
    <p class='ocr_par' dir='ltr' id='par_1_66' title="bbox 352 3474 3763 3566">
     <span class='ocr_line' id='line_1_66' title="bbox 352 3474 3763 3566; baseline 0 -23"><span class='ocrx_word' id='word_1_421' title='bbox 352 3484 551 3543; x_wconf 76' lang='lat' dir='ltr'><strong>Docet</strong></span> <span class='ocrx_word' id='word_1_422' title='bbox 585 3489 740 3539; x_wconf 72' lang='lat' dir='ltr'><strong>vices</strong></span> <span class='ocrx_word' id='word_1_423' title='bbox 767 3494 1221 3557; x_wconf 59' lang='lat' dir='ltr'><strong>(equas-rerum</strong></span> <span class='ocrx_word' id='word_1_424' title='bbox 1252 3486 1495 3536; x_wconf 61' lang='lat' dir='ltr'><strong>aeterna</strong></span> <span class='ocrx_word' id='word_1_425' title='bbox 1524 3474 1661 3552; x_wconf 80' lang='lat' dir='ltr'><strong>lege</strong></span> <span class='ocrx_word' id='word_1_426' title='bbox 1718 3475 2087 3535; x_wconf 71' lang='lat' dir='ltr'><strong>constitutas</strong></span> <span class='ocrx_word' id='word_1_427' title='bbox 2116 3495 2138 3543; x_wconf 83' lang='lat'><strong><em>;</em></strong></span> <span class='ocrx_word' id='word_1_428' title='bbox 2167 3477 2338 3534; x_wconf 83' lang='lat' dir='ltr'><strong>unde</strong></span> <span class='ocrx_word' id='word_1_429' title='bbox 2401 3483 2730 3536; x_wconf 76' lang='lat' dir='ltr'><strong>conveniat</strong></span> <span class='ocrx_word' id='word_1_430' title='bbox 2793 3498 2915 3536; x_wconf 84' lang='lat' dir='ltr'><strong>non</strong></span> <span class='ocrx_word' id='word_1_431' title='bbox 2971 3497 3140 3555; x_wconf 63' lang='lat' dir='ltr'><strong>aegre</strong></span> <span class='ocrx_word' id='word_1_432' title='bbox 3188 3486 3363 3555; x_wconf 82' lang='lat' dir='ltr'><strong>fer-re</strong></span> <span class='ocrx_word' id='word_1_433' title='bbox 3423 3503 3578 3545; x_wconf 80' lang='lat' dir='ltr'><strong>cum</strong></span> <span class='ocrx_word' id='word_1_434' title='bbox 3629 3496 3763 3566; x_wconf 59' lang='lat' dir='ltr'><strong>qua:</strong></span> 
     </span>
    </p>
   </div>
   <div class='ocr_carea' id='block_1_67' title="bbox 1733 3562 2380 3635">
    <p class='ocr_par' dir='ltr' id='par_1_67' title="bbox 1733 3562 2380 3635">
     <span class='ocr_line' id='line_1_67' title="bbox 1733 3562 2380 3635; baseline 0.003 -21"><span class='ocrx_word' id='word_1_435' title='bbox 1733 3575 1875 3635; x_wconf 71' lang='lat' dir='ltr'><strong>quae</strong></span> <span class='ocrx_word' id='word_1_436' title='bbox 1898 3564 2071 3632; x_wconf 77' lang='lat' dir='ltr'><strong>fecit,</strong></span> <span class='ocrx_word' id='word_1_437' title='bbox 2102 3562 2380 3633; x_wconf 74' lang='lat' dir='ltr'><strong>patitur.</strong></span> 
     </span>
    </p>
   </div>
   <div class='ocr_carea' id='block_1_68' title="bbox 427 3707 3761 3790">
    <p class='ocr_par' dir='ltr' id='par_1_68' title="bbox 427 3707 3761 3790">
     <span class='ocr_line' id='line_1_68' title="bbox 427 3707 3761 3790; baseline 0.002 -20"><span class='ocrx_word' id='word_1_438' title='bbox 427 3715 582 3771; x_wconf 84' lang='lat' dir='ltr'><strong>Dixit</strong></span> <span class='ocrx_word' id='word_1_439' title='bbox 611 3718 803 3768; x_wconf 91' lang='lat' dir='ltr'><strong>autem</strong></span> <span class='ocrx_word' id='word_1_440' title='bbox 850 3729 984 3767; x_wconf 86' lang='lat' dir='ltr'><strong>rex:</strong></span> <span class='ocrx_word' id='word_1_441' title='bbox 1031 3711 1264 3782; x_wconf 88' lang='lat' dir='ltr'><strong>Percepi</strong></span> <span class='ocrx_word' id='word_1_442' title='bbox 1329 3709 1660 3780; x_wconf 87' lang='lat' dir='ltr'><strong>parabolam</strong></span> <span class='ocrx_word' id='word_1_443' title='bbox 1711 3708 1886 3763; x_wconf 90' lang='lat' dir='ltr'><strong>istam</strong></span> <span class='ocrx_word' id='word_1_444' title='bbox 1944 3712 2001 3763; x_wconf 92' lang='lat' dir='ltr'><strong>et</strong></span> <span class='ocrx_word' id='word_1_445' title='bbox 2031 3709 2073 3774; x_wconf 88' lang='lat' dir='ltr'>C</span> <span class='ocrx_word' id='word_1_446' title='bbox 2110 3707 2336 3779; x_wconf 89' lang='lat' dir='ltr'><strong>cipiunt</strong></span> <span class='ocrx_word' id='word_1_447' title='bbox 2364 3708 2781 3764; x_wconf 86' lang='lat' dir='ltr'><strong>abstinendum</strong></span> <span class='ocrx_word' id='word_1_448' title='bbox 2814 3711 2925 3765; x_wconf 89' lang='lat' dir='ltr'><strong>sibi</strong></span> <span class='ocrx_word' id='word_1_449' title='bbox 2958 3728 3087 3767; x_wconf 86' lang='lat' dir='ltr'><strong>esse</strong></span> <span class='ocrx_word' id='word_1_450' title='bbox 3119 3731 3152 3768; x_wconf 91' lang='lat' dir='ltr'><strong>a</strong></span> <span class='ocrx_word' id='word_1_451' title='bbox 3182 3717 3465 3772; x_wconf 83' lang='lat' dir='ltr'><strong>vexandis</strong></span> <span class='ocrx_word' id='word_1_452' title='bbox 3522 3737 3626 3790; x_wconf 89' lang='lat' dir='ltr'><strong>per</strong></span> <span class='ocrx_word' id='word_1_453' title='bbox 3683 3723 3761 3776; x_wconf 87' lang='lat' dir='ltr'><strong>in-</strong></span> 
     </span>
    </p>
   </div>
   <div class='ocr_carea' id='block_1_69' title="bbox 360 3796 2005 3876">
    <p class='ocr_par' dir='ltr' id='par_1_69' title="bbox 360 3796 2005 3876">
     <span class='ocr_line' id='line_1_69' title="bbox 360 3796 2005 3876; baseline -0.004 -18"><span class='ocrx_word' id='word_1_454' title='bbox 360 3805 499 3876; x_wconf 87' lang='lat' dir='ltr'><strong>quid</strong></span> <span class='ocrx_word' id='word_1_455' title='bbox 537 3819 793 3874; x_wconf 89' lang='lat' dir='ltr'><strong>peream</strong></span> <span class='ocrx_word' id='word_1_456' title='bbox 845 3799 1217 3872; x_wconf 62' lang='lat' dir='ltr'><strong>praecipiatur</strong></span> <span class='ocrx_word' id='word_1_457' title='bbox 1277 3797 1589 3868; x_wconf 83' lang='lat' dir='ltr'><strong>intelligo;</strong></span> <span class='ocrx_word' id='word_1_458' title='bbox 1648 3813 1804 3851; x_wconf 90' lang='lat' dir='ltr'><strong>nunc</strong></span> <span class='ocrx_word' id='word_1_459' title='bbox 1862 3796 2005 3851; x_wconf 83' lang='lat' dir='ltr'><strong>doce</strong></span> 
     </span>
    </p>
   </div>
   <div class='ocr_carea' id='block_1_70' title="bbox 361 3886 2002 3964">
    <p class='ocr_par' dir='ltr' id='par_1_70' title="bbox 361 3886 2002 3964">
     <span class='ocr_line' id='line_1_70' title="bbox 361 3886 2002 3964; baseline -0.005 -17"><span class='ocrx_word' id='word_1_460' title='bbox 361 3912 473 3964; x_wconf 81' lang='lat' dir='ltr'><strong>quo</strong></span> <span class='ocrx_word' id='word_1_461' title='bbox 506 3897 673 3964; x_wconf 88' lang='lat' dir='ltr'><strong>pacto</strong></span> <span class='ocrx_word' id='word_1_462' title='bbox 706 3893 809 3944; x_wconf 82' lang='lat' dir='ltr'><strong>ﬁat</strong></span> <span class='ocrx_word' id='word_1_463' title='bbox 837 3895 902 3944; x_wconf 92' lang='lat' dir='ltr'><strong>ut</strong></span> <span class='ocrx_word' id='word_1_464' title='bbox 933 3888 1102 3944; x_wconf 84' lang='lat' dir='ltr'><strong>facile</strong></span> <span class='ocrx_word' id='word_1_465' title='bbox 1133 3886 1408 3942; x_wconf 85' lang='lat' dir='ltr'><strong>oblivioni</strong></span> <span class='ocrx_word' id='word_1_466' title='bbox 1442 3886 1636 3940; x_wconf 88' lang='lat' dir='ltr'><strong>tradat</strong></span> <span class='ocrx_word' id='word_1_467' title='bbox 1666 3901 1733 3940; x_wconf 86' lang='lat' dir='ltr'><strong>ac</strong></span> <span class='ocrx_word' id='word_1_468' title='bbox 1794 3901 2002 3956; x_wconf 90' lang='lat' dir='ltr'><strong>parum</strong></span> 
     </span>
    </p>
   </div>
   <div class='ocr_carea' id='block_1_71' title="bbox 361 3973 2003 4046">
    <p class='ocr_par' dir='ltr' id='par_1_71' title="bbox 361 3973 2003 4046">
     <span class='ocr_line' id='line_1_71' title="bbox 361 3973 2003 4046; baseline -0.007 -8"><span class='ocrx_word' id='word_1_469' title='bbox 361 3987 525 4038; x_wconf 89' lang='lat' dir='ltr'><strong>curet</strong></span> <span class='ocrx_word' id='word_1_470' title='bbox 555 3980 777 4035; x_wconf 85' lang='lat' dir='ltr'><strong>alienas</strong></span> <span class='ocrx_word' id='word_1_471' title='bbox 809 3977 1196 4043; x_wconf 85' lang='lat' dir='ltr'><strong>calamitates,</strong></span> <span class='ocrx_word' id='word_1_472' title='bbox 1229 3975 1328 4046; x_wconf 94' lang='lat' dir='ltr'><strong>qui</strong></span> <span class='ocrx_word' id='word_1_473' title='bbox 1361 3973 1593 4029; x_wconf 91' lang='lat' dir='ltr'><strong>nullum</strong></span> <span class='ocrx_word' id='word_1_474' title='bbox 1654 3974 1780 4043; x_wconf 75' lang='lat' dir='ltr'><strong>ipse</strong></span> <span class='ocrx_word' id='word_1_475' title='bbox 1837 3975 2003 4028; x_wconf 90' lang='lat' dir='ltr'><strong>dam-</strong></span> 
     </span>
    </p>
   </div>
   <div class='ocr_carea' id='block_1_72' title="bbox 365 4061 2005 4142">
    <p class='ocr_par' dir='ltr' id='par_1_72' title="bbox 365 4061 2005 4142">
     <span class='ocr_line' id='line_1_72' title="bbox 365 4061 2005 4142; baseline -0.007 -16"><span class='ocrx_word' id='word_1_476' title='bbox 365 4088 506 4126; x_wconf 89' lang='lat' dir='ltr'><strong>num</strong></span> <span class='ocrx_word' id='word_1_477' title='bbox 568 4086 780 4142; x_wconf 88' lang='lat' dir='ltr'><strong>passus</strong></span> <span class='ocrx_word' id='word_1_478' title='bbox 836 4082 1096 4138; x_wconf 84' lang='lat' dir='ltr'><strong>unquam</strong></span> <span class='ocrx_word' id='word_1_479' title='bbox 1157 4069 1287 4129; x_wconf 84' lang='lat' dir='ltr'><strong>est;</strong></span> <span class='ocrx_word' id='word_1_480' title='bbox 1345 4063 1444 4118; x_wconf 90' lang='lat' dir='ltr'><strong>ubi</strong></span> <span class='ocrx_word' id='word_1_481' title='bbox 1501 4067 1696 4118; x_wconf 90' lang='lat' dir='ltr'><strong>autem</strong></span> <span class='ocrx_word' id='word_1_482' title='bbox 1757 4061 2005 4132; x_wconf 88' lang='lat' dir='ltr'><strong>experiri</strong></span> 
     </span>
    </p>
   </div>
   <div class='ocr_carea' id='block_1_73' title="bbox 361 4149 2006 4230">
    <p class='ocr_par' dir='ltr' id='par_1_73' title="bbox 361 4149 2006 4230">
     <span class='ocr_line' id='line_1_73' title="bbox 361 4149 2006 4230; baseline -0.007 -14"><span class='ocrx_word' id='word_1_483' title='bbox 361 4161 516 4216; x_wconf 88' lang='lat' dir='ltr'><strong>mala</strong></span> <span class='ocrx_word' id='word_1_484' title='bbox 549 4157 808 4230; x_wconf 63' lang='lat' dir='ltr'><strong>coeperit,</strong></span> <span class='ocrx_word' id='word_1_485' title='bbox 840 4155 1088 4210; x_wconf 89' lang='lat' dir='ltr'><strong>aliorum</strong></span> <span class='ocrx_word' id='word_1_486' title='bbox 1141 4153 1228 4207; x_wconf 91' lang='lat' dir='ltr'><strong>illi</strong></span> <span class='ocrx_word' id='word_1_487' title='bbox 1293 4152 1511 4216; x_wconf 87' lang='lat' dir='ltr'><strong>clades,</strong></span> <span class='ocrx_word' id='word_1_488' title='bbox 1573 4149 2006 4206; x_wconf 85' lang='lat' dir='ltr'><strong>admonitiones</strong></span> 
     </span>
    </p>
   </div>
   <div class='ocr_carea' id='block_1_74' title="bbox 359 4240 2004 4315">
    <p class='ocr_par' dir='ltr' id='par_1_74' title="bbox 359 4240 2004 4315">
     <span class='ocr_line' id='line_1_74' title="bbox 359 4240 2004 4315; baseline -0.007 -11"><span class='ocrx_word' id='word_1_489' title='bbox 359 4268 424 4304; x_wconf 83' lang='lat' dir='ltr'><strong>ac</strong></span> <span class='ocrx_word' id='word_1_490' title='bbox 455 4251 810 4304; x_wconf 90' lang='lat' dir='ltr'><strong>documenta</strong></span> <span class='ocrx_word' id='word_1_491' title='bbox 841 4245 962 4300; x_wconf 91' lang='lat' dir='ltr'><strong>sint</strong></span> <span class='ocrx_word' id='word_1_492' title='bbox 992 4243 1209 4315; x_wconf 78' lang='lat' dir='ltr'><strong>quibus</strong></span> <span class='ocrx_word' id='word_1_493' title='bbox 1229 4243 1301 4297; x_wconf 89' lang='lat' dir='ltr'><strong>ad</strong></span> <span class='ocrx_word' id='word_1_494' title='bbox 1321 4240 1789 4312; x_wconf 88' lang='lat' dir='ltr'><strong>resipiscendum</strong></span> <span class='ocrx_word' id='word_1_495' title='bbox 1814 4240 2004 4294; x_wconf 89' lang='lat' dir='ltr'><strong>addu-</strong></span> 
     </span>
    </p>
   </div>
   <div class='ocr_carea' id='block_1_75' title="bbox 362 4345 548 4394">
    <p class='ocr_par' dir='ltr' id='par_1_75' title="bbox 362 4345 548 4394">
     <span class='ocr_line' id='line_1_75' title="bbox 362 4345 548 4394; baseline -0.016 0"><span class='ocrx_word' id='word_1_496' title='bbox 362 4345 548 4394; x_wconf 82' lang='lat' dir='ltr'><strong>catur.</strong></span> 
     </span>
    </p>
   </div>
   <div class='ocr_carea' id='block_1_76' title="bbox 432 4417 2002 4495">
    <p class='ocr_par' dir='ltr' id='par_1_76' title="bbox 432 4417 2002 4495">
     <span class='ocr_line' id='line_1_76' title="bbox 432 4417 2002 4495; baseline -0.007 -13"><span class='ocrx_word' id='word_1_497' title='bbox 432 4428 514 4481; x_wconf 86' lang='lat' dir='ltr'><strong>Ad</strong></span> <span class='ocrx_word' id='word_1_498' title='bbox 544 4443 610 4481; x_wconf 89' lang='lat' dir='ltr'><strong>ea</strong></span> <span class='ocrx_word' id='word_1_499' title='bbox 634 4427 936 4495; x_wconf 81' lang='lat' dir='ltr'><strong>resumpto</strong></span> <span class='ocrx_word' id='word_1_500' title='bbox 959 4437 1229 4477; x_wconf 90' lang='lat' dir='ltr'><strong>sermone</strong></span> <span class='ocrx_word' id='word_1_501' title='bbox 1250 4417 1737 4492; x_wconf 81' lang='lat' dir='ltr'><strong>gymnosophista</strong></span> <span class='ocrx_word' id='word_1_502' title='bbox 1759 4434 2002 4489; x_wconf 83' lang='lat' dir='ltr'><strong>respon-</strong></span> 
     </span>
    </p>
   </div>
   <div class='ocr_carea' id='block_1_77' title="bbox 364 4506 2008 4574">
    <p class='ocr_par' dir='ltr' id='par_1_77' title="bbox 364 4506 2008 4574">
     <span class='ocr_line' id='line_1_77' title="bbox 364 4506 2008 4574; baseline -0.006 -4"><span class='ocrx_word' id='word_1_503' title='bbox 364 4515 449 4570; x_wconf 88' lang='lat' dir='ltr'><strong>dit</strong></span> <span class='ocrx_word' id='word_1_504' title='bbox 479 4515 536 4569; x_wconf 90' lang='lat' dir='ltr'><strong>in</strong></span> <span class='ocrx_word' id='word_1_505' title='bbox 571 4515 726 4569; x_wconf 88' lang='lat' dir='ltr'><strong>hunc</strong></span> <span class='ocrx_word' id='word_1_506' title='bbox 759 4515 1037 4567; x_wconf 83' lang='lat' dir='ltr'><strong>modum:</strong></span> <span class='ocrx_word' id='word_1_507' title='bbox 1087 4512 1191 4574; x_wconf 87' lang='lat' dir='ltr'><strong>Qui</strong></span> <span class='ocrx_word' id='word_1_508' title='bbox 1249 4527 1364 4565; x_wconf 91' lang='lat' dir='ltr'><strong>non</strong></span> <span class='ocrx_word' id='word_1_509' title='bbox 1423 4508 1657 4562; x_wconf 86' lang='lat' dir='ltr'><strong>dubitat</strong></span> <span class='ocrx_word' id='word_1_510' title='bbox 1711 4507 1858 4563; x_wconf 85' lang='lat' dir='ltr'><strong>alios</strong></span> <span class='ocrx_word' id='word_1_511' title='bbox 1916 4506 2008 4561; x_wconf 58' lang='lat' dir='ltr'><strong>la:-</strong></span> 
     </span>
    </p>
   </div>
   <div class='ocr_carea' id='block_1_78' title="bbox 363 4597 2004 4670">
    <p class='ocr_par' dir='ltr' id='par_1_78' title="bbox 363 4597 2004 4670">
     <span class='ocr_line' id='line_1_78' title="bbox 363 4597 2004 4670; baseline -0.005 -11"><span class='ocrx_word' id='word_1_512' title='bbox 363 4607 499 4660; x_wconf 89' lang='lat' dir='ltr'><strong>dere</strong></span> <span class='ocrx_word' id='word_1_513' title='bbox 541 4603 734 4658; x_wconf 78' lang='lat' dir='ltr'><strong>utsibi</strong></span> <span class='ocrx_word' id='word_1_514' title='bbox 775 4603 958 4670; x_wconf 74' lang='lat' dir='ltr'><strong>prosit</strong></span> <span class='ocrx_word' id='word_1_515' title='bbox 988 4597 1354 4670; x_wconf 80' lang='lat' dir='ltr'><strong>ipsi,stultus</strong></span> <span class='ocrx_word' id='word_1_516' title='bbox 1385 4597 1851 4667; x_wconf 88' lang='lat' dir='ltr'><strong>imprudensque</strong></span> <span class='ocrx_word' id='word_1_517' title='bbox 1894 4600 2004 4661; x_wconf 87' lang='lat' dir='ltr'><strong>est,</strong></span> 
     </span>
    </p>
   </div>
   <div class='ocr_carea' id='block_1_79' title="bbox 366 4685 2005 4765">
    <p class='ocr_par' dir='ltr' id='par_1_79' title="bbox 366 4685 2005 4765">
     <span class='ocr_line' id='line_1_79' title="bbox 366 4685 2005 4765; baseline -0.006 -17"><span class='ocrx_word' id='word_1_518' title='bbox 366 4693 584 4765; x_wconf 90' lang='lat' dir='ltr'><strong>quippe</strong></span> <span class='ocrx_word' id='word_1_519' title='bbox 614 4691 714 4762; x_wconf 92' lang='lat' dir='ltr'><strong>qui</strong></span> <span class='ocrx_word' id='word_1_520' title='bbox 743 4707 856 4746; x_wconf 91' lang='lat' dir='ltr'><strong>non</strong></span> <span class='ocrx_word' id='word_1_521' title='bbox 890 4691 1104 4760; x_wconf 82' lang='lat' dir='ltr'><strong>cogitet</strong></span> <span class='ocrx_word' id='word_1_522' title='bbox 1133 4689 1395 4743; x_wconf 91' lang='lat' dir='ltr'><strong>omnium</strong></span> <span class='ocrx_word' id='word_1_523' title='bbox 1427 4702 1558 4740; x_wconf 89' lang='lat' dir='ltr'><strong>esse</strong></span> <span class='ocrx_word' id='word_1_524' title='bbox 1590 4691 1856 4740; x_wconf 90' lang='lat' dir='ltr'><strong>actorum</strong></span> <span class='ocrx_word' id='word_1_525' title='bbox 1907 4685 2005 4755; x_wconf 87' lang='lat' dir='ltr'><strong>ju-</strong></span> 
     </span>
    </p>
   </div>
   <div class='ocr_carea' id='block_1_80' title="bbox 363 4771 1996 4847">
    <p class='ocr_par' dir='ltr' id='par_1_80' title="bbox 363 4771 1996 4847">
     <span class='ocr_line' id='line_1_80' title="bbox 363 4771 1996 4847; baseline -0.006 -12"><span class='ocrx_word' id='word_1_526' title='bbox 363 4787 484 4835; x_wconf 87' lang='lat' dir='ltr'><strong>stas</strong></span> <span class='ocrx_word' id='word_1_527' title='bbox 517 4779 689 4843; x_wconf 88' lang='lat' dir='ltr'><strong>vices,</strong></span> <span class='ocrx_word' id='word_1_528' title='bbox 726 4775 1201 4847; x_wconf 86' lang='lat' dir='ltr'><strong>immutabilique</strong></span> <span class='ocrx_word' id='word_1_529' title='bbox 1231 4774 1433 4829; x_wconf 89' lang='lat' dir='ltr'><strong>ordine</strong></span> <span class='ocrx_word' id='word_1_530' title='bbox 1457 4789 1862 4828; x_wconf 88' lang='lat' dir='ltr'><strong>successuram</strong></span> <span class='ocrx_word' id='word_1_531' title='bbox 1897 4771 1996 4826; x_wconf 90' lang='lat' dir='ltr'><strong>ali-</strong></span> 
     </span>
    </p>
   </div>
   <div class='ocr_carea' id='block_1_81' title="bbox 364 4862 2008 4938">
    <p class='ocr_par' dir='ltr' id='par_1_81' title="bbox 364 4862 2008 4938">
     <span class='ocr_line' id='line_1_81' title="bbox 364 4862 2008 4938; baseline -0.004 -15"><span class='ocrx_word' id='word_1_532' title='bbox 364 4869 599 4938; x_wconf 85' lang='lat' dir='ltr'><strong>quando</strong></span> <span class='ocrx_word' id='word_1_533' title='bbox 659 4868 993 4936; x_wconf 88' lang='lat' dir='ltr'><strong>cuicunque</strong></span> <span class='ocrx_word' id='word_1_534' title='bbox 1024 4865 1254 4936; x_wconf 65' lang='lat' dir='ltr'><strong>injuriaa</strong></span> <span class='ocrx_word' id='word_1_535' title='bbox 1285 4879 1480 4934; x_wconf 88' lang='lat' dir='ltr'><strong>parem</strong></span> <span class='ocrx_word' id='word_1_536' title='bbox 1514 4862 1819 4926; x_wconf 88' lang='lat' dir='ltr'><strong>ultionem,</strong></span> <span class='ocrx_word' id='word_1_537' title='bbox 1854 4865 2008 4916; x_wconf 86' lang='lat' dir='ltr'><strong>certe</strong></span> 
     </span>
    </p>
   </div>
   <div class='ocr_carea' id='block_1_82' title="bbox 365 4949 2010 5029">
    <p class='ocr_par' dir='ltr' id='par_1_82' title="bbox 365 4949 2010 5029">
     <span class='ocr_line' id='line_1_82' title="bbox 365 4949 2010 5029; baseline -0.006 -16"><span class='ocrx_word' id='word_1_538' title='bbox 365 4966 425 5014; x_wconf 92' lang='lat' dir='ltr'><strong>ut</strong></span> <span class='ocrx_word' id='word_1_539' title='bbox 449 4955 792 5029; x_wconf 84' lang='lat' dir='ltr'><strong>longissime</strong></span> <span class='ocrx_word' id='word_1_540' title='bbox 823 4955 1154 5018; x_wconf 85' lang='lat' dir='ltr'><strong>dilieratur,</strong></span> <span class='ocrx_word' id='word_1_541' title='bbox 1190 4953 1400 5007; x_wconf 88' lang='lat' dir='ltr'><strong>ultima</strong></span> <span class='ocrx_word' id='word_1_542' title='bbox 1431 4949 1534 5005; x_wconf 91' lang='lat' dir='ltr'><strong>illa</strong></span> <span class='ocrx_word' id='word_1_543' title='bbox 1563 4951 1657 5005; x_wconf 91' lang='lat' dir='ltr'><strong>die</strong></span> <span class='ocrx_word' id='word_1_544' title='bbox 1689 4966 1804 5021; x_wconf 89' lang='lat' dir='ltr'><strong>qua</strong></span> <span class='ocrx_word' id='word_1_545' title='bbox 1841 4965 2010 5020; x_wconf 67' lang='lat' dir='ltr'><strong>requa</strong></span> 
     </span>
    </p>
   </div>
   <div class='ocr_carea' id='block_1_83' title="bbox 361 5039 2006 5115">
    <p class='ocr_par' dir='ltr' id='par_1_83' title="bbox 361 5039 2006 5115">
     <span class='ocr_line' id='line_1_83' title="bbox 361 5039 2006 5115; baseline -0.006 -11"><span class='ocrx_word' id='word_1_546' title='bbox 361 5046 664 5104; x_wconf 87' lang='lat' dir='ltr'><strong>retributio</strong></span> <span class='ocrx_word' id='word_1_547' title='bbox 697 5043 949 5108; x_wconf 90' lang='lat' dir='ltr'><strong>cunctis,</strong></span> <span class='ocrx_word' id='word_1_548' title='bbox 985 5047 1160 5115; x_wconf 91' lang='lat' dir='ltr'><strong>prout</strong></span> <span class='ocrx_word' id='word_1_549' title='bbox 1203 5041 1470 5105; x_wconf 86' lang='lat' dir='ltr'><strong>vixerint,</strong></span> <span class='ocrx_word' id='word_1_550' title='bbox 1535 5039 1832 5094; x_wconf 89' lang='lat' dir='ltr'><strong>reddetur.</strong></span> <span class='ocrx_word' id='word_1_551' title='bbox 1891 5039 2006 5094; x_wconf 82' lang='lat' dir='ltr'><strong>Hac</strong></span> 
     </span>
    </p>
   </div>
   <div class='ocr_carea' id='block_1_84' title="bbox 361 5126 2004 5210">
    <p class='ocr_par' dir='ltr' id='par_1_84' title="bbox 361 5126 2004 5210">
     <span class='ocr_line' id='line_1_84' title="bbox 361 5126 2004 5210; baseline -0.005 -18"><span class='ocrx_word' id='word_1_552' title='bbox 361 5155 531 5210; x_wconf 88' lang='lat' dir='ltr'><strong>porro</strong></span> <span class='ocrx_word' id='word_1_553' title='bbox 565 5140 758 5190; x_wconf 89' lang='lat' dir='ltr'><strong>mente</strong></span> <span class='ocrx_word' id='word_1_554' title='bbox 790 5134 847 5187; x_wconf 93' lang='lat' dir='ltr'><strong>in</strong></span> <span class='ocrx_word' id='word_1_555' title='bbox 881 5131 1246 5187; x_wconf 88' lang='lat' dir='ltr'><strong>calamitates</strong></span> <span class='ocrx_word' id='word_1_556' title='bbox 1274 5130 1489 5185; x_wconf 90' lang='lat' dir='ltr'><strong>incidet</strong></span> <span class='ocrx_word' id='word_1_557' title='bbox 1519 5126 2004 5196; x_wconf 89' lang='lat' dir='ltr'><strong>immedicabiles,</strong></span> 
     </span>
    </p>
   </div>
   <div class='ocr_carea' id='block_1_85' title="bbox 362 5216 2004 5289">
    <p class='ocr_par' dir='ltr' id='par_1_85' title="bbox 362 5216 2004 5289">
     <span class='ocr_line' id='line_1_85' title="bbox 362 5216 2004 5289; baseline -0.007 -8"><span class='ocrx_word' id='word_1_558' title='bbox 362 5243 427 5281; x_wconf 89' lang='lat' dir='ltr'><strong>ac</strong></span> <span class='ocrx_word' id='word_1_559' title='bbox 459 5225 569 5281; x_wconf 92' lang='lat' dir='ltr'><strong>nisi</strong></span> <span class='ocrx_word' id='word_1_560' title='bbox 604 5224 780 5279; x_wconf 89' lang='lat' dir='ltr'><strong>vitam</strong></span> <span class='ocrx_word' id='word_1_561' title='bbox 814 5221 1084 5276; x_wconf 90' lang='lat' dir='ltr'><strong>emendet</strong></span> <span class='ocrx_word' id='word_1_562' title='bbox 1115 5219 1171 5272; x_wconf 92' lang='lat' dir='ltr'><strong>in</strong></span> <span class='ocrx_word' id='word_1_563' title='bbox 1205 5223 1486 5289; x_wconf 87' lang='lat' dir='ltr'><strong>tempore,</strong></span> <span class='ocrx_word' id='word_1_564' title='bbox 1518 5217 1871 5288; x_wconf 75' lang='lat' dir='ltr'><strong>pcenitentim</strong></span> <span class='ocrx_word' id='word_1_565' title='bbox 1904 5216 2004 5271; x_wconf 89' lang='lat' dir='ltr'><strong>de-</strong></span> 
     </span>
    </p>
   </div>
   <div class='ocr_carea' id='block_1_86' title="bbox 363 5304 2001 5386">
    <p class='ocr_par' dir='ltr' id='par_1_86' title="bbox 363 5304 2001 5386">
     <span class='ocr_line' id='line_1_86' title="bbox 363 5304 2001 5386; baseline -0.007 -16"><span class='ocrx_word' id='word_1_566' title='bbox 363 5315 538 5386; x_wconf 87' lang='lat' dir='ltr'><strong>nique</strong></span> <span class='ocrx_word' id='word_1_567' title='bbox 569 5330 711 5369; x_wconf 66' lang='lat' dir='ltr'><strong>seras</strong></span> <span class='ocrx_word' id='word_1_568' title='bbox 742 5317 919 5382; x_wconf 87' lang='lat' dir='ltr'><strong>atquo</strong></span> <span class='ocrx_word' id='word_1_569' title='bbox 952 5307 1181 5362; x_wconf 88' lang='lat' dir='ltr'><strong>inutilis</strong></span> <span class='ocrx_word' id='word_1_570' title='bbox 1212 5306 1330 5360; x_wconf 90' lang='lat' dir='ltr'><strong>acri</strong></span> <span class='ocrx_word' id='word_1_571' title='bbox 1364 5310 1656 5362; x_wconf 89' lang='lat' dir='ltr'><strong>tormento</strong></span> <span class='ocrx_word' id='word_1_572' title='bbox 1713 5304 2001 5360; x_wconf 86' lang='lat' dir='ltr'><strong>cruciabi-</strong></span> 
     </span>
    </p>
   </div>
   <div class='ocr_carea' id='block_1_87' title="bbox 359 5394 2005 5473">
    <p class='ocr_par' dir='ltr' id='par_1_87' title="bbox 359 5394 2005 5473">
     <span class='ocr_line' id='line_1_87' title="bbox 359 5394 2005 5473; baseline -0.007 -15"><span class='ocrx_word' id='word_1_573' title='bbox 359 5409 473 5458; x_wconf 91' lang='lat' dir='ltr'><strong>tur.</strong></span> <span class='ocrx_word' id='word_1_574' title='bbox 507 5400 863 5473; x_wconf 86' lang='lat' dir='ltr'><strong>Hujusmodi</strong></span> <span class='ocrx_word' id='word_1_575' title='bbox 898 5404 1093 5453; x_wconf 88' lang='lat' dir='ltr'><strong>tamen</strong></span> <span class='ocrx_word' id='word_1_576' title='bbox 1126 5395 1423 5450; x_wconf 89' lang='lat' dir='ltr'><strong>interdum</strong></span> <span class='ocrx_word' id='word_1_577' title='bbox 1459 5394 1853 5449; x_wconf 88' lang='lat' dir='ltr'><strong>emendantur</strong></span> <span class='ocrx_word' id='word_1_578' title='bbox 1907 5409 2005 5449; x_wconf 85' lang='lat' dir='ltr'><strong>ex-</strong></span> 
     </span>
    </p>
   </div>
   <div class='ocr_carea' id='block_1_88' title="bbox 364 5481 2006 5563">
    <p class='ocr_par' dir='ltr' id='par_1_88' title="bbox 364 5481 2006 5563">
     <span class='ocr_line' id='line_1_88' title="bbox 364 5481 2006 5563; baseline -0.007 -15"><span class='ocrx_word' id='word_1_579' title='bbox 364 5491 645 5563; x_wconf 89' lang='lat' dir='ltr'><strong>perientia</strong></span> <span class='ocrx_word' id='word_1_580' title='bbox 671 5489 962 5547; x_wconf 89' lang='lat' dir='ltr'><strong>malorum</strong></span> <span class='ocrx_word' id='word_1_581' title='bbox 996 5483 1364 5559; x_wconf 89' lang='lat' dir='ltr'><strong>propriorum</strong></span> <span class='ocrx_word' id='word_1_582' title='bbox 1398 5501 1411 5550; x_wconf 88' lang='lat'><strong>;</strong></span> <span class='ocrx_word' id='word_1_583' title='bbox 1445 5486 1501 5537; x_wconf 91' lang='lat' dir='ltr'><strong>et</strong></span> <span class='ocrx_word' id='word_1_584' title='bbox 1523 5481 1568 5535; x_wconf 92' lang='lat' dir='ltr'><strong>si</strong></span> <span class='ocrx_word' id='word_1_585' title='bbox 1605 5481 1840 5550; x_wconf 86' lang='lat' dir='ltr'><strong>quando</strong></span> <span class='ocrx_word' id='word_1_586' title='bbox 1871 5497 2006 5536; x_wconf 88' lang='lat' dir='ltr'><strong>sen-</strong></span> 
     </span>
    </p>
   </div>
   <div class='ocr_carea' id='block_1_89' title="bbox 362 5569 2007 5646">
    <p class='ocr_par' dir='ltr' id='par_1_89' title="bbox 362 5569 2007 5646">
     <span class='ocr_line' id='line_1_89' title="bbox 362 5569 2007 5646; baseline -0.006 -12"><span class='ocrx_word' id='word_1_587' title='bbox 362 5582 512 5637; x_wconf 88' lang='lat' dir='ltr'><strong>tiant</strong></span> <span class='ocrx_word' id='word_1_588' title='bbox 537 5580 754 5638; x_wconf 87' lang='lat' dir='ltr'><strong>damna</strong></span> <span class='ocrx_word' id='word_1_589' title='bbox 782 5580 856 5635; x_wconf 89' lang='lat' dir='ltr'><strong>ab</strong></span> <span class='ocrx_word' id='word_1_590' title='bbox 885 5578 1040 5646; x_wconf 88' lang='lat' dir='ltr'><strong>aliis,</strong></span> <span class='ocrx_word' id='word_1_591' title='bbox 1071 5575 1254 5645; x_wconf 91' lang='lat' dir='ltr'><strong>illata,</strong></span> <span class='ocrx_word' id='word_1_592' title='bbox 1288 5571 1613 5643; x_wconf 87' lang='lat' dir='ltr'><strong>intelligere</strong></span> <span class='ocrx_word' id='word_1_593' title='bbox 1643 5570 1880 5624; x_wconf 90' lang='lat' dir='ltr'><strong>demum</strong></span> <span class='ocrx_word' id='word_1_594' title='bbox 1915 5569 2007 5625; x_wconf 92' lang='lat' dir='ltr'><strong>in-</strong></span> 
     </span>
    </p>
   </div>
   <div class='ocr_carea' id='block_1_90' title="bbox 2104 3798 3755 3874">
    <p class='ocr_par' dir='ltr' id='par_1_90' title="bbox 2104 3798 3755 3874">
     <span class='ocr_line' id='line_1_90' title="bbox 2104 3798 3755 3874; baseline 0.007 -23"><span class='ocrx_word' id='word_1_595' title='bbox 2104 3798 2296 3868; x_wconf 87' lang='lat' dir='ltr'><strong>jurias</strong></span> <span class='ocrx_word' id='word_1_596' title='bbox 2326 3798 2481 3864; x_wconf 87' lang='lat' dir='ltr'><strong>aliis,</strong></span> <span class='ocrx_word' id='word_1_597' title='bbox 2525 3805 2697 3870; x_wconf 86' lang='lat' dir='ltr'><strong>prout</strong></span> <span class='ocrx_word' id='word_1_598' title='bbox 2747 3800 2938 3854; x_wconf 70' lang='lat'><strong>18831133</strong></span> <span class='ocrx_word' id='word_1_599' title='bbox 2995 3802 3261 3874; x_wconf 82' lang='lat' dir='ltr'><strong>contigit.</strong></span> <span class='ocrx_word' id='word_1_600' title='bbox 3328 3806 3545 3863; x_wconf 82' lang='lat' dir='ltr'><strong>Ferunt</strong></span> <span class='ocrx_word' id='word_1_601' title='bbox 3606 3813 3755 3865; x_wconf 88' lang='lat' dir='ltr'><strong>enim</strong></span> 
     </span>
    </p>
   </div>
   <div class='ocr_carea' id='block_1_91' title="bbox 2110 3885 3757 3966">
    <p class='ocr_par' dir='ltr' id='par_1_91' title="bbox 2110 3885 3757 3966">
     <span class='ocr_line' id='line_1_91' title="bbox 2110 3885 3757 3966; baseline 0.009 -26"><span class='ocrx_word' id='word_1_602' title='bbox 2110 3885 2301 3942; x_wconf 73' lang='lat' dir='ltr'><strong>Ieiunia</strong></span> <span class='ocrx_word' id='word_1_603' title='bbox 2333 3887 2587 3957; x_wconf 89' lang='lat' dir='ltr'><strong>cuipiam</strong></span> <span class='ocrx_word' id='word_1_604' title='bbox 2623 3887 2848 3942; x_wconf 91' lang='lat' dir='ltr'><strong>catulos</strong></span> <span class='ocrx_word' id='word_1_605' title='bbox 2877 3891 3025 3945; x_wconf 89' lang='lat' dir='ltr'><strong>duos</strong></span> <span class='ocrx_word' id='word_1_606' title='bbox 3058 3891 3418 3963; x_wconf 83' lang='lat' dir='ltr'><strong>fuisse,quos</strong></span> <span class='ocrx_word' id='word_1_607' title='bbox 3441 3896 3574 3966; x_wconf 85' lang='lat' dir='ltr'><strong>ipsa</strong></span> <span class='ocrx_word' id='word_1_608' title='bbox 3594 3916 3757 3953; x_wconf 85' lang='lat' dir='ltr'><strong>vena-</strong></span> 
     </span>
    </p>
   </div>
   <div class='ocr_carea' id='block_1_92' title="bbox 2115 3975 3751 4055">
    <p class='ocr_par' dir='ltr' id='par_1_92' title="bbox 2115 3975 3751 4055">
     <span class='ocr_line' id='line_1_92' title="bbox 2115 3975 3751 4055; baseline 0.007 -26"><span class='ocrx_word' id='word_1_609' title='bbox 2115 3983 2231 4030; x_wconf 87' lang='lat' dir='ltr'><strong>tum</strong></span> <span class='ocrx_word' id='word_1_610' title='bbox 2265 3975 2561 4046; x_wconf 86' lang='lat' dir='ltr'><strong>prodiens,</strong></span> <span class='ocrx_word' id='word_1_611' title='bbox 2597 3981 2744 4044; x_wconf 89' lang='lat' dir='ltr'><strong>tuto,</strong></span> <span class='ocrx_word' id='word_1_612' title='bbox 2776 3980 2837 4031; x_wconf 88' lang='lat' dir='ltr'><strong>ut</strong></span> <span class='ocrx_word' id='word_1_613' title='bbox 2869 3980 3135 4048; x_wconf 87' lang='lat' dir='ltr'><strong>putabat,</strong></span> <span class='ocrx_word' id='word_1_614' title='bbox 3180 3980 3305 4037; x_wconf 93' lang='lat' dir='ltr'><strong>loco</strong></span> <span class='ocrx_word' id='word_1_615' title='bbox 3371 3983 3643 4055; x_wconf 88' lang='lat' dir='ltr'><strong>deposuit</strong></span> <span class='ocrx_word' id='word_1_616' title='bbox 3694 3987 3751 4041; x_wconf 92' lang='lat' dir='ltr'><strong>in</strong></span> 
     </span>
    </p>
   </div>
   <div class='ocr_carea' id='block_1_93' title="bbox 2112 4062 3746 4139">
    <p class='ocr_par' dir='ltr' id='par_1_93' title="bbox 2112 4062 3746 4139">
     <span class='ocr_line' id='line_1_93' title="bbox 2112 4062 3746 4139; baseline 0.006 -22"><span class='ocrx_word' id='word_1_617' title='bbox 2112 4062 2277 4130; x_wconf 90' lang='lat' dir='ltr'><strong>silva,</strong></span> <span class='ocrx_word' id='word_1_618' title='bbox 2306 4063 2400 4118; x_wconf 92' lang='lat' dir='ltr'><strong>ubi</strong></span> <span class='ocrx_word' id='word_1_619' title='bbox 2436 4080 2536 4118; x_wconf 89' lang='lat' dir='ltr'><strong>eos</strong></span> <span class='ocrx_word' id='word_1_620' title='bbox 2563 4063 2824 4119; x_wconf 88' lang='lat' dir='ltr'><strong>inventos</strong></span> <span class='ocrx_word' id='word_1_621' title='bbox 2856 4072 3099 4121; x_wconf 88' lang='lat' dir='ltr'><strong>venator</strong></span> <span class='ocrx_word' id='word_1_622' title='bbox 3148 4070 3384 4139; x_wconf 89' lang='lat' dir='ltr'><strong>quidam</strong></span> <span class='ocrx_word' id='word_1_623' title='bbox 3441 4074 3746 4137; x_wconf 84' lang='lat' dir='ltr'><strong>interfecit,</strong></span> 
     </span>
    </p>
   </div>
   <div class='ocr_carea' id='block_1_94' title="bbox 2111 4151 3743 4228">
    <p class='ocr_par' dir='ltr' id='par_1_94' title="bbox 2111 4151 3743 4228">
     <span class='ocr_line' id='line_1_94' title="bbox 2111 4151 3743 4228; baseline 0.006 -22"><span class='ocrx_word' id='word_1_624' title='bbox 2111 4156 2168 4206; x_wconf 92' lang='lat' dir='ltr'><strong>et</strong></span> <span class='ocrx_word' id='word_1_625' title='bbox 2198 4151 2346 4222; x_wconf 90' lang='lat' dir='ltr'><strong>pelle</strong></span> <span class='ocrx_word' id='word_1_626' title='bbox 2379 4153 2612 4222; x_wconf 90' lang='lat' dir='ltr'><strong>utrique</strong></span> <span class='ocrx_word' id='word_1_627' title='bbox 2643 4153 2905 4209; x_wconf 89' lang='lat' dir='ltr'><strong>detracta</strong></span> <span class='ocrx_word' id='word_1_628' title='bbox 2936 4171 3262 4228; x_wconf 88' lang='lat' dir='ltr'><strong>secumque</strong></span> <span class='ocrx_word' id='word_1_629' title='bbox 3315 4159 3520 4228; x_wconf 75' lang='lat' dir='ltr'><strong>ablata,</strong></span> <span class='ocrx_word' id='word_1_630' title='bbox 3573 4177 3743 4216; x_wconf 88' lang='lat' dir='ltr'><strong>exco-</strong></span> 
     </span>
    </p>
   </div>
   <div class='ocr_carea' id='block_1_95' title="bbox 2113 4239 3744 4314">
    <p class='ocr_par' dir='ltr' id='par_1_95' title="bbox 2113 4239 3744 4314">
     <span class='ocr_line' id='line_1_95' title="bbox 2113 4239 3744 4314; baseline 0.008 -22"><span class='ocrx_word' id='word_1_631' title='bbox 2113 4239 2287 4295; x_wconf 87' lang='lat' dir='ltr'><strong>riatos</strong></span> <span class='ocrx_word' id='word_1_632' title='bbox 2321 4245 2376 4294; x_wconf 93' lang='lat' dir='ltr'><strong>et</strong></span> <span class='ocrx_word' id='word_1_633' title='bbox 2402 4240 2610 4296; x_wconf 86' lang='lat' dir='ltr'><strong>misere</strong></span> <span class='ocrx_word' id='word_1_634' title='bbox 2641 4239 2862 4297; x_wconf 89' lang='lat' dir='ltr'><strong>laceros</strong></span> <span class='ocrx_word' id='word_1_635' title='bbox 2895 4242 3156 4314; x_wconf 87' lang='lat' dir='ltr'><strong>reliquit.</strong></span> <span class='ocrx_word' id='word_1_636' title='bbox 3191 4248 3391 4302; x_wconf 79' lang='lat' dir='ltr'><strong>Redux</strong></span> <span class='ocrx_word' id='word_1_637' title='bbox 3429 4249 3502 4303; x_wconf 87' lang='lat' dir='ltr'><strong>ad</strong></span> <span class='ocrx_word' id='word_1_638' title='bbox 3553 4250 3744 4305; x_wconf 87' lang='lat' dir='ltr'><strong>locum</strong></span> 
     </span>
    </p>
   </div>
   <div class='ocr_carea' id='block_1_96' title="bbox 2111 4326 3750 4409">
    <p class='ocr_par' dir='ltr' id='par_1_96' title="bbox 2111 4326 3750 4409">
     <span class='ocr_line' id='line_1_96' title="bbox 2111 4326 3750 4409; baseline 0.009 -28"><span class='ocrx_word' id='word_1_639' title='bbox 2111 4326 2311 4394; x_wconf 72' lang='lat' dir='ltr'><strong>lemna,</strong></span> <span class='ocrx_word' id='word_1_640' title='bbox 2343 4333 2402 4383; x_wconf 92' lang='lat' dir='ltr'><strong>et</strong></span> <span class='ocrx_word' id='word_1_641' title='bbox 2431 4328 2810 4386; x_wconf 85' lang='lat' dir='ltr'><strong>charissimos</strong></span> <span class='ocrx_word' id='word_1_642' title='bbox 2871 4331 3025 4386; x_wconf 87' lang='lat' dir='ltr'><strong>fetus</strong></span> <span class='ocrx_word' id='word_1_643' title='bbox 3079 4335 3398 4391; x_wconf 81' lang='lat' dir='ltr'><strong>exstinctos</strong></span> <span class='ocrx_word' id='word_1_644' title='bbox 3454 4344 3633 4409; x_wconf 87' lang='lat' dir='ltr'><strong>atque</strong></span> <span class='ocrx_word' id='word_1_645' title='bbox 3686 4357 3750 4394; x_wconf 84' lang='lat' dir='ltr'><strong>ex</strong></span> 
     </span>
    </p>
   </div>
   <div class='ocr_carea' id='block_1_97' title="bbox 2113 4417 3754 4487">
    <p class='ocr_par' dir='ltr' id='par_1_97' title="bbox 2113 4417 3754 4487">
     <span class='ocr_line' id='line_1_97' title="bbox 2113 4417 3754 4487; baseline 0.006 -16"><span class='ocrx_word' id='word_1_646' title='bbox 2113 4417 2484 4473; x_wconf 81' lang='lat' dir='ltr'><strong>carnificatos</strong></span> <span class='ocrx_word' id='word_1_647' title='bbox 2541 4435 2807 4487; x_wconf 91' lang='lat' dir='ltr'><strong>cernens,</strong></span> <span class='ocrx_word' id='word_1_648' title='bbox 2867 4420 3198 4477; x_wconf 91' lang='lat' dir='ltr'><strong>incredibili</strong></span> <span class='ocrx_word' id='word_1_649' title='bbox 3249 4425 3479 4480; x_wconf 84' lang='lat' dir='ltr'><strong>conﬁxa</strong></span> <span class='ocrx_word' id='word_1_650' title='bbox 3561 4427 3754 4484; x_wconf 89' lang='lat' dir='ltr'><strong>dolore</strong></span> 
     </span>
    </p>
   </div>
   <div class='ocr_carea' id='block_1_98' title="bbox 2111 4505 3760 4576">
    <p class='ocr_par' dir='ltr' id='par_1_98' title="bbox 2111 4505 3760 4576">
     <span class='ocr_line' id='line_1_98' title="bbox 2111 4505 3760 4576; baseline 0.007 -17"><span class='ocrx_word' id='word_1_651' title='bbox 2111 4510 2220 4571; x_wconf 90' lang='lat' dir='ltr'><strong>est,</strong></span> <span class='ocrx_word' id='word_1_652' title='bbox 2255 4505 2602 4576; x_wconf 90' lang='lat' dir='ltr'><strong>nullumque</strong></span> <span class='ocrx_word' id='word_1_653' title='bbox 2632 4508 2806 4562; x_wconf 81' lang='lat' dir='ltr'><strong>finem</strong></span> <span class='ocrx_word' id='word_1_654' title='bbox 2839 4509 3016 4564; x_wconf 87' lang='lat' dir='ltr'><strong>ﬂendi</strong></span> <span class='ocrx_word' id='word_1_655' title='bbox 3045 4528 3112 4566; x_wconf 90' lang='lat' dir='ltr'><strong>ac</strong></span> <span class='ocrx_word' id='word_1_656' title='bbox 3169 4511 3532 4569; x_wconf 86' lang='lat' dir='ltr'><strong>lamentandi</strong></span> <span class='ocrx_word' id='word_1_657' title='bbox 3594 4516 3760 4570; x_wconf 84' lang='lat' dir='ltr'><strong>facie-</strong></span> 
     </span>
    </p>
   </div>
   <div class='ocr_carea' id='block_1_99' title="bbox 2113 4594 3763 4672">
    <p class='ocr_par' dir='ltr' id='par_1_99' title="bbox 2113 4594 3763 4672">
     <span class='ocr_line' id='line_1_99' title="bbox 2113 4594 3763 4672; baseline 0.007 -23"><span class='ocrx_word' id='word_1_658' title='bbox 2113 4594 2233 4664; x_wconf 89' lang='lat' dir='ltr'><strong>bat,</strong></span> <span class='ocrx_word' id='word_1_659' title='bbox 2263 4595 2407 4650; x_wconf 90' lang='lat' dir='ltr'><strong>adeo</strong></span> <span class='ocrx_word' id='word_1_660' title='bbox 2441 4599 2504 4650; x_wconf 93' lang='lat' dir='ltr'><strong>ut</strong></span> <span class='ocrx_word' id='word_1_661' title='bbox 2533 4595 2818 4666; x_wconf 87' lang='lat' dir='ltr'><strong>ejulatum</strong></span> <span class='ocrx_word' id='word_1_662' title='bbox 2853 4598 2984 4667; x_wconf 90' lang='lat' dir='ltr'><strong>ejus</strong></span> <span class='ocrx_word' id='word_1_663' title='bbox 3007 4616 3074 4654; x_wconf 91' lang='lat' dir='ltr'><strong>ac</strong></span> <span class='ocrx_word' id='word_1_664' title='bbox 3106 4600 3407 4672; x_wconf 88' lang='lat' dir='ltr'><strong>planctum</strong></span> <span class='ocrx_word' id='word_1_665' title='bbox 3439 4604 3630 4659; x_wconf 88' lang='lat' dir='ltr'><strong>excita</strong></span> <span class='ocrx_word' id='word_1_666' title='bbox 3669 4623 3763 4660; x_wconf 89' lang='lat' dir='ltr'><strong>so-</strong></span> 
     </span>
    </p>
   </div>
   <div class='ocr_carea' id='block_1_100' title="bbox 2113 4683 3764 4755">
    <p class='ocr_par' dir='ltr' id='par_1_100' title="bbox 2113 4683 3764 4755">
     <span class='ocr_line' id='line_1_100' title="bbox 2113 4683 3764 4755; baseline 0.007 -18"><span class='ocrx_word' id='word_1_667' title='bbox 2113 4685 2237 4738; x_wconf 92' lang='lat' dir='ltr'><strong>nitu</strong></span> <span class='ocrx_word' id='word_1_668' title='bbox 2265 4683 2456 4740; x_wconf 89' lang='lat' dir='ltr'><strong>vicina</strong></span> <span class='ocrx_word' id='word_1_669' title='bbox 2486 4700 2625 4739; x_wconf 92' lang='lat' dir='ltr'><strong>ursa</strong></span> <span class='ocrx_word' id='word_1_670' title='bbox 2682 4702 2783 4755; x_wconf 92' lang='lat' dir='ltr'><strong>pro</strong></span> <span class='ocrx_word' id='word_1_671' title='bbox 2842 4687 3275 4746; x_wconf 90' lang='lat' dir='ltr'><strong>necessitudine</strong></span> <span class='ocrx_word' id='word_1_672' title='bbox 3305 4699 3644 4748; x_wconf 87' lang='lat' dir='ltr'><strong>accurreret</strong></span> <span class='ocrx_word' id='word_1_673' title='bbox 3695 4695 3764 4748; x_wconf 87' lang='lat' dir='ltr'><strong>ad</strong></span> 
     </span>
    </p>
   </div>
   <div class='ocr_carea' id='block_1_101' title="bbox 2112 4771 3766 4853">
    <p class='ocr_par' dir='ltr' id='par_1_101' title="bbox 2112 4771 3766 4853">
     <span class='ocr_line' id='line_1_101' title="bbox 2112 4771 3766 4853; baseline 0.007 -28"><span class='ocrx_word' id='word_1_674' title='bbox 2112 4771 2366 4827; x_wconf 90' lang='lat' dir='ltr'><strong>amicam</strong></span> <span class='ocrx_word' id='word_1_675' title='bbox 2407 4771 2842 4828; x_wconf 87' lang='lat' dir='ltr'><strong>consolandam.</strong></span> <span class='ocrx_word' id='word_1_676' title='bbox 2903 4776 2997 4830; x_wconf 86' lang='lat' dir='ltr'><strong>Ait</strong></span> <span class='ocrx_word' id='word_1_677' title='bbox 3052 4793 3189 4850; x_wconf 83' lang='lat' dir='ltr'><strong>ergo</strong></span> <span class='ocrx_word' id='word_1_678' title='bbox 3247 4779 3425 4834; x_wconf 91' lang='lat' dir='ltr'><strong>simul</strong></span> <span class='ocrx_word' id='word_1_679' title='bbox 3479 4783 3766 4853; x_wconf 88' lang='lat' dir='ltr'><strong>pervenit.</strong></span> 
     </span>
    </p>
   </div>
   <div class='ocr_carea' id='block_1_102' title="bbox 2113 4859 3768 4940">
    <p class='ocr_par' dir='ltr' id='par_1_102' title="bbox 2113 4859 3768 4940">
     <span class='ocr_line' id='line_1_102' title="bbox 2113 4859 3768 4940; baseline 0.008 -28"><span class='ocrx_word' id='word_1_680' title='bbox 2113 4859 2254 4925; x_wconf 83' lang='lat' dir='ltr'><strong>Quis</strong></span> <span class='ocrx_word' id='word_1_681' title='bbox 2285 4864 2340 4915; x_wconf 89' lang='lat' dir='ltr'><strong>te</strong></span> <span class='ocrx_word' id='word_1_682' title='bbox 2371 4865 2568 4916; x_wconf 83' lang='lat' dir='ltr'><strong>tantus</strong></span> <span class='ocrx_word' id='word_1_683' title='bbox 2598 4878 2814 4916; x_wconf 76' lang='lat' dir='ltr'><strong>mmror</strong></span> <span class='ocrx_word' id='word_1_684' title='bbox 2841 4865 3100 4931; x_wconf 85' lang='lat' dir='ltr'><strong>conﬁcit,</strong></span> <span class='ocrx_word' id='word_1_685' title='bbox 3132 4883 3237 4938; x_wconf 85' lang='lat' dir='ltr'><strong>age</strong></span> <span class='ocrx_word' id='word_1_686' title='bbox 3276 4868 3418 4939; x_wconf 92' lang='lat' dir='ltr'><strong>quid</strong></span> <span class='ocrx_word' id='word_1_687' title='bbox 3450 4871 3720 4940; x_wconf 89' lang='lat' dir='ltr'><strong>quereris</strong></span> <span class='ocrx_word' id='word_1_688' title='bbox 3740 4871 3768 4925; x_wconf 81' lang='lat'><strong>?</strong></span> 
     </span>
    </p>
   </div>
   <div class='ocr_carea' id='block_1_103' title="bbox 2113 4948 3770 5031">
    <p class='ocr_par' dir='ltr' id='par_1_103' title="bbox 2113 4948 3770 5031">
     <span class='ocr_line' id='line_1_103' title="bbox 2113 4948 3770 5031; baseline 0.007 -28"><span class='ocrx_word' id='word_1_689' title='bbox 2113 4948 2254 5019; x_wconf 92' lang='lat' dir='ltr'><strong>quid</strong></span> <span class='ocrx_word' id='word_1_690' title='bbox 2285 4949 2392 5004; x_wconf 89' lang='lat' dir='ltr'><strong>tibi</strong></span> <span class='ocrx_word' id='word_1_691' title='bbox 2425 4950 2582 5020; x_wconf 92' lang='lat' dir='ltr'><strong>quod</strong></span> <span class='ocrx_word' id='word_1_692' title='bbox 2616 4950 2800 5006; x_wconf 90' lang='lat' dir='ltr'><strong>nolles</strong></span> <span class='ocrx_word' id='word_1_693' title='bbox 2830 4954 3132 5026; x_wconf 86' lang='lat' dir='ltr'><strong>contigit?</strong></span> <span class='ocrx_word' id='word_1_694' title='bbox 3181 4955 3508 5024; x_wconf 87' lang='lat' dir='ltr'><strong>Enimvero,</strong></span> <span class='ocrx_word' id='word_1_695' title='bbox 3570 4960 3770 5031; x_wconf 90' lang='lat' dir='ltr'><strong>inquit</strong></span> 
     </span>
    </p>
   </div>
   <div class='ocr_carea' id='block_1_104' title="bbox 2113 5037 3772 5121">
    <p class='ocr_par' dir='ltr' id='par_1_104' title="bbox 2113 5037 3772 5121">
     <span class='ocr_line' id='line_1_104' title="bbox 2113 5037 3772 5121; baseline 0.008 -29"><span class='ocrx_word' id='word_1_696' title='bbox 2113 5037 2236 5108; x_wconf 88' lang='lat' dir='ltr'><strong>illa,</strong></span> <span class='ocrx_word' id='word_1_697' title='bbox 2300 5040 2594 5109; x_wconf 89' lang='lat' dir='ltr'><strong>quomodo</strong></span> <span class='ocrx_word' id='word_1_698' title='bbox 2653 5057 2767 5095; x_wconf 90' lang='lat' dir='ltr'><strong>non</strong></span> <span class='ocrx_word' id='word_1_699' title='bbox 2826 5041 3024 5111; x_wconf 86' lang='lat' dir='ltr'><strong>ﬂeam,</strong></span> <span class='ocrx_word' id='word_1_700' title='bbox 3086 5045 3334 5113; x_wconf 89' lang='lat' dir='ltr'><strong>utulem,</strong></span> <span class='ocrx_word' id='word_1_701' title='bbox 3405 5064 3524 5103; x_wconf 90' lang='lat' dir='ltr'><strong>non</strong></span> <span class='ocrx_word' id='word_1_702' title='bbox 3606 5049 3772 5121; x_wconf 89' lang='lat' dir='ltr'><strong>plan-</strong></span> 
     </span>
    </p>
   </div>
   <div class='ocr_carea' id='block_1_105' title="bbox 2115 5129 3773 5198">
    <p class='ocr_par' dir='ltr' id='par_1_105' title="bbox 2115 5129 3773 5198">
     <span class='ocr_line' id='line_1_105' title="bbox 2115 5129 3773 5198; baseline 0.008 -18"><span class='ocrx_word' id='word_1_703' title='bbox 2115 5143 2272 5198; x_wconf 86' lang='lat' dir='ltr'><strong>gam,</strong></span> <span class='ocrx_word' id='word_1_704' title='bbox 2343 5144 2468 5198; x_wconf 74' lang='lat' dir='ltr'><strong>quis</strong></span> <span class='ocrx_word' id='word_1_705' title='bbox 2543 5129 2689 5184; x_wconf 91' lang='lat' dir='ltr'><strong>duos</strong></span> <span class='ocrx_word' id='word_1_706' title='bbox 2757 5130 2984 5186; x_wconf 88' lang='lat' dir='ltr'><strong>catulos</strong></span> <span class='ocrx_word' id='word_1_707' title='bbox 3049 5135 3410 5190; x_wconf 84' lang='lat' dir='ltr'><strong>amiserim?</strong></span> <span class='ocrx_word' id='word_1_708' title='bbox 3469 5137 3586 5193; x_wconf 88' lang='lat' dir='ltr'><strong>Hos</strong></span> <span class='ocrx_word' id='word_1_709' title='bbox 3682 5156 3773 5194; x_wconf 85' lang='lat' dir='ltr'><strong>re-</strong></span> 
     </span>
    </p>
   </div>
   <div class='ocr_carea' id='block_1_106' title="bbox 2112 5214 3774 5286">
    <p class='ocr_par' dir='ltr' id='par_1_106' title="bbox 2112 5214 3774 5286">
     <span class='ocr_line' id='line_1_106' title="bbox 2112 5214 3774 5286; baseline 0.009 -18"><span class='ocrx_word' id='word_1_710' title='bbox 2112 5214 2397 5286; x_wconf 89' lang='lat' dir='ltr'><strong>liqueram</strong></span> <span class='ocrx_word' id='word_1_711' title='bbox 2418 5216 2793 5273; x_wconf 90' lang='lat' dir='ltr'><strong>absconditos</strong></span> <span class='ocrx_word' id='word_1_712' title='bbox 2816 5219 2874 5274; x_wconf 94' lang='lat' dir='ltr'><strong>in</strong></span> <span class='ocrx_word' id='word_1_713' title='bbox 2899 5222 3267 5279; x_wconf 89' lang='lat' dir='ltr'><strong>arundineto.</strong></span> <span class='ocrx_word' id='word_1_714' title='bbox 3295 5225 3546 5282; x_wconf 82' lang='lat' dir='ltr'><strong>Venator</strong></span> <span class='ocrx_word' id='word_1_715' title='bbox 3567 5232 3774 5283; x_wconf 86' lang='lat' dir='ltr'><strong>autem</strong></span> 
     </span>
    </p>
   </div>
   <div class='ocr_carea' id='block_1_107' title="bbox 2113 5303 3776 5383">
    <p class='ocr_par' dir='ltr' id='par_1_107' title="bbox 2113 5303 3776 5383">
     <span class='ocr_line' id='line_1_107' title="bbox 2113 5303 3776 5383; baseline 0.009 -25"><span class='ocrx_word' id='word_1_716' title='bbox 2113 5303 2352 5375; x_wconf 89' lang='lat' dir='ltr'><strong>quidam</strong></span> <span class='ocrx_word' id='word_1_717' title='bbox 2386 5303 2506 5360; x_wconf 92' lang='lat' dir='ltr'><strong>illic</strong></span> <span class='ocrx_word' id='word_1_718' title='bbox 2529 5309 2786 5375; x_wconf 90' lang='lat' dir='ltr'><strong>repertos</strong></span> <span class='ocrx_word' id='word_1_719' title='bbox 2819 5307 2949 5375; x_wconf 91' lang='lat' dir='ltr'><strong>(heu</strong></span> <span class='ocrx_word' id='word_1_720' title='bbox 2987 5311 3125 5366; x_wconf 87' lang='lat' dir='ltr'><strong>mibi</strong></span> <span class='ocrx_word' id='word_1_721' title='bbox 3162 5310 3199 5382; x_wconf 87' lang='lat'><strong>!)</strong></span> <span class='ocrx_word' id='word_1_722' title='bbox 3251 5313 3485 5383; x_wconf 89' lang='lat' dir='ltr'><strong>occidit,</strong></span> <span class='ocrx_word' id='word_1_723' title='bbox 3546 5321 3606 5371; x_wconf 91' lang='lat' dir='ltr'><strong>et</strong></span> <span class='ocrx_word' id='word_1_724' title='bbox 3665 5334 3776 5373; x_wconf 82' lang='lat' dir='ltr'><strong>nu-</strong></span> 
     </span>
    </p>
   </div>
   <div class='ocr_carea' id='block_1_108' title="bbox 2113 5393 3777 5466">
    <p class='ocr_par' dir='ltr' id='par_1_108' title="bbox 2113 5393 3777 5466">
     <span class='ocr_line' id='line_1_108' title="bbox 2113 5393 3777 5466; baseline 0.007 -18"><span class='ocrx_word' id='word_1_725' title='bbox 2113 5395 2382 5449; x_wconf 86' lang='lat' dir='ltr'><strong>datarum</strong></span> <span class='ocrx_word' id='word_1_726' title='bbox 2416 5393 2681 5449; x_wconf 87' lang='lat' dir='ltr'><strong>carnium</strong></span> <span class='ocrx_word' id='word_1_727' title='bbox 2708 5395 2889 5466; x_wconf 90' lang='lat' dir='ltr'><strong>pelles</strong></span> <span class='ocrx_word' id='word_1_728' title='bbox 2944 5400 3215 5458; x_wconf 86' lang='lat' dir='ltr'><strong>auferens</strong></span> <span class='ocrx_word' id='word_1_729' title='bbox 3272 5403 3435 5459; x_wconf 88' lang='lat' dir='ltr'><strong>abiit.</strong></span> <span class='ocrx_word' id='word_1_730' title='bbox 3498 5404 3658 5459; x_wconf 89' lang='lat' dir='ltr'><strong>Dixit</strong></span> <span class='ocrx_word' id='word_1_731' title='bbox 3713 5407 3777 5460; x_wconf 86' lang='lat' dir='ltr'><strong>ei</strong></span> 
     </span>
    </p>
   </div>
   <div class='ocr_carea' id='block_1_109' title="bbox 2114 5482 3772 5553">
    <p class='ocr_par' dir='ltr' id='par_1_109' title="bbox 2114 5482 3772 5553">
     <span class='ocr_line' id='line_1_109' title="bbox 2114 5482 3772 5553; baseline 0.007 -15"><span class='ocrx_word' id='word_1_732' title='bbox 2114 5500 2253 5539; x_wconf 86' lang='lat' dir='ltr'><strong>ursa</strong></span> <span class='ocrx_word' id='word_1_733' title='bbox 2287 5498 2299 5536; x_wconf 90' lang='lat'><strong>:</strong></span> <span class='ocrx_word' id='word_1_734' title='bbox 2329 5482 2527 5553; x_wconf 79' lang='lat' dir='ltr'><strong>Atqui.</strong></span> <span class='ocrx_word' id='word_1_735' title='bbox 2556 5484 2766 5552; x_wconf 86' lang='lat' dir='ltr'><strong>amica,</strong></span> <span class='ocrx_word' id='word_1_736' title='bbox 2799 5485 2948 5542; x_wconf 78' lang='lat' dir='ltr'><strong>ferre</strong></span> <span class='ocrx_word' id='word_1_737' title='bbox 2983 5492 3034 5543; x_wconf 89' lang='lat' dir='ltr'><strong>te</strong></span> <span class='ocrx_word' id='word_1_738' title='bbox 3066 5489 3222 5544; x_wconf 90' lang='lat' dir='ltr'><strong>hunc</strong></span> <span class='ocrx_word' id='word_1_739' title='bbox 3253 5508 3457 5547; x_wconf 87' lang='lat' dir='ltr'><strong>casum</strong></span> <span class='ocrx_word' id='word_1_740' title='bbox 3496 5509 3566 5548; x_wconf 92' lang='lat' dir='ltr'><strong>eo</strong></span> <span class='ocrx_word' id='word_1_741' title='bbox 3613 5510 3772 5548; x_wconf 87' lang='lat' dir='ltr'><strong>con-</strong></span> 
     </span>
    </p>
   </div>
   <div class='ocr_carea' id='block_1_110' title="bbox 2114 5571 3770 5644">
    <p class='ocr_par' dir='ltr' id='par_1_110' title="bbox 2114 5571 3770 5644">
     <span class='ocr_line' id='line_1_110' title="bbox 2114 5571 3770 5644; baseline 0.007 -18"><span class='ocrx_word' id='word_1_742' title='bbox 2114 5571 2371 5628; x_wconf 85' lang='lat' dir='ltr'><strong>stantius</strong></span> <span class='ocrx_word' id='word_1_743' title='bbox 2403 5589 2507 5643; x_wconf 89' lang='lat' dir='ltr'><strong>par</strong></span> <span class='ocrx_word' id='word_1_744' title='bbox 2535 5576 2645 5642; x_wconf 84' lang='lat' dir='ltr'><strong>est,</strong></span> <span class='ocrx_word' id='word_1_745' title='bbox 2678 5575 2834 5644; x_wconf 90' lang='lat' dir='ltr'><strong>quod</strong></span> <span class='ocrx_word' id='word_1_746' title='bbox 2864 5592 2998 5632; x_wconf 89' lang='lat' dir='ltr'><strong>eum</strong></span> <span class='ocrx_word' id='word_1_747' title='bbox 3032 5579 3266 5635; x_wconf 90' lang='lat' dir='ltr'><strong>conscia</strong></span> <span class='ocrx_word' id='word_1_748' title='bbox 3293 5582 3400 5636; x_wconf 89' lang='lat' dir='ltr'><strong>tibi</strong></span> <span class='ocrx_word' id='word_1_749' title='bbox 3425 5599 3487 5638; x_wconf 90' lang='lat' dir='ltr'><strong>es</strong></span> <span class='ocrx_word' id='word_1_750' title='bbox 3511 5585 3770 5638; x_wconf 89' lang='lat' dir='ltr'><strong>merenti</strong></span> 
     </span>
    </p>
   </div>
  </div>
