  <div class='ocr_page' id='page_1' title='image "/cluster/home/n/w/nwhite01/storage/ocr_20150623/143/hvd.32044073502585/684.png"; bbox 0 0 3984 6202; ppageno 0'>
   <div class='ocr_carea' id='block_1_1' title="bbox 277 384 413 441">
    <p class='ocr_par' dir='ltr' id='par_1_1' title="bbox 277 384 413 441">
     <span class='ocr_line' id='line_1_1' title="bbox 277 384 413 441; baseline 0.015 -1"><span class='ocrx_word' id='word_1_1' title='bbox 277 384 413 441; x_wconf 85' lang='grc'><strong>1353</strong></span> 
     </span>
    </p>
   </div>
   <div class='ocr_carea' id='block_1_2' title="bbox 1296 376 2669 440">
    <p class='ocr_par' dir='ltr' id='par_1_2' title="bbox 1296 376 2669 440">
     <span class='ocr_line' id='line_1_2' title="bbox 1296 376 2669 440; baseline 0.007 -8"><span class='ocrx_word' id='word_1_2' title='bbox 1296 376 1652 432; x_wconf 78' lang='lat' dir='ltr'>SPECIMEN</span> <span class='ocrx_word' id='word_1_3' title='bbox 1691 376 2094 432; x_wconf 74' lang='grc' dir='ltr'>ΒΔΡῙΕΝΤΙΕ</span> <span class='ocrx_word' id='word_1_4' title='bbox 2132 380 2468 439; x_wconf 80' lang='grc' dir='ltr'>ΙΝΟΟΒΠΜ</span> <span class='ocrx_word' id='word_1_5' title='bbox 2504 385 2669 440; x_wconf 76' lang='grc' dir='ltr'>νΕτ.</span> 
     </span>
    </p>
   </div>
   <div class='ocr_carea' id='block_1_3' title="bbox 3553 389 3690 446">
    <p class='ocr_par' dir='ltr' id='par_1_3' title="bbox 3553 389 3690 446">
     <span class='ocr_line' id='line_1_3' title="bbox 3553 389 3690 446; baseline 0.015 -2"><span class='ocrx_word' id='word_1_6' title='bbox 3553 389 3690 446; x_wconf 81' lang='grc'>1354</span> 
     </span>
    </p>
   </div>
   <div class='ocr_carea' id='block_1_4' title="bbox 272 502 3690 588">
    <p class='ocr_par' dir='ltr' id='par_1_4' title="bbox 272 502 3690 588">
     <span class='ocr_line' id='line_1_4' title="bbox 272 502 3690 588; baseline -0.001 -18"><span class='ocrx_word' id='word_1_7' title='bbox 272 511 614 582; x_wconf 80' lang='lat' dir='ltr'>contigisse,</span> <span class='ocrx_word' id='word_1_8' title='bbox 649 521 785 562; x_wconf 92' lang='lat' dir='ltr'>nam</span> <span class='ocrx_word' id='word_1_9' title='bbox 818 505 1021 560; x_wconf 88' lang='lat' dir='ltr'>eadem</span> <span class='ocrx_word' id='word_1_10' title='bbox 1055 518 1182 573; x_wconf 84' lang='lat' dir='ltr'>quae</span> <span class='ocrx_word' id='word_1_11' title='bbox 1214 502 1406 558; x_wconf 81' lang='lat' dir='ltr'>fecisti</span> <span class='ocrx_word' id='word_1_12' title='bbox 1439 519 1613 573; x_wconf 88' lang='lat' dir='ltr'>passa</span> <span class='ocrx_word' id='word_1_13' title='bbox 1651 517 1732 557; x_wconf 90' lang='lat' dir='ltr'>es.</span> <span class='ocrx_word' id='word_1_14' title='bbox 1778 503 1928 565; x_wconf 88' lang='lat' dir='ltr'>Quo-</span> <span class='ocrx_word' id='word_1_15' title='bbox 1960 507 2011 568; x_wconf 81' lang='grc' dir='ltr'>Α</span> <span class='ocrx_word' id='word_1_16' title='bbox 2044 504 2320 574; x_wconf 86' lang='lat' dir='ltr'>profecto,</span> <span class='ocrx_word' id='word_1_17' title='bbox 2373 506 2568 579; x_wconf 85' lang='lat' dir='ltr'>inquit</span> <span class='ocrx_word' id='word_1_18' title='bbox 2623 509 2843 578; x_wconf 69' lang='lat' dir='ltr'>leaena;</span> <span class='ocrx_word' id='word_1_19' title='bbox 2904 510 2997 566; x_wconf 92' lang='lat' dir='ltr'>cui</span> <span class='ocrx_word' id='word_1_20' title='bbox 3074 527 3233 578; x_wconf 91' lang='lat' dir='ltr'>ursa,</span> <span class='ocrx_word' id='word_1_21' title='bbox 3291 512 3440 576; x_wconf 85' lang='lat' dir='ltr'>Quid</span> <span class='ocrx_word' id='word_1_22' title='bbox 3507 515 3690 588; x_wconf 81' lang='lat' dir='ltr'>igitur</span> 
     </span>
    </p>
   </div>
   <div class='ocr_carea' id='block_1_5' title="bbox 270 591 1926 667">
    <p class='ocr_par' dir='ltr' id='par_1_5' title="bbox 270 591 1926 667">
     <span class='ocr_line' id='line_1_5' title="bbox 270 591 1926 667; baseline -0.008 -9"><span class='ocrx_word' id='word_1_23' title='bbox 270 602 430 658; x_wconf 88' lang='lat' dir='ltr'>circa</span> <span class='ocrx_word' id='word_1_24' title='bbox 462 598 702 654; x_wconf 89' lang='lat' dir='ltr'>modum</span> <span class='ocrx_word' id='word_1_25' title='bbox 734 610 917 667; x_wconf 90' lang='lat' dir='ltr'>ponas</span> <span class='ocrx_word' id='word_1_26' title='bbox 971 591 1226 649; x_wconf 90' lang='lat' dir='ltr'>luctibus</span> <span class='ocrx_word' id='word_1_27' title='bbox 1257 607 1487 661; x_wconf 83' lang='lat' dir='ltr'>censeo,</span> <span class='ocrx_word' id='word_1_28' title='bbox 1538 608 1601 645; x_wconf 91' lang='lat' dir='ltr'>ac</span> <span class='ocrx_word' id='word_1_29' title='bbox 1646 594 1926 661; x_wconf 85' lang='lat' dir='ltr'>reputans</span> 
     </span>
    </p>
   </div>
   <div class='ocr_carea' id='block_1_6' title="bbox 271 679 1924 760">
    <p class='ocr_par' dir='ltr' id='par_1_6' title="bbox 271 679 1924 760">
     <span class='ocr_line' id='line_1_6' title="bbox 271 679 1924 760; baseline -0.008 -13"><span class='ocrx_word' id='word_1_30' title='bbox 271 694 467 746; x_wconf 80' lang='lat' dir='ltr'>tecum</span> <span class='ocrx_word' id='word_1_31' title='bbox 495 703 674 760; x_wconf 90' lang='lat' dir='ltr'>quam</span> <span class='ocrx_word' id='word_1_32' title='bbox 697 683 914 741; x_wconf 82' lang='lat' dir='ltr'>multas</span> <span class='ocrx_word' id='word_1_33' title='bbox 948 686 1004 738; x_wconf 91' lang='lat' dir='ltr'>et</span> <span class='ocrx_word' id='word_1_34' title='bbox 1035 683 1163 753; x_wconf 90' lang='lat' dir='ltr'>ipsa</span> <span class='ocrx_word' id='word_1_35' title='bbox 1213 685 1431 736; x_wconf 79' lang='lat' dir='ltr'>matres</span> <span class='ocrx_word' id='word_1_36' title='bbox 1475 681 1646 735; x_wconf 88' lang='lat' dir='ltr'>orbas</span> <span class='ocrx_word' id='word_1_37' title='bbox 1698 679 1924 748; x_wconf 81' lang='lat' dir='ltr'>feceris,</span> 
     </span>
    </p>
   </div>
   <div class='ocr_carea' id='block_1_7' title="bbox 277 768 1923 847">
    <p class='ocr_par' dir='ltr' id='par_1_7' title="bbox 277 768 1923 847">
     <span class='ocr_line' id='line_1_7' title="bbox 277 768 1923 847; baseline -0.009 -11"><span class='ocrx_word' id='word_1_38' title='bbox 277 777 778 847; x_wconf 85' lang='lat' dir='ltr'>orbitatemjusta</span> <span class='ocrx_word' id='word_1_39' title='bbox 806 773 926 828; x_wconf 87' lang='lat' dir='ltr'>vice</span> <span class='ocrx_word' id='word_1_40' title='bbox 974 771 1081 826; x_wconf 87' lang='lat' dir='ltr'>tibi</span> <span class='ocrx_word' id='word_1_41' title='bbox 1120 786 1425 841; x_wconf 88' lang='lat' dir='ltr'>repensam</span> <span class='ocrx_word' id='word_1_42' title='bbox 1473 769 1610 825; x_wconf 91' lang='lat' dir='ltr'>boni</span> <span class='ocrx_word' id='word_1_43' title='bbox 1662 768 1923 835; x_wconf 83' lang='lat' dir='ltr'>consule,</span> 
     </span>
    </p>
   </div>
   <div class='ocr_carea' id='block_1_8' title="bbox 279 857 1929 940">
    <p class='ocr_par' dir='ltr' id='par_1_8' title="bbox 279 857 1929 940">
     <span class='ocr_line' id='line_1_8' title="bbox 279 857 1929 940; baseline -0.008 -14"><span class='ocrx_word' id='word_1_44' title='bbox 279 874 380 926; x_wconf 88' lang='lat' dir='ltr'>aut</span> <span class='ocrx_word' id='word_1_45' title='bbox 432 867 720 940; x_wconf 78' lang='lat' dir='ltr'>patienter</span> <span class='ocrx_word' id='word_1_46' title='bbox 774 862 982 920; x_wconf 77' lang='lat' dir='ltr'>saltem</span> <span class='ocrx_word' id='word_1_47' title='bbox 1040 859 1254 916; x_wconf 90' lang='lat' dir='ltr'>tolera.</span> <span class='ocrx_word' id='word_1_48' title='bbox 1309 859 1534 915; x_wconf 90' lang='lat' dir='ltr'>Usitata</span> <span class='ocrx_word' id='word_1_49' title='bbox 1598 857 1816 929; x_wconf 90' lang='lat' dir='ltr'>pateris</span> <span class='ocrx_word' id='word_1_50' title='bbox 1872 860 1929 912; x_wconf 91' lang='lat' dir='ltr'>et</span> 
     </span>
    </p>
   </div>
   <div class='ocr_carea' id='block_1_9' title="bbox 279 949 1925 1030">
    <p class='ocr_par' dir='ltr' id='par_1_9' title="bbox 279 949 1925 1030">
     <span class='ocr_line' id='line_1_9' title="bbox 279 949 1925 1030; baseline -0.009 -14"><span class='ocrx_word' id='word_1_51' title='bbox 279 974 484 1030; x_wconf 57' lang='lat' dir='ltr'>aequa:</span> <span class='ocrx_word' id='word_1_52' title='bbox 537 961 749 1011; x_wconf 74' lang='lat' dir='ltr'>aaterna</span> <span class='ocrx_word' id='word_1_53' title='bbox 801 952 1018 1024; x_wconf 88' lang='lat' dir='ltr'>quippe</span> <span class='ocrx_word' id='word_1_54' title='bbox 1064 950 1357 1006; x_wconf 84' lang='lat' dir='ltr'>sancitum</span> <span class='ocrx_word' id='word_1_55' title='bbox 1401 949 1548 1021; x_wconf 85' lang='lat' dir='ltr'>lege,</span> <span class='ocrx_word' id='word_1_56' title='bbox 1595 949 1812 1019; x_wconf 91' lang='lat' dir='ltr'>ubique</span> <span class='ocrx_word' id='word_1_57' title='bbox 1861 962 1925 1002; x_wconf 91' lang='lat' dir='ltr'>ac</span> 
     </span>
    </p>
   </div>
   <div class='ocr_carea' id='block_1_10' title="bbox 284 1037 1927 1120">
    <p class='ocr_par' dir='ltr' id='par_1_10' title="bbox 284 1037 1927 1120">
     <span class='ocr_line' id='line_1_10' title="bbox 284 1037 1927 1120; baseline -0.009 -14"><span class='ocrx_word' id='word_1_58' title='bbox 284 1065 513 1120; x_wconf 83' lang='lat' dir='ltr'>semper</span> <span class='ocrx_word' id='word_1_59' title='bbox 558 1045 747 1102; x_wconf 84' lang='lat' dir='ltr'>serius</span> <span class='ocrx_word' id='word_1_60' title='bbox 784 1043 948 1099; x_wconf 81' lang='lat' dir='ltr'>ocius</span> <span class='ocrx_word' id='word_1_61' title='bbox 997 1042 1096 1106; x_wconf 87' lang='lat' dir='ltr'>sit,</span> <span class='ocrx_word' id='word_1_62' title='bbox 1145 1046 1208 1094; x_wconf 93' lang='lat' dir='ltr'>ut</span> <span class='ocrx_word' id='word_1_63' title='bbox 1257 1057 1383 1111; x_wconf 67' lang='lat' dir='ltr'>quae</span> <span class='ocrx_word' id='word_1_64' title='bbox 1433 1037 1584 1094; x_wconf 89' lang='lat' dir='ltr'>male</span> <span class='ocrx_word' id='word_1_65' title='bbox 1616 1038 1750 1109; x_wconf 91' lang='lat' dir='ltr'>quis</span> <span class='ocrx_word' id='word_1_66' title='bbox 1782 1037 1927 1092; x_wconf 86' lang='lat' dir='ltr'>dixit</span> 
     </span>
    </p>
   </div>
   <div class='ocr_carea' id='block_1_11' title="bbox 283 1127 1924 1208">
    <p class='ocr_par' dir='ltr' id='par_1_11' title="bbox 283 1127 1924 1208">
     <span class='ocr_line' id='line_1_11' title="bbox 283 1127 1924 1208; baseline -0.012 -11"><span class='ocrx_word' id='word_1_67' title='bbox 283 1138 521 1205; x_wconf 85' lang='lat' dir='ltr'>audiat;</span> <span class='ocrx_word' id='word_1_68' title='bbox 555 1153 682 1208; x_wconf 86' lang='lat' dir='ltr'>quae</span> <span class='ocrx_word' id='word_1_69' title='bbox 713 1133 866 1204; x_wconf 87' lang='lat' dir='ltr'>fecit,</span> <span class='ocrx_word' id='word_1_70' title='bbox 900 1132 1078 1186; x_wconf 81' lang='lat' dir='ltr'>ferat:</span> <span class='ocrx_word' id='word_1_71' title='bbox 1132 1146 1260 1202; x_wconf 77' lang='lat' dir='ltr'>quaa</span> <span class='ocrx_word' id='word_1_72' title='bbox 1309 1127 1686 1184; x_wconf 82' lang='lat' dir='ltr'>seminaverit</span> <span class='ocrx_word' id='word_1_73' title='bbox 1725 1129 1924 1194; x_wconf 88' lang='lat' dir='ltr'>metat,</span> 
     </span>
    </p>
   </div>
   <div class='ocr_carea' id='block_1_12' title="bbox 289 1213 1927 1302">
    <p class='ocr_par' dir='ltr' id='par_1_12' title="bbox 289 1213 1927 1302">
     <span class='ocr_line' id='line_1_12' title="bbox 289 1213 1927 1302; baseline -0.009 -18"><span class='ocrx_word' id='word_1_74' title='bbox 289 1243 519 1302; x_wconf 90' lang='lat' dir='ltr'>quaque</span> <span class='ocrx_word' id='word_1_75' title='bbox 569 1239 844 1280; x_wconf 85' lang='lat' dir='ltr'>mensura</span> <span class='ocrx_word' id='word_1_76' title='bbox 887 1237 1127 1278; x_wconf 90' lang='lat' dir='ltr'>mensus</span> <span class='ocrx_word' id='word_1_77' title='bbox 1182 1217 1313 1275; x_wconf 90' lang='lat' dir='ltr'>aliis</span> <span class='ocrx_word' id='word_1_78' title='bbox 1353 1217 1547 1284; x_wconf 83' lang='lat' dir='ltr'>fuerit,</span> <span class='ocrx_word' id='word_1_79' title='bbox 1579 1216 1782 1271; x_wconf 92' lang='lat' dir='ltr'>eadem</span> <span class='ocrx_word' id='word_1_80' title='bbox 1812 1213 1927 1286; x_wconf 89' lang='lat' dir='ltr'>ipsi</span> 
     </span>
    </p>
   </div>
   <div class='ocr_carea' id='block_1_13' title="bbox 289 1305 1925 1384">
    <p class='ocr_par' dir='ltr' id='par_1_13' title="bbox 289 1305 1925 1384">
     <span class='ocr_line' id='line_1_13' title="bbox 289 1305 1925 1384; baseline -0.01 -10"><span class='ocrx_word' id='word_1_81' title='bbox 289 1316 645 1382; x_wconf 85' lang='lat' dir='ltr'>remetiatur;</span> <span class='ocrx_word' id='word_1_82' title='bbox 704 1312 955 1384; x_wconf 90' lang='lat' dir='ltr'>denique</span> <span class='ocrx_word' id='word_1_83' title='bbox 1003 1311 1103 1382; x_wconf 87' lang='lat' dir='ltr'>qui</span> <span class='ocrx_word' id='word_1_84' title='bbox 1164 1309 1408 1372; x_wconf 89' lang='lat' dir='ltr'>foveam,</span> <span class='ocrx_word' id='word_1_85' title='bbox 1476 1306 1578 1378; x_wconf 92' lang='lat' dir='ltr'>qui</span> <span class='ocrx_word' id='word_1_86' title='bbox 1625 1305 1925 1376; x_wconf 89' lang='lat' dir='ltr'>laqueum,</span> 
     </span>
    </p>
   </div>
   <div class='ocr_carea' id='block_1_14' title="bbox 289 1395 1926 1478">
    <p class='ocr_par' dir='ltr' id='par_1_14' title="bbox 289 1395 1926 1478">
     <span class='ocr_line' id='line_1_14' title="bbox 289 1395 1926 1478; baseline -0.008 -16"><span class='ocrx_word' id='word_1_87' title='bbox 289 1407 384 1478; x_wconf 88' lang='lat' dir='ltr'>qui</span> <span class='ocrx_word' id='word_1_88' title='bbox 408 1406 606 1461; x_wconf 87' lang='lat' dir='ltr'>dolum</span> <span class='ocrx_word' id='word_1_89' title='bbox 639 1401 906 1475; x_wconf 89' lang='lat' dir='ltr'>quemvis</span> <span class='ocrx_word' id='word_1_90' title='bbox 933 1401 993 1457; x_wconf 84' lang='lat' dir='ltr'>in</span> <span class='ocrx_word' id='word_1_91' title='bbox 1026 1399 1309 1454; x_wconf 88' lang='lat' dir='ltr'>damnum</span> <span class='ocrx_word' id='word_1_92' title='bbox 1341 1396 1583 1452; x_wconf 86' lang='lat' dir='ltr'>alterius</span> <span class='ocrx_word' id='word_1_93' title='bbox 1615 1395 1926 1468; x_wconf 86' lang='lat' dir='ltr'>paraverit,</span> 
     </span>
    </p>
   </div>
   <div class='ocr_carea' id='block_1_15' title="bbox 283 1481 1926 1563">
    <p class='ocr_par' dir='ltr' id='par_1_15' title="bbox 283 1481 1926 1563">
     <span class='ocr_line' id='line_1_15' title="bbox 283 1481 1926 1563; baseline -0.009 -12"><span class='ocrx_word' id='word_1_94' title='bbox 283 1493 576 1551; x_wconf 87' lang='lat' dir='ltr'>similibus</span> <span class='ocrx_word' id='word_1_95' title='bbox 609 1481 966 1563; x_wconf 88' lang='lat' dir='ltr'>quandoque</span> <span class='ocrx_word' id='word_1_96' title='bbox 1023 1485 1515 1544; x_wconf 88' lang='lat' dir='ltr'>circumveniatur</span> <span class='ocrx_word' id='word_1_97' title='bbox 1555 1484 1812 1540; x_wconf 87' lang='lat' dir='ltr'>insidiis.</span> <span class='ocrx_word' id='word_1_98' title='bbox 1848 1482 1926 1538; x_wconf 78' lang='lat' dir='ltr'>Ad</span> 
     </span>
    </p>
   </div>
   <div class='ocr_carea' id='block_1_16' title="bbox 280 1573 1926 1647">
    <p class='ocr_par' dir='ltr' id='par_1_16' title="bbox 280 1573 1926 1647">
     <span class='ocr_line' id='line_1_16' title="bbox 280 1573 1926 1647; baseline -0.008 -7"><span class='ocrx_word' id='word_1_99' title='bbox 280 1600 348 1640; x_wconf 88' lang='lat' dir='ltr'>ea</span> <span class='ocrx_word' id='word_1_100' title='bbox 374 1582 560 1639; x_wconf 68' lang='lat' dir='ltr'>leaena</span> <span class='ocrx_word' id='word_1_101' title='bbox 604 1597 741 1636; x_wconf 90' lang='lat' dir='ltr'>vero</span> <span class='ocrx_word' id='word_1_102' title='bbox 792 1579 966 1645; x_wconf 90' lang='lat' dir='ltr'>victa,</span> <span class='ocrx_word' id='word_1_103' title='bbox 1015 1577 1204 1647; x_wconf 79' lang='lat' dir='ltr'>Recte,</span> <span class='ocrx_word' id='word_1_104' title='bbox 1241 1574 1455 1647; x_wconf 83' lang='lat' dir='ltr'>inquit,</span> <span class='ocrx_word' id='word_1_105' title='bbox 1505 1589 1730 1629; x_wconf 91' lang='lat' dir='ltr'>mones.</span> <span class='ocrx_word' id='word_1_106' title='bbox 1775 1573 1926 1627; x_wconf 91' lang='lat' dir='ltr'>Tum</span> 
     </span>
    </p>
   </div>
   <div class='ocr_carea' id='block_1_17' title="bbox 282 1661 1929 1742">
    <p class='ocr_par' dir='ltr' id='par_1_17' title="bbox 282 1661 1929 1742">
     <span class='ocr_line' id='line_1_17' title="bbox 282 1661 1929 1742; baseline -0.008 -13"><span class='ocrx_word' id='word_1_107' title='bbox 282 1689 442 1742; x_wconf 87' lang='lat' dir='ltr'>ursa,</span> <span class='ocrx_word' id='word_1_108' title='bbox 471 1671 598 1740; x_wconf 84' lang='lat' dir='ltr'>Dic,</span> <span class='ocrx_word' id='word_1_109' title='bbox 624 1669 834 1726; x_wconf 90' lang='lat' dir='ltr'>amabo</span> <span class='ocrx_word' id='word_1_110' title='bbox 887 1671 967 1736; x_wconf 91' lang='lat' dir='ltr'>te,</span> <span class='ocrx_word' id='word_1_111' title='bbox 998 1670 1142 1737; x_wconf 92' lang='lat' dir='ltr'>quot</span> <span class='ocrx_word' id='word_1_112' title='bbox 1188 1681 1462 1720; x_wconf 85' lang='lat' dir='ltr'>numeras</span> <span class='ocrx_word' id='word_1_113' title='bbox 1509 1663 1640 1718; x_wconf 66' lang='lat' dir='ltr'>vita</span> <span class='ocrx_word' id='word_1_114' title='bbox 1697 1661 1929 1718; x_wconf 82' lang='lat' dir='ltr'>annos?</span> 
     </span>
    </p>
   </div>
   <div class='ocr_carea' id='block_1_18' title="bbox 280 1753 1924 1829">
    <p class='ocr_par' dir='ltr' id='par_1_18' title="bbox 280 1753 1924 1829">
     <span class='ocr_line' id='line_1_18' title="bbox 280 1753 1924 1829; baseline -0.007 -10"><span class='ocrx_word' id='word_1_115' title='bbox 280 1762 432 1819; x_wconf 88' lang='lat' dir='ltr'>Sane</span> <span class='ocrx_word' id='word_1_116' title='bbox 482 1760 721 1829; x_wconf 88' lang='lat' dir='ltr'>multos,</span> <span class='ocrx_word' id='word_1_117' title='bbox 769 1758 851 1814; x_wconf 90' lang='lat' dir='ltr'>ait</span> <span class='ocrx_word' id='word_1_118' title='bbox 897 1756 1115 1825; x_wconf 75' lang='lat' dir='ltr'>leaena;</span> <span class='ocrx_word' id='word_1_119' title='bbox 1170 1757 1226 1811; x_wconf 87' lang='lat' dir='ltr'>et</span> <span class='ocrx_word' id='word_1_120' title='bbox 1273 1771 1434 1824; x_wconf 89' lang='lat' dir='ltr'>ursa,</span> <span class='ocrx_word' id='word_1_121' title='bbox 1500 1753 1619 1809; x_wconf 91' lang='lat' dir='ltr'>Hoc</span> <span class='ocrx_word' id='word_1_122' title='bbox 1672 1768 1924 1823; x_wconf 88' lang='lat' dir='ltr'>quoque,</span> 
     </span>
    </p>
   </div>
   <div class='ocr_carea' id='block_1_19' title="bbox 2036 597 3686 672">
    <p class='ocr_par' dir='ltr' id='par_1_19' title="bbox 2036 597 3686 672">
     <span class='ocr_line' id='line_1_19' title="bbox 2036 597 3686 672; baseline 0.008 -25"><span class='ocrx_word' id='word_1_123' title='bbox 2036 608 2220 648; x_wconf 63' lang='lat' dir='ltr'>causes</span> <span class='ocrx_word' id='word_1_124' title='bbox 2254 597 2479 663; x_wconf 89' lang='lat' dir='ltr'>est,ait,</span> <span class='ocrx_word' id='word_1_125' title='bbox 2512 614 2618 652; x_wconf 91' lang='lat' dir='ltr'>cur</span> <span class='ocrx_word' id='word_1_126' title='bbox 2663 598 2883 654; x_wconf 90' lang='lat' dir='ltr'>nullius</span> <span class='ocrx_word' id='word_1_127' title='bbox 2934 601 3142 672; x_wconf 89' lang='lat' dir='ltr'>patris,</span> <span class='ocrx_word' id='word_1_128' title='bbox 3196 600 3423 657; x_wconf 87' lang='lat' dir='ltr'>nullius</span> <span class='ocrx_word' id='word_1_129' title='bbox 3480 608 3686 663; x_wconf 87' lang='lat' dir='ltr'>matris</span> 
     </span>
    </p>
   </div>
   <div class='ocr_carea' id='block_1_20' title="bbox 2036 684 3685 761">
    <p class='ocr_par' dir='ltr' id='par_1_20' title="bbox 2036 684 3685 761">
     <span class='ocr_line' id='line_1_20' title="bbox 2036 684 3685 761; baseline 0.01 -26"><span class='ocrx_word' id='word_1_130' title='bbox 2036 696 2104 736; x_wconf 87' lang='lat' dir='ltr'>ex</span> <span class='ocrx_word' id='word_1_131' title='bbox 2128 686 2248 737; x_wconf 89' lang='lat' dir='ltr'>tam</span> <span class='ocrx_word' id='word_1_132' title='bbox 2301 684 2501 740; x_wconf 91' lang='lat' dir='ltr'>multis</span> <span class='ocrx_word' id='word_1_133' title='bbox 2547 703 2693 757; x_wconf 92' lang='lat' dir='ltr'>quos</span> <span class='ocrx_word' id='word_1_134' title='bbox 2737 689 2948 745; x_wconf 86' lang='lat' dir='ltr'>catulis</span> <span class='ocrx_word' id='word_1_135' title='bbox 2995 690 3236 761; x_wconf 90' lang='lat' dir='ltr'>orbasti,</span> <span class='ocrx_word' id='word_1_136' title='bbox 3276 691 3532 761; x_wconf 89' lang='lat' dir='ltr'>ejulatus</span> <span class='ocrx_word' id='word_1_137' title='bbox 3583 713 3685 751; x_wconf 87' lang='lat' dir='ltr'>au-</span> 
     </span>
    </p>
   </div>
   <div class='ocr_carea' id='block_1_21' title="bbox 2038 771 3687 848">
    <p class='ocr_par' dir='ltr' id='par_1_21' title="bbox 2038 771 3687 848">
     <span class='ocr_line' id='line_1_21' title="bbox 2038 771 3687 848; baseline 0.01 -24"><span class='ocrx_word' id='word_1_138' title='bbox 2038 771 2320 828; x_wconf 76' lang='lat' dir='ltr'>dzamus?</span> <span class='ocrx_word' id='word_1_139' title='bbox 2368 775 2427 829; x_wconf 91' lang='lat' dir='ltr'>Si</span> <span class='ocrx_word' id='word_1_140' title='bbox 2478 790 2615 848; x_wconf 88' lang='lat' dir='ltr'>ergo</span> <span class='ocrx_word' id='word_1_141' title='bbox 2664 777 2748 832; x_wconf 89' lang='lat' dir='ltr'>illi</span> <span class='ocrx_word' id='word_1_142' title='bbox 2777 779 2943 834; x_wconf 88' lang='lat' dir='ltr'>taciti</span> <span class='ocrx_word' id='word_1_143' title='bbox 2987 779 3216 836; x_wconf 90' lang='lat' dir='ltr'>dolores</span> <span class='ocrx_word' id='word_1_144' title='bbox 3283 797 3424 837; x_wconf 90' lang='lat' dir='ltr'>suos</span> <span class='ocrx_word' id='word_1_145' title='bbox 3471 799 3687 840; x_wconf 87' lang='lat' dir='ltr'>conco-</span> 
     </span>
    </p>
   </div>
   <div class='ocr_carea' id='block_1_22' title="bbox 2039 867 3684 942">
    <p class='ocr_par' dir='ltr' id='par_1_22' title="bbox 2039 867 3684 942">
     <span class='ocr_line' id='line_1_22' title="bbox 2039 867 3684 942; baseline 0.009 -28"><span class='ocrx_word' id='word_1_146' title='bbox 2039 867 2250 931; x_wconf 88' lang='lat' dir='ltr'>quunt,</span> <span class='ocrx_word' id='word_1_147' title='bbox 2284 867 2584 935; x_wconf 91' lang='lat' dir='ltr'>utcunque</span> <span class='ocrx_word' id='word_1_148' title='bbox 2614 867 2878 939; x_wconf 88' lang='lat' dir='ltr'>plerique</span> <span class='ocrx_word' id='word_1_149' title='bbox 2909 886 3021 924; x_wconf 91' lang='lat' dir='ltr'>non</span> <span class='ocrx_word' id='word_1_150' title='bbox 3054 869 3280 926; x_wconf 89' lang='lat' dir='ltr'>meritis</span> <span class='ocrx_word' id='word_1_151' title='bbox 3311 871 3551 942; x_wconf 88' lang='lat' dir='ltr'>paribus</span> <span class='ocrx_word' id='word_1_152' title='bbox 3599 874 3684 930; x_wconf 85' lang='lat' dir='ltr'>fa-</span> 
     </span>
    </p>
   </div>
   <div class='ocr_carea' id='block_1_23' title="bbox 2038 949 3684 1033">
    <p class='ocr_par' dir='ltr' id='par_1_23' title="bbox 2038 949 3684 1033">
     <span class='ocr_line' id='line_1_23' title="bbox 2038 949 3684 1033; baseline 0.01 -30"><span class='ocrx_word' id='word_1_153' title='bbox 2038 949 2146 1005; x_wconf 91' lang='lat' dir='ltr'>ctis</span> <span class='ocrx_word' id='word_1_154' title='bbox 2178 950 2376 1008; x_wconf 87' lang='lat' dir='ltr'>clades</span> <span class='ocrx_word' id='word_1_155' title='bbox 2409 970 2567 1021; x_wconf 90' lang='lat' dir='ltr'>suas,</span> <span class='ocrx_word' id='word_1_156' title='bbox 2603 956 2732 1012; x_wconf 89' lang='lat' dir='ltr'>vide</span> <span class='ocrx_word' id='word_1_157' title='bbox 2762 975 2835 1013; x_wconf 92' lang='lat' dir='ltr'>an</span> <span class='ocrx_word' id='word_1_158' title='bbox 2859 975 2973 1014; x_wconf 94' lang='lat' dir='ltr'>non</span> <span class='ocrx_word' id='word_1_159' title='bbox 3005 975 3240 1030; x_wconf 62' lang='lat' dir='ltr'>{equum</span> <span class='ocrx_word' id='word_1_160' title='bbox 3275 960 3353 1015; x_wconf 89' lang='lat' dir='ltr'>sit</span> <span class='ocrx_word' id='word_1_161' title='bbox 3373 965 3430 1016; x_wconf 88' lang='lat' dir='ltr'>te</span> <span class='ocrx_word' id='word_1_162' title='bbox 3462 962 3684 1033; x_wconf 89' lang='lat' dir='ltr'>patien-</span> 
     </span>
    </p>
   </div>
   <div class='ocr_carea' id='block_1_24' title="bbox 2037 1038 3684 1119">
    <p class='ocr_par' dir='ltr' id='par_1_24' title="bbox 2037 1038 3684 1119">
     <span class='ocr_line' id='line_1_24' title="bbox 2037 1038 3684 1119; baseline 0.007 -25"><span class='ocrx_word' id='word_1_163' title='bbox 2037 1038 2157 1094; x_wconf 90' lang='lat' dir='ltr'>tius</span> <span class='ocrx_word' id='word_1_164' title='bbox 2189 1039 2365 1111; x_wconf 92' lang='lat' dir='ltr'>paulo</span> <span class='ocrx_word' id='word_1_165' title='bbox 2397 1042 2547 1098; x_wconf 90' lang='lat' dir='ltr'>ferre</span> <span class='ocrx_word' id='word_1_166' title='bbox 2592 1046 2805 1115; x_wconf 88' lang='lat' dir='ltr'>quibus</span> <span class='ocrx_word' id='word_1_167' title='bbox 2837 1048 3015 1119; x_wconf 89' lang='lat' dir='ltr'>digna</span> <span class='ocrx_word' id='word_1_168' title='bbox 3056 1065 3138 1116; x_wconf 90' lang='lat' dir='ltr'>es,</span> <span class='ocrx_word' id='word_1_169' title='bbox 3172 1065 3277 1104; x_wconf 89' lang='lat' dir='ltr'>nec</span> <span class='ocrx_word' id='word_1_170' title='bbox 3325 1050 3504 1106; x_wconf 89' lang='lat' dir='ltr'>nimis</span> <span class='ocrx_word' id='word_1_171' title='bbox 3536 1052 3684 1107; x_wconf 89' lang='lat' dir='ltr'>indi-</span> 
     </span>
    </p>
   </div>
   <div class='ocr_carea' id='block_1_25' title="bbox 2035 1130 3677 1208">
    <p class='ocr_par' dir='ltr' id='par_1_25' title="bbox 2035 1130 3677 1208">
     <span class='ocr_line' id='line_1_25' title="bbox 2035 1130 3677 1208; baseline 0.009 -25"><span class='ocrx_word' id='word_1_172' title='bbox 2035 1133 2284 1200; x_wconf 87' lang='lat' dir='ltr'>gnanter</span> <span class='ocrx_word' id='word_1_173' title='bbox 2320 1130 2583 1202; x_wconf 88' lang='lat' dir='ltr'>excipere</span> <span class='ocrx_word' id='word_1_174' title='bbox 2613 1134 2684 1189; x_wconf 91' lang='lat' dir='ltr'>ab</span> <span class='ocrx_word' id='word_1_175' title='bbox 2734 1136 3012 1208; x_wconf 86' lang='lat' dir='ltr'>exemplis</span> <span class='ocrx_word' id='word_1_176' title='bbox 3045 1154 3077 1192; x_wconf 89' lang='lat' dir='ltr'>a</span> <span class='ocrx_word' id='word_1_177' title='bbox 3105 1141 3161 1192; x_wconf 89' lang='lat' dir='ltr'>te</span> <span class='ocrx_word' id='word_1_178' title='bbox 3214 1139 3369 1196; x_wconf 90' lang='lat' dir='ltr'>datis</span> <span class='ocrx_word' id='word_1_179' title='bbox 3416 1140 3476 1195; x_wconf 90' lang='lat' dir='ltr'>in</span> <span class='ocrx_word' id='word_1_180' title='bbox 3508 1145 3677 1197; x_wconf 89' lang='lat' dir='ltr'>tuum</span> 
     </span>
    </p>
   </div>
   <div class='ocr_carea' id='block_1_26' title="bbox 2035 1219 3683 1302">
    <p class='ocr_par' dir='ltr' id='par_1_26' title="bbox 2035 1219 3683 1302">
     <span class='ocr_line' id='line_1_26' title="bbox 2035 1219 3683 1302; baseline 0.01 -30"><span class='ocrx_word' id='word_1_181' title='bbox 2035 1219 2216 1274; x_wconf 91' lang='lat' dir='ltr'>semel</span> <span class='ocrx_word' id='word_1_182' title='bbox 2269 1224 2445 1291; x_wconf 90' lang='lat' dir='ltr'>caput</span> <span class='ocrx_word' id='word_1_183' title='bbox 2487 1221 2766 1294; x_wconf 88' lang='lat' dir='ltr'>injuriam</span> <span class='ocrx_word' id='word_1_184' title='bbox 2815 1227 3083 1283; x_wconf 81' lang='lat' dir='ltr'>reﬂexam</span> <span class='ocrx_word' id='word_1_185' title='bbox 3112 1228 3140 1283; x_wconf 79' lang='lat' dir='ltr'>‘I</span> <span class='ocrx_word' id='word_1_186' title='bbox 3188 1229 3359 1299; x_wconf 88' lang='lat' dir='ltr'>Quin,</span> <span class='ocrx_word' id='word_1_187' title='bbox 3414 1234 3576 1302; x_wconf 89' lang='lat' dir='ltr'>puto,</span> <span class='ocrx_word' id='word_1_188' title='bbox 3632 1233 3683 1289; x_wconf 89' lang='lat' dir='ltr'>si</span> 
     </span>
    </p>
   </div>
   <div class='ocr_carea' id='block_1_27' title="bbox 2033 1308 3680 1391">
    <p class='ocr_par' dir='ltr' id='par_1_27' title="bbox 2033 1308 3680 1391">
     <span class='ocr_line' id='line_1_27' title="bbox 2033 1308 3680 1391; baseline 0.01 -30"><span class='ocrx_word' id='word_1_189' title='bbox 2033 1324 2238 1363; x_wconf 91' lang='lat' dir='ltr'>verum</span> <span class='ocrx_word' id='word_1_190' title='bbox 2272 1308 2358 1364; x_wconf 90' lang='lat' dir='ltr'>vis</span> <span class='ocrx_word' id='word_1_191' title='bbox 2389 1310 2604 1380; x_wconf 85' lang='lat' dir='ltr'>dicere,</span> <span class='ocrx_word' id='word_1_192' title='bbox 2645 1313 2940 1386; x_wconf 82' lang='lat' dir='ltr'>fateberis,</span> <span class='ocrx_word' id='word_1_193' title='bbox 2986 1316 3440 1391; x_wconf 89' lang='lat' dir='ltr'>haudquaquam</span> <span class='ocrx_word' id='word_1_194' title='bbox 3470 1324 3526 1375; x_wconf 87' lang='lat' dir='ltr'>te</span> <span class='ocrx_word' id='word_1_195' title='bbox 3556 1324 3680 1376; x_wconf 86' lang='lat' dir='ltr'>tam</span> 
     </span>
    </p>
   </div>
   <div class='ocr_carea' id='block_1_28' title="bbox 2037 1397 3681 1479">
    <p class='ocr_par' dir='ltr' id='par_1_28' title="bbox 2037 1397 3681 1479">
     <span class='ocr_line' id='line_1_28' title="bbox 2037 1397 3681 1479; baseline 0.009 -28"><span class='ocrx_word' id='word_1_196' title='bbox 2037 1397 2263 1453; x_wconf 85' lang='lat' dir='ltr'>facilem</span> <span class='ocrx_word' id='word_1_197' title='bbox 2314 1399 2374 1453; x_wconf 93' lang='lat' dir='ltr'>in</span> <span class='ocrx_word' id='word_1_198' title='bbox 2423 1401 2701 1458; x_wconf 87' lang='lat' dir='ltr'>vexandis</span> <span class='ocrx_word' id='word_1_199' title='bbox 2739 1403 2870 1459; x_wconf 90' lang='lat' dir='ltr'>aliis</span> <span class='ocrx_word' id='word_1_200' title='bbox 2916 1405 3199 1477; x_wconf 83' lang='lat' dir='ltr'>futuram,</span> <span class='ocrx_word' id='word_1_201' title='bbox 3231 1407 3280 1463; x_wconf 90' lang='lat' dir='ltr'>si</span> <span class='ocrx_word' id='word_1_202' title='bbox 3330 1425 3681 1479; x_wconf 88' lang='lat' dir='ltr'>persuasum</span> 
     </span>
    </p>
   </div>
   <div class='ocr_carea' id='block_1_29' title="bbox 2036 1486 3682 1569">
    <p class='ocr_par' dir='ltr' id='par_1_29' title="bbox 2036 1486 3682 1569">
     <span class='ocr_line' id='line_1_29' title="bbox 2036 1486 3682 1569; baseline 0.009 -29"><span class='ocrx_word' id='word_1_203' title='bbox 2036 1486 2347 1543; x_wconf 89' lang='lat' dir='ltr'>habuisses</span> <span class='ocrx_word' id='word_1_204' title='bbox 2377 1488 2514 1544; x_wconf 92' lang='lat' dir='ltr'>hinc</span> <span class='ocrx_word' id='word_1_205' title='bbox 2538 1497 2884 1548; x_wconf 87' lang='lat' dir='ltr'>eventurum</span> <span class='ocrx_word' id='word_1_206' title='bbox 2918 1498 2984 1550; x_wconf 89' lang='lat' dir='ltr'>ut</span> <span class='ocrx_word' id='word_1_207' title='bbox 3012 1498 3076 1549; x_wconf 91' lang='lat' dir='ltr'>tu</span> <span class='ocrx_word' id='word_1_208' title='bbox 3099 1511 3332 1567; x_wconf 91' lang='lat' dir='ltr'>quoque</span> <span class='ocrx_word' id='word_1_209' title='bbox 3363 1498 3682 1569; x_wconf 88' lang='lat' dir='ltr'>aliquando</span> 
     </span>
    </p>
   </div>
   <div class='ocr_carea' id='block_1_30' title="bbox 2037 1576 3682 1659">
    <p class='ocr_par' dir='ltr' id='par_1_30' title="bbox 2037 1576 3682 1659">
     <span class='ocr_line' id='line_1_30' title="bbox 2037 1576 3682 1659; baseline 0.009 -29"><span class='ocrx_word' id='word_1_210' title='bbox 2037 1576 2202 1648; x_wconf 84' lang='lat' dir='ltr'>paria</span> <span class='ocrx_word' id='word_1_211' title='bbox 2231 1581 2515 1648; x_wconf 88' lang='lat' dir='ltr'>paterere.</span> <span class='ocrx_word' id='word_1_212' title='bbox 2547 1579 2652 1635; x_wconf 86' lang='lat' dir='ltr'>His</span> <span class='ocrx_word' id='word_1_213' title='bbox 2683 1582 2903 1637; x_wconf 89' lang='lat' dir='ltr'>auditis</span> <span class='ocrx_word' id='word_1_214' title='bbox 2953 1582 3158 1655; x_wconf 74' lang='lat' dir='ltr'>Iezsna,</span> <span class='ocrx_word' id='word_1_215' title='bbox 3209 1590 3484 1657; x_wconf 90' lang='lat' dir='ltr'>reputans</span> <span class='ocrx_word' id='word_1_216' title='bbox 3527 1589 3682 1659; x_wconf 87' lang='lat' dir='ltr'>apud</span> 
     </span>
    </p>
   </div>
   <div class='ocr_carea' id='block_1_31' title="bbox 2039 1666 3681 1744">
    <p class='ocr_par' dir='ltr' id='par_1_31' title="bbox 2039 1666 3681 1744">
     <span class='ocr_line' id='line_1_31' title="bbox 2039 1666 3681 1744; baseline 0.008 -24"><span class='ocrx_word' id='word_1_217' title='bbox 2039 1681 2186 1732; x_wconf 90' lang='lat' dir='ltr'>sese,</span> <span class='ocrx_word' id='word_1_218' title='bbox 2221 1666 2440 1738; x_wconf 86' lang='lat' dir='ltr'>proprii</span> <span class='ocrx_word' id='word_1_219' title='bbox 2472 1667 2728 1740; x_wconf 88' lang='lat' dir='ltr'>seipsam</span> <span class='ocrx_word' id='word_1_220' title='bbox 2761 1670 2853 1726; x_wconf 90' lang='lat' dir='ltr'>sui</span> <span class='ocrx_word' id='word_1_221' title='bbox 2885 1688 3125 1728; x_wconf 91' lang='lat' dir='ltr'>causam</span> <span class='ocrx_word' id='word_1_222' title='bbox 3149 1672 3456 1730; x_wconf 82' lang='lat' dir='ltr'>infortunii</span> <span class='ocrx_word' id='word_1_223' title='bbox 3479 1675 3681 1744; x_wconf 89' lang='lat' dir='ltr'>fuisse,</span> 
     </span>
    </p>
   </div>
   <div class='ocr_carea' id='block_1_32' title="bbox 2039 1754 3688 1836">
    <p class='ocr_par' dir='ltr' id='par_1_32' title="bbox 2039 1754 3688 1836">
     <span class='ocr_line' id='line_1_32' title="bbox 2039 1754 3688 1836; baseline 0.008 -27"><span class='ocrx_word' id='word_1_224' title='bbox 2039 1754 2253 1810; x_wconf 88' lang='lat' dir='ltr'>seriam</span> <span class='ocrx_word' id='word_1_225' title='bbox 2310 1755 2440 1811; x_wconf 85' lang='lat' dir='ltr'>vitae</span> <span class='ocrx_word' id='word_1_226' title='bbox 2484 1757 2694 1827; x_wconf 90' lang='lat' dir='ltr'>prioris</span> <span class='ocrx_word' id='word_1_227' title='bbox 2744 1759 3145 1831; x_wconf 72' lang='lat' dir='ltr'>paenitentiam</span> <span class='ocrx_word' id='word_1_228' title='bbox 3185 1764 3471 1836; x_wconf 88' lang='lat' dir='ltr'>concepit,</span> <span class='ocrx_word' id='word_1_229' title='bbox 3506 1770 3688 1822; x_wconf 88' lang='lat' dir='ltr'>certa-</span> 
     </span>
    </p>
   </div>
   <div class='ocr_carea' id='block_1_33' title="bbox 280 1842 3688 1945">
    <p class='ocr_par' dir='ltr' id='par_1_33' title="bbox 280 1842 3688 1945">
     <span class='ocr_line' id='line_1_33' title="bbox 280 1842 3688 1945; baseline 0.001 -38"><span class='ocrx_word' id='word_1_230' title='bbox 280 1851 395 1907; x_wconf 90' lang='lat' dir='ltr'>nisi</span> <span class='ocrx_word' id='word_1_231' title='bbox 426 1865 602 1922; x_wconf 87' lang='lat' dir='ltr'>grave</span> <span class='ocrx_word' id='word_1_232' title='bbox 663 1851 771 1917; x_wconf 85' lang='lat' dir='ltr'>est,</span> <span class='ocrx_word' id='word_1_233' title='bbox 806 1860 1090 1915; x_wconf 88' lang='lat' dir='ltr'>memora,</span> <span class='ocrx_word' id='word_1_234' title='bbox 1123 1860 1235 1913; x_wconf 92' lang='lat' dir='ltr'>quo</span> <span class='ocrx_word' id='word_1_235' title='bbox 1272 1842 1462 1898; x_wconf 87' lang='lat' dir='ltr'>victus</span> <span class='ocrx_word' id='word_1_236' title='bbox 1505 1858 1717 1914; x_wconf 84' lang='lat' dir='ltr'>genere</span> <span class='ocrx_word' id='word_1_237' title='bbox 1763 1845 1929 1896; x_wconf 90' lang='lat' dir='ltr'>tanto</span> <span class='ocrx_word' id='word_1_238' title='bbox 1959 1880 2006 1945; x_wconf 80' lang='grc' dir='ltr'><strong>Β</strong></span> <span class='ocrx_word' id='word_1_239' title='bbox 2037 1859 2152 1914; x_wconf 88' lang='lat' dir='ltr'>que</span> <span class='ocrx_word' id='word_1_240' title='bbox 2195 1845 2646 1915; x_wconf 88' lang='lat' dir='ltr'>emendationis,</span> <span class='ocrx_word' id='word_1_241' title='bbox 2691 1847 2964 1920; x_wconf 89' lang='lat' dir='ltr'>deinceps</span> <span class='ocrx_word' id='word_1_242' title='bbox 3020 1866 3124 1905; x_wconf 90' lang='lat' dir='ltr'>esu</span> <span class='ocrx_word' id='word_1_243' title='bbox 3177 1851 3440 1908; x_wconf 91' lang='lat' dir='ltr'>carnium</span> <span class='ocrx_word' id='word_1_244' title='bbox 3503 1855 3688 1911; x_wconf 85' lang='lat' dir='ltr'>absti-</span> 
     </span>
    </p>
   </div>
   <div class='ocr_carea' id='block_1_34' title="bbox 276 1931 1930 2012">
    <p class='ocr_par' dir='ltr' id='par_1_34' title="bbox 276 1931 1930 2012">
     <span class='ocr_line' id='line_1_34' title="bbox 276 1931 1930 2012; baseline -0.007 -16"><span class='ocrx_word' id='word_1_245' title='bbox 276 1944 544 2012; x_wconf 90' lang='lat' dir='ltr'>tempore</span> <span class='ocrx_word' id='word_1_246' title='bbox 592 1936 676 1992; x_wconf 91' lang='lat' dir='ltr'>sis</span> <span class='ocrx_word' id='word_1_247' title='bbox 733 1952 861 2003; x_wconf 90' lang='lat' dir='ltr'>usa,</span> <span class='ocrx_word' id='word_1_248' title='bbox 915 1934 1057 2006; x_wconf 90' lang='lat' dir='ltr'>quid</span> <span class='ocrx_word' id='word_1_249' title='bbox 1105 1936 1192 1989; x_wconf 92' lang='lat' dir='ltr'>tot</span> <span class='ocrx_word' id='word_1_250' title='bbox 1235 1932 1365 1988; x_wconf 89' lang='lat' dir='ltr'>istis</span> <span class='ocrx_word' id='word_1_251' title='bbox 1414 1931 1586 1988; x_wconf 90' lang='lat' dir='ltr'>annis</span> <span class='ocrx_word' id='word_1_252' title='bbox 1624 1932 1930 1986; x_wconf 89' lang='lat' dir='ltr'>comedere</span> 
     </span>
    </p>
   </div>
   <div class='ocr_carea' id='block_1_35' title="bbox 278 2020 1930 2096">
    <p class='ocr_par' dir='ltr' id='par_1_35' title="bbox 278 2020 1930 2096">
     <span class='ocr_line' id='line_1_35' title="bbox 278 2020 1930 2096; baseline -0.006 -11"><span class='ocrx_word' id='word_1_253' title='bbox 278 2027 676 2085; x_wconf 89' lang='lat' dir='ltr'>consueveris.</span> <span class='ocrx_word' id='word_1_254' title='bbox 707 2025 928 2096; x_wconf 90' lang='lat' dir='ltr'>Nempe</span> <span class='ocrx_word' id='word_1_255' title='bbox 977 2021 1152 2088; x_wconf 88' lang='lat' dir='ltr'>nosti,</span> <span class='ocrx_word' id='word_1_256' title='bbox 1193 2021 1274 2077; x_wconf 88' lang='lat' dir='ltr'>ait</span> <span class='ocrx_word' id='word_1_257' title='bbox 1317 2020 1437 2088; x_wconf 90' lang='lat' dir='ltr'>illa,</span> <span class='ocrx_word' id='word_1_258' title='bbox 1472 2020 1626 2076; x_wconf 91' lang='lat' dir='ltr'>vesci</span> <span class='ocrx_word' id='word_1_259' title='bbox 1676 2036 1771 2076; x_wconf 89' lang='lat' dir='ltr'>me</span> <span class='ocrx_word' id='word_1_260' title='bbox 1802 2037 1930 2075; x_wconf 90' lang='lat' dir='ltr'>car-</span> 
     </span>
    </p>
   </div>
   <div class='ocr_carea' id='block_1_36' title="bbox 277 2109 1930 2178">
    <p class='ocr_par' dir='ltr' id='par_1_36' title="bbox 277 2109 1930 2178">
     <span class='ocr_line' id='line_1_36' title="bbox 277 2109 1930 2178; baseline -0.005 -4"><span class='ocrx_word' id='word_1_261' title='bbox 277 2118 462 2174; x_wconf 89' lang='lat' dir='ltr'>nibus</span> <span class='ocrx_word' id='word_1_262' title='bbox 509 2112 898 2172; x_wconf 89' lang='lat' dir='ltr'>animantium</span> <span class='ocrx_word' id='word_1_263' title='bbox 948 2111 1153 2168; x_wconf 90' lang='lat' dir='ltr'>solere.</span> <span class='ocrx_word' id='word_1_264' title='bbox 1200 2111 1372 2176; x_wconf 89' lang='lat' dir='ltr'>Sane,</span> <span class='ocrx_word' id='word_1_265' title='bbox 1404 2109 1486 2166; x_wconf 92' lang='lat' dir='ltr'>ait</span> <span class='ocrx_word' id='word_1_266' title='bbox 1517 2127 1692 2178; x_wconf 87' lang='lat' dir='ltr'>ursa;</span> <span class='ocrx_word' id='word_1_267' title='bbox 1722 2127 1930 2165; x_wconf 89' lang='lat' dir='ltr'>rursus</span> 
     </span>
    </p>
   </div>
   <div class='ocr_carea' id='block_1_37' title="bbox 275 2197 1930 2277">
    <p class='ocr_par' dir='ltr' id='par_1_37' title="bbox 275 2197 1930 2277">
     <span class='ocr_line' id='line_1_37' title="bbox 275 2197 1930 2277; baseline -0.005 -16"><span class='ocrx_word' id='word_1_268' title='bbox 275 2206 431 2263; x_wconf 91' lang='lat' dir='ltr'>illud</span> <span class='ocrx_word' id='word_1_269' title='bbox 460 2219 675 2277; x_wconf 69' lang='lat' dir='ltr'>quaero:</span> <span class='ocrx_word' id='word_1_270' title='bbox 700 2201 841 2267; x_wconf 89' lang='lat' dir='ltr'>Quis</span> <span class='ocrx_word' id='word_1_271' title='bbox 867 2200 974 2256; x_wconf 87' lang='lat' dir='ltr'>tibi</span> <span class='ocrx_word' id='word_1_272' title='bbox 1006 2199 1370 2255; x_wconf 86' lang='lat' dir='ltr'>carnesistas</span> <span class='ocrx_word' id='word_1_273' title='bbox 1391 2197 1930 2254; x_wconf 87' lang='lat' dir='ltr'>subministrabat?</span> 
     </span>
    </p>
   </div>
   <div class='ocr_carea' id='block_1_38' title="bbox 273 2288 1924 2363">
    <p class='ocr_par' dir='ltr' id='par_1_38' title="bbox 273 2288 1924 2363">
     <span class='ocr_line' id='line_1_38' title="bbox 273 2288 1924 2363; baseline -0.005 -13"><span class='ocrx_word' id='word_1_274' title='bbox 273 2294 569 2360; x_wconf 88' lang='lat' dir='ltr'>Venabar,</span> <span class='ocrx_word' id='word_1_275' title='bbox 616 2291 831 2362; x_wconf 88' lang='lat' dir='ltr'>inquit,</span> <span class='ocrx_word' id='word_1_276' title='bbox 864 2289 1125 2363; x_wconf 89' lang='lat' dir='ltr'>quotidie</span> <span class='ocrx_word' id='word_1_277' title='bbox 1174 2288 1235 2342; x_wconf 91' lang='lat' dir='ltr'>in</span> <span class='ocrx_word' id='word_1_278' title='bbox 1276 2291 1495 2355; x_wconf 87' lang='lat' dir='ltr'>monte,</span> <span class='ocrx_word' id='word_1_279' title='bbox 1525 2291 1582 2343; x_wconf 89' lang='lat' dir='ltr'>et</span> <span class='ocrx_word' id='word_1_280' title='bbox 1633 2304 1782 2359; x_wconf 88' lang='lat' dir='ltr'>quas</span> <span class='ocrx_word' id='word_1_281' title='bbox 1825 2288 1924 2343; x_wconf 89' lang='lat' dir='ltr'>be-</span> 
     </span>
    </p>
   </div>
   <div class='ocr_carea' id='block_1_39' title="bbox 278 2377 1926 2454">
    <p class='ocr_par' dir='ltr' id='par_1_39' title="bbox 278 2377 1926 2454">
     <span class='ocr_line' id='line_1_39' title="bbox 278 2377 1926 2454; baseline -0.006 -13"><span class='ocrx_word' id='word_1_282' title='bbox 278 2385 428 2442; x_wconf 90' lang='lat' dir='ltr'>stias</span> <span class='ocrx_word' id='word_1_283' title='bbox 477 2381 735 2454; x_wconf 89' lang='lat' dir='ltr'>arripere</span> <span class='ocrx_word' id='word_1_284' title='bbox 783 2383 1048 2452; x_wconf 89' lang='lat' dir='ltr'>poteram</span> <span class='ocrx_word' id='word_1_285' title='bbox 1113 2378 1414 2433; x_wconf 91' lang='lat' dir='ltr'>vorabam.</span> <span class='ocrx_word' id='word_1_286' title='bbox 1478 2377 1706 2433; x_wconf 84' lang='lat' dir='ltr'>Rursus</span> <span class='ocrx_word' id='word_1_287' title='bbox 1763 2393 1926 2448; x_wconf 90' lang='lat' dir='ltr'>ursa,</span> 
     </span>
    </p>
   </div>
   <div class='ocr_carea' id='block_1_40' title="bbox 277 2465 1922 2542">
    <p class='ocr_par' dir='ltr' id='par_1_40' title="bbox 277 2465 1922 2542">
     <span class='ocr_line' id='line_1_40' title="bbox 277 2465 1922 2542; baseline -0.004 -13"><span class='ocrx_word' id='word_1_288' title='bbox 277 2473 428 2542; x_wconf 86' lang='lat' dir='ltr'>Quid</span> <span class='ocrx_word' id='word_1_289' title='bbox 459 2471 562 2527; x_wconf 88' lang='lat' dir='ltr'>tibi</span> <span class='ocrx_word' id='word_1_290' title='bbox 592 2468 1079 2540; x_wconf 89' lang='lat' dir='ltr'>videtur,inquit:</span> <span class='ocrx_word' id='word_1_291' title='bbox 1134 2466 1414 2523; x_wconf 87' lang='lat' dir='ltr'>animalia</span> <span class='ocrx_word' id='word_1_292' title='bbox 1439 2465 1541 2523; x_wconf 90' lang='lat' dir='ltr'>illa</span> <span class='ocrx_word' id='word_1_293' title='bbox 1562 2470 1683 2522; x_wconf 89' lang='lat' dir='ltr'>tam</span> <span class='ocrx_word' id='word_1_294' title='bbox 1715 2465 1922 2533; x_wconf 90' lang='lat' dir='ltr'>multa,</span> 
     </span>
    </p>
   </div>
   <div class='ocr_carea' id='block_1_41' title="bbox 277 2554 1926 2635">
    <p class='ocr_par' dir='ltr' id='par_1_41' title="bbox 277 2554 1926 2635">
     <span class='ocr_line' id='line_1_41' title="bbox 277 2554 1926 2635; baseline -0.006 -15"><span class='ocrx_word' id='word_1_295' title='bbox 277 2577 407 2635; x_wconf 68' lang='lat' dir='ltr'>quas</span> <span class='ocrx_word' id='word_1_296' title='bbox 435 2559 674 2632; x_wconf 88' lang='lat' dir='ltr'>vorasti,</span> <span class='ocrx_word' id='word_1_297' title='bbox 707 2557 1003 2632; x_wconf 90' lang='lat' dir='ltr'>genitores</span> <span class='ocrx_word' id='word_1_298' title='bbox 1033 2572 1149 2613; x_wconf 91' lang='lat' dir='ltr'>non</span> <span class='ocrx_word' id='word_1_299' title='bbox 1172 2554 1549 2615; x_wconf 86' lang='lat' dir='ltr'>habuerunt?</span> <span class='ocrx_word' id='word_1_300' title='bbox 1579 2555 1926 2612; x_wconf 80' lang='lat' dir='ltr'>Habuerunt</span> 
     </span>
    </p>
   </div>
   <div class='ocr_carea' id='block_1_42' title="bbox 1953 2713 2026 2729">
    <p class='ocr_par' dir='ltr' id='par_1_42' title="bbox 1953 2713 2026 2729">
     <span class='ocr_line' id='line_1_42' title="bbox 1953 2713 2026 2729; baseline 0 0"><span class='ocrx_word' id='word_1_301' title='bbox 1953 2713 2026 2729; x_wconf 74' lang='grc' dir='ltr'>--ο</span> 
     </span>
    </p>
   </div>
   <div class='ocr_carea' id='block_1_43' title="bbox 2038 1933 3688 2002">
    <p class='ocr_par' dir='ltr' id='par_1_43' title="bbox 2038 1933 3688 2002">
     <span class='ocr_line' id='line_1_43' title="bbox 2038 1933 3688 2002; baseline 0.007 -15"><span class='ocrx_word' id='word_1_302' title='bbox 2038 1933 2187 2002; x_wconf 89' lang='lat' dir='ltr'>nuit,</span> <span class='ocrx_word' id='word_1_303' title='bbox 2247 1935 2538 1991; x_wconf 87' lang='lat' dir='ltr'>fructibus</span> <span class='ocrx_word' id='word_1_304' title='bbox 2612 1936 2891 1993; x_wconf 90' lang='lat' dir='ltr'>arborum</span> <span class='ocrx_word' id='word_1_305' title='bbox 2961 1939 3137 1994; x_wconf 88' lang='lat' dir='ltr'>vitam</span> <span class='ocrx_word' id='word_1_306' title='bbox 3213 1939 3492 1997; x_wconf 90' lang='lat' dir='ltr'>tolerans.</span> <span class='ocrx_word' id='word_1_307' title='bbox 3553 1943 3688 1999; x_wconf 89' lang='lat' dir='ltr'>Post</span> 
     </span>
    </p>
   </div>
   <div class='ocr_carea' id='block_1_44' title="bbox 2041 2023 3687 2102">
    <p class='ocr_par' dir='ltr' id='par_1_44' title="bbox 2041 2023 3687 2102">
     <span class='ocr_line' id='line_1_44' title="bbox 2041 2023 3687 2102; baseline 0.006 -25"><span class='ocrx_word' id='word_1_308' title='bbox 2041 2039 2166 2094; x_wconf 71' lang='lat' dir='ltr'>quas</span> <span class='ocrx_word' id='word_1_309' title='bbox 2194 2023 2523 2095; x_wconf 87' lang='lat' dir='ltr'>subjunxit,</span> <span class='ocrx_word' id='word_1_310' title='bbox 2555 2027 2902 2098; x_wconf 90' lang='lat' dir='ltr'>compendio</span> <span class='ocrx_word' id='word_1_311' title='bbox 2931 2027 3088 2083; x_wconf 91' lang='lat' dir='ltr'>dicta</span> <span class='ocrx_word' id='word_1_312' title='bbox 3129 2028 3407 2101; x_wconf 87' lang='lat' dir='ltr'>colligens</span> <span class='ocrx_word' id='word_1_313' title='bbox 3438 2047 3687 2102; x_wconf 87' lang='lat' dir='ltr'>gymno-</span> 
     </span>
    </p>
   </div>
   <div class='ocr_carea' id='block_1_45' title="bbox 2039 2111 3686 2190">
    <p class='ocr_par' dir='ltr' id='par_1_45' title="bbox 2039 2111 3686 2190">
     <span class='ocr_line' id='line_1_45' title="bbox 2039 2111 3686 2190; baseline 0.007 -24"><span class='ocrx_word' id='word_1_314' title='bbox 2039 2111 2341 2184; x_wconf 83' lang='lat' dir='ltr'>sOphista:</span> <span class='ocrx_word' id='word_1_315' title='bbox 2396 2113 2505 2184; x_wconf 64' lang='lat' dir='ltr'>{Sic</span> <span class='ocrx_word' id='word_1_316' title='bbox 2563 2113 2734 2185; x_wconf 91' lang='lat' dir='ltr'>habe,</span> <span class='ocrx_word' id='word_1_317' title='bbox 2792 2132 2892 2172; x_wconf 86' lang='lat' dir='ltr'>rex</span> <span class='ocrx_word' id='word_1_318' title='bbox 2970 2118 3238 2189; x_wconf 86' lang='lat' dir='ltr'>maxime,</span> <span class='ocrx_word' id='word_1_319' title='bbox 3317 2120 3417 2190; x_wconf 91' lang='lat' dir='ltr'>qui</span> <span class='ocrx_word' id='word_1_320' title='bbox 3489 2119 3686 2177; x_wconf 88' lang='lat' dir='ltr'>dolore</span> 
     </span>
    </p>
   </div>
   <div class='ocr_carea' id='block_1_46' title="bbox 2039 2201 3688 2281">
    <p class='ocr_par' dir='ltr' id='par_1_46' title="bbox 2039 2201 3688 2281">
     <span class='ocr_line' id='line_1_46' title="bbox 2039 2201 3688 2281; baseline 0.007 -27"><span class='ocrx_word' id='word_1_321' title='bbox 2039 2201 2320 2273; x_wconf 87' lang='lat' dir='ltr'>pungitur</span> <span class='ocrx_word' id='word_1_322' title='bbox 2368 2203 2591 2275; x_wconf 83' lang='lat' dir='ltr'>accepti</span> <span class='ocrx_word' id='word_1_323' title='bbox 2658 2205 2882 2272; x_wconf 88' lang='lat' dir='ltr'>damni,</span> <span class='ocrx_word' id='word_1_324' title='bbox 2929 2205 3030 2262; x_wconf 91' lang='lat' dir='ltr'>ubi</span> <span class='ocrx_word' id='word_1_325' title='bbox 3103 2206 3280 2262; x_wconf 89' lang='lat' dir='ltr'>simul</span> <span class='ocrx_word' id='word_1_326' title='bbox 3330 2209 3688 2281; x_wconf 85' lang='lat' dir='ltr'>cognoverit,</span> 
     </span>
    </p>
   </div>
   <div class='ocr_carea' id='block_1_47' title="bbox 2037 2288 3685 2370">
    <p class='ocr_par' dir='ltr' id='par_1_47' title="bbox 2037 2288 3685 2370">
     <span class='ocr_line' id='line_1_47' title="bbox 2037 2288 3685 2370; baseline 0.007 -26"><span class='ocrx_word' id='word_1_327' title='bbox 2037 2288 2196 2345; x_wconf 87' lang='lat' dir='ltr'>istud</span> <span class='ocrx_word' id='word_1_328' title='bbox 2228 2289 2358 2346; x_wconf 90' lang='lat' dir='ltr'>ideo</span> <span class='ocrx_word' id='word_1_329' title='bbox 2391 2308 2454 2347; x_wconf 91' lang='lat' dir='ltr'>se</span> <span class='ocrx_word' id='word_1_330' title='bbox 2488 2293 2605 2363; x_wconf 91' lang='lat' dir='ltr'>pati</span> <span class='ocrx_word' id='word_1_331' title='bbox 2639 2294 2777 2364; x_wconf 91' lang='lat' dir='ltr'>quia</span> <span class='ocrx_word' id='word_1_332' title='bbox 2824 2294 3097 2351; x_wconf 88' lang='lat' dir='ltr'>similiter</span> <span class='ocrx_word' id='word_1_333' title='bbox 3138 2296 3199 2352; x_wconf 90' lang='lat' dir='ltr'>in</span> <span class='ocrx_word' id='word_1_334' title='bbox 3231 2296 3377 2354; x_wconf 88' lang='lat' dir='ltr'>alios</span> <span class='ocrx_word' id='word_1_335' title='bbox 3408 2313 3685 2370; x_wconf 88' lang='lat' dir='ltr'>peccave-</span> 
     </span>
    </p>
   </div>
   <div class='ocr_carea' id='block_1_48' title="bbox 2038 2377 3690 2455">
    <p class='ocr_par' dir='ltr' id='par_1_48' title="bbox 2038 2377 3690 2455">
     <span class='ocr_line' id='line_1_48' title="bbox 2038 2377 3690 2455; baseline 0.007 -23"><span class='ocrx_word' id='word_1_336' title='bbox 2038 2377 2133 2445; x_wconf 90' lang='lat' dir='ltr'>rit,</span> <span class='ocrx_word' id='word_1_337' title='bbox 2166 2382 2223 2434; x_wconf 89' lang='lat' dir='ltr'>et</span> <span class='ocrx_word' id='word_1_338' title='bbox 2249 2377 2470 2436; x_wconf 85' lang='lat' dir='ltr'>malum</span> <span class='ocrx_word' id='word_1_339' title='bbox 2503 2380 2733 2438; x_wconf 91' lang='lat' dir='ltr'>illatum</span> <span class='ocrx_word' id='word_1_340' title='bbox 2783 2383 2928 2440; x_wconf 91' lang='lat' dir='ltr'>feret</span> <span class='ocrx_word' id='word_1_341' title='bbox 2955 2383 3162 2455; x_wconf 90' lang='lat' dir='ltr'>levius,</span> <span class='ocrx_word' id='word_1_342' title='bbox 3195 2389 3252 2441; x_wconf 92' lang='lat' dir='ltr'>et</span> <span class='ocrx_word' id='word_1_343' title='bbox 3295 2387 3690 2443; x_wconf 88' lang='lat' dir='ltr'>deterrebitur</span> 
     </span>
    </p>
   </div>
   <div class='ocr_carea' id='block_1_49' title="bbox 2035 2466 3692 2550">
    <p class='ocr_par' dir='ltr' id='par_1_49' title="bbox 2035 2466 3692 2550">
     <span class='ocr_line' id='line_1_49' title="bbox 2035 2466 3692 2550; baseline 0.007 -29"><span class='ocrx_word' id='word_1_344' title='bbox 2035 2466 2094 2521; x_wconf 90' lang='lat' dir='ltr'>in</span> <span class='ocrx_word' id='word_1_345' title='bbox 2123 2471 2424 2539; x_wconf 92' lang='lat' dir='ltr'>posterum</span> <span class='ocrx_word' id='word_1_346' title='bbox 2452 2470 2525 2526; x_wconf 91' lang='lat' dir='ltr'>ab</span> <span class='ocrx_word' id='word_1_347' title='bbox 2557 2470 2709 2542; x_wconf 89' lang='lat' dir='ltr'>aliis,</span> <span class='ocrx_word' id='word_1_348' title='bbox 2741 2472 2998 2530; x_wconf 91' lang='lat' dir='ltr'>reditura</span> <span class='ocrx_word' id='word_1_349' title='bbox 3019 2474 3079 2530; x_wconf 92' lang='lat' dir='ltr'>in</span> <span class='ocrx_word' id='word_1_350' title='bbox 3111 2477 3692 2550; x_wconf 75' lang='lat' dir='ltr'>auctoremlquando-</span> 
     </span>
    </p>
   </div>
   <div class='ocr_carea' id='block_1_50' title="bbox 2037 2556 2762 2630">
    <p class='ocr_par' dir='ltr' id='par_1_50' title="bbox 2037 2556 2762 2630">
     <span class='ocr_line' id='line_1_50' title="bbox 2037 2556 2762 2630; baseline 0.007 -19"><span class='ocrx_word' id='word_1_351' title='bbox 2037 2572 2153 2628; x_wconf 90' lang='lat' dir='ltr'>que</span> <span class='ocrx_word' id='word_1_352' title='bbox 2181 2556 2420 2630; x_wconf 87' lang='lat' dir='ltr'>injuria,</span> <span class='ocrx_word' id='word_1_353' title='bbox 2455 2558 2762 2618; x_wconf 89' lang='lat' dir='ltr'>violandis.</span> 
     </span>
    </p>
   </div>
   <div class='ocr_carea' id='block_1_51' title="bbox 1427 2817 2552 2879">
    <p class='ocr_par' dir='ltr' id='par_1_51' title="bbox 1427 2817 2552 2879">
     <span class='ocr_line' id='line_1_51' title="bbox 1427 2817 2552 2879; baseline 0.005 -6"><span class='ocrx_word' id='word_1_354' title='bbox 1427 2817 1902 2877; x_wconf 80' lang='lat' dir='ltr'>DISSERTATIO</span> <span class='ocrx_word' id='word_1_355' title='bbox 1934 2818 2378 2877; x_wconf 81' lang='lat' dir='ltr'>PARABOLICA</span> <span class='ocrx_word' id='word_1_356' title='bbox 2407 2821 2552 2879; x_wconf 88' lang='lat' dir='ltr'>XIV.</span> 
     </span>
    </p>
   </div>
   <div class='ocr_carea' id='block_1_52' title="bbox 285 2919 3693 3079">
    <p class='ocr_par' dir='ltr' id='par_1_52' title="bbox 285 2919 3693 3079">
     <span class='ocr_line' id='line_1_52' title="bbox 285 2919 3693 3079; baseline 0.002 -92"><span class='ocrx_word' id='word_1_357' title='bbox 285 2925 518 2988; x_wconf 70' lang='lat' dir='ltr'>Tradit</span> <span class='ocrx_word' id='word_1_358' title='bbox 545 2922 804 2985; x_wconf 88' lang='lat' dir='ltr'>modum</span> <span class='ocrx_word' id='word_1_359' title='bbox 828 2919 1230 2981; x_wconf 74' lang='lat' dir='ltr'>discernendi</span> <span class='ocrx_word' id='word_1_360' title='bbox 1258 2922 1530 2981; x_wconf 77' lang='lat' dir='ltr'>consilia</span> <span class='ocrx_word' id='word_1_361' title='bbox 1560 2922 1756 2979; x_wconf 75' lang='lat' dir='ltr'>util-ia</span> <span class='ocrx_word' id='word_1_362' title='bbox 1786 2920 1863 3059; x_wconf 55' lang='grc' dir='ltr'>ιέἰό</span> <span class='ocrx_word' id='word_1_363' title='bbox 1880 2920 2216 3079; x_wconf 46' lang='grc' dir='ltr'>ἑηαζιὶὂιιε,</span> <span class='ocrx_word' id='word_1_364' title='bbox 2237 2924 2471 3060; x_wconf 40' lang='lat' dir='ltr'>qualia</span> <span class='ocrx_word' id='word_1_365' title='bbox 2487 2927 2766 2984; x_wconf 73' lang='lat' dir='ltr'>maxime</span> <span class='ocrx_word' id='word_1_366' title='bbox 2791 2934 2945 2988; x_wconf 79' lang='lat' dir='ltr'>sunt</span> <span class='ocrx_word' id='word_1_367' title='bbox 2972 2927 3046 2988; x_wconf 70' lang='lat' dir='ltr'>id</span> <span class='ocrx_word' id='word_1_368' title='bbox 3072 2928 3412 2991; x_wconf 75' lang='lat' dir='ltr'>suadentia</span> <span class='ocrx_word' id='word_1_369' title='bbox 3445 2941 3693 2994; x_wconf 71' lang='lat' dir='ltr'>tentare</span> 
     </span>
     <span class='ocr_line' id='line_1_53' title="bbox 1673 3018 2302 3079; baseline 0.002 -19"><span class='ocrx_word' id='word_1_370' title='bbox 1673 3018 1792 3078; x_wconf 83' lang='lat' dir='ltr'>quo</span> <span class='ocrx_word' id='word_1_371' title='bbox 1933 3019 2029 3060; x_wconf 68' lang='lat' dir='ltr'>ert</span> <span class='ocrx_word' id='word_1_372' title='bbox 2059 3020 2248 3079; x_wconf 68' lang='lat' dir='ltr'>nequi</span> <span class='ocrx_word' id='word_1_373' title='bbox 2287 3045 2302 3061; x_wconf 95' lang='lat'>.</span> 
     </span>
    </p>
   </div>
   <div class='ocr_carea' id='block_1_53' title="bbox 1673 3018 2302 3079">
    <p class='ocr_par' dir='ltr' id='par_1_53' title="bbox 1673 3018 2302 3079">
     <span class='ocr_line' id='line_1_54' title="bbox 1673 3018 2302 3079; baseline 0.002 -19"><span class='ocrx_word' id='word_1_374' title='bbox 1673 3018 1839 3078; x_wconf 82' lang='lat' dir='ltr'>quoa</span> <span class='ocrx_word' id='word_1_375' title='bbox 1880 3018 2029 3079; x_wconf 57' lang='lat' dir='ltr'>per:</span> <span class='ocrx_word' id='word_1_376' title='bbox 2059 3018 2302 3079; x_wconf 63' lang='lat' dir='ltr'>nequit.</span> 
     </span>
    </p>
   </div>
   <div class='ocr_carea' id='block_1_54' title="bbox 360 3132 1931 3213">
    <p class='ocr_par' dir='ltr' id='par_1_54' title="bbox 360 3132 1931 3213">
     <span class='ocr_line' id='line_1_55' title="bbox 360 3132 1931 3213; baseline -0.005 -16"><span class='ocrx_word' id='word_1_377' title='bbox 360 3138 591 3213; x_wconf 89' lang='lat' dir='ltr'>Optima</span> <span class='ocrx_word' id='word_1_378' title='bbox 619 3143 672 3194; x_wconf 87' lang='lat' dir='ltr'>et</span> <span class='ocrx_word' id='word_1_379' title='bbox 700 3140 756 3194; x_wconf 86' lang='lat' dir='ltr'>te</span> <span class='ocrx_word' id='word_1_380' title='bbox 785 3136 984 3209; x_wconf 86' lang='lat' dir='ltr'>digna,</span> <span class='ocrx_word' id='word_1_381' title='bbox 1013 3149 1114 3191; x_wconf 89' lang='lat' dir='ltr'>rex</span> <span class='ocrx_word' id='word_1_382' title='bbox 1142 3134 1244 3205; x_wconf 87' lang='lat' dir='ltr'>ait,</span> <span class='ocrx_word' id='word_1_383' title='bbox 1271 3133 1560 3207; x_wconf 90' lang='lat' dir='ltr'>nobisque</span> <span class='ocrx_word' id='word_1_384' title='bbox 1589 3132 1812 3189; x_wconf 90' lang='lat' dir='ltr'>utiliter</span> <span class='ocrx_word' id='word_1_385' title='bbox 1840 3150 1931 3190; x_wconf 90' lang='lat' dir='ltr'>re-</span> 
     </span>
    </p>
   </div>
   <div class='ocr_carea' id='block_1_55' title="bbox 287 3221 1931 3300">
    <p class='ocr_par' dir='ltr' id='par_1_55' title="bbox 287 3221 1931 3300">
     <span class='ocr_line' id='line_1_56' title="bbox 287 3221 1931 3300; baseline -0.005 -14"><span class='ocrx_word' id='word_1_386' title='bbox 287 3228 532 3286; x_wconf 90' lang='lat' dir='ltr'>colenda</span> <span class='ocrx_word' id='word_1_387' title='bbox 558 3227 892 3300; x_wconf 85' lang='lat' dir='ltr'>disputasti;</span> <span class='ocrx_word' id='word_1_388' title='bbox 926 3242 1082 3281; x_wconf 92' lang='lat' dir='ltr'>nunc</span> <span class='ocrx_word' id='word_1_389' title='bbox 1114 3225 1186 3281; x_wconf 91' lang='lat' dir='ltr'>de</span> <span class='ocrx_word' id='word_1_390' title='bbox 1216 3222 1566 3281; x_wconf 90' lang='lat' dir='ltr'>consiliariis</span> <span class='ocrx_word' id='word_1_391' title='bbox 1598 3239 1745 3295; x_wconf 91' lang='lat' dir='ltr'>quos</span> <span class='ocrx_word' id='word_1_392' title='bbox 1765 3221 1931 3279; x_wconf 90' lang='lat' dir='ltr'>adhi-</span> 
     </span>
    </p>
   </div>
   <div class='ocr_carea' id='block_1_56' title="bbox 285 3313 1930 3389">
    <p class='ocr_par' dir='ltr' id='par_1_56' title="bbox 285 3313 1930 3389">
     <span class='ocr_line' id='line_1_57' title="bbox 285 3313 1930 3389; baseline -0.004 -14"><span class='ocrx_word' id='word_1_393' title='bbox 285 3321 422 3375; x_wconf 85' lang='lat' dir='ltr'>bere</span> <span class='ocrx_word' id='word_1_394' title='bbox 448 3333 615 3389; x_wconf 87' lang='lat' dir='ltr'>reges</span> <span class='ocrx_word' id='word_1_395' title='bbox 658 3317 888 3387; x_wconf 88' lang='lat' dir='ltr'>debent,</span> <span class='ocrx_word' id='word_1_396' title='bbox 948 3315 1137 3386; x_wconf 91' lang='lat' dir='ltr'>deque</span> <span class='ocrx_word' id='word_1_397' title='bbox 1185 3313 1422 3370; x_wconf 91' lang='lat' dir='ltr'>illorum</span> <span class='ocrx_word' id='word_1_398' title='bbox 1455 3313 1682 3370; x_wconf 87' lang='lat' dir='ltr'>delectu</span> <span class='ocrx_word' id='word_1_399' title='bbox 1715 3316 1772 3369; x_wconf 93' lang='lat' dir='ltr'>et</span> <span class='ocrx_word' id='word_1_400' title='bbox 1818 3329 1930 3368; x_wconf 90' lang='lat' dir='ltr'>usu</span> 
     </span>
    </p>
   </div>
   <div class='ocr_carea' id='block_1_57' title="bbox 282 3404 1205 3481">
    <p class='ocr_par' dir='ltr' id='par_1_57' title="bbox 282 3404 1205 3481">
     <span class='ocr_line' id='line_1_58' title="bbox 282 3404 1205 3481; baseline -0.002 -17"><span class='ocrx_word' id='word_1_401' title='bbox 282 3405 639 3481; x_wconf 86' lang='lat' dir='ltr'>perlibenter</span> <span class='ocrx_word' id='word_1_402' title='bbox 668 3404 886 3475; x_wconf 89' lang='lat' dir='ltr'>aliquid</span> <span class='ocrx_word' id='word_1_403' title='bbox 919 3405 1205 3462; x_wconf 89' lang='lat' dir='ltr'>audirem.</span> 
     </span>
    </p>
   </div>
   <div class='ocr_carea' id='block_1_58' title="bbox 357 3493 1929 3567">
    <p class='ocr_par' dir='ltr' id='par_1_58' title="bbox 357 3493 1929 3567">
     <span class='ocr_line' id='line_1_59' title="bbox 357 3493 1929 3567; baseline -0.004 -16"><span class='ocrx_word' id='word_1_404' title='bbox 357 3497 403 3551; x_wconf 88' lang='grc' dir='ltr'>Ι.</span> <span class='ocrx_word' id='word_1_405' title='bbox 425 3495 573 3551; x_wconf 82' lang='grc' dir='ltr'>Τιιω</span> <span class='ocrx_word' id='word_1_406' title='bbox 591 3493 1078 3567; x_wconf 84' lang='lat' dir='ltr'>gymnosophista</span> <span class='ocrx_word' id='word_1_407' title='bbox 1098 3494 1250 3550; x_wconf 90' lang='lat' dir='ltr'>hanc</span> <span class='ocrx_word' id='word_1_408' title='bbox 1271 3497 1362 3549; x_wconf 86' lang='lat' dir='ltr'>est</span> <span class='ocrx_word' id='word_1_409' title='bbox 1384 3493 1644 3549; x_wconf 89' lang='lat' dir='ltr'>fabulam</span> <span class='ocrx_word' id='word_1_410' title='bbox 1666 3506 1929 3548; x_wconf 89' lang='lat' dir='ltr'>exorsus:</span> 
     </span>
    </p>
   </div>
   <div class='ocr_carea' id='block_1_59' title="bbox 2041 3135 3692 3217">
    <p class='ocr_par' dir='ltr' id='par_1_59' title="bbox 2041 3135 3692 3217">
     <span class='ocr_line' id='line_1_60' title="bbox 2041 3135 3692 3217; baseline 0.009 -28"><span class='ocrx_word' id='word_1_411' title='bbox 2041 3135 2394 3205; x_wconf 88' lang='lat' dir='ltr'>posteriores</span> <span class='ocrx_word' id='word_1_412' title='bbox 2452 3135 2667 3194; x_wconf 90' lang='lat' dir='ltr'>habere</span> <span class='ocrx_word' id='word_1_413' title='bbox 2723 3138 2964 3197; x_wconf 92' lang='lat' dir='ltr'>soleam.</span> <span class='ocrx_word' id='word_1_414' title='bbox 3027 3142 3223 3212; x_wconf 88' lang='lat' dir='ltr'>Quare</span> <span class='ocrx_word' id='word_1_415' title='bbox 3283 3145 3459 3217; x_wconf 88' lang='lat' dir='ltr'>agite,</span> <span class='ocrx_word' id='word_1_416' title='bbox 3509 3147 3692 3205; x_wconf 89' lang='lat' dir='ltr'>libere</span> 
     </span>
    </p>
   </div>
   <div class='ocr_carea' id='block_1_60' title="bbox 2042 3224 3690 3305">
    <p class='ocr_par' dir='ltr' id='par_1_60' title="bbox 2042 3224 3690 3305">
     <span class='ocr_line' id='line_1_61' title="bbox 2042 3224 3690 3305; baseline 0.008 -26"><span class='ocrx_word' id='word_1_417' title='bbox 2042 3224 2338 3296; x_wconf 89' lang='lat' dir='ltr'>suggerite</span> <span class='ocrx_word' id='word_1_418' title='bbox 2368 3225 2415 3281; x_wconf 89' lang='lat' dir='ltr'>si</span> <span class='ocrx_word' id='word_1_419' title='bbox 2435 3227 2573 3296; x_wconf 87' lang='lat' dir='ltr'>quid</span> <span class='ocrx_word' id='word_1_420' title='bbox 2605 3229 2858 3285; x_wconf 90' lang='lat' dir='ltr'>occurrit</span> <span class='ocrx_word' id='word_1_421' title='bbox 2893 3230 3058 3287; x_wconf 90' lang='lat' dir='ltr'>vobis</span> <span class='ocrx_word' id='word_1_422' title='bbox 3085 3237 3479 3305; x_wconf 88' lang='lat' dir='ltr'>opportunum</span> <span class='ocrx_word' id='word_1_423' title='bbox 3511 3237 3690 3293; x_wconf 85' lang='lat' dir='ltr'>factu.</span> 
     </span>
    </p>
   </div>
   <div class='ocr_carea' id='block_1_61' title="bbox 2042 3313 3693 3397">
    <p class='ocr_par' dir='ltr' id='par_1_61' title="bbox 2042 3313 3693 3397">
     <span class='ocr_line' id='line_1_62' title="bbox 2042 3313 3693 3397; baseline 0.008 -29"><span class='ocrx_word' id='word_1_424' title='bbox 2042 3313 2193 3369; x_wconf 87' lang='lat' dir='ltr'>Faxo</span> <span class='ocrx_word' id='word_1_425' title='bbox 2223 3330 2294 3370; x_wconf 91' lang='lat' dir='ltr'>ne</span> <span class='ocrx_word' id='word_1_426' title='bbox 2326 3329 2419 3370; x_wconf 92' lang='lat' dir='ltr'>me</span> <span class='ocrx_word' id='word_1_427' title='bbox 2456 3317 2688 3372; x_wconf 90' lang='lat' dir='ltr'>tardum</span> <span class='ocrx_word' id='word_1_428' title='bbox 2721 3317 2780 3373; x_wconf 91' lang='lat' dir='ltr'>in</span> <span class='ocrx_word' id='word_1_429' title='bbox 2830 3320 3214 3388; x_wconf 89' lang='lat' dir='ltr'>admittendo,</span> <span class='ocrx_word' id='word_1_430' title='bbox 3265 3340 3405 3380; x_wconf 92' lang='lat' dir='ltr'>neve</span> <span class='ocrx_word' id='word_1_431' title='bbox 3450 3341 3693 3397; x_wconf 88' lang='lat' dir='ltr'>segnem</span> 
     </span>
    </p>
   </div>
   <div class='ocr_carea' id='block_1_62' title="bbox 2042 3402 3697 3487">
    <p class='ocr_par' dir='ltr' id='par_1_62' title="bbox 2042 3402 3697 3487">
     <span class='ocr_line' id='line_1_63' title="bbox 2042 3402 3697 3487; baseline 0.01 -31"><span class='ocrx_word' id='word_1_432' title='bbox 2042 3402 2102 3457; x_wconf 91' lang='lat' dir='ltr'>in</span> <span class='ocrx_word' id='word_1_433' title='bbox 2133 3405 2687 3476; x_wconf 86' lang='lat' dir='ltr'>exsequendo,quod</span> <span class='ocrx_word' id='word_1_434' title='bbox 2718 3406 2833 3463; x_wconf 88' lang='lat' dir='ltr'>tale</span> <span class='ocrx_word' id='word_1_435' title='bbox 2881 3411 3307 3482; x_wconf 90' lang='lat' dir='ltr'>proposueritis</span> <span class='ocrx_word' id='word_1_436' title='bbox 3356 3416 3520 3485; x_wconf 91' lang='lat' dir='ltr'>queri</span> <span class='ocrx_word' id='word_1_437' title='bbox 3555 3433 3697 3487; x_wconf 86' lang='lat' dir='ltr'>pos-</span> 
     </span>
    </p>
   </div>
   <div class='ocr_carea' id='block_1_63' title="bbox 2044 3490 3696 3572">
    <p class='ocr_par' dir='ltr' id='par_1_63' title="bbox 2044 3490 3696 3572">
     <span class='ocr_line' id='line_1_64' title="bbox 2044 3490 3696 3572; baseline 0.008 -26"><span class='ocrx_word' id='word_1_438' title='bbox 2044 3490 2194 3546; x_wconf 87' lang='lat' dir='ltr'>sitis.</span> <span class='ocrx_word' id='word_1_439' title='bbox 2225 3493 2309 3546; x_wconf 86' lang='lat' dir='ltr'>Ad</span> <span class='ocrx_word' id='word_1_440' title='bbox 2370 3508 2438 3548; x_wconf 91' lang='lat' dir='ltr'>ea</span> <span class='ocrx_word' id='word_1_441' title='bbox 2475 3493 2787 3562; x_wconf 88' lang='lat' dir='ltr'>Creborus,</span> <span class='ocrx_word' id='word_1_442' title='bbox 2838 3498 3101 3554; x_wconf 86' lang='lat' dir='ltr'>certatim</span> <span class='ocrx_word' id='word_1_443' title='bbox 3160 3502 3465 3572; x_wconf 85' lang='lat' dir='ltr'>adjutante</span> <span class='ocrx_word' id='word_1_444' title='bbox 3523 3504 3696 3559; x_wconf 93' lang='lat' dir='ltr'>Lino-</span> 
     </span>
    </p>
   </div>
   <div class='ocr_carea' id='block_1_64' title="bbox 286 3563 3697 3662">
    <p class='ocr_par' dir='ltr' id='par_1_64' title="bbox 286 3563 3697 3662">
     <span class='ocr_line' id='line_1_65' title="bbox 286 3563 3697 3662; baseline 0.002 -22"><span class='ocrx_word' id='word_1_445' title='bbox 286 3584 425 3640; x_wconf 86' lang='lat' dir='ltr'>Erat</span> <span class='ocrx_word' id='word_1_446' title='bbox 450 3600 547 3640; x_wconf 85' lang='lat' dir='ltr'>rex</span> <span class='ocrx_word' id='word_1_447' title='bbox 579 3563 837 3639; x_wconf 75' lang='lat' dir='ltr'>murium</span> <span class='ocrx_word' id='word_1_448' title='bbox 869 3563 1224 3653; x_wconf 81' lang='lat' dir='ltr'>’I‘roglodyta</span> <span class='ocrx_word' id='word_1_449' title='bbox 1254 3581 1509 3650; x_wconf 91' lang='lat' dir='ltr'>nomine,</span> <span class='ocrx_word' id='word_1_450' title='bbox 1542 3581 1748 3635; x_wconf 91' lang='lat' dir='ltr'>urbem</span> <span class='ocrx_word' id='word_1_451' title='bbox 1787 3580 1935 3634; x_wconf 90' lang='lat' dir='ltr'>bene</span> <span class='ocrx_word' id='word_1_452' title='bbox 1963 3563 2010 3630; x_wconf 87' lang='lat' dir='ltr'>C</span> <span class='ocrx_word' id='word_1_453' title='bbox 2050 3581 2213 3648; x_wconf 91' lang='lat' dir='ltr'>rodo,</span> <span class='ocrx_word' id='word_1_454' title='bbox 2263 3596 2547 3651; x_wconf 88' lang='lat' dir='ltr'>generosa</span> <span class='ocrx_word' id='word_1_455' title='bbox 2586 3583 2699 3639; x_wconf 90' lang='lat' dir='ltr'>ista</span> <span class='ocrx_word' id='word_1_456' title='bbox 2727 3588 2785 3640; x_wconf 87' lang='lat' dir='ltr'>et</span> <span class='ocrx_word' id='word_1_457' title='bbox 2814 3585 3162 3657; x_wconf 82' lang='lat' dir='ltr'>dignissima</span> <span class='ocrx_word' id='word_1_458' title='bbox 3213 3563 3478 3662; x_wconf 71' lang='lat' dir='ltr'>principe</span> <span class='ocrx_word' id='word_1_459' title='bbox 3525 3591 3697 3648; x_wconf 86' lang='lat' dir='ltr'>indu-</span> 
     </span>
    </p>
   </div>
   <div class='ocr_carea' id='block_1_65' title="bbox 289 3667 1938 3741">
    <p class='ocr_par' dir='ltr' id='par_1_65' title="bbox 289 3667 1938 3741">
     <span class='ocr_line' id='line_1_66' title="bbox 289 3667 1938 3741; baseline -0.005 -11"><span class='ocrx_word' id='word_1_460' title='bbox 289 3673 582 3730; x_wconf 88' lang='lat' dir='ltr'>munitam</span> <span class='ocrx_word' id='word_1_461' title='bbox 598 3673 660 3730; x_wconf 89' lang='lat' dir='ltr'>in</span> <span class='ocrx_word' id='word_1_462' title='bbox 682 3673 915 3729; x_wconf 90' lang='lat' dir='ltr'>deserta</span> <span class='ocrx_word' id='word_1_463' title='bbox 936 3675 992 3726; x_wconf 90' lang='lat' dir='ltr'>et</span> <span class='ocrx_word' id='word_1_464' title='bbox 1010 3669 1137 3726; x_wconf 89' lang='lat' dir='ltr'>avia</span> <span class='ocrx_word' id='word_1_465' title='bbox 1149 3669 1383 3741; x_wconf 90' lang='lat' dir='ltr'>regione</span> <span class='ocrx_word' id='word_1_466' title='bbox 1399 3685 1633 3724; x_wconf 90' lang='lat' dir='ltr'>summa</span> <span class='ocrx_word' id='word_1_467' title='bbox 1654 3667 1938 3738; x_wconf 89' lang='lat' dir='ltr'>tranquil-</span> 
     </span>
    </p>
   </div>
   <div class='ocr_carea' id='block_1_66' title="bbox 288 3757 1938 3832">
    <p class='ocr_par' dir='ltr' id='par_1_66' title="bbox 288 3757 1938 3832">
     <span class='ocr_line' id='line_1_67' title="bbox 288 3757 1938 3832; baseline -0.005 -14"><span class='ocrx_word' id='word_1_468' title='bbox 288 3763 454 3819; x_wconf 88' lang='lat' dir='ltr'>litate</span> <span class='ocrx_word' id='word_1_469' title='bbox 510 3762 805 3828; x_wconf 88' lang='lat' dir='ltr'>obtinens,</span> <span class='ocrx_word' id='word_1_470' title='bbox 880 3759 1344 3832; x_wconf 90' lang='lat' dir='ltr'>imperitansque</span> <span class='ocrx_word' id='word_1_471' title='bbox 1412 3757 1638 3830; x_wconf 90' lang='lat' dir='ltr'>ingenti</span> <span class='ocrx_word' id='word_1_472' title='bbox 1693 3771 1938 3811; x_wconf 91' lang='lat' dir='ltr'>numero</span> 
     </span>
    </p>
   </div>
   <div class='ocr_carea' id='block_1_67' title="bbox 291 3847 1940 3908">
    <p class='ocr_par' dir='ltr' id='par_1_67' title="bbox 291 3847 1940 3908">
     <span class='ocr_line' id='line_1_68' title="bbox 291 3847 1940 3908; baseline -0.005 0"><span class='ocrx_word' id='word_1_473' title='bbox 291 3868 558 3908; x_wconf 90' lang='lat' dir='ltr'>suorum.</span> <span class='ocrx_word' id='word_1_474' title='bbox 590 3852 731 3908; x_wconf 89' lang='lat' dir='ltr'>Tres</span> <span class='ocrx_word' id='word_1_475' title='bbox 763 3850 916 3906; x_wconf 90' lang='lat' dir='ltr'>circa</span> <span class='ocrx_word' id='word_1_476' title='bbox 946 3864 1008 3905; x_wconf 91' lang='lat' dir='ltr'>se</span> <span class='ocrx_word' id='word_1_477' title='bbox 1039 3849 1310 3905; x_wconf 90' lang='lat' dir='ltr'>assiduos</span> <span class='ocrx_word' id='word_1_478' title='bbox 1341 3847 1597 3903; x_wconf 88' lang='lat' dir='ltr'>habebat</span> <span class='ocrx_word' id='word_1_479' title='bbox 1641 3849 1940 3902; x_wconf 88' lang='lat' dir='ltr'>senatores</span> 
     </span>
    </p>
   </div>
   <div class='ocr_carea' id='block_1_68' title="bbox 293 3935 1942 4015">
    <p class='ocr_par' dir='ltr' id='par_1_68' title="bbox 293 3935 1942 4015">
     <span class='ocr_line' id='line_1_69' title="bbox 293 3935 1942 4015; baseline -0.005 -17"><span class='ocrx_word' id='word_1_480' title='bbox 293 3942 511 4015; x_wconf 89' lang='lat' dir='ltr'>gentis,</span> <span class='ocrx_word' id='word_1_481' title='bbox 547 3942 764 4013; x_wconf 90' lang='lat' dir='ltr'>quibus</span> <span class='ocrx_word' id='word_1_482' title='bbox 794 3941 1095 3996; x_wconf 83' lang='lat' dir='ltr'>deferebat</span> <span class='ocrx_word' id='word_1_483' title='bbox 1123 3940 1472 4011; x_wconf 89' lang='lat' dir='ltr'>plurimum;</span> <span class='ocrx_word' id='word_1_484' title='bbox 1503 3942 1560 3994; x_wconf 90' lang='lat' dir='ltr'>et</span> <span class='ocrx_word' id='word_1_485' title='bbox 1609 3941 1777 3994; x_wconf 89' lang='lat' dir='ltr'>erant</span> <span class='ocrx_word' id='word_1_486' title='bbox 1807 3935 1942 3991; x_wconf 91' lang='lat' dir='ltr'>lecti</span> 
     </span>
    </p>
   </div>
   <div class='ocr_carea' id='block_1_69' title="bbox 286 4026 1942 4102">
    <p class='ocr_par' dir='ltr' id='par_1_69' title="bbox 286 4026 1942 4102">
     <span class='ocr_line' id='line_1_70' title="bbox 286 4026 1942 4102; baseline -0.004 -15"><span class='ocrx_word' id='word_1_487' title='bbox 286 4047 498 4089; x_wconf 90' lang='lat' dir='ltr'>omnes</span> <span class='ocrx_word' id='word_1_488' title='bbox 520 4031 880 4102; x_wconf 84' lang='lat' dir='ltr'>expertique:</span> <span class='ocrx_word' id='word_1_489' title='bbox 907 4029 1008 4085; x_wconf 90' lang='lat' dir='ltr'>sed</span> <span class='ocrx_word' id='word_1_490' title='bbox 1039 4029 1267 4084; x_wconf 89' lang='lat' dir='ltr'>cunctis</span> <span class='ocrx_word' id='word_1_491' title='bbox 1284 4028 1608 4084; x_wconf 90' lang='lat' dir='ltr'>antistabat</span> <span class='ocrx_word' id='word_1_492' title='bbox 1638 4026 1942 4083; x_wconf 90' lang='lat' dir='ltr'>intervallo</span> 
     </span>
    </p>
   </div>
   <div class='ocr_carea' id='block_1_70' title="bbox 289 4117 1946 4191">
    <p class='ocr_par' dir='ltr' id='par_1_70' title="bbox 289 4117 1946 4191">
     <span class='ocr_line' id='line_1_71' title="bbox 289 4117 1946 4191; baseline -0.003 -15"><span class='ocrx_word' id='word_1_493' title='bbox 289 4119 574 4189; x_wconf 87' lang='lat' dir='ltr'>maxime,</span> <span class='ocrx_word' id='word_1_494' title='bbox 608 4118 709 4191; x_wconf 91' lang='lat' dir='ltr'>qui</span> <span class='ocrx_word' id='word_1_495' title='bbox 750 4117 1130 4189; x_wconf 84' lang='lat' dir='ltr'>Tyrophagus</span> <span class='ocrx_word' id='word_1_496' title='bbox 1177 4118 1514 4186; x_wconf 89' lang='lat' dir='ltr'>vocabatur,</span> <span class='ocrx_word' id='word_1_497' title='bbox 1573 4117 1857 4172; x_wconf 84' lang='lat' dir='ltr'>Creoboro</span> <span class='ocrx_word' id='word_1_498' title='bbox 1889 4120 1946 4172; x_wconf 92' lang='lat' dir='ltr'>et</span> 
     </span>
    </p>
   </div>
   <div class='ocr_carea' id='block_1_71' title="bbox 295 4205 1944 4279">
    <p class='ocr_par' dir='ltr' id='par_1_71' title="bbox 295 4205 1944 4279">
     <span class='ocr_line' id='line_1_72' title="bbox 295 4205 1944 4279; baseline -0.003 -15"><span class='ocrx_word' id='word_1_499' title='bbox 295 4207 588 4264; x_wconf 90' lang='lat' dir='ltr'>Linoredo</span> <span class='ocrx_word' id='word_1_500' title='bbox 620 4207 886 4279; x_wconf 87' lang='lat' dir='ltr'>(nomina</span> <span class='ocrx_word' id='word_1_501' title='bbox 920 4207 1039 4262; x_wconf 63' lang='lat' dir='ltr'>hac</span> <span class='ocrx_word' id='word_1_502' title='bbox 1071 4210 1238 4262; x_wconf 86' lang='lat' dir='ltr'>erant</span> <span class='ocrx_word' id='word_1_503' title='bbox 1266 4207 1451 4262; x_wconf 90' lang='lat' dir='ltr'>duum</span> <span class='ocrx_word' id='word_1_504' title='bbox 1483 4205 1754 4275; x_wconf 88' lang='lat' dir='ltr'>aliorum)</span> <span class='ocrx_word' id='word_1_505' title='bbox 1784 4205 1944 4260; x_wconf 84' lang='lat' dir='ltr'>haud</span> 
     </span>
    </p>
   </div>
   <div class='ocr_carea' id='block_1_72' title="bbox 296 4293 1947 4369">
    <p class='ocr_par' dir='ltr' id='par_1_72' title="bbox 296 4293 1947 4369">
     <span class='ocr_line' id='line_1_73' title="bbox 296 4293 1947 4369; baseline -0.002 -16"><span class='ocrx_word' id='word_1_506' title='bbox 296 4298 476 4369; x_wconf 87' lang='lat' dir='ltr'>paulo</span> <span class='ocrx_word' id='word_1_507' title='bbox 506 4297 870 4368; x_wconf 88' lang='lat' dir='ltr'>prudentior.</span> <span class='ocrx_word' id='word_1_508' title='bbox 906 4297 974 4352; x_wconf 85' lang='lat' dir='ltr'>Hi</span> <span class='ocrx_word' id='word_1_509' title='bbox 1007 4311 1213 4352; x_wconf 91' lang='lat' dir='ltr'>omnes</span> <span class='ocrx_word' id='word_1_510' title='bbox 1256 4296 1510 4367; x_wconf 85' lang='lat' dir='ltr'>quadam</span> <span class='ocrx_word' id='word_1_511' title='bbox 1559 4294 1652 4350; x_wconf 91' lang='lat' dir='ltr'>die</span> <span class='ocrx_word' id='word_1_512' title='bbox 1695 4293 1947 4349; x_wconf 92' lang='lat' dir='ltr'>circum-</span> 
     </span>
    </p>
   </div>
   <div class='ocr_carea' id='block_1_73' title="bbox 286 4383 1948 4457">
    <p class='ocr_par' dir='ltr' id='par_1_73' title="bbox 286 4383 1948 4457">
     <span class='ocr_line' id='line_1_74' title="bbox 286 4383 1948 4457; baseline -0.004 -14"><span class='ocrx_word' id='word_1_513' title='bbox 286 4389 523 4444; x_wconf 77' lang='lat' dir='ltr'>stantes</span> <span class='ocrx_word' id='word_1_514' title='bbox 544 4401 764 4457; x_wconf 90' lang='lat' dir='ltr'>regem,</span> <span class='ocrx_word' id='word_1_515' title='bbox 797 4384 926 4441; x_wconf 91' lang='lat' dir='ltr'>eiet</span> <span class='ocrx_word' id='word_1_516' title='bbox 959 4385 1202 4440; x_wconf 89' lang='lat' dir='ltr'>invicem</span> <span class='ocrx_word' id='word_1_517' title='bbox 1249 4383 1701 4457; x_wconf 88' lang='lat' dir='ltr'>gratulabantur</span> <span class='ocrx_word' id='word_1_518' title='bbox 1746 4399 1948 4455; x_wconf 86' lang='lat' dir='ltr'>pacem</span> 
     </span>
    </p>
   </div>
   <div class='ocr_carea' id='block_1_74' title="bbox 287 4472 1950 4545">
    <p class='ocr_par' dir='ltr' id='par_1_74' title="bbox 287 4472 1950 4545">
     <span class='ocr_line' id='line_1_75' title="bbox 287 4472 1950 4545; baseline -0.003 -14"><span class='ocrx_word' id='word_1_519' title='bbox 287 4478 357 4531; x_wconf 79' lang='lat' dir='ltr'>et</span> <span class='ocrx_word' id='word_1_520' title='bbox 386 4474 834 4545; x_wconf 89' lang='lat' dir='ltr'>prosperitatem</span> <span class='ocrx_word' id='word_1_521' title='bbox 865 4491 1086 4543; x_wconf 88' lang='lat' dir='ltr'>rerum,</span> <span class='ocrx_word' id='word_1_522' title='bbox 1119 4490 1298 4545; x_wconf 90' lang='lat' dir='ltr'>quam</span> <span class='ocrx_word' id='word_1_523' title='bbox 1343 4473 1518 4529; x_wconf 89' lang='lat' dir='ltr'>unica</span> <span class='ocrx_word' id='word_1_524' title='bbox 1549 4473 1832 4528; x_wconf 85' lang='lat' dir='ltr'>duntaxat</span> <span class='ocrx_word' id='word_1_525' title='bbox 1858 4472 1950 4527; x_wconf 89' lang='lat' dir='ltr'>in-</span> 
     </span>
    </p>
   </div>
   <div class='ocr_carea' id='block_1_75' title="bbox 296 4563 1953 4636">
    <p class='ocr_par' dir='ltr' id='par_1_75' title="bbox 296 4563 1953 4636">
     <span class='ocr_line' id='line_1_76' title="bbox 296 4563 1953 4636; baseline -0.002 -16"><span class='ocrx_word' id='word_1_526' title='bbox 296 4563 639 4636; x_wconf 89' lang='lat' dir='ltr'>terpellaret</span> <span class='ocrx_word' id='word_1_527' title='bbox 667 4563 1000 4620; x_wconf 90' lang='lat' dir='ltr'>sollicitudo</span> <span class='ocrx_word' id='word_1_528' title='bbox 1034 4564 1106 4618; x_wconf 92' lang='lat' dir='ltr'>ab</span> <span class='ocrx_word' id='word_1_529' title='bbox 1132 4564 1469 4619; x_wconf 90' lang='lat' dir='ltr'>incursibus</span> <span class='ocrx_word' id='word_1_530' title='bbox 1526 4563 1751 4633; x_wconf 90' lang='lat' dir='ltr'>felium,</span> <span class='ocrx_word' id='word_1_531' title='bbox 1813 4580 1953 4635; x_wconf 91' lang='lat' dir='ltr'>quo-</span> 
     </span>
    </p>
   </div>
   <div class='ocr_carea' id='block_1_76' title="bbox 291 4653 1952 4727">
    <p class='ocr_par' dir='ltr' id='par_1_76' title="bbox 291 4653 1952 4727">
     <span class='ocr_line' id='line_1_77' title="bbox 291 4653 1952 4727; baseline -0.001 -17"><span class='ocrx_word' id='word_1_532' title='bbox 291 4670 436 4717; x_wconf 76' lang='lat' dir='ltr'>rum</span> <span class='ocrx_word' id='word_1_533' title='bbox 457 4658 613 4710; x_wconf 88' lang='lat' dir='ltr'>esset</span> <span class='ocrx_word' id='word_1_534' title='bbox 644 4655 869 4710; x_wconf 91' lang='lat' dir='ltr'>dudum</span> <span class='ocrx_word' id='word_1_535' title='bbox 902 4655 1169 4727; x_wconf 91' lang='lat' dir='ltr'>ipsorum</span> <span class='ocrx_word' id='word_1_536' title='bbox 1200 4654 1396 4726; x_wconf 90' lang='lat' dir='ltr'>generi</span> <span class='ocrx_word' id='word_1_537' title='bbox 1421 4657 1478 4709; x_wconf 93' lang='lat' dir='ltr'>et</span> <span class='ocrx_word' id='word_1_538' title='bbox 1498 4653 1811 4709; x_wconf 87' lang='lat' dir='ltr'>multitudo</span> <span class='ocrx_word' id='word_1_539' title='bbox 1836 4654 1952 4708; x_wconf 87' lang='lat' dir='ltr'>for-</span> 
     </span>
    </p>
   </div>
   <div class='ocr_carea' id='block_1_77' title="bbox 301 4742 1955 4811">
    <p class='ocr_par' dir='ltr' id='par_1_77' title="bbox 301 4742 1955 4811">
     <span class='ocr_line' id='line_1_78' title="bbox 301 4742 1955 4811; baseline -0.001 -13"><span class='ocrx_word' id='word_1_540' title='bbox 301 4742 618 4811; x_wconf 60' lang='lat' dir='ltr'>midologa,</span> <span class='ocrx_word' id='word_1_541' title='bbox 640 4747 696 4799; x_wconf 91' lang='lat' dir='ltr'>et</span> <span class='ocrx_word' id='word_1_542' title='bbox 737 4743 828 4798; x_wconf 84' lang='lat' dir='ltr'>vis</span> <span class='ocrx_word' id='word_1_543' title='bbox 861 4761 926 4799; x_wconf 92' lang='lat' dir='ltr'>ac</span> <span class='ocrx_word' id='word_1_544' title='bbox 957 4743 1273 4800; x_wconf 89' lang='lat' dir='ltr'>crudelitas</span> <span class='ocrx_word' id='word_1_545' title='bbox 1326 4742 1736 4798; x_wconf 88' lang='lat' dir='ltr'>intolerabilis.</span> <span class='ocrx_word' id='word_1_546' title='bbox 1769 4745 1955 4807; x_wconf 86' lang='lat' dir='ltr'>Quare</span> 
     </span>
    </p>
   </div>
   <div class='ocr_carea' id='block_1_78' title="bbox 299 4831 1957 4905">
    <p class='ocr_par' dir='ltr' id='par_1_78' title="bbox 299 4831 1957 4905">
     <span class='ocr_line' id='line_1_79' title="bbox 299 4831 1957 4905; baseline 0 -19"><span class='ocrx_word' id='word_1_547' title='bbox 299 4831 419 4887; x_wconf 90' lang='lat' dir='ltr'>duo</span> <span class='ocrx_word' id='word_1_548' title='bbox 481 4833 760 4903; x_wconf 90' lang='lat' dir='ltr'>postremi</span> <span class='ocrx_word' id='word_1_549' title='bbox 817 4837 1050 4905; x_wconf 90' lang='lat' dir='ltr'>tempus</span> <span class='ocrx_word' id='word_1_550' title='bbox 1109 4849 1237 4888; x_wconf 90' lang='lat' dir='ltr'>esse</span> <span class='ocrx_word' id='word_1_551' title='bbox 1268 4832 1525 4900; x_wconf 88' lang='lat' dir='ltr'>aiebant,</span> <span class='ocrx_word' id='word_1_552' title='bbox 1575 4833 1634 4886; x_wconf 94' lang='lat' dir='ltr'>in</span> <span class='ocrx_word' id='word_1_553' title='bbox 1675 4832 1786 4887; x_wconf 91' lang='lat' dir='ltr'>hoc</span> <span class='ocrx_word' id='word_1_554' title='bbox 1817 4832 1957 4887; x_wconf 88' lang='lat' dir='ltr'>ﬂore</span> 
     </span>
    </p>
   </div>
   <div class='ocr_carea' id='block_1_79' title="bbox 2045 3669 3698 3751">
    <p class='ocr_par' dir='ltr' id='par_1_79' title="bbox 2045 3669 3698 3751">
     <span class='ocr_line' id='line_1_80' title="bbox 2045 3669 3698 3751; baseline 0.009 -29"><span class='ocrx_word' id='word_1_555' title='bbox 2045 3671 2236 3724; x_wconf 89' lang='lat' dir='ltr'>ctione</span> <span class='ocrx_word' id='word_1_556' title='bbox 2267 3669 2446 3724; x_wconf 91' lang='lat' dir='ltr'>animi</span> <span class='ocrx_word' id='word_1_557' title='bbox 2490 3671 2748 3738; x_wconf 89' lang='lat' dir='ltr'>laudata,</span> <span class='ocrx_word' id='word_1_558' title='bbox 2798 3673 3235 3733; x_wconf 84' lang='lat' dir='ltr'>incalescebant</span> <span class='ocrx_word' id='word_1_559' title='bbox 3262 3681 3320 3733; x_wconf 89' lang='lat' dir='ltr'>in</span> <span class='ocrx_word' id='word_1_560' title='bbox 3371 3682 3698 3751; x_wconf 90' lang='lat' dir='ltr'>suadendo,</span> 
     </span>
    </p>
   </div>
   <div class='ocr_carea' id='block_1_80' title="bbox 2048 3758 3698 3830">
    <p class='ocr_par' dir='ltr' id='par_1_80' title="bbox 2048 3758 3698 3830">
     <span class='ocr_line' id='line_1_81' title="bbox 2048 3758 3698 3830; baseline 0.008 -18"><span class='ocrx_word' id='word_1_561' title='bbox 2048 3761 2111 3812; x_wconf 92' lang='lat' dir='ltr'>ut</span> <span class='ocrx_word' id='word_1_562' title='bbox 2140 3758 2612 3815; x_wconf 88' lang='lat' dir='ltr'>conscriberetur</span> <span class='ocrx_word' id='word_1_563' title='bbox 2643 3777 2816 3830; x_wconf 90' lang='lat' dir='ltr'>quam</span> <span class='ocrx_word' id='word_1_564' title='bbox 2851 3766 3378 3822; x_wconf 90' lang='lat' dir='ltr'>numerosissimus</span> <span class='ocrx_word' id='word_1_565' title='bbox 3409 3771 3698 3826; x_wconf 86' lang='lat' dir='ltr'>exercitus</span> 
     </span>
    </p>
   </div>
   <div class='ocr_carea' id='block_1_81' title="bbox 2047 3848 3697 3926">
    <p class='ocr_par' dir='ltr' id='par_1_81' title="bbox 2047 3848 3697 3926">
     <span class='ocr_line' id='line_1_82' title="bbox 2047 3848 3697 3926; baseline 0.007 -24"><span class='ocrx_word' id='word_1_566' title='bbox 2047 3851 2240 3918; x_wconf 88' lang='lat' dir='ltr'>posset</span> <span class='ocrx_word' id='word_1_567' title='bbox 2271 3863 2339 3903; x_wconf 85' lang='lat' dir='ltr'>ex</span> <span class='ocrx_word' id='word_1_568' title='bbox 2367 3851 2507 3903; x_wconf 90' lang='lat' dir='ltr'>tunc</span> <span class='ocrx_word' id='word_1_569' title='bbox 2539 3848 2876 3907; x_wconf 90' lang='lat' dir='ltr'>abundante</span> <span class='ocrx_word' id='word_1_570' title='bbox 2909 3853 3216 3922; x_wconf 88' lang='lat' dir='ltr'>juventute</span> <span class='ocrx_word' id='word_1_571' title='bbox 3263 3857 3489 3926; x_wconf 85' lang='lat' dir='ltr'>gentis;</span> <span class='ocrx_word' id='word_1_572' title='bbox 3517 3859 3697 3913; x_wconf 91' lang='lat' dir='ltr'>duces</span> 
     </span>
    </p>
   </div>
   <div class='ocr_carea' id='block_1_82' title="bbox 2048 3936 3697 4014">
    <p class='ocr_par' dir='ltr' id='par_1_82' title="bbox 2048 3936 3697 4014">
     <span class='ocr_line' id='line_1_83' title="bbox 2048 3936 3697 4014; baseline 0.006 -23"><span class='ocrx_word' id='word_1_573' title='bbox 2048 3937 2183 3992; x_wconf 90' lang='lat' dir='ltr'>inde</span> <span class='ocrx_word' id='word_1_574' title='bbox 2212 3936 2358 4008; x_wconf 90' lang='lat' dir='ltr'>ipsis</span> <span class='ocrx_word' id='word_1_575' title='bbox 2392 3939 2815 4010; x_wconf 65' lang='lat' dir='ltr'>praeponendos</span> <span class='ocrx_word' id='word_1_576' title='bbox 2847 3957 3020 4012; x_wconf 92' lang='lat' dir='ltr'>quam</span> <span class='ocrx_word' id='word_1_577' title='bbox 3067 3944 3612 4014; x_wconf 85' lang='lat' dir='ltr'>experientissimos</span> <span class='ocrx_word' id='word_1_578' title='bbox 3641 3951 3697 4001; x_wconf 89' lang='lat' dir='ltr'>et</span> 
     </span>
    </p>
   </div>
   <div class='ocr_carea' id='block_1_83' title="bbox 2050 4027 3696 4105">
    <p class='ocr_par' dir='ltr' id='par_1_83' title="bbox 2050 4027 3696 4105">
     <span class='ocr_line' id='line_1_84' title="bbox 2050 4027 3696 4105; baseline 0.004 -23"><span class='ocrx_word' id='word_1_579' title='bbox 2050 4027 2423 4094; x_wconf 85' lang='lat' dir='ltr'>fortissimos,</span> <span class='ocrx_word' id='word_1_580' title='bbox 2447 4032 2575 4084; x_wconf 89' lang='lat' dir='ltr'>tum</span> <span class='ocrx_word' id='word_1_581' title='bbox 2626 4030 2920 4088; x_wconf 89' lang='lat' dir='ltr'>fortunam</span> <span class='ocrx_word' id='word_1_582' title='bbox 2943 4035 3311 4103; x_wconf 90' lang='lat' dir='ltr'>tentandam,</span> <span class='ocrx_word' id='word_1_583' title='bbox 3336 4051 3465 4105; x_wconf 69' lang='lat' dir='ltr'>quae</span> <span class='ocrx_word' id='word_1_584' title='bbox 3501 4039 3564 4089; x_wconf 93' lang='lat' dir='ltr'>ut</span> <span class='ocrx_word' id='word_1_585' title='bbox 3581 4035 3696 4091; x_wconf 92' lang='lat' dir='ltr'>dici</span> 
     </span>
    </p>
   </div>
   <div class='ocr_carea' id='block_1_84' title="bbox 2052 4117 3696 4196">
    <p class='ocr_par' dir='ltr' id='par_1_84' title="bbox 2052 4117 3696 4196">
     <span class='ocr_line' id='line_1_85' title="bbox 2052 4117 3696 4196; baseline 0.004 -23"><span class='ocrx_word' id='word_1_586' title='bbox 2052 4117 2217 4185; x_wconf 88' lang='lat' dir='ltr'>solet,</span> <span class='ocrx_word' id='word_1_587' title='bbox 2251 4119 2528 4174; x_wconf 89' lang='lat' dir='ltr'>audentes</span> <span class='ocrx_word' id='word_1_588' title='bbox 2550 4119 2754 4189; x_wconf 87' lang='lat' dir='ltr'>juvat:</span> <span class='ocrx_word' id='word_1_589' title='bbox 2790 4137 2902 4178; x_wconf 92' lang='lat' dir='ltr'>non</span> <span class='ocrx_word' id='word_1_590' title='bbox 2937 4127 3154 4178; x_wconf 91' lang='lat' dir='ltr'>temere</span> <span class='ocrx_word' id='word_1_591' title='bbox 3200 4123 3381 4179; x_wconf 86' lang='lat' dir='ltr'>videri</span> <span class='ocrx_word' id='word_1_592' title='bbox 3414 4140 3696 4196; x_wconf 83' lang='lat' dir='ltr'>magnum</span> 
     </span>
    </p>
   </div>
   <div class='ocr_carea' id='block_1_85' title="bbox 2051 4206 3425 4283">
    <p class='ocr_par' dir='ltr' id='par_1_85' title="bbox 2051 4206 3425 4283">
     <span class='ocr_line' id='line_1_86' title="bbox 2051 4206 3425 4283; baseline 0.004 -20"><span class='ocrx_word' id='word_1_593' title='bbox 2051 4223 2120 4263; x_wconf 85' lang='lat' dir='ltr'>ex</span> <span class='ocrx_word' id='word_1_594' title='bbox 2150 4206 2263 4263; x_wconf 88' lang='lat' dir='ltr'>isto</span> <span class='ocrx_word' id='word_1_595' title='bbox 2294 4211 2504 4262; x_wconf 89' lang='lat' dir='ltr'>conatu</span> <span class='ocrx_word' id='word_1_596' title='bbox 2539 4225 2728 4279; x_wconf 67' lang='lat' dir='ltr'>operas</span> <span class='ocrx_word' id='word_1_597' title='bbox 2757 4209 3011 4280; x_wconf 87' lang='lat' dir='ltr'>pretium</span> <span class='ocrx_word' id='word_1_598' title='bbox 3044 4214 3425 4283; x_wconf 89' lang='lat' dir='ltr'>sperandum.</span> 
     </span>
    </p>
   </div>
   <div class='ocr_carea' id='block_1_86' title="bbox 2127 4296 3703 4372">
    <p class='ocr_par' dir='ltr' id='par_1_86' title="bbox 2127 4296 3703 4372">
     <span class='ocr_line' id='line_1_87' title="bbox 2127 4296 3703 4372; baseline 0.006 -22"><span class='ocrx_word' id='word_1_599' title='bbox 2127 4298 2200 4351; x_wconf 90' lang='lat' dir='ltr'><strong>II.</strong></span> <span class='ocrx_word' id='word_1_600' title='bbox 2233 4296 2399 4351; x_wconf 88' lang='lat' dir='ltr'>Talia</span> <span class='ocrx_word' id='word_1_601' title='bbox 2428 4297 2558 4352; x_wconf 90' lang='lat' dir='ltr'>istis</span> <span class='ocrx_word' id='word_1_602' title='bbox 2586 4298 3038 4372; x_wconf 88' lang='lat' dir='ltr'>disserentihus,</span> <span class='ocrx_word' id='word_1_603' title='bbox 3070 4301 3388 4357; x_wconf 89' lang='lat' dir='ltr'>dormitare</span> <span class='ocrx_word' id='word_1_604' title='bbox 3407 4307 3510 4358; x_wconf 90' lang='lat' dir='ltr'>aut</span> <span class='ocrx_word' id='word_1_605' title='bbox 3540 4302 3703 4359; x_wconf 91' lang='lat' dir='ltr'>aliud</span> 
     </span>
    </p>
   </div>
   <div class='ocr_carea' id='block_1_87' title="bbox 2056 4385 3706 4464">
    <p class='ocr_par' dir='ltr' id='par_1_87' title="bbox 2056 4385 3706 4464">
     <span class='ocr_line' id='line_1_88' title="bbox 2056 4385 3706 4464; baseline 0.005 -24"><span class='ocrx_word' id='word_1_606' title='bbox 2056 4401 2225 4457; x_wconf 87' lang='lat' dir='ltr'>agere</span> <span class='ocrx_word' id='word_1_607' title='bbox 2249 4385 2630 4457; x_wconf 86' lang='lat' dir='ltr'>Tyrophagus</span> <span class='ocrx_word' id='word_1_608' title='bbox 2677 4387 3357 4460; x_wconf 86' lang='lat' dir='ltr'>videbatur,admirante</span> <span class='ocrx_word' id='word_1_609' title='bbox 3389 4408 3559 4463; x_wconf 88' lang='lat' dir='ltr'>rege;</span> <span class='ocrx_word' id='word_1_610' title='bbox 3604 4392 3706 4464; x_wconf 91' lang='lat' dir='ltr'>qui</span> 
     </span>
    </p>
   </div>
   <div class='ocr_carea' id='block_1_88' title="bbox 2054 4475 3706 4550">
    <p class='ocr_par' dir='ltr' id='par_1_88' title="bbox 2054 4475 3706 4550">
     <span class='ocr_line' id='line_1_89' title="bbox 2054 4475 3706 4550; baseline 0.005 -22"><span class='ocrx_word' id='word_1_611' title='bbox 2054 4475 2293 4529; x_wconf 90' lang='lat' dir='ltr'>tandem</span> <span class='ocrx_word' id='word_1_612' title='bbox 2326 4476 2711 4546; x_wconf 85' lang='lat' dir='ltr'>postlongum</span> <span class='ocrx_word' id='word_1_613' title='bbox 2741 4476 2870 4547; x_wconf 90' lang='lat' dir='ltr'>ejus</span> <span class='ocrx_word' id='word_1_614' title='bbox 2894 4476 3400 4546; x_wconf 89' lang='lat' dir='ltr'>silentium,Miror</span> <span class='ocrx_word' id='word_1_615' title='bbox 3425 4486 3482 4536; x_wconf 89' lang='lat' dir='ltr'>te</span> <span class='ocrx_word' id='word_1_616' title='bbox 3510 4480 3706 4550; x_wconf 91' lang='lat' dir='ltr'>hodie,</span> 
     </span>
    </p>
   </div>
   <div class='ocr_carea' id='block_1_89' title="bbox 2057 4564 3715 4639">
    <p class='ocr_par' dir='ltr' id='par_1_89' title="bbox 2057 4564 3715 4639">
     <span class='ocr_line' id='line_1_90' title="bbox 2057 4564 3715 4639; baseline 0.002 -18"><span class='ocrx_word' id='word_1_617' title='bbox 2057 4566 2420 4636; x_wconf 84' lang='lat' dir='ltr'>Tyropbage,</span> <span class='ocrx_word' id='word_1_618' title='bbox 2469 4564 2528 4619; x_wconf 92' lang='lat' dir='ltr'>in</span> <span class='ocrx_word' id='word_1_619' title='bbox 2574 4565 2819 4621; x_wconf 91' lang='lat' dir='ltr'>consilio</span> <span class='ocrx_word' id='word_1_620' title='bbox 2867 4571 3058 4622; x_wconf 89' lang='lat' dir='ltr'>tacere</span> <span class='ocrx_word' id='word_1_621' title='bbox 3103 4573 3314 4639; x_wconf 63' lang='lat' dir='ltr'>prater</span> <span class='ocrx_word' id='word_1_622' title='bbox 3345 4586 3587 4626; x_wconf 89' lang='lat' dir='ltr'>morem.</span> <span class='ocrx_word' id='word_1_623' title='bbox 3627 4575 3715 4625; x_wconf 85' lang='lat' dir='ltr'>An</span> 
     </span>
    </p>
   </div>
   <div class='ocr_carea' id='block_1_90' title="bbox 2062 4653 3719 4725">
    <p class='ocr_par' dir='ltr' id='par_1_90' title="bbox 2062 4653 3719 4725">
     <span class='ocr_line' id='line_1_91' title="bbox 2062 4653 3719 4725; baseline 0.004 -16"><span class='ocrx_word' id='word_1_624' title='bbox 2062 4654 2298 4709; x_wconf 91' lang='lat' dir='ltr'>dubitas</span> <span class='ocrx_word' id='word_1_625' title='bbox 2330 4670 2486 4708; x_wconf 91' lang='lat' dir='ltr'>nunc</span> <span class='ocrx_word' id='word_1_626' title='bbox 2505 4653 2758 4725; x_wconf 91' lang='lat' dir='ltr'>primum</span> <span class='ocrx_word' id='word_1_627' title='bbox 2780 4659 2879 4710; x_wconf 86' lang='lat' dir='ltr'>tua</span> <span class='ocrx_word' id='word_1_628' title='bbox 2901 4655 3036 4710; x_wconf 91' lang='lat' dir='ltr'>huic</span> <span class='ocrx_word' id='word_1_629' title='bbox 3058 4657 3233 4712; x_wconf 87' lang='lat' dir='ltr'>ccetui</span> <span class='ocrx_word' id='word_1_630' title='bbox 3256 4658 3719 4715; x_wconf 89' lang='lat' dir='ltr'>sensacommit-</span> 
     </span>
    </p>
   </div>
   <div class='ocr_carea' id='block_1_91' title="bbox 2061 4745 3714 4820">
    <p class='ocr_par' dir='ltr' id='par_1_91' title="bbox 2061 4745 3714 4820">
     <span class='ocr_line' id='line_1_92' title="bbox 2061 4745 3714 4820; baseline 0.004 -21"><span class='ocrx_word' id='word_1_631' title='bbox 2061 4749 2204 4809; x_wconf 91' lang='lat' dir='ltr'>tere,</span> <span class='ocrx_word' id='word_1_632' title='bbox 2237 4760 2362 4815; x_wconf 72' lang='lat' dir='ltr'>quae</span> <span class='ocrx_word' id='word_1_633' title='bbox 2393 4747 2536 4811; x_wconf 91' lang='lat' dir='ltr'>tam,</span> <span class='ocrx_word' id='word_1_634' title='bbox 2572 4759 2722 4815; x_wconf 74' lang='lat' dir='ltr'>saepe</span> <span class='ocrx_word' id='word_1_635' title='bbox 2750 4745 3146 4816; x_wconf 84' lang='lat' dir='ltr'>suspeximus,</span> <span class='ocrx_word' id='word_1_636' title='bbox 3182 4748 3352 4817; x_wconf 88' lang='lat' dir='ltr'>quasi</span> <span class='ocrx_word' id='word_1_637' title='bbox 3386 4750 3714 4820; x_wconf 89' lang='lat' dir='ltr'>periculum</span> 
     </span>
    </p>
   </div>
   <div class='ocr_carea' id='block_1_92' title="bbox 2066 4831 3718 4906">
    <p class='ocr_par' dir='ltr' id='par_1_92' title="bbox 2066 4831 3718 4906">
     <span class='ocr_line' id='line_1_93' title="bbox 2066 4831 3718 4906; baseline 0.002 -18"><span class='ocrx_word' id='word_1_638' title='bbox 2066 4833 2140 4888; x_wconf 87' lang='lat' dir='ltr'>sit</span> <span class='ocrx_word' id='word_1_639' title='bbox 2173 4836 2273 4888; x_wconf 92' lang='lat' dir='ltr'>aut</span> <span class='ocrx_word' id='word_1_640' title='bbox 2305 4849 2376 4888; x_wconf 90' lang='lat' dir='ltr'>ne</span> <span class='ocrx_word' id='word_1_641' title='bbox 2406 4831 2547 4886; x_wconf 89' lang='lat' dir='ltr'>talia</span> <span class='ocrx_word' id='word_1_642' title='bbox 2586 4832 2703 4888; x_wconf 88' lang='lat' dir='ltr'>sint</span> <span class='ocrx_word' id='word_1_643' title='bbox 2727 4849 2854 4903; x_wconf 62' lang='lat' dir='ltr'>quas</span> <span class='ocrx_word' id='word_1_644' title='bbox 2885 4835 3081 4905; x_wconf 90' lang='lat' dir='ltr'>sperni</span> <span class='ocrx_word' id='word_1_645' title='bbox 3125 4841 3361 4906; x_wconf 90' lang='lat' dir='ltr'>queant,</span> <span class='ocrx_word' id='word_1_646' title='bbox 3398 4844 3520 4906; x_wconf 89' lang='lat' dir='ltr'>aut,</span> <span class='ocrx_word' id='word_1_647' title='bbox 3553 4839 3640 4894; x_wconf 90' lang='lat' dir='ltr'>vel</span> <span class='ocrx_word' id='word_1_648' title='bbox 3668 4838 3718 4893; x_wconf 90' lang='lat' dir='ltr'>si</span> 
     </span>
    </p>
   </div>
   <div class='ocr_carea' id='block_1_93' title="bbox 305 4919 3722 4998">
    <p class='ocr_par' dir='ltr' id='par_1_93' title="bbox 305 4919 3722 4998">
     <span class='ocr_line' id='line_1_94' title="bbox 305 4919 3722 4998; baseline 0.001 -23"><span class='ocrx_word' id='word_1_649' title='bbox 305 4922 556 4976; x_wconf 62' lang='lat' dir='ltr'>fortuna</span> <span class='ocrx_word' id='word_1_650' title='bbox 588 4921 854 4994; x_wconf 66' lang='lat' dir='ltr'>publicae,</span> <span class='ocrx_word' id='word_1_651' title='bbox 898 4922 1246 4994; x_wconf 90' lang='lat' dir='ltr'>dispiciendi</span> <span class='ocrx_word' id='word_1_652' title='bbox 1305 4939 1448 4977; x_wconf 91' lang='lat' dir='ltr'>num</span> <span class='ocrx_word' id='word_1_653' title='bbox 1508 4922 1649 4992; x_wconf 89' lang='lat' dir='ltr'>quid</span> <span class='ocrx_word' id='word_1_654' title='bbox 1702 4921 1957 4993; x_wconf 85' lang='lat' dir='ltr'>expediri</span> <span class='ocrx_word' id='word_1_655' title='bbox 1991 4920 2204 4998; x_wconf 83' lang='lat' dir='ltr'>unid</span> <span class='ocrx_word' id='word_1_656' title='bbox 2261 4919 2496 4974; x_wconf 73' lang='lat' dir='ltr'>afferres</span> <span class='ocrx_word' id='word_1_657' title='bbox 2551 4919 2704 4989; x_wconf 91' lang='lat' dir='ltr'>quod</span> <span class='ocrx_word' id='word_1_658' title='bbox 2760 4937 2876 4975; x_wconf 91' lang='lat' dir='ltr'>non</span> <span class='ocrx_word' id='word_1_659' title='bbox 2937 4923 3303 4992; x_wconf 87' lang='lat' dir='ltr'>probaretur,</span> <span class='ocrx_word' id='word_1_660' title='bbox 3336 4926 3409 4980; x_wconf 92' lang='lat' dir='ltr'>ad</span> <span class='ocrx_word' id='word_1_661' title='bbox 3467 4927 3722 4980; x_wconf 86' lang='lat' dir='ltr'>dedecus</span> 
     </span>
    </p>
   </div>
   <div class='ocr_carea' id='block_1_94' title="bbox 309 5010 1960 5083">
    <p class='ocr_par' dir='ltr' id='par_1_94' title="bbox 309 5010 1960 5083">
     <span class='ocr_line' id='line_1_95' title="bbox 309 5010 1960 5083; baseline 0 -17"><span class='ocrx_word' id='word_1_662' title='bbox 309 5010 544 5066; x_wconf 90' lang='lat' dir='ltr'>consilii</span> <span class='ocrx_word' id='word_1_663' title='bbox 562 5015 762 5083; x_wconf 89' lang='lat' dir='ltr'>posset</span> <span class='ocrx_word' id='word_1_664' title='bbox 787 5013 858 5067; x_wconf 92' lang='lat' dir='ltr'>ad</span> <span class='ocrx_word' id='word_1_665' title='bbox 891 5011 1069 5068; x_wconf 89' lang='lat' dir='ltr'>semel</span> <span class='ocrx_word' id='word_1_666' title='bbox 1100 5012 1543 5082; x_wconf 83' lang='lat' dir='ltr'>defungendum</span> <span class='ocrx_word' id='word_1_667' title='bbox 1576 5010 1746 5066; x_wconf 70' lang='lat' dir='ltr'>taedio</span> <span class='ocrx_word' id='word_1_668' title='bbox 1776 5015 1834 5066; x_wconf 90' lang='lat' dir='ltr'>et</span> <span class='ocrx_word' id='word_1_669' title='bbox 1863 5027 1960 5082; x_wconf 87' lang='lat' dir='ltr'>pe-</span> 
     </span>
    </p>
   </div>
   <div class='ocr_carea' id='block_1_95' title="bbox 309 5099 1960 5173">
    <p class='ocr_par' dir='ltr' id='par_1_95' title="bbox 309 5099 1960 5173">
     <span class='ocr_line' id='line_1_96' title="bbox 309 5099 1960 5173; baseline 0 -19"><span class='ocrx_word' id='word_1_670' title='bbox 309 5099 501 5156; x_wconf 88' lang='lat' dir='ltr'>riculo</span> <span class='ocrx_word' id='word_1_671' title='bbox 533 5105 656 5156; x_wconf 88' lang='lat' dir='ltr'>tam</span> <span class='ocrx_word' id='word_1_672' title='bbox 683 5100 1596 5173; x_wconf 66' lang='lat' dir='ltr'>diuturnaetamqueimportunae</span> <span class='ocrx_word' id='word_1_673' title='bbox 1611 5101 1960 5172; x_wconf 86' lang='lat' dir='ltr'>tyrannidis.</span> 
     </span>
    </p>
   </div>
   <div class='ocr_carea' id='block_1_96' title="bbox 317 5189 1964 5262">
    <p class='ocr_par' dir='ltr' id='par_1_96' title="bbox 317 5189 1964 5262">
     <span class='ocr_line' id='line_1_97' title="bbox 317 5189 1964 5262; baseline 0 -19"><span class='ocrx_word' id='word_1_674' title='bbox 317 5189 404 5243; x_wconf 79' lang='lat' dir='ltr'>Ad</span> <span class='ocrx_word' id='word_1_675' title='bbox 434 5205 503 5245; x_wconf 90' lang='lat' dir='ltr'>ea</span> <span class='ocrx_word' id='word_1_676' title='bbox 531 5189 926 5262; x_wconf 82' lang='lat' dir='ltr'>Troglodytas:</span> <span class='ocrx_word' id='word_1_677' title='bbox 961 5190 1098 5246; x_wconf 91' lang='lat' dir='ltr'>Post</span> <span class='ocrx_word' id='word_1_678' title='bbox 1130 5189 1544 5259; x_wconf 87' lang='lat' dir='ltr'>necessariam,</span> <span class='ocrx_word' id='word_1_679' title='bbox 1577 5189 1678 5259; x_wconf 90' lang='lat' dir='ltr'>ait,</span> <span class='ocrx_word' id='word_1_680' title='bbox 1740 5205 1964 5260; x_wconf 88' lang='lat' dir='ltr'>curam,</span> 
     </span>
    </p>
   </div>
   <div class='ocr_carea' id='block_1_97' title="bbox 314 5278 1965 5350">
    <p class='ocr_par' dir='ltr' id='par_1_97' title="bbox 314 5278 1965 5350">
     <span class='ocr_line' id='line_1_98' title="bbox 314 5278 1965 5350; baseline 0.001 -17"><span class='ocrx_word' id='word_1_681' title='bbox 314 5293 383 5334; x_wconf 86' lang='lat' dir='ltr'>ac</span> <span class='ocrx_word' id='word_1_682' title='bbox 413 5279 660 5334; x_wconf 90' lang='lat' dir='ltr'>tutelam</span> <span class='ocrx_word' id='word_1_683' title='bbox 694 5278 809 5336; x_wconf 90' lang='lat' dir='ltr'>mei</span> <span class='ocrx_word' id='word_1_684' title='bbox 839 5279 1072 5350; x_wconf 90' lang='lat' dir='ltr'>capitis,</span> <span class='ocrx_word' id='word_1_685' title='bbox 1108 5280 1202 5334; x_wconf 92' lang='lat' dir='ltr'>cui</span> <span class='ocrx_word' id='word_1_686' title='bbox 1242 5279 1423 5335; x_wconf 88' lang='lat' dir='ltr'>etiam</span> <span class='ocrx_word' id='word_1_687' title='bbox 1455 5296 1568 5334; x_wconf 90' lang='lat' dir='ltr'>non</span> <span class='ocrx_word' id='word_1_688' title='bbox 1603 5295 1733 5334; x_wconf 91' lang='lat' dir='ltr'>meo</span> <span class='ocrx_word' id='word_1_689' title='bbox 1767 5294 1965 5342; x_wconf 89' lang='lat' dir='ltr'>causa,</span> 
     </span>
    </p>
   </div>
   <div class='ocr_carea' id='block_1_98' title="bbox 315 5367 1968 5441">
    <p class='ocr_par' dir='ltr' id='par_1_98' title="bbox 315 5367 1968 5441">
     <span class='ocr_line' id='line_1_99' title="bbox 315 5367 1968 5441; baseline 0 -19"><span class='ocrx_word' id='word_1_690' title='bbox 315 5367 422 5423; x_wconf 89' lang='lat' dir='ltr'>sed</span> <span class='ocrx_word' id='word_1_691' title='bbox 455 5369 790 5425; x_wconf 90' lang='lat' dir='ltr'>communis</span> <span class='ocrx_word' id='word_1_692' title='bbox 827 5368 1038 5424; x_wconf 90' lang='lat' dir='ltr'>salutis</span> <span class='ocrx_word' id='word_1_693' title='bbox 1069 5373 1360 5441; x_wconf 89' lang='lat' dir='ltr'>respectu,</span> <span class='ocrx_word' id='word_1_694' title='bbox 1392 5367 1659 5439; x_wconf 92' lang='lat' dir='ltr'>consulo,</span> <span class='ocrx_word' id='word_1_695' title='bbox 1694 5368 1968 5440; x_wconf 90' lang='lat' dir='ltr'>equidem</span> 
     </span>
    </p>
   </div>
   <div class='ocr_carea' id='block_1_99' title="bbox 314 5455 1972 5530">
    <p class='ocr_par' dir='ltr' id='par_1_99' title="bbox 314 5455 1972 5530">
     <span class='ocr_line' id='line_1_100' title="bbox 314 5455 1972 5530; baseline 0.001 -20"><span class='ocrx_word' id='word_1_696' title='bbox 314 5455 467 5511; x_wconf 91' lang='lat' dir='ltr'>nihil</span> <span class='ocrx_word' id='word_1_697' title='bbox 499 5457 685 5514; x_wconf 89' lang='lat' dir='ltr'>habeo</span> <span class='ocrx_word' id='word_1_698' title='bbox 713 5457 1018 5530; x_wconf 88' lang='lat' dir='ltr'>antiquius</span> <span class='ocrx_word' id='word_1_699' title='bbox 1049 5474 1227 5529; x_wconf 89' lang='lat' dir='ltr'>quam</span> <span class='ocrx_word' id='word_1_700' title='bbox 1254 5458 1654 5527; x_wconf 90' lang='lat' dir='ltr'>subjectorum</span> <span class='ocrx_word' id='word_1_701' title='bbox 1688 5473 1817 5512; x_wconf 91' lang='lat' dir='ltr'>meo</span> <span class='ocrx_word' id='word_1_702' title='bbox 1861 5456 1972 5512; x_wconf 87' lang='lat' dir='ltr'>im-</span> 
     </span>
    </p>
   </div>
   <div class='ocr_carea' id='block_1_100' title="bbox 320 5545 1976 5619">
    <p class='ocr_par' dir='ltr' id='par_1_100' title="bbox 320 5545 1976 5619">
     <span class='ocr_line' id='line_1_101' title="bbox 320 5545 1976 5619; baseline 0 -19"><span class='ocrx_word' id='word_1_703' title='bbox 320 5545 484 5618; x_wconf 86' lang='lat' dir='ltr'>perio</span> <span class='ocrx_word' id='word_1_704' title='bbox 516 5547 820 5604; x_wconf 87' lang='lat' dir='ltr'>securitati</span> <span class='ocrx_word' id='word_1_705' title='bbox 853 5564 919 5603; x_wconf 91' lang='lat' dir='ltr'>ac</span> <span class='ocrx_word' id='word_1_706' title='bbox 949 5547 1279 5603; x_wconf 90' lang='lat' dir='ltr'>rationibus</span> <span class='ocrx_word' id='word_1_707' title='bbox 1303 5546 1656 5619; x_wconf 89' lang='lat' dir='ltr'>prospicere,</span> <span class='ocrx_word' id='word_1_708' title='bbox 1692 5547 1833 5602; x_wconf 92' lang='lat' dir='ltr'>adeo</span> <span class='ocrx_word' id='word_1_709' title='bbox 1853 5550 1976 5618; x_wconf 85' lang='lat' dir='ltr'>qui-</span> 
     </span>
    </p>
   </div>
   <div class='ocr_carea' id='block_1_101' title="bbox 325 5635 1976 5709">
    <p class='ocr_par' dir='ltr' id='par_1_101' title="bbox 325 5635 1976 5709">
     <span class='ocr_line' id='line_1_102' title="bbox 325 5635 1976 5709; baseline 0.002 -21"><span class='ocrx_word' id='word_1_710' title='bbox 325 5635 485 5702; x_wconf 90' lang='lat' dir='ltr'>dem,</span> <span class='ocrx_word' id='word_1_711' title='bbox 521 5639 585 5690; x_wconf 93' lang='lat' dir='ltr'>ut</span> <span class='ocrx_word' id='word_1_712' title='bbox 611 5635 872 5692; x_wconf 83' lang='lat' dir='ltr'>ﬁliorum</span> <span class='ocrx_word' id='word_1_713' title='bbox 901 5641 959 5692; x_wconf 88' lang='lat' dir='ltr'>et</span> <span class='ocrx_word' id='word_1_714' title='bbox 990 5637 1562 5709; x_wconf 88' lang='lat' dir='ltr'>consanguineorum</span> <span class='ocrx_word' id='word_1_715' title='bbox 1592 5636 1755 5708; x_wconf 91' lang='lat' dir='ltr'>ipsos</span> <span class='ocrx_word' id='word_1_716' title='bbox 1783 5639 1976 5691; x_wconf 88' lang='lat' dir='ltr'>tener-</span> 
     </span>
    </p>
   </div>
   <div class='ocr_carea' id='block_1_102' title="bbox 2073 5008 3723 5084">
    <p class='ocr_par' dir='ltr' id='par_1_102' title="bbox 2073 5008 3723 5084">
     <span class='ocr_line' id='line_1_103' title="bbox 2073 5008 3723 5084; baseline 0.001 -20"><span class='ocrx_word' id='word_1_717' title='bbox 2073 5011 2428 5064; x_wconf 90' lang='lat' dir='ltr'>damnumve</span> <span class='ocrx_word' id='word_1_718' title='bbox 2459 5008 2749 5078; x_wconf 88' lang='lat' dir='ltr'>pertinere</span> <span class='ocrx_word' id='word_1_719' title='bbox 2781 5009 2838 5063; x_wconf 89' lang='lat' dir='ltr'>id</span> <span class='ocrx_word' id='word_1_720' title='bbox 2889 5014 3056 5065; x_wconf 87' lang='lat' dir='ltr'>tuum</span> <span class='ocrx_word' id='word_1_721' title='bbox 3118 5011 3238 5067; x_wconf 90' lang='lat' dir='ltr'>ullo</span> <span class='ocrx_word' id='word_1_722' title='bbox 3289 5014 3461 5068; x_wconf 91' lang='lat' dir='ltr'>modo</span> <span class='ocrx_word' id='word_1_723' title='bbox 3522 5017 3723 5084; x_wconf 89' lang='lat' dir='ltr'>posset</span> 
     </span>
    </p>
   </div>
   <div class='ocr_carea' id='block_1_103' title="bbox 2074 5097 3726 5170">
    <p class='ocr_par' dir='ltr' id='par_1_103' title="bbox 2074 5097 3726 5170">
     <span class='ocr_line' id='line_1_104' title="bbox 2074 5097 3726 5170; baseline 0.001 -16"><span class='ocrx_word' id='word_1_724' title='bbox 2074 5099 2274 5170; x_wconf 89' lang='lat' dir='ltr'>utique</span> <span class='ocrx_word' id='word_1_725' title='bbox 2314 5113 2443 5152; x_wconf 89' lang='lat' dir='ltr'>cum</span> <span class='ocrx_word' id='word_1_726' title='bbox 2494 5097 2732 5168; x_wconf 90' lang='lat' dir='ltr'>plenum</span> <span class='ocrx_word' id='word_1_727' title='bbox 2783 5102 2840 5153; x_wconf 92' lang='lat' dir='ltr'>et</span> <span class='ocrx_word' id='word_1_728' title='bbox 2886 5098 3137 5155; x_wconf 91' lang='lat' dir='ltr'>liberum</span> <span class='ocrx_word' id='word_1_729' title='bbox 3190 5103 3443 5157; x_wconf 89' lang='lat' dir='ltr'>senatori</span> <span class='ocrx_word' id='word_1_730' title='bbox 3499 5105 3726 5156; x_wconf 87' lang='lat' dir='ltr'>constet</span> 
     </span>
    </p>
   </div>
   <div class='ocr_carea' id='block_1_104' title="bbox 2076 5187 3726 5260">
    <p class='ocr_par' dir='ltr' id='par_1_104' title="bbox 2076 5187 3726 5260">
     <span class='ocr_line' id='line_1_105' title="bbox 2076 5187 3726 5260; baseline 0.002 -18"><span class='ocrx_word' id='word_1_731' title='bbox 2076 5187 2309 5260; x_wconf 89' lang='lat' dir='ltr'>quidvis</span> <span class='ocrx_word' id='word_1_732' title='bbox 2351 5187 2507 5256; x_wconf 92' lang='lat' dir='ltr'>quod</span> <span class='ocrx_word' id='word_1_733' title='bbox 2559 5188 2775 5242; x_wconf 89' lang='lat' dir='ltr'>sentiat</span> <span class='ocrx_word' id='word_1_734' title='bbox 2818 5191 3196 5260; x_wconf 84' lang='lat' dir='ltr'>expromendi</span> <span class='ocrx_word' id='word_1_735' title='bbox 3238 5191 3361 5260; x_wconf 87' lang='lat' dir='ltr'>jus,</span> <span class='ocrx_word' id='word_1_736' title='bbox 3409 5195 3467 5245; x_wconf 92' lang='lat' dir='ltr'>et</span> <span class='ocrx_word' id='word_1_737' title='bbox 3515 5195 3726 5246; x_wconf 83' lang='lat' dir='ltr'>nostras</span> 
     </span>
    </p>
   </div>
   <div class='ocr_carea' id='block_1_105' title="bbox 2078 5277 3732 5350">
    <p class='ocr_par' dir='ltr' id='par_1_105' title="bbox 2078 5277 3732 5350">
     <span class='ocr_line' id='line_1_106' title="bbox 2078 5277 3732 5350; baseline 0.001 -16"><span class='ocrx_word' id='word_1_738' title='bbox 2078 5277 2526 5334; x_wconf 87' lang='lat' dir='ltr'>deliberationes</span> <span class='ocrx_word' id='word_1_739' title='bbox 2573 5277 3044 5348; x_wconf 88' lang='lat' dir='ltr'>impenetrabilis</span> <span class='ocrx_word' id='word_1_740' title='bbox 3091 5281 3287 5335; x_wconf 90' lang='lat' dir='ltr'>arcani</span> <span class='ocrx_word' id='word_1_741' title='bbox 3331 5279 3607 5350; x_wconf 83' lang='lat' dir='ltr'>religione</span> <span class='ocrx_word' id='word_1_742' title='bbox 3639 5296 3732 5335; x_wconf 89' lang='lat' dir='ltr'>se-</span> 
     </span>
    </p>
   </div>
   <div class='ocr_carea' id='block_1_106' title="bbox 2081 5367 3740 5440">
    <p class='ocr_par' dir='ltr' id='par_1_106' title="bbox 2081 5367 3740 5440">
     <span class='ocr_line' id='line_1_107' title="bbox 2081 5367 3740 5440; baseline 0.002 -19"><span class='ocrx_word' id='word_1_743' title='bbox 2081 5368 2340 5440; x_wconf 89' lang='lat' dir='ltr'>piantur.</span> <span class='ocrx_word' id='word_1_744' title='bbox 2373 5367 2458 5421; x_wconf 87' lang='lat' dir='ltr'>Ad</span> <span class='ocrx_word' id='word_1_745' title='bbox 2490 5381 2558 5421; x_wconf 90' lang='lat' dir='ltr'>ea</span> <span class='ocrx_word' id='word_1_746' title='bbox 2586 5367 3008 5439; x_wconf 83' lang='lat' dir='ltr'>Tyrophagus:</span> <span class='ocrx_word' id='word_1_747' title='bbox 3046 5368 3254 5423; x_wconf 88' lang='lat' dir='ltr'>Nullus</span> <span class='ocrx_word' id='word_1_748' title='bbox 3281 5368 3415 5423; x_wconf 88' lang='lat' dir='ltr'>talis</span> <span class='ocrx_word' id='word_1_749' title='bbox 3451 5370 3521 5426; x_wconf 92' lang='lat' dir='ltr'>de</span> <span class='ocrx_word' id='word_1_750' title='bbox 3554 5375 3607 5424; x_wconf 87' lang='lat' dir='ltr'>te</span> <span class='ocrx_word' id='word_1_751' title='bbox 3636 5372 3740 5425; x_wconf 87' lang='lat' dir='ltr'>aut</span> 
     </span>
    </p>
   </div>
   <div class='ocr_carea' id='block_1_107' title="bbox 2083 5455 3741 5531">
    <p class='ocr_par' dir='ltr' id='par_1_107' title="bbox 2083 5455 3741 5531">
     <span class='ocr_line' id='line_1_108' title="bbox 2083 5455 3741 5531; baseline 0.001 -18"><span class='ocrx_word' id='word_1_752' title='bbox 2083 5459 2155 5513; x_wconf 90' lang='lat' dir='ltr'>de</span> <span class='ocrx_word' id='word_1_753' title='bbox 2187 5455 2333 5512; x_wconf 90' lang='lat' dir='ltr'>meis</span> <span class='ocrx_word' id='word_1_754' title='bbox 2361 5455 2522 5511; x_wconf 88' lang='lat' dir='ltr'>hisce</span> <span class='ocrx_word' id='word_1_755' title='bbox 2556 5455 2794 5529; x_wconf 86' lang='lat' dir='ltr'>collegis</span> <span class='ocrx_word' id='word_1_756' title='bbox 2828 5462 3044 5523; x_wconf 89' lang='lat' dir='ltr'>metus,</span> <span class='ocrx_word' id='word_1_757' title='bbox 3078 5457 3258 5526; x_wconf 81' lang='lat' dir='ltr'>hujus</span> <span class='ocrx_word' id='word_1_758' title='bbox 3288 5457 3427 5529; x_wconf 90' lang='lat' dir='ltr'>mei,</span> <span class='ocrx_word' id='word_1_759' title='bbox 3462 5459 3618 5531; x_wconf 91' lang='lat' dir='ltr'>quod</span> <span class='ocrx_word' id='word_1_760' title='bbox 3649 5475 3741 5516; x_wconf 87' lang='lat' dir='ltr'>re-</span> 
     </span>
    </p>
   </div>
   <div class='ocr_carea' id='block_1_108' title="bbox 2085 5545 3747 5620">
    <p class='ocr_par' dir='ltr' id='par_1_108' title="bbox 2085 5545 3747 5620">
     <span class='ocr_line' id='line_1_109' title="bbox 2085 5545 3747 5620; baseline 0.001 -18"><span class='ocrx_word' id='word_1_761' title='bbox 2085 5545 2422 5620; x_wconf 88' lang='lat' dir='ltr'>prehendis,</span> <span class='ocrx_word' id='word_1_762' title='bbox 2487 5546 2745 5617; x_wconf 88' lang='lat' dir='ltr'>domine,</span> <span class='ocrx_word' id='word_1_763' title='bbox 2780 5545 3002 5602; x_wconf 90' lang='lat' dir='ltr'>silentii</span> <span class='ocrx_word' id='word_1_764' title='bbox 3039 5561 3217 5601; x_wconf 90' lang='lat' dir='ltr'>causa</span> <span class='ocrx_word' id='word_1_765' title='bbox 3273 5551 3384 5615; x_wconf 88' lang='lat' dir='ltr'>est,</span> <span class='ocrx_word' id='word_1_766' title='bbox 3423 5565 3647 5617; x_wconf 90' lang='lat' dir='ltr'>verum,</span> <span class='ocrx_word' id='word_1_767' title='bbox 3681 5551 3747 5604; x_wconf 92' lang='lat' dir='ltr'>ut</span> 
     </span>
    </p>
   </div>
   <div class='ocr_carea' id='block_1_109' title="bbox 2087 5633 3749 5708">
    <p class='ocr_par' dir='ltr' id='par_1_109' title="bbox 2087 5633 3749 5708">
     <span class='ocr_line' id='line_1_110' title="bbox 2087 5633 3749 5708; baseline -0.002 -15"><span class='ocrx_word' id='word_1_768' title='bbox 2087 5638 2273 5693; x_wconf 82' lang='lat' dir='ltr'>fatear</span> <span class='ocrx_word' id='word_1_769' title='bbox 2329 5636 2600 5706; x_wconf 83' lang='lat' dir='ltr'>ingenue,</span> <span class='ocrx_word' id='word_1_770' title='bbox 2652 5649 2813 5689; x_wconf 88' lang='lat' dir='ltr'>mera</span> <span class='ocrx_word' id='word_1_771' title='bbox 2842 5633 3043 5704; x_wconf 87' lang='lat' dir='ltr'>inepia</span> <span class='ocrx_word' id='word_1_772' title='bbox 3093 5633 3432 5706; x_wconf 90' lang='lat' dir='ltr'>verborum,</span> <span class='ocrx_word' id='word_1_773' title='bbox 3467 5643 3525 5693; x_wconf 88' lang='lat' dir='ltr'>et</span> <span class='ocrx_word' id='word_1_774' title='bbox 3573 5634 3749 5708; x_wconf 90' lang='lat' dir='ltr'>quasi</span> 
     </span>
    </p>
   </div>
   <div class='ocr_carea' id='block_1_110' title="bbox 321 5720 3752 5798">
    <p class='ocr_par' dir='ltr' id='par_1_110' title="bbox 321 5720 3752 5798">
     <span class='ocr_line' id='line_1_111' title="bbox 321 5720 3752 5798; baseline 0.002 -22"><span class='ocrx_word' id='word_1_775' title='bbox 321 5723 508 5780; x_wconf 90' lang='lat' dir='ltr'>rimos</span> <span class='ocrx_word' id='word_1_776' title='bbox 529 5725 774 5782; x_wconf 70' lang='lat' dir='ltr'>affectus</span> <span class='ocrx_word' id='word_1_777' title='bbox 801 5726 1086 5782; x_wconf 89' lang='lat' dir='ltr'>charitate</span> <span class='ocrx_word' id='word_1_778' title='bbox 1113 5726 1315 5798; x_wconf 88' lang='lat' dir='ltr'>populi</span> <span class='ocrx_word' id='word_1_779' title='bbox 1337 5741 1487 5782; x_wconf 82' lang='lat' dir='ltr'>curae</span> <span class='ocrx_word' id='word_1_780' title='bbox 1507 5742 1652 5782; x_wconf 83' lang='lat' dir='ltr'>meae</span> <span class='ocrx_word' id='word_1_781' title='bbox 1673 5724 1980 5783; x_wconf 89' lang='lat' dir='ltr'>commissi</span> <span class='ocrx_word' id='word_1_782' title='bbox 2092 5726 2352 5797; x_wconf 75' lang='lat' dir='ltr'>quaedam</span> <span class='ocrx_word' id='word_1_783' title='bbox 2392 5720 2641 5778; x_wconf 86' lang='lat' dir='ltr'>infantia</span> <span class='ocrx_word' id='word_1_784' title='bbox 2661 5737 2839 5792; x_wconf 89' lang='lat' dir='ltr'>super</span> <span class='ocrx_word' id='word_1_785' title='bbox 2858 5725 3209 5793; x_wconf 86' lang='lat' dir='ltr'>argumento</span> <span class='ocrx_word' id='word_1_786' title='bbox 3237 5724 3540 5798; x_wconf 88' lang='lat' dir='ltr'>inopinato</span> <span class='ocrx_word' id='word_1_787' title='bbox 3573 5730 3752 5797; x_wconf 87' lang='lat' dir='ltr'>atque</span> 
     </span>
    </p>
   </div>
   <div class='ocr_carea' id='block_1_111' title="bbox 613 5843 1358 5908">
    <p class='ocr_par' dir='ltr' id='par_1_111' title="bbox 613 5843 1358 5908">
     <span class='ocr_line' id='line_1_112' title="bbox 613 5843 1358 5908; baseline 0.003 -4"><span class='ocrx_word' id='word_1_788' title='bbox 613 5844 882 5907; x_wconf 54' lang='lat' dir='ltr'>Persen.</span> <span class='ocrx_word' id='word_1_789' title='bbox 934 5844 1043 5906; x_wconf 76' lang='lat' dir='ltr'>Gn.</span> <span class='ocrx_word' id='word_1_790' title='bbox 1092 5843 1358 5908; x_wconf 85' lang='lat' dir='ltr'>CXLIII.</span> 
     </span>
    </p>
   </div>
   <div class='ocr_carea' id='block_1_112' title="bbox 3389 5845 3471 5904">
    <p class='ocr_par' dir='ltr' id='par_1_112' title="bbox 3389 5845 3471 5904">
     <span class='ocr_line' id='line_1_113' title="bbox 3389 5845 3471 5904; baseline 0 0"><span class='ocrx_word' id='word_1_791' title='bbox 3389 5845 3471 5904; x_wconf 70' lang='lat'>43</span> 
     </span>
    </p>
   </div>
  </div>
