4002 6202
286 384 429 441 1355

1029 374 1421 430 APPENDIX.
1460 400 1532 416 —
1565 372 1931 429 SPECIMEN
1966 374 2368 431 SAPIRNTLE
2406 374 2737 431 INDORUM
2775 374 2943 430 VBT.

3577 372 3719 429 1356

280 506 602 582 improviso
654 499 800 558 mihi
848 498 1141 567 maxime;
1176 498 1247 553 de
1296 513 1436 568 quo,
1485 496 1538 552 si
1591 512 1833 554 necesse
1865 496 1943 552 sit
1970 498 2026 565 Α
2056 513 2160 568 per
2188 496 2484 554 somnium
2517 496 2837 571 ingressos,
2869 495 3129 555 abfuisse
3157 510 3292 554 vero
3334 495 3528 554 multo
3584 497 3717 554 lon-

294 591 657 661 dicere,illud
692 606 876 646 unum
911 604 1079 644 mens
1121 586 1408 659 suggerit,
1433 601 1563 642 esse
1592 585 1753 642 istud
1786 587 1941 659 quod
2055 586 2187 659 gius
2218 588 2290 642 ab
2324 586 2441 644 ullo
2467 587 2527 643 in
2559 604 2681 644 rem
2713 587 3047 644 istiusmodi
3079 594 3361 659 apparatu
3379 591 3714 643 autconatu

294 686 407 743 mei
438 682 668 754 collega
699 694 1055 752 proposuere
1088 676 1392 749 negotium
1438 675 1807 746 hujusmodi,
1839 676 1945 731 de-

296 790 412 846 quo
443 788 548 827 nec
574 770 830 841 cogitare
860 768 1114 839 amplius
1146 782 1251 820 nec
1280 764 1437 836 loqui
1481 780 1738 835 unquam
1771 781 1947 836 opor-

298 866 439 919 teat.
473 859 744 917 Omnium
777 858 994 929 quippe
1021 870 1217 911 rerum
1266 870 1391 925 qua
1421 853 1480 908 in
1534 854 1952 909 deliberatione

298 955 610 1008 versantur
635 947 824 1020 prima
842 946 944 1001 illa
966 944 1252 1015 uniceque
1272 942 1559 1015 requisita
1578 942 1834 998 conditio
1865 958 1956 1011 est

298 1045 365 1097 ut
396 1039 629 1113 possint
653 1036 841 1104 efﬁci;
877 1034 1169 1091 debellare
1222 1036 1417 1087 autem
1449 1047 1514 1087 ac
1564 1032 1832 1088 funditus
1858 1048 1955 1087 ex-

302 1129 603 1201 stinguere
658 1129 892 1198 gentem
939 1122 1165 1192 felium,
1196 1127 1360 1176 extra
1388 1124 1676 1188 nostram,
1711 1119 1956 1192 quamli-

2062 676 2421 733 meditando.
2453 676 2672 734 Contra
2702 693 2769 734 ea
2800 692 2935 734 cum
2966 675 3294 733 Creoborus
3311 680 3369 732 et
3388 676 3716 733 Linorodus

2059 764 2208 820 nihil
2239 766 2551 822 hiscerent.
2587 782 2709 839 rex,
2758 766 2975 822 tacitus
3028 765 3332 822 admirans
3379 764 3717 839 Tympbagi

2061 854 2309 911 solidam
2344 856 2574 912 consilii
2608 855 2748 925 vim,
2788 859 3005 913 catum
3034 854 3288 912 dimisit.
3323 856 3508 913 Habes
3538 856 3714 912 infor-

2064 948 2284 1001 matam
2318 945 2424 1002 hoc
2455 946 2608 1002 facto
2635 945 2851 1013 ideam,
2882 945 3140 1016 domine,
3172 943 3345 1001 ofﬁcii
3379 946 3521 1001 boni
3548 945 3703 1017 regis

2062 1032 2124 1089 in
2156 1033 2547 1092 discernenda
2573 1034 3048 1092 consiliariorum
3074 1038 3131 1090 et
3152 1033 3515 1091 consiliorum
3545 1051 3696 1107 qua-

2064 1122 2252 1181 litate.
2278 1126 2413 1191 Qua
2445 1141 2588 1182 sane
2618 1124 2892 1182 discretio
2924 1127 3170 1181 eatenus
3200 1126 3291 1180 est
3321 1122 3557 1196 principi
3590 1138 3691 1179 ne-

305 1221 405 1277 bet
434 1222 795 1289 satagamus,
851 1211 1187 1269 facultatem
1236 1226 1385 1277 esse,
1436 1209 1598 1277 satis,
1630 1213 1697 1265 ut
1734 1225 1829 1266 res
1860 1226 1962 1282 per
2069 1213 2346 1282 cessaria,
2416 1218 2710 1287 quatenus
2772 1212 3129 1287 experientia
3198 1213 3583 1278 demonstrat,
3643 1225 3711 1266 ea

306 1324 370 1365 se
397 1308 615 1364 taceret
644 1305 796 1377 ipsa,
827 1303 1035 1358 dooere
1084 1316 1193 1356 nos
1224 1302 1423 1371 posset
1459 1298 1743 1356 memoria
1772 1300 1961 1371 majo-

309 1501 483 1557 quam
512 1488 713 1543 tamen
743 1480 920 1539 fando
962 1478 1297 1537 audivimus
1354 1478 1415 1535 in
1444 1476 1625 1535 talem
1674 1493 1840 1551 spem
1869 1477 1963 1536 vel

2069 1301 2343 1360 adhibita
2381 1303 2834 1362 commoditates
2866 1303 3180 1375 maximas,
3210 1300 3486 1375 neglecta
3516 1300 3723 1357 damna

308 1413 469 1467 rum,
504 1410 652 1467 quos
683 1391 1042 1465 potentiores
1071 1393 1129 1444 et
1159 1388 1548 1461 sapientiores
1578 1388 1771 1457 nobis,
1804 1406 1963 1445 nun-
2071 1390 2332 1463 ingentia
2364 1392 2541 1451 rebus
2571 1391 2763 1466 publit

2859 1391 2873 1403 ’
2886 1392 3085 1451 ἰτθιιι-ἰ.

1465 1710 1943 1768 DISSERTATIO
1974 1712 2426 1771 PARABOLICA
2452 1715 2582 1773 XV.

863 1814 1158 1891 Castigat
1188 1815 1513 1873 curiosum
1540 1811 1930 1874 desiderium
1960 1814 2466 1893 longinquarum
2494 1825 2556 1878 et
2583 1817 2926 1877 inutilium
2947 1831 3191 1876 rerum.

392 1939 494 1999 Hic
522 1954 621 1997 rex
660 1937 1079 1995 Abessalomus
1127 1934 1622 2009 gymnosophistae
1676 1935 1796 1993 ait:
1833 1936 1971 1993 Per-
2003 1939 2051 2006 B
2080 1956 2303 2011 vereor,
2335 1941 2438 2011 ait,
2492 1958 2566 1999 ne
2621 1940 2821 2014 patria
2879 1938 3043 2012 prius
3094 1935 3467 1995 obliviscaris
3525 1935 3744 2009 lingua

321 2032 445 2105 cepi
478 2029 670 2087 fructu
713 2027 894 2083 animi
951 2042 1165 2098 magno
1216 2042 1345 2098 qua
1394 2024 1651 2082 docuisti
1700 2024 1891 2082 multa
1920 2029 1980 2082 et
2087 2048 2266 2104 quam
2299 2031 2475 2088 istius
2506 2030 2827 2104 peregrina
2859 2045 3037 2086 usum
3068 2026 3389 2101 paraveris.
3418 2026 3636 2099 Spissa
3656 2042 3751 2083 res

324 2120 625 2195 Praedam,
656 2117 884 2190 tibique
926 2116 1075 2187 iam,
1111 2119 1176 2171 ιιι
1223 2119 1313 2171 εει
1360 2114 1703 2186 νθτίδίωίὶθ,
1736 2115 1984 2172 dicendo
2088 2126 2198 2191 est,
2223 2125 2457 2194 experto
2490 2122 2681 2190 crede,
2716 2136 2822 2177 nec
2843 2118 3019 2176 istius
3050 2117 3237 2175 atatis
3268 2120 3370 2174 aut
3405 2115 3754 2190 occupatio—

329 2212 508 2276 fesso,
547 2208 831 2265 molestus
874 2220 1005 2262 esse
1055 2205 1348 2272 desinam,
1400 2204 1500 2259 ubi
1550 2221 1737 2261 unum
1793 2204 1986 2261 adhuc

334 2300 597 2368 audiero,
630 2296 772 2370 quid
804 2311 1045 2352 censeas
1077 2310 1142 2349 ac
1175 2293 1475 2365 pracipias
1503 2294 1658 2350 circa
1689 2295 1986 2351 curiosam

343 2388 704 2462 pruriginem
741 2385 1134 2459 quorumdam
1175 2382 1600 2439 fastidientium
1625 2388 1989 2457 parata,con-

344 2482 627 2534 sentanea
671 2475 818 2547 ipsis
864 2477 921 2529 et
949 2471 1182 2528 abunde
1204 2471 1581 2541 sufﬁcientia,
1633 2470 1989 2528 inhiantium

343 2582 479 2623 vero
511 2562 918 2636 lonquinquis,
950 2560 1173 2629 arduis,
1206 2559 1544 2616 inutilibus.

416 2652 673 2710 [Ultimi
723 2667 901 2722 super
940 2666 1007 2705 ea
1058 2666 1118 2703 re
1167 2648 1458 2705 sermonis
1506 2649 2008 2721 gymnosophista-

342 2744 449 2800 hoc
480 2741 716 2798 initium
750 2740 917 2796 fecit:
954 2738 1085 2793 Fuit
1115 2738 1272 2809 apud
1327 2753 1433 2793 nos
1465 2741 1661 2793 asceta
1690 2737 1995 2810 religionis

342 2838 399 2888 et
418 2829 741 2905 prudentia
764 2827 1012 2899 insignis
1035 2826 1375 2899 quidam,ad
1402 2842 1577 2898 quem
1600 2826 1815 2899 hospes
1837 2826 1995 2883 haud

346 2921 503 2993 paris
536 2919 835 2992 sapientia
863 2917 1327 2985 divertens,sane
1356 2914 1697 2972 humaniter
1724 2921 1999 2989 exceptus

344 3014 451 3066 est.
484 3010 640 3067 Inter
666 3024 890 3065 coenam
923 3022 1025 3078 pro
1060 3005 1371 3078 prabentis
1396 3004 1770 3077 philosophia
1801 3005 1999 3078 fruga-

2092 2212 2185 2268 nis
2214 2217 2367 2268 tua:
2402 2228 2507 2268 nec
2538 2208 2900 2268 contentioni
2931 2205 3489 2264 arumnossissima
3520 2222 3633 2279 par
3672 2218 3757 2261 re-

2092 2301 2408 2373 sponderet
2463 2300 2711 2356 fructus.
2769 2297 3053 2364 Quocirca
3088 2298 3416 2352 metuerem
3470 2293 3754 2367 equidem

2093 2408 2167 2446 ne
2194 2389 2301 2446 tibi
2334 2389 2590 2446 eveniret
2610 2387 2766 2461 quod
2800 2403 2970 2444 corvo
3002 2384 3185 2443 aiunt.
3233 2387 3312 2452 Is,
3368 2383 3757 2457 conspicatus

2094 2478 2414 2551 aliquando
2427 2477 2681 2551 perdicis
2700 2477 3022 2544 incessum,
3042 2477 3252 2547 captus
3268 2473 3440 2545 quasi
3470 2471 3761 2545 praclara

2097 2568 2312 2641 specie,
2344 2566 2555 2625 statuit
2584 2566 2854 2623 omittere
2884 2563 3213 2621 naturalem
3232 2579 3435 2633 suum,
3458 2578 3647 2634 seque
3676 2559 3758 2616 la-

2097 2658 2329 2715 boriose
2358 2657 2457 2713 diu
2490 2671 2766 2713 exercens
2796 2654 2856 2710 in
2888 2652 3176 2710 librandis
3210 2652 3509 2725 passibus,
3539 2654 3599 2706 et
3642 2649 3759 2705 cir-

2098 2746 2466 2820 cumagendo
2516 2745 2588 2801 ad
2645 2742 2913 2816 singulos
2972 2756 3235 2813 corpore,
3285 2737 3762 2808 alternandaque

2100 2836 2491 2909 propensione
2508 2834 2567 2889 in
2598 2831 2754 2890 latus
2784 2836 3121 2903 utrumque,
3144 2829 3299 2885 hunc
3317 2827 3480 2884 stulti
3498 2829 3757 2882 conatus

2100 2928 2371 2981 eventum
2404 2922 2631 2993 habuit,
2664 2927 2732 2978 ut
2769 2936 2876 2977 nec
2933 2917 3190 2992 perdicis
3243 2931 3525 2990 gressum,
3557 2926 3752 2986 quem

2102 3012 2514 3081 aemulabatur,
2548 3013 2985 3083 assequeretur,
3015 3024 3123 3065 nec
3180 3005 3476 3063 corvinum
3520 3004 3765 3059 teneret

347 3099 485 3167 10m:
521 3100 691 3171 cuius
738 3101 901 3154 ῒοίυε
956 3099 1276 3167 apparatus
1322 3110 1494 3166 P309:
1524 3094 1798 3168 dactyliﬁv
1849 3111 2005 3167 aqua
2105 3104 2381 3176 amplius,
2437 3100 2883 3172 ludibriumque
2929 3098 3168 3169 utrique
3233 3093 3434 3168 generi
3479 3095 3642 3149 esset
3694 3106 3764 3147 ac

346 3185 896 3258 constabat,hospes
926 3183 1179 3256 gustatis
1206 3183 1760 3255 dactylis,8uavem,
1783 3184 2000 3256 inquit,

2102 3209 2173 3250 ex
2205 3193 2364 3249 omni
2395 3192 2618 3263 ejectus
2650 3195 2824 3257 ccetu,
2858 3188 2982 3244 risu
3015 3185 3236 3260 passim
3269 3188 3627 3241 cunctorum
3652 3185 3772 3237 tra-

342 3278 425 3333 ίῐᾶ
451 3293 542 3332 me
572 3282 723 3332 D608
763 3279 943 3341 amet,
992 3273 1227 3329 Cibum!
1263 3274 1437 3328 ῐωάθι
1484 3289 1579 3328 m0
1614 3275 1737 3344 jam
1770 3275 1993 3344 Patria.
2026 3294 2069 3360 α
2108 3284 2438 3338 duceretur.
2462 3285 2593 3336 Hac
2616 3295 2786 3352 pana
2803 3271 3637 3348 estinqnietaprurigninisin
3655 3285 3774 3327 non

346 3383 471 3437 qua
498 3364 643 3420 tales
668 3380 783 3419 non
812 3361 1000 3434 gignit
1026 3361 1253 3416 fructus
1278 3377 1291 3425 ;
1316 3359 1450 3415 licet
1472 3361 1993 3429 uvarum,ﬁcuum,

348 3470 568 3509 nucum
601 3469 667 3507 ac
699 3464 1002 3521 pomorum
1029 3448 1221 3501 omnis
1244 3447 1473 3518 generis
1495 3448 1653 3503 ferax
1676 3448 1999 3520 sit,quibus

356 3541 589 3596 abunde
621 3552 835 3593 mensa
870 3536 1246 3589 instruuntur
1274 3535 1428 3606 apud
1465 3552 1593 3603 nos,
1626 3542 1823 3592 tamen
1857 3536 1999 3593 mihi

351 3629 554 3683 videor
584 3642 700 3682 non
733 3640 903 3697 posse
929 3625 1052 3696 jam
1097 3623 1223 3679 sine
1270 3622 1365 3678 his
1394 3623 1583 3680 vivere
1610 3641 1623 3692 ;
1659 3642 1839 3697 quare
1868 3625 1999 3682 volo

349 3719 563 3775 referre
610 3717 851 3771 domum
895 3728 1096 3769 semen
1141 3718 1242 3769 aut
1290 3714 1589 3770 surculum
1621 3715 1845 3772 arboris
1893 3716 2001 3771 da-

348 3808 532 3881 ctylos
565 3806 825 3872 ferentis,
858 3822 925 3861 ex
958 3821 1075 3876 qua
1124 3805 1469 3861 viridarium
1519 3822 1825 3863 conseram
1852 3824 1867 3876 ;
1899 3812 2002 3863 aut

349 3904 503 3955 certe
537 3898 692 3969 quod
725 3895 1050 3967 expeditius
1082 3894 1229 3949 forte
1263 3894 1454 3963 fuerit,
1489 3897 1547 3949 in
1599 3896 1747 3951 hanc
1782 3899 1999 3951 terram

349 3984 707 4042 domicilium
742 3984 1115 4038 transferam.
1148 3981 1428 4037 Arridens
1455 3982 1548 4039 bis
1580 3987 1798 4053 asceta,
1828 3983 2003 4040 Juvat

348 4093 465 4145 me,
490 4074 703 4145 inquit,
740 4073 957 4127 habere
988 4088 1091 4127 nos
1149 4070 1372 4142 aliquid
1430 4088 1545 4126 non
1580 4072 1821 4129 insuave
1850 4074 1996 4142 tibi;

349 4168 574 4231 tamen,
607 4163 654 4218 si
688 4177 781 4216 me
815 4160 960 4216 sinis
1012 4160 1226 4230 dicere,
1259 4176 1475 4232 magna
1505 4177 1639 4232 pars
1665 4162 2001 4235 tranquilli-

346 4253 484 4308 tatis
513 4255 692 4307 vitam
723 4249 953 4305 beantis
981 4247 1040 4303 in
1072 4247 1333 4304 ﬁnienda
1362 4249 1659 4305 concessis
1678 4266 1743 4305 ac
1765 4252 2003 4322 parabi-

346 4343 502 4398 libus
536 4340 855 4413 cupiditate
887 4337 1002 4395 sita
1054 4343 1178 4393 est:
1232 4338 1335 4409 qui
1383 4340 1609 4410 appetit
1659 4338 2000 4412 longinqua,

342 4431 429 4487 vel
456 4431 756 4502 sequendo
778 4426 1177 4501 fatigatur,vel
1199 4428 1450 4483 carendo
1475 4427 1746 4500 angitur;
1774 4433 1997 4486 utram-

342 4538 454 4593 que
486 4520 814 4576 molestiam
845 4518 1216 4582 lucrifecerit,
1241 4517 1338 4589 qui
1370 4518 1495 4574 suis
1540 4523 1849 4576 contentus
1881 4538 1994 4577 non

339 4610 580 4666 inhiarit
612 4609 842 4665 alienis.

2110 3370 2225 3427 sibi
2250 3386 2511 3441 congrua
2576 3367 3017 3441 prosilibunda.
3066 3361 3477 3420 Meministine
3537 3364 3771 3434 patrem

2110 3466 2281 3516 tuum
2335 3463 2437 3515 aut
2479 3463 2827 3531 patruorum
2876 3455 3155 3527 aliquem,
3196 3450 3286 3508 vel
3333 3451 3519 3507 fando
3559 3449 3623 3505 in
3669 3453 3771 3505 tua

2109 3549 2337 3605 familia
2365 3548 2505 3604 ferri
2533 3545 2809 3604 audivisti
2839 3545 2911 3602 de
2942 3558 3181 3601 avorum
3206 3540 3495 3615 quopiam
3526 3538 3634 3611 qui
3668 3538 3776 3593 lin-

2110 3654 2285 3707 guam
2318 3652 2581 3707 unquam
2612 3634 2987 3691 Chaldaicam
3018 3630 3332 3689 calluerit?
3360 3630 3513 3685 Cum
3546 3628 3769 3699 hospes

2110 3730 2403 3799 negasset,
2435 3728 2631 3782 asceta
2658 3724 2976 3796 excipiens,
3008 3722 3213 3795 Igitur,
3236 3717 3492 3783 addidit,
3535 3730 3781 3788 magno-

2111 3832 2245 3886 pere
2275 3820 2480 3871 auctor
2505 3814 2614 3871 tibi
2645 3830 2779 3870 sum
2811 3830 2928 3870 non
2956 3808 3309 3884 erumpendi
3343 3810 3509 3863 extra
3548 3802 3777 3862 cancel-

2108 3905 2198 3961 los
2245 3905 2621 3961 familiarium
2671 3902 3099 3975 exemplorum,
3149 3899 3250 3955 sed
3300 3894 3556 3955 coercita
3600 3892 3770 3950 inani

2110 3994 2469 4061 curiositate,
2502 3991 2912 4065 acquiescendi
2941 3988 3240 4047 concessis
3261 4004 3296 4044 a
3313 3989 3529 4042 natura
3548 3988 3607 4041 et
3624 3983 3766 4040 edu-

2109 4084 2358 4139 cationis
2389 4087 2565 4140 sorte.
2610 4085 2903 4138 Hactenus
2963 4075 3453 4153 gymnosophista
3501 4073 3761 4139 locutus,

2110 4177 2168 4228 et
2195 4172 2535 4229 adcretione
2563 4169 3001 4228 demississime
3024 4172 3343 4224 veneratus
3375 4176 3585 4233 regem,
3634 4162 3754 4215 Re-

2109 4263 2344 4334 spondi,
2378 4261 2638 4331 domine,
2670 4261 2886 4333 inquit,
2918 4263 2985 4315 ut
3013 4258 3178 4330 potui
3210 4271 3317 4328 pro
3357 4248 3760 4309 mediocritate

2109 4351 2407 4408 facultatis
2437 4367 2601 4419 mea,
2631 4352 2702 4406 ad
2734 4355 2836 4406 tua
2864 4349 2979 4406 ista
3008 4346 3258 4419 quasita
3275 4342 3461 4401 multa
3494 4346 3554 4397 et
3580 4339 3766 4395 varia:

2109 4443 2168 4496 in
2200 4458 2337 4513 quo,
2369 4456 2588 4513 quaso,
2609 4441 2659 4496 si
2680 4438 3072 4497 eruditionem
3089 4436 3290 4491 minus
3308 4436 3492 4504 potes,
3528 4445 3651 4501 qua
3670 4442 3769 4485 ms

2108 4531 2461 4587 destitutum
2485 4530 2697 4585 idonea
2728 4532 2795 4584 ut
2823 4526 3012 4584 sentio
3042 4525 3129 4582 sic
3176 4523 3333 4580 ultro
3362 4522 3576 4585 fateor,
3607 4520 3767 4575 certe

2108 4620 2471 4676 voluntatem
2521 4619 2789 4692 parendi,
2847 4621 2906 4673 et
2952 4613 3320 4686 obsequendi
3368 4608 3769 4679 alacritatem,

414 4700 484 4755 ΙΙ.
517 4699 810 4770 Castigata
842 4697 1053 4753 leniter
1101 4696 1351 4769 hospitis
1394 4696 1603 4754 levitas
1632 4700 1993 4771 acquievisse
2022 4666 2070 4732 D
2520 4666 3340 4779 ξῖι-ᾉξξιῖοιῖέαξξᾷἶηῖιξᾷιὶ
3376 4666 3446 4754 te
3470 4695 3679 4763 velim,
3710 4666 3772 4751 εί

337 4793 625 4860 pracepto
656 4786 909 4858 sapienti
930 4787 1259 4853 videbatur,
1293 4787 1530 4857 quando
1554 4789 1768 4844 iterum
1800 4792 1993 4862 erupit

337 4881 398 4935 in
446 4877 864 4951 appetitionem
910 4875 1383 4947 intempestivam
1442 4874 1687 4933 alterius
1734 4880 1987 4950 generis.

330 4969 695 5041 Allegaverat
726 4966 872 5022 forte
895 4969 1387 5036 asceta,provecto
1424 4965 1484 5019 in
1516 4966 1676 5022 varia
1694 4982 1987 5037 sermone,

329 5057 681 5115 sententiam
714 5071 781 5111 ex
814 5055 960 5110 libro
989 5054 1324 5123 Chaldaico,
1358 5070 1530 5125 quam
1566 5053 1988 5129 interpretatus

330 5150 712 5205 disseruerat.
765 5143 994 5199 Placuit
1035 5142 1255 5215 hospiti
1305 5142 1600 5207 eruditio;
1646 5149 1725 5214 et,
1769 5147 1985 5205 Amabo

325 5242 382 5294 te
415 5236 626 5309 inquit,
667 5235 885 5290 iterum
935 5237 1152 5304 repete,
1204 5232 1361 5302 quod
1410 5231 1694 5303 recitasti,
1722 5236 1985 5295 testimo-

327 5327 533 5394 nium;
582 5341 672 5381 me
724 5322 977 5379 delectat
1024 5321 1133 5377 iste
1164 5336 1346 5375 sonus
1386 5337 1500 5375 non
1550 5321 1982 5384 intellectarum

326 5416 465 5471 licet
495 5430 728 5483 vocum,
760 5430 825 5468 ac
856 5412 1103 5467 decerno
1155 5410 1295 5465 dare
1345 5425 1585 5480 operam
1616 5412 1982 5473 addiscenda

322 5505 422 5560 isti
452 5504 689 5577 lingua,
742 5506 994 5575 petoque
1048 5516 1120 5556 ne
1150 5499 1411 5572 graveris
1456 5498 1636 5570 hujus
1658 5500 1783 5571 jam
1825 5520 1983 5564 nunc

322 5594 624 5652 idiomatis
654 5595 947 5651 elementa
976 5591 1121 5648 mihi
1152 5589 1405 5648 tradere.
1437 5587 1541 5644 Cui
1569 5605 1766 5659 senex,
1808 5596 1983 5661 Atqui

2103 4814 2197 4855 me
2226 4798 2288 4854 in
2318 4814 2564 4854 numero
2596 4797 2704 4853 tibi
2737 4793 3302 4861 addictissimorum,
3334 4786 3555 4844 favoris
3575 4785 3773 4840 inter-

2100 4888 2242 4943 dum
2272 4888 2357 4942 tui
2390 4886 2537 4960 regii
2568 4886 2960 4957 beneﬁcaque
2990 4881 3195 4957 gratia
3216 4872 3770 4952 signiﬁcationibus

2099 4992 2427 5049 aspergere.

2170 5065 2285 5121 Has
2318 5064 2656 5137 quindecim
2687 5060 3133 5120 dissertationes
3192 5054 3433 5131 sapiens
3489 5050 3769 5109 medicus

2096 5159 2337 5211 Perzoes
2358 5170 2427 5210 ex
2460 5154 2663 5210 Indica
2710 5153 2771 5208 in
2804 5150 3098 5209 Persicam
3158 5147 3424 5221 linguam
3457 5159 3492 5198 a
3522 5155 3593 5198 se
3622 5155 3767 5197 con-

2093 5259 2292 5299 versas
2325 5242 2447 5315 regi
2468 5243 2710 5299 Chosroi
2741 5239 2975 5308 obtulit;
3004 5239 3140 5295 inde
3168 5236 3388 5293 eadem
3420 5247 3493 5288 ex
3521 5228 3769 5286 Persico

2094 5332 2155 5387 in
2184 5331 2503 5388 Arabicum
2533 5330 2832 5387 translata
2863 5342 3197 5386 sermonem
3222 5326 3397 5393 sunt;
3417 5336 3490 5378 ex
3510 5316 3769 5376 Arabico

2092 5437 2226 5477 vero
2260 5421 2536 5478 idiomate
2566 5420 2699 5478 illas
2729 5436 2836 5493 ego
2864 5424 3116 5492 Symeon
3150 5413 3435 5487 magister
3457 5413 3515 5466 et
3560 5405 3773 5480 philo-

2092 5510 2317 5582 sophus
2348 5514 2737 5584 cognomento
2762 5509 2923 5580 Seth,
2968 5503 3305 5564 communis
3337 5497 3623 5559 utilitatis
3660 5511 3777 5569 spe

2092 5599 2348 5670 illectus,
2379 5600 2578 5658 Graec
2607 5616 2742 5658 sum
2771 5599 3218 5672 interpretatus.

1460 5713 1610 5774 Laus
1641 5717 1758 5774 Deo
1780 5719 2047 5779 bonorum
2076 5727 2330 5784 omnium
2358 5726 2605 5785 Auctori.
