4190 6438
900 175 1211 362 by:

997 629 1207 836 Α.
1312 629 1537 792 μη

1607 417 2247 503 TRADITIO
2383 417 3132 504 CATHOLICA

1744 590 2147 657 εΑεσυιϋΜ
2181 590 2333 654 XIV.
2379 590 2568 654 ANNI
2608 590 2984 654 1313-1330.

1913 972 2845 1113 ELENCHUS

771 1203 1281 1277 AUCTORUM
1358 1205 1473 1276 ET
1543 1205 1930 1278 OPEBUM
2005 1207 2154 1290 QUI
2234 1207 2319 1276 IN
2400 1205 2579 1279 HOC
2650 1205 2906 1278 τοιηο
2965 1205 3236 1279 CXLIII
3299 1203 3958 1278 CONTINENTUR

2041 1394 2668 1430 .___.‘..______

1698 1653 2195 1716 EPHRABMIUS
2265 1654 3002 1718 CHRONOGRAPHUS.

759 1813 1016 1875 Editoris
1058 1813 1309 1874 Romani
1358 1814 1656 1893 Praefatio.
3635 1813 3761 1874 Col.
3922 1813 3959 1873 9

762 1919 1084 1998 Ephraamii
1131 1919 1446 1990 CESARFS,
1489 1938 1525 1980 a
1568 1920 1728 1981 Julio
1772 1921 1999 1983 Caasare
2042 1921 2119 1982 ad
2163 1921 2511 1982 Michaelem
2556 1921 2978 1998 Palaaologum.
3887 1922 3954 1980 11

759 2027 1064 2088 Patriarch
1073 2045 1243 2087 arum
1286 2028 1401 2088 (ΞΡ.
1444 2027 1786 2107 Catalogus.
3847 2027 3956 2088 349

1291 2267 1818 2330 THEOLEPTUS
1887 2268 2758 2331 PHILADELPHIENSIUM
2825 2269 3424 2332 METROPOLITA.

754 2427 1002 2490 Notitia.
3844 2428 3958 2489 379

758 2534 848 2595 De
890 2533 1247 2595 abscondita.
1288 2535 1634 2613 Operatione
1677 2535 1738 2596 in
1782 2535 2016 2597 Christo
2060 2543 2122 2597 et
2163 2537 2440 2614 profectu
2481 2535 2543 2596 in
2585 2535 2716 2596 vita
2758 2535 3113 2611 monastica,
3153 2555 3228 2598 ex
3269 2539 3576 2614 Φιλοκαλιᾳ
3609 2543 3718 2598 τῶν

834 2620 994 2694 ἱερῶν
1023 2623 1320 2690 νηπτικῶν.
3845 2615 3950 2675 381

759 2721 1074 2782 Canticum
1116 2722 1592 2801 compunctionis
1636 2741 1710 2782 ex
1751 2723 2144 2784 meditatione
2185 2723 2393 2784 aeterni
2429 2723 2666 2801 judicii.
3843 2721 3957 2782 403

1835 2962 2110 3025 GEORG
2120 2963 2248 3024 IUS
2311 2963 2878 3024 PACHYMERES.

752 3121 982 3184 Notitia
1033 3141 1100 3184 ea:
1141 3123 1326 3183 Leone
1376 3122 1594 3206 Allatio
1646 3123 1733 3184 De
1783 3123 2058 3202 Georgiis.
2117 3125 2326 3185 Insunt
2374 3134 2707 3202 argumenta
2758 3123 3232 3185 declamationum
3279 3142 3444 3204 quas,
3494 3123 3717 3203 sophis-

837 3231 1026 3284 tarum
1065 3240 1239 3296 more,
1281 3223 1572 3282 exercendi
1613 3222 1837 3299 ingenii
1875 3222 2063 3300 gratia
2103 3223 2422 3301 composuit
2463 3223 2838 3302 Pachymera.
3843 3220 3954 3281 407

752 3329 982 3396 Notitia
1023 3329 1200 3389 altera
1239 3347 1307 3389 ea:
1345 3329 1577 3390 Fabric.
1620 3329 1850 3403 Harios,
1892 3338 2026 3390 tom.
2077 3330 2222 3391 VII.
3843 3328 3951 3388 421

751 3436 914 3498 Petri
957 3437 1223 3510 Possini,
1254 3436 1382 3497 Soc.
1423 3437 1591 3510 Jesu,
1636 3436 1934 3498 Dedicatio
1974 3437 2051 3496 ad
2097 3437 2393 3500 Urbanum
2441 3437 2606 3498 VIII
2643 3455 2932 3498 summum
2971 3435 3333 3515 Pontiﬁcem,
3369 3435 3436 3498 in
3473 3453 3721 3514 persona

833 3533 1060 3613 Georgii
1098 3535 1466 3612 Pachymerw
3843 3531 3956 3593 435

747 3641 958 3704 Petrus
996 3642 1282 3702 Possinus
1325 3640 1564 3702 Lectori.
3841 3637 3954 3700 437

751 3748 991 3826 Georgii
1033 3748 1416 3826 Pachymera
1459 3749 1754 3809 MICHAhL
1799 3749 2230 3809 PALEOLOGUS
2274 3749 2400 3809 sive
2444 3747 2713 3809 Historia
2753 3766 2952 3809 rerum
2980 3766 3018 3808 θ,
3054 3747 3340 3808 Michaele
3383 3747 3715 3825 Palmologo

831 3854 976 3907 ante
1017 3846 1334 3925 imperium
1377 3854 1439 3906 et
1481 3846 1541 3906 in
1585 3845 1832 3924 imperio
1876 3853 2202 3924 gestarum.
3841 3845 3955 3906 443

751 3953 913 4016 Petri
953 3955 1193 4016 Possini
1233 3955 1310 4014 ad
1349 3953 1675 4016 Historiam
1714 3973 1907 4016 rerum
1950 3955 2261 4015 Michaelis
2302 3953 2615 4033 Palmologi
2656 3953 3106 4016 Observationes.
3843 3953 3955 4014 995

748 4061 1062 4141 Appendix
1101 4062 1179 4122 ad
1217 4061 1376 4123 Petri
1415 4061 1655 4124 Possini
1694 4062 2125 4125 observationes.
2175 4095 2248 4106 —
2295 4061 2602 4140 Specimen
2641 4060 2962 4140 Sapientia
3009 4061 3286 4123 Indorum
3325 4069 3600 4123 veterum.
3803 4059 3952 4122 1217

1831 4894 2893 4934 *ψ*

2243 5467 2488 5531 Original
2518 5471 2728 5521 edition
2760 5474 3051 5539 published
3084 5477 3156 5541 by
3188 5478 3310 5533 J.P.
3345 5480 3543 5544 Mignc,
3576 5483 3726 5532 Paris
3772 5485 3930 5534 1865

2349 5567 2582 5634 Raptim
2614 5571 2684 5636 by
2721 5571 2966 5638 Brcpols.
2991 5574 3283 5627 Turnhout
3315 5579 3627 5645 (Belgium)
3675 5588 3789 5636 I98
3821 5589 3837 5635 ι
