4208 6430
670 383 732 439 11
1871 373 2244 427 39mm:
2281 373 2332 427 c:

2460 373 2852 432 lNOGRAPHI
4015 373 4090 427 12
4113 401 4122 414 ι

667 507 1005 570 varietates
1031 503 1166 582 ipse
1195 499 1554 561 exscribens
1583 496 1878 557 eﬁ‘ecerit.
1915 496 2204 557 Profecto
2234 516 2376 558 cum
2408 498 2628 558 folium
2663 499 3103 560 tantummodo
3135 498 3408 577 primum
3441 517 3479 559 a
3521 497 3738 558 codice
3776 497 3959 567 absit,
4018 496 4090 556 in

663 625 790 686 quo
813 621 1044 664 nomen
1064 600 1339 661 auctoris
1369 616 1500 658 esse
1525 595 1953 666 debuit,valde
1983 596 2266 674 suspicor
2299 602 2438 676 post
2468 595 2685 657 Allatii
2714 603 2965 658 aetatem
2991 598 3053 656 id
3085 597 3415 668 excidisse,
3447 616 3592 656 cum
3622 595 3819 657 codex
3849 597 3962 656 Pio
4001 596 4089 654 VI

666 709 976 781 regnante
1005 698 1187 777 cujus
1217 714 1382 757 nunc
1412 700 1748 756 stemmata
1780 694 1961 771 gerit,
1994 712 2031 753 a
2059 693 2423 773 bibliopego
2455 701 2823 774 compactus
2852 695 2990 755 fuit.
3028 698 3106 755 Et
3145 713 3295 755 sane
3347 695 3502 755 mihi
3548 699 3830 765 narrant,
3880 691 4097 752 multa

667 797 1037 878 hujusmodi
1069 796 1302 856 damna
1330 793 1409 853 ab
1440 809 1776 870 operarum
1809 791 2058 852 inscitia
2087 792 2405 852 Vaticanis
2435 793 2780 866 codicibus,
2813 793 3162 870 praesertim
3196 793 3451 869 Graecis,
3483 792 3808 851 accidisse.
3841 789 3964 849 Sed
4010 789 4098 846 de

668 897 881 958 codice
913 896 1238 955 hactenus.
1273 893 1413 953 Jam
1447 907 1587 950 cum
1621 906 1826 965 neque
1856 887 2147 960 Allatius,
2185 895 2253 948 ut
2282 889 2432 962 dixi,
2481 907 2685 968 neque
2735 889 2843 949 alii
2891 890 3139 961 eruditi,
3189 889 3536 968 quidquam
3593 889 3672 948 de
3723 884 4100 966 Ephraamio

666 992 1153 1071 chronographo
1185 1007 1441 1049 narrare
1471 987 1839 1055 videantur;
1877 985 2032 1044 mihi
2062 986 2316 1062 quidem
2349 986 2425 1045 de
2455 986 2588 1046 viro
2630 987 2749 1046 hoc
2779 987 3088 1064 quaerenti
3117 988 3493 1046 occurrabat
3523 985 3917 1064 Ephrmmins
3947 982 4097 1042 ille.

671 1110 860 1172 quem
879 1091 1154 1153 Joannes
1175 1090 1291 1149 XII
1325 1085 1685 1166 patriarcha
1713 1083 2467 1162 Constantinopolitanus,
2503 1091 2648 1145 ante
2679 1102 2922 1144 sacram
2945 1104 3124 1144 suam
3154 1084 3549 1162 dignitatem,
3584 1082 3878 1160 legitimis
3913 1101 4094 1157 nup-

667 1191 771 1250 tiis
801 1188 1059 1266 genuit;
1095 1187 1172 1245 de
1201 1203 1328 1263 quo
1361 1181 1728 1242 nominatim
1767 1180 2125 1259 Ephraemio
2155 1180 2349 1240 verba
2379 1181 2528 1241 facit
2561 1181 2980 1260 Pachymeres
3018 1183 3082 1241 in
3130 1182 3413 1260 praedicti
3463 1180 3837 1260 patriarchae
3857 1179 4100 1239 notitia

669 1293 714 1345 t.
751 1287 823 1360 II,
858 1285 967 1344 lib.
1002 1301 1085 1357 1v,
1110 1283 1260 1342 dum
1292 1281 1400 1350 ait,
1435 1279 1766 1356 episcopos
1798 1277 1960 1336 inter
1984 1282 2243 1337 caeteras
2258 1278 2725 1338 criminationes
2749 1279 3176 1357 patriarcham
3195 1278 3878 1357 reprehendisse,quod
3909 1277 4098 1336 bona

666 1383 945 1444 ecclesia:
978 1378 1342 1459 Ephrmmio
1373 1377 1502 1436 tilio
1529 1394 1642 1435 suo
1672 1375 2095 1452 dispensanda
2126 1375 2662 1454 relinqueret,non
2694 1376 3036 1436 constituto
3067 1383 3256 1455 prout
3284 1377 3453 1454 leges
3474 1375 3785 1454 jubebant
3823 1391 4100 1435 oecono-

668 1499 795 1540 mo.
832 1485 1077 1557 Reapse
1108 1483 1170 1537 et
1203 1483 1414 1536 noster
1453 1473 1980 1551 chronographus
2034 1472 2097 1531 in
2156 1472 2660 1550 patriarcharum
2703 1473 2995 1551 catalogo
3048 1479 3356 1534 memorat
3408 1473 3758 1533 masculum
3817 1471 4100 1532 Joannis

664 1579 771 1638 XII
804 1577 1029 1652 ﬁlium,
1063 1575 1168 1634 sed
1202 1574 1279 1634 de
1310 1591 1373 1632 se
1394 1573 1531 1651 ipso
1563 1572 1730 1631 haud
1767 1570 1994 1630 diserte
2026 1570 2195 1647 loqui
2227 1569 2562 1647 significat.
2598 1573 2672 1630 Et
2709 1576 2918 1630 tamen
2952 1576 3104 1631 aetas
3135 1571 3418 1649 apprime
3441 1570 3772 1648 congruit:
3801 1586 4098 1646 namque

663 1673 767 1734 hic
793 1675 1024 1736 Joanes
1055 1671 1554 1751 patriarchatum
1589 1668 1847 1728 retinuit
1877 1686 2073 1745 usque
2096 1666 2176 1726 ad
2206 1667 2436 1727 Christi
2465 1686 2701 1728 annum
2745 1669 2929 1740 1304;
2965 1673 3179 1728 noster
3211 1675 3419 1729 autem
3452 1667 3846 1747 Ephremius
3888 1666 4096 1726 chro-

660 1773 846 1835 nicon
861 1789 1043 1832 suum
1069 1789 1235 1830 anno
1253 1769 1404 1828 1313
1417 1766 1760 1828 concludit.
1774 1767 1806 1826 J
1813 1784 1913 1824 am
1927 1783 2043 1841 ego
2058 1764 2260 1824 fontes
2272 1765 2685 1842 Ephraamicze
2701 1765 3130 1844 chronologiae
3146 1766 3447 1844 comperi,
3468 1769 3777 1826 Zonaram
3819 1764 4091 1844 quidem

659 1887 859 1950 usque
875 1870 952 1930 ad
970 1869 1176 1929 Alexii
1193 1871 1216 1927 Ι
1233 1865 1783 1927 Comneniubitum
1814 1882 1828 1936 ;
1863 1863 2151 1923 Nicetam
2171 1863 2544 1923 Choniatam
2569 1883 2768 1943 usque
2791 1866 2869 1924 ad
2893 1865 3272 1925 Balduinum
3289 1869 3336 1938 l,
3353 1864 4095 1944 imperatorem;deinde

658 1987 810 2028 vero
840 1967 1180 2045 Georgium
1215 1965 1668 2043 AcrOpolitam.
1705 1964 1836 2040 Age
1868 1980 2014 2022 vero
2048 1961 2218 2039 quod
2247 1961 2643 2038 Ephraamius
2673 1963 3002 2023 historiam
3054 1963 3303 2041 poetico
3354 1967 3556 2022 metro
3603 1961 4087 2040 conscripserit,

657 2084 844 2125 nemo
878 2081 1262 2142 magnopere
1292 2065 1633 2132 irascatur;
1669 2059 1872 2138 primo
1905 2058 2056 2138 quia
2082 2075 2335 2118 carmen
2365 2059 2704 2120 iambicum
2737 2060 3115 2120 narrationis
3171 2059 3604 2139 perspicuitati
3657 2058 4088 2138 peridoneum

652 2168 770 2240 est,
805 2168 867 2222 et
901 2160 1270 2220 memoriam
1305 2158 1645 2235 legentium
1678 2155 1965 2234 apprime
1988 2153 2208 2232 juvat;
2245 2155 2471 2215 deinde
2502 2159 2652 2235 quia
2701 2158 2942 2218 Pisidas
3000 2159 3214 2230 etiam,
3240 2158 3687 2218 Constantinus
3729 2158 4090 2234 Manasses,

654 2267 845 2337 atque
879 2262 1128 2318 'l‘zetzes
1158 2258 1417 2336 impune
1449 2273 1592 2315 suas
1623 2254 1920 2314 historias
1950 2253 2232 2312 versibus
2264 2261 2793 2334 composuerunt;
2828 2257 2936 2334 qui
2986 2256 3184 2317 nihilo
3237 2256 3443 2316 minus
3483 2264 3796 2325 auctores,
3849 2254 4095 2333 praeci-

650 2375 899 2436 pueque
929 2359 1200 2429 Tzetzes,
1238 2372 1468 2430 magno
1502 2352 1640 2411 usui
1663 2351 1832 2429 apud
1865 2351 2143 2410 eruditos
2174 2357 2342 2410 sunt.
2380 2355 2587 2430 Atque
2618 2370 2732 2430 ego
2763 2354 3102 2432 Ephraemii
3125 2354 3380 2431 quidem
3415 2354 3778 2424 Historiam,
3817 2357 4099 2431 propter

651 2473 830 2515 suam
863 2454 1155 2514 eximiam
1193 2453 1526 2512 utilitatem
1560 2449 1639 2510 ad
1669 2449 1954 2509 Latinam
1982 2449 2524 2522 consuetudinem,
2557 2451 2761 2510 soluta
2795 2458 3007 2511 tamen
3039 2452 3345 2527 oratione,
3383 2451 3712 2511 transtuli:
3747 2450 3856 2510 etsi
3909 2450 4097 2510 enim

652 2553 804 2614 olim
837 2553 1148 2631 poeticam
1181 2569 1306 2610 non
1339 2549 1614 2627 neglexi,
1647 2567 1812 2608 nunc
1845 2554 2054 2608 tamen
2086 2548 2564 2626 pangendorum
2593 2567 2887 2609 versuum
2923 2549 3065 2628 plus
3095 2549 3311 2609 decem
3344 2549 3622 2610 millibus
3664 2551 3864 2609 otium
3921 2548 4099 2607 mihi

653 2652 1074 2729 voluntasque
1103 2643 1324 2710 defuit.

1032 3103 2350 3280 ECDPAIMIOY
2477 3017 3791 3280 XPONIKCY'

1911 3428 2832 3560 ΚΑΙΣΑΡΕΣ.

873 3937 2121 4108 EPHB/EMII
2290 3935 3862 4105 CHRONOLOGI

1939 4251 2786 4376 CAESARES.

3117 4696 3370 4767 mm

1178 4810 1388 4868 CAIUS
1434 4808 1650 4864 ANNIS
1692 4806 1784 4861 ιν.

2991 4803 3200 4858 ΓΑΙΟΣ
3243 4803 3384 4860 ΕΤΗ
3425 4803 3495 4857 A'.

647 4940 872 4997 Deinde
893 4939 1294 4995 Romanorum
1329 4933 1644 5004 imperium
1670 4929 1860 4985 tenuit

2593 4928 2726 4982 Εἶτα
2757 4927 2990 5002 κατέσχὲ
3021 4927 3083 4981 τὸ
3114 4925 3313 4999 κράτος
3339 4931 3449 4982 τῶν
3483 4924 3767 5002 Αὐσόνων,

646 5033 843 5100 Caius,
875 5029 993 5083 vita
1021 5027 1314 5099 Epicurus
1341 5022 1428 5078 vel
1463 5021 1661 5094 potius
1693 5021 1896 5086 Satan,

2593 5017 2751 5076 Γαὶος
2785 5014 3107 5089 Ἐπίκουρος
3209 5015 3382 5071 Σατὰν
3411 5016 3637 5089 τρόπον,

644 5136 826 5191 supra
855 5119 1182 5174 humauam
1207 5117 1480 5169 naturam
1513 5109 1799 5166 extollens
1833 5113 2021 5164 semet

2596 5105 2753 5179 Ὑπὲρ
2789 5104 2946 5182 φύσιν
2981 5105 3227 5180 βρότειον
3259 5105 3417 5160 αὐτὸν
3447 5108 3746 5180 σεμνύνων,

640 5211 1020 5280 divinumque
1054 5207 1357 5274 affectans,
1387 5201 1719 5256 vilissimus
1764 5198 2049 5266 mortalis,

2592 5197 2659 5252 Ἥ
2685 5195 2774 5248 καὶ
2808 5199 3080 5270 θεουργῶν
3114 5197 3148 5264 ἡ
3181 5196 3550 5258 κατπάτυστος
3576 5198 3730 5274 φύσις

640 5299 1001 5372 impudicus,
1036 5295 1344 5360 scelestus,
1378 5288 1802 5362 sanguinarius
1837 5305 1850 5342 :

2520 5289 2549 5339 5
2593 5284 2759 5358 Ἀνὴρ
2794 5283 3057 5358 ἀσελγὴς,
3094 5284 3359 5361 ἀποφρὰς,
3398 5286 3709 5363 μιαιφόνος·

638 5393 750 5447 sub
781 5407 898 5462 quo
933 5389 1125 5461 prima
1156 5385 1493 5456 Stephanus
1524 5381 1707 5452 gloria
1739 5384 2067 5451 martyrum

2591 5375 2705 5452 Ἐφ’
2737 5374 2797 5427 οὗ
2831 5373 3100 5451 Στέφανος
3129 5379 3613 5451 πρωτομαρτῦρων
3643 5375 3803 5441 κλέος

709 5573 790 5641 (l)
822 5571 996 5628 Deest
1045 5571 1102 5625 in
1155 5562 1664 5641 codice_p_rim_um
1698 5561 1927 5641 folium,
1965 5559 2296 5641 quodJulii
2410 5555 3093 5641 minus‘quinwag'mta,
3121 5560 3186 5611 ut
3215 5556 3566 5641 paginarum
3620 5559 3770 5641 ratio
3817 5562 4103 5625 demon-

639 5627 907 5710 Caesaris,
941 5642 1206 5714 Augusti,
1255 5645 1313 5695 et
1367 5627 1589 5714 Tiberii
1648 5633 1919 5689 notitiam
1981 5627 2295 5714 continuit.
2408 5632 2576 5710 strat.
2611 5627 2791 5694 Nihil,
2813 5631 3014 5714 tamen
3043 5627 3412 5702 incognitum
3442 5629 3502 5686 in
3535 5629 3646 5687 hac
3677 5630 3894 5692 lacuna
3919 5642 4103 5698 ami-

638 5700 1060 5774 Desiderantur
1087 5700 1271 5786 igitur
1300 5727 1370 5768 ex
1391 5708 1666 5766 universo
1694 5723 1865 5779 opere
1895 5721 2101 5762 versus
2122 5704 2298 5778 paulo
2404 5700 2555 5757 sisse
2588 5717 2694 5757 nos
2724 5704 2887 5774 puto.
