4208 6430
615 389 684 442 15
1821 378 2198 436 EPHREMII
2234 376 2814 435 CHBONOGRAPHI

613 511 732 566 Sub
767 527 832 566 eo
865 510 1106 582 quidam
1139 510 1351 582 reperit
1380 525 1590 565 aurum
1621 508 1968 578 plurimum,

612 601 879 670 amplum
915 616 1125 672 nempe
1156 600 1500 655 thesaurum
1532 597 1700 652 humi
1733 597 2034 660 obrutum,

614 701 792 755 quem
825 687 896 740 ad
929 687 1244 740 arbitrium
1276 685 1519 741 Caesaris
1552 684 1833 739 eﬂ‘ossum
1865 681 2086 737 retulit.

617 773 721 828 Hic
753 780 949 829 autem
981 778 1039 830 et
1069 775 1321 829 retinere
1349 775 1505 829 hunc
1527 773 1714 844 jussit
1743 773 2066 842 eodemque
2091 768 2194 823 uti.

620 866 882 934 Cumque
915 863 1012 918 ille
1044 864 1328 933 majorem
1357 863 1579 934 privato
1610 878 1730 916 rem
1765 875 1892 915 esse
1926 859 2161 926 diceret,

619 952 706 1007 Tu
737 969 891 1023 vero,
924 952 1121 1023 inquit
1149 951 1354 1019 Nerva,
1387 952 1623 1006 inventa
1654 966 1716 1004 re
1747 948 1836 1004 vel
1868 947 2145 1004 abutitor.

1050 1067 1426 1124 TRAJANUS
1479 1071 1596 1121 AN.
1638 1065 1836 1121 XVIII.

623 1175 729 1230 Ubi
762 1175 1079 1247 imperium
1109 1175 1294 1230 Nerva
1324 1191 1458 1229 cum
1491 1175 1607 1229 vita
1637 1172 1971 1244 dereliquit,

618 1264 928 1334 Trajanus,
963 1265 1142 1335 hujus
1171 1265 1482 1334 adoptione
1513 1265 1694 1328 filius,

622 1356 1022 1408 Romanorum
1050 1358 1348 1424 sceptrum
1382 1353 1708 1423 occupavit,

622 1442 882 1497 victoriis
912 1442 999 1496 vir
1030 1443 1326 1513 rebusque
1356 1441 1539 1513 gestis
1573 1440 1848 1511 inclytus.

623 1532 678 1587 Is
709 1537 906 1586 tamen
939 1532 1067 1601 pios
1100 1530 1471 1601 aliquantum
1505 1538 1847 1601 persecutus
1878 1530 1968 1582 est
1996 1543 2008 1580 :

618 1637 733 1691 quo
765 1626 1027 1691 tempore
1061 1621 1353 1676 contritus
1382 1619 1702 1674 bestiarum
1734 1618 2011 1672 dentibus

620 1709 815 1779 Theop
847 1709 1029 1763 horus
1061 1707 1323 1780 lgnatius
1350 1709 1408 1762 in
1444 1709 1583 1762 urbe
1617 1707 1800 1762 Roma
1831 1707 1941 1759 fuit
1973 1720 1988 1759 :

618 1803 795 1868 atque
826 1796 925 1852 alii
958 1799 1198 1867 insuper
1221 1797 1461 1866 plurimi
1492 1796 1672 1851 vitam
1708 1799 1996 1863 martyres

623 1885 840 1940 Christi
870 1901 1051 1940 causa
1080 1885 1357 1940 certando
1386 1890 1882 1940 consummarunt
1913 1902 1926 1939 :

622 1991 874 2046 quorum
905 1974 1198 2030 intellecto
1231 1974 1524 2046 Trajanus
1557 1975 1819 2029 interitu.

624 2065 858 2134 negavit
887 2064 1098 2134 dignos
1131 2064 1313 2117 fuisse
1345 2063 1485 2117 talia
1513 2063 1654 2135 pati,

623 2169 688 2208 eo
721 2154 877 2223 quod
910 2152 1210 2207 Christum
1245 2151 1412 2207 unice
1442 2152 1624 2207 Deum
1658 2150 1935 2222 colerent,

624 2249 682 2298 et
709 2259 780 2298 ne
811 2242 1127 2297 Christiani
1160 2247 1512 2296 vexarentur
1543 2243 1747 2297 vetuit.

630 2333 789 2388 Idem
821 2348 955 2386 cum
984 2331 1250 2402 praal‘ecto
1283 2330 1546 2402 gladium
1581 2333 1856 2400 traderet,

631 2421 851 2476 dixisse
881 2421 1066 2476 fertur
1099 2437 1111 2474 :
1153 2424 1319 2475 Hunc
1351 2437 1514 2492 cape,
1548 2422 1755 2478 amice.
1792 2438 1987 2476 manu.

629 2515 685 2565 et
715 2509 764 2564 si
795 2510 1032 2579 quidem
1063 2507 1481 2580 rempublicam
1519 2509 1666 2565 bene
1696 2525 1952 2580 gessero,

627 2615 732 2670 pro
765 2615 897 2654 mea
922 2596 1112 2653 salute
1142 2597 1251 2653 hoc
1281 2597 1388 2652 tibi
1422 2599 1706 2653 utendum
1738 2603 1828 2654 est
1853 2617 1866 2666 ;

627 2689 719 2744 sin
752 2688 903 2743 male
935 2688 1314 2758 imperavero,
1349 2687 1459 2741 hoc
1487 2703 1579 2742 me
1609 2688 1928 2743 confodite.

1072 2801 1483 2858 HADRIANUS
1522 2802 1638 2858 ΔΝ.
1679 2805 1834 2858 XXI.

628 2913 764 2969 Post
793 2911 950 2965 hunc
980 2910 1101 2964 vita
1132 2909 1477 2964 defunctum
1510 2909 1569 2964 in
1603 2909 1873 2982 imperio,

626 3001 810 3057 [Elius
845 3000 1173 3056 Hadrianus
1204 2999 1452 3055 bellator
1485 2999 1701 3055 nobilis

627 3091 792 3163 regni
825 3105 1133 3145 successor
1163 3089 1506 3160 designatus
1535 3089 1645 3144 fuit
1678 3106 1690 3143 :

626 3181 717 3237 vir
746 3182 954 3236 doctus
984 3196 1050 3235 ac
1082 3179 1431 3252 magniﬁcus
1464 3196 1910 3251 usquequaque,

629 3272 726 3343 qui
759 3271 936 3326 etiam
968 3272 1151 3324 vetuit
1185 3272 1255 3325 de
1282 3270 1634 3326 Christianis
1666 3287 1870 3342 pmnas
1901 3271 2077 3327 sumi.

633 3361 779 3416 Huic
812 3359 1130 3431 aliquando
1161 3359 1451 3430 equitanti
1483 3359 1542 3414 in
1575 3361 1666 3414 via

634 3466 834 3522 preces
867 3447 1076 3504 mulier
1104 3448 1372 3519 quaedam
1405 3448 1666 3503 efﬂictim
1699 3450 1912 3504 obtulit
1945 3466 1957 3503 :

632 3539 682 3594 is
711 3543 903 3594 autem
937 3536 1168 3608 negavit
1198 3540 1464 3592 orantem
1498 3554 1559 3593 se
1591 3553 1761 3608 posse
1793 3539 2014 3594 audire.

630 3629 778 3684 Tum
812 3628 932 3695 illa,
966 3628 1045 3682 Ne
1078 3643 1282 3696 regnes
1315 3627 1513 3696 igitur,
1541 3629 1840 3699 respondit
1872 3644 1885 3682 :

630 3735 813 3791 quare
844 3719 894 3772 is
922 3733 1236 3772 conversus
1271 3716 1497 3771 femina:
1523 3717 1626 3787 jus
1660 3718 1931 3773 reddidit.

626 3809 787 3865 Idem
820 3809 878 3862 in
914 3805 1223 3862 Palmstina
1253 3807 1456 3860 urbem
1494 3807 1727 3875 struxit,

626 3899 724 3953 ubi
756 3898 891 3952 Sion
926 3896 1194 3950 funditus
1226 3910 1428 3949 eversa
1461 3895 1670 3964 fuerat,

623 4003 869 4059 eamque
900 3984 1216 4057 appellavit
1247 3983 1633 4056 Capitolinam
1665 3985 1896 4040 fEliam.

623 4077 935 4148 Templum
969 4090 1203 4146 quoque
1235 4075 1507 4128 excitavit
1537 4075 1809 4130 Saturnio
1840 4074 1992 4141 Jovi,

621 4167 720 4222 ubi
754 4166 891 4221 olim
925 4165 1202 4219 Solomon
1236 4179 1412 4218 suum
1446 4163 1810 4220 condiderat.

618 4259 754 4323 Qua:
788 4273 879 4311 res
911 4252 1303 4309 intolerabilis
1332 4253 1588 4307 Judaiczn
1619 4255 1781 4325 genti
1817 4253 1927 4309 fuit
1959 4270 1972 4308 ε

619 4363 800 4419 quare
832 4349 1030 4401 coacto
1062 4347 1424 4397 armatorum
1458 4359 1727 4411 numero,

615 4442 948 4492 Remanum
982 4432 1404 4504 aggrediuntur
1435 4433 1776 4502 praesidium
1804 4431 1936 4504 loci,

617 4527 1004 4597 ejusdemque
1029 4522 1326 4594 ingentem
1359 4527 1612 4591 stragem
1645 4523 1848 4576 edunt.

619 4617 782 4681 Quod
815 4615 915 4671 ubi
947 4618 1136 4666 Caesar
1169 4611 1344 4676 novit,
1379 4611 1986 4693 conjurati‘exercitus

617 4708 994 4762 Hebraeorum
1030 4701 1265 4774 penitus
1291 4701 1544 4755 succidit
1574 4702 1728 4756 vires
1762 4719 1773 4756 :

610 4798 896 4854 nimirum
930 4794 979 4848 is
1012 4792 1337 4863 quingenta
1368 4794 1426 4845 et
1457 4790 1751 4862 octoginta

609 4887 920 4943 hominum
950 4880 1134 4936 millia
1163 4879 1322 4934 letho
1353 4880 1537 4934 dedit.

608 4976 794 5046 Pagos
825 4971 1002 5026 etiam
1034 4967 1225 5040 gentis
1257 4966 1549 5022 subvertit
1581 4966 1745 5022 mille

605 5081 740 5119 cum
771 5058 1201 5134 quinquaginta
1227 5056 1464 5112 arcibus
1497 5056 1814 5114 nobilibus.

606 5154 781 5208 Porro
814 5150 1052 5221 quidam
1085 5148 1156 5201 ab
1185 5162 1251 5201 eo
1283 5146 1409 5202 neci
1444 5147 1741 5216 addictus,

603 5245 778 5300 thure
804 5242 861 5295 in
893 5239 1090 5311 ignem
1125 5236 1388 5306 conjecto
1421 5239 1672 5291 testatus
1701 5241 1809 5305 est,

601 5353 663 5393 se
697 5335 933 5407 quidem
964 5331 1371 5385 immerentem
1407 5327 1476 5382 ad
1508 5337 1752 5384 mortem
1786 5329 1942 5402 adigi
1970 5351 1984 5400 ;

596 5421 909 5496 imprecari
941 5423 1139 5475 autem
1172 5415 1467 5471 Hadriano
1499 5434 1569 5472 ne
1601 5433 1734 5472 cum
1768 5417 1922 5473 volet

599 5515 771 5578 mori,
803 5510 920 5568 voti
951 5509 1045 5565 sui
1077 5522 1317 5578 compos
1346 5506 1447 5560 fiat
1482 5523 1494 5560 :

601 5605 757 5678 quod
788 5616 988 5658 revera
1012 5597 1302 5656 Hadriano
1329 5595 1521 5652 evenit
1552 5595 1610 5652 in
1640 5596 1771 5654 vitae
1805 5597 2076 5670 termino,

2293 511 2347 576 A

2304 1873 2353 1938 Β

2301 4613 2348 4678 D

2554 503 2668 579 Ἐφ’
2699 503 2865 576 οὗτις
2889 504 2964 576 (2)
2995 502 3272 575 ἀμύθητον
3303 505 3424 582 εὗρε
3452 509 3680 584 χρυσίον

2550 592 2831 665 Θησαυρὸν
2865 587 3030 665 ἁϐρὸν
3065 593 3644 671 έγκατακεχωσμένον,

2442 682 2515 735 60
2552 683 2646 733 "Ov
2681 678 3014 753 ἐκκαλύψας,
3044 684 3308 759 κράτορος
3349 685 3491 757 μένει
3523 687 3722 759 κρίσιν.

2550 769 2610 825 '0
2640 766 2685 822 δ’
2711 769 2775 822 αὗ
2805 776 3111 844 κεχρῆσθαι
3145 772 3338 844 μηνύει
3366 775 3456 829 καὶ
3487 777 3759 852 κατέχειν·

2554 857 2707 913 Ἀλλ’
2741 858 2874 932 ὑπὲρ
2906 858 3063 913 αὐτὸν
3098 862 3313 935 εὑρεθὲν
3345 863 3535 940 φάσκει
3565 867 3776 940 πέλειν,

2552 946 2622 1001 Ἥ
2657 943 2701 999 δ’
2733 945 2816 1016 ὃς,
2850 948 3249 1023 Κατακέχρησο
3279 957 3396 1013 τοῖς
3429 953 3782 1029 εὑρημένοις.

2857 1064 3217 1122 ΤΡΑΙΔΝΟΣ
3259 1069 3370 1125 ET.
3426 1071 3529 1125 ΙΙΙ.

2555 1166 2768 1223 Τούτου
2802 1167 3062 1232 λιπόντος
3095 1171 3188 1225 σὺν
3222 1175 3531 1249 κραταρχίᾳ
3564 1174 3703 1249 βίον,

2445 1257 2516 1310 65
2555 1257 2822 1330 Τραϊανός
2854 1280 2936 1321 τις
2969 1266 3095 1322 παῖς
3127 1263 3280 1324 θετὸς
3320 1266 3518 1319 τούτου
3550 1265 3744 1343 στέφος

2556 1345 2658 1400 Καὶ
2692 1353 2938 1423 σκῆπερα
2967 1348 3277 1429 παρείληφε
3295 1354 3363 1406 τὰ
3390 1358 3498 1408 τῶν
3531 1354 3813 1411 Αὐσόνων·

2553 1432 2696 1508 Εύρὺ
2727 1434 2889 1498 κλέος
2916 1438 3065 1511 σχὼν
3101 1437 3152 1492 έν
3184 1439 3353 1503 νίκαις
3383 1443 3473 1496 καὶ
3503 1444 3812 1516 πρακτέοις·

2554 1521 2616 1576 Et
2649 1523 2736 1578 καὶ
2771 1521 2984 1581 διώκων
3020 1523 3254 1590 εὐσεϐεῖς
3283 1530 3348 1598 ἦν
3388 1534 3647 1606 μετρίως,

2558 1612 2684 1665 Καθ’
2713 1613 2770 1666 ὃν
2795 1618 2996 1688 χρόνον
3033 1612 3280 1692 βέϐρωτο
3311 1621 3517 1695 θηρίων
3547 1625 3765 1697 γνάθοις

2448 1700 2520 1754 70
2557 1701 2617 1756 'O
2644 1697 2904 1778 θεοφόρος
2939 1705 3202 1778 Ἰγνάτιος
3233 1707 3285 1762 έν
3316 1708 3528 1784 Ῥώμῃ,

2557 1788 2762 1844 ’Ἄλλοι
2792 1812 2850 1845 τε
2879 1792 3132 1849 πλεῖστοι
3167 1803 3514 1872 μαρτυρικῶς
3543 1801 3634 1854 τὸν
3672 1801 3790 1875 βίον

2561 1879 2797 1952 Χριστοῦ
2829 1885 2992 1955 χάριν
3023 1885 3224 1953 ἤνυσαν
3251 1887 3642 1960 ἠγωνισμένοι·

2558 1969 2780 2024 Τούτων
2816 1972 3056 2043 μαθόντα
3084 1975 3175 2028 τὸν
3206 1981 3506 2050 κρατοῦντα
3533 1979 3626 2033 τὸν
3664 1981 3854 2057 φόνον.

2560 2058 2649 2120 Ὡς
2679 2057 2744 2112 οὗ
2777 2067 3020 2136 πονηρᾶς
3050 2062 3227 2125 αἰτίας
3259 2067 3489 2140 πάσχειν
3517 2065 3646 2123 τάδε

2453 2147 2523 2200 75
2562 2148 2659 2208 Οἷς
2691 2145 2746 2201 δὲ
2777 2149 3010 2221 Χριστὸν
3045 2147 3289 2208 σέϐουσιν
3319 2154 3394 2217 ὡς
3420 2155 3549 2211 Θεὸν
3587 2158 3772 2230 μόνον,

2692 2233 2801 2290 δεῖν
2834 2236 3090 2307 κολάζειν
3120 2243 3360 2296 θεσπίσαι
3392 2246 3842 2320 Χριστωνύμους.

2560 2325 2763 2380 Τοῦτόν
2794 2327 2846 2401 γ’
2877 2327 3104 2404 ἐπάρχῳ
3134 2331 3451 2406 χειρίσαντα
3478 2337 3542 2389 τὸ
3573 2335 3751 2411 ξίφος,

2560 2411 2746 2485 Δέδεξο
2778 2417 2932 2472 τουτὶ
2964 2425 3080 2474 ταῖν
3118 2426 3328 2495 χεροῖν,
3359 2427 3551 2479 τοῦτον
3581 2426 3768 2503 φάναι,

2562 2501 2666 2556 Κᾶν
2704 2506 2798 2577 μὶν
2826 2505 3010 2570 καλῶς
3035 2506 3078 2562 ὦ
3112 2506 3312 2566 διέπων
3344 2511 3410 2567 τά
3438 2518 3534 2568 τοῦ
3565 2501 3822 2588 κράτους,

2456 2594 2525 2648 80
2562 2594 2719 2665 Ὑπὲρ
2751 2596 2799 2670 γ’
2831 2595 3068 2668 ἐμαυτοῦ
3096 2596 3236 2670 τῷδε
3267 2603 3558 2676 χρηστέον.
3585 2602 3729 2679 φίλε·

2565 2683 2628 2740 Et
2661 2682 2708 2738 δ’
2739 2683 2804 2738 αὖ
2836 2706 2898 2760 γε
2927 2691 3126 2759 κακῶς,
3158 2690 3275 2743 κατ’
3307 2689 3543 2763 ἐμαυτοῦ
3574 2690 3821 2769 καρδίας.

2885 2806 3232 2862 ΑΔΡΙΑΝΟΣ
3273 2808 3386 2864 ΕΤ.
3427 2811 3539 2865 KA'

2559 2907 2761 2962 Τούτου
2795 2905 2852 2964 δέ
2886 2910 3005 2985 βίον
3035 2912 3126 2966 καὶ
3157 2914 3353 2986 κράτος
3396 2913 3752 2989 λελοιπότος,

2559 2994 2844 3072 Ἀδριανὸς
2873 2997 3070 3062 Αἴλιος
3099 3000 3348 3074 ἀριστεὺς
3383 3002 3548 3079 μέγας

2564 3083 2837 3161 Διάδοχος
2870 3085 3111 3157 δέδεικτο
3141 3097 3244 3160 τῆς
3279 3093 3609 3168 μοναρχίας·

2461 3176 2532 3231 85
2569 3176 2864 3249 Ἑρμαϊκός
2883 3199 2941 3233 τε
2969 3178 3056 3233 καὶ
3093 3178 3453 3259 μεγαλόφρων
3487 3182 3664 3255 δλοις,

2571 3266 2665 3333 Μὴ
2700 3263 2808 3321 δεῖν
2840 3264 3091 3337 κολάζειν
3122 3270 3377 3332 θεσπίσας
3402 3272 3846 3348 Χριστωνύμους·

2568 3354 2772 3409 Τούτου
2806 3354 2852 3410 δ’
2879 3357 3207 3421 ἱππεύοντάς
3237 3362 3363 3414 ποτ’
3395 3360 3445 3414 έν
3477 3361 3745 3439 λεωφόρῳ

2569 3442 2773 3500 Ἐδεῖτο
2807 3448 2942 3520 γυνή
2978 3445 3225 3522 λιπαρῶς
3255 3449 3561 3525 ἐγκειμένη·

2568 3534 2628 3590 Ὁ
2662 3532 2731 3602 δ’,
2764 3535 2840 3592 Ού
2871 3535 3154 3611 σχολάζω,
3186 3535 3309 3611 τῇδ’
3340 3537 3627 3616 ἐγκειμξνῃ
3663 3540 3832 3616 Λέγει·

2460 3627 2531 3681 90
2570 3624 2696 3695 Καὶ,
2729 3623 2886 3695 Μηδέ
2917 3625 3191 3698 βασίλευε,
3226 3629 3362 3702 πρὸς
3391 3627 3537 3684 τόνδ’
3570 3631 3796 3709 ἆντέφη,

2567 3716 2630 3772 Ὀ
2660 3713 2716 3769 δὲ
2748 3716 2998 3791 στραφεὶς
3028 3717 3332 3792 προσέσχεν
3365 3717 3532 3788 αὐτῆς
3557 3722 3625 3793 τῇ
3661 3717 3811 3795 δίκῃ·

2568 3805 2737 3866 Οὗτος
2768 3804 2984 3872 πολίζει
3017 3807 3153 3879 πρὸς
3188 3807 3528 3884 Παλαιστὶνῃ
3560 3805 3719 3863 πόδιν

2565 3896 2742 3950 “Οπου
2779 3895 2918 3948 Σιὼν
2954 3891 3137 3966 ἵδρυτο
3159 3897 3600 3971 κατεσκαμμένη,

2568 3983 2947 4038 Καπιτωλίναν
2979 3982 3210 4047 καλέσας
3236 3984 3388 4056 τήνδ’
3419 3987 3638 4044 Αἰλίαν·

2457 4076 2528 4130 95
2568 4074 2670 4130 Καὶ
2698 4074 2824 4128 ναὸν
2858 4073 3148 4148 ἀντήγειρε
3181 4077 3263 4129 Διὶ
3293 4080 3373 4147 τῷ
3406 4077 3640 4150 Κρόνου,

2563 4161 2640 4219 Οὔ
2668 4162 2794 4237 πρὶν
2828 4160 3100 4234 Σολομὼν
3127 4163 3218 4218 τὸν
3251 4166 3377 4218 ναὸν
3408 4166 3596 4236 τεύξας
3629 4165 3771 4242 ἔχει·

2561 4256 2720 4306 Τοῦτ’
2750 4252 2849 4306 οὺκ
2877 4252 3093 4306 ἀνεκτὸν
3121 4254 3186 4322 ἧν
3223 4251 3499 4310 Ἰουδαίων
3533 4255 3714 4334 φύλῳ·

2564 4340 3017 4415 Συσπειραθέντες
3046 4347 3340 4417 τοιγαροῦν
3375 4343 3742 4418 ὡπλισμένοι,

2559 4432 2774 4487 Ἐπίασι
2807 4430 2997 4508 φύλαξι
3031 4432 3327 4505 Ῥωμαίοις
3356 4432 3554 4507 τόπου,

2419 4523 2520 4578 100
2558 4520 2659 4578 Καὶ
2690 4525 2837 4595 σφῶν
2871 4541 2934 4594 γε
2962 4518 3254 4584 πλείστους
3285 4518 3509 4597 ἔδρασαν
3544 4520 3698 4599 ἔργον
3733 4526 3923 4604 φόνου·

2557 4613 2625 4667 "0
2653 4611 2812 4684 γνοὺς
2842 4612 2870 4664 ὁ
2899 4615 3136 4684 κρατῶν,
3166 4617 3420 4687 στρατιᾶς
3453 4613 3769 4690 ὁμαιχμίας

2550 4698 2756 4774 Ἀρδην
2789 4695 3059 4776 Ἑϐραίων
3091 4699 3352 4774 έκθερίζει
3383 4703 3444 4756 τὸ
3476 4703 3689 4780 στίφος·

2551 4790 2728 4846 Ὀκτὼ
2763 4789 2856 4862 μὶν
2885 4785 3094 4863 ἀνδρῶν
3127 4788 3217 4844 καὶ
3248 4793 3585 4861 πεντήκοντα
3613 4792 3780 4848 πάλιν

2552 4879 2904 4952 Ποσουμένας
2937 4877 3068 4940 δοὺς
3103 4877 3371 4952 μυριάδας
3401 4881 3633 4955 θανάτῳ,

2411 4970 2514 5024 105
2553 4968 2757 5040 Κώμας
2788 4968 3132 5040 κατασκάψας
3165 4965 3222 5022 δὲ
3250 4968 3461 5024 τούτων
3494 4970 3708 5046 χιλίας,

2551 5064 2665 5132 Φρο
2678 5058 2796 5132 ύρια
2825 5059 3164 5127 πεντήκοντα
3193 5059 3389 5131 τεθρυΛ
3400 5057 3469 5130 λη
3481 5061 3637 5132 μένα.

2551 5145 2726 5211 Οὗτός
2753 5149 2875 5202 ποτ’
2901 5143 3097 5219 ἀνδρὸς
3125 5147 3192 5216 ἦν
3225 5148 3549 5222 κατακρίνας
3584 5150 3776 5225 μόρον·

2548 5237 2653 5294 Καὶ
2683 5237 2773 5291 τὸν
2807 5231 3049 5291 λαϐόντα
3081 5241 3188 5312 πῦρ
3220 5239 3498 5310 θυμιῶντα
3531 5239 3736 5316 λέγειν,

2549 5327 2688 5402 Ἐγὼ
2723 5327 2817 5399 μὲν
2849 5324 3000 5380 οὐδὲν
3035 5324 3236 5381 ἀδικῶν
3270 5329 3490 5399 θνήσκω
3525 5329 3634 5404 βίᾳ,

2407 5420 2508 5475 110
2547 5414 2827 5492 Ἀδριανὸν
2862 5413 2918 5470 δὲ
2946 5417 3034 5470 καὶ
3067 5420 3339 5480 ποθοῦντα
3367 5420 3613 5474 τεθνάναι

2547 5509 2642 5576 Μὴ
2673 5511 2770 5562 τοῦ
2799 5509 2916 5561 κατ’
2949 5507 3121 5582 εὐχὴν
3154 5505 3391 5583 εὔχομαι
3420 5514 3612 5586 τυχεῖν
3638 5508 3852 5575 τέλους·

2544 5599 2612 5655 Ὀ
2641 5597 2730 5652 καὶ
2761 5600 2948 5662 παθεῖν
2986 5597 3038 5651 οἱ
3068 5590 3263 5667 συνέϐη
3295 5598 3432 5673 πρὸς
3463 5603 3541 5672 τῷ
3562 5598 3735 5672 τέλει,

667 5735 744 5808 (2)
779 5732 1000 5804 Nempe
1031 5729 1285 5787 Herodes
1317 5729 1569 5798 Atticus,
1603 5731 1667 5787 ut
1697 5731 1897 5785 narrat
1922 5727 1982 5783 in
2019 5726 2165 5784 Vitis
2197 5726 2609 5786 Philostratus.

3955 391 4027 446 16
