  <div class='ocr_page' id='page_1' title='image "/cluster/home/n/w/nwhite01/storage/ocr_20150623/143/nnc1.0046980733/016.png"; bbox 0 0 4208 6430; ppageno 0'>
   <div class='ocr_carea' id='block_1_1' title="bbox 227 386 2086 448">
    <p class='ocr_par' dir='ltr' id='par_1_1' title="bbox 227 386 2086 448">
     <span class='ocr_line' id='line_1_1' title="bbox 227 386 2086 448; baseline -0.001 -8"><span class='ocrx_word' id='word_1_1' title='bbox 227 387 278 448; x_wconf 75' lang='grc'>17</span> <span class='ocrx_word' id='word_1_2' title='bbox 1712 386 2086 442; x_wconf 67' lang='grc' dir='ltr'>ΟΕΒΔΒΒΒ.</span> 
     </span>
    </p>
   </div>
   <div class='ocr_carea' id='block_1_2' title="bbox 365 503 1381 581">
    <p class='ocr_par' dir='ltr' id='par_1_2' title="bbox 365 503 1381 581">
     <span class='ocr_line' id='line_1_2' title="bbox 365 503 1381 581; baseline 0.005 -21"><span class='ocrx_word' id='word_1_3' title='bbox 365 503 524 579; x_wconf 84' lang='grc' dir='ltr'>Νόσῳ</span> <span class='ocrx_word' id='word_1_4' title='bbox 555 505 797 580; x_wconf 71' lang='grc' dir='ltr'>χρονίως</span> <span class='ocrx_word' id='word_1_5' title='bbox 832 503 1008 581; x_wconf 83' lang='grc' dir='ltr'>ὑδέρῳ</span> <span class='ocrx_word' id='word_1_6' title='bbox 1036 509 1381 581; x_wconf 84' lang='grc' dir='ltr'>τετηγμένῳ.</span> 
     </span>
    </p>
   </div>
   <div class='ocr_carea' id='block_1_3' title="bbox 372 592 1644 674">
    <p class='ocr_par' dir='ltr' id='par_1_3' title="bbox 372 592 1644 674">
     <span class='ocr_line' id='line_1_3' title="bbox 372 592 1644 674; baseline 0.002 -24"><span class='ocrx_word' id='word_1_7' title='bbox 372 593 516 650; x_wconf 81' lang='grc' dir='ltr'><strong>Κᾶπί</strong></span> <span class='ocrx_word' id='word_1_8' title='bbox 546 595 765 669; x_wconf 78' lang='grc' dir='ltr'>Θρᾴκης</span> <span class='ocrx_word' id='word_1_9' title='bbox 798 593 844 649; x_wconf 90' lang='grc' dir='ltr'>δ’</span> <span class='ocrx_word' id='word_1_10' title='bbox 874 594 940 649; x_wconf 80' lang='grc' dir='ltr'>αὖ</span> <span class='ocrx_word' id='word_1_11' title='bbox 974 592 1236 672; x_wconf 88' lang='grc' dir='ltr'>Ὀδρυσοῦ</span> <span class='ocrx_word' id='word_1_12' title='bbox 1267 599 1402 671; x_wconf 89' lang='grc' dir='ltr'>πρὸς</span> <span class='ocrx_word' id='word_1_13' title='bbox 1432 598 1644 674; x_wconf 85' lang='grc' dir='ltr'>χωρίῳ.</span> 
     </span>
    </p>
   </div>
   <div class='ocr_carea' id='block_1_4' title="bbox 253 683 1515 760">
    <p class='ocr_par' dir='ltr' id='par_1_4' title="bbox 253 683 1515 760">
     <span class='ocr_line' id='line_1_4' title="bbox 253 683 1515 760; baseline 0 -17"><span class='ocrx_word' id='word_1_14' title='bbox 253 688 336 743; x_wconf 91' lang='grc'>115</span> <span class='ocrx_word' id='word_1_15' title='bbox 370 684 585 755; x_wconf 82' lang='grc' dir='ltr'>Ἄλλην</span> <span class='ocrx_word' id='word_1_16' title='bbox 617 683 837 754; x_wconf 81' lang='grc' dir='ltr'>πολίζει</span> <span class='ocrx_word' id='word_1_17' title='bbox 868 687 966 755; x_wconf 80' lang='grc' dir='ltr'>τήν</span> <span class='ocrx_word' id='word_1_18' title='bbox 1001 686 1300 760; x_wconf 79' lang='grc' dir='ltr'>ὁμώνυμον</span> <span class='ocrx_word' id='word_1_19' title='bbox 1333 687 1515 744; x_wconf 86' lang='grc' dir='ltr'>πόλιν.</span> 
     </span>
    </p>
   </div>
   <div class='ocr_carea' id='block_1_5' title="bbox 413 793 1609 863">
    <p class='ocr_par' dir='ltr' id='par_1_5' title="bbox 413 793 1609 863">
     <span class='ocr_line' id='line_1_5' title="bbox 413 793 1609 863; baseline 0.007 -17"><span class='ocrx_word' id='word_1_20' title='bbox 413 793 832 849; x_wconf 69' lang='lat' dir='ltr'>ANTONINO}:</span> <span class='ocrx_word' id='word_1_21' title='bbox 863 794 944 863; x_wconf 82' lang='lat'>(3)</span> <span class='ocrx_word' id='word_1_22' title='bbox 974 796 1018 849; x_wconf 90' lang='lat'>0</span> <span class='ocrx_word' id='word_1_23' title='bbox 1049 797 1166 850; x_wconf 76' lang='grc' dir='ltr'>ΚΑΙ</span> <span class='ocrx_word' id='word_1_24' title='bbox 1200 797 1359 852; x_wconf 76' lang='grc' dir='ltr'>ιηοΣ</span> <span class='ocrx_word' id='word_1_25' title='bbox 1395 797 1499 852; x_wconf 89' lang='lat' dir='ltr'>ET.</span> <span class='ocrx_word' id='word_1_26' title='bbox 1534 798 1609 854; x_wconf 82' lang='lat' dir='ltr'>K&#39;.</span> 
     </span>
    </p>
   </div>
   <div class='ocr_carea' id='block_1_6' title="bbox 365 876 1500 956">
    <p class='ocr_par' dir='ltr' id='par_1_6' title="bbox 365 876 1500 956">
     <span class='ocr_line' id='line_1_6' title="bbox 365 876 1500 956; baseline 0.004 -22"><span class='ocrx_word' id='word_1_27' title='bbox 365 877 476 934; x_wconf 81' lang='grc' dir='ltr'>Εἶτ’</span> <span class='ocrx_word' id='word_1_28' title='bbox 503 879 830 941; x_wconf 84' lang='grc' dir='ltr'>’Δντωνῖνος</span> <span class='ocrx_word' id='word_1_29' title='bbox 863 876 1108 950; x_wconf 76' lang='grc' dir='ltr'>Εὐσεϐὴς</span> <span class='ocrx_word' id='word_1_30' title='bbox 1137 882 1500 956; x_wconf 77' lang='grc' dir='ltr'>κεκλημένος,</span> 
     </span>
    </p>
   </div>
   <div class='ocr_carea' id='block_1_7' title="bbox 368 964 1586 1048">
    <p class='ocr_par' dir='ltr' id='par_1_7' title="bbox 368 964 1586 1048">
     <span class='ocr_line' id='line_1_7' title="bbox 368 964 1586 1048; baseline 0.006 -27"><span class='ocrx_word' id='word_1_31' title='bbox 368 964 660 1028; x_wconf 86' lang='grc' dir='ltr'>Βέλτιστος</span> <span class='ocrx_word' id='word_1_32' title='bbox 688 969 823 1041; x_wconf 78' lang='grc' dir='ltr'>ἀνὴρ</span> <span class='ocrx_word' id='word_1_33' title='bbox 858 968 1054 1042; x_wconf 89' lang='grc' dir='ltr'>εὐαγής</span> <span class='ocrx_word' id='word_1_34' title='bbox 1085 990 1144 1024; x_wconf 83' lang='grc' dir='ltr'>τε</span> <span class='ocrx_word' id='word_1_35' title='bbox 1173 971 1301 1033; x_wconf 84' lang='grc' dir='ltr'>τοὺς</span> <span class='ocrx_word' id='word_1_36' title='bbox 1332 973 1586 1048; x_wconf 81' lang='grc' dir='ltr'>τρόπους,</span> 
     </span>
    </p>
   </div>
   <div class='ocr_carea' id='block_1_8' title="bbox 369 1057 1703 1136">
    <p class='ocr_par' dir='ltr' id='par_1_8' title="bbox 369 1057 1703 1136">
     <span class='ocr_line' id='line_1_8' title="bbox 369 1057 1703 1136; baseline 0.007 -26"><span class='ocrx_word' id='word_1_37' title='bbox 369 1057 588 1110; x_wconf 86' lang='grc' dir='ltr'>Πάντων</span> <span class='ocrx_word' id='word_1_38' title='bbox 619 1061 798 1129; x_wconf 81' lang='grc' dir='ltr'>τιμῶν</span> <span class='ocrx_word' id='word_1_39' title='bbox 837 1059 1076 1130; x_wconf 83' lang='grc' dir='ltr'>μάΛιστα</span> <span class='ocrx_word' id='word_1_40' title='bbox 1104 1060 1229 1122; x_wconf 82' lang='grc' dir='ltr'>τοὺς</span> <span class='ocrx_word' id='word_1_41' title='bbox 1261 1065 1703 1136; x_wconf 85' lang='grc' dir='ltr'>Χριστωνύμους,</span> 
     </span>
    </p>
   </div>
   <div class='ocr_carea' id='block_1_9' title="bbox 365 1145 1512 1225">
    <p class='ocr_par' dir='ltr' id='par_1_9' title="bbox 365 1145 1512 1225">
     <span class='ocr_line' id='line_1_9' title="bbox 365 1145 1512 1225; baseline 0.005 -26"><span class='ocrx_word' id='word_1_42' title='bbox 365 1145 670 1217; x_wconf 73' lang='grc' dir='ltr'>Χειρίζεται</span> <span class='ocrx_word' id='word_1_43' title='bbox 703 1145 975 1202; x_wconf 82' lang='grc' dir='ltr'>κάλλιστα</span> <span class='ocrx_word' id='word_1_44' title='bbox 1005 1151 1104 1218; x_wconf 78' lang='grc' dir='ltr'>τὴν</span> <span class='ocrx_word' id='word_1_45' title='bbox 1134 1151 1467 1225; x_wconf 83' lang='grc' dir='ltr'>κραταρχίαν</span> <span class='ocrx_word' id='word_1_46' title='bbox 1501 1172 1512 1183; x_wconf 88' lang='grc'><strong>·</strong></span> 
     </span>
    </p>
   </div>
   <div class='ocr_carea' id='block_1_10' title="bbox 248 1233 1518 1311">
    <p class='ocr_par' dir='ltr' id='par_1_10' title="bbox 248 1233 1518 1311">
     <span class='ocr_line' id='line_1_10' title="bbox 248 1233 1518 1311; baseline 0.002 -22"><span class='ocrx_word' id='word_1_47' title='bbox 248 1233 332 1289; x_wconf 80' lang='grc'>120</span> <span class='ocrx_word' id='word_1_48' title='bbox 362 1234 549 1295; x_wconf 86' lang='grc' dir='ltr'>Ὅστις</span> <span class='ocrx_word' id='word_1_49' title='bbox 583 1254 646 1308; x_wconf 89' lang='grc' dir='ltr'>γε</span> <span class='ocrx_word' id='word_1_50' title='bbox 677 1233 864 1309; x_wconf 88' lang='grc' dir='ltr'>μάχης</span> <span class='ocrx_word' id='word_1_51' title='bbox 892 1234 981 1289; x_wconf 86' lang='grc' dir='ltr'>καὶ</span> <span class='ocrx_word' id='word_1_52' title='bbox 1019 1235 1134 1310; x_wconf 83' lang='grc' dir='ltr'>βίας</span> <span class='ocrx_word' id='word_1_53' title='bbox 1168 1236 1518 1311; x_wconf 66' lang='grc' dir='ltr'>ἐγκειμένων,</span> 
     </span>
    </p>
   </div>
   <div class='ocr_carea' id='block_1_11' title="bbox 365 1321 1551 1402">
    <p class='ocr_par' dir='ltr' id='par_1_11' title="bbox 365 1321 1551 1402">
     <span class='ocr_line' id='line_1_11' title="bbox 365 1321 1551 1402; baseline 0.003 -24"><span class='ocrx_word' id='word_1_54' title='bbox 365 1321 619 1394; x_wconf 82' lang='grc' dir='ltr'>Ἐπείπερ</span> <span class='ocrx_word' id='word_1_55' title='bbox 655 1321 809 1377; x_wconf 69' lang='grc' dir='ltr'>οὐδὲν</span> <span class='ocrx_word' id='word_1_56' title='bbox 843 1325 1092 1397; x_wconf 89' lang='grc' dir='ltr'>εὐπορῶν</span> <span class='ocrx_word' id='word_1_57' title='bbox 1123 1327 1190 1394; x_wconf 78' lang='grc' dir='ltr'>ἦν</span> <span class='ocrx_word' id='word_1_58' title='bbox 1219 1329 1551 1402; x_wconf 84' lang='grc' dir='ltr'>χρημάτων,</span> 
     </span>
    </p>
   </div>
   <div class='ocr_carea' id='block_1_12' title="bbox 361 1411 1480 1491">
    <p class='ocr_par' dir='ltr' id='par_1_12' title="bbox 361 1411 1480 1491">
     <span class='ocr_line' id='line_1_12' title="bbox 361 1411 1480 1491; baseline 0.004 -23"><span class='ocrx_word' id='word_1_59' title='bbox 361 1411 452 1472; x_wconf 81' lang='grc' dir='ltr'>Εἰς</span> <span class='ocrx_word' id='word_1_60' title='bbox 484 1413 688 1486; x_wconf 69' lang='grc' dir='ltr'>ἀγορὰν</span> <span class='ocrx_word' id='word_1_61' title='bbox 719 1411 998 1487; x_wconf 68' lang='grc' dir='ltr'>προῦθηκε</span> <span class='ocrx_word' id='word_1_62' title='bbox 1026 1420 1145 1478; x_wconf 90' lang='grc' dir='ltr'>τοῖς</span> <span class='ocrx_word' id='word_1_63' title='bbox 1175 1417 1480 1491; x_wconf 75' lang='grc' dir='ltr'>ᾑρημένοις</span> 
     </span>
    </p>
   </div>
   <div class='ocr_carea' id='block_1_13' title="bbox 362 1499 1731 1583">
    <p class='ocr_par' dir='ltr' id='par_1_13' title="bbox 362 1499 1731 1583">
     <span class='ocr_line' id='line_1_13' title="bbox 362 1499 1731 1583; baseline 0.005 -27"><span class='ocrx_word' id='word_1_64' title='bbox 362 1501 544 1556; x_wconf 76' lang='grc' dir='ltr'>Πάντα</span> <span class='ocrx_word' id='word_1_65' title='bbox 571 1502 638 1555; x_wconf 77' lang='grc' dir='ltr'>τὰ</span> <span class='ocrx_word' id='word_1_66' title='bbox 669 1499 899 1575; x_wconf 85' lang='grc' dir='ltr'>λαμπρᾶ</span> <span class='ocrx_word' id='word_1_67' title='bbox 926 1504 1017 1557; x_wconf 85' lang='grc' dir='ltr'>καὶ</span> <span class='ocrx_word' id='word_1_68' title='bbox 1047 1503 1297 1583; x_wconf 88' lang='grc' dir='ltr'>τιμαλφῆ</span> <span class='ocrx_word' id='word_1_69' title='bbox 1331 1511 1428 1561; x_wconf 77' lang='grc' dir='ltr'>τοῦ</span> <span class='ocrx_word' id='word_1_70' title='bbox 1458 1509 1690 1582; x_wconf 77' lang='grc' dir='ltr'>κράτους</span> <span class='ocrx_word' id='word_1_71' title='bbox 1719 1528 1731 1540; x_wconf 90' lang='grc'><strong>·</strong></span> 
     </span>
    </p>
   </div>
   <div class='ocr_carea' id='block_1_14' title="bbox 367 1587 1498 1669">
    <p class='ocr_par' dir='ltr' id='par_1_14' title="bbox 367 1587 1498 1669">
     <span class='ocr_line' id='line_1_14' title="bbox 367 1587 1498 1669; baseline 0.004 -25"><span class='ocrx_word' id='word_1_72' title='bbox 367 1589 487 1662; x_wconf 82' lang='grc' dir='ltr'>Ἀφ’</span> <span class='ocrx_word' id='word_1_73' title='bbox 517 1587 591 1642; x_wconf 73' lang='grc' dir='ltr'>ὧν</span> <span class='ocrx_word' id='word_1_74' title='bbox 624 1590 821 1645; x_wconf 75' lang='grc' dir='ltr'>ἱκανῶν</span> <span class='ocrx_word' id='word_1_75' title='bbox 852 1591 1160 1666; x_wconf 80' lang='grc' dir='ltr'>εὐπορήσας</span> <span class='ocrx_word' id='word_1_76' title='bbox 1193 1595 1498 1669; x_wconf 86' lang='grc' dir='ltr'>χρημάτων</span> 
     </span>
    </p>
   </div>
   <div class='ocr_carea' id='block_1_15' title="bbox 246 1675 1561 1752">
    <p class='ocr_par' dir='ltr' id='par_1_15' title="bbox 246 1675 1561 1752">
     <span class='ocr_line' id='line_1_15' title="bbox 246 1675 1561 1752; baseline 0.007 -21"><span class='ocrx_word' id='word_1_77' title='bbox 246 1678 336 1732; x_wconf 85' lang='grc'>125</span> <span class='ocrx_word' id='word_1_78' title='bbox 367 1675 466 1732; x_wconf 82' lang='lat' dir='ltr'><strong><em>Kal</em></strong></span> <span class='ocrx_word' id='word_1_79' title='bbox 503 1683 851 1752; x_wconf 76' lang='grc' dir='ltr'>στρατιωτῶν</span> <span class='ocrx_word' id='word_1_80' title='bbox 884 1680 1098 1749; x_wconf 79' lang='grc' dir='ltr'>ἡλικὼς</span> <span class='ocrx_word' id='word_1_81' title='bbox 1126 1682 1386 1746; x_wconf 77' lang='grc' dir='ltr'>πλείστας</span> <span class='ocrx_word' id='word_1_82' title='bbox 1417 1683 1561 1750; x_wconf 70' lang='grc' dir='ltr'>ἴλας,</span> 
     </span>
    </p>
   </div>
   <div class='ocr_carea' id='block_1_16' title="bbox 363 1767 1672 1851">
    <p class='ocr_par' dir='ltr' id='par_1_16' title="bbox 363 1767 1672 1851">
     <span class='ocr_line' id='line_1_16' title="bbox 363 1767 1672 1851; baseline 0.005 -29"><span class='ocrx_word' id='word_1_83' title='bbox 363 1767 568 1839; x_wconf 87' lang='grc' dir='ltr'>Μάχην</span> <span class='ocrx_word' id='word_1_84' title='bbox 599 1774 860 1842; x_wconf 88' lang='grc' dir='ltr'>κατορθοῖ</span> <span class='ocrx_word' id='word_1_85' title='bbox 887 1771 978 1823; x_wconf 87' lang='grc' dir='ltr'>καὶ</span> <span class='ocrx_word' id='word_1_86' title='bbox 1014 1771 1179 1844; x_wconf 73' lang='grc' dir='ltr'>βαθὺν</span> <span class='ocrx_word' id='word_1_87' title='bbox 1209 1777 1447 1827; x_wconf 79' lang='grc' dir='ltr'>πλοῦτον</span> <span class='ocrx_word' id='word_1_88' title='bbox 1481 1774 1624 1851; x_wconf 86' lang='grc' dir='ltr'>φέρει</span> <span class='ocrx_word' id='word_1_89' title='bbox 1659 1794 1672 1808; x_wconf 88' lang='grc'><strong>·</strong></span> 
     </span>
    </p>
   </div>
   <div class='ocr_carea' id='block_1_17' title="bbox 357 1852 1422 1937">
    <p class='ocr_par' dir='ltr' id='par_1_17' title="bbox 357 1852 1422 1937">
     <span class='ocr_line' id='line_1_17' title="bbox 357 1852 1422 1937; baseline 0.008 -30"><span class='ocrx_word' id='word_1_90' title='bbox 357 1855 455 1908; x_wconf 81' lang='grc' dir='ltr'>Καὶ</span> <span class='ocrx_word' id='word_1_91' title='bbox 486 1852 653 1909; x_wconf 84' lang='grc' dir='ltr'>πάλιν</span> <span class='ocrx_word' id='word_1_92' title='bbox 686 1852 927 1912; x_wconf 77' lang='grc' dir='ltr'>ἀπέλαϐε</span> <span class='ocrx_word' id='word_1_93' title='bbox 954 1858 1022 1913; x_wconf 73' lang='grc' dir='ltr'>τὸ.</span> <span class='ocrx_word' id='word_1_94' title='bbox 1049 1861 1422 1937; x_wconf 87' lang='grc' dir='ltr'>πεπραγμένα,</span> 
     </span>
    </p>
   </div>
   <div class='ocr_carea' id='block_1_18' title="bbox 359 1943 1602 2023">
    <p class='ocr_par' dir='ltr' id='par_1_18' title="bbox 359 1943 1602 2023">
     <span class='ocr_line' id='line_1_18' title="bbox 359 1943 1602 2023; baseline 0.007 -24"><span class='ocrx_word' id='word_1_95' title='bbox 359 1943 724 2016; x_wconf 75' lang='grc' dir='ltr'>Δὶρουμένοις</span> <span class='ocrx_word' id='word_1_96' title='bbox 758 1943 885 2010; x_wconf 85' lang='grc' dir='ltr'>δοὺς</span> <span class='ocrx_word' id='word_1_97' title='bbox 913 1949 1011 2016; x_wconf 80' lang='grc' dir='ltr'>τὴν</span> <span class='ocrx_word' id='word_1_98' title='bbox 1041 1951 1211 2021; x_wconf 80' lang='grc' dir='ltr'>τιμὴν</span> <span class='ocrx_word' id='word_1_99' title='bbox 1245 1950 1602 2023; x_wconf 70' lang='grc' dir='ltr'>ὠνουμένοις.</span> 
     </span>
    </p>
   </div>
   <div class='ocr_carea' id='block_1_19' title="bbox 493 2051 1514 2128">
    <p class='ocr_par' dir='ltr' id='par_1_19' title="bbox 493 2051 1514 2128">
     <span class='ocr_line' id='line_1_19' title="bbox 493 2051 1514 2128; baseline 0.009 -22"><span class='ocrx_word' id='word_1_100' title='bbox 493 2051 789 2108; x_wconf 75' lang='grc' dir='ltr'>ΜΔΡΚΟΣ</span> <span class='ocrx_word' id='word_1_101' title='bbox 829 2055 1235 2113; x_wconf 74' lang='grc' dir='ltr'>ΑΝΤΩΝΙΝΟΣ</span> <span class='ocrx_word' id='word_1_102' title='bbox 1278 2060 1379 2115; x_wconf 90' lang='lat' dir='ltr'>ET.</span> <span class='ocrx_word' id='word_1_103' title='bbox 1424 2062 1514 2128; x_wconf 77' lang='grc' dir='ltr'>ις’.</span> 
     </span>
    </p>
   </div>
   <div class='ocr_carea' id='block_1_20' title="bbox 358 2137 1584 2222">
    <p class='ocr_par' dir='ltr' id='par_1_20' title="bbox 358 2137 1584 2222">
     <span class='ocr_line' id='line_1_20' title="bbox 358 2137 1584 2222; baseline 0.011 -30"><span class='ocrx_word' id='word_1_104' title='bbox 358 2139 465 2192; x_wconf 85' lang='grc' dir='ltr'>Καὶ</span> <span class='ocrx_word' id='word_1_105' title='bbox 495 2138 660 2194; x_wconf 88' lang='grc' dir='ltr'>πάλιν</span> <span class='ocrx_word' id='word_1_106' title='bbox 693 2137 867 2204; x_wconf 74' lang='grc' dir='ltr'>ἄλλος</span> <span class='ocrx_word' id='word_1_107' title='bbox 898 2144 1219 2208; x_wconf 84' lang='grc' dir='ltr'>Ἀντωνῖνός</span> <span class='ocrx_word' id='word_1_108' title='bbox 1246 2167 1329 2208; x_wconf 90' lang='grc' dir='ltr'>τις</span> <span class='ocrx_word' id='word_1_109' title='bbox 1365 2150 1584 2222; x_wconf 84' lang='grc' dir='ltr'>Μάρκος</span> 
     </span>
    </p>
   </div>
   <div class='ocr_carea' id='block_1_21' title="bbox 236 2227 1699 2314">
    <p class='ocr_par' dir='ltr' id='par_1_21' title="bbox 236 2227 1699 2314">
     <span class='ocr_line' id='line_1_21' title="bbox 236 2227 1699 2314; baseline 0.01 -35"><span class='ocrx_word' id='word_1_110' title='bbox 236 2227 325 2281; x_wconf 89' lang='grc'>130</span> <span class='ocrx_word' id='word_1_111' title='bbox 361 2228 590 2302; x_wconf 84' lang='grc' dir='ltr'>Πρώτου</span> <span class='ocrx_word' id='word_1_112' title='bbox 624 2231 778 2294; x_wconf 81' lang='grc' dir='ltr'>θετὸς</span> <span class='ocrx_word' id='word_1_113' title='bbox 804 2238 956 2304; x_wconf 87' lang='grc' dir='ltr'>παῖς,</span> <span class='ocrx_word' id='word_1_114' title='bbox 991 2234 1290 2314; x_wconf 86' lang='grc' dir='ltr'>φιλόσοφος</span> <span class='ocrx_word' id='word_1_115' title='bbox 1318 2237 1444 2300; x_wconf 83' lang='grc' dir='ltr'>τοὺς</span> <span class='ocrx_word' id='word_1_116' title='bbox 1477 2235 1699 2312; x_wconf 85' lang='grc' dir='ltr'>λόγους,</span> 
     </span>
    </p>
   </div>
   <div class='ocr_carea' id='block_1_22' title="bbox 357 2319 1725 2401">
    <p class='ocr_par' dir='ltr' id='par_1_22' title="bbox 357 2319 1725 2401">
     <span class='ocr_line' id='line_1_22' title="bbox 357 2319 1725 2401; baseline 0.011 -32"><span class='ocrx_word' id='word_1_117' title='bbox 357 2319 603 2392; x_wconf 84' lang='grc' dir='ltr'>Τρόπους</span> <span class='ocrx_word' id='word_1_118' title='bbox 636 2341 696 2374; x_wconf 87' lang='grc' dir='ltr'>τε</span> <span class='ocrx_word' id='word_1_119' title='bbox 727 2324 993 2395; x_wconf 87' lang='grc' dir='ltr'>χρηστὸς,</span> <span class='ocrx_word' id='word_1_120' title='bbox 1027 2324 1260 2397; x_wconf 82' lang='grc' dir='ltr'>εὐμενὴς</span> <span class='ocrx_word' id='word_1_121' title='bbox 1289 2328 1725 2401; x_wconf 85' lang='grc' dir='ltr'>Χριστωνύμοις.</span> 
     </span>
    </p>
   </div>
   <div class='ocr_carea' id='block_1_23' title="bbox 360 2403 1424 2490">
    <p class='ocr_par' dir='ltr' id='par_1_23' title="bbox 360 2403 1424 2490">
     <span class='ocr_line' id='line_1_23' title="bbox 360 2403 1424 2490; baseline 0.011 -32"><span class='ocrx_word' id='word_1_122' title='bbox 360 2403 700 2480; x_wconf 81' lang='grc' dir='ltr'>Παραλαϐὼν</span> <span class='ocrx_word' id='word_1_123' title='bbox 737 2410 881 2466; x_wconf 79' lang='grc' dir='ltr'>ἴθυνε</span> <span class='ocrx_word' id='word_1_124' title='bbox 909 2413 1008 2481; x_wconf 77' lang='grc' dir='ltr'>τὴν</span> <span class='ocrx_word' id='word_1_125' title='bbox 1040 2415 1375 2490; x_wconf 88' lang='grc' dir='ltr'>κραταρχίαν</span> <span class='ocrx_word' id='word_1_126' title='bbox 1413 2435 1424 2447; x_wconf 92' lang='grc'><strong>·</strong></span> 
     </span>
    </p>
   </div>
   <div class='ocr_carea' id='block_1_24' title="bbox 359 2493 1546 2578">
    <p class='ocr_par' dir='ltr' id='par_1_24' title="bbox 359 2493 1546 2578">
     <span class='ocr_line' id='line_1_24' title="bbox 359 2493 1546 2578; baseline 0.01 -29"><span class='ocrx_word' id='word_1_127' title='bbox 359 2493 477 2570; x_wconf 78' lang='grc' dir='ltr'>Ἐφ’</span> <span class='ocrx_word' id='word_1_128' title='bbox 507 2494 569 2550; x_wconf 79' lang='grc' dir='ltr'>οὗ</span> <span class='ocrx_word' id='word_1_129' title='bbox 600 2496 809 2574; x_wconf 81' lang='grc' dir='ltr'>φάλαγξ</span> <span class='ocrx_word' id='word_1_130' title='bbox 839 2500 1076 2570; x_wconf 85' lang='grc' dir='ltr'>κέκλητο</span> <span class='ocrx_word' id='word_1_131' title='bbox 1113 2501 1546 2578; x_wconf 77' lang='grc' dir='ltr'>Κεραυνοϐόλος,</span> 
     </span>
    </p>
   </div>
   <div class='ocr_carea' id='block_1_25' title="bbox 357 2584 1513 2668">
    <p class='ocr_par' dir='ltr' id='par_1_25' title="bbox 357 2584 1513 2668">
     <span class='ocr_line' id='line_1_25' title="bbox 357 2584 1513 2668; baseline 0.01 -30"><span class='ocrx_word' id='word_1_132' title='bbox 357 2585 516 2646; x_wconf 85' lang='grc' dir='ltr'>Ἦτις</span> <span class='ocrx_word' id='word_1_133' title='bbox 553 2584 775 2657; x_wconf 84' lang='grc' dir='ltr'>μερίδος</span> <span class='ocrx_word' id='word_1_134' title='bbox 807 2587 940 2644; x_wconf 78' lang='grc' dir='ltr'>οὖσα</span> <span class='ocrx_word' id='word_1_135' title='bbox 968 2596 1074 2646; x_wconf 86' lang='grc' dir='ltr'>τῶν</span> <span class='ocrx_word' id='word_1_136' title='bbox 1107 2594 1513 2668; x_wconf 83' lang='grc' dir='ltr'>Χριστωνύμων</span> 
     </span>
    </p>
   </div>
   <div class='ocr_carea' id='block_1_26' title="bbox 234 2671 1534 2760">
    <p class='ocr_par' dir='ltr' id='par_1_26' title="bbox 234 2671 1534 2760">
     <span class='ocr_line' id='line_1_26' title="bbox 234 2671 1534 2760; baseline 0.013 -36"><span class='ocrx_word' id='word_1_137' title='bbox 234 2671 326 2726; x_wconf 90' lang='grc'>135</span> <span class='ocrx_word' id='word_1_138' title='bbox 361 2677 546 2747; x_wconf 76' lang='grc' dir='ltr'>Καιρῷ</span> <span class='ocrx_word' id='word_1_139' title='bbox 574 2675 762 2750; x_wconf 88' lang='grc' dir='ltr'>μάχης</span> <span class='ocrx_word' id='word_1_140' title='bbox 793 2676 990 2751; x_wconf 71' lang='grc' dir='ltr'>ηὔξατο</span> <span class='ocrx_word' id='word_1_141' title='bbox 1020 2682 1235 2755; x_wconf 80' lang='grc' dir='ltr'>Χριστῷ</span> <span class='ocrx_word' id='word_1_142' title='bbox 1267 2685 1534 2760; x_wconf 76' lang='grc' dir='ltr'>Δεσπὸτῃ,</span> 
     </span>
    </p>
   </div>
   <div class='ocr_carea' id='block_1_27' title="bbox 360 2760 1417 2844">
    <p class='ocr_par' dir='ltr' id='par_1_27' title="bbox 360 2760 1417 2844">
     <span class='ocr_line' id='line_1_27' title="bbox 360 2760 1417 2844; baseline 0.014 -30"><span class='ocrx_word' id='word_1_143' title='bbox 360 2760 513 2836; x_wconf 80' lang='grc' dir='ltr'>Δίψει</span> <span class='ocrx_word' id='word_1_144' title='bbox 547 2771 801 2839; x_wconf 79' lang='grc' dir='ltr'>στρατιᾶς</span> <span class='ocrx_word' id='word_1_145' title='bbox 825 2766 1248 2842; x_wconf 76' lang='grc' dir='ltr'>κινδυνευούσης</span> <span class='ocrx_word' id='word_1_146' title='bbox 1272 2773 1417 2844; x_wconf 87' lang='grc' dir='ltr'>τότε,</span> 
     </span>
    </p>
   </div>
   <div class='ocr_carea' id='block_1_28' title="bbox 363 2851 1396 2934">
    <p class='ocr_par' dir='ltr' id='par_1_28' title="bbox 363 2851 1396 2934">
     <span class='ocr_line' id='line_1_28' title="bbox 363 2851 1396 2934; baseline 0.013 -29"><span class='ocrx_word' id='word_1_147' title='bbox 363 2851 710 2909; x_wconf 80' lang='grc' dir='ltr'>’Δντιπάλων</span> <span class='ocrx_word' id='word_1_148' title='bbox 743 2877 802 2911; x_wconf 85' lang='grc' dir='ltr'>τε</span> <span class='ocrx_word' id='word_1_149' title='bbox 834 2854 1132 2934; x_wconf 75' lang='grc' dir='ltr'>Βαρϐάρων</span> <span class='ocrx_word' id='word_1_150' title='bbox 1165 2861 1396 2926; x_wconf 78' lang='grc' dir='ltr'>ἐπιθέσει</span> 
     </span>
    </p>
   </div>
   <div class='ocr_carea' id='block_1_29' title="bbox 360 2939 1659 3030">
    <p class='ocr_par' dir='ltr' id='par_1_29' title="bbox 360 2939 1659 3030">
     <span class='ocr_line' id='line_1_29' title="bbox 360 2939 1659 3030; baseline 0.009 -33"><span class='ocrx_word' id='word_1_151' title='bbox 360 2940 465 2997; x_wconf 79' lang='grc' dir='ltr'>Καὶ</span> <span class='ocrx_word' id='word_1_152' title='bbox 497 2939 782 3030; x_wconf 74' lang='grc' dir='ltr'>δυσμενεῖς</span> <span class='ocrx_word' id='word_1_153' title='bbox 815 2947 913 3018; x_wconf 75' lang='grc' dir='ltr'>μὶν</span> <span class='ocrx_word' id='word_1_154' title='bbox 941 2954 1021 3020; x_wconf 81' lang='grc' dir='ltr'>τῷ</span> <span class='ocrx_word' id='word_1_155' title='bbox 1049 2957 1294 3026; x_wconf 88' lang='grc' dir='ltr'>κεραυνῷ</span> <span class='ocrx_word' id='word_1_156' title='bbox 1333 2953 1659 3030; x_wconf 85' lang='grc' dir='ltr'>συμφλέγει,</span> 
     </span>
    </p>
   </div>
   <div class='ocr_carea' id='block_1_30' title="bbox 366 3025 1623 3113">
    <p class='ocr_par' dir='ltr' id='par_1_30' title="bbox 366 3025 1623 3113">
     <span class='ocr_line' id='line_1_30' title="bbox 366 3025 1623 3113; baseline 0.009 -27"><span class='ocrx_word' id='word_1_157' title='bbox 366 3025 634 3106; x_wconf 75' lang='grc' dir='ltr'>’Ὀμϐρων</span> <span class='ocrx_word' id='word_1_158' title='bbox 667 3030 715 3087; x_wconf 85' lang='grc' dir='ltr'>δ’</span> <span class='ocrx_word' id='word_1_159' title='bbox 748 3033 837 3089; x_wconf 77' lang='grc' dir='ltr'>ἐπὶ</span> <span class='ocrx_word' id='word_1_160' title='bbox 871 3025 1180 3113; x_wconf 83' lang='grc' dir='ltr'>στράτευμα</span> <span class='ocrx_word' id='word_1_161' title='bbox 1207 3025 1490 3106; x_wconf 78' lang='grc' dir='ltr'>πλουσίως</span> <span class='ocrx_word' id='word_1_162' title='bbox 1522 3025 1623 3099; x_wconf 75' lang='grc' dir='ltr'>ὕει.</span> 
     </span>
    </p>
   </div>
   <div class='ocr_carea' id='block_1_31' title="bbox 234 3117 1604 3207">
    <p class='ocr_par' dir='ltr' id='par_1_31' title="bbox 234 3117 1604 3207">
     <span class='ocr_line' id='line_1_31' title="bbox 234 3117 1604 3207; baseline 0.012 -36"><span class='ocrx_word' id='word_1_163' title='bbox 234 3117 330 3172; x_wconf 75' lang='grc'>140</span> <span class='ocrx_word' id='word_1_164' title='bbox 364 3118 706 3197; x_wconf 83' lang='grc' dir='ltr'>Ἑρμογένης</span> <span class='ocrx_word' id='word_1_165' title='bbox 735 3124 782 3178; x_wconf 85' lang='grc' dir='ltr'>τ’</span> <span class='ocrx_word' id='word_1_166' title='bbox 813 3121 1026 3198; x_wconf 70' lang='grc' dir='ltr'>ἤκμαζε</span> <span class='ocrx_word' id='word_1_167' title='bbox 1054 3135 1154 3197; x_wconf 78' lang='grc' dir='ltr'>τῆς</span> <span class='ocrx_word' id='word_1_168' title='bbox 1186 3130 1387 3204; x_wconf 87' lang='grc' dir='ltr'>τέχνης</span> <span class='ocrx_word' id='word_1_169' title='bbox 1417 3129 1557 3207; x_wconf 67' lang='grc' dir='ltr'>ἴδρις</span> <span class='ocrx_word' id='word_1_170' title='bbox 1591 3151 1604 3165; x_wconf 85' lang='grc'>⁶</span> 
     </span>
    </p>
   </div>
   <div class='ocr_carea' id='block_1_32' title="bbox 365 3209 1616 3298">
    <p class='ocr_par' dir='ltr' id='par_1_32' title="bbox 365 3209 1616 3298">
     <span class='ocr_line' id='line_1_32' title="bbox 365 3209 1616 3298; baseline 0.013 -38"><span class='ocrx_word' id='word_1_171' title='bbox 365 3209 506 3298; x_wconf 80' lang='grc' dir='ltr'>Θυάς</span> <span class='ocrx_word' id='word_1_172' title='bbox 534 3214 582 3263; x_wconf 85' lang='grc' dir='ltr'>τ’</span> <span class='ocrx_word' id='word_1_173' title='bbox 606 3209 824 3274; x_wconf 80' lang='grc' dir='ltr'>έναθλεῖ</span> <span class='ocrx_word' id='word_1_174' title='bbox 858 3215 1144 3291; x_wconf 83' lang='grc' dir='ltr'>μαρτύρων</span> <span class='ocrx_word' id='word_1_175' title='bbox 1179 3223 1424 3294; x_wconf 78' lang='grc' dir='ltr'>Χριστοῦ</span> <span class='ocrx_word' id='word_1_176' title='bbox 1456 3222 1616 3298; x_wconf 83' lang='grc' dir='ltr'>χάριν</span> 
     </span>
    </p>
   </div>
   <div class='ocr_carea' id='block_1_33' title="bbox 368 3296 1531 3379">
    <p class='ocr_par' dir='ltr' id='par_1_33' title="bbox 368 3296 1531 3379">
     <span class='ocr_line' id='line_1_33' title="bbox 368 3296 1531 3379; baseline 0.015 -30"><span class='ocrx_word' id='word_1_177' title='bbox 368 3296 631 3374; x_wconf 68' lang='grc' dir='ltr'>Σμύρνης</span> <span class='ocrx_word' id='word_1_178' title='bbox 658 3300 685 3354; x_wconf 81' lang='grc' dir='ltr'>ὁ</span> <span class='ocrx_word' id='word_1_179' title='bbox 707 3299 1072 3379; x_wconf 74' lang='grc' dir='ltr'>Πολύκαρπος</span> <span class='ocrx_word' id='word_1_180' title='bbox 1101 3307 1192 3360; x_wconf 89' lang='grc' dir='ltr'><strong>καί</strong></span> <span class='ocrx_word' id='word_1_181' title='bbox 1222 3296 1531 3370; x_wconf 83' lang='grc' dir='ltr'>Ἰουστῖνος.</span> 
     </span>
    </p>
   </div>
   <div class='ocr_carea' id='block_1_34' title="bbox 712 3411 1329 3472">
    <p class='ocr_par' dir='ltr' id='par_1_34' title="bbox 712 3411 1329 3472">
     <span class='ocr_line' id='line_1_34' title="bbox 712 3411 1329 3472; baseline 0.013 -7"><span class='ocrx_word' id='word_1_182' title='bbox 712 3411 1043 3468; x_wconf 80' lang='grc' dir='ltr'>ΚΟΜΟΔΟΣ</span> <span class='ocrx_word' id='word_1_183' title='bbox 1078 3415 1187 3471; x_wconf 89' lang='grc' dir='ltr'>ΕΤ.</span> <span class='ocrx_word' id='word_1_184' title='bbox 1223 3416 1329 3472; x_wconf 85' lang='grc' dir='ltr'>ΙΒ’.</span> 
     </span>
    </p>
   </div>
   <div class='ocr_carea' id='block_1_35' title="bbox 372 3492 1419 3580">
    <p class='ocr_par' dir='ltr' id='par_1_35' title="bbox 372 3492 1419 3580">
     <span class='ocr_line' id='line_1_35' title="bbox 372 3492 1419 3580; baseline 0.013 -33"><span class='ocrx_word' id='word_1_185' title='bbox 372 3492 629 3567; x_wconf 79' lang='grc' dir='ltr'>Κόμοδος</span> <span class='ocrx_word' id='word_1_186' title='bbox 661 3497 771 3552; x_wconf 69' lang='grc' dir='ltr'>εἶτα</span> <span class='ocrx_word' id='word_1_187' title='bbox 806 3503 1000 3574; x_wconf 89' lang='grc' dir='ltr'>μιαρὸς</span> <span class='ocrx_word' id='word_1_188' title='bbox 1033 3502 1419 3580; x_wconf 83' lang='grc' dir='ltr'>φαυλεργάτης</span> 
     </span>
    </p>
   </div>
   <div class='ocr_carea' id='block_1_36' title="bbox 377 3585 1437 3670">
    <p class='ocr_par' dir='ltr' id='par_1_36' title="bbox 377 3585 1437 3670">
     <span class='ocr_line' id='line_1_36' title="bbox 377 3585 1437 3670; baseline 0.018 -34"><span class='ocrx_word' id='word_1_189' title='bbox 377 3588 568 3646; x_wconf 78' lang='grc' dir='ltr'>Κακῶς</span> <span class='ocrx_word' id='word_1_190' title='bbox 600 3585 960 3663; x_wconf 74' lang='grc' dir='ltr'>ἐπεισέφρησε</span> <span class='ocrx_word' id='word_1_191' title='bbox 994 3595 1061 3665; x_wconf 81' lang='grc' dir='ltr'>τῇ</span> <span class='ocrx_word' id='word_1_192' title='bbox 1093 3595 1400 3670; x_wconf 84' lang='grc' dir='ltr'>κραταρχίᾳ</span> <span class='ocrx_word' id='word_1_193' title='bbox 1424 3615 1437 3629; x_wconf 79' lang='grc'><strong><em>⁵</em></strong></span> 
     </span>
    </p>
   </div>
   <div class='ocr_carea' id='block_1_37' title="bbox 241 3673 1750 3764">
    <p class='ocr_par' dir='ltr' id='par_1_37' title="bbox 241 3673 1750 3764">
     <span class='ocr_line' id='line_1_37' title="bbox 241 3673 1750 3764; baseline 0.01 -36"><span class='ocrx_word' id='word_1_194' title='bbox 241 3673 334 3729; x_wconf 67' lang='grc'>145</span> <span class='ocrx_word' id='word_1_195' title='bbox 374 3673 492 3764; x_wconf 81' lang='grc' dir='ltr'>Ἐφ’</span> <span class='ocrx_word' id='word_1_196' title='bbox 525 3675 586 3728; x_wconf 76' lang='grc' dir='ltr'>οὗ</span> <span class='ocrx_word' id='word_1_197' title='bbox 619 3673 852 3750; x_wconf 83' lang='grc' dir='ltr'>Κλήμης</span> <span class='ocrx_word' id='word_1_198' title='bbox 883 3678 950 3748; x_wconf 73' lang='grc' dir='ltr'>ἦν</span> <span class='ocrx_word' id='word_1_199' title='bbox 979 3684 1343 3757; x_wconf 83' lang='grc' dir='ltr'>Στρωματεὺς</span> <span class='ocrx_word' id='word_1_200' title='bbox 1371 3686 1536 3764; x_wconf 86' lang='grc' dir='ltr'>σοφὸς</span> <span class='ocrx_word' id='word_1_201' title='bbox 1565 3687 1750 3763; x_wconf 78' lang='grc' dir='ltr'>μέγας,</span> 
     </span>
    </p>
   </div>
   <div class='ocr_carea' id='block_1_38' title="bbox 375 3763 1654 3850">
    <p class='ocr_par' dir='ltr' id='par_1_38' title="bbox 375 3763 1654 3850">
     <span class='ocr_line' id='line_1_38' title="bbox 375 3763 1654 3850; baseline 0.011 -31"><span class='ocrx_word' id='word_1_202' title='bbox 375 3763 484 3819; x_wconf 82' lang='grc' dir='ltr'>Καὶ</span> <span class='ocrx_word' id='word_1_203' title='bbox 517 3765 835 3839; x_wconf 76' lang='grc' dir='ltr'>Πάνταινος,</span> <span class='ocrx_word' id='word_1_204' title='bbox 868 3772 1106 3844; x_wconf 87' lang='grc' dir='ltr'>κήρυκες</span> <span class='ocrx_word' id='word_1_205' title='bbox 1141 3771 1314 3846; x_wconf 81' lang='grc' dir='ltr'>ὀρθῶν</span> <span class='ocrx_word' id='word_1_206' title='bbox 1346 3763 1654 3850; x_wconf 86' lang='grc' dir='ltr'>δογμάτων.</span> 
     </span>
    </p>
   </div>
   <div class='ocr_carea' id='block_1_39' title="bbox 560 3873 1495 3943">
    <p class='ocr_par' dir='ltr' id='par_1_39' title="bbox 560 3873 1495 3943">
     <span class='ocr_line' id='line_1_39' title="bbox 560 3873 1495 3943; baseline 0.017 -16"><span class='ocrx_word' id='word_1_207' title='bbox 560 3873 921 3935; x_wconf 82' lang='grc' dir='ltr'>ΗΕΡΤΙΝΛΞ</span> <span class='ocrx_word' id='word_1_208' title='bbox 951 3881 1066 3934; x_wconf 84' lang='grc' dir='ltr'>ΚΑΙ</span> <span class='ocrx_word' id='word_1_209' title='bbox 1096 3880 1495 3943; x_wconf 82' lang='grc' dir='ltr'>ΙΟΥΛΙΑΝΟΣ.</span> 
     </span>
    </p>
   </div>
   <div class='ocr_carea' id='block_1_40' title="bbox 379 3961 1597 4050">
    <p class='ocr_par' dir='ltr' id='par_1_40' title="bbox 379 3961 1597 4050">
     <span class='ocr_line' id='line_1_40' title="bbox 379 3961 1597 4050; baseline 0.013 -36"><span class='ocrx_word' id='word_1_210' title='bbox 379 3961 519 4050; x_wconf 69' lang='grc' dir='ltr'>Μεθ’</span> <span class='ocrx_word' id='word_1_211' title='bbox 548 3962 617 4050; x_wconf 76' lang='grc' dir='ltr'>’ὃν</span> <span class='ocrx_word' id='word_1_212' title='bbox 637 3971 938 4040; x_wconf 85' lang='grc' dir='ltr'>κραταρχεῖ</span> <span class='ocrx_word' id='word_1_213' title='bbox 963 3969 1218 4043; x_wconf 79' lang='grc' dir='ltr'>Περτίναξ</span> <span class='ocrx_word' id='word_1_214' title='bbox 1251 3972 1279 4027; x_wconf 81' lang='grc' dir='ltr'>ὁ</span> <span class='ocrx_word' id='word_1_215' title='bbox 1308 3973 1597 4050; x_wconf 85' lang='grc' dir='ltr'>τριγέρων,</span> 
     </span>
    </p>
   </div>
   <div class='ocr_carea' id='block_1_41' title="bbox 381 4049 1667 4140">
    <p class='ocr_par' dir='ltr' id='par_1_41' title="bbox 381 4049 1667 4140">
     <span class='ocr_line' id='line_1_41' title="bbox 381 4049 1667 4140; baseline 0.016 -39"><span class='ocrx_word' id='word_1_216' title='bbox 381 4049 488 4140; x_wconf 81' lang='lat' dir='ltr'>Kal</span> <span class='ocrx_word' id='word_1_217' title='bbox 520 4049 804 4128; x_wconf 73' lang='grc' dir='ltr'>σφάττεται</span> <span class='ocrx_word' id='word_1_218' title='bbox 838 4051 904 4124; x_wconf 77' lang='grc' dir='ltr'>δὴ</span> <span class='ocrx_word' id='word_1_219' title='bbox 937 4057 1073 4130; x_wconf 86' lang='grc' dir='ltr'>πρὸς</span> <span class='ocrx_word' id='word_1_220' title='bbox 1110 4060 1295 4131; x_wconf 78' lang='grc' dir='ltr'>μέσοις</span> <span class='ocrx_word' id='word_1_221' title='bbox 1326 4049 1667 4140; x_wconf 81' lang='grc' dir='ltr'>ἀνακτόροις.</span> 
     </span>
    </p>
   </div>
   <div class='ocr_carea' id='block_1_42' title="bbox 383 4139 1628 4224">
    <p class='ocr_par' dir='ltr' id='par_1_42' title="bbox 383 4139 1628 4224">
     <span class='ocr_line' id='line_1_42' title="bbox 383 4139 1628 4224; baseline 0.01 -29"><span class='ocrx_word' id='word_1_222' title='bbox 383 4139 486 4195; x_wconf 84' lang='grc' dir='ltr'>Καὶ</span> <span class='ocrx_word' id='word_1_223' title='bbox 517 4147 765 4215; x_wconf 84' lang='grc' dir='ltr'>σκῆπτρα</span> <span class='ocrx_word' id='word_1_224' title='bbox 795 4143 1101 4224; x_wconf 81' lang='grc' dir='ltr'>παρείληφε</span> <span class='ocrx_word' id='word_1_225' title='bbox 1130 4149 1197 4203; x_wconf 75' lang='grc' dir='ltr'>τὰ</span> <span class='ocrx_word' id='word_1_226' title='bbox 1224 4155 1332 4204; x_wconf 89' lang='grc' dir='ltr'>τῶν</span> <span class='ocrx_word' id='word_1_227' title='bbox 1365 4139 1628 4208; x_wconf 76' lang='grc' dir='ltr'>Αὐσόνων</span> 
     </span>
    </p>
   </div>
   <div class='ocr_carea' id='block_1_43' title="bbox 246 4229 1396 4314">
    <p class='ocr_par' dir='ltr' id='par_1_43' title="bbox 246 4229 1396 4314">
     <span class='ocr_line' id='line_1_43' title="bbox 246 4229 1396 4314; baseline 0.012 -32"><span class='ocrx_word' id='word_1_228' title='bbox 246 4229 345 4284; x_wconf 88' lang='grc'>150</span> <span class='ocrx_word' id='word_1_229' title='bbox 383 4229 686 4292; x_wconf 76' lang='grc' dir='ltr'>Ἰουλιανὸς</span> <span class='ocrx_word' id='word_1_230' title='bbox 716 4229 893 4296; x_wconf 82' lang='grc' dir='ltr'>Δίδιος</span> <span class='ocrx_word' id='word_1_231' title='bbox 930 4235 1138 4311; x_wconf 80' lang='grc' dir='ltr'>βραχὺν</span> <span class='ocrx_word' id='word_1_232' title='bbox 1174 4241 1396 4314; x_wconf 88' lang='grc' dir='ltr'>χρόνον.</span> 
     </span>
    </p>
   </div>
   <div class='ocr_carea' id='block_1_44' title="bbox 727 4344 1335 4405">
    <p class='ocr_par' dir='ltr' id='par_1_44' title="bbox 727 4344 1335 4405">
     <span class='ocr_line' id='line_1_44' title="bbox 727 4344 1335 4405; baseline 0.015 -9"><span class='ocrx_word' id='word_1_233' title='bbox 727 4344 1045 4401; x_wconf 84' lang='grc' dir='ltr'>ΣΕΒΗΡΟΣ</span> <span class='ocrx_word' id='word_1_234' title='bbox 1079 4347 1188 4404; x_wconf 83' lang='grc' dir='ltr'>ΕΤ.</span> <span class='ocrx_word' id='word_1_235' title='bbox 1228 4349 1335 4405; x_wconf 84' lang='lat' dir='ltr'><strong>IH&#39;.</strong></span> 
     </span>
    </p>
   </div>
   <div class='ocr_carea' id='block_1_45' title="bbox 390 4424 1641 4515">
    <p class='ocr_par' dir='ltr' id='par_1_45' title="bbox 390 4424 1641 4515">
     <span class='ocr_line' id='line_1_45' title="bbox 390 4424 1641 4515; baseline 0.01 -33"><span class='ocrx_word' id='word_1_236' title='bbox 390 4428 490 4483; x_wconf 81' lang='lat' dir='ltr'><strong><em>Kal</em></strong></span> <span class='ocrx_word' id='word_1_237' title='bbox 524 4424 768 4506; x_wconf 78' lang='grc' dir='ltr'>Σεϐἤρος</span> <span class='ocrx_word' id='word_1_238' title='bbox 795 4434 1084 4508; x_wconf 85' lang='grc' dir='ltr'>κράτιστος</span> <span class='ocrx_word' id='word_1_239' title='bbox 1107 4437 1319 4512; x_wconf 82' lang='grc' dir='ltr'>ἐχθρῶν</span> <span class='ocrx_word' id='word_1_240' title='bbox 1348 4436 1399 4494; x_wconf 85' lang='grc' dir='ltr'>έν</span> <span class='ocrx_word' id='word_1_241' title='bbox 1436 4439 1641 4515; x_wconf 84' lang='grc' dir='ltr'>μάχαις</span> 
     </span>
    </p>
   </div>
   <div class='ocr_carea' id='block_1_46' title="bbox 388 4515 1698 4605">
    <p class='ocr_par' dir='ltr' id='par_1_46' title="bbox 388 4515 1698 4605">
     <span class='ocr_line' id='line_1_46' title="bbox 388 4515 1698 4605; baseline 0.012 -34"><span class='ocrx_word' id='word_1_242' title='bbox 388 4515 641 4593; x_wconf 86' lang='grc' dir='ltr'>Σφοδρὸς</span> <span class='ocrx_word' id='word_1_243' title='bbox 669 4520 952 4591; x_wconf 78' lang='grc' dir='ltr'>κολαστὴς</span> <span class='ocrx_word' id='word_1_244' title='bbox 975 4521 1210 4581; x_wconf 78' lang='grc' dir='ltr'>εὐσεϐῶν</span> <span class='ocrx_word' id='word_1_245' title='bbox 1242 4533 1648 4605; x_wconf 84' lang='grc' dir='ltr'>Χριστωνύμων</span> <span class='ocrx_word' id='word_1_246' title='bbox 1685 4553 1698 4567; x_wconf 75' lang='grc'><strong>⁸</strong></span> 
     </span>
    </p>
   </div>
   <div class='ocr_carea' id='block_1_47' title="bbox 388 4607 1610 4694">
    <p class='ocr_par' dir='ltr' id='par_1_47' title="bbox 388 4607 1610 4694">
     <span class='ocr_line' id='line_1_47' title="bbox 388 4607 1610 4694; baseline 0.012 -34"><span class='ocrx_word' id='word_1_247' title='bbox 388 4607 507 4684; x_wconf 86' lang='grc' dir='ltr'>Ἐφ’</span> <span class='ocrx_word' id='word_1_248' title='bbox 537 4607 598 4662; x_wconf 83' lang='grc' dir='ltr'>οὗ</span> <span class='ocrx_word' id='word_1_249' title='bbox 628 4608 720 4663; x_wconf 76' lang='grc' dir='ltr'>σὺν</span> <span class='ocrx_word' id='word_1_250' title='bbox 745 4610 941 4676; x_wconf 68' lang='grc' dir='ltr'>ἄλλοις</span> <span class='ocrx_word' id='word_1_251' title='bbox 969 4614 1060 4669; x_wconf 83' lang='grc' dir='ltr'>καὶ</span> <span class='ocrx_word' id='word_1_252' title='bbox 1091 4618 1271 4690; x_wconf 77' lang='grc' dir='ltr'>πατὴρ</span> <span class='ocrx_word' id='word_1_253' title='bbox 1305 4619 1610 4694; x_wconf 87' lang='grc' dir='ltr'>Ὠριγένους</span> 
     </span>
    </p>
   </div>
   <div class='ocr_carea' id='block_1_48' title="bbox 389 4694 1607 4786">
    <p class='ocr_par' dir='ltr' id='par_1_48' title="bbox 389 4694 1607 4786">
     <span class='ocr_line' id='line_1_48' title="bbox 389 4694 1607 4786; baseline 0.008 -32"><span class='ocrx_word' id='word_1_254' title='bbox 389 4694 713 4770; x_wconf 80' lang='grc' dir='ltr'>Φιλωνίδης</span> <span class='ocrx_word' id='word_1_255' title='bbox 735 4703 814 4775; x_wconf 81' lang='grc'>(4)</span> <span class='ocrx_word' id='word_1_256' title='bbox 845 4702 1036 4776; x_wconf 71' lang='grc' dir='ltr'>εὕρατο</span> <span class='ocrx_word' id='word_1_257' title='bbox 1073 4706 1360 4782; x_wconf 79' lang='grc' dir='ltr'>μαρτύρων</span> <span class='ocrx_word' id='word_1_258' title='bbox 1396 4708 1607 4786; x_wconf 81' lang='grc' dir='ltr'>στέφος.</span> 
     </span>
    </p>
   </div>
   <div class='ocr_carea' id='block_1_49' title="bbox 451 4809 1627 4877">
    <p class='ocr_par' dir='ltr' id='par_1_49' title="bbox 451 4809 1627 4877">
     <span class='ocr_line' id='line_1_49' title="bbox 451 4809 1627 4877; baseline 0.012 -14"><span class='ocrx_word' id='word_1_259' title='bbox 451 4809 862 4867; x_wconf 79' lang='grc' dir='ltr'>ΑΝΤΩΝΙΝΟΣ</span> <span class='ocrx_word' id='word_1_260' title='bbox 898 4813 1381 4873; x_wconf 81' lang='grc' dir='ltr'>ΚΑΡΑΚΑΛΛΟΣ</span> <span class='ocrx_word' id='word_1_261' title='bbox 1414 4819 1525 4874; x_wconf 88' lang='lat' dir='ltr'>ET.</span> <span class='ocrx_word' id='word_1_262' title='bbox 1559 4820 1627 4877; x_wconf 92' lang='grc' dir='ltr'>Ζ’.</span> 
     </span>
    </p>
   </div>
   <div class='ocr_carea' id='block_1_50' title="bbox 250 4897 1629 4979">
    <p class='ocr_par' dir='ltr' id='par_1_50' title="bbox 250 4897 1629 4979">
     <span class='ocr_line' id='line_1_50' title="bbox 250 4897 1629 4979; baseline 0.007 -27"><span class='ocrx_word' id='word_1_263' title='bbox 250 4897 352 4952; x_wconf 87' lang='grc'>155</span> <span class='ocrx_word' id='word_1_264' title='bbox 391 4897 604 4953; x_wconf 78' lang='grc' dir='ltr'>Τούτου</span> <span class='ocrx_word' id='word_1_265' title='bbox 635 4899 910 4969; x_wconf 85' lang='grc' dir='ltr'>θανόντος,</span> <span class='ocrx_word' id='word_1_266' title='bbox 937 4902 1296 4976; x_wconf 80' lang='grc' dir='ltr'>Καράκαλλος</span> <span class='ocrx_word' id='word_1_267' title='bbox 1323 4905 1629 4979; x_wconf 82' lang='grc' dir='ltr'>τούπίκλην</span> 
     </span>
    </p>
   </div>
   <div class='ocr_carea' id='block_1_51' title="bbox 390 4986 1456 5069">
    <p class='ocr_par' dir='ltr' id='par_1_51' title="bbox 390 4986 1456 5069">
     <span class='ocr_line' id='line_1_51' title="bbox 390 4986 1456 5069; baseline 0.008 -28"><span class='ocrx_word' id='word_1_268' title='bbox 390 4986 710 5050; x_wconf 82' lang='grc' dir='ltr'>Ἀντωνῖνος</span> <span class='ocrx_word' id='word_1_269' title='bbox 742 4987 940 5064; x_wconf 69' lang='grc' dir='ltr'>εἴληφε</span> <span class='ocrx_word' id='word_1_270' title='bbox 968 4992 1067 5061; x_wconf 78' lang='grc' dir='ltr'>τὴν</span> <span class='ocrx_word' id='word_1_271' title='bbox 1105 4994 1408 5069; x_wconf 84' lang='grc' dir='ltr'>μοναρχίαν</span> <span class='ocrx_word' id='word_1_272' title='bbox 1444 5015 1456 5027; x_wconf 85' lang='lat'><strong>&#39;</strong></span> 
     </span>
    </p>
   </div>
   <div class='ocr_carea' id='block_1_52' title="bbox 387 5075 1575 5162">
    <p class='ocr_par' dir='ltr' id='par_1_52' title="bbox 387 5075 1575 5162">
     <span class='ocr_line' id='line_1_52' title="bbox 387 5075 1575 5162; baseline 0.012 -34"><span class='ocrx_word' id='word_1_273' title='bbox 387 5075 632 5152; x_wconf 81' lang='grc' dir='ltr'>Αἷσχρός</span> <span class='ocrx_word' id='word_1_274' title='bbox 659 5097 744 5139; x_wconf 88' lang='grc' dir='ltr'>τις</span> <span class='ocrx_word' id='word_1_275' title='bbox 775 5079 914 5154; x_wconf 75' lang='grc' dir='ltr'>ἀνὴρ</span> <span class='ocrx_word' id='word_1_276' title='bbox 945 5082 1030 5136; x_wconf 80' lang='grc' dir='ltr'>καὶ</span> <span class='ocrx_word' id='word_1_277' title='bbox 1065 5079 1233 5136; x_wconf 85' lang='grc' dir='ltr'>πλέον</span> <span class='ocrx_word' id='word_1_278' title='bbox 1267 5084 1575 5162; x_wconf 81' lang='grc' dir='ltr'>μιαιφόνος.</span> 
     </span>
    </p>
   </div>
   <div class='ocr_carea' id='block_1_53' title="bbox 455 5184 1633 5265">
    <p class='ocr_par' dir='ltr' id='par_1_53' title="bbox 455 5184 1633 5265">
     <span class='ocr_line' id='line_1_53' title="bbox 455 5184 1633 5265; baseline 0.009 -24"><span class='ocrx_word' id='word_1_279' title='bbox 455 5184 809 5242; x_wconf 83' lang='grc' dir='ltr'>ΜΑΚΡΙΝΟΣ</span> <span class='ocrx_word' id='word_1_280' title='bbox 840 5193 960 5243; x_wconf 80' lang='grc' dir='ltr'>ΚΑΙ</span> <span class='ocrx_word' id='word_1_281' title='bbox 992 5191 1272 5247; x_wconf 73' lang='lat' dir='ltr'>APBITOE</span> <span class='ocrx_word' id='word_1_282' title='bbox 1303 5193 1380 5265; x_wconf 80' lang='grc'>(5)</span> <span class='ocrx_word' id='word_1_283' title='bbox 1416 5195 1528 5251; x_wconf 90' lang='lat' dir='ltr'>ET.</span> <span class='ocrx_word' id='word_1_284' title='bbox 1563 5195 1633 5252; x_wconf 85' lang='lat' dir='ltr'>A&#39;.</span> 
     </span>
    </p>
   </div>
   <div class='ocr_carea' id='block_1_54' title="bbox 393 5274 1722 5358">
    <p class='ocr_par' dir='ltr' id='par_1_54' title="bbox 393 5274 1722 5358">
     <span class='ocr_line' id='line_1_54' title="bbox 393 5274 1722 5358; baseline 0.006 -27"><span class='ocrx_word' id='word_1_285' title='bbox 393 5274 498 5331; x_wconf 86' lang='lat' dir='ltr'><strong><em>Kal</em></strong></span> <span class='ocrx_word' id='word_1_286' title='bbox 529 5276 806 5350; x_wconf 83' lang='grc' dir='ltr'>Μακρῖνος</span> <span class='ocrx_word' id='word_1_287' title='bbox 840 5278 1137 5352; x_wconf 84' lang='grc' dir='ltr'>βράχιστον</span> <span class='ocrx_word' id='word_1_288' title='bbox 1168 5278 1327 5355; x_wconf 75' lang='grc' dir='ltr'>ἄρξας</span> <span class='ocrx_word' id='word_1_289' title='bbox 1349 5283 1440 5336; x_wconf 83' lang='grc' dir='ltr'>τὸν</span> <span class='ocrx_word' id='word_1_290' title='bbox 1476 5285 1674 5358; x_wconf 82' lang='grc' dir='ltr'>χρόνον</span> <span class='ocrx_word' id='word_1_291' title='bbox 1709 5303 1722 5317; x_wconf 81' lang='lat'><strong><em>°</em></strong></span> 
     </span>
    </p>
   </div>
   <div class='ocr_carea' id='block_1_55' title="bbox 393 5363 1452 5446">
    <p class='ocr_par' dir='ltr' id='par_1_55' title="bbox 393 5363 1452 5446">
     <span class='ocr_line' id='line_1_55' title="bbox 393 5363 1452 5446; baseline 0.01 -30"><span class='ocrx_word' id='word_1_292' title='bbox 393 5363 530 5422; x_wconf 75' lang='grc' dir='ltr'>Εἶτα</span> <span class='ocrx_word' id='word_1_293' title='bbox 559 5368 963 5440; x_wconf 85' lang='grc' dir='ltr'>κατωρχήσατο</span> <span class='ocrx_word' id='word_1_294' title='bbox 989 5373 1088 5438; x_wconf 79' lang='grc' dir='ltr'>τῆς</span> <span class='ocrx_word' id='word_1_295' title='bbox 1117 5372 1452 5446; x_wconf 82' lang='grc' dir='ltr'>κραταρχίας</span> 
     </span>
    </p>
   </div>
   <div class='ocr_carea' id='block_1_56' title="bbox 253 5450 1570 5535">
    <p class='ocr_par' dir='ltr' id='par_1_56' title="bbox 253 5450 1570 5535">
     <span class='ocr_line' id='line_1_56' title="bbox 253 5450 1570 5535; baseline 0.006 -26"><span class='ocrx_word' id='word_1_296' title='bbox 253 5454 360 5509; x_wconf 79' lang='grc'>160</span> <span class='ocrx_word' id='word_1_297' title='bbox 398 5453 607 5523; x_wconf 79' lang='grc' dir='ltr'>Κλῆσιν</span> <span class='ocrx_word' id='word_1_298' title='bbox 636 5450 911 5529; x_wconf 76' lang='grc' dir='ltr'>Ἀρϐιτος,</span> <span class='ocrx_word' id='word_1_299' title='bbox 947 5456 1375 5534; x_wconf 83' lang='grc' dir='ltr'>Σαρδανάπαλος</span> <span class='ocrx_word' id='word_1_300' title='bbox 1406 5464 1570 5535; x_wconf 82' lang='grc' dir='ltr'>θέσιν,</span> 
     </span>
    </p>
   </div>
   <div class='ocr_carea' id='block_1_57' title="bbox 292 5638 1871 5713">
    <p class='ocr_par' dir='ltr' id='par_1_57' title="bbox 292 5638 1871 5713">
     <span class='ocr_line' id='line_1_57' title="bbox 292 5638 1871 5713; baseline 0.001 -17"><span class='ocrx_word' id='word_1_301' title='bbox 292 5640 372 5713; x_wconf 87' lang='grc'>(3)</span> <span class='ocrx_word' id='word_1_302' title='bbox 399 5638 540 5713; x_wconf 87' lang='lat' dir='ltr'>Cod.</span> <span class='ocrx_word' id='word_1_303' title='bbox 574 5638 673 5713; x_wconf 77' lang='lat' dir='ltr'>hic</span> <span class='ocrx_word' id='word_1_304' title='bbox 720 5639 1032 5703; x_wconf 82' lang='grc' dir='ltr'>Ἀντώνιος.</span> <span class='ocrx_word' id='word_1_305' title='bbox 1066 5641 1178 5700; x_wconf 88' lang='lat' dir='ltr'>Sed</span> <span class='ocrx_word' id='word_1_306' title='bbox 1231 5643 1292 5699; x_wconf 90' lang='lat' dir='ltr'>in</span> <span class='ocrx_word' id='word_1_307' title='bbox 1330 5646 1495 5702; x_wconf 83' lang='lat' dir='ltr'>textu</span> <span class='ocrx_word' id='word_1_308' title='bbox 1527 5643 1871 5705; x_wconf 73' lang='grc' dir='ltr'>Ἀντωνῖνοςο</span> 
     </span>
    </p>
   </div>
   <div class='ocr_carea' id='block_1_58' title="bbox 294 5711 651 5786">
    <p class='ocr_par' dir='ltr' id='par_1_58' title="bbox 294 5711 651 5786">
     <span class='ocr_line' id='line_1_58' title="bbox 294 5711 651 5786; baseline -0.003 -18"><span class='ocrx_word' id='word_1_309' title='bbox 294 5711 372 5786; x_wconf 82' lang='grc'>(4)</span> <span class='ocrx_word' id='word_1_310' title='bbox 403 5712 489 5769; x_wconf 84' lang='lat' dir='ltr'>Ita</span> <span class='ocrx_word' id='word_1_311' title='bbox 516 5711 651 5769; x_wconf 90' lang='lat' dir='ltr'>cod.</span> 
     </span>
    </p>
   </div>
   <div class='ocr_carea' id='block_1_59' title="bbox 1871 508 3191 582">
    <p class='ocr_par' dir='ltr' id='par_1_59' title="bbox 1871 508 3191 582">
     <span class='ocr_line' id='line_1_59' title="bbox 1871 508 3191 582; baseline 0.002 -19"><span class='ocrx_word' id='word_1_312' title='bbox 1871 509 1926 576; x_wconf 75' lang='grc' dir='ltr'><strong>Α</strong></span> <span class='ocrx_word' id='word_1_313' title='bbox 1957 525 2091 564; x_wconf 91' lang='lat' dir='ltr'>cum</span> <span class='ocrx_word' id='word_1_314' title='bbox 2123 508 2280 566; x_wconf 89' lang='lat' dir='ltr'>lento</span> <span class='ocrx_word' id='word_1_315' title='bbox 2311 510 2589 582; x_wconf 86' lang='lat' dir='ltr'>hydropis</span> <span class='ocrx_word' id='word_1_316' title='bbox 2617 512 2820 566; x_wconf 88' lang='lat' dir='ltr'>morbo</span> <span class='ocrx_word' id='word_1_317' title='bbox 2850 512 2948 567; x_wconf 91' lang='lat' dir='ltr'>diu</span> <span class='ocrx_word' id='word_1_318' title='bbox 2983 513 3191 568; x_wconf 78' lang='lat' dir='ltr'>tabuit.</span> 
     </span>
    </p>
   </div>
   <div class='ocr_carea' id='block_1_60' title="bbox 1954 598 3422 675">
    <p class='ocr_par' dir='ltr' id='par_1_60' title="bbox 1954 598 3422 675">
     <span class='ocr_line' id='line_1_60' title="bbox 1954 598 3422 675; baseline 0.005 -23"><span class='ocrx_word' id='word_1_319' title='bbox 1954 598 2007 652; x_wconf 88' lang='lat' dir='ltr'>Is</span> <span class='ocrx_word' id='word_1_320' title='bbox 2038 598 2213 653; x_wconf 90' lang='lat' dir='ltr'>etiam</span> <span class='ocrx_word' id='word_1_321' title='bbox 2243 600 2300 653; x_wconf 90' lang='lat' dir='ltr'>in</span> <span class='ocrx_word' id='word_1_322' title='bbox 2324 600 2562 655; x_wconf 89' lang='lat' dir='ltr'>Thracia</span> <span class='ocrx_word' id='word_1_323' title='bbox 2593 615 2771 671; x_wconf 84' lang='lat' dir='ltr'>prope</span> <span class='ocrx_word' id='word_1_324' title='bbox 2806 605 3065 657; x_wconf 87' lang='lat' dir='ltr'>castrum</span> <span class='ocrx_word' id='word_1_325' title='bbox 3098 602 3422 675; x_wconf 89' lang='lat' dir='ltr'>Odryssum</span> 
     </span>
    </p>
   </div>
   <div class='ocr_carea' id='block_1_61' title="bbox 1951 687 3455 749">
    <p class='ocr_par' dir='ltr' id='par_1_61' title="bbox 1951 687 3455 749">
     <span class='ocr_line' id='line_1_61' title="bbox 1951 687 3455 749; baseline 0.005 -8"><span class='ocrx_word' id='word_1_326' title='bbox 1951 687 2021 742; x_wconf 90' lang='lat' dir='ltr'>de</span> <span class='ocrx_word' id='word_1_327' title='bbox 2053 704 2160 743; x_wconf 90' lang='lat' dir='ltr'>suo</span> <span class='ocrx_word' id='word_1_328' title='bbox 2187 689 2402 743; x_wconf 87' lang='lat' dir='ltr'>dictam</span> <span class='ocrx_word' id='word_1_329' title='bbox 2435 689 2669 744; x_wconf 86' lang='lat' dir='ltr'>nomine</span> <span class='ocrx_word' id='word_1_330' title='bbox 2698 706 2905 745; x_wconf 88' lang='lat' dir='ltr'>novam</span> <span class='ocrx_word' id='word_1_331' title='bbox 2941 691 3139 745; x_wconf 85' lang='lat' dir='ltr'>urbem</span> <span class='ocrx_word' id='word_1_332' title='bbox 3174 695 3455 749; x_wconf 80' lang='lat' dir='ltr'>condidit.</span> 
     </span>
    </p>
   </div>
   <div class='ocr_carea' id='block_1_62' title="bbox 2305 793 3246 852">
    <p class='ocr_par' dir='ltr' id='par_1_62' title="bbox 2305 793 3246 852">
     <span class='ocr_line' id='line_1_62' title="bbox 2305 793 3246 852; baseline 0.004 -5"><span class='ocrx_word' id='word_1_333' title='bbox 2305 793 2722 850; x_wconf 81' lang='lat' dir='ltr'><strong>ANTONINUS</strong></span> <span class='ocrx_word' id='word_1_334' title='bbox 2766 794 2928 850; x_wconf 92' lang='lat' dir='ltr'>PIUS</span> <span class='ocrx_word' id='word_1_335' title='bbox 2967 797 3081 850; x_wconf 87' lang='lat' dir='ltr'>AN.</span> <span class='ocrx_word' id='word_1_336' title='bbox 3126 797 3246 852; x_wconf 82' lang='lat' dir='ltr'>XX.</span> 
     </span>
    </p>
   </div>
   <div class='ocr_carea' id='block_1_63' title="bbox 1949 880 3132 954">
    <p class='ocr_par' dir='ltr' id='par_1_63' title="bbox 1949 880 3132 954">
     <span class='ocr_line' id='line_1_63' title="bbox 1949 880 3132 954; baseline 0.006 -20"><span class='ocrx_word' id='word_1_337' title='bbox 1949 880 2165 936; x_wconf 87' lang='lat' dir='ltr'>Deinde</span> <span class='ocrx_word' id='word_1_338' title='bbox 2190 883 2523 938; x_wconf 84' lang='lat' dir='ltr'>Antoninus</span> <span class='ocrx_word' id='word_1_339' title='bbox 2556 889 2939 953; x_wconf 89' lang='lat' dir='ltr'>cognomento</span> <span class='ocrx_word' id='word_1_340' title='bbox 2971 885 3132 954; x_wconf 83' lang='lat' dir='ltr'>Pius,</span> 
     </span>
    </p>
   </div>
   <div class='ocr_carea' id='block_1_64' title="bbox 1946 970 3001 1043">
    <p class='ocr_par' dir='ltr' id='par_1_64' title="bbox 1946 970 3001 1043">
     <span class='ocr_line' id='line_1_64' title="bbox 1946 970 3001 1043; baseline 0.005 -21"><span class='ocrx_word' id='word_1_341' title='bbox 1946 970 2033 1023; x_wconf 89' lang='lat' dir='ltr'>vir</span> <span class='ocrx_word' id='word_1_342' title='bbox 2061 971 2323 1041; x_wconf 89' lang='lat' dir='ltr'>optimus</span> <span class='ocrx_word' id='word_1_343' title='bbox 2355 971 2691 1042; x_wconf 83' lang='lat' dir='ltr'>sanctisque</span> <span class='ocrx_word' id='word_1_344' title='bbox 2715 974 3001 1043; x_wconf 87' lang='lat' dir='ltr'>moribus,</span> 
     </span>
    </p>
   </div>
   <div class='ocr_carea' id='block_1_65' title="bbox 1947 1058 3276 1132">
    <p class='ocr_par' dir='ltr' id='par_1_65' title="bbox 1947 1058 3276 1132">
     <span class='ocr_line' id='line_1_65' title="bbox 1947 1058 3276 1132; baseline 0.005 -20"><span class='ocrx_word' id='word_1_345' title='bbox 1947 1058 2046 1129; x_wconf 90' lang='lat' dir='ltr'>qui</span> <span class='ocrx_word' id='word_1_346' title='bbox 2080 1058 2439 1115; x_wconf 89' lang='lat' dir='ltr'>Christianos</span> <span class='ocrx_word' id='word_1_347' title='bbox 2473 1077 2705 1116; x_wconf 89' lang='lat' dir='ltr'>summo</span> <span class='ocrx_word' id='word_1_348' title='bbox 2739 1062 2796 1116; x_wconf 90' lang='lat' dir='ltr'>in</span> <span class='ocrx_word' id='word_1_349' title='bbox 2831 1063 3017 1132; x_wconf 84' lang='lat' dir='ltr'>pretio</span> <span class='ocrx_word' id='word_1_350' title='bbox 3048 1063 3276 1129; x_wconf 81' lang='lat' dir='ltr'>habuit,</span> 
     </span>
    </p>
   </div>
   <div class='ocr_carea' id='block_1_66' title="bbox 1949 1146 3092 1222">
    <p class='ocr_par' dir='ltr' id='par_1_66' title="bbox 1949 1146 3092 1222">
     <span class='ocr_line' id='line_1_66' title="bbox 1949 1146 3092 1222; baseline 0.006 -22"><span class='ocrx_word' id='word_1_351' title='bbox 1949 1146 2102 1202; x_wconf 84' lang='lat' dir='ltr'>felici</span> <span class='ocrx_word' id='word_1_352' title='bbox 2135 1164 2276 1204; x_wconf 84' lang='lat' dir='ltr'>sane</span> <span class='ocrx_word' id='word_1_353' title='bbox 2308 1150 2426 1204; x_wconf 84' lang='lat' dir='ltr'>fato</span> <span class='ocrx_word' id='word_1_354' title='bbox 2459 1151 2527 1204; x_wconf 90' lang='lat' dir='ltr'>ad</span> <span class='ocrx_word' id='word_1_355' title='bbox 2561 1151 2877 1222; x_wconf 90' lang='lat' dir='ltr'>imperium</span> <span class='ocrx_word' id='word_1_356' title='bbox 2910 1153 3092 1207; x_wconf 89' lang='lat' dir='ltr'>venit.</span> 
     </span>
    </p>
   </div>
   <div class='ocr_carea' id='block_1_67' title="bbox 1947 1239 2906 1309">
    <p class='ocr_par' dir='ltr' id='par_1_67' title="bbox 1947 1239 2906 1309">
     <span class='ocr_line' id='line_1_67' title="bbox 1947 1239 2906 1309; baseline -0.002 -12"><span class='ocrx_word' id='word_1_357' title='bbox 1947 1243 2001 1297; x_wconf 86' lang='lat' dir='ltr'><strong>Is</strong></span> <span class='ocrx_word' id='word_1_358' title='bbox 2033 1243 2334 1309; x_wconf 83' lang='lat' dir='ltr'>premente</span> <span class='ocrx_word' id='word_1_359' title='bbox 2365 1239 2502 1294; x_wconf 89' lang='lat' dir='ltr'>belli</span> <span class='ocrx_word' id='word_1_360' title='bbox 2536 1240 2906 1308; x_wconf 81' lang='lat' dir='ltr'>necessitate,</span> 
     </span>
    </p>
   </div>
   <div class='ocr_carea' id='block_1_68' title="bbox 1946 1327 3055 1402">
    <p class='ocr_par' dir='ltr' id='par_1_68' title="bbox 1946 1327 3055 1402">
     <span class='ocr_line' id='line_1_68' title="bbox 1946 1327 3055 1402; baseline 0.002 -19"><span class='ocrx_word' id='word_1_361' title='bbox 1946 1330 2085 1402; x_wconf 86' lang='lat' dir='ltr'>quia</span> <span class='ocrx_word' id='word_1_362' title='bbox 2116 1327 2260 1383; x_wconf 90' lang='lat' dir='ltr'>nihil</span> <span class='ocrx_word' id='word_1_363' title='bbox 2294 1329 2350 1382; x_wconf 90' lang='lat' dir='ltr'>in</span> <span class='ocrx_word' id='word_1_364' title='bbox 2384 1329 2585 1382; x_wconf 70' lang='lat' dir='ltr'>aerario</span> <span class='ocrx_word' id='word_1_365' title='bbox 2621 1330 2879 1400; x_wconf 77' lang='lat' dir='ltr'>pecuniae</span> <span class='ocrx_word' id='word_1_366' title='bbox 2912 1335 3055 1397; x_wconf 88' lang='lat' dir='ltr'>erat,</span> 
     </span>
    </p>
   </div>
   <div class='ocr_carea' id='block_1_69' title="bbox 1943 1416 2849 1488">
    <p class='ocr_par' dir='ltr' id='par_1_69' title="bbox 1943 1416 2849 1488">
     <span class='ocr_line' id='line_1_69' title="bbox 1943 1416 2849 1488; baseline 0 -15"><span class='ocrx_word' id='word_1_367' title='bbox 1943 1418 2002 1473; x_wconf 89' lang='lat' dir='ltr'>in</span> <span class='ocrx_word' id='word_1_368' title='bbox 2036 1417 2159 1472; x_wconf 84' lang='lat' dir='ltr'>foro</span> <span class='ocrx_word' id='word_1_369' title='bbox 2189 1417 2455 1488; x_wconf 83' lang='lat' dir='ltr'>exposuit</span> <span class='ocrx_word' id='word_1_370' title='bbox 2485 1416 2849 1473; x_wconf 87' lang='lat' dir='ltr'>licitantibus</span> 
     </span>
    </p>
   </div>
   <div class='ocr_carea' id='block_1_70' title="bbox 1945 1506 3241 1579">
    <p class='ocr_par' dir='ltr' id='par_1_70' title="bbox 1945 1506 3241 1579">
     <span class='ocr_line' id='line_1_70' title="bbox 1945 1506 3241 1579; baseline 0.002 -18"><span class='ocrx_word' id='word_1_371' title='bbox 1945 1507 2200 1579; x_wconf 87' lang='lat' dir='ltr'>pretiosa</span> <span class='ocrx_word' id='word_1_372' title='bbox 2228 1506 2590 1576; x_wconf 79' lang='lat' dir='ltr'>principatus</span> <span class='ocrx_word' id='word_1_373' title='bbox 2621 1507 2966 1562; x_wconf 78' lang='lat' dir='ltr'>ornamenta</span> <span class='ocrx_word' id='word_1_374' title='bbox 2996 1509 3194 1563; x_wconf 83' lang='lat' dir='ltr'>omnia</span> <span class='ocrx_word' id='word_1_375' title='bbox 3229 1528 3241 1564; x_wconf 90' lang='lat'>:</span> 
     </span>
    </p>
   </div>
   <div class='ocr_carea' id='block_1_71' title="bbox 1943 1595 3241 1670">
    <p class='ocr_par' dir='ltr' id='par_1_71' title="bbox 1943 1595 3241 1670">
     <span class='ocr_line' id='line_1_71' title="bbox 1943 1595 3241 1670; baseline 0.001 -18"><span class='ocrx_word' id='word_1_376' title='bbox 1943 1597 2100 1652; x_wconf 89' lang='lat' dir='ltr'>unde</span> <span class='ocrx_word' id='word_1_377' title='bbox 2130 1595 2400 1666; x_wconf 82' lang='lat' dir='ltr'>pecunia,</span> <span class='ocrx_word' id='word_1_378' title='bbox 2433 1600 2718 1665; x_wconf 89' lang='lat' dir='ltr'>quantum</span> <span class='ocrx_word' id='word_1_379' title='bbox 2753 1600 2842 1650; x_wconf 88' lang='lat' dir='ltr'>sat</span> <span class='ocrx_word' id='word_1_380' title='bbox 2872 1601 3018 1663; x_wconf 89' lang='lat' dir='ltr'>erat,</span> <span class='ocrx_word' id='word_1_381' title='bbox 3052 1602 3241 1670; x_wconf 87' lang='lat' dir='ltr'>capta,</span> 
     </span>
    </p>
   </div>
   <div class='ocr_carea' id='block_1_72' title="bbox 1944 1683 3172 1755">
    <p class='ocr_par' dir='ltr' id='par_1_72' title="bbox 1944 1683 3172 1755">
     <span class='ocr_line' id='line_1_72' title="bbox 1944 1683 3172 1755; baseline 0.001 -16"><span class='ocrx_word' id='word_1_382' title='bbox 1944 1683 2392 1755; x_wconf 77' lang='lat' dir='ltr'>conscriptaque</span> <span class='ocrx_word' id='word_1_383' title='bbox 2425 1683 2684 1739; x_wconf 84' lang='lat' dir='ltr'>militum</span> <span class='ocrx_word' id='word_1_384' title='bbox 2715 1683 2937 1755; x_wconf 86' lang='lat' dir='ltr'>ingenti</span> <span class='ocrx_word' id='word_1_385' title='bbox 2972 1702 3172 1752; x_wconf 88' lang='lat' dir='ltr'>manu,</span> 
     </span>
    </p>
   </div>
   <div class='ocr_carea' id='block_1_73' title="bbox 1943 1773 3248 1844">
    <p class='ocr_par' dir='ltr' id='par_1_73' title="bbox 1943 1773 3248 1844">
     <span class='ocr_line' id='line_1_73' title="bbox 1943 1773 3248 1844; baseline 0.003 -17"><span class='ocrx_word' id='word_1_386' title='bbox 1943 1774 2246 1828; x_wconf 81' lang='lat' dir='ltr'>victoriam</span> <span class='ocrx_word' id='word_1_387' title='bbox 2279 1789 2392 1827; x_wconf 88' lang='lat' dir='ltr'>non</span> <span class='ocrx_word' id='word_1_388' title='bbox 2428 1773 2552 1828; x_wconf 85' lang='lat' dir='ltr'>sine</span> <span class='ocrx_word' id='word_1_389' title='bbox 2585 1775 2748 1828; x_wconf 86' lang='lat' dir='ltr'>lauta</span> <span class='ocrx_word' id='word_1_390' title='bbox 2781 1775 2974 1844; x_wconf 77' lang='lat' dir='ltr'>praeda</span> <span class='ocrx_word' id='word_1_391' title='bbox 3003 1775 3204 1830; x_wconf 90' lang='lat' dir='ltr'>retulit</span> <span class='ocrx_word' id='word_1_392' title='bbox 3237 1793 3248 1831; x_wconf 87' lang='lat'><strong>:</strong></span> 
     </span>
    </p>
   </div>
   <div class='ocr_carea' id='block_1_74' title="bbox 1863 1861 3221 1938">
    <p class='ocr_par' dir='ltr' id='par_1_74' title="bbox 1863 1861 3221 1938">
     <span class='ocr_line' id='line_1_74' title="bbox 1863 1861 3221 1938; baseline 0.001 -21"><span class='ocrx_word' id='word_1_393' title='bbox 1863 1873 1912 1938; x_wconf 86' lang='lat' dir='ltr'><strong>B</strong></span> <span class='ocrx_word' id='word_1_394' title='bbox 1945 1861 2327 1932; x_wconf 86' lang='lat' dir='ltr'>quamobrem</span> <span class='ocrx_word' id='word_1_395' title='bbox 2360 1876 2450 1917; x_wconf 89' lang='lat' dir='ltr'>res</span> <span class='ocrx_word' id='word_1_396' title='bbox 2480 1862 2810 1917; x_wconf 88' lang='lat' dir='ltr'>divenditas</span> <span class='ocrx_word' id='word_1_397' title='bbox 2840 1864 3221 1933; x_wconf 81' lang='lat' dir='ltr'>recuperavit,</span> 
     </span>
    </p>
   </div>
   <div class='ocr_carea' id='block_1_75' title="bbox 1942 1951 3105 2022">
    <p class='ocr_par' dir='ltr' id='par_1_75' title="bbox 1942 1951 3105 2022">
     <span class='ocr_line' id='line_1_75' title="bbox 1942 1951 3105 2022; baseline 0 -15"><span class='ocrx_word' id='word_1_398' title='bbox 1942 1952 2169 2007; x_wconf 86' lang='lat' dir='ltr'>civibus</span> <span class='ocrx_word' id='word_1_399' title='bbox 2201 1951 2298 2022; x_wconf 89' lang='lat' dir='ltr'>qui</span> <span class='ocrx_word' id='word_1_400' title='bbox 2331 1959 2597 2005; x_wconf 86' lang='lat' dir='ltr'>emerant</span> <span class='ocrx_word' id='word_1_401' title='bbox 2626 1968 2870 2021; x_wconf 87' lang='lat' dir='ltr'>repenso</span> <span class='ocrx_word' id='word_1_402' title='bbox 2903 1953 3105 2022; x_wconf 89' lang='lat' dir='ltr'>pretio.</span> 
     </span>
    </p>
   </div>
   <div class='ocr_carea' id='block_1_76' title="bbox 2225 2056 3300 2113">
    <p class='ocr_par' dir='ltr' id='par_1_76' title="bbox 2225 2056 3300 2113">
     <span class='ocr_line' id='line_1_76' title="bbox 2225 2056 3300 2113; baseline 0.003 -4"><span class='ocrx_word' id='word_1_403' title='bbox 2225 2056 2507 2110; x_wconf 80' lang='lat' dir='ltr'>MARCUS</span> <span class='ocrx_word' id='word_1_404' title='bbox 2546 2056 2960 2113; x_wconf 87' lang='lat' dir='ltr'>ANTONINUS</span> <span class='ocrx_word' id='word_1_405' title='bbox 2999 2056 3118 2112; x_wconf 81' lang='lat' dir='ltr'><strong>AN.</strong></span> <span class='ocrx_word' id='word_1_406' title='bbox 3163 2058 3300 2112; x_wconf 87' lang='lat' dir='ltr'><strong>XVI.</strong></span> 
     </span>
    </p>
   </div>
   <div class='ocr_carea' id='block_1_77' title="bbox 1944 2145 3142 2216">
    <p class='ocr_par' dir='ltr' id='par_1_77' title="bbox 1944 2145 3142 2216">
     <span class='ocr_line' id='line_1_77' title="bbox 1944 2145 3142 2216; baseline 0.001 -15"><span class='ocrx_word' id='word_1_407' title='bbox 1944 2147 2314 2216; x_wconf 84' lang='lat' dir='ltr'>Rursumque</span> <span class='ocrx_word' id='word_1_408' title='bbox 2348 2145 2497 2201; x_wconf 87' lang='lat' dir='ltr'>alius</span> <span class='ocrx_word' id='word_1_409' title='bbox 2528 2147 2860 2200; x_wconf 87' lang='lat' dir='ltr'>Antoninus</span> <span class='ocrx_word' id='word_1_410' title='bbox 2892 2151 3142 2215; x_wconf 87' lang='lat' dir='ltr'>Marcus,</span> 
     </span>
    </p>
   </div>
   <div class='ocr_carea' id='block_1_78' title="bbox 1943 2233 3448 2308">
    <p class='ocr_par' dir='ltr' id='par_1_78' title="bbox 1943 2233 3448 2308">
     <span class='ocr_line' id='line_1_78' title="bbox 1943 2233 3448 2308; baseline 0.003 -20"><span class='ocrx_word' id='word_1_411' title='bbox 1943 2235 2156 2307; x_wconf 87' lang='lat' dir='ltr'>prioris</span> <span class='ocrx_word' id='word_1_412' title='bbox 2189 2235 2502 2305; x_wconf 86' lang='lat' dir='ltr'>adoptione</span> <span class='ocrx_word' id='word_1_413' title='bbox 2534 2233 2711 2304; x_wconf 87' lang='lat' dir='ltr'>ﬁlius,</span> <span class='ocrx_word' id='word_1_414' title='bbox 2743 2235 3007 2291; x_wconf 85' lang='lat' dir='ltr'>doctrina</span> <span class='ocrx_word' id='word_1_415' title='bbox 3038 2236 3448 2308; x_wconf 88' lang='lat' dir='ltr'>philosophus,</span> 
     </span>
    </p>
   </div>
   <div class='ocr_carea' id='block_1_79' title="bbox 1946 2323 3276 2395">
    <p class='ocr_par' dir='ltr' id='par_1_79' title="bbox 1946 2323 3276 2395">
     <span class='ocr_line' id='line_1_79' title="bbox 1946 2323 3276 2395; baseline 0 -15"><span class='ocrx_word' id='word_1_416' title='bbox 1946 2325 2212 2380; x_wconf 90' lang='lat' dir='ltr'>moribus</span> <span class='ocrx_word' id='word_1_417' title='bbox 2243 2325 2535 2395; x_wconf 82' lang='lat' dir='ltr'>egregius,</span> <span class='ocrx_word' id='word_1_418' title='bbox 2569 2323 2920 2380; x_wconf 88' lang='lat' dir='ltr'>Christianis</span> <span class='ocrx_word' id='word_1_419' title='bbox 2951 2326 3276 2393; x_wconf 83' lang='lat' dir='ltr'>benivolus,</span> 
     </span>
    </p>
   </div>
   <div class='ocr_carea' id='block_1_80' title="bbox 1947 2411 3230 2485">
    <p class='ocr_par' dir='ltr' id='par_1_80' title="bbox 1947 2411 3230 2485">
     <span class='ocr_line' id='line_1_80' title="bbox 1947 2411 3230 2485; baseline 0 -17"><span class='ocrx_word' id='word_1_420' title='bbox 1947 2413 2282 2483; x_wconf 66' lang='lat' dir='ltr'>reipublicae</span> <span class='ocrx_word' id='word_1_421' title='bbox 2311 2411 2777 2483; x_wconf 85' lang='lat' dir='ltr'>gubernaculum</span> <span class='ocrx_word' id='word_1_422' title='bbox 2810 2415 2982 2484; x_wconf 78' lang='lat' dir='ltr'>ccepit</span> <span class='ocrx_word' id='word_1_423' title='bbox 3015 2421 3230 2485; x_wconf 83' lang='lat' dir='ltr'>regere.</span> 
     </span>
    </p>
   </div>
   <div class='ocr_carea' id='block_1_81' title="bbox 1945 2501 2965 2570">
    <p class='ocr_par' dir='ltr' id='par_1_81' title="bbox 1945 2501 2965 2570">
     <span class='ocr_line' id='line_1_81' title="bbox 1945 2501 2965 2570; baseline -0.001 -13"><span class='ocrx_word' id='word_1_424' title='bbox 1945 2503 2066 2558; x_wconf 91' lang='lat' dir='ltr'>Sub</span> <span class='ocrx_word' id='word_1_425' title='bbox 2097 2518 2163 2556; x_wconf 86' lang='lat' dir='ltr'>eo</span> <span class='ocrx_word' id='word_1_426' title='bbox 2195 2501 2341 2570; x_wconf 82' lang='lat' dir='ltr'>legio</span> <span class='ocrx_word' id='word_1_427' title='bbox 2373 2502 2530 2556; x_wconf 88' lang='lat' dir='ltr'>dicta</span> <span class='ocrx_word' id='word_1_428' title='bbox 2561 2502 2965 2569; x_wconf 84' lang='lat' dir='ltr'>Fulminatrix,</span> 
     </span>
    </p>
   </div>
   <div class='ocr_carea' id='block_1_82' title="bbox 1947 2589 3430 2660">
    <p class='ocr_par' dir='ltr' id='par_1_82' title="bbox 1947 2589 3430 2660">
     <span class='ocr_line' id='line_1_82' title="bbox 1947 2589 3430 2660; baseline 0.001 -13"><span class='ocrx_word' id='word_1_429' title='bbox 1947 2592 2017 2647; x_wconf 87' lang='lat' dir='ltr'>de</span> <span class='ocrx_word' id='word_1_430' title='bbox 2047 2590 2510 2646; x_wconf 86' lang='lat' dir='ltr'>Christianorum</span> <span class='ocrx_word' id='word_1_431' title='bbox 2545 2589 2852 2646; x_wconf 88' lang='lat' dir='ltr'>hominum</span> <span class='ocrx_word' id='word_1_432' title='bbox 2884 2593 3136 2648; x_wconf 88' lang='lat' dir='ltr'>conﬂata</span> <span class='ocrx_word' id='word_1_433' title='bbox 3163 2607 3430 2660; x_wconf 86' lang='lat' dir='ltr'>numero,</span> 
     </span>
    </p>
   </div>
   <div class='ocr_carea' id='block_1_83' title="bbox 1947 2679 3220 2753">
    <p class='ocr_par' dir='ltr' id='par_1_83' title="bbox 1947 2679 3220 2753">
     <span class='ocr_line' id='line_1_83' title="bbox 1947 2679 3220 2753; baseline 0 -17"><span class='ocrx_word' id='word_1_434' title='bbox 1947 2684 2283 2753; x_wconf 89' lang='lat' dir='ltr'>pugnatura</span> <span class='ocrx_word' id='word_1_435' title='bbox 2311 2679 2540 2734; x_wconf 86' lang='lat' dir='ltr'>Christo</span> <span class='ocrx_word' id='word_1_436' title='bbox 2571 2679 2816 2736; x_wconf 91' lang='lat' dir='ltr'>Domino</span> <span class='ocrx_word' id='word_1_437' title='bbox 2846 2681 3220 2752; x_wconf 88' lang='lat' dir='ltr'>supplicavit,</span> 
     </span>
    </p>
   </div>
   <div class='ocr_carea' id='block_1_84' title="bbox 1947 2767 3121 2839">
    <p class='ocr_par' dir='ltr' id='par_1_84' title="bbox 1947 2767 3121 2839">
     <span class='ocr_line' id='line_1_84' title="bbox 1947 2767 3121 2839; baseline 0 -16"><span class='ocrx_word' id='word_1_438' title='bbox 1947 2769 2224 2839; x_wconf 90' lang='lat' dir='ltr'>quoniam</span> <span class='ocrx_word' id='word_1_439' title='bbox 2257 2772 2314 2823; x_wconf 88' lang='lat' dir='ltr'>et</span> <span class='ocrx_word' id='word_1_440' title='bbox 2344 2767 2440 2823; x_wconf 83' lang='lat' dir='ltr'>siti</span> <span class='ocrx_word' id='word_1_441' title='bbox 2473 2768 2765 2824; x_wconf 84' lang='lat' dir='ltr'>exercitus</span> <span class='ocrx_word' id='word_1_442' title='bbox 2800 2769 3121 2838; x_wconf 88' lang='lat' dir='ltr'>laborabat,</span> 
     </span>
    </p>
   </div>
   <div class='ocr_carea' id='block_1_85' title="bbox 1947 2857 3342 2931">
    <p class='ocr_par' dir='ltr' id='par_1_85' title="bbox 1947 2857 3342 2931">
     <span class='ocr_line' id='line_1_85' title="bbox 1947 2857 3342 2931; baseline 0.001 -17"><span class='ocrx_word' id='word_1_443' title='bbox 1947 2862 2004 2914; x_wconf 84' lang='lat' dir='ltr'>et</span> <span class='ocrx_word' id='word_1_444' title='bbox 2035 2857 2425 2913; x_wconf 87' lang='lat' dir='ltr'>Barbarorum</span> <span class='ocrx_word' id='word_1_445' title='bbox 2457 2857 2721 2913; x_wconf 88' lang='lat' dir='ltr'>hostium</span> <span class='ocrx_word' id='word_1_446' title='bbox 2754 2858 3016 2914; x_wconf 90' lang='lat' dir='ltr'>instabat</span> <span class='ocrx_word' id='word_1_447' title='bbox 3037 2858 3295 2931; x_wconf 88' lang='lat' dir='ltr'>impetus</span> <span class='ocrx_word' id='word_1_448' title='bbox 3330 2877 3342 2916; x_wconf 90' lang='lat'>:</span> 
     </span>
    </p>
   </div>
   <div class='ocr_carea' id='block_1_86' title="bbox 1950 2947 3312 3019">
    <p class='ocr_par' dir='ltr' id='par_1_86' title="bbox 1950 2947 3312 3019">
     <span class='ocr_line' id='line_1_86' title="bbox 1950 2947 3312 3019; baseline 0 -16"><span class='ocrx_word' id='word_1_449' title='bbox 1950 2947 2263 3016; x_wconf 86' lang='lat' dir='ltr'>statimque</span> <span class='ocrx_word' id='word_1_450' title='bbox 2287 2948 2484 3003; x_wconf 90' lang='lat' dir='ltr'>hostes</span> <span class='ocrx_word' id='word_1_451' title='bbox 2516 2947 2865 3003; x_wconf 82' lang='lat' dir='ltr'>fulminibus</span> <span class='ocrx_word' id='word_1_452' title='bbox 2897 2948 3312 3019; x_wconf 82' lang='lat' dir='ltr'>deﬂagrarunt,</span> 
     </span>
    </p>
   </div>
   <div class='ocr_carea' id='block_1_87' title="bbox 1952 3036 3333 3108">
    <p class='ocr_par' dir='ltr' id='par_1_87' title="bbox 1952 3036 3333 3108">
     <span class='ocr_line' id='line_1_87' title="bbox 1952 3036 3333 3108; baseline 0.001 -17"><span class='ocrx_word' id='word_1_453' title='bbox 1952 3036 2250 3092; x_wconf 81' lang='lat' dir='ltr'>Romanus</span> <span class='ocrx_word' id='word_1_454' title='bbox 2281 3037 2568 3092; x_wconf 79' lang='lat' dir='ltr'>exercitus</span> <span class='ocrx_word' id='word_1_455' title='bbox 2599 3036 2786 3092; x_wconf 89' lang='lat' dir='ltr'>imbre</span> <span class='ocrx_word' id='word_1_456' title='bbox 2817 3037 3052 3108; x_wconf 92' lang='lat' dir='ltr'>copioso</span> <span class='ocrx_word' id='word_1_457' title='bbox 3085 3037 3333 3094; x_wconf 87' lang='lat' dir='ltr'>maduit.</span> 
     </span>
    </p>
   </div>
   <div class='ocr_carea' id='block_1_88' title="bbox 1948 3126 3275 3196">
    <p class='ocr_par' dir='ltr' id='par_1_88' title="bbox 1948 3126 3275 3196">
     <span class='ocr_line' id='line_1_88' title="bbox 1948 3126 3275 3196; baseline 0.002 -17"><span class='ocrx_word' id='word_1_458' title='bbox 1948 3129 2110 3181; x_wconf 90' lang='lat' dir='ltr'>Tunc</span> <span class='ocrx_word' id='word_1_459' title='bbox 2137 3126 2381 3182; x_wconf 85' lang='lat' dir='ltr'>ﬂorebat</span> <span class='ocrx_word' id='word_1_460' title='bbox 2411 3130 2789 3196; x_wconf 84' lang='lat' dir='ltr'>Hermogenes</span> <span class='ocrx_word' id='word_1_461' title='bbox 2821 3127 3029 3182; x_wconf 88' lang='lat' dir='ltr'>doctus</span> <span class='ocrx_word' id='word_1_462' title='bbox 3060 3127 3275 3182; x_wconf 90' lang='lat' dir='ltr'>rhetor.</span> 
     </span>
    </p>
   </div>
   <div class='ocr_carea' id='block_1_89' title="bbox 1872 3213 3342 3310">
    <p class='ocr_par' dir='ltr' id='par_1_89' title="bbox 1872 3213 3342 3310">
     <span class='ocr_line' id='line_1_89' title="bbox 1872 3213 3342 3310; baseline 0.001 -40"><span class='ocrx_word' id='word_1_463' title='bbox 1872 3242 1916 3310; x_wconf 65' lang='grc' dir='ltr'>ρ</span> <span class='ocrx_word' id='word_1_464' title='bbox 1952 3213 2288 3287; x_wconf 88' lang='lat' dir='ltr'>Christique</span> <span class='ocrx_word' id='word_1_465' title='bbox 2319 3231 2499 3270; x_wconf 85' lang='lat' dir='ltr'>causa</span> <span class='ocrx_word' id='word_1_466' title='bbox 2529 3232 2633 3287; x_wconf 89' lang='lat' dir='ltr'>par</span> <span class='ocrx_word' id='word_1_467' title='bbox 2663 3220 2987 3288; x_wconf 87' lang='lat' dir='ltr'>martyrum</span> <span class='ocrx_word' id='word_1_468' title='bbox 3021 3215 3342 3272; x_wconf 84' lang='lat' dir='ltr'>decertavit</span> 
     </span>
    </p>
   </div>
   <div class='ocr_carea' id='block_1_90' title="bbox 1955 3304 3341 3378">
    <p class='ocr_par' dir='ltr' id='par_1_90' title="bbox 1955 3304 3341 3378">
     <span class='ocr_line' id='line_1_90' title="bbox 1955 3304 3341 3378; baseline -0.001 -17"><span class='ocrx_word' id='word_1_469' title='bbox 1955 3304 2306 3378; x_wconf 86' lang='lat' dir='ltr'>Polycarpus</span> <span class='ocrx_word' id='word_1_470' title='bbox 2335 3307 2596 3376; x_wconf 69' lang='lat' dir='ltr'>Smyrna:</span> <span class='ocrx_word' id='word_1_471' title='bbox 2625 3305 2938 3376; x_wconf 88' lang='lat' dir='ltr'>episcopus</span> <span class='ocrx_word' id='word_1_472' title='bbox 2969 3310 3025 3360; x_wconf 93' lang='lat' dir='ltr'>et</span> <span class='ocrx_word' id='word_1_473' title='bbox 3053 3305 3341 3361; x_wconf 87' lang='lat' dir='ltr'>Justinus.</span> 
     </span>
    </p>
   </div>
   <div class='ocr_carea' id='block_1_91' title="bbox 2418 3410 3140 3469">
    <p class='ocr_par' dir='ltr' id='par_1_91' title="bbox 2418 3410 3140 3469">
     <span class='ocr_line' id='line_1_91' title="bbox 2418 3410 3140 3469; baseline -0.001 0"><span class='ocrx_word' id='word_1_474' title='bbox 2418 3410 2810 3469; x_wconf 83' lang='lat' dir='ltr'>COMMODUS</span> <span class='ocrx_word' id='word_1_475' title='bbox 2860 3413 2978 3467; x_wconf 86' lang='lat' dir='ltr'>AN.</span> <span class='ocrx_word' id='word_1_476' title='bbox 3011 3412 3140 3468; x_wconf 87' lang='lat' dir='ltr'><strong>XII.</strong></span> 
     </span>
    </p>
   </div>
   <div class='ocr_carea' id='block_1_92' title="bbox 1959 3501 3213 3571">
    <p class='ocr_par' dir='ltr' id='par_1_92' title="bbox 1959 3501 3213 3571">
     <span class='ocr_line' id='line_1_92' title="bbox 1959 3501 3213 3571; baseline -0.002 -12"><span class='ocrx_word' id='word_1_477' title='bbox 1959 3503 2175 3560; x_wconf 88' lang='lat' dir='ltr'>Deinde</span> <span class='ocrx_word' id='word_1_478' title='bbox 2198 3503 2549 3558; x_wconf 88' lang='lat' dir='ltr'>Commodus</span> <span class='ocrx_word' id='word_1_479' title='bbox 2581 3502 2871 3571; x_wconf 90' lang='lat' dir='ltr'>impurus,</span> <span class='ocrx_word' id='word_1_480' title='bbox 2906 3501 3213 3568; x_wconf 88' lang='lat' dir='ltr'>scelestus,</span> 
     </span>
    </p>
   </div>
   <div class='ocr_carea' id='block_1_93' title="bbox 1958 3591 3078 3662">
    <p class='ocr_par' dir='ltr' id='par_1_93' title="bbox 1958 3591 3078 3662">
     <span class='ocr_line' id='line_1_93' title="bbox 1958 3591 3078 3662; baseline -0.005 -12"><span class='ocrx_word' id='word_1_481' title='bbox 1958 3594 2099 3651; x_wconf 71' lang='lat' dir='ltr'>laevo</span> <span class='ocrx_word' id='word_1_482' title='bbox 2129 3594 2324 3649; x_wconf 88' lang='lat' dir='ltr'>omine</span> <span class='ocrx_word' id='word_1_483' title='bbox 2355 3592 2616 3662; x_wconf 88' lang='lat' dir='ltr'>adrepsit</span> <span class='ocrx_word' id='word_1_484' title='bbox 2645 3591 2715 3645; x_wconf 89' lang='lat' dir='ltr'>ad</span> <span class='ocrx_word' id='word_1_485' title='bbox 2746 3591 3078 3662; x_wconf 87' lang='lat' dir='ltr'>imperium.</span> 
     </span>
    </p>
   </div>
   <div class='ocr_carea' id='block_1_94' title="bbox 1957 3681 3377 3753">
    <p class='ocr_par' dir='ltr' id='par_1_94' title="bbox 1957 3681 3377 3753">
     <span class='ocr_line' id='line_1_94' title="bbox 1957 3681 3377 3753; baseline -0.003 -13"><span class='ocrx_word' id='word_1_486' title='bbox 1957 3684 2077 3740; x_wconf 82' lang='lat' dir='ltr'>Sub</span> <span class='ocrx_word' id='word_1_487' title='bbox 2101 3699 2166 3739; x_wconf 91' lang='lat' dir='ltr'>eo</span> <span class='ocrx_word' id='word_1_488' title='bbox 2197 3682 2466 3737; x_wconf 84' lang='lat' dir='ltr'>Clemens</span> <span class='ocrx_word' id='word_1_489' title='bbox 2490 3685 2852 3736; x_wconf 86' lang='lat' dir='ltr'>Stromatum</span> <span class='ocrx_word' id='word_1_490' title='bbox 2886 3688 3090 3736; x_wconf 90' lang='lat' dir='ltr'>auctor</span> <span class='ocrx_word' id='word_1_491' title='bbox 3118 3681 3377 3753; x_wconf 87' lang='lat' dir='ltr'>sapiens,</span> 
     </span>
    </p>
   </div>
   <div class='ocr_carea' id='block_1_95' title="bbox 1961 3770 3408 3843">
    <p class='ocr_par' dir='ltr' id='par_1_95' title="bbox 1961 3770 3408 3843">
     <span class='ocr_line' id='line_1_95' title="bbox 1961 3770 3408 3843; baseline -0.002 -15"><span class='ocrx_word' id='word_1_492' title='bbox 1961 3778 2414 3843; x_wconf 78' lang='lat' dir='ltr'>Pantaenusque,</span> <span class='ocrx_word' id='word_1_493' title='bbox 2449 3770 2753 3825; x_wconf 85' lang='lat' dir='ltr'>orthodoxi</span> <span class='ocrx_word' id='word_1_494' title='bbox 2784 3771 2955 3825; x_wconf 90' lang='lat' dir='ltr'>ambo</span> <span class='ocrx_word' id='word_1_495' title='bbox 2983 3772 3408 3842; x_wconf 63' lang='lat' dir='ltr'>praedicatores.</span> 
     </span>
    </p>
   </div>
   <div class='ocr_carea' id='block_1_96' title="bbox 2348 3876 3232 3934">
    <p class='ocr_par' dir='ltr' id='par_1_96' title="bbox 2348 3876 3232 3934">
     <span class='ocr_line' id='line_1_96' title="bbox 2348 3876 3232 3934; baseline -0.005 0"><span class='ocrx_word' id='word_1_496' title='bbox 2348 3877 2701 3934; x_wconf 82' lang='lat' dir='ltr'>PERTINAX</span> <span class='ocrx_word' id='word_1_497' title='bbox 2743 3877 2830 3933; x_wconf 86' lang='lat' dir='ltr'><strong>ET</strong></span> <span class='ocrx_word' id='word_1_498' title='bbox 2867 3876 3232 3933; x_wconf 82' lang='lat' dir='ltr'><strong>JULIANUS.</strong></span> 
     </span>
    </p>
   </div>
   <div class='ocr_carea' id='block_1_97' title="bbox 1964 3966 3364 4041">
    <p class='ocr_par' dir='ltr' id='par_1_97' title="bbox 1964 3966 3364 4041">
     <span class='ocr_line' id='line_1_97' title="bbox 1964 3966 3364 4041; baseline -0.005 -13"><span class='ocrx_word' id='word_1_499' title='bbox 1964 3976 2094 4028; x_wconf 77' lang='lat' dir='ltr'>Mox</span> <span class='ocrx_word' id='word_1_500' title='bbox 2124 3968 2433 4041; x_wconf 88' lang='lat' dir='ltr'>imperavit</span> <span class='ocrx_word' id='word_1_501' title='bbox 2460 3968 2753 4032; x_wconf 85' lang='lat' dir='ltr'>Pertinax,</span> <span class='ocrx_word' id='word_1_502' title='bbox 2788 3966 3134 4038; x_wconf 74' lang='lat' dir='ltr'>grandaevus</span> <span class='ocrx_word' id='word_1_503' title='bbox 3164 3980 3364 4036; x_wconf 85' lang='lat' dir='ltr'>senex,</span> 
     </span>
    </p>
   </div>
   <div class='ocr_carea' id='block_1_98' title="bbox 1965 4055 3062 4132">
    <p class='ocr_par' dir='ltr' id='par_1_98' title="bbox 1965 4055 3062 4132">
     <span class='ocr_line' id='line_1_98' title="bbox 1965 4055 3062 4132; baseline -0.005 -16"><span class='ocrx_word' id='word_1_504' title='bbox 1965 4061 2068 4132; x_wconf 91' lang='lat' dir='ltr'>qui</span> <span class='ocrx_word' id='word_1_505' title='bbox 2093 4061 2154 4115; x_wconf 89' lang='lat' dir='ltr'>in</span> <span class='ocrx_word' id='word_1_506' title='bbox 2185 4057 2320 4115; x_wconf 91' lang='lat' dir='ltr'>aula</span> <span class='ocrx_word' id='word_1_507' title='bbox 2349 4055 2550 4128; x_wconf 88' lang='lat' dir='ltr'>palatii</span> <span class='ocrx_word' id='word_1_508' title='bbox 2579 4057 2923 4113; x_wconf 84' lang='lat' dir='ltr'>interiectus</span> <span class='ocrx_word' id='word_1_509' title='bbox 2954 4062 3062 4111; x_wconf 88' lang='lat' dir='ltr'>est.</span> 
     </span>
    </p>
   </div>
   <div class='ocr_carea' id='block_1_99' title="bbox 1965 4145 3206 4221">
    <p class='ocr_par' dir='ltr' id='par_1_99' title="bbox 1965 4145 3206 4221">
     <span class='ocr_line' id='line_1_99' title="bbox 1965 4145 3206 4221; baseline -0.006 -14"><span class='ocrx_word' id='word_1_510' title='bbox 1965 4153 2390 4221; x_wconf 86' lang='lat' dir='ltr'>Sceptrumque</span> <span class='ocrx_word' id='word_1_511' title='bbox 2419 4145 2668 4217; x_wconf 86' lang='lat' dir='ltr'>arripuit</span> <span class='ocrx_word' id='word_1_512' title='bbox 2697 4145 2943 4200; x_wconf 82' lang='lat' dir='ltr'>Romani</span> <span class='ocrx_word' id='word_1_513' title='bbox 2976 4145 3206 4216; x_wconf 90' lang='lat' dir='ltr'>imperii</span> 
     </span>
    </p>
   </div>
   <div class='ocr_carea' id='block_1_100' title="bbox 1968 4233 3322 4306">
    <p class='ocr_par' dir='ltr' id='par_1_100' title="bbox 1968 4233 3322 4306">
     <span class='ocr_line' id='line_1_100' title="bbox 1968 4233 3322 4306; baseline -0.004 -10"><span class='ocrx_word' id='word_1_514' title='bbox 1968 4238 2127 4296; x_wconf 86' lang='lat' dir='ltr'>brevi</span> <span class='ocrx_word' id='word_1_515' title='bbox 2156 4235 2475 4294; x_wconf 89' lang='lat' dir='ltr'>admodum</span> <span class='ocrx_word' id='word_1_516' title='bbox 2506 4238 2770 4306; x_wconf 89' lang='lat' dir='ltr'>tempore</span> <span class='ocrx_word' id='word_1_517' title='bbox 2792 4233 3065 4290; x_wconf 88' lang='lat' dir='ltr'>Julianus</span> <span class='ocrx_word' id='word_1_518' title='bbox 3094 4233 3322 4292; x_wconf 87' lang='lat' dir='ltr'>Didius.</span> 
     </span>
    </p>
   </div>
   <div class='ocr_carea' id='block_1_101' title="bbox 2424 4340 3150 4396">
    <p class='ocr_par' dir='ltr' id='par_1_101' title="bbox 2424 4340 3150 4396">
     <span class='ocr_line' id='line_1_101' title="bbox 2424 4340 3150 4396; baseline 0 0"><span class='ocrx_word' id='word_1_519' title='bbox 2424 4340 2742 4396; x_wconf 80' lang='lat' dir='ltr'>SEVERUS</span> <span class='ocrx_word' id='word_1_520' title='bbox 2783 4344 2898 4395; x_wconf 85' lang='lat' dir='ltr'>AN.</span> <span class='ocrx_word' id='word_1_521' title='bbox 2939 4340 3150 4396; x_wconf 80' lang='lat' dir='ltr'><strong>XVIII.</strong></span> 
     </span>
    </p>
   </div>
   <div class='ocr_carea' id='block_1_102' title="bbox 1971 4429 3332 4502">
    <p class='ocr_par' dir='ltr' id='par_1_102' title="bbox 1971 4429 3332 4502">
     <span class='ocr_line' id='line_1_102' title="bbox 1971 4429 3332 4502; baseline -0.005 -10"><span class='ocrx_word' id='word_1_522' title='bbox 1971 4438 2117 4494; x_wconf 86' lang='lat' dir='ltr'>Hinc</span> <span class='ocrx_word' id='word_1_523' title='bbox 2143 4435 2389 4490; x_wconf 87' lang='lat' dir='ltr'>Severus</span> <span class='ocrx_word' id='word_1_524' title='bbox 2420 4431 2683 4487; x_wconf 88' lang='lat' dir='ltr'>hostium</span> <span class='ocrx_word' id='word_1_525' title='bbox 2715 4430 2775 4486; x_wconf 91' lang='lat' dir='ltr'>in</span> <span class='ocrx_word' id='word_1_526' title='bbox 2808 4429 3024 4502; x_wconf 70' lang='lat' dir='ltr'>praeliis</span> <span class='ocrx_word' id='word_1_527' title='bbox 3056 4430 3332 4498; x_wconf 90' lang='lat' dir='ltr'>domitor,</span> 
     </span>
    </p>
   </div>
   <div class='ocr_carea' id='block_1_103' title="bbox 1974 4520 3316 4596">
    <p class='ocr_par' dir='ltr' id='par_1_103' title="bbox 1974 4520 3316 4596">
     <span class='ocr_line' id='line_1_103' title="bbox 1974 4520 3316 4596; baseline -0.005 -14"><span class='ocrx_word' id='word_1_528' title='bbox 1974 4529 2137 4583; x_wconf 90' lang='lat' dir='ltr'>dirus</span> <span class='ocrx_word' id='word_1_529' title='bbox 2168 4525 2397 4596; x_wconf 90' lang='lat' dir='ltr'>piorum</span> <span class='ocrx_word' id='word_1_530' title='bbox 2431 4520 2898 4576; x_wconf 90' lang='lat' dir='ltr'>Christianorum</span> <span class='ocrx_word' id='word_1_531' title='bbox 2931 4525 3270 4591; x_wconf 91' lang='lat' dir='ltr'>persecutor</span> <span class='ocrx_word' id='word_1_532' title='bbox 3302 4538 3316 4575; x_wconf 79' lang='grc' dir='ltr'>ε</span> 
     </span>
    </p>
   </div>
   <div class='ocr_carea' id='block_1_104' title="bbox 1891 4608 3306 4686">
    <p class='ocr_par' dir='ltr' id='par_1_104' title="bbox 1891 4608 3306 4686">
     <span class='ocr_line' id='line_1_104' title="bbox 1891 4608 3306 4686; baseline -0.006 -12"><span class='ocrx_word' id='word_1_533' title='bbox 1891 4616 1935 4681; x_wconf 90' lang='lat' dir='ltr'><strong>D</strong></span> <span class='ocrx_word' id='word_1_534' title='bbox 1971 4619 2078 4674; x_wconf 89' lang='lat' dir='ltr'>sub</span> <span class='ocrx_word' id='word_1_535' title='bbox 2112 4630 2226 4686; x_wconf 93' lang='lat' dir='ltr'>quo</span> <span class='ocrx_word' id='word_1_536' title='bbox 2257 4628 2389 4669; x_wconf 90' lang='lat' dir='ltr'>cum</span> <span class='ocrx_word' id='word_1_537' title='bbox 2421 4609 2554 4667; x_wconf 89' lang='lat' dir='ltr'>aliis</span> <span class='ocrx_word' id='word_1_538' title='bbox 2584 4613 2748 4680; x_wconf 90' lang='lat' dir='ltr'>pater</span> <span class='ocrx_word' id='word_1_539' title='bbox 2777 4625 3008 4679; x_wconf 87' lang='lat' dir='ltr'>quoque</span> <span class='ocrx_word' id='word_1_540' title='bbox 3039 4608 3306 4679; x_wconf 88' lang='lat' dir='ltr'>Origenis</span> 
     </span>
    </p>
   </div>
   <div class='ocr_carea' id='block_1_105' title="bbox 1973 4699 3110 4772">
    <p class='ocr_par' dir='ltr' id='par_1_105' title="bbox 1973 4699 3110 4772">
     <span class='ocr_line' id='line_1_105' title="bbox 1973 4699 3110 4772; baseline -0.01 -9"><span class='ocrx_word' id='word_1_541' title='bbox 1973 4705 2261 4763; x_wconf 88' lang='lat' dir='ltr'>Leonidas</span> <span class='ocrx_word' id='word_1_542' title='bbox 2292 4701 2554 4772; x_wconf 80' lang='lat' dir='ltr'>martyrii</span> <span class='ocrx_word' id='word_1_543' title='bbox 2578 4715 2856 4754; x_wconf 88' lang='lat' dir='ltr'>coronam</span> <span class='ocrx_word' id='word_1_544' title='bbox 2888 4699 3110 4754; x_wconf 89' lang='lat' dir='ltr'>retulit.</span> 
     </span>
    </p>
   </div>
   <div class='ocr_carea' id='block_1_106' title="bbox 2187 4805 3392 4867">
    <p class='ocr_par' dir='ltr' id='par_1_106' title="bbox 2187 4805 3392 4867">
     <span class='ocr_line' id='line_1_106' title="bbox 2187 4805 3392 4867; baseline -0.003 -2"><span class='ocrx_word' id='word_1_545' title='bbox 2187 4806 2602 4867; x_wconf 73' lang='lat' dir='ltr'>ANTONINUS</span> <span class='ocrx_word' id='word_1_546' title='bbox 2655 4805 3070 4861; x_wconf 83' lang='lat' dir='ltr'>CARACALLA</span> <span class='ocrx_word' id='word_1_547' title='bbox 3111 4809 3228 4862; x_wconf 77' lang='lat' dir='ltr'><strong>AN.</strong></span> <span class='ocrx_word' id='word_1_548' title='bbox 3272 4807 3392 4863; x_wconf 82' lang='lat' dir='ltr'>Vll.</span> 
     </span>
    </p>
   </div>
   <div class='ocr_carea' id='block_1_107' title="bbox 1974 4895 3146 4971">
    <p class='ocr_par' dir='ltr' id='par_1_107' title="bbox 1974 4895 3146 4971">
     <span class='ocr_line' id='line_1_107' title="bbox 1974 4895 3146 4971; baseline -0.006 -14"><span class='ocrx_word' id='word_1_549' title='bbox 1974 4902 2163 4971; x_wconf 84' lang='lat' dir='ltr'>Hujus</span> <span class='ocrx_word' id='word_1_550' title='bbox 2186 4897 2455 4955; x_wconf 82' lang='lat' dir='ltr'>exstincti</span> <span class='ocrx_word' id='word_1_551' title='bbox 2490 4895 2892 4950; x_wconf 88' lang='lat' dir='ltr'>monarchiam</span> <span class='ocrx_word' id='word_1_552' title='bbox 2920 4896 3146 4967; x_wconf 84' lang='lat' dir='ltr'>excepit</span> 
     </span>
    </p>
   </div>
   <div class='ocr_carea' id='block_1_108' title="bbox 1973 4984 3026 5058">
    <p class='ocr_par' dir='ltr' id='par_1_108' title="bbox 1973 4984 3026 5058">
     <span class='ocr_line' id='line_1_108' title="bbox 1973 4984 3026 5058; baseline -0.009 -9"><span class='ocrx_word' id='word_1_553' title='bbox 1973 4990 2306 5049; x_wconf 88' lang='lat' dir='ltr'>Antoninus</span> <span class='ocrx_word' id='word_1_554' title='bbox 2336 4985 2682 5058; x_wconf 83' lang='lat' dir='ltr'>cognomine</span> <span class='ocrx_word' id='word_1_555' title='bbox 2713 4984 3026 5050; x_wconf 84' lang='lat' dir='ltr'>Caracalla,</span> 
     </span>
    </p>
   </div>
   <div class='ocr_carea' id='block_1_109' title="bbox 1976 5075 3206 5145">
    <p class='ocr_par' dir='ltr' id='par_1_109' title="bbox 1976 5075 3206 5145">
     <span class='ocr_line' id='line_1_109' title="bbox 1976 5075 3206 5145; baseline -0.007 -7"><span class='ocrx_word' id='word_1_556' title='bbox 1976 5083 2164 5138; x_wconf 63' lang='lat' dir='ltr'>foedus</span> <span class='ocrx_word' id='word_1_557' title='bbox 2188 5079 2363 5133; x_wconf 92' lang='lat' dir='ltr'>homo</span> <span class='ocrx_word' id='word_1_558' title='bbox 2393 5081 2450 5131; x_wconf 88' lang='lat' dir='ltr'>et</span> <span class='ocrx_word' id='word_1_559' title='bbox 2482 5075 2734 5131; x_wconf 83' lang='lat' dir='ltr'>maxime</span> <span class='ocrx_word' id='word_1_560' title='bbox 2767 5075 3206 5145; x_wconf 81' lang='lat' dir='ltr'>sanguinarius.</span> 
     </span>
    </p>
   </div>
   <div class='ocr_carea' id='block_1_110' title="bbox 2255 5181 3344 5242">
    <p class='ocr_par' dir='ltr' id='par_1_110' title="bbox 2255 5181 3344 5242">
     <span class='ocr_line' id='line_1_110' title="bbox 2255 5181 3344 5242; baseline -0.004 -1"><span class='ocrx_word' id='word_1_561' title='bbox 2255 5181 2623 5242; x_wconf 80' lang='lat' dir='ltr'>MACRINUS</span> <span class='ocrx_word' id='word_1_562' title='bbox 2661 5182 2753 5237; x_wconf 88' lang='lat' dir='ltr'><strong>ET</strong></span> <span class='ocrx_word' id='word_1_563' title='bbox 2791 5181 3050 5237; x_wconf 83' lang='lat' dir='ltr'><strong>AVITUS</strong></span> <span class='ocrx_word' id='word_1_564' title='bbox 3089 5182 3205 5238; x_wconf 88' lang='lat' dir='ltr'><strong>AN.</strong></span> <span class='ocrx_word' id='word_1_565' title='bbox 3252 5182 3344 5237; x_wconf 91' lang='lat' dir='ltr'>IV.</span> 
     </span>
    </p>
   </div>
   <div class='ocr_carea' id='block_1_111' title="bbox 1978 5271 3271 5345">
    <p class='ocr_par' dir='ltr' id='par_1_111' title="bbox 1978 5271 3271 5345">
     <span class='ocr_line' id='line_1_111' title="bbox 1978 5271 3271 5345; baseline -0.005 -11"><span class='ocrx_word' id='word_1_566' title='bbox 1978 5279 2126 5334; x_wconf 90' lang='lat' dir='ltr'>Tum</span> <span class='ocrx_word' id='word_1_567' title='bbox 2160 5281 2216 5331; x_wconf 90' lang='lat' dir='ltr'>et</span> <span class='ocrx_word' id='word_1_568' title='bbox 2243 5275 2538 5331; x_wconf 86' lang='lat' dir='ltr'>Macrinus</span> <span class='ocrx_word' id='word_1_569' title='bbox 2569 5272 2914 5328; x_wconf 89' lang='lat' dir='ltr'>brevissime</span> <span class='ocrx_word' id='word_1_570' title='bbox 2943 5271 3271 5345; x_wconf 89' lang='lat' dir='ltr'>imperavit.</span> 
     </span>
    </p>
   </div>
   <div class='ocr_carea' id='block_1_112' title="bbox 1981 5361 3119 5436">
    <p class='ocr_par' dir='ltr' id='par_1_112' title="bbox 1981 5361 3119 5436">
     <span class='ocr_line' id='line_1_112' title="bbox 1981 5361 3119 5436; baseline -0.007 -12"><span class='ocrx_word' id='word_1_571' title='bbox 1981 5367 2201 5425; x_wconf 91' lang='lat' dir='ltr'>Deinde</span> <span class='ocrx_word' id='word_1_572' title='bbox 2233 5366 2291 5421; x_wconf 92' lang='lat' dir='ltr'>in</span> <span class='ocrx_word' id='word_1_573' title='bbox 2325 5364 2573 5436; x_wconf 91' lang='lat' dir='ltr'>imperio</span> <span class='ocrx_word' id='word_1_574' title='bbox 2604 5361 2999 5418; x_wconf 87' lang='lat' dir='ltr'>debacchatus</span> <span class='ocrx_word' id='word_1_575' title='bbox 3031 5369 3119 5418; x_wconf 88' lang='lat' dir='ltr'>est</span> 
     </span>
    </p>
   </div>
   <div class='ocr_carea' id='block_1_113' title="bbox 1983 5453 3348 5525">
    <p class='ocr_par' dir='ltr' id='par_1_113' title="bbox 1983 5453 3348 5525">
     <span class='ocr_line' id='line_1_113' title="bbox 1983 5453 3348 5525; baseline -0.004 -10"><span class='ocrx_word' id='word_1_576' title='bbox 1983 5459 2221 5515; x_wconf 87' lang='lat' dir='ltr'>nomine</span> <span class='ocrx_word' id='word_1_577' title='bbox 2253 5456 2474 5521; x_wconf 79' lang='lat' dir='ltr'>Avitus,</span> <span class='ocrx_word' id='word_1_578' title='bbox 2510 5453 2856 5525; x_wconf 88' lang='lat' dir='ltr'>cognomine</span> <span class='ocrx_word' id='word_1_579' title='bbox 2888 5453 3348 5525; x_wconf 87' lang='lat' dir='ltr'>Sardanapalus,</span> 
     </span>
    </p>
   </div>
   <div class='ocr_carea' id='block_1_114' title="bbox 2054 5639 2410 5715">
    <p class='ocr_par' dir='ltr' id='par_1_114' title="bbox 2054 5639 2410 5715">
     <span class='ocr_line' id='line_1_114' title="bbox 2054 5639 2410 5715; baseline -0.014 -18"><span class='ocrx_word' id='word_1_580' title='bbox 2054 5641 2135 5715; x_wconf 86' lang='lat'>(5)</span> <span class='ocrx_word' id='word_1_581' title='bbox 2167 5641 2252 5697; x_wconf 86' lang='lat' dir='ltr'>Ita</span> <span class='ocrx_word' id='word_1_582' title='bbox 2282 5639 2410 5695; x_wconf 93' lang='lat' dir='ltr'>cod.</span> 
     </span>
    </p>
   </div>
   <div class='ocr_carea' id='block_1_115' title="bbox 3535 394 3601 447">
    <p class='ocr_par' dir='ltr' id='par_1_115' title="bbox 3535 394 3601 447">
     <span class='ocr_line' id='line_1_115' title="bbox 3535 394 3601 447; baseline -0.015 0"><span class='ocrx_word' id='word_1_583' title='bbox 3535 394 3601 447; x_wconf 92' lang='grc'>18</span> 
     </span>
    </p>
   </div>
  </div>
