4190 6438
614 398 681 454 19
1832 404 2207 462 apaaanu
2245 399 2811 457 CHRONOGRAPHI
3941 398 4011 453 20

614 521 807 594 Priapi
837 524 1136 595 quoddam
1168 525 1498 600 Bacchique
1527 530 1915 602 mancipium,

614 611 880 667 moribus
905 628 1036 668 vere
1066 614 1503 687 Sardanapalus
1531 619 1696 688 alter,

614 700 986 756 elfemiuatus
1013 703 1335 759 admodum
1370 710 1429 760 et
1459 707 1818 764 luxuriosus.

881 817 1325 875 ALEXANDEB.
1368 821 1665 877 MAM/E.‘E
1706 823 1815 878 AN.
1855 822 1999 877 XIV.

617 926 755 978 Post
786 922 943 978 hunc
976 927 1237 995 pervenit
1263 928 1330 983 ad
1368 945 1612 1000 regnum
1640 930 1969 986 Alexander

616 1011 869 1066 Mamaeae
904 1012 1082 1080 filius,
1116 1015 1583 1074 Christianorum
1618 1034 1905 1074 reverens.

619 1100 762 1155 Cum
793 1100 948 1156 enim
982 1104 1110 1173 ejus
1147 1110 1336 1161 mater
1365 1108 1713 1162 credidisset

621 1189 991 1260 sapientibus
1021 1192 1289 1264 Origenis
1321 1195 1624 1261 doctrinis,

620 1277 809 1335 honor
837 1281 1200 1337 credentium
1234 1284 1427 1338 ordini
1454 1285 1657 1341 haberi
1687 1290 1909 1358 coeptus
1941 1289 2048 1341 est.

933 1399 1341 1457 MAXIMINUS
1381 1402 1471 1457 ET
1509 1402 1655 1457 ALII
1695 1402 1810 1458 AN.
1856 1402 1952 1458 III.

624 1502 833 1571 Occiso
858 1503 1201 1572 Alexandro,
1234 1511 1466 1561 creatur
1496 1506 1809 1578 imperator

623 1592 1015 1648 exsecrandus
1048 1594 1425 1667 furiosusque
1452 1595 1804 1651 Maximinus
1835 1596 2095 1667 quidam,

625 1680 725 1751 qui
756 1681 883 1736 dira
913 1688 1209 1738 commota
1238 1685 1520 1740 adversus
1552 1685 1917 1742 Christianos

626 1774 1053 1842 persecutione,
1088 1770 1377 1843 plurimos
1408 1773 1543 1830 fecit
1567 1778 1870 1845 martyres.

627 1860 791 1915 Tunc
823 1859 1002 1915 etiam
1035 1868 1428 1933 regnaverunt
1460 1863 1758 1919 Maximus
1783 1868 1841 1920 et
1867 1862 2141 1930 Albinus,

630 1954 845 2004 etcum
878 1949 1139 2021 Pupieno
1168 1952 1407 2006 Publius
1440 1951 1746 2008 Balbinus.

1105 2064 1517 2123 GORDIANUS
1553 2067 1671 2123 AN.
1714 2069 1800 2125 VI.

630 2172 735 2229 His
765 2170 1089 2240 exstinctis,
1122 2187 1355 2227 summa
1386 2177 1643 2244 potestas
1676 2175 1911 2231 devenit

629 2263 701 2317 ad
730 2261 1089 2317 Gordianum
1121 2262 1436 2331 quemdam
1470 2262 1768 2333 filiumque
1799 2265 1927 2335 ejus
1960 2282 1975 2321 :

628 2352 740 2408 sub
771 2351 986 2421 quibus
1017 2349 1273 2419 inclytus
1302 2351 1566 2407 doctrina
1594 2351 1869 2423 Origenes

626 2442 689 2498 in
720 2439 1013 2496 Palestina
1043 2439 1366 2511 discipulos
1398 2441 1739 2512 erudiebat;

626 2545 880 2602 quorum
910 2532 1075 2584 erant
1107 2530 1166 2583 in
1200 2544 1447 2585 numero
1478 2530 1685 2587 fratres
1716 2532 1855 2601 duo,

627 2618 941 2691 Gregorius
972 2622 1361 2690 cognomento
1390 2618 1892 2694 Thaumaturgus,

629 2803 805 2871 atque
831 2796 1242 2853 Athenodorus
1273 2797 1537 2853 doctrina
1563 2816 1678 2856 non
1710 2799 1969 2858 inferior.

1121 2913 1498 2972 PHILIPPUS
1538 2916 1656 2972 AN.
1700 2917 1791 2972 VI.

629 3024 877 3078 Secutus
907 3024 997 3076 est
1026 3020 1353 3092 Philippus,
1385 3020 1735 3079 Christianis
1761 3024 2100 3094 benevolus,

630 3112 748 3166 imo
778 3126 935 3175 vero,
968 3114 1033 3165 ut
1064 3110 1218 3165 fama
1248 3115 1355 3177 est,
1388 3110 1604 3186 Christi
1637 3112 1883 3181 assecla,

629 3199 991 3255 credentium
1024 3198 1298 3254 sodalitio
1330 3200 1574 3271 adjungi
1606 3205 1839 3272 optans,

625 3287 975 3361 Christoque
1006 3304 1147 3343 suos
1177 3287 1512 3358 triumphos
1542 3290 1756 3345 referre
1787 3298 2094 3364 acceptos;

625 3393 801 3448 quem
834 3381 1031 3432 tamen
1064 3376 1215 3432 sacri
1246 3393 1361 3431 non
1394 3378 1765 3434 admiserunt
1793 3382 2093 3451 praesules.

624 3465 768 3522 Huic
797 3466 1003 3522 Bostra
1035 3466 1263 3538 patria;
1299 3482 1477 3537 prope
1508 3484 1687 3539 quam
1719 3470 1893 3525 aliam
1923 3473 2186 3529 condidit

624 3570 802 3626 quam
834 3554 1089 3626 Philippi
1124 3556 1332 3609 urbem
1358 3570 1565 3611 omnes
1596 3557 1869 3614 vocitant.

1194 3670 1448 3726 DECIUS
1489 3672 1608 3727 AN.
1653 3674 1696 3729 l.

623 3776 875 3849 Imperio
907 3780 1110 3848 postea
1140 3776 1363 3848 potitus
1400 3777 1606 3833 Decius

623 3867 990 3924 Christianos
1016 3866 1144 3921 sine
1175 3883 1339 3921 mora
1369 3867 1543 3938 coepit
1568 3870 1838 3943 persequi
1872 3889 1885 3927 :

624 3956 718 4012 cui
753 3955 1099 4012 restiterunt
1126 3954 1346 4025 insigni
1376 3954 1722 4012 fortitudine

622 4044 969 4119 Cyprianus,
1003 4042 1269 4116 Babylas,
1303 4044 1521 4117 aliique
1547 4045 1808 4116 plurimi.

623 4134 795 4206 Lapsi
828 4138 968 4189 sunt
993 4132 1135 4201 alii;
1168 4133 1226 4188 in
1259 4132 1354 4189 his
1387 4133 1593 4191 infelix
1612 4135 1911 4209 Origenes.

622 4226 787 4281 Tunc
819 4224 929 4281 fuit
952 4223 1213 4280 Novatus
1242 4223 1511 4280 malevoli
1544 4225 1631 4281 vir
1659 4226 1879 4299 ingenii
1916 4245 1929 4284 :

620 4316 721 4388 qui
752 4332 884 4372 cum
919 4320 1194 4371 Romamn
1219 4315 1489 4371 Ecclesiae
1520 4319 1793 4375 sacerdos
1824 4325 2000 4389 esset,

620 4421 729 4462 eos
749 4405 847 4477 qui
879 4405 1235 4462 cruciatibus
1268 4405 1399 4460 victi
1431 4406 1886 4478 sacrificassent,

622 4496 693 4551 ad
724 4496 1131 4567 paenitentiam
1166 4495 1422 4566 recipere
1452 4499 1830 4570 pernegabat.

621 4586 682 4642 Id
714 4586 930 4657 dogma
960 4584 1233 4640 Patribus
1264 4602 1297 4639 a
1328 4584 1440 4639 [ide
1477 4585 1734 4642 alienum
1766 4588 1960 4645 visum
1992 4594 2114 4659 est;

620 4675 715 4733 cui
748 4676 886 4730 dum
920 4673 1119 4740 haeret,
1150 4673 1567 4730 communione
1591 4676 1789 4732 infelix
1820 4679 2073 4749 pellitur.

897 4788 1166 4845 GALLUS
1206 4789 1297 4844 ET
1331 4789 1755 4848 EMILIANUS
1795 4794 1912 4849 AN.
1957 4798 1998 4850 Ι.

618 4901 936 4971 Postquam
967 4896 1281 4968 imperium
1315 4896 1525 4953 Decius
1556 4914 1691 4955 cum
1722 4900 1843 4956 vita
1873 4902 2089 4975 amisit,

616 4989 879 5061 regnavit
909 4985 1111 5043 Gallus
1143 4985 1324 5058 impio
1355 4986 1443 5040 vir
1472 4989 1645 5044 corde
1678 4990 1982 5061 praeditus,

610 5088 667 5137 et
696 5079 1200 5137 Cchristianorum
1233 5078 1427 5148 gravis
1458 5085 1821 5151 persecutor,

614 5171 829 5226 Deinde
860 5168 953 5223 vix
984 5172 1239 5239 quatuor
1271 5169 1573 5223 mensibus
1606 5170 1973 5228 Emilianus.

608 5264 774 5318 Tunc
803 5258 1094 5316 Sabellius
1124 5262 1246 5314 erat
1278 5275 1501 5314 scaevus
1531 5261 1687 5331 Afer,

606 5351 703 5423 qui
734 5349 963 5405 divinas
989 5348 1168 5419 impie
1201 5347 1258 5402 in
1296 5347 1503 5404 Triade
1536 5366 1817 5420 personas

604 5440 870 5497 confudit
898 5444 955 5493 et
986 5441 1260 5493 naturam
1293 5453 1429 5494 cum
1456 5438 1549 5495 his
1576 5440 1971 5496 commiscuit.

674 5584 750 5652 (5)
785 5582 869 5635 Ita
898 5581 1103 5644 codex,
1132 5585 1190 5636 et
1220 5580 1301 5635 ita
1332 5580 1595 5653 !oquitur
1622 5582 1797 5638 etiam
1824 5585 2097 5641 Zonaras.

696 5655 753 5723 6)
788 5655 878 5725 ita
910 5654 1036 5708 cod.
1070 5654 1143 5709 At
1174 5653 1429 5709 Zonaras
1462 5654 1839 5725 Πομπηίἀνός.

693 5728 749 5798 7)
781 5724 867 5783 Ita
894 5726 1023 5782 cod.

2296 523 2350 590 Α

2302 1885 2350 1952 Β

2557 516 2925 596 ’Δνδράποδόν
2953 539 3004 574 τι
3039 521 3291 596 ῙΙριήπου
3323 519 3603 581 Διονύσου,

2550 608 2766 671 ’Δλλος
2796 630 2879 672 τις
2912 604 3082 671 ὅντως
3116 607 3539 683 Σαρδανάπαλος
3565 608 3826 683 τρόπους,

2550 695 2860 771 Θηλυδρίας
2887 719 2969 759 τις
2999 696 3279 772 ἐκδεδιῃτη
3291 700 3472 772 μένος.

2586 817 3053 873 ΔΛΕΞΑΝΔΡΟΣ
3096 818 3139 873 Ο
3182 819 3513 874 ΜΑΜΑΙΑΣ
3556 819 3659 874 ΕΤ.
3706 820 3801 874 ΙΔ’.

2551 925 2681 981 Μεθ’
2711 925 2771 978 ’ὀν
2803 922 3082 999 παρῆλθεν
3111 925 3185 986 εἷς
3222 924 3497 1000 βασίλειον
3526 927 3725 1000 κράτος

2411 1016 2515 1071 165
2552 1013 2813 1085 Μαμαίας
2848 1011 3200 1087 Ἀλέξανδρος
3229 1010 3464 1075 εὐσεϐεῖς
3493 1010 3664 1069 σέϐων
3699 1035 3712 1047 ·

2551 1104 2770 1175 Μητρὸς
2798 1102 2897 1177 γὰρ
2931 1101 3094 1157 αὐτοῦ
3126 1102 3381 1175 Μαμαίας
3411 1102 3772 1174 πιστευσάσης

2552 1190 2932 1253 Διδασκαλίαις
2962 1197 3079 1253 ταῖς
3106 1197 3298 1268 σοφαῖς
3329 1194 3664 1266 Ὠριγένους,

2552 1284 2726 1355 Γιμῆς
2756 1280 3059 1351 κατηξίωτο
3091 1284 3296 1335 πιστῶν
3328 1283 3391 1336 τὸ
3422 1283 3633 1359 στίφος.

2668 1399 3080 1455 ΜΛΞΙΜΙΝΟΣ
3112 1402 3230 1457 ΚΑΙ
3260 1401 3472 1457 ΑΛΛΟῙ
3505 1400 3610 1455 ET.
3646 1400 3716 1454 Γ’.

2555 1502 2763 1560 Τούτου
2795 1503 3087 1578 σφαγέντος
3114 1502 3484 1559 ἀναδείκνυται
3508 1504 3725 1579 κράτωρ

2418 1592 2520 1647 170
2557 1591 2858 1663 Θεοστυγής
2886 1611 2969 1652 τις
3002 1591 3311 1663 Μαξιμῖνος
3350 1588 3641 1663 μαινόλης,

2555 1681 2739 1739 Ὅστις
2779 1675 3021 1754 διωγμὸν
3055 1678 3297 1753 χαλεπὸν
3328 1677 3741 1754 Χριστωνύμοις

2559 1770 2816 1839 Κινήσας,
2849 1768 3093 1844 ἀπέφηνε
3126 1768 3402 1845 μαρτύρας
3434 1768 3614 1831 ὅσους.

2561 1856 2666 1912 Σὺν
2694 1853 2933 1931 Ἀλϐίνῳ
2963 1861 3067 1932 (5⁸)
3100 1859 3353 1931 Μάξιμος
3383 1854 3513 1934 ἔσχε
3539 1859 3602 1913 τὸ
3632 1855 3830 1933 κράτος

2560 1946 2663 2004 Καὶ
2692 1947 3010 2020 Πομπιανὸς
3040 1950 3115 2022 (6)
3149 1947 3413 2020 Πουπλίῳ
3442 1947 3534 2001 σὺν
3568 1941 3846 2017 Βαλϐίνῳ.

2897 2063 3277 2120 ΓορΑιΑΝοΣ
3306 2067 3404 2119 ET.
3442 2066 3501 2130 ζ’.

2419 2180 2524 2234 175
2560 2176 2760 2246 Ὠνπερ
2794 2169 3059 2235 θανόντων
3094 2168 3355 2237 ζώννυται
3379 2167 3717 2243 κραταρχίαν

2560 2262 2852 2326 Γοοδιανός
2877 2283 2959 2324 τις
2992 2262 3087 2316 σὺν
3113 2259 3397 2332 ὁμωνύμῳ
3419 2257 3591 2329 τέκνῳ
3622 2276 3636 2289 ·

2560 2356 2676 2432 Ἐφ’
2702 2355 2775 2408 ὧν
2810 2354 2838 2409 ὁ
2871 2351 3129 2428 λαμπρὸς
3158 2349 3209 2405 έν
3243 2346 3431 2423 λόγοις
3463 2346 3743 2422 Ὠριγένης

2560 2447 2662 2503 Ἢν
2695 2440 3025 2499 ἐκδιδάσκων
3061 2439 3263 2515 μύστας
3292 2437 3345 2493 ἐν
3373 2433 3710 2509 Παλαιστίνῃ
3745 2454 3759 2467 ο

2566 2536 2766 2609 Οἴσπερ
2797 2531 3203 2605 συνηρίθμηντο
3235 2528 3484 2602 σύγγονοι
3517 2522 3613 2579 δύο

2421 2627 2524 2682 180
2562 2625 2623 2681 Ὀ
2678 2623 2967 2696 Γρήγορος
3022 2622 3149 2681 νοῦς
3206 2619 3284 2691 (7)
3343 2612 3757 2689 θαυματουργὸς
3833 2611 4033 2667 τούπί-

3795 2698 3933 2754 κλην

3795 2704 3863 2754 κλ
3908 2721 3958 2768 ν,

2562 2804 2705 2880 Πρὸς
2734 2800 2781 2857 δ’
2812 2799 2878 2857 αὖ
2909 2794 3288 2872 Ἀθηνόδωρος
3319 2794 3429 2870 ούχ
3456 2793 3635 2863 ἥττων
3665 2704 3900 2869 λόγίωςῗ1

2920 2913 3265 2972 ΦΙΛΙΠΙΙΟΣ
3297 2911 3410 2970 ET.
3434 2909 3494 2978 ζ’.

2563 3027 2697 3091 Μεθ’
2728 3024 2819 3088 οὓς
2852 3021 3133 3084 Φίλιππος
3164 3018 3396 3093 εὐμενὴς
3426 3014 3861 3090 Χριστωνύμοις,

2561 3113 2788 3173 Μαλλον
2824 3112 2881 3169 δὲ
2913 3115 3129 3187 Χριστῷ
3159 3104 3530 3184 προσδραμεῖν
3558 3105 3702 3178 αἱρεῖ
3727 3101 3911 3179 λόγος,

2564 3205 2764 3281 Εύχῶν
2793 3223 2852 3257 τε
2880 3205 3094 3260 πιστοῖς
3126 3198 3533 3271 συμμετασχεῖν
3565 3192 3838 3265 ἀσμένως,

2307 3252 2350 3320 C
2426 3297 2529 3353 185
2565 3252 2757 3349 ξι,
2779 3252 3135 3367 θρῠιάμϐεύσαί
3165 3252 3223 3361 γε
3242 3252 3318 3340 ιτὰ
3347 3252 3705 3357 πεπραγμένα
3734 3302 3746 3315 ι

2300 4620 2347 4685 D

2564 3382 2793 3445 Ἀλλως
2820 3376 3101 3456 προέδρων
3128 3373 3286 3431 τόνδε
3311 3374 3387 3446 μή
3424 3369 3781 3446 δεδεγμένων.

2560 3476 2627 3551 ⁷ῼ
2660 3471 2866 3546 Βόστρα
2895 3467 3112 3543 πατρὶς,
3147 3466 3207 3520 οὗ
3237 3462 3422 3524 κτίσας
3455 3458 3574 3536 ἔχει
3604 3459 3766 3551 πόλιν

2557 3548 2654 3617 "HV
2682 3564 2785 3621 πᾶς
2817 3557 3102 3613 Φιλίππου
3129 3550 3289 3623 τήνδε
3318 3551 3547 3629 φημίζει
3578 3548 3763 3604 πόλιν.

2943 3670 3196 3727 ΔΕΚΙΟΣ
3241 3668 3347 3723 ET.
3388 3667 3467 3723 A'.

2556 3785 2688 3842 Εἶτα
2714 3781 2899 3845 Δέκιος
2922 3782 3020 3835 τοῦ
3049 3777 3279 3853 κράτους
3311 3770 3671 3849 δεδραγμένος

2418 3882 2519 3936 190
2558 3876 2727 3941 Εύθὺς
2757 3873 2997 3947 διωγμὸν
3030 3868 3165 3925 κατᾶ
3191 3868 3399 3922 πιστῶν
3428 3862 3643 3939 ἐκφέρει
3677 3880 3690 3893 ·

2554 3970 2650 4026 Ὂν
2680 3968 2758 4039 (8)
2786 3961 3087 4039 ὑπερέσχον
3121 3956 3377 4032 εὐψύχως
3407 3949 3787 4027 ἠνδρισμένοι,

2557 4053 2864 4130 Κυπριανός
2890 4072 2949 4107 τε
2979 4043 3225 4108 Βαϐύλας
3254 4043 3343 4100 καὶ
3380 4043 3567 4117 μυρίοι
3603 4061 3617 4076 ·

2552 4129 2832 4213 ’Ήττηντο
2865 4138 2911 4195 δ’
2933 4139 3119 4209 ἄλλοι,
3151 4136 3240 4190 καὶ
3270 4131 3439 4193 τάλας
3467 4129 3744 4206 Ὠριγένης
3780 4147 3793 4160 ·

2552 4234 2678 4290 Τότ’
2708 4232 2773 4301 ἦν
2808 4230 3055 4290 Ναυάτος
3082 4227 3159 4300 (9)
3184 4226 3218 4293 ἡ
3256 4222 3639 4297 μισάνθρωπος
3670 4217 3852 4293 φύσις,

2418 4327 2522 4382 195
2560 4320 2891 4392 Ἐκκλησίας
2920 4315 2967 4373 δ’
2999 4316 3074 4371 ὣν
3105 4313 3400 4386 Ῥωμαίων
3430 4305 3737 4380 θυηπόλος,

2555 4415 2796 4488 Ἔφασκε
2830 4410 2905 4483 μὴ
2940 4406 3049 4463 δεῖν
3086 4403 3340 4481 βασάνοις
3368 4400 3657 4488 τεθυκότας

2554 4486 2959 4559 Μετανοοῦντας
2990 4491 3390 4570 προσδέχεσθαι
3419 4486 3661 4556 καθάπαξ
3690 4502 3703 4515 ·

2552 4593 2619 4649 Ὃ
2652 4590 2920 4665 ΙΙατράσιν
2953 4584 3102 4656 ἔδοξε
3129 4582 3361 4642 πίστεως
3390 4578 3547 4642 νόθον

2560 4681 2657 4735 Καὶ
2692 4681 2767 4753 μή
2803 4673 3122 4751 μεταγνοὺς,
3156 4671 3543 4744 ἐκκεκήρυκται
3572 4664 3761 4729 τάλας.

2642 4800 2912 4851 ΓΔΛΛΟΣ
2943 4794 3058 4848 ΚΑΙ
3089 4787 3505 4846 ΑΙΜΙΛΙΔΝΟΣ
3536 4785 3648 4840 ΕΤ.
3680 4782 3760 4839 Α’.

2412 4908 2521 4961 200
2557 4903 2681 4961 Βίον
2714 4902 2903 4958 Δεκίου
2932 4898 3020 4955 καὶ
3050 4895 3248 4971 κράτος
3282 4890 3631 4957 λελοιπότος,

2553 4994 2801 5067 Κατῆρξε
2831 4986 3046 5050 Γάλλος
3076 4988 3110 5054 ἡ
3144 4979 3383 5059 βέϐηλος
3413 4978 3630 5055 καρδία,

2555 5081 2728 5158 Βαρὺς
2757 5079 3033 5145 κολαστὴς
3064 5076 3395 5148 Χριστιανῶν
3417 5067 3702 5143 τυγχάνων
3737 5085 3751 5100 ·

2551 5157 2882 5244 Αἲμιλιανός
2908 5189 2965 5223 τε
2993 5164 3251 5238 τέτταρας
3289 5168 3463 5234 μῆνας
3502 5157 3665 5244 μόλις
3701 5176 3713 5187 ’

2549 5243 2736 5316 Ἡνίκα
2769 5252 3074 5317 Σαϐέλλιος
3105 5255 3171 5322 ἦν
3205 5251 3391 5312 σκαιὸς
3423 5243 3614 5317 Λίϐυς,

2405 5354 2513 5409 205
2551 5352 2611 5408 Ὀ
2644 5348 2905 5425 σύγχυσιν
2940 5343 3081 5419 δρῶν
3116 5336 3322 5402 ἀσεϐῶς
3352 5338 3401 5393 ἐν
3435 5333 3626 5411 Τριάδι

2546 5422 3049 5508 Θείωννπροσώπων
3081 5431 3171 5486 καὶ
3202 5427 3538 5502 συναλείφων
3574 5422 3779 5502 φύσεις,

2438 5576 3522 5656 (8)1tacod.Nisoimnvis§v-.._...
3663 5644 3679 5656 .
3898 5642 3935 5656 ..

2435 5644 2509 5729 (9)
2543 5660 2628 5713 lta
2656 5657 2832 5712 etiam
2888 5655 3163 5709 Zonoras.
3197 5648 3308 5705 Sed
3341 5644 3761 5717 intelligendus
3816 5644 4021 5715 potius

2364 5729 2741 5787 Novatianus.
