4208 6430
224 384 282 439 ει
1741 376 2099 433 casaass.
3547 388 3618 442 22

379 505 866 564 ΒΔΔΔΕΡΙΑΝΟΣ
901 505 1019 561 ΚΑΙ
1050 502 1404 560 ΓΑΛΗΙΝΟΣ
1448 505 1556 557 ΕΤ.
1589 500 1693 556 lE'.
1887 504 1942 570 Α
2129 500 2586 569 VALERIANUS
2623 505 2714 561 ET
2755 507 3146 564 GALLIENUS
3184 509 3300 566 AN.
3341 511 3458 566 XV.

394 605 730 679 ΔῖμιΑιανοῦ
761 603 818 660 δὶ
848 603 1145 681 σφαγὲντος
1172 600 1405 671 ἀθλίως,
1972 600 2056 657 Po:

1972 600 2104 657 Post
2131 599 2512 657 [Emilianum
2547 603 2758 660 misere
2791 604 3161 662 interfectum

393 693 756 768 Βαλλεριανὸ,
787 687 1206 767 παραλαμϐάνει
1232 692 1453 766 κράτος,
1967 705 2055 744 sur

1306 692 1453 759 άτος,
1967 690 2226 761 suscepit
2255 689 2568 761 imperium
2603 693 2968 761 Valerianus,

387 781 565 858 Βαρὺς
597 779 840 852 διώκτης
873 776 1106 836 εύσεϐὦν
1139 776 1544 851 Χριστωνύμων
1575 794 1591 811 ο
1968 792 2049 848 gr!

1968 778 2161 848 gravis
2193 780 2420 850 piorum
2453 787 2785 852 persecutor
2804 782 3275 840 Christianorum
3312 803 3323 839 :

250 874 351 930 210
387 873 575 934 Ὅστις
605 871 844 945 ἀγεννως
874 863 1185 943 Βαρϐάροις
1217 866 1444 941 Πέρσαις
1480 866 1634 940 μάχῃ

1594 887 1634 940 ¹ῃ
1968 868 2065 938 qui
2099 867 2364 924 barbaris
2396 887 2430 924 a
2461 869 2653 925 Persis
2685 870 2743 924 in
2778 869 2977 941 prmlio
3003 873 3256 945 turpiter

386 958 586 1029 Αλοὺς,
615 963 743 1031 παρ’
775 958 960 1019 αὐτοῖς
993 957 1084 1011 τὸν
1118 953 1234 1030 βίον
1271 955 1645 1028 καταστρέφει.
1967 971 2048 1026 ca]

1357 955 1645 1028 εαστρὲφει.
1967 961 2198 1026 captus,
2229 960 2383 1029 apud
2407 959 2568 1031 ipsos
2597 959 2777 1015 vitam
2809 960 3019 1016 ﬁnivit.

385 1047 498 1105 Καὶ
530 1052 660 1109 παῖς
688 1045 939 1120 παρῆλθε
971 1043 1246 1114 Γαληῖνος
1279 1043 1356 1105 είς
1385 1043 1630 1123 κοάτος..
1966 1044 2047 1100 Ob

1966 1044 2232 1101 Obtinuit
2261 1051 2457 1103 autem
2491 1048 2803 1118 imperium
2833 1050 3137 1108 Gallienus
3165 1051 3343 1117 filius,

385 1139 561 1209 Δεξιὸς
603 1138 762 1210 ἀνὴρ,
797 1135 1120 1212 φιΑότιμος,
1151 1133 1385 1209 χαρίεις,
1964 1136 2047 1189 vir

1339 1153 1385 1201 ς,
1964 1136 2052 1189 vir
2080 1135 2298 1202 dexter,
2332 1135 2592 1192 liberalis
2621 1142 2678 1192 et
2707 1139 2995 1206 amabilis,

386 1224 640 1288 Πολλοὺς
673 1224 907 1288 ἀνατλὰς
935 1221 1223 1285 κινδύνους
1254 1221 1305 1276 ἰν
1335 1225 1454 1283 ταῖς
1489 1219 1714 1296 μάχαις.
1965 1240 2039 1295 qu

1519 1219 1714 1296 ιάχαις.
1965 1224 2066 1295 qui
2098 1223 2355 1296 pericula
2385 1225 2442 1280 in
2477 1225 2671 1297 prelis
2703 1227 2890 1282 multa
2920 1228 3181 1299 pertulit.

661 1343 1007 1400 Kumoz
1051 1342 1156 1397 ET.
1189 1343 1246 1397 A’
1275 1339 1408 1412 (ιο).

1405 1380 1408 1393 .
2487 1341 2845 1400 CLAUDIUS
2875 1344 2994 1400 ΔΝ.
3029 1344 3067 1400 Ι.

243 1449 347 1506 215
384 1450 520 1512 Μεθ’
547 1449 607 1504 ’ὃν
641 1447 919 1510 Κλαύδιος
952 1446 1222 1524 ἀρῥεποῦς
1253 1443 1407 1514 δίκης
1435 1442 1630 1522 φύλαξ.

1961 1449 2106 1506 Exin
2137 1449 2417 1506 Claudius
2442 1451 2550 1506 fuit
2572 1452 2819 1522 justitiaa
2853 1453 3059 1508 firmus
3091 1458 3313 1520 custos,

378 1535 605 1614 Κράτωρ
647 1537 846 1613 ἀγαθὸς
876 1535 964 1591 καὶ
1001 1535 1261 1610 μαχητὴς
1293 1529 1569 1609 γεννάδας,
1961 1539 2040 1610 pri

1477 1537 1569 1601 ἱας,
1961 1539 2234 1611 princeps
2263 1541 2450 1595 bonus
2482 1545 2539 1595 et
2567 1540 2814 1596 bellator
2841 1546 3139 1612 strenuus,

377 1627 606 1688 Πάππος
732 1627 991 1701 μεγίστου
1117 1624 1386 1698 κράτορος
1512 1620 1855 1676 Κωνσταντί-
1960 1644 2039 1683 ωε

1502 1713 1614 1765 Γνου
1648 1712 1779 1765 (11).

1512 1620 1855 1676 Κωνσταντί-
1960 1628 2194 1683 maximi
2228 1629 2511 1701 principis
2541 1630 2907 1686 Constantini
2942 1647 3104 1687 avus.

1502 1713 1614 1765 Γνου
1648 1712 1779 1765 (11).

1502 1713 1614 1765 Γνου
1648 1713 1779 1766 (11).

1501 1713 1614 1784 [νου
1648 1712 1779 1783 (11).

684 1813 1126 1871 ΔΥΡΗΛΙΛΝΟΣ
1159 1812 1269 1868 ΕΤ.
1302 1814 1362 1878 ζ’.
1881 1864 1925 1878 _

1501 1713 1614 1784 [νου
1648 1712 1779 1783 (11).

1881 1864 1925 1878 ,,
2401 1816 2858 1872 AURELIANUS
2896 1817 3013 1872 AN.
3059 1817 3149 1874 VI.

379 1901 590 1959 Τούτου
617 1864 1122 1972 «Legg-1;};
1148 1864 1475 1973 ὧατανρχίᾳ,
1881 1864 1928 1929 Β
1958 1905 2035 1961 Po

1881 1864 1928 1929 Β
1958 1905 2273 1976 Postquam
2307 1864 2808 1977 ωοῖἔίρἶιῖηῌῖἱέεῖ
2822 1864 3013 1961 ἶρίίῶ
3039 1864 3273 1973 Cilissa,

379 1989 570 2067 Αύρηλ
585 1989 726 2054 ιανός
759 1989 1029 2063 δυσμενὴς
1063 1987 1479 2058 Χριοτωνύμοις
1956 1997 2041 2049 Au

1956 1994 2306 2050 Aurelianus
2335 1993 2805 2050 Christianorum
2836 1995 2967 2050 odio
2999 1994 3263 2050 imbutus

234 2080 338 2134 220
375 2079 448 2134 Τὰ
477 2087 728 2154 σκῆπτρα
746 2077 1057 2156 παρείληφε
1083 2083 1183 2146 τῆς
1213 2074 1511 2148 αὐταρχίας
1544 2092 1558 2106 ·

1957 2082 2176 2138 summi
2207 2083 2437 2154 imperii
2468 2091 2764 2153 sceptrum
2797 2088 3025 2154 gestare
3058 2085 3253 2156 ccepit.

373 2171 576 2224 Τούτου
606 2173 928 2245 κρατοῦντος
957 2165 1174 2224 Παῦλον
1207 2162 1522 2237 Σαμοσατὲσ
1952 2171 2032 2226 Eo

1466 2162 1522 2217 έσ
1952 2171 2032 2226 Eo
2062 2176 2344 2243 regnante
2373 2171 2620 2226 Paulum
2653 2172 3122 2228 Samosatensem

372 2263 566 2321 Κακῶς
597 2262 900 2337 φρονοῦντα
926 2254 1174 2328 Βατὲρων
1204 2255 1346 2314 θεῖος
1371 2252 1558 2328 στίφος
1953 2277 2034 2330 pm

1953 2277 2130 2330 prava
2159 2261 2510 2316 sentientem
2541 2261 2774 2315 Patrum
2807 2262 3040 2316 divinus
3071 2262 3286 2317 chorus

368 2349 668 2418 Ἐπάρατον
699 2347 883 2416 τίθησι
913 2343 1004 2399 καὶ
1039 2341 1361 2419 βδελυκτέον
1396 2359 1410 2374 °
1949 2350 2030 2404 ed;

1949 2349 2131 2404 edixit
2160 2365 2288 2405 esse
2323 2347 2699 2406 maledictum
2732 2354 2788 2405 et
2817 2350 3236 2406 exsecrabilem
3269 2369 3281 2406 :

365 2437 477 2505 Τῆς
509 2433 557 2490 δ’
587 2437 884 2510 Ἀντιόχου
914 2430 1175 2506 καθέδρας
1207 2429 1595 2505 δεδραγμένον,
1948 2454 2026 2508 qu

1948 2439 2049 2508 qui
2081 2455 2214 2494 cum
2244 2439 2667 2494 Antiochenam
2695 2440 3008 2495 invasisset
3036 2441 3372 2496 cathedram

224 2525 327 2580 225
367 2526 470 2580 Καὶ
500 2523 666 2596 τήνδε
699 2525 792 2600 βίᾳ
822 2524 1071 2598 κατέχειν
1102 2522 1408 2597 ᾑρημένον,

1364 2541 1408 2589 ν,
1949 2529 2333 2598 eamdemque
2356 2527 2640 2583 niteretur
2670 2528 2722 2582 vi
2756 2529 3026 2597 retinere,

361 2613 609 2677 Πεισθεὶς
635 2614 663 2668 ὁ
692 2616 905 2688 κρατῶν
939 2605 1172 2666 εὐσεϐῶν
1207 2607 1430 2682 ἐντυχίᾳ
1947 2617 2023 2688 pit

1947 2617 2173 2688 piorum
2205 2616 2494 2688 legatione
2524 2621 2826 2689 permotus
2853 2617 3173 2688 imperator

362 2710 602 2781 Γραφαῖς
631 2704 847 2778 ἀτίμως
879 2701 1150 2774 ὖξεΛαύνει
1179 2705 1276 2756 τοῦ
1306 2699 1522 2774 θρόνου.
1947 2705 2024 2760 mi

1947 2705 2146 2761 missis
2174 2705 2386 2760 litteris
2418 2707 2556 2762 sede
2584 2706 2834 2778 turpiter
2863 2722 2998 2762 eum
3031 2707 3219 2778 ejecit.

757 2821 1027 2877 ΠΡΟΒΟΣ
1056 2820 1167 2876 ET.
1203 2818 1265 2887 ζ’.

2477 2820 2758 2878 PROBUS
2798 2822 2915 2878 AN.
2961 2825 3048 2878 VI.

359 2910 575 2987 Βραχὺν
607 2911 808 2986 χρόνον
834 2911 1077 2981 Τάκητος
1111 2908 1247 2982 ἀνὴρ
1279 2903 1608 2983 πρεσϐύτης.
1944 2912 2018 2966 Br

1549 2929 1608 2978 ις.
1944 2911 2108 2967 Brevi
2139 2909 2403 2983 regnavit
2431 2911 2693 2976 Tacitus,
2725 2912 2813 2966 vir
2843 2912 3211 2982 grandaevus.

360 3000 488 3055 Εἶτα
520 2995 733 3074 Πρόϐος
763 3001 875 3073 (12)
906 3020 990 3061 τις
1023 2997 1181 3075 φίλος
1215 2998 1386 3072 ἓρμοῦ
1415 2996 1504 3051 καὶ
1539 2997 1726 3070 μάχης
1943 3005 2020 3056 De

1665 3016 1726 3066 ης
1943 3001 2080 3056 Dein
2115 2999 2340 3067 Florus,
2375 3005 2433 3056 et
2463 3016 2598 3055 mox
2627 3001 2848 3056 Probus
2881 3001 3038 3055 domi
3072 3000 3327 3073 bellique

216 3089 321 3145 230
359 3084 703 3161 Παραλαϐὼν
732 3085 880 3152 ἴθυνε
906 3089 1007 3157 τὴν
1032 3085 1394 3160 κραταρχίαν,

1942 3091 2153 3157 bonus,
2188 3105 2308 3144 rem
2342 3089 2516 3161 coepit
2547 3089 2846 3161 publicam
2877 3089 3227 3160 gubernare.

357 3184 558 3254 Πρᾶος,
591 3172 1010 3252 μεγαλόψυχος,
1037 3176 1273 3250 εὐμενὴς
1302 3173 1519 3249 κράτωρ
1555 3192 1569 3206 ·
1863 3230 1902 3254 η
1943 3179 2019 3234 Mi

1884 3231 1902 3254 η
1943 3179 2100 3234 Mitis
2131 3178 2226 3234 hic
2257 3183 2382 3235 erat
2415 3180 2708 3250 princeps,
2741 3179 3181 3251 magnanimus,
3213 3178 3546 3244 benevolus,

354 3230 1426 3342 651.};2...?ex‘opisv'ééééasa'ovsc
1461 3230 1685 3338 mm.
1861 3230 1904 3297 α
1943 3230 2016 3339 ἐξ

1510 3263 1685 3338 άχαις,
1861 3230 1904 3297 C
1943 3230 2221 3339 ὧᾇῖἇᾶιέ
2249 3230 3172 3338 εἰὲιῖέυῐέίὲᾙῖεὶέιιἷῖἆῖιῖεᾶιῖξᾷ

355 3359 599 3432 Στρατοῦ
630 3352 688 3411 δὲ
722 3357 948 3430 βρωτῶν
978 3352 1385 3415 κινδυνεύοντος
1412 3352 1621 3423 σπάνει,
1942 3374 2012 3429 pe

1942 3357 2309 3429 periclitante
2340 3359 2595 3413 exercitu
2624 3363 3062 3412 commeatuum
3094 3358 3363 3429 penuria,

351 3445 469 3502 Ἐπ’
494 3444 656 3500 αὐτὸν
690 3442 1017 3499 ἐκλείποντα
1047 3443 1200 3517 λιμῷ
1230 3444 1418 3498 σιτίων
1932 3448 2013 3519 jal

1932 3448 2179 3519 jamque
2209 3445 2619 3502 deﬁcientibus
2650 3447 2724 3501 ob
2757 3447 2970 3502 famem
3002 3446 3249 3511 viribus,

207 3533 312 3589 235
348 3528 599 3608 Ὃμϐρον
628 3533 763 3606 σίτῳ
795 3531 1105 3606 σύμμικτον
1135 3528 1413 3607 ὀμϐρῆσαι
1447 3531 1617 3608 λόγος

1939 3538 2129 3593 imber
2157 3537 2505 3593 commistus
2535 3535 2727 3591 tritico
2761 3536 3049 3592 decidisse
3081 3535 3298 3592 dicitur

349 3624 448 3677 Τὸν
483 3621 679 3697 ὑψόθεν
713 3620 987 3698 βλύσαντα
1016 3626 1096 3694 τῷ
1128 3619 1249 3694 λαῷ
1285 3620 1471 3696 μάννα,
1938 3644 2011 3683 ca

1938 3625 2173 3683 cmleste
2204 3642 2422 3681 manna
2452 3625 2820 3681 multitudini
2852 3626 3185 3690 effundens,

349 3717 519 3791 ᾯπερ
548 3717 839 3789 τραφεῖσαν
865 3710 1118 3787 στρατιὰν
1151 3710 1450 3787 ὲνισνχύσαι.
1935 3734 2008 3788 qu

1935 3733 2047 3788 quo
2080 3719 2286 3788 pastus
2315 3715 2466 3770 vires
2498 3714 2779 3786 pristinas
2800 3715 3018 3786 recepit
3050 3714 3237 3770 miles.

184 3830 398 3884 ΚΑΡΟΣ
505 3829 626 3884 ΚΑΙ
715 3827 1213 3955 ΝΟΥΜΕΙΞΞἸξΙὲβΟΣ
1318 3831 1439 3882 ΚΑΙ
1527 3830 1825 3883 ΚΛΡΙΝΟΣ

1988 3831 2244 3899 CARUS,
2283 3829 2773 3899 NUMERIANUS,
2817 3831 2904 3886 ET
2943 3830 3248 3888 GABINUS
3286 3831 3406 3887 AN.
3451 3833 3520 3888 II.

350 3990 480 4044 Μεθ’
511 3989 572 4044 ’ὀν
606 3987 787 4063 Κάρος
815 4009 897 4050 τις
922 3984 1176 4062 γεννάδας
1209 3986 1301 4041 σὺν
1331 3986 1498 4043 υἱέσιν
2003 3997 2012 4044 1

2003 3993 2185 4048 Carus
2217 3991 2448 4057 deinde,
2479 3992 2567 4046 vir
2597 3994 2896 4059 strenuus,
2931 4008 3062 4047 cum
3098 3992 3224 4048 suis
3263 3991 3467 4048 liberis

349 4080 507 4149 ’Ἃναξ
539 4076 763 4153 ἐδείχθη
795 4073 1132 4152 παραλαϐὼν
1160 4078 1224 4131 τὸ
1244 4078 1441 4148 κράτος
1479 4096 1489 4107 ·
1931 4097 2011 4152 reg

1479 4096 1489 4107 '
1931 4081 2156 4152 regium
2189 4096 2397 4136 nomen
2429 4097 2564 4135 cum
2599 4081 2860 4153 potentia
2889 4081 3131 4153 excepit.

206 4169 313 4225 240
348 4169 717 4242 Νουμεριανὸς
749 4165 996 4242 ἇκδαρεῖς
1026 4165 1192 4220 ἀσκοῦ
1225 4163 1404 4236 δίκην,

1931 4169 2290 4227 Numeriano
2322 4170 2556 4241 quidem
2592 4171 2747 4241 apud
2781 4170 2981 4226 hostes
3012 4171 3263 4242 captivo.

348 4257 589 4335 Δηφθεὶς
621 4258 748 4331 παρ’
780 4256 992 4331 ἐχθρῶν
1026 4253 1391 4330 αῗχμάλιυτος
1424 4256 1499 4318 ὡς
1533 4253 1700 4330 λόγος
1735 4276 1747 4289 ·
1930 4259 2010 4315 Cu

1424 4256 1499 4318 ὡς
1533 4253 1700 4330 λόγος
1735 4276 1747 4289 ·
1930 4259 2093 4315 Cutis
2123 4261 2384 4316 detracta
2413 4259 2649 4325 dicitur,
2682 4260 2833 4316 utris
2864 4260 3069 4316 instar.

348 4347 446 4404 Καὶ
480 4350 714 4423 Καρῖνος
745 4344 1054 4420 α’ίσχιστος,
1086 4345 1302 4414 ἀπηνὴς
1335 4344 1475 4414 Λίαν,
1927 4352 2010 4402 Ca:

1927 4347 2175 4404 Carinus
2202 4348 2585 4419 turpissimus
2616 4353 2673 4405 et
2703 4347 2960 4406 crudelis
2990 4350 3328 4406 admodum.

344 4437 748 4513 Χριστωνύμων
773 4432 1022 4510 ὄλεθρος,
1052 4431 1183 4510 ἔσχε
1209 4435 1274 4490 τὸ
1303 4434 1501 4507 κράτος
1534 4457 1548 4468 ·
1927 4437 2006 4494 Ch

1927 4437 2517 4510 Christianorumque
2547 4439 2751 4511 pestis,
2783 4439 3096 4512 imperium
3130 4440 3339 4496 tenuit.

348 4528 462 4605 Ἐφ’
483 4525 548 4581 οὗ
575 4523 854 4587 λελοιπὼς
881 4521 1114 4598 Περσίδα
1143 4524 1335 4595 Μάνης
1359 4522 1527 4586 τάλας
1855 4598 1891 4605 _
1928 4527 2007 4582 Su

1855 4598 1891 4605 _
1928 4527 2050 4582 Sub
2080 4543 2147 4583 eo
2183 4527 2380 4584 Manes
2411 4527 2793 4585 calamitosus
2826 4529 3033 4586 relicta
3062 4529 3298 4587 Perside

205 4617 312 4673 245
345 4598 656 4690 Ῥωμαΐδος
683 4611 913 4687 κλίμασι
937 4613 1370 4689 παρεισεφθάρη,
1853 4598 1867 4663 1

1853 4598 1901 4663 Ῑ)
1933 4618 2006 4673 ad
2040 4616 2333 4674 Romanas
2362 4621 2552 4674 terras
2581 4618 2844 4690 adrepsit
2866 4635 3157 4676 venenum
3185 4635 3461 4676 evomens

348 4706 554 4767 Κακίας
585 4703 666 4759 ἲὸν
694 4701 898 4777 ἒξεμῶν
930 4697 1311 4779 ψυχοφθὸρον,
1929 4706 2009 4761 im

1929 4706 2329 4778 improbitatis
2359 4724 2501 4773 suas,
2534 4708 2848 4765 animabus
2877 4708 3386 4775 exitiosissimum,

344 4795 465 4873 Ἀφ’
491 4794 553 4849 οὗ
588 4791 882 4871 βδελυκτὸν
909 4787 1153 4865 τοῦνομα
1183 4791 1530 4866 Μανιχαίων.
1930 4795 2006 4851 EX

1930 4795 2010 4851 Ex
2038 4795 2146 4851 hoc
2177 4795 2632 4852 Manichaaorum
2664 4796 2832 4852 ﬂuxit
2863 4797 3080 4853 infame
3111 4813 3347 4853 nomen.

605 4910 1122 4968 AIOKAHTIANOE
1156 4910 1262 4966 ET.
1295 4909 1372 4980 ις’,

2333 4911 2860 4968 DIOCLETIANUS
2896 4911 3015 4968 AN.
3057 4911 3169 4968 XX.

345 5002 500 5060 Μετά
530 4997 589 5055 δὶ
610 5000 816 5055 τούτων
849 4997 884 5068 ἡ
921 4996 1148 5074 μεγίστη
1184 4997 1373 5070 μανίαν
1928 5001 2007 5056 Ηὶι

1928 5001 2030 5056 His
2061 5000 2389 5069 exstinctis,
2421 5000 2615 5056 furere
2643 5001 2702 5055 in
2734 5001 3031 5058 Christum
3062 5002 3238 5074 cmpit

340 5092 459 5159 Τὴν
489 5087 625 5144 κατὰ
651 5087 896 5161 Χριστοῦ
928 5084 1060 5150 δυὰς
1085 5088 1120 5156 ἡ
1149 5085 1438 5161 τρισαθλία
1928 5105 1998 5162 ge

1928 5091 2164 5162 gemina
2195 5089 2533 5146 mortalium
2561 5089 2810 5163 Erynnis
2841 5095 3017 5162 atque
3045 5091 3323 5163 maxima,

201 5183 302 5239 250
338 5183 561 5255 Βρονῶν
596 5175 807 5253 ἐριννῦς
837 5176 1158 5251 αἱμοχαρής
1187 5172 1385 5248 καρδία

1928 5179 2255 5234 tristimum
2285 5179 2620 5236 animorum
2654 5183 2712 5235 et
2735 5179 3217 5237 cruentissimum

372 5341 522 5428 Itale
553 5341 849 5426 in.codice
883 5339 976 5411 ια’,
1007 5340 1296 5428 αλιάεςιηιί
1351 5410 1362 5428 ε
1488 5426 1509 5428 Α
1586 5413 1621 5428 ἢ
1765 5413 1807 5428 Η
1927 5344 2122 5428 tamen
2139 5340 2818 5428 ponsequenteslaudeg
2851 5342 3022 5428 Probo
3054 5349 3408 5428 copgruupt,
3430 5348 3579 5428 teste

232 5410 344 5487 (11)
392 5413 720 5487 Eumenius
768 5410 980 5487 pancg.
1026 5410 1365 5487 Cantantini
1414 5426 1542 5487 cap.
1586 5413 1621 5464 2
1679 5428 1691 5466 :
1743 5413 1819 5467 Ab
1927 5411 2101 5487 etiam
2137 5410 2379 5487 Zonara‘.
2415 5413 2482 5468 Et
2511 5412 2748 5487 quidem
2773 5415 2980 5470 Probus
3010 5410 3288 5472 scribitur
3316 5410 3572 5474 in'codi-

173 5483 259 5545 illo
286 5483 438 5545 enim
469 5489 598 5542 dwo
645 5483 881 5541 Claudio
927 5483 1116 5540 ἱηιιηιιι
1146 5486 1208 5540 in
1243 5489 1299 5540 te
1345 5483 1504 5540 avita
1532 5487 1818 5555 cognatio,
1929 5484 2012 5539 cis
2045 5483 2447 5551 lemmatibus,
2499 5501 2614 5540 non
2662 5485 2855 5541 Florus
2906 5491 3007 5541 aut
3061 5489 3382 5545 Flor-ianus.
3437 5490 3574 5546 Exi-

174 5562 259 5635 μέ
285 5558 525 5635 κονιαπρ
553 5559 779 5635 imperii
805 5556 1042 5613 solutam
1070 5559 1125 5613 at
1154 5557 1433 5625 perditam
1462 5556 1818 5629 dssciplinam
1928 5556 2103 5635 stimo
2123 5557 2533 5635 igitur‘unum
2565 5572 2795 5635 versum
2826 5559 3131 5635 excidisse,
3157 5561 3217 5615 in
3249 5576 3366 5633 quo
3397 5565 3574 5620 aFlo-

175 5628 756 5708 priuatgs‘reprmpyit.
886 5700 896 5708 _
1026 5700 1042 5708 _
1093 5699 1148 5708 __
1359 5700 1419 5708 _.
1499 5700 1510 5708 _
1607 5628 1610 5629 ⁷
1797 5701 1812 5708 _
1927 5629 2088 5685 νίαηο
2117 5628 2293 5684 ﬁebat
2321 5629 2571 5685 tansitus
2600 5629 2671 5684 ad
2703 5630 2966 5685 Probum.

238 5704 352 5778 (12)
380 5698 523 5762 Cod.
557 5698 819 5775 Φλῶρος,
850 5700 980 5758 sine
1010 5699 1190 5757 dubio
1220 5716 1326 5773 pro
1352 5700 1659 5776 qurianus
1681 5722 1695 5771 ;
1714 5701 1816 5758 sed
