4208 6430
556 386 628 442 23
1769 392 2139 448 ΕΡΗΒΕΜΙΙ
2176 391 2218 444 C

1769 392 2139 448 EPHREMII
2176 385 2754 444 CHBONOGRAPHI

560 528 686 584 par,
724 511 1120 569 Diocletianus
1156 513 1378 571 scilicet
1405 520 1461 571 et
1488 516 1902 583 Maximianus,

1709 517 1902 583 ianus,
2243 515 2297 580 Α
2503 507 2838 580 Μαξιμιανὸς
2868 510 3261 581 Διοκλητιανός
3287 533 3366 581 τε,

559 603 794 656 utentes
825 600 986 672 regia
1017 605 1302 673 potestate
1333 604 1668 661 crudeliter.

2502 599 2684 671 Ὠμῶς
2716 599 2984 673 κατῆρξαν
3015 604 3112 655 τοῦ
3149 600 3431 676 βασιλείου
3457 603 3686 678 κράτους
3722 621 3734 636 '

561 688 631 742 Et
662 688 820 758 prior
850 689 1088 759 quidem
1123 691 1392 746 obscuris
1423 693 1483 747 in
1515 693 1807 749 Dalmatia
1830 693 2063 764 genitus

2036 709 2063 747 ε
2499 688 2597 747 ’Ὸς
2627 687 2873 759 πατέρων
2909 688 3007 763 φὺς
3043 686 3310 762 δυσγενῶν
3344 691 3689 764 Δαλματὸθεν

565 777 931 847 parentibus,
964 778 1160 833 servili
1187 779 1369 850 stirpe
1402 785 1458 835 et
1489 781 1887 852 conspuenda,

2502 776 2754 848 Ἀσημος
2785 776 2822 844 ἢ
2852 774 3144 852 τρίδουλος
3173 774 3567 856 έϐδελυγμένος

568 882 779 922 arcano
811 867 914 922 Dei
947 868 1186 924 decreto
1218 869 1530 941 imperium
1566 872 1862 940 obtinuit;

2358 867 2465 921 255
2504 869 2636 919 Θεοῦ
2668 863 2947 939 κριμάτων
2979 869 3239 942 τυγχάνει
3269 871 3607 944 κραταρχίας
3645 891 3655 902 ·

571 957 740 1024 cujus
773 956 983 1010 deinde
1016 958 1356 1029 participem
1383 960 1722 1016 Herculium
1755 961 1890 1016 fecit

2502 955 2606 1015 Ἦς
2641 958 3015 1030 συμμεριστήν
3048 958 3375 1032 Ἐρκούλιον
3413 954 3679 1032 λαμϐάνει

572 1043 992 1099 Maximianum
1025 1045 1491 1103 Christianorum
1527 1050 1704 1105 exitio
1737 1052 1960 1104 natum.

1765 1052 1960 1104 intum.
2511 1042 2848 1116 Μαξιμιανὸν
2875 1039 3106 1099 εὐσεϐῶν
3141 1047 3427 1120 ἀναιρέτην

572 1133 722 1202 Ergo
754 1131 813 1185 hi
845 1132 960 1187 duo
994 1134 1062 1186 ad
1089 1135 1404 1204 perniciem
1433 1139 1832 1209 conspirantes

2510 1131 2630 1184 Ἐπὶ
2662 1136 2813 1201 κακῷ
2843 1136 2971 1206 γοῦν
3000 1132 3143 1187 τώδε
3173 1138 3614 1206 συμπεπνευκότε

575 1220 1072 1292 Christianorum,
1098 1223 1186 1277 vel
1220 1224 1417 1294 potius
1445 1226 1693 1297 propriae
1726 1226 1955 1293 animae,

2509 1220 2744 1290 Χριστοῦ
2779 1217 3003 1294 μερίδος
3035 1221 3069 1289 ἢ
3104 1220 3271 1277 πλέον
3307 1227 3453 1299 σφῶν
3481 1222 3726 1299 καρδίας,

576 1308 1049 1379 persecutionem
1082 1319 1528 1368 commoverunt
1560 1315 1945 1385 asperrimam
1978 1331 1991 1380 ;

1808 1330 1945 1370 nam
1978 1331 1991 1380 ;
2367 1310 2471 1364 260
2511 1308 2764 1382 Διωγμὸν
2799 1308 3072 1382 ἀφόρητον
3107 1309 3470 1384 έξηγειρέτην,

577 1396 1002 1467 turmatimque
1034 1415 1137 1469 per
1167 1399 1413 1471 populos
1445 1403 2066 1473 ingentemnumerum

1861 1418 2066 1458 nerum
2513 1396 2616 1451 Καὶ
2647 1398 2783 1449 κατὰ
2815 1394 3033 1468 δήμους
3064 1396 3170 1453 εἷ’τε
3199 1398 3523 1473 χιλιοστύας

582 1489 906 1556 martyrum
941 1487 1259 1544 effecerunt
1283 1490 1633 1546 certantium
1664 1491 1892 1547 fortiter
1922 1509 1933 1546 :

1922 1509 1933 1546 ε
2515 1482 2805 1558 Μάρτυρας
2840 1485 3118 1561 ἀπέφηναν
3146 1487 3568 1562 ἠγωνισμένους,

578 1575 943 1629 voluntarias
976 1592 1187 1648 nempe
1215 1578 1486 1634 victimas
1518 1585 1575 1636 et
1606 1582 1979 1652 purissimas,

1832 1596 1979 1648 mas,
2517 1572 2811 1644 Αὐθαίρετα
2843 1574 3054 1646 θύματα
3087 1578 3491 1650 καθηγνισμένα

584 1662 811 1718 animas
843 1679 1270 1738 usquequaque
1294 1673 1565 1739 acceptas
1595 1669 1864 1725 Domino.

2515 1663 2803 1735 ⁴¹Εμψυχα,
2838 1661 3148 1735 παντέλεια,
3181 1661 3341 1720 δεκτὰ
3372 1665 3573 1741 Κυρίῳ.

584 1753 761 1807 Porro
792 1757 1038 1823 uterque
1068 1761 1342 1825 regnator
1369 1773 1652 1828 generum
1684 1757 1797 1813 sibi
1830 1757 1971 1829 legit
2144 1796 2151 1802 -

2144 1796 2151 1802 .
2375 1752 2482 1807 265
2521 1745 2806 1823 Γαμϐροὺς
2840 1748 2969 1812 δυὰς
2999 1749 3224 1828 εἷ’ληφεν
3259 1753 3670 1831 αὐτοκρατόρων

585 1841 676 1896 οιιὶ
710 1841 1008 1912 propriam
1041 1843 1347 1900 collocavit
1377 1846 1649 1902 dilectam
1684 1845 1865 1902 ﬁliam
1903 1863 1915 1902 :

2264 1889 2310 1921 η
2517 1839 2613 1902 Et:
2644 1840 2737 1902 τὰς
2772 1841 2974 1895 ἑαυτῶν
2997 1840 3260 1918 φιλτάτας
3286 1844 3580 1921 θυγατέρας
3612 1866 3624 1880 ·

588 1889 676 1896 __-
711 1889 1008 1912 παπ-ω--
1044 1889 1347 1900 ---...-.....
1378 1889 1649 1902 .....,.,......
1684 1889 1865 1902 .........
1903 1890 1915 1902 .

588 1929 981 1986 Maximianus
1012 1931 1267 1988 nobilem
1301 1934 1710 1991 Constantium
1742 1935 2020 1991 Chlorum

2264 1889 2312 1954 Β
2519 1889 2968 2003 ῧῖμένἸέλῶρνύν
2999 1889 3325 1987 ἰξώνσταντὲ
3638 1941 3716 2008 τῷ
3744 1938 3887 2012 γένει

588 2018 687 2088 qui
720 2018 958 2073 maximi
990 2023 1355 2078 Constantini
1388 2040 1600 2095 parens
1631 2025 1742 2080 fuit
1774 2046 1786 2094 ;

2519 2015 2630 2073 Τοῦ
2656 2019 3033 2093 παμμεγίστου
3063 2021 3268 2096 πατέρα
3307 2025 3731 2085 Κωνσταντίνου,

588 2106 988 2164 Diocletianus
1019 2114 1215 2166 autem
1249 2112 1660 2182 Maximinum,

2522 2108 2580 2160 Ὀ
2612 2105 3008 2175 Διοκλητιανὸς
3040 2106 3085 2163 δ’
3117 2110 3180 2164 αὗ
3212 2111 3519 2184 Μαειμῖνον

591 2196 685 2252 cui
717 2195 946 2252 Galerio
979 2215 1212 2270 quoque
1245 2217 1454 2256 nomen
1485 2207 1629 2258 erat.

2383 2198 2489 2251 270
2527 2197 2624 2256 Ὃς
2653 2197 2743 2249 καὶ
2776 2194 3036 2271 Γαλέριος
3066 2199 3131 2266 ἦν
3166 2197 3604 2273 ἐπικεκλημένος
3638 2222 3649 2234 ·

591 2288 780 2356 Atque
811 2285 902 2340 his
932 2288 1192 2344 Caesarea
1222 2289 1483 2361 dignitas
1509 2296 1596 2346 est
1628 2292 1872 2348 tributa.

2529 2285 2629 2339 Καὶ
2660 2283 2854 2340 τούσδε
2883 2291 3018 2359 τιμᾷ
3045 2286 3116 2362 τῇ
3147 2288 3423 2364 Καίσαρος
3456 2291 3576 2362 ἀξίᾳ
3598 2312 3609 2324 '

589 2375 721 2430 Jam
754 2391 889 2431 cum
922 2375 1316 2434 Christianam
1349 2380 1724 2452 exstinguere
1753 2381 2097 2456 religionem

2024 2399 2097 2438 ιω
2531 2373 2682 2429 Ἐπεὶ
2716 2372 2774 2428 δὲ
2801 2374 3190 2448 Χριστώνυμον
3221 2377 3320 2432 οὐκ
3345 2379 3470 2448 ένῆν
3504 2376 3686 2436 σϐέσαι

591 2465 826 2536 tyranni
858 2465 974 2521 duo
1007 2483 1122 2522 non
1153 2473 1414 2540 possent,
1445 2479 1724 2526 conantes
1757 2471 1914 2540 licet,

2531 2461 2728 2519 Ηολλὰ
2756 2468 2995 2536 καμοΰσι
3025 2463 3208 2522 τοῖσδε
3236 2466 3520 2543 τυράννοις
3555 2465 3732 2539 σέϐας,

595 2555 1014 2610 abdicaverunt
1048 2556 1200 2613 ultro
1233 2558 1581 2631 dignitatem
1613 2578 1806 2629 suam,

2533 2552 2782 2616 Ἐκόντες
2814 2554 3073 2617 ἀπέθεντο
3104 2557 3206 2625 τὴν
3237 2558 3637 2634 σκηπτουχίαν,

596 2644 1045 2715 Caesaribusque
1067 2645 1392 2718 imperium
1428 2650 1825 2720 permiserunt
1849 2670 1863 2720 ;

2391 2644 2499 2697 2/5
2538 2642 2795 2718 Καίσαρσι
2821 2641 3000 2708 δόντες
3030 2642 3230 2700 διέπειν
3261 2646 3328 2701 τὰ
3351 2652 3447 2702 τοῦ
3479 2651 3710 2724 κράτους
3747 2669 3759 2683 ·

596 2732 679 2787 ita
711 2738 773 2787 ut
803 2733 1068 2790 Galerius
1101 2736 1339 2808 quidem
1371 2737 1427 2792 in
1461 2742 1580 2795 toto
1608 2740 1864 2812 Oriente,

2536 2731 2747 2806 Ἀρχὴν
2783 2729 3028 2806 Γαλιρίῳ
3058 2733 3153 2806 μὶν
3180 2735 3395 2807 ἁπάσης
3425 2740 3563 2808 Ἕω,

599 2821 984 2878 Constantius
1018 2824 1076 2879 in
1110 2826 1373 2882 occiduis
1405 2833 1677 2901 regnaret
1709 2830 1996 2902 partibus.

2534 2823 2619 2889 Τῷ
2651 2820 2957 2874 Κώνσταντι
2992 2823 3102 2896 (13)
3136 2820 3194 2878 δὲ
3227 2823 3532 2899 βασιλεύειν
3560 2827 3821 2903 Ἑσπέρας
3859 2845 3872 2860 ’

602 2910 739 2965 Erat
768 2910 946 2967 etiam
980 2914 1188 2970 tertius
1221 2915 1413 2971 Romae
1441 2920 1726 2988 tyrannus

2536 2913 2636 2964 Ἠν
2664 2907 2753 2962 καὶ
2786 2908 2968 2984 τρίτος
2998 2910 3262 2986 τύραννος
3295 2912 3346 2968 ἐν
3377 2915 3565 2990 Ῥώμῃ
3598 2914 3767 2972 πάλιν

601 2998 857 3053 Herculii
889 3000 1048 3056 ﬁlius
1076 3005 1404 3060 Maxentius
1437 3006 1716 3064 furiosus.

2537 2995 2864 3072 Ἑρκουλίου
2896 3005 3025 3062 παῖς
3056 3001 3354 3071 Μαξέντιος
3389 3004 3658 3076 μαινόλης
3691 3025 3705 3038 ο
3731 3030 3737 3056 a

601 3091 1021 3145 Verumtamen
1053 3094 1432 3150 Constantius
1462 3096 1695 3151 cunctis
1727 3096 1997 3168 placidus

2397 3089 2503 3142 280
2545 3085 2717 3143 Ἀλλὰ
2749 3089 3008 3152 Κώνστας
3049 3091 3143 3163 μὲν
3178 3091 3410 3164 εὐμενὴς
3443 3093 3512 3162 ἧν
3541 3098 3658 3157 τοῖς
3687 3093 3870 3164 ὅλοις,

605 3176 968 3233 Christianos
993 3179 1278 3251 diligebat
1307 3183 1688 3256 singulariter
1719 3202 1732 3240 :

2290 3242 2328 3256 Α
2543 3177 2971 3249 Χριστωνύμους
3003 3173 3222 3255 ἔστεργε
3253 3185 3361 3234 τῶν
3395 3179 3582 3237 ἄλλων
3614 3181 3784 3239 πλέον
3816 3203 3828 3218 '

604 3271 662 3320 at
689 3266 1048 3324 Maximinus
1081 3242 1472 3340 pvermolestiis
1504 3274 1782 3343 subditis,

2285 3242 2328 3309 Ο
2545 3242 2851 3337 Μαξιμῖνος
2881 3263 2938 3321 δὶ
2969 3242 3242 3344 δυσχέρῆς
3276 3269 3564 3341 ὑπηκόοις,

606 3356 986 3424 mulierosus,
1023 3359 1311 3431 mcnchus,
1343 3363 1530 3432 pestis
1561 3364 1821 3436 publica,

2549 3357 2988 3427 Γυναικομανής,
3028 3359 3310 3431 μοιχικὸς,
3342 3361 3500 3428 κοινὴ
3535 3358 3711 3432 λύμη,

607 3444 961 3502 Christianis
993 3452 1191 3504 autem
1224 3448 1690 3520 infensissimus,

2550 3443 2974 3517 Χριστωνύμοις
3006 3442 3064 3498 δὲ
3095 3443 3519 3522 δυσχερέστατος
3553 3447 3701 3520 λίαν,

610 3534 897 3604 ipsorum,
930 3536 1041 3591 heu
1071 3534 1083 3590 l
1119 3538 1454 3595 decreverat
1483 3543 1700 3598 caedem
1732 3544 2023 3599 omnium.

2011 3586 2023 3599 ,
2405 3533 2512 3588 285
2550 3529 2929 3607 Πάνωλεθρίαν
2963 3532 3134 3588 τῶνδε
3166 3539 3262 3612 φεῦ
3293 3537 3622 3611 κατακρίνας
3650 3557 3661 3569 ·

613 3623 715 3677 Hic
747 3624 807 3677 in
838 3624 1068 3696 imperii
1101 3632 1324 3697 partem
1358 3630 1660 3686 advocavit

2553 3620 2819 3674 Κοινωνὸν
2853 3622 3009 3683 οὗτος
3041 3627 3137 3676 τοῦ
3162 3625 3393 3698 κράτους
3421 3621 3839 3700 προσλαμϐάνει

615 3713 941 3768 Constantii
973 3713 1191 3770 fcedum
1223 3731 1505 3786 generum
1539 3718 1828 3775 Licinium

2553 3709 2792 3764 Λικίνιον
2825 3712 3175 3775 Κώνπαντος
3206 3715 3319 3787 (14)
3349 3713 3580 3790 αἰσχρὸν
3612 3716 3847 3794 νυμφίον

619 3800 842 3856 malum
877 3807 1209 3859 monstrum
1242 3810 1300 3860 et
1334 3806 1564 3877 piorum
1596 3808 1861 3863 exitium.

2555 3799 2726 3853 Κακόν
2753 3820 2806 3854 τι
2835 3801 3149 3876 τερμέρειον
3181 3805 3293 3876 (15)
3320 3799 3554 3858 εὐσεϐῶν
3587 3806 3788 3880 φθόρον
3819 3825 3832 3838 ·

619 3891 735 3947 Hos
765 3891 1094 3947 Maxentius
1128 3895 1479 3966 adaequabat
1509 3897 1634 3951 suis
1667 3898 1951 3969 moribus,

2555 3892 2655 3945 Καὶ
2687 3890 2982 3962 Μαεέντιος
3012 3891 3078 3959 ἦν
3109 3889 3223 3954 ἴσος
3251 3892 3467 3955 τούτοις
3496 3894 3756 3969 τρόπους,

613 3979 1086 4036 Christianorum
1117 3981 1327 4048 hostis,
1359 3988 1416 4039 et
1445 4001 1633 4041 saevus
1666 3986 1980 4043 homicida.

2410 3980 2516 4034 290
2553 3980 2654 4034 Καὶ
2692 3981 3073 4054 χριστομάχος
3103 3981 3194 4036 καὶ
3225 3982 3514 4058 μιαιφόνος
3546 3983 3715 4041 πλέον
3750 4004 3762 4017 ·

617 4069 758 4123 Hem
793 4071 1210 4126 exsecrandam
1245 4072 1512 4143 triadcm,
1545 4074 1778 4145 pietatis
1809 4075 2031 4133 labeml

1888 4078 2031 4133 )eml
2557 4068 2724 4142 Τριὰς
2754 4069 2964 4144 ἐναγὴς,
2999 4065 3230 4125 εὐσεϐῶν
3261 4072 3550 4146 ἀναιρέτις,

616 4174 791 4229 quam
828 4168 1098 4216 assecuta
1127 4165 1216 4216 est
1239 4161 1579 4233 justissima
1613 4163 1756 4221 ultio
1785 4166 1910 4222 Dei.

2555 4160 2760 4234 ’Ήνπερ
2791 4158 3059 4231 μετῆλθεν
3090 4158 3311 4225 ἐνδίκως
3342 4164 3460 4226 θεία
3490 4160 3638 4234 δίκη.

951 4278 1508 4336 CONSTANTINUS
1551 4285 1590 4334 Δ
1603 4281 1668 4338 Ν.
1712 4281 1929 4338 XXXII.

2787 4277 3334 4334 ΚΩΝΣΤΑΝΤΙΝΟΣ
3362 4279 3471 4339 ΕΤ.
3497 4280 3621 4336 ΛΒ’.

613 4377 764 4447 Ergo
798 4377 1181 4433 Constantius
1215 4383 1463 4434 mortem
1501 4396 1635 4435 cum
1667 4382 1787 4436 vita
1818 4386 2056 4438 mutans

2559 4373 2614 4425 Ὀ
2644 4373 2824 4427 τοίνυν
2861 4374 3112 4436 Κώνστας
3142 4372 3222 4446 τῷ
3249 4373 3391 4449 γόνῳ
3422 4376 3805 4450 Κωνσταντίνῳ

613 4457 927 4537 imperium
963 4466 1081 4522 filio
1114 4467 1500 4524 Constantino
1534 4470 1795 4538 tradidit,

2557 4461 2678 4516 Βίον
2711 4459 2980 4516 τελευτῶν
3011 4460 3328 4518 καταλείπει
3357 4462 3419 4518 τὰ
3451 4463 3670 4538 κράτος,

614 4571 788 4627 quem
826 4572 890 4612 ex
926 4557 1116 4627 priore
1146 4565 1483 4628 susceperat
1513 4559 1744 4614 Helenae
1775 4561 2087 4635 conjugio;

2299 4613 2346 4635 ἢ
2411 4552 2518 4606 295
2553 4553 2648 4607 Ὃν
2684 4551 2735 4622 ἐξ
2765 4551 2992 4621 Ἑλένης
3021 4548 3150 4627 ἔσχε
3176 4558 3283 4608 τῶν
3317 4554 3546 4630 πρόσθεν
3576 4557 3772 4631 γάμων
3804 4574 3813 4586 ·

628 4613 648 4627 .
926 4613 942 4627 .
1323 4613 1337 4628 .
1782 4613 2087 4635 --ηυτο--ν

616 4646 713 4716 qui
743 4646 1038 4717 quomodo
1072 4646 1408 4719 reipublicae
1443 4648 1743 4720 navigium
1775 4651 2010 4720 rexerit,

1946 4613 2043 4720 ἰῖ-
2074 4613 2087 4629 ν
2299 4613 2348 4675 D
2557 4638 2633 4696 Οἵ)
2665 4613 2826 4715 χάριν
2856 4613 3024 4696 εἰπεῖν
3059 4613 3124 4695 οὐ
3151 4613 3431 4719 περίεργον
3464 4613 3608 4720 τάχα

616 4735 963 4806 primusque
996 4737 1068 4791 ad
1102 4735 1402 4792 Christum
1434 4739 1754 4794 Dominum
1806 4757 1905 4796 rex
1934 4743 2268 4813 accesserit,

2003 4743 2268 4813 cesserit,
2558 4728 2794 4785 Κλύουσι
2826 4731 3159 4807 προσγένοιτ’
3190 4730 3250 4786 ἂν
3285 4728 3664 4804 εὐεπηὸόΑως,

613 4827 804 4881 dicere
838 4843 952 4880 non
987 4825 1116 4891 erit,
1151 4830 1216 4880 ut
1246 4841 1396 4895 reor,
1432 4843 1952 4899 supervacaneum,

2556 4824 2748 4883 ’Ὸπως
2778 4841 2837 4875 τε
2868 4819 3102 4876 διίθυνεν
3135 4821 3316 4897 ἀρχῆς
3346 4824 3408 4877 τὸ
3442 4822 3666 4900 σκάφος,

615 4919 790 4986 atque
823 4915 1114 4970 audituris
1147 4915 1467 4971 absurdum
1501 4935 1616 4972 non
1648 4918 1966 4975 videbitur.

2555 4911 2654 4964 Καὶ
2687 4908 3057 4985 προσδραμεῖν
3096 4912 3300 4987 ὑπῆρξε
3329 4914 3547 4987 Χριστῷ
3570 4913 3812 4988 Δεσπότῃ
3847 4934 3858 4946 '

617 5005 802 5076 Igitur
833 5005 926 5059 hic
950 5005 1380 5076 rempublicam
1415 5023 1447 5060 a
1479 5012 1647 5078 patre
1678 5008 1954 5064 traditam

2414 5004 2519 5057 300
2557 5003 2761 5075 Ἀρχὴν
2799 5002 2892 5073 μὲν
2922 5002 3078 5062 οὗτος
3108 5003 3372 5075 πατρόθεν
3407 5000 3726 5077 δεδεγμένος

619 5094 891 5165 praeclare
921 5094 1293 5165 gubernabat
1324 5095 1507 5150 armis
1540 5100 1595 5151 ct
1626 5097 1894 5164 consilio,

2558 5097 2739 5145 Διεῖπε
2769 5090 2956 5152 καλῶς
2989 5089 3192 5145 συνέσει
3226 5090 3600 5167 στρατηγίαις,

616 5185 878 5238 nondum
913 5183 1200 5250 initiatus,
1236 5185 1337 5240 sed
1373 5189 1568 5238 tamen
1603 5191 1758 5241 recte
1791 5188 2074 5258 sentiens,

2044 5207 2074 5258 ι,
2556 5181 2673 5236 Ἔτι
2710 5181 2803 5252 μὲν
2835 5180 3101 5252 ἀμύητος,
3133 5180 3188 5236 εὖ
3220 5185 3427 5259 φρενῶν
3462 5179 3508 5236 δ’
3538 5177 3706 5257 ἔχων,

615 5275 767 5344 quod
802 5290 869 5328 ex
899 5274 1151 5346 ipsemet
1181 5275 1325 5329 satis
1357 5275 1645 5345 conjicere
1677 5276 1908 5344 licebat,

2553 5271 2644 5332 Ὠς
2668 5270 2726 5340 ἐξ
2750 5271 2916 5324 αὐτοῦ
2945 5267 3010 5339 δὴ
3044 5270 3468 5347 συλλογίσασθαι
3502 5268 3644 5340 δέον,

615 5369 788 5435 atque
824 5368 886 5417 ut
916 5379 1112 5418 rerum
1146 5364 1336 5418 exitus
1368 5365 1578 5419 deinde
1609 5365 1827 5420 docuit.

2553 5364 2639 5423 Ὦς
2669 5358 2886 5434 ὕστερον
2922 5357 3134 5434 δέδειχε
3164 5359 3494 5435 πραγμάτων
3527 5362 3697 5436 πέρας
3728 5377 3742 5395 ⁶

610 5455 742 5508 Jam
776 5470 907 5509 cum
942 5455 1325 5524 imperatores
1355 5458 1475 5509 tres
1507 5459 1648 5510 tunc
1679 5460 1898 5523 essent,

2413 5452 2519 5506 305
2554 5452 2735 5522 Τριῶν
2771 5447 2816 5504 δ⁹
2850 5449 3095 5504 ὑπόντων
3130 5450 3549 5528 αὐτοκρατόρων
3576 5450 3720 5524 τότε,

684 5582 798 5650 (13)
847 5581 928 5634 Ita
978 5581 1104 5635 cod.
1167 5583 1237 5634 At
1289 5580 1512 5635 Latinis
1561 5563 1650 5636 est
1715 5582 2094 5649 Constantius,
2148 5600 2264 5638 non
2376 5581 2524 5640 erat,
2556 5593 2736 5648 gener
2768 5577 3097 5634 Constantii.

613 5653 894 5707 Constans.

2448 5652 2559 5722 (15)
2593 5653 2679 5706 Ita
2710 5651 2838 5706 cod.

679 5726 793 5796 (14)
826 5725 910 5780 Ita
940 5725 1068 5779 cod.
1106 5722 1281 5794 Atqui
1317 5723 1576 5781 Licinius
1622 5727 1961 5784 Constantia:
2008 5743 2266 5798 sponsus

3903 393 3985 448 24
