4190 6438
628 406 700 460 27
1835 407 2208 465 BPHRBMII
2245 407 2817 465 CHBONOGRAPHI

629 529 1144 603 immortalemque
1173 549 1239 587 ac
1271 532 1480 589 miram
1510 534 1691 590 vitam
1721 534 1987 605 adipisci.

632 619 951 691 Postquam
980 637 1113 677 eum
1146 637 1393 677 somnus
1421 622 1756 695 dereliquit,
1791 622 1992 679 statim

632 714 903 764 sanctum
933 710 1277 766 Silvestrum
1312 712 1633 767 admodum
1666 717 1996 769 reverenter

633 798 876 853 advocat
904 823 917 865 ;
952 802 1125 869 atque
1155 799 1254 853 ubi
1286 800 1615 855 venientem
1648 800 1958 872 conspicit,

632 901 755 941 rem
787 885 871 941 illi
902 892 1177 943 cunctam
1210 888 1415 960 pandit
1442 888 1859 945 lubentissime
1891 906 1904 944 :

633 974 914 1030 Silvester
946 991 1140 1047 regem
1172 978 1281 1032 visi
1313 978 1599 1032 rationem
1628 979 1853 1033 edocet.

612 1067 748 1123 Cur
776 1064 954 1120 verba
984 1064 1190 1137 longas
1223 1066 1434 1122 ducam
1463 1082 1568 1138 per
1598 1066 1879 1137 ambages
1910 1065 1937 1120 ‘I

633 1151 976 1223 religiosum
1011 1154 1259 1226 principi
1293 1154 1637 1219 mysterium
1670 1155 1941 1226 explicat,

633 1241 1048 1313 initiatumque
1077 1246 1134 1297 et
1164 1244 1496 1299 credentem
1531 1243 1825 1315 baptismo
1857 1242 2054 1315 tingit,

635 1334 691 1385 et
723 1335 924 1385 sancto
956 1332 1152 1386 educit
1178 1332 1407 1388 lavacro
1436 1331 1815 1389 incolumem.

635 1418 719 1473 Ad
749 1418 968 1473 Christi
996 1424 1189 1489 partes
1220 1420 1469 1476 accessit
1497 1420 1675 1475 etiam
1707 1420 1922 1476 Helena

638 1506 906 1563 Silvestri
936 1508 1126 1565 verbis
1158 1510 1362 1566 edocta
1393 1510 1647 1580 pastoris
1677 1508 1940 1566 maximi.

637 1598 771 1666 Ipsa
795 1596 1070 1669 deinceps
1095 1598 1328 1654 Bionem
1356 1599 1456 1654 Dei
1489 1600 1695 1654 urbem

637 1683 856 1752 invisit,
888 1701 1117 1742 sacrum
1149 1686 1376 1758 lignum
1408 1688 1708 1759 vestigans
1737 1687 1949 1757 crucis,

635 1772 833 1843 ibique
865 1779 929 1830 ut
959 1775 1182 1846 templa
1210 1777 1485 1832 conderet
1513 1775 1911 1833 sanctissima.

638 1860 861 1933 Religio
893 1867 1091 1919 nostra
1123 1866 1303 1920 crevit
1331 1881 1400 1920 ex
1430 1865 1538 1920 hoc
1569 1870 1833 1937 tempore

637 1950 963 2021 ampliﬁce;
998 1958 1174 2024 atque
1204 1955 1275 2009 ad
1309 1955 1468 2010 orbis
1501 1954 1766 2025 pervenit
1792 1954 1939 2009 ﬁnes

638 2040 1038 2110 apostolorum
1072 2042 1329 2099 salubris
1360 2043 1696 2115 praedicatio
1731 2060 1743 2097 :

636 2128 885 2201 risitque
913 2148 1011 2186 ver
1045 2132 1425 2204 tranquillum
1458 2132 1834 2189 orthodoxias.
2057 2192 2063 2198 ,

637 2218 801 2273 Tunc
833 2219 1053 2291 templa
1083 2222 1304 2292 passim
1338 2226 1577 2294 patuere
1606 2220 1994 2289 Christicolis,

634 2313 809 2380 atque
844 2311 1037 2367 omnis
1068 2328 1170 2368 ara
1200 2311 1333 2369 falsi
1364 2312 1557 2369 cultus
1583 2312 1840 2369 concidit

633 2396 851 2453 Christi
874 2402 1087 2457 virtute
1119 2402 1351 2457 Domini
1384 2410 1442 2458 et
1471 2402 1737 2457 omnium
1770 2401 1968 2473 Regis,

632 2485 897 2557 Itemque
928 2488 1296 2545 Constantini
1328 2490 1506 2563 legati
1538 2492 1691 2561 ejus.

633 2573 737 2630 Hic
769 2577 885 2632 late
915 2577 1264 2657 imperitans
1295 2581 1574 2652 gentibus
1604 2578 1957 2644 innumeris,

633 2664 880 2733 prolatis
909 2666 1083 2723 etiam
1119 2668 1328 2740 priscis
1360 2669 1590 2741 imperii
1624 2668 1844 2723 ﬁnibus

633 2752 824 2809 crucis
856 2758 1032 2827 atque
1052 2756 1351 2830 Evangelii
1379 2757 1639 2829 potentia
1669 2758 1936 2829 adjutus,

632 2842 1045 2915 homonymam
1078 2861 1311 2917 quoque
1338 2845 1601 2902 condidit
1632 2846 1743 2902 sibi
1772 2845 2000 2916 urbem,

630 2932 880 2989 ocellum
911 2934 1094 2991 totius
1117 2935 1324 2991 mundi
1355 2934 1928 3009 splendidissimum.

631 3020 854 3094 Regum
891 3024 985 3081 hic
1015 3024 1249 3096 piorum
1280 3031 1444 3096 pater
1472 3029 1563 3080 est
1593 3024 1945 3096 appellatus,

631 3116 690 3167 et
719 3111 1193 3169 christicolarum
1225 3114 1519 3193 Caesarum
1552 3118 1913 3170 antecessor.

629 3200 790 3256 Idem
819 3202 1230 3274 episcoporum
1263 3204 1514 3275 primam
1548 3203 1758 3259 indixit
1783 3202 2097 3274 synodum,

632 3290 983 3362 quibuscum
1018 3294 1289 3364 spurium
1325 3293 1445 3348 Arii
1476 3294 1691 3365 dogma
1720 3289 1992 3364 perculit.

666 3416 1164 3475 CONSTANTIUS
1205 3418 1438 3474 MAGNI
1477 3417 1956 3475 CONSTANTINI
2000 3416 2234 3473 FILIUS

1268 3490 1385 3545 AN.
1428 3490 1627 3545 XXIV.

629 3596 947 3663 Postquam
980 3594 1029 3650 is
1059 3598 1337 3651 terrestre
1367 3596 1625 3651 deseruit
1655 3594 1992 3666 imperium,

629 3699 852 3755 proque
883 3682 992 3740 hoc
1024 3700 1343 3757 supernam
1373 3684 1619 3756 gloriam
1651 3686 1903 3757 adeptus
1934 3686 2045 3750 est,

630 3771 1031 3844 ccelorumque
1064 3776 1227 3847 regni
1258 3775 1403 3829 adiit
1432 3774 1867 3842 hereditatem;

632 3861 755 3917 nati
788 3877 857 3917 ex
884 3878 951 3919 eo
984 3862 1151 3918 liberi
1184 3868 1412 3919 tantam
1438 3861 1673 3935 imperii
1705 3860 1921 3918 molem

628 3954 944 4021 Constans,
974 3952 1380 4020 Constantius,
1414 3958 1589 4024 atque
1617 3950 2063 4022 Constantinus,

626 4040 782 4095 inter
810 4057 872 4097 se
902 4042 1102 4113 partiti
1130 4047 1271 4097 sunt
1300 4042 1598 4097 haeredum
1632 4041 1772 4095 ritu.

625 4130 695 4185 Et
722 4133 1016 4187 Constans
1047 4132 1284 4203 quidem
1320 4147 1456 4186 cum
1487 4129 1871 4186 Constantino
1904 4128 2079 4185 fratre

626 4224 816 4275 terras
847 4222 1123 4275 occiduas
1154 4221 1265 4275 sibi
1290 4222 1575 4291 regendas
1607 4224 1873 4286 sumunt,

628 4308 871 4364 Romam
903 4309 1117 4380 ipsam,
1152 4308 1427 4377 Africam,
1462 4308 1832 4380 Italiamque,

628 4402 685 4451 et
714 4397 1004 4468 quidquid
1039 4399 1244 4453 mundi
1277 4414 1465 4468 usque
1496 4398 1567 4453 ad
1600 4413 1886 4452 oceanum
1918 4400 2097 4467 patet.

628 4484 836 4541 Oriens
867 4486 1211 4541 Constantio
1245 4487 1491 4559 contigit
1523 4486 1854 4554 universus,

628 4578 1023 4647 praetereaque
1053 4574 1319 4645 Thracia,
1353 4577 1619 4647 ﬁnesque
1649 4574 2027 4643 Macedonici,

628 4680 763 4719 cum
796 4667 941 4722 urbe
971 4683 1004 4721 a
1030 4670 1192 4737 patre
1222 4665 1460 4721 condita
1488 4673 1543 4721 et
1573 4664 1923 4737 regn'rsede.

626 4754 729 4811 Hic
759 4754 874 4811 sibi
904 4756 1191 4811 creditum
1223 4755 1445 4827 optime
1472 4753 1789 4827 imperium
1820 4768 2030 4825 gerens

626 4843 845 4900 multos
876 4862 1097 4916 agonas
1127 4845 1369 4917 pertulit
1398 4862 1465 4900 ac
1495 4842 1863 4909 discrimina,

623 4939 904 5007 perpetuo
938 4933 1203 4990 militans
1234 4934 1553 5006 hostesque
1584 4933 1764 4991 armis
1795 4945 2158 5005 persequens

623 5026 841 5082 Deinde
872 5026 1081 5083 occisis
1112 5027 1170 5081 in
1202 5026 1513 5083 Occidente
1545 5026 1850 5093 fratribus,

620 5117 1007 5173 Constantino
1040 5115 1451 5189 quirfratrem
1485 5117 1669 5172 armis
1700 5114 2100 5183 lacessiverat,

622 5206 936 5262 Constante
976 5206 1127 5262 dolis
1160 5206 1481 5279 Magnentii
1514 5205 1761 5274 irretito,

619 5296 778 5351 orbis
811 5295 1066 5351 universi
1098 5297 1483 5353 Constantius
1514 5302 1813 5368 sceptrum
1844 5294 2056 5351 tenuit.

620 5386 769 5442 Nam
798 5386 1202 5459 Magnentium
1234 5386 1467 5457 quidem
1497 5384 1633 5442 belli
1656 5386 1792 5458 jure
1823 5384 2069 5442 sustulit
2096 5401 2111 5453 ;

622 5482 682 5532 at
710 5476 1126 5531 Vetranionem
1160 5477 1260 5547 qui
1292 5483 1501 5549 prater
1534 5477 1619 5531 tas
1648 5493 1710 5532 se
1740 5480 2022 5548 gesserat,

624 5564 958 5639 perculsum
992 5570 1149 5624 metu
1181 5566 1490 5624 subditum
1524 5565 1634 5624 sibi
1666 5566 1820 5623 fecit.

691 5746 806 5820 (16)
836 5751 923 5807 Ita
952 5750 1083 5806 cod.

2307 3262 2351 3331 C

2306 4645 2352 4710 D

2302 534 2358 600 Α
2421 532 2529 588 365
2565 536 2720 598 Ζωῆς
2748 532 3026 606 ἀκηράτου
3055 552 3114 587 τε
3142 534 3331 606 τυχεῖν
3360 531 3448 585 καὶ
3483 532 3657 600 ξάνης.

2566 620 2716 678 Ἐπεὶ
2748 618 2795 676 δ’
2823 621 3019 690 ἀνῆκεν
3050 619 3217 683 ὕπνος
3246 621 3431 691 αὐτὸν,
3462 618 3657 674 αὐτίκα

2563 710 2671 766 Τὸν
2703 709 2846 785 ἱερὸν
2882 709 3218 785 Σίλοεστρον
3250 704 3501 769 εὐλαϐῶς
3526 708 3659 781 ἄγαν

2564 796 2990 863 Μετακαλεῖται,
3020 798 3109 852 καὶ
3140 794 3515 873 προσελθόντα
3548 794 3759 870 βλὲπει,
3834 840 3839 843 .

2567 887 2667 939 Καὶ
2698 887 2872 940 πάντα
2898 884 3143 958 διᾶξεισιν
3176 884 3324 956 αὺτῷ
3347 882 3700 960 προφρόνως·

2423 978 2530 1034 370
2566 978 2623 1031 ὀ
2650 974 2699 1031 δ’
2729 976 2794 1031 αὖ
2825 976 3013 1052 ἐπάγει
3040 981 3150 1031 τῶν
3183 975 3479 1041 θεαθέντων
3512 973 3691 1029 λύσιν·

2565 1068 2673 1122 Καὶ
2700 1066 2753 1121 τί
2788 1087 2855 1139 με
2886 1063 2968 1121 δεῖ
2996 1068 3270 1143 γράφοντα
3305 1067 3483 1140 μακρὰ
3512 1062 3847 1137 ωμπλικειν
3878 1082 3893 1133 ;

2564 1154 2863 1210 Ἐκτίθεταί
2894 1156 2951 1209 οἱ
2981 1156 3073 1210 τὸν
3100 1154 3264 1230 λόγον
3296 1154 3620 1227 μυστηρίου.

2564 1246 2708 1301 Muci
2734 1264 2792 1299 τε
2826 1243 3072 1319 βαπτίζει
3102 1264 3160 1299 τε
3190 1242 3549 1298 πιστεύσαντα
3575 1261 3658 1315 γε,

2568 1334 2814 1407 Λουτροῦ
2834 1334 2883 1388 τ’
2909 1334 3064 1401 ἀσινῆ
3095 1336 3193 1387 τοῦ
3222 1335 3497 1405 παναγοῦς
3531 1330 3733 1405 ἀνάγειο

2422 1424 2531 1479 375
2569 1428 2860 1496 Προσῆλθε
2881 1426 3104 1497 Χριστῷ
3132 1421 3220 1476 καὶ
3257 1418 3475 1497 βασιλὶς
3501 1418 3695 1488 Ἑλίνη

2565 1510 2954 1574 Διδασκαλίαις
2982 1511 3367 1585 ποιμενάρχου
3395 1504 3752 1583 Σιλϐἑστρουο

2563 1601 2695 1665 Μεθ’
2726 1598 2789 1655 οὐ
2822 1602 2965 1656 Σιὼν
2997 1595 3195 1674 εϐλεψε
3222 1600 3322 1667 τήν
3354 1601 3488 1655 θεοῦ
3519 1596 3687 1653 πόλιν

2564 1689 2661 1753 Εἰς
2692 1691 2993 1768 φανὲρωσιν
3022 1692 3315 1764 σταυρικοῢ
3347 1688 3495 1752 θείου
3526 1685 3715 1759 ξύλου,

2563 1782 2726 1835 Ναῶν
2757 1780 2807 1834 τ’
2835 1776 3175 1851 άναδόμησιν
3208 1777 3598 1852 εὐαγεστάτων.

2306 1897 2355 1963 Β
2420 1871 2525 1927 380
2564 1868 2851 1925 Κάντεῦθεν
2885 1869 3035 1963 ἀνθεῖ
3060 1868 3127 1963 τὰ
3154 1868 3275 1931 καθ’
3304 1868 3454 1939 ἡμᾶς
3485 1864 3561 1927 είς
3594 1864 3750 1963 μιγαο

2562 1957 2884 2013 Ἐκτείνεται
2918 1956 2976 2011 δὶ
3004 1956 3093 2011 καὶ
3128 1957 3293 2032 μέχρι
3318 1962 3419 2029 γῆς
3446 1952 3730 2030 τερμάτων

2563 2049 2847 2120 Σωτήριον
2880 2048 3138 2121 κήρυγμα
3166 2049 3274 2100 τῶν
3308 2042 3655 2100 ἀποστόλωνο

2562 2133 2701 2205 Γελᾷ
2731 2132 2777 2189 δ’
2807 2130 2901 2209 ἔαρ
2930 2135 3141 2209 ἥσυχον
3171 2130 3509 2208 ὀρθοδοξίας·

2563 2224 2902 2300 ’Λνοίγνυται
2933 2230 3037 2285 πᾶς
3066 2223 3156 2278 καὶ
3186 2222 3323 2286 νεὼς
3352 2220 3789 2297 Χριστωνύμοις,

2419 2315 2527 2371 385
2563 2313 2764 2386 Βωμὸς
2795 2315 2841 2367 τ’
2863 2312 3221 2388 ἀνετέτραπτο
3247 2315 3352 2373 πᾶς
3386 2310 3478 2365 σὺν
3510 2313 3579 2383 τῇ
3610 2307 3792 2383 πλάνῃ

2560 2405 2797 2476 Χριστοῦ
2831 2399 3057 2473 δυνάμει
3088 2401 3460 2462 παντάνακτος
3489 2396 3762 2453 Δεσπότου

2555 2491 2981 2566 Ὑποστρατήγῳ
3016 2487 3231 2565 βασιλεῖ
3268 2486 3681 2559 Κωνσταντίνῳ,

2562 2582 2656 2641 ’ος
2689 2580 2849 2654 ἄρξας
2880 2577 3045 2634 ἐθνῶν
3078 2577 3328 2633 άπλίτων
3355 2574 3643 2651 ἐθναρχίας

2565 2666 2944 2743 Σχοινίσματά
2971 2688 3031 2723 τε
3059 2666 3336 2730 πλατύνας
3364 2662 3709 2741 κληρουχίας
3766 2734 3767 2737 η

2420 2758 2528 2814 390
2569 2760 2820 2832 Σταυροῦ
2850 2777 2910 2811 τε
2938 2755 3122 2831 κράτει
3151 2752 3565 2827 παντοδυνάμου
3598 2752 3787 2829 λόγου,

2562 2844 2735 2901 Πάλιν
2768 2843 2985 2915 πολίζει
3014 2847 3116 2914 τήν
3146 2845 3444 2918 ὁμώνυμον
3477 2840 3664 2911 πόλιν,

2568 2933 2894 3010 Ὀφθαλμὸν
2922 2931 3223 3009 αἰγλήεντα
3248 2939 3349 3003 τῆς
3376 2934 3523 2987 οἱκον
3536 2932 3721 3004 μένης’

2569 3025 2756 3099 Πατὴρ
2788 3024 3034 3078 ἀνάκτων
3062 3018 3297 3078 εὐσεϐῶν
3326 3019 3670 3094 κεκλημένος

2562 3112 2663 3167 Καὶ
2689 3110 3106 3188 χριστολατρῶν
3138 3112 3419 3187 κρατόρων
3452 3107 3786 3184 ἀρχηγέτης·

2419 3203 2527 3258 395
2565 3203 2800 3272 Ηρώτης
2831 3202 3054 3277 ὁριστής
3085 3202 3477 3276 ποιμενάρχων
3510 3195 3765 3265 συνόδου,

2568 3293 2699 3355 Μεθ’
2729 3296 2803 3346 ῶν
2836 3289 3085 3346 καθεῖλεν
3116 3289 3332 3364 Ἀρείου
3366 3287 3547 3364 δόγμα
3574 3287 3758 3353 νόθον.
3792 3290 3803 3298 ⁷

2386 3417 2892 3474 ΚΩΝΣΤΑΝΤΙΟΣ
2954 3416 2997 3472 Ο
3066 3415 3222 3471 ΥΙΟΣ
3281 3413 3416 3471 ΤΟΥ
3484 3414 3816 3470 ΜΕΓΔΛΟΥ
3871 3415 4046 3469 ΚΩΝ-

2856 3487 3265 3544 ΣΤΑΝΤΙΝΟΥ
3311 3488 3415 3543 ΕΤ.
3460 3486 3578 3540 KA'.

2562 3595 2768 3650 Τούτου
2801 3592 3060 3657 λιπόντος
3085 3595 3187 3662 τήν
3219 3593 3367 3647 κάτω
3403 3589 3706 3667 μοναρχίαν

2564 3684 2827 3761 Οὐράνιον
2854 3681 3009 3756 δόξαν
3035 3680 3092 3738 δὲ
3116 3680 3576 3756 κληρωσαμένου,

2564 3774 2661 3828 Καὶ
2696 3770 2975 3841 βασιλείας
3008 3770 3249 3846 οὐρανῶν
3278 3767 3651 3845 κληρουχίαν,

2420 3864 2526 3921 400
2564 3864 2632 3922 Οἱ
2660 3860 2851 3926 παῖδες
2882 3862 3051 3916 αὐτοῦ
3072 3860 3171 3928 τὴν
3206 3858 3345 3929 ὅλην
3375 3856 3715 3933 κραταρχίαν

2562 3954 2826 4009 Κώνστασ
2852 3972 2933 4017 τε,
2960 3947 3330 4010 Κωνστάντιος
3358 3946 3448 4001 καὶ
3480 3948 3912 4015 Κωνσταντῖνος,

2561 4040 2759 4102 Δύτοῖς
2792 4036 2997 4094 διεῖλόν
3028 4057 3205 4115 σφισιν
3239 4036 3314 4098 εἷς
3343 4033 3715 4110 κληρουχίαν

2561 4131 2819 4190 Κώνστας
2856 4128 2951 4201 μὶν
2983 4127 3095 4200 ἅμα
3125 4124 3370 4201 συγγόνῳ
3399 4122 3781 4195 Κωνσταντίνῳ

2562 4219 2838 4293 Λαχόντες
2868 4218 3056 4293 ἄρχειν
3087 4219 3195 4270 τῶν
3228 4215 3345 4269 καθ’
3368 4212 3628 4289 Ἑσπέραν
3658 4211 3840 4267 τόπων

2418 4312 2524 4368 405
2559 4309 2745 4377 Αὐτῆς
2775 4327 2835 4361 τε
2858 4306 3106 4379 Ῥώμης,
3140 4305 3424 4380 Ἀφρικῆς,
3459 4301 3718 4372 Ἰταλίας,

2560 4398 2657 4453 Καὶ
2688 4398 2885 4471 μέχρις
2912 4394 3089 4450 αὐτῶν
3118 4393 3357 4448 ὠκεανοῦ
3384 4392 3693 4465 τερμάτων*

2560 4482 2789 4557 Πᾶσαδ
2816 4484 2958 4539 Ἐώα
2986 4487 3065 4555 τῷ
3097 4482 3459 4553 Κωνσταντίῳ
3492 4482 3693 4555 λάχος,

2559 4576 2705 4651 Πρὸς
2733 4571 2916 4630 τοῖσδε
2946 4572 3181 4646 Θρᾴκης,
3214 4568 3556 4632 Μακεδονίας
3588 4568 3731 4645 ὅροι,

2562 4665 2667 4720 Σὺν
2697 4667 2767 4738 τῇ
2798 4663 3027 4736 πατρῴᾳ
3055 4660 3145 4716 καὶ
3183 4657 3427 4734 βασιλίδι
3457 4658 3638 4714 πόλιν

2418 4758 2523 4813 410
2560 4756 2661 4817 Ὃς
2694 4750 2893 4808 διέπων
2927 4752 3119 4827 ἄριστα
3146 4750 3245 4818 τὴν
3273 4747 3618 4823 κληρουχίαν

2558 4841 2812 4906 Πολλοὺς
2839 4841 3053 4915 ἀγῶνας
3082 4837 3279 4909 ἀνέτλη
3311 4837 3400 4893 καὶ
3431 4836 3733 4910 κινδύνους,

2560 4932 2673 4992 Ἀεὶ
2706 4934 3085 5007 στραταρχῶν,
3117 4928 3235 4983 κατ’
3266 4925 3478 5003 ἐχθρῶν
3506 4931 3669 4981 κινῶν
3702 4924 3854 5003 δόρυ·

2560 5024 2692 5078 Εἶτα
2723 5019 3028 5099 σφαγέντων
3062 5016 3338 5093 συγγόνων
3371 5014 3425 5071 ἐν
3452 5017 3705 5091 Ἑσπέρᾳ,

2558 5115 2673 5171 Τοῦ
2707 5112 2801 5184 μὶν
2835 5112 3115 5170 κινοῦντος
3143 5108 3264 5172 καθ’
3295 5105 3600 5181 ὁμαίμονος
3630 5105 3780 5184 ξίφη,

2416 5205 2522 5261 415
2554 5206 2661 5257 Τοῦ
2692 5201 3043 5261 Κώνπαντος
3077 5196 3135 5253 δὶ
3163 5196 3304 5272 πρὸς
3332 5195 3673 5271 Μαγνεντίου
3705 5192 3883 5267 δόλῳ,

2559 5292 2746 5361 Πάσης
2774 5290 3036 5363 κατῆρξεν
3065 5285 3326 5362 Ἑσπέρας
3358 5284 3447 5339 καὶ
3476 5290 3577 5355 τῆς
3607 5286 3745 5342 Ἕω·

2559 5377 2890 5456 Μαγνέντιον
2924 5379 3017 5451 μὲν
3051 5373 3260 5431 άνελὼν
3298 5376 3485 5449 μάχης
3513 5376 3695 5447 νόμῳ,

2562 5470 2669 5527 Τὸν
2703 5467 2747 5522 δ’
2782 5468 2846 5522 αὗ
2878 5468 3222 5541 Βρετανίωνα
3252 5467 3360 5538 (16)
3386 5466 3479 5519 τὸν
3511 5465 3848 5541 κακεργάτην

2560 5560 2829 5631 Ὑπηκοον
2863 5558 2973 5623 θεὶς
3002 5552 3417 5619 κατασεισθέντα
3447 5550 3626 5632 φόϐῳ.
