  <div class='ocr_page' id='page_1' title='image "/cluster/home/n/w/nwhite01/storage/ocr_20150623/143/nnc1.0046980733/023.png"; bbox 0 0 4190 6438; ppageno 0'>
   <div class='ocr_carea' id='block_1_1' title="bbox 576 378 2231 441">
    <p class='ocr_par' dir='ltr' id='par_1_1' title="bbox 576 378 2231 438">
     <span class='ocr_line' id='line_1_1' title="bbox 576 378 2231 438; baseline 0.001 -1"><span class='ocrx_word' id='word_1_1' title='bbox 576 378 643 437; x_wconf 82' lang='grc'><strong>31</strong></span> <span class='ocrx_word' id='word_1_2' title='bbox 1794 384 2167 438; x_wconf 71' lang='grc' dir='ltr'><strong>ΕΡΗΒΕΜῘῘ</strong></span> <span class='ocrx_word' id='word_1_3' title='bbox 2200 382 2231 438; x_wconf 80' lang='grc' dir='ltr'><strong>ε</strong></span> 
     </span>
    </p>
   </div>
   <div class='ocr_carea' id='block_1_2' title="bbox 1107 378 2762 441">
    <p class='ocr_par' dir='ltr' id='par_1_2' title="bbox 1794 381 2762 441">
     <span class='ocr_line' id='line_1_2' title="bbox 1794 381 2762 441; baseline 0.005 -5"><span class='ocrx_word' id='word_1_4' title='bbox 1794 384 2167 438; x_wconf 70' lang='grc' dir='ltr'><strong>ΕΡΗΒΕΜῘῙ</strong></span> <span class='ocrx_word' id='word_1_5' title='bbox 2200 381 2762 441; x_wconf 78' lang='lat' dir='ltr'><strong>CHRONOGRAPHI</strong></span> 
     </span>
    </p>
   </div>
   <div class='ocr_carea' id='block_1_3' title="bbox 575 502 1809 577">
    <p class='ocr_par' dir='ltr' id='par_1_3' title="bbox 575 502 1809 577">
     <span class='ocr_line' id='line_1_3' title="bbox 575 502 1809 577; baseline 0.002 -18"><span class='ocrx_word' id='word_1_6' title='bbox 575 502 649 559; x_wconf 83' lang='lat' dir='ltr'><strong>ad</strong></span> <span class='ocrx_word' id='word_1_7' title='bbox 681 502 915 576; x_wconf 87' lang='lat' dir='ltr'><strong>imperii</strong></span> <span class='ocrx_word' id='word_1_8' title='bbox 946 503 1297 577; x_wconf 85' lang='lat' dir='ltr'><strong>dignitatem</strong></span> <span class='ocrx_word' id='word_1_9' title='bbox 1328 504 1442 561; x_wconf 71' lang='lat' dir='ltr'><strong>fuit</strong></span> <span class='ocrx_word' id='word_1_10' title='bbox 1471 504 1809 572; x_wconf 85' lang='lat' dir='ltr'><strong>subvectus,</strong></span> 
     </span>
    </p>
   </div>
   <div class='ocr_carea' id='block_1_4' title="bbox 573 591 1753 665">
    <p class='ocr_par' dir='ltr' id='par_1_4' title="bbox 573 591 1753 665">
     <span class='ocr_line' id='line_1_4' title="bbox 573 591 1753 665; baseline 0.001 -18"><span class='ocrx_word' id='word_1_11' title='bbox 573 591 941 664; x_wconf 68' lang='lat' dir='ltr'><strong>Ceteroquin</strong></span> <span class='ocrx_word' id='word_1_12' title='bbox 974 593 1101 663; x_wconf 90' lang='lat' dir='ltr'><strong>ipse</strong></span> <span class='ocrx_word' id='word_1_13' title='bbox 1133 610 1383 665; x_wconf 83' lang='lat' dir='ltr'><strong>regnum</strong></span> <span class='ocrx_word' id='word_1_14' title='bbox 1416 594 1753 664; x_wconf 79' lang='lat' dir='ltr'><strong>respuebat,</strong></span> 
     </span>
    </p>
   </div>
   <div class='ocr_carea' id='block_1_5' title="bbox 570 681 1626 750">
    <p class='ocr_par' dir='ltr' id='par_1_5' title="bbox 570 681 1626 750">
     <span class='ocr_line' id='line_1_5' title="bbox 570 681 1626 750; baseline 0 -12"><span class='ocrx_word' id='word_1_15' title='bbox 570 681 786 738; x_wconf 84' lang='lat' dir='ltr'><strong>Christi</strong></span> <span class='ocrx_word' id='word_1_16' title='bbox 821 697 881 737; x_wconf 90' lang='lat' dir='ltr'><strong>se</strong></span> <span class='ocrx_word' id='word_1_17' title='bbox 910 682 1207 738; x_wconf 79' lang='lat' dir='ltr'><strong>famulum</strong></span> <span class='ocrx_word' id='word_1_18' title='bbox 1238 698 1369 738; x_wconf 87' lang='lat' dir='ltr'><strong>esse</strong></span> <span class='ocrx_word' id='word_1_19' title='bbox 1402 684 1626 750; x_wconf 91' lang='lat' dir='ltr'><strong>dicens,</strong></span> 
     </span>
    </p>
   </div>
   <div class='ocr_carea' id='block_1_6' title="bbox 574 771 2084 843">
    <p class='ocr_par' dir='ltr' id='par_1_6' title="bbox 574 771 2084 843">
     <span class='ocr_line' id='line_1_6' title="bbox 574 771 2084 843; baseline -0.001 -15"><span class='ocrx_word' id='word_1_20' title='bbox 574 776 748 841; x_wconf 90' lang='lat' dir='ltr'><strong>atque</strong></span> <span class='ocrx_word' id='word_1_21' title='bbox 777 771 1030 827; x_wconf 92' lang='lat' dir='ltr'><strong>ethnicis</strong></span> <span class='ocrx_word' id='word_1_22' title='bbox 1065 771 1353 827; x_wconf 71' lang='lat' dir='ltr'><strong>militibus</strong></span> <span class='ocrx_word' id='word_1_23' title='bbox 1386 771 1814 843; x_wconf 81' lang='lat' dir='ltr'><strong>imperaturum</strong></span> <span class='ocrx_word' id='word_1_24' title='bbox 1848 788 2084 841; x_wconf 86' lang='lat' dir='ltr'><strong>negans.</strong></span> 
     </span>
    </p>
   </div>
   <div class='ocr_carea' id='block_1_7' title="bbox 575 860 1960 927">
    <p class='ocr_par' dir='ltr' id='par_1_7' title="bbox 575 860 1960 927">
     <span class='ocr_line' id='line_1_7' title="bbox 575 860 1960 927; baseline 0 -12"><span class='ocrx_word' id='word_1_25' title='bbox 575 862 642 915; x_wconf 83' lang='lat' dir='ltr'><strong>Bi</strong></span> <span class='ocrx_word' id='word_1_26' title='bbox 676 876 808 915; x_wconf 89' lang='lat' dir='ltr'><strong>vero</strong></span> <span class='ocrx_word' id='word_1_27' title='bbox 840 876 975 914; x_wconf 89' lang='lat' dir='ltr'><strong>cum</strong></span> <span class='ocrx_word' id='word_1_28' title='bbox 1007 860 1390 915; x_wconf 86' lang='lat' dir='ltr'><strong>Christicolas</strong></span> <span class='ocrx_word' id='word_1_29' title='bbox 1422 877 1484 915; x_wconf 91' lang='lat' dir='ltr'><strong>se</strong></span> <span class='ocrx_word' id='word_1_30' title='bbox 1516 860 1960 927; x_wconf 88' lang='lat' dir='ltr'><strong>inclamassent,</strong></span> 
     </span>
    </p>
   </div>
   <div class='ocr_carea' id='block_1_8' title="bbox 571 949 1940 1021">
    <p class='ocr_par' dir='ltr' id='par_1_8' title="bbox 571 949 1940 1021">
     <span class='ocr_line' id='line_1_8' title="bbox 571 949 1940 1021; baseline -0.001 -16"><span class='ocrx_word' id='word_1_31' title='bbox 571 953 715 1005; x_wconf 87' lang='lat' dir='ltr'><strong>tunc</strong></span> <span class='ocrx_word' id='word_1_32' title='bbox 747 949 1064 1021; x_wconf 90' lang='lat' dir='ltr'><strong>imperium</strong></span> <span class='ocrx_word' id='word_1_33' title='bbox 1094 949 1377 1005; x_wconf 87' lang='lat' dir='ltr'><strong>Jovianus</strong></span> <span class='ocrx_word' id='word_1_34' title='bbox 1403 949 1622 1021; x_wconf 87' lang='lat' dir='ltr'><strong>recepit</strong></span> <span class='ocrx_word' id='word_1_35' title='bbox 1652 950 1940 1020; x_wconf 82' lang='lat' dir='ltr'><strong>protinus.</strong></span> 
     </span>
    </p>
   </div>
   <div class='ocr_carea' id='block_1_9' title="bbox 572 1039 1906 1111">
    <p class='ocr_par' dir='ltr' id='par_1_9' title="bbox 572 1039 1906 1111">
     <span class='ocr_line' id='line_1_9' title="bbox 572 1039 1906 1111; baseline -0.001 -17"><span class='ocrx_word' id='word_1_36' title='bbox 572 1039 640 1094; x_wconf 89' lang='lat' dir='ltr'><strong>Et</strong></span> <span class='ocrx_word' id='word_1_37' title='bbox 670 1055 812 1109; x_wconf 91' lang='lat' dir='ltr'><strong>pace</strong></span> <span class='ocrx_word' id='word_1_38' title='bbox 844 1055 979 1093; x_wconf 79' lang='lat' dir='ltr'><strong>mox</strong></span> <span class='ocrx_word' id='word_1_39' title='bbox 1013 1039 1345 1110; x_wconf 89' lang='lat' dir='ltr'><strong>composita</strong></span> <span class='ocrx_word' id='word_1_40' title='bbox 1376 1056 1510 1093; x_wconf 92' lang='lat' dir='ltr'><strong>cum</strong></span> <span class='ocrx_word' id='word_1_41' title='bbox 1545 1040 1719 1093; x_wconf 85' lang='lat' dir='ltr'><strong>Persa</strong></span> <span class='ocrx_word' id='word_1_42' title='bbox 1750 1055 1906 1111; x_wconf 89' lang='lat' dir='ltr'><strong>rege,</strong></span> 
     </span>
    </p>
   </div>
   <div class='ocr_carea' id='block_1_10' title="bbox 572 1126 1734 1198">
    <p class='ocr_par' dir='ltr' id='par_1_10' title="bbox 572 1126 1734 1198">
     <span class='ocr_line' id='line_1_10' title="bbox 572 1126 1734 1198; baseline 0.001 -16"><span class='ocrx_word' id='word_1_43' title='bbox 572 1131 751 1198; x_wconf 89' lang='lat' dir='ltr'><strong>atque</strong></span> <span class='ocrx_word' id='word_1_44' title='bbox 782 1126 1153 1183; x_wconf 88' lang='lat' dir='ltr'><strong>Antiochiam</strong></span> <span class='ocrx_word' id='word_1_45' title='bbox 1186 1129 1424 1183; x_wconf 90' lang='lat' dir='ltr'><strong>reducto</strong></span> <span class='ocrx_word' id='word_1_46' title='bbox 1458 1127 1734 1196; x_wconf 86' lang='lat' dir='ltr'><strong>exercitu,</strong></span> 
     </span>
    </p>
   </div>
   <div class='ocr_carea' id='block_1_11' title="bbox 573 1214 1684 1288">
    <p class='ocr_par' dir='ltr' id='par_1_11' title="bbox 573 1214 1684 1288">
     <span class='ocr_line' id='line_1_11' title="bbox 573 1214 1684 1288; baseline 0.003 -18"><span class='ocrx_word' id='word_1_47' title='bbox 573 1214 805 1271; x_wconf 83' lang='lat' dir='ltr'><strong>exsules</strong></span> <span class='ocrx_word' id='word_1_48' title='bbox 838 1216 1062 1271; x_wconf 92' lang='lat' dir='ltr'><strong>dudum</strong></span> <span class='ocrx_word' id='word_1_49' title='bbox 1093 1218 1386 1287; x_wconf 86' lang='lat' dir='ltr'><strong>principes</strong></span> <span class='ocrx_word' id='word_1_50' title='bbox 1418 1222 1684 1288; x_wconf 89' lang='lat' dir='ltr'><strong>pastores</strong></span> 
     </span>
    </p>
   </div>
   <div class='ocr_carea' id='block_1_12' title="bbox 570 1305 1620 1377">
    <p class='ocr_par' dir='ltr' id='par_1_12' title="bbox 570 1305 1620 1377">
     <span class='ocr_line' id='line_1_12' title="bbox 570 1305 1620 1377; baseline 0.002 -18"><span class='ocrx_word' id='word_1_51' title='bbox 570 1305 642 1360; x_wconf 92' lang='lat' dir='ltr'><strong>ad</strong></span> <span class='ocrx_word' id='word_1_52' title='bbox 675 1320 816 1359; x_wconf 89' lang='lat' dir='ltr'><strong>suos</strong></span> <span class='ocrx_word' id='word_1_53' title='bbox 847 1320 1059 1377; x_wconf 86' lang='lat' dir='ltr'><strong>greges</strong></span> <span class='ocrx_word' id='word_1_54' title='bbox 1089 1306 1277 1361; x_wconf 88' lang='lat' dir='ltr'><strong>edicto</strong></span> <span class='ocrx_word' id='word_1_55' title='bbox 1310 1307 1620 1372; x_wconf 77' lang='lat' dir='ltr'><strong>revocavit,</strong></span> 
     </span>
    </p>
   </div>
   <div class='ocr_carea' id='block_1_13' title="bbox 577 1394 1989 1466">
    <p class='ocr_par' dir='ltr' id='par_1_13' title="bbox 577 1394 1989 1466">
     <span class='ocr_line' id='line_1_13' title="bbox 577 1394 1989 1466; baseline 0.001 -18"><span class='ocrx_word' id='word_1_56' title='bbox 577 1409 726 1464; x_wconf 87' lang='lat' dir='ltr'><strong>quos</strong></span> <span class='ocrx_word' id='word_1_57' title='bbox 756 1394 909 1449; x_wconf 90' lang='lat' dir='ltr'><strong>inter</strong></span> <span class='ocrx_word' id='word_1_58' title='bbox 938 1394 1331 1450; x_wconf 78' lang='lat' dir='ltr'><strong>Athanasium</strong></span> <span class='ocrx_word' id='word_1_59' title='bbox 1362 1395 1625 1449; x_wconf 91' lang='lat' dir='ltr'><strong>divinum</strong></span> <span class='ocrx_word' id='word_1_60' title='bbox 1658 1394 1989 1466; x_wconf 74' lang='lat' dir='ltr'><strong>praesulem,</strong></span> 
     </span>
    </p>
   </div>
   <div class='ocr_carea' id='block_1_14' title="bbox 575 1483 1601 1553">
    <p class='ocr_par' dir='ltr' id='par_1_14' title="bbox 575 1483 1601 1553">
     <span class='ocr_line' id='line_1_14' title="bbox 575 1483 1601 1553; baseline 0 -15"><span class='ocrx_word' id='word_1_61' title='bbox 575 1483 922 1553; x_wconf 86' lang='lat' dir='ltr'><strong>cunctisque</strong></span> <span class='ocrx_word' id='word_1_62' title='bbox 953 1484 1221 1539; x_wconf 77' lang='lat' dir='ltr'><strong>exhibuit</strong></span> <span class='ocrx_word' id='word_1_63' title='bbox 1251 1484 1601 1539; x_wconf 81' lang='lat' dir='ltr'><strong>Christianis</strong></span> 
     </span>
    </p>
   </div>
   <div class='ocr_carea' id='block_1_15' title="bbox 572 1570 1807 1643">
    <p class='ocr_par' dir='ltr' id='par_1_15' title="bbox 572 1570 1807 1643">
     <span class='ocr_line' id='line_1_15' title="bbox 572 1570 1807 1643; baseline 0.002 -18"><span class='ocrx_word' id='word_1_64' title='bbox 572 1587 673 1626; x_wconf 91' lang='lat' dir='ltr'><strong>ver</strong></span> <span class='ocrx_word' id='word_1_65' title='bbox 702 1570 1089 1643; x_wconf 89' lang='lat' dir='ltr'><strong>tranquillum</strong></span> <span class='ocrx_word' id='word_1_66' title='bbox 1118 1576 1172 1628; x_wconf 91' lang='lat' dir='ltr'><strong>et</strong></span> <span class='ocrx_word' id='word_1_67' title='bbox 1199 1573 1557 1629; x_wconf 68' lang='lat' dir='ltr'><strong>orthodoxim</strong></span> <span class='ocrx_word' id='word_1_68' title='bbox 1587 1572 1807 1629; x_wconf 92' lang='lat' dir='ltr'><strong>lumen.</strong></span> 
     </span>
    </p>
   </div>
   <div class='ocr_carea' id='block_1_16' title="bbox 574 1659 1659 1734">
    <p class='ocr_par' dir='ltr' id='par_1_16' title="bbox 574 1659 1659 1734">
     <span class='ocr_line' id='line_1_16' title="bbox 574 1659 1659 1734; baseline 0.006 -21"><span class='ocrx_word' id='word_1_69' title='bbox 574 1660 682 1714; x_wconf 85' lang='lat' dir='ltr'><strong>Hic</strong></span> <span class='ocrx_word' id='word_1_70' title='bbox 714 1659 1053 1715; x_wconf 85' lang='lat' dir='ltr'><strong>Galatarum</strong></span> <span class='ocrx_word' id='word_1_71' title='bbox 1084 1663 1373 1734; x_wconf 80' lang='lat' dir='ltr'><strong>Ancyram</strong></span> <span class='ocrx_word' id='word_1_72' title='bbox 1405 1662 1659 1731; x_wconf 85' lang='lat' dir='ltr'><strong>delatus,</strong></span> 
     </span>
    </p>
   </div>
   <div class='ocr_carea' id='block_1_17' title="bbox 572 1748 1705 1821">
    <p class='ocr_par' dir='ltr' id='par_1_17' title="bbox 572 1748 1705 1821">
     <span class='ocr_line' id='line_1_17' title="bbox 572 1748 1705 1821; baseline 0.002 -17"><span class='ocrx_word' id='word_1_73' title='bbox 572 1748 654 1804; x_wconf 90' lang='lat' dir='ltr'><strong>ibi</strong></span> <span class='ocrx_word' id='word_1_74' title='bbox 686 1748 1007 1820; x_wconf 86' lang='lat' dir='ltr'><strong>improviso</strong></span> <span class='ocrx_word' id='word_1_75' title='bbox 1035 1750 1198 1805; x_wconf 90' lang='lat' dir='ltr'><strong>obitu</strong></span> <span class='ocrx_word' id='word_1_76' title='bbox 1234 1751 1480 1807; x_wconf 79' lang='lat' dir='ltr'><strong>excessit</strong></span> <span class='ocrx_word' id='word_1_77' title='bbox 1511 1752 1705 1821; x_wconf 83' lang='lat' dir='ltr'><strong>terris,</strong></span> 
     </span>
    </p>
   </div>
   <div class='ocr_carea' id='block_1_18' title="bbox 572 1835 1848 1913">
    <p class='ocr_par' dir='ltr' id='par_1_18' title="bbox 572 1835 1848 1913">
     <span class='ocr_line' id='line_1_18' title="bbox 572 1835 1848 1913; baseline 0.002 -20"><span class='ocrx_word' id='word_1_78' title='bbox 572 1838 929 1903; x_wconf 75' lang='lat' dir='ltr'><strong>recentibus,</strong></span> <span class='ocrx_word' id='word_1_79' title='bbox 964 1835 1031 1895; x_wconf 83' lang='lat' dir='ltr'><strong>ut</strong></span> <span class='ocrx_word' id='word_1_80' title='bbox 1059 1839 1216 1895; x_wconf 86' lang='lat' dir='ltr'><strong>fama</strong></span> <span class='ocrx_word' id='word_1_81' title='bbox 1245 1844 1353 1906; x_wconf 89' lang='lat' dir='ltr'><strong>est,</strong></span> <span class='ocrx_word' id='word_1_82' title='bbox 1380 1840 1597 1896; x_wconf 88' lang='lat' dir='ltr'><strong>voratis</strong></span> <span class='ocrx_word' id='word_1_83' title='bbox 1628 1841 1848 1913; x_wconf 86' lang='lat' dir='ltr'><strong>fungis.</strong></span> 
     </span>
    </p>
   </div>
   <div class='ocr_carea' id='block_1_19' title="bbox 570 1926 2047 2002">
    <p class='ocr_par' dir='ltr' id='par_1_19' title="bbox 570 1926 2047 2002">
     <span class='ocr_line' id='line_1_19' title="bbox 570 1926 2047 2002; baseline 0.003 -22"><span class='ocrx_word' id='word_1_84' title='bbox 570 1926 727 1981; x_wconf 91' lang='lat' dir='ltr'><strong>haud</strong></span> <span class='ocrx_word' id='word_1_85' title='bbox 761 1926 1077 1998; x_wconf 85' lang='lat' dir='ltr'><strong>plusquam</strong></span> <span class='ocrx_word' id='word_1_86' title='bbox 1109 1933 1237 1983; x_wconf 90' lang='lat' dir='ltr'><strong>octo</strong></span> <span class='ocrx_word' id='word_1_87' title='bbox 1271 1930 1575 1984; x_wconf 87' lang='lat' dir='ltr'><strong>mensibus</strong></span> <span class='ocrx_word' id='word_1_88' title='bbox 1605 1946 1782 2002; x_wconf 90' lang='lat' dir='ltr'><strong>regno</strong></span> <span class='ocrx_word' id='word_1_89' title='bbox 1814 1931 2047 1986; x_wconf 80' lang='lat' dir='ltr'><strong>fruitus.</strong></span> 
     </span>
    </p>
   </div>
   <div class='ocr_carea' id='block_1_20' title="bbox 572 2016 1619 2091">
    <p class='ocr_par' dir='ltr' id='par_1_20' title="bbox 572 2016 1619 2091">
     <span class='ocr_line' id='line_1_20' title="bbox 572 2016 1619 2091; baseline 0.005 -21"><span class='ocrx_word' id='word_1_90' title='bbox 572 2016 797 2071; x_wconf 83' lang='lat' dir='ltr'><strong>Pietate</strong></span> <span class='ocrx_word' id='word_1_91' title='bbox 828 2016 902 2082; x_wconf 87' lang='lat' dir='ltr'><strong>is,</strong></span> <span class='ocrx_word' id='word_1_92' title='bbox 932 2021 998 2072; x_wconf 91' lang='lat' dir='ltr'><strong>ut</strong></span> <span class='ocrx_word' id='word_1_93' title='bbox 1026 2017 1167 2088; x_wconf 82' lang='lat' dir='ltr'><strong>dixi,</strong></span> <span class='ocrx_word' id='word_1_94' title='bbox 1200 2018 1311 2074; x_wconf 78' lang='lat' dir='ltr'><strong>fuit</strong></span> <span class='ocrx_word' id='word_1_95' title='bbox 1340 2018 1619 2091; x_wconf 82' lang='lat' dir='ltr'><strong>inclytus,</strong></span> 
     </span>
    </p>
   </div>
   <div class='ocr_carea' id='block_1_21' title="bbox 572 2106 2044 2183">
    <p class='ocr_par' dir='ltr' id='par_1_21' title="bbox 572 2106 2044 2183">
     <span class='ocr_line' id='line_1_21' title="bbox 572 2106 2044 2183; baseline 0.004 -22"><span class='ocrx_word' id='word_1_96' title='bbox 572 2106 784 2172; x_wconf 88' lang='lat' dir='ltr'><strong>bonus,</strong></span> <span class='ocrx_word' id='word_1_97' title='bbox 821 2109 1203 2179; x_wconf 87' lang='lat' dir='ltr'><strong>tranquillus,</strong></span> <span class='ocrx_word' id='word_1_98' title='bbox 1236 2110 1556 2166; x_wconf 88' lang='lat' dir='ltr'><strong>benevolus</strong></span> <span class='ocrx_word' id='word_1_99' title='bbox 1585 2126 1724 2183; x_wconf 88' lang='lat' dir='ltr'><strong>erga</strong></span> <span class='ocrx_word' id='word_1_100' title='bbox 1752 2111 2044 2180; x_wconf 90' lang='lat' dir='ltr'><strong>subditos,</strong></span> 
     </span>
    </p>
   </div>
   <div class='ocr_carea' id='block_1_22' title="bbox 573 2198 1761 2271">
    <p class='ocr_par' dir='ltr' id='par_1_22' title="bbox 573 2198 1761 2271">
     <span class='ocr_line' id='line_1_22' title="bbox 573 2198 1761 2271; baseline 0.004 -20"><span class='ocrx_word' id='word_1_101' title='bbox 573 2200 924 2269; x_wconf 87' lang='lat' dir='ltr'><strong>staturaque</strong></span> <span class='ocrx_word' id='word_1_102' title='bbox 955 2198 1216 2269; x_wconf 90' lang='lat' dir='ltr'><strong>corporis</strong></span> <span class='ocrx_word' id='word_1_103' title='bbox 1248 2216 1488 2271; x_wconf 91' lang='lat' dir='ltr'><strong>procera</strong></span> <span class='ocrx_word' id='word_1_104' title='bbox 1517 2200 1761 2270; x_wconf 86' lang='lat' dir='ltr'><strong>lucens;</strong></span> 
     </span>
    </p>
   </div>
   <div class='ocr_carea' id='block_1_23' title="bbox 574 2285 1737 2357">
    <p class='ocr_par' dir='ltr' id='par_1_23' title="bbox 574 2285 1737 2357">
     <span class='ocr_line' id='line_1_23' title="bbox 574 2285 1737 2357; baseline 0.004 -17"><span class='ocrx_word' id='word_1_105' title='bbox 574 2285 791 2341; x_wconf 83' lang='lat' dir='ltr'><strong>litteris</strong></span> <span class='ocrx_word' id='word_1_106' title='bbox 824 2286 1000 2342; x_wconf 91' lang='lat' dir='ltr'><strong>etiam</strong></span> <span class='ocrx_word' id='word_1_107' title='bbox 1027 2288 1402 2344; x_wconf 88' lang='lat' dir='ltr'><strong>mediocriter</strong></span> <span class='ocrx_word' id='word_1_108' title='bbox 1430 2290 1699 2345; x_wconf 88' lang='lat' dir='ltr'><strong>eruditus</strong></span> <span class='ocrx_word' id='word_1_109' title='bbox 1723 2309 1737 2357; x_wconf 89' lang='lat'><strong>;</strong></span> 
     </span>
    </p>
   </div>
   <div class='ocr_carea' id='block_1_24' title="bbox 572 2374 2042 2449">
    <p class='ocr_par' dir='ltr' id='par_1_24' title="bbox 572 2374 2042 2449">
     <span class='ocr_line' id='line_1_24' title="bbox 572 2374 2042 2449; baseline 0.004 -21"><span class='ocrx_word' id='word_1_110' title='bbox 572 2374 693 2428; x_wconf 90' lang='lat' dir='ltr'><strong>vini</strong></span> <span class='ocrx_word' id='word_1_111' title='bbox 724 2378 923 2431; x_wconf 90' lang='lat' dir='ltr'><strong>tamen</strong></span> <span class='ocrx_word' id='word_1_112' title='bbox 956 2380 1130 2449; x_wconf 87' lang='lat' dir='ltr'><strong>atque</strong></span> <span class='ocrx_word' id='word_1_113' title='bbox 1164 2378 1382 2433; x_wconf 90' lang='lat' dir='ltr'><strong>amoris</strong></span> <span class='ocrx_word' id='word_1_114' title='bbox 1412 2377 1704 2434; x_wconf 87' lang='lat' dir='ltr'><strong>illecebris</strong></span> <span class='ocrx_word' id='word_1_115' title='bbox 1736 2378 2042 2435; x_wconf 81' lang='lat' dir='ltr'><strong>obnoxius.</strong></span> 
     </span>
    </p>
   </div>
   <div class='ocr_carea' id='block_1_25' title="bbox 574 2461 1837 2537">
    <p class='ocr_par' dir='ltr' id='par_1_25' title="bbox 574 2461 1837 2537">
     <span class='ocr_line' id='line_1_25' title="bbox 574 2461 1837 2537; baseline 0.005 -20"><span class='ocrx_word' id='word_1_116' title='bbox 574 2461 766 2533; x_wconf 88' lang='lat' dir='ltr'><strong>Hujus</strong></span> <span class='ocrx_word' id='word_1_117' title='bbox 794 2464 1043 2520; x_wconf 88' lang='lat' dir='ltr'><strong>cadaver</strong></span> <span class='ocrx_word' id='word_1_118' title='bbox 1064 2465 1221 2535; x_wconf 91' lang='lat' dir='ltr'><strong>apud</strong></span> <span class='ocrx_word' id='word_1_119' title='bbox 1255 2466 1599 2537; x_wconf 87' lang='lat' dir='ltr'><strong>Byzantium</strong></span> <span class='ocrx_word' id='word_1_120' title='bbox 1633 2467 1837 2523; x_wconf 88' lang='lat' dir='ltr'><strong>urbem</strong></span> 
     </span>
    </p>
   </div>
   <div class='ocr_carea' id='block_1_26' title="bbox 576 2550 2043 2628">
    <p class='ocr_par' dir='ltr' id='par_1_26' title="bbox 576 2550 2043 2628">
     <span class='ocr_line' id='line_1_26' title="bbox 576 2550 2043 2628; baseline 0.004 -23"><span class='ocrx_word' id='word_1_121' title='bbox 576 2550 635 2606; x_wconf 90' lang='lat' dir='ltr'><strong>in</strong></span> <span class='ocrx_word' id='word_1_122' title='bbox 668 2557 871 2608; x_wconf 91' lang='lat' dir='ltr'><strong>sancto</strong></span> <span class='ocrx_word' id='word_1_123' title='bbox 902 2555 1319 2625; x_wconf 78' lang='lat' dir='ltr'><strong>Apostolorum</strong></span> <span class='ocrx_word' id='word_1_124' title='bbox 1354 2556 1571 2628; x_wconf 89' lang='lat' dir='ltr'><strong>templo</strong></span> <span class='ocrx_word' id='word_1_125' title='bbox 1601 2562 1691 2612; x_wconf 91' lang='lat' dir='ltr'><strong>est</strong></span> <span class='ocrx_word' id='word_1_126' title='bbox 1722 2557 2043 2613; x_wconf 90' lang='lat' dir='ltr'><strong>conditum.</strong></span> 
     </span>
    </p>
   </div>
   <div class='ocr_carea' id='block_1_27' title="bbox 947 2669 1853 2741">
    <p class='ocr_par' dir='ltr' id='par_1_27' title="bbox 947 2669 1853 2741">
     <span class='ocr_line' id='line_1_27' title="bbox 947 2669 1853 2741; baseline 0.006 -17"><span class='ocrx_word' id='word_1_127' title='bbox 947 2669 1537 2729; x_wconf 72' lang='lat' dir='ltr'><strong>VALENTINIANUS</strong></span> <span class='ocrx_word' id='word_1_128' title='bbox 1577 2674 1693 2729; x_wconf 79' lang='lat' dir='ltr'><strong>AN.</strong></span> <span class='ocrx_word' id='word_1_129' title='bbox 1736 2675 1815 2729; x_wconf 82' lang='lat' dir='ltr'>XI</span> <span class='ocrx_word' id='word_1_130' title='bbox 1838 2691 1853 2741; x_wconf 87' lang='lat'><strong>;</strong></span> 
     </span>
    </p>
   </div>
   <div class='ocr_carea' id='block_1_28' title="bbox 859 2758 1939 2834">
    <p class='ocr_par' dir='ltr' id='par_1_28' title="bbox 859 2758 1939 2834">
     <span class='ocr_line' id='line_1_28' title="bbox 859 2758 1939 2834; baseline 0.002 -19"><span class='ocrx_word' id='word_1_131' title='bbox 859 2758 1042 2828; x_wconf 70' lang='lat' dir='ltr'><strong>sxvs,</strong></span> <span class='ocrx_word' id='word_1_132' title='bbox 1084 2758 1181 2817; x_wconf 87' lang='lat' dir='ltr'><strong>UT</strong></span> <span class='ocrx_word' id='word_1_133' title='bbox 1220 2761 1371 2818; x_wconf 78' lang='lat' dir='ltr'><strong>ALII</strong></span> <span class='ocrx_word' id='word_1_134' title='bbox 1424 2760 1673 2834; x_wconf 77' lang='lat' dir='ltr'><strong>AIUNT,</strong></span> <span class='ocrx_word' id='word_1_135' title='bbox 1712 2762 1832 2819; x_wconf 83' lang='lat' dir='ltr'><strong>AN.</strong></span> <span class='ocrx_word' id='word_1_136' title='bbox 1873 2762 1939 2819; x_wconf 90' lang='lat' dir='ltr'><strong>x.</strong></span> 
     </span>
    </p>
   </div>
   <div class='ocr_carea' id='block_1_29' title="bbox 570 2864 1779 2941">
    <p class='ocr_par' dir='ltr' id='par_1_29' title="bbox 570 2864 1779 2941">
     <span class='ocr_line' id='line_1_29' title="bbox 570 2864 1779 2941; baseline 0.004 -21"><span class='ocrx_word' id='word_1_137' title='bbox 570 2864 708 2921; x_wconf 88' lang='lat' dir='ltr'><strong>Post</strong></span> <span class='ocrx_word' id='word_1_138' title='bbox 739 2864 897 2921; x_wconf 92' lang='lat' dir='ltr'><strong>hunc</strong></span> <span class='ocrx_word' id='word_1_139' title='bbox 931 2866 1149 2922; x_wconf 90' lang='lat' dir='ltr'><strong>insedit</strong></span> <span class='ocrx_word' id='word_1_140' title='bbox 1179 2867 1395 2938; x_wconf 84' lang='lat' dir='ltr'><strong>regiam</strong></span> <span class='ocrx_word' id='word_1_141' title='bbox 1429 2869 1779 2941; x_wconf 89' lang='lat' dir='ltr'><strong>dignitatem</strong></span> 
     </span>
    </p>
   </div>
   <div class='ocr_carea' id='block_1_30' title="bbox 570 2953 1835 3030">
    <p class='ocr_par' dir='ltr' id='par_1_30' title="bbox 570 2953 1835 3030">
     <span class='ocr_line' id='line_1_30' title="bbox 570 2953 1835 3030; baseline 0.002 -19"><span class='ocrx_word' id='word_1_142' title='bbox 570 2953 823 3011; x_wconf 73' lang='lat' dir='ltr'><strong>Justitiis</strong></span> <span class='ocrx_word' id='word_1_143' title='bbox 857 2954 1039 3011; x_wconf 88' lang='lat' dir='ltr'><strong>simul</strong></span> <span class='ocrx_word' id='word_1_144' title='bbox 1070 2955 1512 3029; x_wconf 82' lang='lat' dir='ltr'><strong>clementiaeque</strong></span> <span class='ocrx_word' id='word_1_145' title='bbox 1538 2958 1835 3030; x_wconf 84' lang='lat' dir='ltr'><strong>exemplar</strong></span> 
     </span>
    </p>
   </div>
   <div class='ocr_carea' id='block_1_31' title="bbox 574 3042 1772 3120">
    <p class='ocr_par' dir='ltr' id='par_1_31' title="bbox 574 3042 1772 3120">
     <span class='ocr_line' id='line_1_31' title="bbox 574 3042 1772 3120; baseline 0.006 -24"><span class='ocrx_word' id='word_1_146' title='bbox 574 3042 1031 3099; x_wconf 84' lang='lat' dir='ltr'><strong>Valentinianus</strong></span> <span class='ocrx_word' id='word_1_147' title='bbox 1060 3045 1531 3102; x_wconf 87' lang='lat' dir='ltr'><strong>Christianorum</strong></span> <span class='ocrx_word' id='word_1_148' title='bbox 1566 3049 1772 3120; x_wconf 87' lang='lat' dir='ltr'><strong>decus,</strong></span> 
     </span>
    </p>
   </div>
   <div class='ocr_carea' id='block_1_32' title="bbox 573 3131 1742 3207">
    <p class='ocr_par' dir='ltr' id='par_1_32' title="bbox 573 3131 1742 3207">
     <span class='ocr_line' id='line_1_32' title="bbox 573 3131 1742 3207; baseline 0.003 -18"><span class='ocrx_word' id='word_1_149' title='bbox 573 3131 664 3189; x_wconf 86' lang='lat' dir='ltr'><strong>vir</strong></span> <span class='ocrx_word' id='word_1_150' title='bbox 694 3135 972 3203; x_wconf 91' lang='lat' dir='ltr'><strong>stremus,</strong></span> <span class='ocrx_word' id='word_1_151' title='bbox 1002 3133 1307 3192; x_wconf 85' lang='lat' dir='ltr'><strong>animosus</strong></span> <span class='ocrx_word' id='word_1_152' title='bbox 1343 3148 1407 3192; x_wconf 86' lang='lat' dir='ltr'><strong>ac</strong></span> <span class='ocrx_word' id='word_1_153' title='bbox 1440 3136 1742 3207; x_wconf 87' lang='lat' dir='ltr'><strong>robustus,</strong></span> 
     </span>
    </p>
   </div>
   <div class='ocr_carea' id='block_1_33' title="bbox 570 3221 1804 3295">
    <p class='ocr_par' dir='ltr' id='par_1_33' title="bbox 570 3221 1804 3295">
     <span class='ocr_line' id='line_1_33' title="bbox 570 3221 1804 3295; baseline 0.005 -20"><span class='ocrx_word' id='word_1_154' title='bbox 570 3221 800 3293; x_wconf 81' lang='lat' dir='ltr'><strong>generis</strong></span> <span class='ocrx_word' id='word_1_155' title='bbox 830 3238 898 3277; x_wconf 79' lang='lat' dir='ltr'><strong>ex</strong></span> <span class='ocrx_word' id='word_1_156' title='bbox 926 3224 1230 3279; x_wconf 89' lang='lat' dir='ltr'><strong>Pannonia</strong></span> <span class='ocrx_word' id='word_1_157' title='bbox 1259 3224 1499 3293; x_wconf 84' lang='lat' dir='ltr'><strong>stirpem</strong></span> <span class='ocrx_word' id='word_1_158' title='bbox 1530 3226 1804 3295; x_wconf 81' lang='lat' dir='ltr'><strong>trahens;</strong></span> 
     </span>
    </p>
   </div>
   <div class='ocr_carea' id='block_1_34' title="bbox 566 3309 1954 3388">
    <p class='ocr_par' dir='ltr' id='par_1_34' title="bbox 566 3309 1954 3388">
     <span class='ocr_line' id='line_1_34' title="bbox 566 3309 1954 3388; baseline 0.006 -25"><span class='ocrx_word' id='word_1_159' title='bbox 566 3309 841 3382; x_wconf 89' lang='lat' dir='ltr'><strong>princeps</strong></span> <span class='ocrx_word' id='word_1_160' title='bbox 873 3311 1063 3367; x_wconf 88' lang='lat' dir='ltr'><strong>bonus</strong></span> <span class='ocrx_word' id='word_1_161' title='bbox 1094 3316 1151 3368; x_wconf 90' lang='lat' dir='ltr'><strong>et</strong></span> <span class='ocrx_word' id='word_1_162' title='bbox 1182 3314 1463 3385; x_wconf 89' lang='lat' dir='ltr'><strong>providus</strong></span> <span class='ocrx_word' id='word_1_163' title='bbox 1493 3330 1632 3388; x_wconf 91' lang='lat' dir='ltr'><strong>erga</strong></span> <span class='ocrx_word' id='word_1_164' title='bbox 1662 3316 1954 3387; x_wconf 89' lang='lat' dir='ltr'><strong>subditos,</strong></span> 
     </span>
    </p>
   </div>
   <div class='ocr_carea' id='block_1_35' title="bbox 566 3398 1778 3476">
    <p class='ocr_par' dir='ltr' id='par_1_35' title="bbox 566 3398 1778 3476">
     <span class='ocr_line' id='line_1_35' title="bbox 566 3398 1778 3476; baseline 0.008 -25"><span class='ocrx_word' id='word_1_165' title='bbox 566 3398 665 3469; x_wconf 89' lang='lat' dir='ltr'><strong>qui</strong></span> <span class='ocrx_word' id='word_1_166' title='bbox 695 3399 1035 3471; x_wconf 89' lang='lat' dir='ltr'><strong>peregrinas</strong></span> <span class='ocrx_word' id='word_1_167' title='bbox 1067 3402 1367 3472; x_wconf 87' lang='lat' dir='ltr'><strong>quondam</strong></span> <span class='ocrx_word' id='word_1_168' title='bbox 1398 3404 1459 3459; x_wconf 90' lang='lat' dir='ltr'><strong>in</strong></span> <span class='ocrx_word' id='word_1_169' title='bbox 1488 3404 1778 3476; x_wconf 88' lang='lat' dir='ltr'><strong>regiones,</strong></span> 
     </span>
    </p>
   </div>
   <div class='ocr_carea' id='block_1_36' title="bbox 565 3489 2068 3566">
    <p class='ocr_par' dir='ltr' id='par_1_36' title="bbox 565 3489 2068 3566">
     <span class='ocr_line' id='line_1_36' title="bbox 565 3489 2068 3566; baseline 0.007 -25"><span class='ocrx_word' id='word_1_170' title='bbox 565 3491 766 3559; x_wconf 84' lang='lat' dir='ltr'><strong>utpote</strong></span> <span class='ocrx_word' id='word_1_171' title='bbox 792 3489 1158 3546; x_wconf 83' lang='lat' dir='ltr'><strong>Christianus</strong></span> <span class='ocrx_word' id='word_1_172' title='bbox 1190 3492 1491 3562; x_wconf 87' lang='lat' dir='ltr'><strong>Deumque</strong></span> <span class='ocrx_word' id='word_1_173' title='bbox 1522 3494 1819 3550; x_wconf 89' lang='lat' dir='ltr'><strong>Christum</strong></span> <span class='ocrx_word' id='word_1_174' title='bbox 1850 3494 2068 3566; x_wconf 88' lang='lat' dir='ltr'><strong>colens,</strong></span> 
     </span>
    </p>
   </div>
   <div class='ocr_carea' id='block_1_37' title="bbox 568 3576 1707 3655">
    <p class='ocr_par' dir='ltr' id='par_1_37' title="bbox 568 3576 1707 3655">
     <span class='ocr_line' id='line_1_37' title="bbox 568 3576 1707 3655; baseline 0.007 -23"><span class='ocrx_word' id='word_1_175' title='bbox 568 3576 640 3632; x_wconf 91' lang='lat' dir='ltr'><strong>ab</strong></span> <span class='ocrx_word' id='word_1_176' title='bbox 672 3582 940 3650; x_wconf 89' lang='lat' dir='ltr'><strong>apostata</strong></span> <span class='ocrx_word' id='word_1_177' title='bbox 968 3579 1206 3637; x_wconf 87' lang='lat' dir='ltr'><strong>Juliano</strong></span> <span class='ocrx_word' id='word_1_178' title='bbox 1237 3580 1446 3654; x_wconf 86' lang='lat' dir='ltr'><strong>pulsus</strong></span> <span class='ocrx_word' id='word_1_179' title='bbox 1480 3584 1707 3655; x_wconf 87' lang='lat' dir='ltr'><strong>iuerat;</strong></span> 
     </span>
    </p>
   </div>
   <div class='ocr_carea' id='block_1_38' title="bbox 568 3669 1899 3739">
    <p class='ocr_par' dir='ltr' id='par_1_38' title="bbox 568 3669 1899 3739">
     <span class='ocr_line' id='line_1_38' title="bbox 568 3669 1899 3739; baseline 0.007 -18"><span class='ocrx_word' id='word_1_180' title='bbox 568 3683 727 3723; x_wconf 90' lang='lat' dir='ltr'><strong>nunc</strong></span> <span class='ocrx_word' id='word_1_181' title='bbox 756 3669 939 3724; x_wconf 81' lang='lat' dir='ltr'><strong>redux</strong></span> <span class='ocrx_word' id='word_1_182' title='bbox 969 3671 1041 3725; x_wconf 88' lang='lat' dir='ltr'><strong>ad</strong></span> <span class='ocrx_word' id='word_1_183' title='bbox 1074 3672 1412 3739; x_wconf 82' lang='lat' dir='ltr'><strong>exercitum,</strong></span> <span class='ocrx_word' id='word_1_184' title='bbox 1448 3675 1725 3730; x_wconf 87' lang='lat' dir='ltr'><strong>tribunus</strong></span> <span class='ocrx_word' id='word_1_185' title='bbox 1756 3680 1899 3730; x_wconf 89' lang='lat' dir='ltr'><strong>erat.</strong></span> 
     </span>
    </p>
   </div>
   <div class='ocr_carea' id='block_1_39' title="bbox 569 3754 1700 3833">
    <p class='ocr_par' dir='ltr' id='par_1_39' title="bbox 569 3754 1700 3833">
     <span class='ocr_line' id='line_1_39' title="bbox 569 3754 1700 3833; baseline 0.007 -24"><span class='ocrx_word' id='word_1_186' title='bbox 569 3754 626 3810; x_wconf 87' lang='lat' dir='ltr'><strong>Is</strong></span> <span class='ocrx_word' id='word_1_187' title='bbox 656 3755 755 3810; x_wconf 90' lang='lat' dir='ltr'><strong>ubi</strong></span> <span class='ocrx_word' id='word_1_188' title='bbox 781 3772 1122 3828; x_wconf 80' lang='lat' dir='ltr'><strong>supremam</strong></span> <span class='ocrx_word' id='word_1_189' title='bbox 1154 3759 1503 3831; x_wconf 89' lang='lat' dir='ltr'><strong>dignitatem</strong></span> <span class='ocrx_word' id='word_1_190' title='bbox 1536 3762 1700 3833; x_wconf 89' lang='lat' dir='ltr'><strong>adiit,</strong></span> 
     </span>
    </p>
   </div>
   <div class='ocr_carea' id='block_1_40' title="bbox 568 3844 1795 3922">
    <p class='ocr_par' dir='ltr' id='par_1_40' title="bbox 568 3844 1795 3922">
     <span class='ocr_line' id='line_1_40' title="bbox 568 3844 1795 3922; baseline 0.007 -23"><span class='ocrx_word' id='word_1_191' title='bbox 568 3844 803 3916; x_wconf 88' lang='lat' dir='ltr'><strong>imperii</strong></span> <span class='ocrx_word' id='word_1_192' title='bbox 832 3847 1060 3903; x_wconf 88' lang='lat' dir='ltr'><strong>socium</strong></span> <span class='ocrx_word' id='word_1_193' title='bbox 1093 3849 1331 3904; x_wconf 87' lang='lat' dir='ltr'><strong>fratrem</strong></span> <span class='ocrx_word' id='word_1_194' title='bbox 1361 3851 1568 3906; x_wconf 90' lang='lat' dir='ltr'><strong>ascivit</strong></span> <span class='ocrx_word' id='word_1_195' title='bbox 1597 3868 1795 3922; x_wconf 91' lang='lat' dir='ltr'><strong>suum,</strong></span> 
     </span>
    </p>
   </div>
   <div class='ocr_carea' id='block_1_41' title="bbox 568 3935 1822 4009">
    <p class='ocr_par' dir='ltr' id='par_1_41' title="bbox 568 3935 1822 4009">
     <span class='ocr_line' id='line_1_41' title="bbox 568 3935 1822 4009; baseline 0.008 -23"><span class='ocrx_word' id='word_1_196' title='bbox 568 3948 968 3989; x_wconf 66' lang='lat' dir='ltr'><strong>aerumnosum</strong></span> <span class='ocrx_word' id='word_1_197' title='bbox 1002 3935 1331 4009; x_wconf 85' lang='lat' dir='ltr'><strong>Valentem,</strong></span> <span class='ocrx_word' id='word_1_198' title='bbox 1361 3938 1481 3993; x_wconf 88' lang='lat' dir='ltr'><strong>Arii</strong></span> <span class='ocrx_word' id='word_1_199' title='bbox 1513 3939 1822 4009; x_wconf 87' lang='lat' dir='ltr'><strong>asseclam,</strong></span> 
     </span>
    </p>
   </div>
   <div class='ocr_carea' id='block_1_42' title="bbox 568 4021 1803 4098">
    <p class='ocr_par' dir='ltr' id='par_1_42' title="bbox 568 4021 1803 4098">
     <span class='ocr_line' id='line_1_42' title="bbox 568 4021 1803 4098; baseline 0.006 -21"><span class='ocrx_word' id='word_1_200' title='bbox 568 4021 662 4077; x_wconf 91' lang='lat' dir='ltr'><strong>cui</strong></span> <span class='ocrx_word' id='word_1_201' title='bbox 695 4026 891 4094; x_wconf 91' lang='lat' dir='ltr'><strong>partes</strong></span> <span class='ocrx_word' id='word_1_202' title='bbox 922 4024 1178 4082; x_wconf 88' lang='lat' dir='ltr'><strong>Orientis</strong></span> <span class='ocrx_word' id='word_1_203' title='bbox 1205 4028 1493 4098; x_wconf 88' lang='lat' dir='ltr'><strong>regendas</strong></span> <span class='ocrx_word' id='word_1_204' title='bbox 1520 4029 1765 4085; x_wconf 89' lang='lat' dir='ltr'><strong>tradidit</strong></span> <span class='ocrx_word' id='word_1_205' title='bbox 1789 4047 1803 4085; x_wconf 90' lang='lat'><strong>:</strong></span> 
     </span>
    </p>
   </div>
   <div class='ocr_carea' id='block_1_43' title="bbox 566 4110 1564 4187">
    <p class='ocr_par' dir='ltr' id='par_1_43' title="bbox 566 4110 1564 4187">
     <span class='ocr_line' id='line_1_43' title="bbox 566 4110 1564 4187; baseline 0.006 -22"><span class='ocrx_word' id='word_1_206' title='bbox 566 4110 695 4181; x_wconf 89' lang='lat' dir='ltr'><strong>ipse</strong></span> <span class='ocrx_word' id='word_1_207' title='bbox 724 4128 858 4166; x_wconf 93' lang='lat' dir='ltr'><strong>vero</strong></span> <span class='ocrx_word' id='word_1_208' title='bbox 889 4112 1163 4169; x_wconf 90' lang='lat' dir='ltr'><strong>Occiduis</strong></span> <span class='ocrx_word' id='word_1_209' title='bbox 1194 4115 1286 4186; x_wconf 90' lang='lat' dir='ltr'><strong>pie</strong></span> <span class='ocrx_word' id='word_1_210' title='bbox 1317 4117 1564 4187; x_wconf 72' lang='lat' dir='ltr'><strong>praefuit,</strong></span> 
     </span>
    </p>
   </div>
   <div class='ocr_carea' id='block_1_44' title="bbox 570 4199 1667 4273">
    <p class='ocr_par' dir='ltr' id='par_1_44' title="bbox 570 4199 1667 4273">
     <span class='ocr_line' id='line_1_44' title="bbox 570 4199 1667 4273; baseline 0.01 -21"><span class='ocrx_word' id='word_1_211' title='bbox 570 4199 672 4253; x_wconf 91' lang='lat' dir='ltr'><strong>ubi</strong></span> <span class='ocrx_word' id='word_1_212' title='bbox 703 4200 963 4273; x_wconf 67' lang='lat' dir='ltr'><strong>trophaea</strong></span> <span class='ocrx_word' id='word_1_213' title='bbox 991 4202 1213 4259; x_wconf 87' lang='lat' dir='ltr'><strong>nobilia</strong></span> <span class='ocrx_word' id='word_1_214' title='bbox 1242 4204 1313 4260; x_wconf 89' lang='lat' dir='ltr'><strong>de</strong></span> <span class='ocrx_word' id='word_1_215' title='bbox 1340 4205 1667 4263; x_wconf 88' lang='lat' dir='ltr'><strong>barbaricis</strong></span> 
     </span>
    </p>
   </div>
   <div class='ocr_carea' id='block_1_45' title="bbox 568 4288 1741 4366">
    <p class='ocr_par' dir='ltr' id='par_1_45' title="bbox 568 4288 1741 4366">
     <span class='ocr_line' id='line_1_45' title="bbox 568 4288 1741 4366; baseline 0.009 -24"><span class='ocrx_word' id='word_1_216' title='bbox 568 4288 843 4361; x_wconf 85' lang='lat' dir='ltr'><strong>gentibus</strong></span> <span class='ocrx_word' id='word_1_217' title='bbox 872 4293 1052 4349; x_wconf 87' lang='lat' dir='ltr'><strong>victor</strong></span> <span class='ocrx_word' id='word_1_218' title='bbox 1079 4298 1287 4350; x_wconf 82' lang='lat' dir='ltr'><strong>statuit</strong></span> <span class='ocrx_word' id='word_1_219' title='bbox 1315 4312 1423 4366; x_wconf 93' lang='lat' dir='ltr'><strong>ope</strong></span> <span class='ocrx_word' id='word_1_220' title='bbox 1453 4298 1741 4355; x_wconf 88' lang='lat' dir='ltr'><strong>Numinis.</strong></span> 
     </span>
    </p>
   </div>
   <div class='ocr_carea' id='block_1_46' title="bbox 572 4383 1772 4463">
    <p class='ocr_par' dir='ltr' id='par_1_46' title="bbox 572 4383 1772 4463">
     <span class='ocr_line' id='line_1_46' title="bbox 572 4383 1772 4463; baseline 0.007 -25"><span class='ocrx_word' id='word_1_221' title='bbox 572 4383 679 4439; x_wconf 84' lang='lat' dir='ltr'><strong>Hic</strong></span> <span class='ocrx_word' id='word_1_222' title='bbox 706 4386 905 4441; x_wconf 90' lang='lat' dir='ltr'><strong>omnia</strong></span> <span class='ocrx_word' id='word_1_223' title='bbox 936 4387 1075 4443; x_wconf 90' lang='lat' dir='ltr'><strong>boni</strong></span> <span class='ocrx_word' id='word_1_224' title='bbox 1106 4404 1456 4459; x_wconf 80' lang='lat' dir='ltr'><strong>expromens</strong></span> <span class='ocrx_word' id='word_1_225' title='bbox 1488 4390 1772 4463; x_wconf 86' lang='lat' dir='ltr'><strong>principis</strong></span> 
     </span>
    </p>
   </div>
   <div class='ocr_carea' id='block_1_47' title="bbox 563 4476 1824 4554">
    <p class='ocr_par' dir='ltr' id='par_1_47' title="bbox 563 4476 1824 4554">
     <span class='ocr_line' id='line_1_47' title="bbox 563 4476 1824 4554; baseline 0.004 -23"><span class='ocrx_word' id='word_1_226' title='bbox 563 4476 928 4548; x_wconf 71' lang='lat' dir='ltr'><strong>justitiaaque</strong></span> <span class='ocrx_word' id='word_1_227' title='bbox 957 4494 1156 4535; x_wconf 90' lang='lat' dir='ltr'><strong>amore</strong></span> <span class='ocrx_word' id='word_1_228' title='bbox 1188 4482 1513 4551; x_wconf 68' lang='lat' dir='ltr'><strong>praesertim</strong></span> <span class='ocrx_word' id='word_1_229' title='bbox 1547 4482 1824 4554; x_wconf 88' lang='lat' dir='ltr'><strong>ﬂagrans,</strong></span> 
     </span>
    </p>
   </div>
   <div class='ocr_carea' id='block_1_48' title="bbox 567 4566 1718 4642">
    <p class='ocr_par' dir='ltr' id='par_1_48' title="bbox 567 4566 1718 4642">
     <span class='ocr_line' id='line_1_48' title="bbox 567 4566 1718 4642; baseline 0.004 -22"><span class='ocrx_word' id='word_1_230' title='bbox 567 4566 1023 4625; x_wconf 84' lang='lat' dir='ltr'><strong>orthodoxorum</strong></span> <span class='ocrx_word' id='word_1_231' title='bbox 1054 4571 1395 4642; x_wconf 88' lang='lat' dir='ltr'><strong>dogmatum</strong></span> <span class='ocrx_word' id='word_1_232' title='bbox 1429 4571 1718 4641; x_wconf 82' lang='lat' dir='ltr'><strong>defensor,</strong></span> 
     </span>
    </p>
   </div>
   <div class='ocr_carea' id='block_1_49' title="bbox 569 4657 1908 4729">
    <p class='ocr_par' dir='ltr' id='par_1_49' title="bbox 569 4657 1908 4729">
     <span class='ocr_line' id='line_1_49' title="bbox 569 4657 1908 4729; baseline 0.005 -18"><span class='ocrx_word' id='word_1_233' title='bbox 569 4657 896 4726; x_wconf 89' lang='lat' dir='ltr'><strong>spatiosum</strong></span> <span class='ocrx_word' id='word_1_234' title='bbox 929 4658 1055 4715; x_wconf 66' lang='lat' dir='ltr'><strong>vitae</strong></span> <span class='ocrx_word' id='word_1_235' title='bbox 1088 4660 1453 4716; x_wconf 89' lang='lat' dir='ltr'><strong>curriculum</strong></span> <span class='ocrx_word' id='word_1_236' title='bbox 1486 4677 1767 4718; x_wconf 91' lang='lat' dir='ltr'><strong>emensus</strong></span> <span class='ocrx_word' id='word_1_237' title='bbox 1797 4665 1908 4729; x_wconf 88' lang='lat' dir='ltr'><strong>est,</strong></span> 
     </span>
    </p>
   </div>
   <div class='ocr_carea' id='block_1_50' title="bbox 570 4749 1816 4821">
    <p class='ocr_par' dir='ltr' id='par_1_50' title="bbox 570 4749 1816 4821">
     <span class='ocr_line' id='line_1_50' title="bbox 570 4749 1816 4821; baseline 0.006 -21"><span class='ocrx_word' id='word_1_238' title='bbox 570 4750 627 4801; x_wconf 90' lang='lat' dir='ltr'><strong>et</strong></span> <span class='ocrx_word' id='word_1_239' title='bbox 658 4764 834 4803; x_wconf 89' lang='lat' dir='ltr'><strong>cursu</strong></span> <span class='ocrx_word' id='word_1_240' title='bbox 866 4749 995 4804; x_wconf 59' lang='lat' dir='ltr'><strong>vitai</strong></span> <span class='ocrx_word' id='word_1_241' title='bbox 1028 4754 1084 4805; x_wconf 91' lang='lat' dir='ltr'><strong>et</strong></span> <span class='ocrx_word' id='word_1_242' title='bbox 1113 4752 1363 4807; x_wconf 88' lang='lat' dir='ltr'><strong>termino</strong></span> <span class='ocrx_word' id='word_1_243' title='bbox 1394 4751 1602 4807; x_wconf 87' lang='lat' dir='ltr'><strong>beatus</strong></span> <span class='ocrx_word' id='word_1_244' title='bbox 1634 4752 1816 4821; x_wconf 88' lang='lat' dir='ltr'><strong>visus,</strong></span> 
     </span>
    </p>
   </div>
   <div class='ocr_carea' id='block_1_51' title="bbox 569 4837 1813 4913">
    <p class='ocr_par' dir='ltr' id='par_1_51' title="bbox 569 4837 1813 4913">
     <span class='ocr_line' id='line_1_51' title="bbox 569 4837 1813 4913; baseline 0.004 -22"><span class='ocrx_word' id='word_1_245' title='bbox 569 4837 815 4908; x_wconf 81' lang='lat' dir='ltr'><strong>expletis</strong></span> <span class='ocrx_word' id='word_1_246' title='bbox 848 4842 1102 4910; x_wconf 90' lang='lat' dir='ltr'><strong>quatuor</strong></span> <span class='ocrx_word' id='word_1_247' title='bbox 1131 4856 1311 4913; x_wconf 88' lang='lat' dir='ltr'><strong>supra</strong></span> <span class='ocrx_word' id='word_1_248' title='bbox 1340 4842 1615 4913; x_wconf 87' lang='lat' dir='ltr'><strong>octogina</strong></span> <span class='ocrx_word' id='word_1_249' title='bbox 1641 4841 1813 4897; x_wconf 90' lang='lat' dir='ltr'><strong>annis</strong></span> 
     </span>
    </p>
   </div>
   <div class='ocr_carea' id='block_1_52' title="bbox 570 4928 1894 5002">
    <p class='ocr_par' dir='ltr' id='par_1_52' title="bbox 570 4928 1894 5002">
     <span class='ocr_line' id='line_1_52' title="bbox 570 4928 1894 5002; baseline 0.005 -21"><span class='ocrx_word' id='word_1_250' title='bbox 570 4942 807 4983; x_wconf 88' lang='lat' dir='ltr'><strong>summo</strong></span> <span class='ocrx_word' id='word_1_251' title='bbox 838 4928 895 4983; x_wconf 90' lang='lat' dir='ltr'><strong>in</strong></span> <span class='ocrx_word' id='word_1_252' title='bbox 931 4930 1124 4986; x_wconf 80' lang='lat' dir='ltr'><strong>favore</strong></span> <span class='ocrx_word' id='word_1_253' title='bbox 1159 4932 1431 4988; x_wconf 87' lang='lat' dir='ltr'><strong>Numinis</strong></span> <span class='ocrx_word' id='word_1_254' title='bbox 1464 4932 1894 5002; x_wconf 85' lang='lat' dir='ltr'><strong>beatitateque;</strong></span> 
     </span>
    </p>
   </div>
   <div class='ocr_carea' id='block_1_53' title="bbox 571 5020 2035 5093">
    <p class='ocr_par' dir='ltr' id='par_1_53' title="bbox 571 5020 2035 5093">
     <span class='ocr_line' id='line_1_53' title="bbox 571 5020 2035 5093; baseline 0.004 -22"><span class='ocrx_word' id='word_1_255' title='bbox 571 5032 638 5071; x_wconf 87' lang='lat' dir='ltr'><strong>ex</strong></span> <span class='ocrx_word' id='word_1_256' title='bbox 669 5034 783 5090; x_wconf 92' lang='lat' dir='ltr'><strong>quo</strong></span> <span class='ocrx_word' id='word_1_257' title='bbox 816 5020 1131 5092; x_wconf 89' lang='lat' dir='ltr'><strong>imperium</strong></span> <span class='ocrx_word' id='word_1_258' title='bbox 1163 5026 1502 5093; x_wconf 87' lang='lat' dir='ltr'><strong>susceperat</strong></span> <span class='ocrx_word' id='word_1_259' title='bbox 1533 5022 1704 5079; x_wconf 91' lang='lat' dir='ltr'><strong>annis</strong></span> <span class='ocrx_word' id='word_1_260' title='bbox 1738 5020 2035 5079; x_wconf 87' lang='lat' dir='ltr'><strong>undecim.</strong></span> 
     </span>
    </p>
   </div>
   <div class='ocr_carea' id='block_1_54' title="bbox 570 5107 1927 5182">
    <p class='ocr_par' dir='ltr' id='par_1_54' title="bbox 570 5107 1927 5182">
     <span class='ocr_line' id='line_1_54' title="bbox 570 5107 1927 5182; baseline 0.004 -20"><span class='ocrx_word' id='word_1_261' title='bbox 570 5107 673 5164; x_wconf 85' lang='lat' dir='ltr'><strong>Hic</strong></span> <span class='ocrx_word' id='word_1_262' title='bbox 704 5111 845 5164; x_wconf 91' lang='lat' dir='ltr'><strong>dum</strong></span> <span class='ocrx_word' id='word_1_263' title='bbox 876 5109 935 5165; x_wconf 90' lang='lat' dir='ltr'><strong>in</strong></span> <span class='ocrx_word' id='word_1_264' title='bbox 969 5110 1153 5166; x_wconf 89' lang='lat' dir='ltr'><strong>Gallis</strong></span> <span class='ocrx_word' id='word_1_265' title='bbox 1186 5112 1444 5182; x_wconf 91' lang='lat' dir='ltr'><strong>degeret,</strong></span> <span class='ocrx_word' id='word_1_266' title='bbox 1479 5117 1729 5167; x_wconf 90' lang='lat' dir='ltr'><strong>mortem</strong></span> <span class='ocrx_word' id='word_1_267' title='bbox 1758 5112 1927 5179; x_wconf 89' lang='lat' dir='ltr'><strong>obiit,</strong></span> 
     </span>
    </p>
   </div>
   <div class='ocr_carea' id='block_1_55' title="bbox 570 5198 1725 5273">
    <p class='ocr_par' dir='ltr' id='par_1_55' title="bbox 570 5198 1725 5273">
     <span class='ocr_line' id='line_1_55' title="bbox 570 5198 1725 5273; baseline 0.003 -20"><span class='ocrx_word' id='word_1_268' title='bbox 570 5198 848 5255; x_wconf 90' lang='lat' dir='ltr'><strong>Gratiano</strong></span> <span class='ocrx_word' id='word_1_269' title='bbox 880 5200 1000 5256; x_wconf 84' lang='lat' dir='ltr'><strong>ﬁlio</strong></span> <span class='ocrx_word' id='word_1_270' title='bbox 1033 5202 1347 5273; x_wconf 91' lang='lat' dir='ltr'><strong>imperium</strong></span> <span class='ocrx_word' id='word_1_271' title='bbox 1384 5202 1725 5273; x_wconf 89' lang='lat' dir='ltr'><strong>relinquens</strong></span> 
     </span>
    </p>
   </div>
   <div class='ocr_carea' id='block_1_56' title="bbox 567 5288 1733 5361">
    <p class='ocr_par' dir='ltr' id='par_1_56' title="bbox 567 5288 1733 5361">
     <span class='ocr_line' id='line_1_56' title="bbox 567 5288 1733 5361; baseline 0.003 -20"><span class='ocrx_word' id='word_1_272' title='bbox 567 5288 691 5343; x_wconf 91' lang='lat' dir='ltr'><strong>viro</strong></span> <span class='ocrx_word' id='word_1_273' title='bbox 722 5296 1014 5344; x_wconf 88' lang='lat' dir='ltr'><strong>rectorum</strong></span> <span class='ocrx_word' id='word_1_274' title='bbox 1046 5290 1385 5361; x_wconf 89' lang='lat' dir='ltr'><strong>dogmatum</strong></span> <span class='ocrx_word' id='word_1_275' title='bbox 1416 5290 1733 5346; x_wconf 81' lang='lat' dir='ltr'><strong>defensori.</strong></span> 
     </span>
    </p>
   </div>
   <div class='ocr_carea' id='block_1_57' title="bbox 942 5405 1842 5473">
    <p class='ocr_par' dir='ltr' id='par_1_57' title="bbox 942 5405 1842 5473">
     <span class='ocr_line' id='line_1_57' title="bbox 942 5405 1842 5473; baseline 0.003 -14"><span class='ocrx_word' id='word_1_276' title='bbox 942 5405 1226 5463; x_wconf 78' lang='lat' dir='ltr'><strong>VALENS</strong></span> <span class='ocrx_word' id='word_1_277' title='bbox 1269 5406 1386 5463; x_wconf 87' lang='lat' dir='ltr'><strong>AN.</strong></span> <span class='ocrx_word' id='word_1_278' title='bbox 1430 5406 1532 5473; x_wconf 88' lang='lat' dir='ltr'><strong>III,</strong></span> <span class='ocrx_word' id='word_1_279' title='bbox 1574 5406 1705 5463; x_wconf 88' lang='lat' dir='ltr'><strong>SEU</strong></span> <span class='ocrx_word' id='word_1_280' title='bbox 1746 5406 1842 5463; x_wconf 90' lang='lat' dir='ltr'><strong>IV.</strong></span> 
     </span>
    </p>
   </div>
   <div class='ocr_carea' id='block_1_58' title="bbox 566 5512 1634 5587">
    <p class='ocr_par' dir='ltr' id='par_1_58' title="bbox 566 5512 1634 5587">
     <span class='ocr_line' id='line_1_58' title="bbox 566 5512 1634 5587; baseline 0.003 -20"><span class='ocrx_word' id='word_1_281' title='bbox 566 5512 819 5569; x_wconf 90' lang='lat' dir='ltr'><strong>Orientis</strong></span> <span class='ocrx_word' id='word_1_282' title='bbox 849 5512 1086 5570; x_wconf 89' lang='lat' dir='ltr'><strong>interim</strong></span> <span class='ocrx_word' id='word_1_283' title='bbox 1116 5520 1387 5587; x_wconf 84' lang='lat' dir='ltr'><strong>regnator</strong></span> <span class='ocrx_word' id='word_1_284' title='bbox 1415 5512 1634 5570; x_wconf 83' lang='lat' dir='ltr'><strong>Valens</strong></span> 
     </span>
    </p>
   </div>
   <div class='ocr_carea' id='block_1_59' title="bbox 565 5603 1487 5673">
    <p class='ocr_par' dir='ltr' id='par_1_59' title="bbox 565 5603 1487 5673">
     <span class='ocr_line' id='line_1_59' title="bbox 565 5603 1487 5673; baseline 0.001 -15"><span class='ocrx_word' id='word_1_285' title='bbox 565 5603 915 5660; x_wconf 83' lang='lat' dir='ltr'><strong>Arianorum</strong></span> <span class='ocrx_word' id='word_1_286' title='bbox 947 5605 1184 5669; x_wconf 88' lang='lat' dir='ltr'><strong>deditus</strong></span> <span class='ocrx_word' id='word_1_287' title='bbox 1216 5603 1487 5673; x_wconf 60' lang='lat' dir='ltr'><strong>vesaniae,</strong></span> 
     </span>
    </p>
   </div>
   <div class='ocr_carea' id='block_1_60' title="bbox 2248 503 3591 581">
    <p class='ocr_par' dir='ltr' id='par_1_60' title="bbox 2248 503 3591 581">
     <span class='ocr_line' id='line_1_60' title="bbox 2248 503 3591 581; baseline -0.005 -15"><span class='ocrx_word' id='word_1_288' title='bbox 2248 506 2303 574; x_wconf 76' lang='grc' dir='ltr'>Α</span> <span class='ocrx_word' id='word_1_289' title='bbox 2512 504 2610 568; x_wconf 79' lang='grc' dir='ltr'><strong>Εἲς</strong></span> <span class='ocrx_word' id='word_1_290' title='bbox 2646 503 2924 581; x_wconf 81' lang='grc' dir='ltr'>βασιλείας</span> <span class='ocrx_word' id='word_1_291' title='bbox 2954 506 3021 561; x_wconf 83' lang='grc' dir='ltr'>τὸ</span> <span class='ocrx_word' id='word_1_292' title='bbox 3047 504 3243 580; x_wconf 70' lang='grc' dir='ltr'>κράτος</span> <span class='ocrx_word' id='word_1_293' title='bbox 3266 506 3591 581; x_wconf 54' lang='grc' dir='ltr'>προεκρίθη</span> 
     </span>
    </p>
   </div>
   <div class='ocr_carea' id='block_1_61' title="bbox 2374 590 3780 668">
    <p class='ocr_par' dir='ltr' id='par_1_61' title="bbox 2374 590 3780 668">
     <span class='ocr_line' id='line_1_61' title="bbox 2374 590 3780 668; baseline 0.001 -19"><span class='ocrx_word' id='word_1_294' title='bbox 2374 593 2481 649; x_wconf 80' lang='grc'><strong>475</strong></span> <span class='ocrx_word' id='word_1_295' title='bbox 2516 593 2573 647; x_wconf 75' lang='lat'><strong>&#39;0</strong></span> <span class='ocrx_word' id='word_1_296' title='bbox 2601 590 2646 647; x_wconf 86' lang='grc' dir='ltr'>δ’</span> <span class='ocrx_word' id='word_1_297' title='bbox 2668 597 2732 662; x_wconf 73' lang='grc' dir='ltr'>ἦν</span> <span class='ocrx_word' id='word_1_298' title='bbox 2766 593 2994 663; x_wconf 74' lang='grc' dir='ltr'>ἀπειθὴς</span> <span class='ocrx_word' id='word_1_299' title='bbox 3024 595 3161 665; x_wconf 81' lang='grc' dir='ltr'>πρὸς</span> <span class='ocrx_word' id='word_1_300' title='bbox 3194 594 3255 648; x_wconf 89' lang='grc' dir='ltr'>τὸ</span> <span class='ocrx_word' id='word_1_301' title='bbox 3288 591 3529 663; x_wconf 81' lang='grc' dir='ltr'>δέξασθαι</span> <span class='ocrx_word' id='word_1_302' title='bbox 3559 591 3780 668; x_wconf 85' lang='grc' dir='ltr'>κράτος.</span> 
     </span>
    </p>
   </div>
   <div class='ocr_carea' id='block_1_62' title="bbox 2516 680 3713 758">
    <p class='ocr_par' dir='ltr' id='par_1_62' title="bbox 2516 680 3713 758">
     <span class='ocr_line' id='line_1_62' title="bbox 2516 680 3713 758; baseline -0.003 -19"><span class='ocrx_word' id='word_1_303' title='bbox 2516 687 2757 758; x_wconf 78' lang='grc' dir='ltr'><strong>Χριστοῦ</strong></span> <span class='ocrx_word' id='word_1_304' title='bbox 2792 684 2882 755; x_wconf 78' lang='grc' dir='ltr'>μὲν</span> <span class='ocrx_word' id='word_1_305' title='bbox 2912 682 3070 737; x_wconf 87' lang='grc' dir='ltr'>αὐτὸν</span> <span class='ocrx_word' id='word_1_306' title='bbox 3102 683 3317 752; x_wconf 74' lang='grc' dir='ltr'>οἰκέτην</span> <span class='ocrx_word' id='word_1_307' title='bbox 3352 684 3484 738; x_wconf 78' lang='grc' dir='ltr'>εἶναι</span> <span class='ocrx_word' id='word_1_308' title='bbox 3515 680 3713 758; x_wconf 87' lang='grc' dir='ltr'>λέγων,</span> 
     </span>
    </p>
   </div>
   <div class='ocr_carea' id='block_1_63' title="bbox 2518 767 3817 846">
    <p class='ocr_par' dir='ltr' id='par_1_63' title="bbox 2518 767 3817 846">
     <span class='ocr_line' id='line_1_63' title="bbox 2518 767 3817 846; baseline -0.002 -20"><span class='ocrx_word' id='word_1_309' title='bbox 2518 771 2615 826; x_wconf 79' lang='grc' dir='ltr'>Καὶ</span> <span class='ocrx_word' id='word_1_310' title='bbox 2652 773 2727 843; x_wconf 84' lang='grc' dir='ltr'>μὴ</span> <span class='ocrx_word' id='word_1_311' title='bbox 2756 776 3082 846; x_wconf 83' lang='grc' dir='ltr'>κραταρχεῖν</span> <span class='ocrx_word' id='word_1_312' title='bbox 3111 767 3338 833; x_wconf 77' lang='grc' dir='ltr'>ἀσεϐοῦς</span> <span class='ocrx_word' id='word_1_313' title='bbox 3368 776 3597 846; x_wconf 87' lang='grc' dir='ltr'>στρατοῦ</span> <span class='ocrx_word' id='word_1_314' title='bbox 3621 769 3817 835; x_wconf 84' lang='grc' dir='ltr'>θέλειν·</span> 
     </span>
    </p>
   </div>
   <div class='ocr_carea' id='block_1_64' title="bbox 2518 855 3765 936">
    <p class='ocr_par' dir='ltr' id='par_1_64' title="bbox 2518 855 3765 936">
     <span class='ocr_line' id='line_1_64' title="bbox 2518 855 3765 936; baseline -0.003 -20"><span class='ocrx_word' id='word_1_315' title='bbox 2518 860 2742 917; x_wconf 79' lang='grc' dir='ltr'><strong>Τούτων</strong></span> <span class='ocrx_word' id='word_1_316' title='bbox 2774 859 2831 915; x_wconf 75' lang='grc' dir='ltr'>δὲ</span> <span class='ocrx_word' id='word_1_317' title='bbox 2858 862 3090 933; x_wconf 83' lang='grc' dir='ltr'>Χριστὸν</span> <span class='ocrx_word' id='word_1_318' title='bbox 3122 861 3533 936; x_wconf 77' lang='grc' dir='ltr'>άνακραξάντων</span> <span class='ocrx_word' id='word_1_319' title='bbox 3568 855 3765 930; x_wconf 74' lang='grc' dir='ltr'>σέϐειν,</span> 
     </span>
    </p>
   </div>
   <div class='ocr_carea' id='block_1_65' title="bbox 2513 948 3538 1024">
    <p class='ocr_par' dir='ltr' id='par_1_65' title="bbox 2513 948 3538 1024">
     <span class='ocr_line' id='line_1_65' title="bbox 2513 948 3538 1024; baseline -0.004 -18"><span class='ocrx_word' id='word_1_320' title='bbox 2513 949 2689 1013; x_wconf 82' lang='grc' dir='ltr'>Εὐθὺς</span> <span class='ocrx_word' id='word_1_321' title='bbox 2721 951 3023 1018; x_wconf 80' lang='grc' dir='ltr'>ἆνεζώσατο</span> <span class='ocrx_word' id='word_1_322' title='bbox 3048 950 3147 1018; x_wconf 85' lang='grc' dir='ltr'>τὴν</span> <span class='ocrx_word' id='word_1_323' title='bbox 3178 948 3538 1024; x_wconf 86' lang='grc' dir='ltr'>κραταρχίαν·</span> 
     </span>
    </p>
   </div>
   <div class='ocr_carea' id='block_1_66' title="bbox 2371 1035 3752 1114">
    <p class='ocr_par' dir='ltr' id='par_1_66' title="bbox 2371 1035 3752 1114">
     <span class='ocr_line' id='line_1_66' title="bbox 2371 1035 3752 1114; baseline -0.003 -18"><span class='ocrx_word' id='word_1_324' title='bbox 2371 1041 2477 1096; x_wconf 72' lang='grc'><strong>480</strong></span> <span class='ocrx_word' id='word_1_325' title='bbox 2516 1040 2611 1093; x_wconf 80' lang='grc' dir='ltr'><strong>Καὶ</strong></span> <span class='ocrx_word' id='word_1_326' title='bbox 2644 1039 2923 1094; x_wconf 74' lang='grc' dir='ltr'><strong>σπένδεται</strong></span> <span class='ocrx_word' id='word_1_327' title='bbox 2955 1036 3012 1093; x_wconf 72' lang='grc' dir='ltr'>δὲ</span> <span class='ocrx_word' id='word_1_328' title='bbox 3039 1045 3119 1111; x_wconf 78' lang='grc' dir='ltr'>τῷ</span> <span class='ocrx_word' id='word_1_329' title='bbox 3148 1042 3437 1114; x_wconf 74' lang='grc' dir='ltr'>κρατοῦντι</span> <span class='ocrx_word' id='word_1_330' title='bbox 3468 1035 3752 1111; x_wconf 59' lang='grc' dir='ltr'>Περσίδος</span> 
     </span>
    </p>
   </div>
   <div class='ocr_carea' id='block_1_67' title="bbox 2512 1125 3673 1204">
    <p class='ocr_par' dir='ltr' id='par_1_67' title="bbox 2512 1125 3673 1204">
     <span class='ocr_line' id='line_1_67' title="bbox 2512 1125 3673 1204; baseline -0.004 -19"><span class='ocrx_word' id='word_1_331' title='bbox 2512 1128 2615 1185; x_wconf 84' lang='grc' dir='ltr'><strong>Καὶ</strong></span> <span class='ocrx_word' id='word_1_332' title='bbox 2643 1127 2736 1182; x_wconf 78' lang='grc' dir='ltr'>σὺν</span> <span class='ocrx_word' id='word_1_333' title='bbox 2770 1132 2993 1203; x_wconf 81' lang='grc' dir='ltr'>στρατιᾷ</span> <span class='ocrx_word' id='word_1_334' title='bbox 3020 1129 3119 1197; x_wconf 82' lang='grc' dir='ltr'>τὴν</span> <span class='ocrx_word' id='word_1_335' title='bbox 3152 1127 3439 1203; x_wconf 87' lang='grc' dir='ltr'>Ἀντιόχου</span> <span class='ocrx_word' id='word_1_336' title='bbox 3473 1125 3673 1204; x_wconf 79' lang='grc' dir='ltr'>φθάσας</span> 
     </span>
    </p>
   </div>
   <div class='ocr_carea' id='block_1_68' title="bbox 2512 1214 3708 1293">
    <p class='ocr_par' dir='ltr' id='par_1_68' title="bbox 2512 1214 3708 1293">
     <span class='ocr_line' id='line_1_68' title="bbox 2512 1214 3708 1293; baseline -0.003 -21"><span class='ocrx_word' id='word_1_337' title='bbox 2512 1216 2654 1279; x_wconf 77' lang='grc' dir='ltr'>Τοὺς</span> <span class='ocrx_word' id='word_1_338' title='bbox 2684 1216 2809 1291; x_wconf 82' lang='grc' dir='ltr'>πρὶν</span> <span class='ocrx_word' id='word_1_339' title='bbox 2844 1214 3085 1293; x_wconf 81' lang='grc' dir='ltr'>φυγάδας</span> <span class='ocrx_word' id='word_1_340' title='bbox 3113 1215 3411 1291; x_wconf 84' lang='grc' dir='ltr'>άρχιθύτας</span> <span class='ocrx_word' id='word_1_341' title='bbox 3443 1216 3708 1287; x_wconf 77' lang='grc' dir='ltr'>ποιμένας</span> 
     </span>
    </p>
   </div>
   <div class='ocr_carea' id='block_1_69' title="bbox 2506 1303 3579 1381">
    <p class='ocr_par' dir='ltr' id='par_1_69' title="bbox 2506 1303 3579 1381">
     <span class='ocr_line' id='line_1_69' title="bbox 2506 1303 3579 1381; baseline -0.003 -21"><span class='ocrx_word' id='word_1_342' title='bbox 2506 1306 2604 1367; x_wconf 72' lang='grc' dir='ltr'><strong>Εἲς</strong></span> <span class='ocrx_word' id='word_1_343' title='bbox 2637 1310 2784 1381; x_wconf 79' lang='grc' dir='ltr'>σφῶν</span> <span class='ocrx_word' id='word_1_344' title='bbox 2820 1304 3126 1381; x_wconf 72' lang='grc' dir='ltr'><strong>ἐπανήγαγε</strong></span> <span class='ocrx_word' id='word_1_345' title='bbox 3155 1303 3579 1378; x_wconf 83' lang='grc' dir='ltr'>ποιμεναρχίας,</span> 
     </span>
    </p>
   </div>
   <div class='ocr_carea' id='block_1_70' title="bbox 2508 1389 3522 1466">
    <p class='ocr_par' dir='ltr' id='par_1_70' title="bbox 2508 1389 3522 1466">
     <span class='ocr_line' id='line_1_70' title="bbox 2508 1389 3522 1466; baseline -0.004 -15"><span class='ocrx_word' id='word_1_346' title='bbox 2508 1396 2735 1459; x_wconf 82' lang='grc' dir='ltr'>Μεθ’ὧν</span> <span class='ocrx_word' id='word_1_347' title='bbox 2769 1396 3077 1452; x_wconf 83' lang='grc' dir='ltr'>Ἀθανάσιον</span> <span class='ocrx_word' id='word_1_348' title='bbox 3111 1389 3293 1449; x_wconf 79' lang='grc' dir='ltr'>ἔνθεον</span> <span class='ocrx_word' id='word_1_349' title='bbox 3328 1393 3522 1466; x_wconf 84' lang='grc' dir='ltr'>θύτην,</span> 
     </span>
    </p>
   </div>
   <div class='ocr_carea' id='block_1_71' title="bbox 2365 1479 3708 1559">
    <p class='ocr_par' dir='ltr' id='par_1_71' title="bbox 2365 1479 3708 1559">
     <span class='ocr_line' id='line_1_71' title="bbox 2365 1479 3708 1559; baseline -0.006 -18"><span class='ocrx_word' id='word_1_350' title='bbox 2365 1487 2471 1541; x_wconf 87' lang='grc'><strong>485</strong></span> <span class='ocrx_word' id='word_1_351' title='bbox 2510 1484 2607 1541; x_wconf 82' lang='grc' dir='ltr'>Καὶ</span> <span class='ocrx_word' id='word_1_352' title='bbox 2638 1490 2798 1538; x_wconf 82' lang='grc' dir='ltr'>πᾶσιν</span> <span class='ocrx_word' id='word_1_353' title='bbox 2832 1479 3121 1559; x_wconf 77' lang='grc' dir='ltr'>έὸράϐευσε</span> <span class='ocrx_word' id='word_1_354' title='bbox 3150 1487 3265 1544; x_wconf 87' lang='grc' dir='ltr'>τοῖς</span> <span class='ocrx_word' id='word_1_355' title='bbox 3294 1481 3708 1557; x_wconf 88' lang='grc' dir='ltr'>Χριστωνύμοις</span> 
     </span>
    </p>
   </div>
   <div class='ocr_carea' id='block_1_72' title="bbox 2504 1570 3429 1649">
    <p class='ocr_par' dir='ltr' id='par_1_72' title="bbox 2504 1570 3429 1649">
     <span class='ocr_line' id='line_1_72' title="bbox 2504 1570 3429 1649; baseline -0.002 -20"><span class='ocrx_word' id='word_1_356' title='bbox 2504 1576 2639 1648; x_wconf 85' lang='grc' dir='ltr'><strong>Ἔαρ</strong></span> <span class='ocrx_word' id='word_1_357' title='bbox 2659 1572 2899 1648; x_wconf 83' lang='grc' dir='ltr'>γαληνὸν</span> <span class='ocrx_word' id='word_1_358' title='bbox 2933 1570 3245 1647; x_wconf 76' lang='grc' dir='ltr'>όρθοδοξίας</span> <span class='ocrx_word' id='word_1_359' title='bbox 3276 1572 3429 1649; x_wconf 73' lang='grc' dir='ltr'>φάος.</span> 
     </span>
    </p>
   </div>
   <div class='ocr_carea' id='block_1_73' title="bbox 2503 1658 3606 1737">
    <p class='ocr_par' dir='ltr' id='par_1_73' title="bbox 2503 1658 3606 1737">
     <span class='ocr_line' id='line_1_73' title="bbox 2503 1658 3606 1737; baseline -0.005 -18"><span class='ocrx_word' id='word_1_360' title='bbox 2503 1661 2602 1723; x_wconf 82' lang='grc' dir='ltr'><strong>Εἰς</strong></span> <span class='ocrx_word' id='word_1_361' title='bbox 2628 1663 2901 1737; x_wconf 80' lang='grc' dir='ltr'>Ἀγκυραν</span> <span class='ocrx_word' id='word_1_362' title='bbox 2934 1659 2992 1716; x_wconf 78' lang='grc' dir='ltr'>δὲ</span> <span class='ocrx_word' id='word_1_363' title='bbox 3019 1661 3307 1734; x_wconf 83' lang='grc' dir='ltr'>πεφθακὼς</span> <span class='ocrx_word' id='word_1_364' title='bbox 3339 1658 3606 1721; x_wconf 78' lang='grc' dir='ltr'>Γαλατίας</span> 
     </span>
    </p>
   </div>
   <div class='ocr_carea' id='block_1_74' title="bbox 2506 1747 3426 1824">
    <p class='ocr_par' dir='ltr' id='par_1_74' title="bbox 2506 1747 3426 1824">
     <span class='ocr_line' id='line_1_74' title="bbox 2506 1747 3426 1824; baseline -0.007 -17"><span class='ocrx_word' id='word_1_365' title='bbox 2506 1752 2655 1807; x_wconf 82' lang='grc' dir='ltr'>Ἐκεῖ</span> <span class='ocrx_word' id='word_1_366' title='bbox 2684 1754 2910 1820; x_wconf 73' lang='grc' dir='ltr'>τελευτᾷ</span> <span class='ocrx_word' id='word_1_367' title='bbox 2942 1748 3143 1824; x_wconf 84' lang='grc' dir='ltr'>διάγων</span> <span class='ocrx_word' id='word_1_368' title='bbox 3174 1747 3426 1819; x_wconf 78' lang='grc' dir='ltr'>ἐξαπίνης</span> 
     </span>
    </p>
   </div>
   <div class='ocr_carea' id='block_1_75' title="bbox 2246 1834 3810 2003">
    <p class='ocr_par' dir='ltr' id='par_1_75' title="bbox 2246 1834 3810 2003">
     <span class='ocr_line' id='line_1_75' title="bbox 2246 1834 3629 1940; baseline -0.004 -44"><span class='ocrx_word' id='word_1_369' title='bbox 2246 1873 2297 1940; x_wconf 80' lang='grc' dir='ltr'><strong>Β</strong></span> <span class='ocrx_word' id='word_1_370' title='bbox 2504 1838 2703 1915; x_wconf 82' lang='grc' dir='ltr'>Φαγών</span> <span class='ocrx_word' id='word_1_371' title='bbox 2731 1839 2980 1913; x_wconf 81' lang='grc' dir='ltr'>μύκητας</span> <span class='ocrx_word' id='word_1_372' title='bbox 3006 1838 3305 1916; x_wconf 79' lang='grc' dir='ltr'>άρτιιρυεῖς,</span> <span class='ocrx_word' id='word_1_373' title='bbox 3336 1837 3409 1899; x_wconf 86' lang='grc' dir='ltr'>ὡς</span> <span class='ocrx_word' id='word_1_374' title='bbox 3441 1834 3629 1913; x_wconf 85' lang='grc' dir='ltr'>λόγος,</span> 
     </span>
     <span class='ocr_line' id='line_1_76' title="bbox 2366 1925 3810 2003; baseline -0.006 -16"><span class='ocrx_word' id='word_1_375' title='bbox 2366 1932 2471 1987; x_wconf 78' lang='grc'>490</span> <span class='ocrx_word' id='word_1_376' title='bbox 2507 1931 2686 1986; x_wconf 86' lang='grc' dir='ltr'>Ὀκτώ</span> <span class='ocrx_word' id='word_1_377' title='bbox 2716 1929 3008 2003; x_wconf 87' lang='grc' dir='ltr'>κατασχὼν</span> <span class='ocrx_word' id='word_1_378' title='bbox 3045 1934 3218 2001; x_wconf 84' lang='grc' dir='ltr'>μῆνας</span> <span class='ocrx_word' id='word_1_379' title='bbox 3250 1928 3431 2001; x_wconf 75' lang='grc' dir='ltr'>ἀρχὴν</span> <span class='ocrx_word' id='word_1_380' title='bbox 3462 1927 3553 1981; x_wconf 88' lang='grc' dir='ltr'><strong>καὶ</strong></span> <span class='ocrx_word' id='word_1_381' title='bbox 3590 1925 3810 1998; x_wconf 85' lang='grc' dir='ltr'>μόνους·</span> 
     </span>
    </p>
   </div>
   <div class='ocr_carea' id='block_1_76' title="bbox 2504 2010 3665 2094">
    <p class='ocr_par' dir='ltr' id='par_1_76' title="bbox 2504 2010 3665 2094">
     <span class='ocr_line' id='line_1_77' title="bbox 2504 2010 3665 2094; baseline -0.004 -21"><span class='ocrx_word' id='word_1_382' title='bbox 2504 2020 2777 2094; x_wconf 76' lang='grc' dir='ltr'>’Υπῆρχεν</span> <span class='ocrx_word' id='word_1_383' title='bbox 2812 2018 2971 2080; x_wconf 83' lang='grc' dir='ltr'>οὗτος</span> <span class='ocrx_word' id='word_1_384' title='bbox 2999 2012 3227 2085; x_wconf 76' lang='grc' dir='ltr'>εὐσεϐὴς</span> <span class='ocrx_word' id='word_1_385' title='bbox 3262 2017 3378 2089; x_wconf 81' lang='grc' dir='ltr'>μὶν,</span> <span class='ocrx_word' id='word_1_386' title='bbox 3411 2016 3486 2077; x_wconf 85' lang='grc' dir='ltr'><strong>ὡς</strong></span> <span class='ocrx_word' id='word_1_387' title='bbox 3513 2010 3665 2089; x_wconf 80' lang='grc' dir='ltr'>ἕθφν,</span> 
     </span>
    </p>
   </div>
   <div class='ocr_carea' id='block_1_77' title="bbox 2506 2103 3620 2182">
    <p class='ocr_par' dir='ltr' id='par_1_77' title="bbox 2506 2103 3620 2182">
     <span class='ocr_line' id='line_1_78' title="bbox 2506 2103 3620 2182; baseline -0.008 -17"><span class='ocrx_word' id='word_1_388' title='bbox 2506 2108 2756 2180; x_wconf 83' lang='grc' dir='ltr'>Χρηστὸς</span> <span class='ocrx_word' id='word_1_389' title='bbox 2788 2107 3030 2182; x_wconf 88' lang='grc' dir='ltr'>γαληνὸς</span> <span class='ocrx_word' id='word_1_390' title='bbox 3062 2106 3296 2178; x_wconf 78' lang='grc' dir='ltr'>εὐμενὴς</span> <span class='ocrx_word' id='word_1_391' title='bbox 3328 2103 3620 2174; x_wconf 82' lang='grc' dir='ltr'>ὑπηκόοις,</span> 
     </span>
    </p>
   </div>
   <div class='ocr_carea' id='block_1_78' title="bbox 2505 2193 3641 2271">
    <p class='ocr_par' dir='ltr' id='par_1_78' title="bbox 2505 2193 3641 2271">
     <span class='ocr_line' id='line_1_79' title="bbox 2505 2193 3641 2271; baseline -0.006 -17"><span class='ocrx_word' id='word_1_392' title='bbox 2505 2194 2849 2271; x_wconf 78' lang='grc' dir='ltr'>Ἀναδρομὴν</span> <span class='ocrx_word' id='word_1_393' title='bbox 2882 2197 3137 2269; x_wconf 86' lang='grc' dir='ltr'>σώματος</span> <span class='ocrx_word' id='word_1_394' title='bbox 3170 2193 3384 2267; x_wconf 80' lang='grc' dir='ltr'>εὐμήκη</span> <span class='ocrx_word' id='word_1_395' title='bbox 3418 2194 3641 2271; x_wconf 64' lang='grc' dir='ltr'>φέρων,¹</span> 
     </span>
    </p>
   </div>
   <div class='ocr_carea' id='block_1_79' title="bbox 2510 2282 3716 2361">
    <p class='ocr_par' dir='ltr' id='par_1_79' title="bbox 2510 2282 3716 2361">
     <span class='ocr_line' id='line_1_80' title="bbox 2510 2282 3716 2361; baseline -0.004 -21"><span class='ocrx_word' id='word_1_396' title='bbox 2510 2285 2608 2340; x_wconf 82' lang='grc' dir='ltr'>Καὶ</span> <span class='ocrx_word' id='word_1_397' title='bbox 2641 2287 2981 2361; x_wconf 84' lang='grc' dir='ltr'>γραμμάτων</span> <span class='ocrx_word' id='word_1_398' title='bbox 3018 2282 3075 2339; x_wconf 77' lang='grc' dir='ltr'>δὶ</span> <span class='ocrx_word' id='word_1_399' title='bbox 3105 2285 3339 2359; x_wconf 89' lang='grc' dir='ltr'>μετρίως</span> <span class='ocrx_word' id='word_1_400' title='bbox 3370 2282 3716 2359; x_wconf 74' lang='grc' dir='ltr'>γεγευμένος·</span> 
     </span>
    </p>
   </div>
   <div class='ocr_carea' id='block_1_80' title="bbox 2367 2371 3593 2449">
    <p class='ocr_par' dir='ltr' id='par_1_80' title="bbox 2367 2371 3593 2449">
     <span class='ocr_line' id='line_1_81' title="bbox 2367 2371 3593 2449; baseline -0.004 -17"><span class='ocrx_word' id='word_1_401' title='bbox 2367 2378 2474 2432; x_wconf 74' lang='grc'><strong>495</strong></span> <span class='ocrx_word' id='word_1_402' title='bbox 2514 2382 2759 2445; x_wconf 81' lang='grc' dir='ltr'>’Ήττητο</span> <span class='ocrx_word' id='word_1_403' title='bbox 2785 2373 2832 2429; x_wconf 86' lang='grc' dir='ltr'>δ’</span> <span class='ocrx_word' id='word_1_404' title='bbox 2863 2372 3017 2429; x_wconf 80' lang='grc' dir='ltr'>οἷ’νου</span> <span class='ocrx_word' id='word_1_405' title='bbox 3040 2375 3131 2428; x_wconf 76' lang='grc' dir='ltr'><strong>σὺν</strong></span> <span class='ocrx_word' id='word_1_406' title='bbox 3168 2371 3593 2449; x_wconf 75' lang='grc' dir='ltr'>έρωτοληψίαιςο</span> 
     </span>
    </p>
   </div>
   <div class='ocr_carea' id='block_1_81' title="bbox 2510 2458 3660 2538">
    <p class='ocr_par' dir='ltr' id='par_1_81' title="bbox 2510 2458 3660 2538">
     <span class='ocr_line' id='line_1_82' title="bbox 2510 2458 3660 2538; baseline -0.006 -17"><span class='ocrx_word' id='word_1_407' title='bbox 2510 2464 2611 2522; x_wconf 83' lang='grc' dir='ltr'>Καὶ</span> <span class='ocrx_word' id='word_1_408' title='bbox 2640 2461 2789 2519; x_wconf 84' lang='grc' dir='ltr'>τοῦδ’</span> <span class='ocrx_word' id='word_1_409' title='bbox 2821 2465 2849 2518; x_wconf 84' lang='grc' dir='ltr'>ὁ</span> <span class='ocrx_word' id='word_1_410' title='bbox 2879 2464 3066 2538; x_wconf 88' lang='grc' dir='ltr'>νεκρὸς</span> <span class='ocrx_word' id='word_1_411' title='bbox 3096 2462 3151 2518; x_wconf 81' lang='grc' dir='ltr'><strong>έν</strong></span> <span class='ocrx_word' id='word_1_412' title='bbox 3182 2460 3342 2518; x_wconf 88' lang='grc' dir='ltr'>πόλει</span> <span class='ocrx_word' id='word_1_413' title='bbox 3374 2458 3660 2530; x_wconf 80' lang='grc' dir='ltr'>Βυζαντῖδι</span> 
     </span>
    </p>
   </div>
   <div class='ocr_carea' id='block_1_82' title="bbox 2510 2547 3568 2628">
    <p class='ocr_par' dir='ltr' id='par_1_82' title="bbox 2510 2547 3568 2628">
     <span class='ocr_line' id='line_1_83' title="bbox 2510 2547 3568 2628; baseline -0.004 -17"><span class='ocrx_word' id='word_1_414' title='bbox 2510 2555 2597 2611; x_wconf 88' lang='grc' dir='ltr'>Ἐν</span> <span class='ocrx_word' id='word_1_415' title='bbox 2631 2554 2816 2628; x_wconf 87' lang='grc' dir='ltr'>εὐαγεῖ</span> <span class='ocrx_word' id='word_1_416' title='bbox 2833 2554 3068 2607; x_wconf 76' lang='grc' dir='ltr'>τέθαπτο</span> <span class='ocrx_word' id='word_1_417' title='bbox 3098 2551 3351 2625; x_wconf 81' lang='grc' dir='ltr'>κηρύκων</span> <span class='ocrx_word' id='word_1_418' title='bbox 3388 2547 3568 2623; x_wconf 85' lang='grc' dir='ltr'>δόμῳ.</span> 
     </span>
    </p>
   </div>
   <div class='ocr_carea' id='block_1_83' title="bbox 2434 2666 3875 2729">
    <p class='ocr_par' dir='ltr' id='par_1_83' title="bbox 2434 2666 3875 2729">
     <span class='ocr_line' id='line_1_84' title="bbox 2434 2666 3875 2729; baseline -0.006 0"><span class='ocrx_word' id='word_1_419' title='bbox 2434 2670 3039 2729; x_wconf 82' lang='grc' dir='ltr'><strong>ΟΥΑΔΕΝΩΙΝΙΔΝΟΣ</strong></span> <span class='ocrx_word' id='word_1_420' title='bbox 3083 2670 3197 2726; x_wconf 84' lang='lat' dir='ltr'><strong>ET.</strong></span> <span class='ocrx_word' id='word_1_421' title='bbox 3242 2670 3349 2725; x_wconf 82' lang='lat' dir='ltr'><strong>IA&#39;.</strong></span> <span class='ocrx_word' id='word_1_422' title='bbox 3390 2668 3464 2724; x_wconf 85' lang='lat' dir='ltr'><strong>Ol</strong></span> <span class='ocrx_word' id='word_1_423' title='bbox 3504 2669 3608 2724; x_wconf 82' lang='lat' dir='ltr'><strong>AE.</strong></span> <span class='ocrx_word' id='word_1_424' title='bbox 3654 2672 3754 2725; x_wconf 85' lang='lat' dir='ltr'><strong>ET.</strong></span> <span class='ocrx_word' id='word_1_425' title='bbox 3797 2666 3835 2721; x_wconf 81' lang='lat' dir='ltr'><strong>I&#39;</strong></span> <span class='ocrx_word' id='word_1_426' title='bbox 3862 2706 3875 2720; x_wconf 94' lang='lat'><strong>.</strong></span> 
     </span>
    </p>
   </div>
   <div class='ocr_carea' id='block_1_84' title="bbox 2505 2863 3591 2943">
    <p class='ocr_par' dir='ltr' id='par_1_84' title="bbox 2505 2863 3591 2943">
     <span class='ocr_line' id='line_1_85' title="bbox 2505 2863 3591 2943; baseline -0.006 -19"><span class='ocrx_word' id='word_1_427' title='bbox 2505 2868 2639 2925; x_wconf 80' lang='grc' dir='ltr'>Εἶτα</span> <span class='ocrx_word' id='word_1_428' title='bbox 2667 2866 2946 2943; x_wconf 83' lang='grc' dir='ltr'>παρῆλθεν</span> <span class='ocrx_word' id='word_1_429' title='bbox 2975 2866 3053 2929; x_wconf 78' lang='grc' dir='ltr'><strong>είς</strong></span> <span class='ocrx_word' id='word_1_430' title='bbox 3089 2863 3361 2942; x_wconf 85' lang='grc' dir='ltr'>βασίλειον</span> <span class='ocrx_word' id='word_1_431' title='bbox 3394 2864 3591 2940; x_wconf 88' lang='grc' dir='ltr'>κράτος</span> 
     </span>
    </p>
   </div>
   <div class='ocr_carea' id='block_1_85' title="bbox 2508 2953 3532 3031">
    <p class='ocr_par' dir='ltr' id='par_1_85' title="bbox 2508 2953 3532 3031">
     <span class='ocr_line' id='line_1_86' title="bbox 2508 2953 3532 3031; baseline -0.005 -18"><span class='ocrx_word' id='word_1_432' title='bbox 2508 2958 2887 3028; x_wconf 81' lang='grc' dir='ltr'>Δικαιοσύνης,</span> <span class='ocrx_word' id='word_1_433' title='bbox 2920 2958 3235 3031; x_wconf 82' lang='grc' dir='ltr'>πραότητος</span> <span class='ocrx_word' id='word_1_434' title='bbox 3268 2953 3333 3010; x_wconf 83' lang='grc' dir='ltr'><strong>αῦ</strong></span> <span class='ocrx_word' id='word_1_435' title='bbox 3363 2954 3532 3016; x_wconf 89' lang='grc' dir='ltr'>τύπος</span> 
     </span>
    </p>
   </div>
   <div class='ocr_carea' id='block_1_86' title="bbox 2364 3040 3432 3113">
    <p class='ocr_par' dir='ltr' id='par_1_86' title="bbox 2364 3040 3432 3113">
     <span class='ocr_line' id='line_1_87' title="bbox 2364 3040 3432 3113; baseline -0.007 -7"><span class='ocrx_word' id='word_1_436' title='bbox 2364 3051 2470 3106; x_wconf 88' lang='grc'><strong>500</strong></span> <span class='ocrx_word' id='word_1_437' title='bbox 2508 3046 2951 3111; x_wconf 71' lang='grc' dir='ltr'>Οὐαλεντινιανὸς</span> <span class='ocrx_word' id='word_1_438' title='bbox 2980 3040 3213 3102; x_wconf 77' lang='grc' dir='ltr'>εὐσεϐῶν</span> <span class='ocrx_word' id='word_1_439' title='bbox 3247 3043 3432 3113; x_wconf 85' lang='grc' dir='ltr'>κλέος,</span> 
     </span>
    </p>
   </div>
   <div class='ocr_carea' id='block_1_87' title="bbox 2508 3128 3616 3211">
    <p class='ocr_par' dir='ltr' id='par_1_87' title="bbox 2508 3128 3616 3211">
     <span class='ocr_line' id='line_1_88' title="bbox 2508 3128 3616 3211; baseline -0.006 -17"><span class='ocrx_word' id='word_1_440' title='bbox 2508 3134 2770 3194; x_wconf 75' lang='grc' dir='ltr'>Γεννάδας</span> <span class='ocrx_word' id='word_1_441' title='bbox 2804 3138 2962 3211; x_wconf 81' lang='grc' dir='ltr'>ἀνὴρ,</span> <span class='ocrx_word' id='word_1_442' title='bbox 2996 3128 3273 3205; x_wconf 77' lang='grc' dir='ltr'>εὐσθενῆς,</span> <span class='ocrx_word' id='word_1_443' title='bbox 3307 3132 3616 3209; x_wconf 78' lang='grc' dir='ltr'>ῥωμαλέος,</span> 
     </span>
    </p>
   </div>
   <div class='ocr_carea' id='block_1_88' title="bbox 2246 3223 3565 3307">
    <p class='ocr_par' dir='ltr' id='par_1_88' title="bbox 2246 3223 3565 3307">
     <span class='ocr_line' id='line_1_89' title="bbox 2246 3223 3565 3307; baseline -0.013 -15"><span class='ocrx_word' id='word_1_444' title='bbox 2246 3238 2292 3307; x_wconf 77' lang='lat' dir='ltr'>C</span> <span class='ocrx_word' id='word_1_445' title='bbox 2336 3300 2337 3303; x_wconf 21' lang='grc' dir='ltr'><strong>η</strong></span> <span class='ocrx_word' id='word_1_446' title='bbox 2508 3230 2604 3285; x_wconf 83' lang='grc' dir='ltr'>Ἐκ</span> <span class='ocrx_word' id='word_1_447' title='bbox 2632 3226 2905 3288; x_wconf 83' lang='grc' dir='ltr'>Ηανονίας</span> <span class='ocrx_word' id='word_1_448' title='bbox 2937 3226 3177 3300; x_wconf 79' lang='grc' dir='ltr'>ἀρχῆθεν</span> <span class='ocrx_word' id='word_1_449' title='bbox 3210 3223 3565 3297; x_wconf 82' lang='grc' dir='ltr'>ὡρμημένος,</span> 
     </span>
    </p>
   </div>
   <div class='ocr_carea' id='block_1_89' title="bbox 2508 3311 3592 3391">
    <p class='ocr_par' dir='ltr' id='par_1_89' title="bbox 2508 3311 3592 3391">
     <span class='ocr_line' id='line_1_90' title="bbox 2508 3311 3592 3391; baseline -0.007 -18"><span class='ocrx_word' id='word_1_450' title='bbox 2508 3319 2739 3391; x_wconf 88' lang='grc' dir='ltr'>Κράτωρ</span> <span class='ocrx_word' id='word_1_451' title='bbox 2769 3315 2987 3391; x_wconf 81' lang='grc' dir='ltr'>ἀγαθὸς,</span> <span class='ocrx_word' id='word_1_452' title='bbox 3019 3311 3275 3386; x_wconf 85' lang='grc' dir='ltr'>κηδεμὼν</span> <span class='ocrx_word' id='word_1_453' title='bbox 3311 3313 3592 3383; x_wconf 85' lang='grc' dir='ltr'>ὑπηκόων,</span> 
     </span>
    </p>
   </div>
   <div class='ocr_carea' id='block_1_90' title="bbox 2508 3400 3630 3477">
    <p class='ocr_par' dir='ltr' id='par_1_90' title="bbox 2508 3400 3630 3477">
     <span class='ocr_line' id='line_1_91' title="bbox 2508 3400 3630 3477; baseline -0.007 -15"><span class='ocrx_word' id='word_1_454' title='bbox 2508 3406 2603 3469; x_wconf 80' lang='grc' dir='ltr'><strong>Εἷς</strong></span> <span class='ocrx_word' id='word_1_455' title='bbox 2634 3403 2960 3473; x_wconf 80' lang='grc' dir='ltr'>ἀλλοδαπὴν</span> <span class='ocrx_word' id='word_1_456' title='bbox 2993 3402 3288 3477; x_wconf 71' lang='grc' dir='ltr'>ἔξορισθείς</span> <span class='ocrx_word' id='word_1_457' title='bbox 3316 3422 3421 3455; x_wconf 88' lang='grc' dir='ltr'><strong>που</strong></span> <span class='ocrx_word' id='word_1_458' title='bbox 3457 3400 3630 3475; x_wconf 86' lang='grc' dir='ltr'>χθόνα</span> 
     </span>
    </p>
   </div>
   <div class='ocr_carea' id='block_1_91' title="bbox 2356 3484 3694 3569">
    <p class='ocr_par' dir='ltr' id='par_1_91' title="bbox 2356 3484 3694 3569">
     <span class='ocr_line' id='line_1_92' title="bbox 2356 3484 3694 3569; baseline -0.009 -14"><span class='ocrx_word' id='word_1_459' title='bbox 2356 3500 2465 3555; x_wconf 89' lang='grc'><strong>505</strong></span> <span class='ocrx_word' id='word_1_460' title='bbox 2507 3497 2596 3558; x_wconf 85' lang='grc' dir='ltr'>Ὦς</span> <span class='ocrx_word' id='word_1_461' title='bbox 2626 3494 2943 3569; x_wconf 83' lang='grc' dir='ltr'>Χριστιανὸς</span> <span class='ocrx_word' id='word_1_462' title='bbox 2972 3493 3063 3548; x_wconf 81' lang='grc' dir='ltr'><strong>καὶ</strong></span> <span class='ocrx_word' id='word_1_463' title='bbox 3095 3492 3226 3547; x_wconf 88' lang='grc' dir='ltr'>Θεὸν</span> <span class='ocrx_word' id='word_1_464' title='bbox 3258 3491 3489 3567; x_wconf 83' lang='grc' dir='ltr'>Χριστόν</span> <span class='ocrx_word' id='word_1_465' title='bbox 3523 3484 3694 3544; x_wconf 77' lang='grc' dir='ltr'>σέϐων</span> 
     </span>
    </p>
   </div>
   <div class='ocr_carea' id='block_1_92' title="bbox 2502 3576 3547 3659">
    <p class='ocr_par' dir='ltr' id='par_1_92' title="bbox 2502 3576 3547 3659">
     <span class='ocr_line' id='line_1_93' title="bbox 2502 3576 3547 3659; baseline -0.008 -17"><span class='ocrx_word' id='word_1_466' title='bbox 2502 3584 2808 3643; x_wconf 73' lang='grc' dir='ltr'>Ἰουλιανοῦ</span> <span class='ocrx_word' id='word_1_467' title='bbox 2840 3586 2975 3659; x_wconf 81' lang='grc' dir='ltr'>πρὸς</span> <span class='ocrx_word' id='word_1_468' title='bbox 3004 3576 3326 3655; x_wconf 75' lang='grc' dir='ltr'>Παραϐάτου</span> <span class='ocrx_word' id='word_1_469' title='bbox 3356 3579 3547 3636; x_wconf 75' lang='grc' dir='ltr'><strong>πάλαι⁸</strong></span> 
     </span>
    </p>
   </div>
   <div class='ocr_carea' id='block_1_93' title="bbox 2505 3664 3693 3747">
    <p class='ocr_par' dir='ltr' id='par_1_93' title="bbox 2505 3664 3693 3747">
     <span class='ocr_line' id='line_1_94' title="bbox 2505 3664 3693 3747; baseline -0.004 -17"><span class='ocrx_word' id='word_1_470' title='bbox 2505 3676 2619 3734; x_wconf 80' lang='grc' dir='ltr'><strong>Εἶτ’</strong></span> <span class='ocrx_word' id='word_1_471' title='bbox 2650 3674 2977 3744; x_wconf 84' lang='grc' dir='ltr'>ἀνακληθεὶς</span> <span class='ocrx_word' id='word_1_472' title='bbox 3010 3671 3346 3747; x_wconf 82' lang='grc' dir='ltr'>χρημανίζει</span> <span class='ocrx_word' id='word_1_473' title='bbox 3376 3664 3693 3746; x_wconf 77' lang='grc' dir='ltr'>τρεϐοῦνος.</span> 
     </span>
    </p>
   </div>
   <div class='ocr_carea' id='block_1_94' title="bbox 2503 3757 3575 3835">
    <p class='ocr_par' dir='ltr' id='par_1_94' title="bbox 2503 3757 3575 3835">
     <span class='ocr_line' id='line_1_95' title="bbox 2503 3757 3575 3835; baseline -0.007 -15"><span class='ocrx_word' id='word_1_474' title='bbox 2503 3765 2591 3826; x_wconf 76' lang='grc' dir='ltr'>Ὠς</span> <span class='ocrx_word' id='word_1_475' title='bbox 2625 3764 2715 3818; x_wconf 87' lang='grc' dir='ltr'><strong>οῦν</strong></span> <span class='ocrx_word' id='word_1_476' title='bbox 2750 3763 3054 3831; x_wconf 86' lang='grc' dir='ltr'>ἀνεζώσατο</span> <span class='ocrx_word' id='word_1_477' title='bbox 3084 3762 3184 3829; x_wconf 78' lang='grc' dir='ltr'>τὴν</span> <span class='ocrx_word' id='word_1_478' title='bbox 3213 3757 3575 3835; x_wconf 85' lang='grc' dir='ltr'>κραταρχίαν,</span> 
     </span>
    </p>
   </div>
   <div class='ocr_carea' id='block_1_95' title="bbox 2499 3842 3715 3927">
    <p class='ocr_par' dir='ltr' id='par_1_95' title="bbox 2499 3842 3715 3927">
     <span class='ocr_line' id='line_1_96' title="bbox 2499 3842 3715 3927; baseline -0.006 -19"><span class='ocrx_word' id='word_1_479' title='bbox 2499 3852 2772 3908; x_wconf 78' lang='grc' dir='ltr'>Κοινωνὸν</span> <span class='ocrx_word' id='word_1_480' title='bbox 2806 3851 2989 3927; x_wconf 82' lang='grc' dir='ltr'>ἀρχῆς</span> <span class='ocrx_word' id='word_1_481' title='bbox 3015 3850 3278 3925; x_wconf 80' lang='grc' dir='ltr'>σὺγγονον</span> <span class='ocrx_word' id='word_1_482' title='bbox 3303 3842 3715 3924; x_wconf 77' lang='grc' dir='ltr'>προσλαμϐάνει</span> 
     </span>
    </p>
   </div>
   <div class='ocr_carea' id='block_1_96' title="bbox 2355 3938 3551 4013">
    <p class='ocr_par' dir='ltr' id='par_1_96' title="bbox 2355 3938 3551 4013">
     <span class='ocr_line' id='line_1_97' title="bbox 2355 3938 3551 4013; baseline -0.007 -13"><span class='ocrx_word' id='word_1_483' title='bbox 2355 3946 2461 4002; x_wconf 88' lang='grc'><strong>510</strong></span> <span class='ocrx_word' id='word_1_484' title='bbox 2498 3942 2719 4000; x_wconf 85' lang='grc' dir='ltr'>Ἀθλιον</span> <span class='ocrx_word' id='word_1_485' title='bbox 2754 3940 3036 4000; x_wconf 84' lang='grc' dir='ltr'>Οὐάλεντα</span> <span class='ocrx_word' id='word_1_486' title='bbox 3072 3938 3278 4012; x_wconf 83' lang='grc' dir='ltr'>μύστην</span> <span class='ocrx_word' id='word_1_487' title='bbox 3313 3938 3551 4013; x_wconf 75' lang='grc' dir='ltr'>Ἀρείουο</span> 
     </span>
    </p>
   </div>
   <div class='ocr_carea' id='block_1_97' title="bbox 2496 4026 3722 4105">
    <p class='ocr_par' dir='ltr' id='par_1_97' title="bbox 2496 4026 3722 4105">
     <span class='ocr_line' id='line_1_98' title="bbox 2496 4026 3722 4105; baseline -0.005 -19"><span class='ocrx_word' id='word_1_488' title='bbox 2496 4032 2595 4086; x_wconf 82' lang='grc' dir='ltr'><strong>Καὶ</strong></span> <span class='ocrx_word' id='word_1_489' title='bbox 2631 4037 2831 4105; x_wconf 81' lang='grc' dir='ltr'>μοῖραν</span> <span class='ocrx_word' id='word_1_490' title='bbox 2864 4029 3011 4100; x_wconf 85' lang='grc' dir='ltr'><strong>αὐτῷ</strong></span> <span class='ocrx_word' id='word_1_491' title='bbox 3043 4026 3317 4102; x_wconf 83' lang='grc' dir='ltr'>παραδοὺς</span> <span class='ocrx_word' id='word_1_492' title='bbox 3339 4028 3438 4095; x_wconf 80' lang='grc' dir='ltr'>τὴν</span> <span class='ocrx_word' id='word_1_493' title='bbox 3461 4028 3559 4094; x_wconf 78' lang='grc' dir='ltr'><strong>τῆς</strong></span> <span class='ocrx_word' id='word_1_494' title='bbox 3583 4027 3722 4099; x_wconf 83' lang='grc' dir='ltr'>Ἕω,</span> 
     </span>
    </p>
   </div>
   <div class='ocr_carea' id='block_1_98' title="bbox 2496 4111 3687 4194">
    <p class='ocr_par' dir='ltr' id='par_1_98' title="bbox 2496 4111 3687 4194">
     <span class='ocr_line' id='line_1_99' title="bbox 2496 4111 3687 4194; baseline -0.003 -18"><span class='ocrx_word' id='word_1_495' title='bbox 2496 4122 2669 4184; x_wconf 88' lang='grc' dir='ltr'>Αὐτὸς</span> <span class='ocrx_word' id='word_1_496' title='bbox 2700 4124 2974 4194; x_wconf 83' lang='grc' dir='ltr'>κατῆρχεν</span> <span class='ocrx_word' id='word_1_497' title='bbox 3006 4111 3239 4179; x_wconf 80' lang='grc' dir='ltr'>εὐσεϐῶς</span> <span class='ocrx_word' id='word_1_498' title='bbox 3270 4122 3368 4186; x_wconf 83' lang='grc' dir='ltr'><strong>τῆς</strong></span> <span class='ocrx_word' id='word_1_499' title='bbox 3397 4116 3687 4193; x_wconf 65' lang='grc' dir='ltr'>Ἑσπέραςς</span> 
     </span>
    </p>
   </div>
   <div class='ocr_carea' id='block_1_99' title="bbox 2502 4202 3540 4288">
    <p class='ocr_par' dir='ltr' id='par_1_99' title="bbox 2502 4202 3540 4288">
     <span class='ocr_line' id='line_1_100' title="bbox 2502 4202 3540 4288; baseline -0.007 -20"><span class='ocrx_word' id='word_1_500' title='bbox 2502 4214 2779 4288; x_wconf 75' lang='grc' dir='ltr'>Ηεριφανῆ</span> <span class='ocrx_word' id='word_1_501' title='bbox 2814 4209 3050 4285; x_wconf 87' lang='grc' dir='ltr'>τρόπαια</span> <span class='ocrx_word' id='word_1_502' title='bbox 3077 4208 3214 4263; x_wconf 81' lang='grc' dir='ltr'>κατὰ</span> <span class='ocrx_word' id='word_1_503' title='bbox 3246 4202 3540 4282; x_wconf 76' lang='grc' dir='ltr'>Βαρϐάρων</span> 
     </span>
    </p>
   </div>
   <div class='ocr_carea' id='block_1_100' title="bbox 2503 4298 3570 4373">
    <p class='ocr_par' dir='ltr' id='par_1_100' title="bbox 2503 4298 3570 4373">
     <span class='ocr_line' id='line_1_101' title="bbox 2503 4298 3570 4373; baseline -0.005 -15"><span class='ocrx_word' id='word_1_504' title='bbox 2503 4303 2602 4358; x_wconf 81' lang='grc' dir='ltr'>Καὶ</span> <span class='ocrx_word' id='word_1_505' title='bbox 2633 4302 2787 4365; x_wconf 86' lang='grc' dir='ltr'>νίκας</span> <span class='ocrx_word' id='word_1_506' title='bbox 2812 4302 2961 4362; x_wconf 77' lang='grc' dir='ltr'>ἱστὰς</span> <span class='ocrx_word' id='word_1_507' title='bbox 2990 4304 3060 4373; x_wconf 81' lang='grc' dir='ltr'><strong>τῇ</strong></span> <span class='ocrx_word' id='word_1_508' title='bbox 3085 4303 3223 4354; x_wconf 83' lang='grc' dir='ltr'>Θεοῦ</span> <span class='ocrx_word' id='word_1_509' title='bbox 3254 4298 3570 4373; x_wconf 82' lang='grc' dir='ltr'>συμμαχίᾳ’</span> 
     </span>
    </p>
   </div>
   <div class='ocr_carea' id='block_1_101' title="bbox 2357 4387 3719 4464">
    <p class='ocr_par' dir='ltr' id='par_1_101' title="bbox 2357 4387 3719 4464">
     <span class='ocr_line' id='line_1_102' title="bbox 2357 4387 3719 4464; baseline -0.006 -13"><span class='ocrx_word' id='word_1_510' title='bbox 2357 4397 2465 4452; x_wconf 84' lang='grc'><strong>515</strong></span> <span class='ocrx_word' id='word_1_511' title='bbox 2504 4394 2601 4447; x_wconf 84' lang='grc' dir='ltr'><strong>Καὶ</strong></span> <span class='ocrx_word' id='word_1_512' title='bbox 2625 4393 2794 4446; x_wconf 86' lang='grc' dir='ltr'>πάντα</span> <span class='ocrx_word' id='word_1_513' title='bbox 2820 4394 2993 4445; x_wconf 81' lang='grc' dir='ltr'>ποιῶν</span> <span class='ocrx_word' id='word_1_514' title='bbox 3023 4390 3107 4451; x_wconf 81' lang='grc' dir='ltr'>οἷς</span> <span class='ocrx_word' id='word_1_515' title='bbox 3133 4388 3449 4462; x_wconf 85' lang='grc' dir='ltr'>σεμνύνεται</span> <span class='ocrx_word' id='word_1_516' title='bbox 3479 4387 3719 4464; x_wconf 88' lang='grc' dir='ltr'>κράτωρ,</span> 
     </span>
    </p>
   </div>
   <div class='ocr_carea' id='block_1_102' title="bbox 2506 4477 3531 4555">
    <p class='ocr_par' dir='ltr' id='par_1_102' title="bbox 2506 4477 3531 4555">
     <span class='ocr_line' id='line_1_103' title="bbox 2506 4477 3531 4555; baseline -0.005 -18"><span class='ocrx_word' id='word_1_517' title='bbox 2506 4480 2867 4549; x_wconf 87' lang='grc' dir='ltr'>Δικαιοσύνης</span> <span class='ocrx_word' id='word_1_518' title='bbox 2896 4478 2951 4541; x_wconf 73' lang='grc' dir='ltr'><strong>ές</strong></span> <span class='ocrx_word' id='word_1_519' title='bbox 2980 4480 3048 4533; x_wconf 68' lang='grc' dir='ltr'>τὰ</span> <span class='ocrx_word' id='word_1_520' title='bbox 3081 4477 3316 4551; x_wconf 86' lang='grc' dir='ltr'>μάλιστα</span> <span class='ocrx_word' id='word_1_521' title='bbox 3346 4478 3531 4555; x_wconf 80' lang='grc' dir='ltr'>φίλος,</span> 
     </span>
    </p>
   </div>
   <div class='ocr_carea' id='block_1_103' title="bbox 2254 4564 3625 4662">
    <p class='ocr_par' dir='ltr' id='par_1_103' title="bbox 2254 4564 3625 4662">
     <span class='ocr_line' id='line_1_104' title="bbox 2254 4564 3625 4662; baseline -0.005 -35"><span class='ocrx_word' id='word_1_522' title='bbox 2254 4598 2300 4662; x_wconf 81' lang='lat' dir='ltr'><strong>D</strong></span> <span class='ocrx_word' id='word_1_523' title='bbox 2510 4569 2608 4662; x_wconf 78' lang='lat' dir='ltr'><strong>Kal</strong></span> <span class='ocrx_word' id='word_1_524' title='bbox 2641 4567 2934 4662; x_wconf 87' lang='grc' dir='ltr'>δογμάτων</span> <span class='ocrx_word' id='word_1_525' title='bbox 2953 4564 3625 4662; x_wconf 25' lang='grc' dir='ltr'>*πρόμαχος-ὀρροδοξίας,</span> 
     </span>
    </p>
   </div>
   <div class='ocr_carea' id='block_1_104' title="bbox 2511 4655 3473 4731">
    <p class='ocr_par' dir='ltr' id='par_1_104' title="bbox 2511 4655 3473 4731">
     <span class='ocr_line' id='line_1_105' title="bbox 2511 4655 3473 4731; baseline -0.007 -14"><span class='ocrx_word' id='word_1_526' title='bbox 2511 4659 2795 4729; x_wconf 83' lang='grc' dir='ltr'>Πολυετής</span> <span class='ocrx_word' id='word_1_527' title='bbox 2828 4679 2912 4719; x_wconf 92' lang='grc' dir='ltr'><strong>τις</strong></span> <span class='ocrx_word' id='word_1_528' title='bbox 2942 4657 3229 4731; x_wconf 79' lang='grc' dir='ltr'>ἀναφανεὶς</span> <span class='ocrx_word' id='word_1_529' title='bbox 3260 4655 3312 4711; x_wconf 75' lang='grc' dir='ltr'>ἐν</span> <span class='ocrx_word' id='word_1_530' title='bbox 3346 4656 3473 4731; x_wconf 86' lang='grc' dir='ltr'>βίῳ,</span> 
     </span>
    </p>
   </div>
   <div class='ocr_carea' id='block_1_105' title="bbox 2510 4742 3738 4823">
    <p class='ocr_par' dir='ltr' id='par_1_105' title="bbox 2510 4742 3738 4823">
     <span class='ocr_line' id='line_1_106' title="bbox 2510 4742 3738 4823; baseline -0.003 -20"><span class='ocrx_word' id='word_1_531' title='bbox 2510 4749 2608 4803; x_wconf 83' lang='lat' dir='ltr'><strong>Kal</strong></span> <span class='ocrx_word' id='word_1_532' title='bbox 2643 4746 2971 4823; x_wconf 85' lang='grc' dir='ltr'>μακαριστὸς</span> <span class='ocrx_word' id='word_1_533' title='bbox 3001 4749 3096 4801; x_wconf 90' lang='grc' dir='ltr'><strong>τοῦ</strong></span> <span class='ocrx_word' id='word_1_534' title='bbox 3132 4746 3251 4821; x_wconf 87' lang='grc' dir='ltr'>βίου</span> <span class='ocrx_word' id='word_1_535' title='bbox 3279 4744 3368 4800; x_wconf 83' lang='grc' dir='ltr'><strong>καὶ</strong></span> <span class='ocrx_word' id='word_1_536' title='bbox 3398 4750 3495 4799; x_wconf 90' lang='grc' dir='ltr'><strong>τοῦ</strong></span> <span class='ocrx_word' id='word_1_537' title='bbox 3523 4742 3738 4815; x_wconf 85' lang='grc' dir='ltr'>τέλους,</span> 
     </span>
    </p>
   </div>
   <div class='ocr_carea' id='block_1_106' title="bbox 2368 4834 3618 4912">
    <p class='ocr_par' dir='ltr' id='par_1_106' title="bbox 2368 4834 3618 4912">
     <span class='ocr_line' id='line_1_107' title="bbox 2368 4834 3618 4912; baseline -0.006 -16"><span class='ocrx_word' id='word_1_538' title='bbox 2368 4842 2475 4896; x_wconf 81' lang='grc'>520</span> <span class='ocrx_word' id='word_1_539' title='bbox 2512 4836 2675 4899; x_wconf 81' lang='grc' dir='ltr'>Βιοὺς</span> <span class='ocrx_word' id='word_1_540' title='bbox 2709 4834 3047 4912; x_wconf 82' lang='grc' dir='ltr'>ὀγδοήκοντα</span> <span class='ocrx_word' id='word_1_541' title='bbox 3074 4841 3176 4904; x_wconf 89' lang='grc' dir='ltr'><strong>τῆς</strong></span> <span class='ocrx_word' id='word_1_542' title='bbox 3211 4840 3354 4905; x_wconf 85' lang='grc' dir='ltr'>ζωῆς</span> <span class='ocrx_word' id='word_1_543' title='bbox 3382 4837 3618 4909; x_wconf 88' lang='grc' dir='ltr'>χρόνους</span> 
     </span>
    </p>
   </div>
   <div class='ocr_carea' id='block_1_107' title="bbox 2512 4923 3625 5004">
    <p class='ocr_par' dir='ltr' id='par_1_107' title="bbox 2512 4923 3625 5004">
     <span class='ocr_line' id='line_1_108' title="bbox 2512 4923 3625 5004; baseline -0.004 -22"><span class='ocrx_word' id='word_1_544' title='bbox 2512 4928 2655 5004; x_wconf 86' lang='grc' dir='ltr'>Πρὸς</span> <span class='ocrx_word' id='word_1_545' title='bbox 2683 4927 2928 4999; x_wconf 88' lang='grc' dir='ltr'>τέτρασιν</span> <span class='ocrx_word' id='word_1_546' title='bbox 2957 4924 3021 4979; x_wconf 78' lang='grc' dir='ltr'>αὖ</span> <span class='ocrx_word' id='word_1_547' title='bbox 3051 4925 3245 4988; x_wconf 78' lang='grc' dir='ltr'>ἐνθέως</span> <span class='ocrx_word' id='word_1_548' title='bbox 3267 4923 3625 4997; x_wconf 82' lang='grc' dir='ltr'>εὐδαιμόνως,</span> 
     </span>
    </p>
   </div>
   <div class='ocr_carea' id='block_1_108' title="bbox 2512 5011 3625 5095">
    <p class='ocr_par' dir='ltr' id='par_1_108' title="bbox 2512 5011 3625 5095">
     <span class='ocr_line' id='line_1_109' title="bbox 2512 5011 3625 5095; baseline -0.005 -20"><span class='ocrx_word' id='word_1_549' title='bbox 2512 5018 2627 5095; x_wconf 77' lang='grc' dir='ltr'><strong>Ἀφ’</strong></span> <span class='ocrx_word' id='word_1_550' title='bbox 2659 5017 2732 5071; x_wconf 84' lang='grc' dir='ltr'>ὧν</span> <span class='ocrx_word' id='word_1_551' title='bbox 2764 5016 3021 5092; x_wconf 78' lang='grc' dir='ltr'>κατῆρξεν</span> <span class='ocrx_word' id='word_1_552' title='bbox 3053 5011 3241 5070; x_wconf 73' lang='grc' dir='ltr'>ἕνδεκα</span> <span class='ocrx_word' id='word_1_553' title='bbox 3264 5015 3625 5090; x_wconf 83' lang='grc' dir='ltr'>κραταρχίας·</span> 
     </span>
    </p>
   </div>
   <div class='ocr_carea' id='block_1_109' title="bbox 2514 5102 3573 5179">
    <p class='ocr_par' dir='ltr' id='par_1_109' title="bbox 2514 5102 3573 5179">
     <span class='ocr_line' id='line_1_110' title="bbox 2514 5102 3573 5179; baseline -0.006 -16"><span class='ocrx_word' id='word_1_554' title='bbox 2514 5108 2687 5167; x_wconf 83' lang='grc' dir='ltr'>Οὗτος</span> <span class='ocrx_word' id='word_1_555' title='bbox 2713 5109 2941 5176; x_wconf 76' lang='grc' dir='ltr'>τελευτᾷ</span> <span class='ocrx_word' id='word_1_556' title='bbox 2971 5103 3169 5179; x_wconf 84' lang='grc' dir='ltr'>διάγων</span> <span class='ocrx_word' id='word_1_557' title='bbox 3204 5104 3257 5159; x_wconf 66' lang='grc' dir='ltr'>ἐν</span> <span class='ocrx_word' id='word_1_558' title='bbox 3288 5102 3573 5171; x_wconf 83' lang='grc' dir='ltr'>Γαλλίαις,</span> 
     </span>
    </p>
   </div>
   <div class='ocr_carea' id='block_1_110' title="bbox 2510 5192 3577 5271">
    <p class='ocr_par' dir='ltr' id='par_1_110' title="bbox 2510 5192 3577 5271">
     <span class='ocr_line' id='line_1_111' title="bbox 2510 5192 3577 5271; baseline -0.003 -21"><span class='ocrx_word' id='word_1_559' title='bbox 2510 5197 2623 5269; x_wconf 57' lang='lat' dir='ltr'><strong>rm,</strong></span> <span class='ocrx_word' id='word_1_560' title='bbox 2656 5192 2935 5257; x_wconf 87' lang='grc' dir='ltr'>λελοιπὼς</span> <span class='ocrx_word' id='word_1_561' title='bbox 2964 5193 3243 5270; x_wconf 84' lang='grc' dir='ltr'>Γρατιανῷ</span> <span class='ocrx_word' id='word_1_562' title='bbox 3264 5193 3327 5249; x_wconf 82' lang='grc' dir='ltr'><strong>τὸ</strong></span> <span class='ocrx_word' id='word_1_563' title='bbox 3358 5192 3577 5271; x_wconf 87' lang='grc' dir='ltr'>κράτος,</span> 
     </span>
    </p>
   </div>
   <div class='ocr_carea' id='block_1_111' title="bbox 2367 5281 3729 5362">
    <p class='ocr_par' dir='ltr' id='par_1_111' title="bbox 2367 5281 3729 5362">
     <span class='ocr_line' id='line_1_112' title="bbox 2367 5281 3729 5362; baseline -0.006 -17"><span class='ocrx_word' id='word_1_564' title='bbox 2367 5291 2474 5345; x_wconf 82' lang='grc'><strong>525</strong></span> <span class='ocrx_word' id='word_1_565' title='bbox 2514 5284 2697 5362; x_wconf 80' lang='grc' dir='ltr'>Ἀνδρὶ</span> <span class='ocrx_word' id='word_1_566' title='bbox 2729 5286 3011 5361; x_wconf 89' lang='grc' dir='ltr'>προμάχῳ</span> <span class='ocrx_word' id='word_1_567' title='bbox 3044 5281 3329 5361; x_wconf 88' lang='grc' dir='ltr'>δογμάτων</span> <span class='ocrx_word' id='word_1_568' title='bbox 3360 5281 3729 5360; x_wconf 78' lang='grc' dir='ltr'>ὀρθοφρόνων,</span> 
     </span>
    </p>
   </div>
   <div class='ocr_carea' id='block_1_112' title="bbox 2515 5401 3703 5474">
    <p class='ocr_par' dir='ltr' id='par_1_112' title="bbox 2515 5401 3703 5474">
     <span class='ocr_line' id='line_1_113' title="bbox 2515 5401 3703 5474; baseline -0.005 -11"><span class='ocrx_word' id='word_1_569' title='bbox 2515 5404 2792 5463; x_wconf 77' lang='lat' dir='ltr'><strong>orAAIIs</strong></span> <span class='ocrx_word' id='word_1_570' title='bbox 2834 5403 2945 5459; x_wconf 84' lang='lat' dir='ltr'><strong>ET.</strong></span> <span class='ocrx_word' id='word_1_571' title='bbox 2989 5402 3063 5458; x_wconf 83' lang='lat' dir='ltr'><strong>r&#39;.</strong></span> <span class='ocrx_word' id='word_1_572' title='bbox 3094 5402 3208 5474; x_wconf 81' lang='lat' dir='ltr'><strong>(l7)</strong></span> <span class='ocrx_word' id='word_1_573' title='bbox 3251 5402 3322 5459; x_wconf 85' lang='lat'><strong>01</strong></span> <span class='ocrx_word' id='word_1_574' title='bbox 3360 5405 3445 5457; x_wconf 67' lang='lat' dir='ltr'><strong>aa</strong></span> <span class='ocrx_word' id='word_1_575' title='bbox 3484 5402 3587 5457; x_wconf 82' lang='lat' dir='ltr'><strong>ET.</strong></span> <span class='ocrx_word' id='word_1_576' title='bbox 3631 5401 3703 5457; x_wconf 84' lang='lat' dir='ltr'><strong>A&#39;.</strong></span> 
     </span>
    </p>
   </div>
   <div class='ocr_carea' id='block_1_113' title="bbox 2509 5507 3604 5585">
    <p class='ocr_par' dir='ltr' id='par_1_113' title="bbox 2509 5507 3604 5585">
     <span class='ocr_line' id='line_1_114' title="bbox 2509 5507 3604 5585; baseline -0.002 -19"><span class='ocrx_word' id='word_1_577' title='bbox 2509 5514 2570 5570; x_wconf 90' lang='lat'><strong>&#39;0</strong></span> <span class='ocrx_word' id='word_1_578' title='bbox 2603 5509 2650 5566; x_wconf 88' lang='grc' dir='ltr'>δ’</span> <span class='ocrx_word' id='word_1_579' title='bbox 2678 5508 2743 5565; x_wconf 84' lang='grc' dir='ltr'><strong>αῦ</strong></span> <span class='ocrx_word' id='word_1_580' title='bbox 2773 5508 2996 5580; x_wconf 90' lang='grc' dir='ltr'>Οὐάλης</span> <span class='ocrx_word' id='word_1_581' title='bbox 3031 5507 3333 5585; x_wconf 73' lang='grc' dir='ltr'>βασιλεύων</span> <span class='ocrx_word' id='word_1_582' title='bbox 3364 5515 3467 5579; x_wconf 89' lang='grc' dir='ltr'><strong>τῆς</strong></span> <span class='ocrx_word' id='word_1_583' title='bbox 3493 5513 3604 5565; x_wconf 84' lang='grc' dir='ltr'>Ἐω</span> 
     </span>
    </p>
   </div>
   <div class='ocr_carea' id='block_1_114' title="bbox 2514 5600 3568 5676">
    <p class='ocr_par' dir='ltr' id='par_1_114' title="bbox 2514 5600 3568 5676">
     <span class='ocr_line' id='line_1_115' title="bbox 2514 5600 3568 5676; baseline -0.004 -18"><span class='ocrx_word' id='word_1_584' title='bbox 2514 5602 2621 5659; x_wconf 86' lang='grc' dir='ltr'><strong>Καὶ</strong></span> <span class='ocrx_word' id='word_1_585' title='bbox 2651 5600 3023 5673; x_wconf 80' lang='grc' dir='ltr'>καθυπαχθεὶς</span> <span class='ocrx_word' id='word_1_586' title='bbox 3055 5601 3345 5676; x_wconf 82' lang='grc' dir='ltr'>’Λρειανῶν</span> <span class='ocrx_word' id='word_1_587' title='bbox 3383 5602 3568 5673; x_wconf 77' lang='grc' dir='ltr'>μανίᾳ,</span> 
     </span>
    </p>
   </div>
   <div class='ocr_carea' id='block_1_115' title="bbox 634 5732 2919 5807">
    <p class='ocr_par' dir='ltr' id='par_1_115' title="bbox 634 5732 2919 5807">
     <span class='ocr_line' id='line_1_116' title="bbox 634 5732 2919 5807; baseline -0 -19"><span class='ocrx_word' id='word_1_588' title='bbox 634 5734 748 5806; x_wconf 87' lang='grc'>(17)</span> <span class='ocrx_word' id='word_1_589' title='bbox 780 5733 1045 5806; x_wconf 83' lang='lat' dir='ltr'><strong>Intelligo</strong></span> <span class='ocrx_word' id='word_1_590' title='bbox 1074 5739 1196 5791; x_wconf 87' lang='lat' dir='ltr'><strong>tres</strong></span> <span class='ocrx_word' id='word_1_591' title='bbox 1226 5734 1314 5791; x_wconf 92' lang='lat' dir='ltr'><strong>vel</strong></span> <span class='ocrx_word' id='word_1_592' title='bbox 1349 5738 1604 5807; x_wconf 84' lang='lat' dir='ltr'><strong>quatuor</strong></span> <span class='ocrx_word' id='word_1_593' title='bbox 1635 5751 1823 5791; x_wconf 81' lang='lat' dir='ltr'><strong>annos</strong></span> <span class='ocrx_word' id='word_1_594' title='bbox 1855 5737 1997 5807; x_wconf 90' lang='lat' dir='ltr'><strong>post</strong></span> <span class='ocrx_word' id='word_1_595' title='bbox 2019 5733 2413 5794; x_wconf 87' lang='lat' dir='ltr'><strong>Valentiniani</strong></span> <span class='ocrx_word' id='word_1_596' title='bbox 2446 5732 2642 5791; x_wconf 76' lang='lat' dir='ltr'><strong>fratris</strong></span> <span class='ocrx_word' id='word_1_597' title='bbox 2672 5732 2919 5789; x_wconf 83' lang='lat' dir='ltr'><strong>obitum.</strong></span> 
     </span>
    </p>
   </div>
  </div>
