4208 6430
197 282 255 336 37

223 406 318 461 640
357 400 790 476 Δακρυῤῥοοῦντι
821 403 929 453 τῶν
963 397 1356 474 πεπραγμένων
1392 397 1576 470 χάριν.

355 493 527 548 Οὗτος
562 487 821 563 βασιλεὺς
854 483 1084 556 εὐσεϐής
1115 486 1211 554 ὢν,
1253 487 1565 561 ἀρθόφρων,

367 580 542 649 Σύστη
556 599 630 652 μα
661 578 852 632 σεπτὸν
886 578 1207 652 ἀρχυθυτῶν
1240 574 1432 635 ἁλίσας

360 669 499 742 Πρὸς
529 672 646 728 τοῖς
679 667 864 722 έκατὸν
896 668 986 720 καὶ
1016 668 1354 734 πεντήκοντα
1382 661 1546 717 πάλιν

358 759 495 814 ΙῙνευ
505 777 642 829 ματο
653 758 835 829 μάχου
863 756 998 809 κατὰ
1027 751 1385 822 Μακεδονίου,

225 849 320 903 645
363 846 585 916 Πνεῦμα
611 845 674 899 τὸ
707 850 848 907 θεῖον
884 843 946 898 οὐ
979 840 1232 903 σέϐοντος
1263 844 1339 903 ὡς
1371 843 1545 912 θέμις,

363 933 736 1008 Συνεκρότησε
768 930 990 987 σύνοδον
1024 935 1122 1001 τήν
1158 930 1407 1004 δευτέραν
1444 948 1454 959 ·

356 1024 425 1078 Ἠ
452 1022 692 1097 συμφυὶς
724 1021 786 1074 τὸ
811 1026 1030 1093 Πνεῦμα
1059 1020 1226 1094 Πατρὶ
1259 1020 1347 1074 καὶ
1381 1019 1546 1092 Λόγῳ

358 1111 584 1184 Ἀριστα
612 1111 933 1184 τρανώσασα
963 1110 1249 1182 σύνθρονον
1285 1110 1330 1170 θ’
1362 1109 1494 1180 ἅμα,

360 1197 565 1255 Βάλλει
600 1198 938 1255 Μακεδόνιον
969 1199 1122 1273 ἂραῖς
1156 1197 1382 1260 ἐνδίκως

226 1290 323 1344 650
357 1293 463 1356 Τῆς
496 1287 797 1356 καθολικῆς
828 1286 1109 1359 ἐκτεμοῦσ²
1140 1285 1464 1355 Ἐκκλησίας
1498 1305 1509 1316 ·

360 1378 458 1431 Καὶ
487 1377 876 1451 ποιμενάρχην
912 1373 1142 1429 δεικνύει
1175 1373 1504 1444 Βυζαντίδος

361 1469 653 1540 Νεκτάριον
691 1465 982 1537 λάμποντα
1017 1464 1120 1538 βίῳ
1150 1466 1238 1518 καὶ
1273 1465 1450 1537 Λόγῳ,

361 1556 752 1628 Χριστώνυμον
786 1555 881 1626 μέν
914 1553 1161 1626 ἀμύητον
1195 1551 1241 1607 δ’
1271 1553 1457 1625 εἰσέτι,

358 1646 450 1702 Ὀν
482 1645 594 1716 ἅμα
629 1644 950 1718 βαπτίζουσι
985 1645 1204 1717 χρίουσι
1237 1642 1401 1712 θύτην
1429 1661 1442 1673 ⁶

229 1736 327 1790 655
363 1736 474 1791 Τοῦ
506 1734 814 1806 Γρηγορίου
844 1733 933 1786 καὶ
966 1734 1173 1806 Πατρὸς
1205 1733 1468 1805 θεηγόρου

356 1821 708 1897 Δύθαιρέτως
737 1842 797 1896 γε
819 1823 909 1876 τὸν
945 1823 1136 1894 θρόνον
1171 1819 1502 1882 λελοιπότος
1535 1840 1548 1853 ’

354 1913 526 1972 Οὗτος
556 1911 786 1981 τελευτᾷ
820 1909 1076 1984 βασιλεύς
1110 1911 1228 1964 καθ’
1257 1911 1516 1984 Ἑσπέραν

356 2001 506 2061 Υἱοῖς
544 1999 767 2072 μερίσας
799 2005 918 2060 τοῖς
953 1997 1070 2052 δυσί
1101 1997 1433 2073 κραταρχίαν

358 2090 608 2162 Ὀνωρίῳ
645 2090 738 2160 μὲν
774 2086 902 2148 δοὺς
931 2087 1224 2162 κατάρχειν
1254 2087 1535 2160 Ἑσπέρας,

226 2179 322 2234 660
360 2175 632 2250 Ἀρκαδίῳ
663 2174 710 2230 δ’
742 2177 807 2230 αὖ
836 2181 943 2230 τῶν
980 2182 1158 2251 μερῶν
1186 2181 1293 2229 τῶν
1317 2175 1413 2242 τῆς
1445 2179 1581 2244 "Em,

359 2262 775 2326 Βεϐασιλευκὼς
801 2265 935 2319 ἒπτά
964 2266 1054 2319 καὶ
1088 2263 1216 2319 δέκα
1242 2265 1477 2339 χρόνους

355 2357 499 2422 Πρὸς
529 2357 688 2410 πέντε
722 2356 886 2428 μησὶν
922 2353 1180 2426 εὐσεϐῶς,
1217 2354 1556 2428 εὐδαιμόνως
1593 2374 1605 2388 ⁸

356 2447 526 2520 Ἀνὴρ
559 2447 755 2518 ἀγαθὸς
783 2446 872 2499 καὶ
904 2447 1120 2519 κράτωρ
1152 2445 1474 2522 νικηφόρος,

354 2538 434 2607 Τῇ
469 2533 516 2589 δ’
547 2530 790 2606 εὐσεϐείᾳ
816 2533 1030 2607 μᾶλλον
1063 2535 1400 2608 ὡραϊσμένος
1435 2554 1448 2566 ·

220 2626 318 2681 665
354 2625 457 2681 Καὶ
486 2625 625 2678 κίον’
657 2625 816 2685 οὗτος
852 2623 902 2677 ἐν
929 2624 1064 2685 Βοὸς
1091 2623 1278 2699 τεύχει
1305 2623 1461 2696 τόπῳ
1497 2625 1606 2697 (19)
1635 2644 1648 2659 ο

352 2712 733 2788 ’Δνδρείκελον
767 2714 1002 2791 φέροντα
1029 2717 1126 2767 τοῦ
1160 2710 1511 2786 δειμαμένου.

697 2831 1034 2886 ΔΡΚΑΔΙΟΣ
1066 2831 1181 2886 ΕΤ.
1213 2830 1313 2888 ῙΔ’.

355 2933 645 3010 ’Λρκάδιος
672 2940 799 3012 γοῦν
829 2930 1165 3010 παραλαϐὼν
1196 2936 1259 2991 τὸ
1289 2937 1488 3012 κράτος

352 3032 565 3081 Διεῖπεν
599 3025 726 3080 αὐτὸ
756 3024 1115 3098 πλημμελῶς
1145 3026 1234 3080 καὶ
1269 3024 1525 3102 ῥᾳθύμως
1560 3043 1573 3058 ·

351 3117 547 3184 Νωθής
576 3114 701 3190 γάρ,
733 3113 1066 3189 εύρίπιστος,
1102 3111 1175 3168 ὣν
1202 3114 1505 3186 ἀνειμένος,

217 3207 316 3260 670
353 3205 458 3261 Καὶ
489 3208 558 3278 τῇ
588 3204 800 3279 γυναικὶ
830 3205 1006 3257 πάντα
1034 3202 1556 3277 προσπεπεισμένος,

349 3293 654 3369 Τρικυμίας
686 3289 893 3362 ἔπλησε
917 3293 1017 3361 τὴν
1052 3291 1405 3363 Ἐκκλησίαν,

354 3383 520 3455 Αὐτῷ
551 3380 610 3436 δὲ
646 3384 881 3455 μέμψεις
912 3381 1273 3454 προύξένησεν
1299 3380 1544 3446 ἐνδίκους
1581 3403 1594 3417 ο

355 3470 660 3546 Νεκταρίου
691 3472 794 3546 γὰρ
829 3470 1265 3546 έκμετρήσαντος
1291 3471 1431 3547 βίον,

367 3560 592 3637 ’Δχθεῖς
623 3561 651 3614 ὁ
683 3564 920 3636 χρυσοῦς
950 3560 1002 3615 έν
1035 3559 1224 3634 λόγοις
1255 3559 1514 3632 Ἰωάννης

238 3653 337 3709 675
372 3652 463 3721 Ἐξ
495 3649 786 3724 Ἀντιόχου
816 3650 954 3725 πρὸς
983 3649 1148 3705 πόλιν
1185 3649 1461 3726 βασιλίδα,

361 3739 583 3809 Ταύτης
612 3740 915 3814 καθωράϊσε
942 3739 1034 3794 τὸν
1067 3740 1261 3812 σεμνὸν
1293 3739 1480 3816 θρόνον
1513 3758 1527 3772 ⁶

366 3827 526 3887 Ἀλλ’
557 3831 592 3898 ἡ
630 3829 846 3904 βασιλὶς
873 3826 1076 3890 ἀδίκως
1110 3827 1345 3899 Εὐδοξία

362 3921 690 3991 Μυσήσασα,
723 3920 853 3992 ipsi}!
888 3918 1072 3982 ἐνθέου
1100 3919 1404 3994 παρρησίας

360 4010 466 4064 Τὸν
498 4011 606 4062 τῶν
639 4010 832 4082 ψυχῶν
863 4007 1025 4076 ἥλιον
1051 4006 1195 4080 ἄξιον
1232 4008 1424 4082 θρόνου

229 4100 327 4155 680
361 4097 587 4168 Τίθησιν
614 4095 885 4172 ἐξόριστον
921 4095 974 4150 έν
1001 4101 1119 4159 τοῖς
1147 4095 1423 4169 Κομάνοις
1458 4117 1472 4134 ο

361 4187 744 4255 Ἀντικαθιστᾷ
773 4182 819 4239 δ’
851 4185 1136 4260 Ἀρσάκιον
1169 4181 1475 4260 πρεσϐύτην
1509 4207 1521 4220 ·

361 4275 535 4337 Οὗτος
571 4273 823 4348 βασιλεὺς
849 4273 899 4329 ἐν
932 4274 1114 4349 Θρᾴκῃ
1147 4275 1314 4343 κτίζει
1345 4273 1532 4347 πόλιν,

358 4364 458 4421 ιἨν
493 4360 788 4437 Α’ρκαδίου
819 4361 1016 4424 πάντες
1051 4358 1239 4432 ᾅδουσι
1271 4363 1457 4422 πόλιν.

358 4451 460 4506 Καὶ
490 4450 627 4506 κίον’
657 4451 934 4527 ἀνήγειρεν
958 4450 1010 4505 έν
1042 4449 1337 4528 ξηρολόφῳ

223 4543 321 4598 685
358 4541 585 4611 Στήλην
618 4539 730 4595 ἅνω
760 4543 994 4619 φέροντα
1020 4544 1119 4596 τοῦ
1154 4538 1510 4615 δειμαμένου.

355 4631 494 4700 ’Έτη
533 4627 590 4684 δὲ
615 4629 752 4704 πρὸς
782 4628 1033 4706 τέσσαρσι
1063 4628 1325 4705 κατάρξας
1356 4628 1503 4705 δέκα,

355 4727 449 4774 Ὧν
479 4713 707 4789 εὐσεϐής
737 4740 844 4788 τις,
876 4717 1190 4792 ὀρθοδοξίας
1223 4718 1406 4798 φίλος,

355 4807 582 4871 ’Δλλως
616 4806 673 4863 δὲ
700 4810 901 4885 κοῦφος
938 4808 1216 4884 εὐάγωγος
1244 4810 1336 4865 τὸν
1364 4813 1592 4886 τρόπον,

357 4900 609 4969 Νοσήσας
642 4897 854 4971 ἐξέλιπε
883 4898 975 4953 τὸν
1009 4899 1242 4976 φθαρτὸν
1283 4899 1422 4974 βίον.

502 5016 893 5072 ΘΕΟΔΟΣΙΟΣ
932 5017 974 5074 Ο
1011 5019 1189 5073 ΝΕΟΣ
1232 5020 1341 5074 ΕΤ.
1377 5019 1508 5076 MB'.

220 5125 319 5180 690
358 5123 455 5178 Καὶ
490 5128 619 5187 παῖς
650 5119 941 5185 Θεοδόσιος
969 5125 1128 5200 ἄρχει
1155 5128 1251 5179 τοῦ
1281 5110 1513 5200 κράτους

354 5211 555 5288 Πραὺς,
587 5213 894 5287 προσηνὴς,
929 5209 1180 5287 εὐσεϐὴς,
1215 5217 1456 5291 χρηστὸς
1487 5218 1746 5293 τρόπους,

352 5302 674 5379 Ἐγκύκλιον
704 5299 984 5357 παίδευσιν
1019 5304 1074 5358 εὖ
1105 5303 1440 5378 ἠσκημένος,

352 5393 705 5466 Μαθημάτων
739 5389 882 5469 ἴδρις
914 5413 972 5447 τε
1001 5400 1103 5463 τῆς
1135 5395 1482 5471 τετρακτύος,

353 5483 450 5537 Καὶ
481 5481 790 5551 πλαστικῆς
819 5483 884 5537 αὗ
917 5483 1008 5538 καὶ
1038 5491 1306 5563 γραφικῆς
1334 5485 1616 5561 τεχνίτης,

1706 263 2076 321 CBBARRB.

1857 394 1910 459 Α
1942 387 2218 442 idoneum
2247 387 2430 458 culpis
2461 389 2570 444 rite
2602 390 2922 444 remedium
2955 391 3223 447 contulit.

1942 476 2054 530 Rex
2085 475 2180 529 hic
2213 492 2315 546 pro
2344 492 2452 531 sua
2477 476 2688 548 pietate
2719 482 2776 531 et
2806 477 3148 534 orthodoxia

1940 563 2258 632 presulum
2289 566 2682 620 venerandum
2714 572 2928 621 emtum
2957 582 3341 639 congregans,

1941 655 2174 708 centum
2206 653 2473 708 videlicet
2503 659 2556 709 et
2589 653 3019 725 quinquaginta
3050 656 3310 726 Patrum,

1941 742 2220 795 adversus
2254 741 2655 797 Macedonium
2689 743 2789 813 qui
2823 743 3088 800 divinum

1940 829 2222 899 Spiritum
2257 830 2451 887 debito
2484 831 2703 886 honore
2736 848 2852 886 non
2884 835 3128 902 colebat,

1941 918 2258 972 secundam
2291 921 2696 974 celebrandam
2729 921 2952 975 curavit
2978 925 3266 993 synodum
3302 941 3315 981 :

1941 1022 2068 1076 quas
2097 1007 2247 1061 Patri
2277 1024 2342 1062 ac
2375 1008 2556 1063 Verbo
2587 1009 2864 1080 Spiritum
2895 1011 3182 1068 definiens

1942 1096 2161 1151 honore
2194 1114 2410 1168 parem,
2444 1103 2656 1153 natura
2685 1101 2886 1155 eadem
2924 1103 3255 1172 praeditum,

1943 1185 2171 1239 devovit
2201 1189 2600 1242 Macedonium
2625 1189 2807 1257 justis
2842 1189 2988 1244 diris

1944 1277 2122 1344 atque
2153 1291 2286 1329 eum
2321 1275 2607 1331 catholica
2639 1278 2863 1348 pepulit
2895 1279 3168 1336 Ecclesia.

1944 1362 2203 1434 Byzantii
2236 1381 2368 1419 vero
2399 1365 2708 1436 praesulem
2734 1367 2953 1438 delegit

1944 1451 2279 1507 Nectarium
2313 1452 2514 1526 lingua
2546 1460 2602 1509 et
2636 1456 2898 1510 moribus
2929 1456 3244 1526 eluentem,

1945 1539 2348 1597 Christicolam
2381 1544 2641 1612 quidem,
2675 1545 2776 1599 sed
2811 1546 3072 1600 nondum
3103 1547 3402 1606 initiatum
3439 1566 3452 1606 :

1945 1628 2241 1700 baptizant
2269 1647 2405 1703 ergo
2437 1633 2611 1687 simul
2647 1641 3002 1706 sacrantque
3032 1638 3371 1710 episcopum
3398 1661 3412 1708 ;

1946 1719 2226 1790 quoniam
2256 1721 2573 1794 Gregorius
2605 1727 2780 1779 Pater
2811 1725 3122 1797 theologus

1947 1807 2059 1863 hac
2079 1815 2265 1866 semet
2285 1815 2422 1868 sede
2444 1818 2654 1884 sponte
2683 1815 3052 1885 deposuerat.

1948 1897 2065 1952 Rex
2085 1901 2179 1955 hic
2213 1900 2497 1971 hesperiis
2522 1904 2771 1958 moritur
2801 1904 2859 1959 in
2893 1907 3088 1972 terris,

1946 1989 2177 2044 duobus
2200 1992 2458 2060 partiens
2492 1991 2695 2048 liberis
2725 1993 3042 2066 imperium
3073 2014 3086 2062 ;

1944 2076 2195 2134 Honorio
2228 2081 2466 2150 quidem
2499 2087 2693 2153 partes
2720 2084 2994 2139 occiduas
3018 2086 3300 2143 tribuens.

1944 2165 2164 2221 Orienti
2188 2169 2500 2225 Arcadium
2535 2171 2843 2227 dominum
2875 2174 3237 2244 praeficiens;

1943 2261 2255 2328 postquam
2279 2265 2622 2330 regnaverat
2652 2262 2822 2316 annis
2856 2265 3273 2333 septemdecim

1943 2359 2074 2398 cum
2109 2347 2368 2417 quinque
2401 2349 2706 2403 mensibus
2732 2351 2978 2404 feliciter
3000 2357 3056 2406 et
3077 2354 3168 2424 pie
3205 2369 3217 2408 :

1940 2433 2028 2487 vir
2057 2452 2194 2490 sane
2226 2437 2496 2509 egregius
2527 2443 2582 2492 et
2616 2440 2886 2510 princeps
2917 2442 3283 2513 victoriosus,

1940 2524 2042 2578 sed
2075 2524 2287 2594 pietate
2319 2531 2514 2582 tamen
2549 2529 2736 2583 multo
2771 2529 3127 2587 rutilantior.

1943 2614 1998 2668 Is
2028 2617 2085 2668 et
2114 2613 2451 2671 columnam
2483 2617 2682 2687 posuit
2707 2618 2766 2672 in
2798 2618 2967 2674 Bovis
2999 2619 3146 2689 loco,

1938 2706 2270 2774 gestantem
2304 2705 2461 2777 regis
2492 2709 2748 2761 statuam
2783 2710 3040 2766 auctoris
3072 2709 3186 2766 sui.

2414 2821 2772 2878 ARCADIUS
2813 2824 2932 2880 AN.
2974 2825 3116 2882 XIV.

1940 2928 2220 2984 Arcadius
2245 2927 2423 3000 igitur
2452 2929 2637 2985 haeres
2667 2930 2900 3002 imperii
2931 2932 3121 2991 factus

1938 3018 2089 3074 male
2115 3018 2263 3074 illud
2297 3020 2472 3092 coepit
2496 3034 2694 3091 gerere
2723 3026 2780 3076 et
2809 3023 3171 3080 socorditer:

1940 3108 2116 3164 hebes
2147 3109 2326 3179 enim,
2356 3109 2648 3166 versatilis
2679 3114 2737 3166 et
2768 3111 3073 3184 remissus,

1950 3203 2008 3254 et
2038 3205 2249 3254 cuncta
2281 3200 2477 3255 uxoris
2505 3199 2706 3255 sinens
2734 3199 2794 3256 in
2828 3201 3094 3270 arbitrio,

1943 3289 2252 3344 turbarum
2287 3288 2572 3344 ﬂuctibus
2602 3289 2798 3345 obruit
2831 3291 3174 3360 Ecclesiam,

1946 3378 2177 3450 sibique
2203 3380 2430 3450 justam
2464 3379 2689 3451 peperit
2719 3379 3046 3439 infamiam.

1943 3466 2211 3541 Namque
2243 3469 2342 3524 ubi
2366 3468 2670 3526 Nectarius
2699 3469 2946 3542 explevit
2965 3471 3092 3528 vitae
3123 3489 3388 3548 cursum,

1946 3575 2126 3615 aurea
2153 3559 2354 3630 lingua
2386 3561 2663 3630 praditus
2691 3561 2949 3617 Joannes

1946 3648 2254 3704 Antiochia
2282 3649 2593 3704 deducitur
2621 3651 2691 3706 ad
2727 3650 2933 3706 urbem
2957 3652 3201 3724 regiam,

1949 3741 2012 3793 ut
2042 3737 2221 3810 hujus
2253 3755 2479 3794 sacram
2511 3738 2735 3794 scilicet
2765 3745 2932 3796 ornet
2961 3742 3182 3802 sedem.

1946 3827 2054 3883 Sed
2088 3827 2244 3883 enim
2277 3831 2528 3900 angusta
2560 3833 2764 3884 contra
2794 3828 2881 3884 fas
2911 3829 3171 3888 Eudoxia

1949 3933 2171 3984 sacros,
2198 3916 2312 3973 heu
2339 3915 2349 3970 l
2388 3932 2596 3988 perosa
2626 3915 2844 3973 liberos
2878 3934 3201 3991 sermones,

1948 4006 2129 4062 solem
2162 4006 2517 4076 animarum,
2551 4006 2707 4062 sedis
2745 4008 3010 4079 apprime
3038 4010 3308 4082 dignum,

1947 4096 2213 4153 exsulem
2245 4095 2413 4168 pellit
2443 4111 2630 4167 usque
2670 4097 2740 4151 ad
2776 4096 2977 4153 urbem
3001 4099 3258 4156 Comana
3281 4145 3298 4172 ,

1946 4186 2179 4258 ipsique
2209 4185 2511 4242 Arsacium
2542 4192 2682 4241 natu
2709 4187 2833 4257 jam
2864 4189 3148 4258 grandem
3180 4190 3424 4249 sufﬁcit.

1949 4275 2068 4332 Rex
2097 4275 2191 4330 hic
2221 4275 2279 4329 in
2306 4275 2551 4330 Thracia
2580 4275 2844 4331 condidit
2876 4276 3082 4333 urbem
3113 4279 3299 4347 illam,

1946 4381 2125 4436 quam
2155 4364 2585 4436 ArcadiOpolim
2614 4364 2788 4436 vulgo
2819 4370 3084 4423 vocatam
3113 4369 3430 4428 cernimus.

1947 4456 2102 4511 Idem
2125 4455 2459 4512 columnam
2491 4455 2689 4524 posuit
2719 4455 2779 4511 in
2810 4456 3165 4530 Xerolopho,

1947 4545 2268 4602 conditoris
2298 4545 2391 4602 sui
2421 4545 2592 4617 signo
2627 4546 3021 4619 superposito.

1945 4636 2231 4709 Regnavit
2262 4640 2457 4691 autem
2491 4635 2692 4691 decem
2725 4652 2856 4691 cum
2891 4642 3148 4708 quatuor
3177 4642 3348 4698 annis
3375 4661 3390 4712 ;

1941 4724 2030 4780 vir
2059 4741 2199 4780 sane
2229 4724 2363 4796 pius
2397 4727 2572 4796 atque
2594 4723 2952 4780 orthodoxiae
2985 4730 3195 4798 tenax;

1943 4814 2085 4870 levis
2117 4813 2335 4883 alioqui
2368 4813 2609 4886 ingenii,
2643 4814 2841 4870 varius
2873 4831 2939 4871 ac
2971 4818 3272 4876 mutabilis
3300 4838 3313 4884 ;

1944 4903 2266 4975 implicitus
2292 4904 2352 4959 in
2386 4903 2658 4958 morbum
2690 4903 2807 4958 vita
2841 4906 3076 4962 mortali
3109 4909 3306 4965 cessit.

2205 5018 2654 5076 THEODOSIUS
2693 5019 2954 5075 JUNIOR
2992 5023 3114 5080 AN.
3155 5023 3325 5081 XLII.

1942 5129 2166 5200 Excipit
2194 5127 2506 5198 imperium
2539 5125 2695 5181 ﬁlius
2714 5127 3100 5198 Theodosius,

1944 5219 2104 5275 mitis
2137 5217 2410 5282 affabilis,
2444 5216 2575 5286 pius
2608 5218 3058 5290 commodisque
3089 5222 3378 5292 moribus,

1943 5307 2235 5381 sncyclica
2254 5306 2519 5362 doctrina
2542 5309 2694 5361 recte
2717 5306 3024 5377 exercitus,

1943 5396 2393 5468 disciplinarum
2427 5398 2682 5464 quatuor
2713 5395 2859 5450 bene
2889 5396 3101 5462 sciens,

1942 5486 2219 5559 plastices
2252 5485 2492 5555 insuper
2524 5487 2694 5554 atque
2721 5483 2962 5555 picturae
2993 5501 3233 5558 gnarus.

252 5609 336 5681 (19
357 5609 546 5668 Locus
578 5610 862 5667 nimirum
895 5610 1056 5668 urbis
1084 5612 1414 5685 Byzantina:
1443 5614 1637 5672 dictus
1659 5615 1782 5672 Bos.
1809 5615 2018 5674 Zonar.
2049 5610 2199 5682 XIV,
2232 5611 2285 5666 4.
