4208 6430
178 378 226 434 ιι
1710 372 2066 429 ΟΒΒΔΒΕ.

324 499 594 573 Ἀρπαγὶν
626 498 779 575 ἄφνω
810 494 1030 552 παιδίον
1066 498 1201 571 πρὸς
1222 496 1352 569 ἀέρα

200 590 288 646 755
323 589 552 643 Πάντων
590 585 906 660 βλεπόντων
931 587 1015 640 καὶ
1052 584 1174 641 λίαν
1211 579 1636 657 θαμὸουμένων,

328 678 466 734 Μεθ’
489 677 680 744 ἱκανὴν
714 672 857 748 ὣραν
891 672 947 730 δὲ
977 675 1243 748 καταχθὲν
1279 670 1446 728 πάλιν

328 767 474 842 Ἔφη
506 764 785 836 μυηθῆναί
816 784 876 838 γε
912 765 987 836 μὴ
1018 763 1371 838 προστιθέναι

327 856 405 912 Τὸ
432 852 761 928 όταυρωθεὶς
792 853 930 927 πρὸς
964 852 1115 927 ῥῆμα
1146 850 1214 906 δι’
1243 854 1389 923 ἡμᾶς
1420 850 1598 926 λέγων

331 941 428 1014 Τῷ
452 941 716 1017 τρισαγίῳ
745 942 837 996 καὶ
872 937 1155 1013 σεϐασμίῳ
1187 940 1363 1013 ὕμνῳ·

202 1034 296 1089 760
330 1030 539 1086 Τούτου
574 1030 937 1103 μεταστάντος
971 1026 1029 1083 δὶ
1058 1030 1195 1103 πρὸς
1227 1025 1404 1091 θείους
1432 1026 1581 1095 νόας,

330 1116 632 1193 Προεδρίαν
667 1117 865 1194 εἴληφε
892 1124 993 1186 τῆς
1026 1116 1433 1171 Κωνσταντίνου

335 1203 708 1283 Πρεσϐύτερός
739 1228 823 1269 τις
857 1202 1166 1267 Φλαῦιανὸς
1197 1205 1381 1275 ἀξίως,

334 1298 635 1371 Πρόμαχος
668 1294 847 1367 ὀρθῶν
879 1292 1166 1369 δογμάτων
1202 1292 1551 1363 Ἐκκλησίας⁶

331 1386 513 1459 Οὗπερ
538 1383 795 1448 θανόντος
826 1382 1070 1438 λακτίσει
1103 1382 1404 1457 Διοσκόρου

202 1476 299 1531 765
338 1475 424 1529 Ἐν
459 1472 726 1549 λῃστρικῇ
759 1493 817 1528 τε
845 1472 936 1526 καὶ
974 1474 1173 1547 φονικῇ
1206 1467 1418 1543 συνόδῳ

336 1563 515 1631 Θύτης
541 1560 865 1623 Ἀνατόλιος
893 1557 1311 1633 Ἀλεξανδρείας

337 1651 550 1729 Εἶληφε
573 1652 747 1706 θῶκον
784 1650 925 1727 ἱερὸν
963 1646 1267 1724 βασιλίδος.

339 1741 508 1801 Οὗτος
538 1738 830 1800 Θεοδόσιος
862 1737 1279 1814 αύσονοκράτωρ

342 1831 436 1884 Καὶ
471 1834 661 1904 τεῖχος
695 1829 945 1903 ἀνήγειρε
975 1832 1234 1902 χερσαῖον
1259 1823 1418 1879 πόλει

205 1922 301 1973 770
339 1921 435 1973 Ἐκ
460 1920 570 1972 τῶν
598 1917 932 1992 Βλαχερνῶν
974 1916 1049 1977 εἷς
1079 1914 1257 1977 πύλας
1284 1912 1378 1974 τὰς
1410 1910 1672 1986 Χρυσέας,

338 2007 579 2081 Τοῧργον
607 2005 843 2081 περάνας
877 2004 927 2059 έν
962 2001 1080 2058 δυσὶ
1117 2003 1253 2075 μησὶ
1291 2001 1507 2075 μόνοις,

342 2092 565 2169 Σπουδῇ
590 2096 640 2171 γ’
673 2093 919 2169 ἐπάρχου
950 2093 1039 2148 καὶ
1072 2090 1324 2166 συνεργίᾳ
1354 2090 1553 2162 Κύρων

340 2185 650 2259 ’Δγαμένου
682 2181 863 2255 δήμου
896 2180 952 2236 δέ
984 2184 1155 2256 Κῦρον
1188 2183 1286 2235 τοῦ
1314 2180 1543 2253 τάχους,

343 2274 439 2326 Καὶ
476 2273 624 2328 ταῦτ’
657 2270 1039 2343 ἀνακράξαντει
1071 2269 1124 2324 ἐν
1154 2267 1457 2344 παρρησίᾳ,

204 2365 303 2419 775
339 2366 754 2423 Κωνσταντῖνος
790 2361 885 2432 μὲν
920 2358 1095 2414 ἔκτισε
1124 2357 1253 2433 πρὶν
1281 2358 1382 2425 τὴν
1414 2355 1599 2426 πόλιν,

340 2453 581 2508 Ἀνανεοῖ
611 2453 787 2526 Κῦρος
821 2447 879 2504 δὲ
910 2453 1028 2517 νῦν,
1058 2448 1343 2524 προθυμίᾳ

337 2540 519 2615 Ταύτῃ
552 2539 846 2618 φθονηθεὶς
878 2537 1119 2594 ἐκπεσὼν
1148 2544 1275 2606 τῆνς
1300 2534 1474 2606 ἀξίας,

339 2627 672 2699 Ἐκκλησίας
700 2625 968 2705 πρόεδρος
1001 2621 1155 2702 ὤφθη
1194 2624 1543 2700 Σμυρναίωψ

341 2720 437 2774 Καὶ
473 2716 818 2793 Πουλχερίαν
850 2717 1012 2778 οὗτος
1046 2713 1286 2792 ἀδελφὴν
1327 2712 1493 2789 φίλην

202 2808 305 2863 780
340 2811 461 2863 Τῶν
499 2805 792 2882 βασιλείων
820 2800 1065 2860 ἐκϐαλὼν
1100 2805 1174 2867 ὡς
1205 2802 1304 2859 οὐκ
1333 2800 1439 2858 ἔδει

342 2897 473 2958 Ταῖς
504 2896 808 2966 ύποθήκαις
846 2893 1114 2969 βασκάνου
1145 2892 1459 2968 Χρυσαφίου

340 2986 431 3040 ’Ev
469 2982 693 3059 ἑβδόμῳ
720 2984 936 3053 τίθησιν
972 2981 1457 3058 ἐγκεκλεισμένην,

341 3071 645 3146 Φροντίδος
671 3073 839 3142 αὐτὴν
871 3071 1214 3132 καταπαύσας
1236 3069 1598 3144 πραγμάτων

339 3162 519 3224 Μόλις
554 3160 613 3217 δὲ
640 3161 813 3223 συνεὶς
842 3162 933 3215 τὸν
967 3159 1161 3238 φθόνον
1196 3159 1531 3235 Χρυσαφίου,

205 3253 308 3308 785
342 3252 518 3308 Αὐτὸν
555 3251 650 3324 μὲν
683 3250 955 3323 ἐξόριστον
990 3246 1215 3309 ἐνδίκως
1245 3243 1397 3321 ἕδρα,

344 3342 463 3410 Τὴν
495 3340 760 3415 σύγγονον
786 3337 844 3393 δὶ
873 3333 1205 3413 προσλαϐὼν
1237 3335 1389 3400 αὖθις
1420 3337 1573 3409 νέμει

345 3426 627 3504 Φροντίδα
654 3433 854 3484 κοινῶν
882 3425 1016 3501 τῇδε
1040 3427 1380 3501 πραγμάτων
1414 3424 1583 3481 ὀλων⁶

342 3520 516 3581 Οὗτος
551 3520 787 3588 νοσήσας
820 3516 1033 3590 ἐξέλιπε
1059 3517 1151 3571 τὸν
1192 3516 1330 3591 βίον.

342 3611 439 3672 ’Ὡς
464 3629 618 3682 φασι,
654 3605 807 3682 βιοὺς
836 3607 1173 3675 πεντήκοντα
1210 3627 1317 3660 που
1347 3606 1601 3681 χρόνους,

208 3700 312 3754 790
349 3699 480 3760 Καθ’
511 3694 605 3758 οὓς
637 3692 833 3771 σχεδὸν
858 3701 1106 3770 κατῆρχε
1134 3693 1266 3757 τοὺς
1298 3695 1535 3769 χρόνους
1567 3691 1753 3755 ὅλους.

621 3811 1041 3868 ΜΑΡΚΙΑΝΟΣ
1085 3815 1179 3864 ΕΤ.
1228 3810 1266 3879 ζ’
1310 3810 1385 3873 cf.

353 3916 619 3984 Σκῆπτρα
652 3902 960 3983 μεταϐαίνει
997 3904 1053 3961 δὲ
1084 3908 1223 3980 πρὸς
1266 3904 1610 3981 Πουλχερίαν

352 4001 593 4075 Τρόποις
626 3998 848 4073 ἀγαθοῖς
879 3998 967 4051 καὶ
1001 4001 1225 4069 σεμνοῖς
1259 3995 1666 4069 κοσμουμένην,

349 4092 425 4163 Τῇ
458 4086 505 4144 δ’
532 4081 779 4158 εὐσεϐείᾳ
805 4086 1069 4162 παρθενία
1099 4088 1143 4139 τ’
1180 4084 1245 4140 αὖ
1275 4083 1469 4142 πλέον.

348 4181 418 4236 ⁴Η
452 4177 759 4251 Μαρκιανὸν
794 4173 961 4251 ἄνδρα
990 4176 1233 4251 χρηστὸν
1258 4175 1386 4239 τοὺς
1414 4176 1673 4250 τρόπους,

212 4271 321 4327 795
358 4268 593 4342 Σεμνὸν,
624 4266 878 4341 γεραρὸν,
907 4264 1163 4342 σώφρονα
1184 4266 1272 4320 καὶ
1305 4259 1614 4341 πρεσϐύτην

354 4360 450 4415 Ἐκ
479 4359 827 4428 στρατιωτῶν
862 4359 1253 4430 προσκαλεῖται
1284 4356 1519 4429 ταχέως,

354 4445 452 4501 Καὶ
481 4443 623 4516 τῷδε
654 4441 820 4513 δηλοῖ
850 4446 948 4497 τοῦ
977 4444 1293 4518 κρατάρχου
1339 4443 1431 4497 τὸν
1469 4441 1660 4518 μόρον⁸

355 4534 455 4590 Καὶ
486 4553 670 4612 φησιν’
708 4529 778 4590 Εἴ
806 4552 898 4605 μοι
930 4531 1111 4587 πίστιν
1142 4530 1359 4609 ἀσφαλῆ
1392 4531 1583 4605 νέμοις

358 4626 445 4685 Ὧς
475 4622 765 4697 παρθενίας
796 4624 897 4695 τῇς
927 4620 1067 4694 ἐμῇς
1100 4620 1299 4699 φύλαξ,

216 4715 323 4771 800
356 4716 562 4788 ’Πνπερ
593 4712 904 4786 καθιέρωσα
932 4713 1153 4787 Χριστῷ
1180 4710 1418 4788 νυμφίῳ,

358 4802 548 4875 Στέψω
579 4800 807 4877 βασιλέα
834 4821 892 4855 σε
917 4805 1019 4874 τῇς
1048 4798 1379 4872 Ῥωμαῗδος,

357 4895 469 4950 Τοῦ
502 4889 550 4946 δ’
582 4888 647 4945 αὖ
678 4890 1105 4953 κατανεύσαντος
1136 4888 1392 4966 ἀσφαλῶς
1419 4886 1563 4959 τόδε,

359 4979 761 5039 Μετακαλεῖται
797 4977 1012 5055 βασιλὶς
1044 4978 1371 5055 ἀρχιθύτην,

361 5073 500 5131 Τοὺς
530 5070 580 5124 ἐν
611 5069 782 5141 τέλει,
815 5067 1150 5143 σύγκλητον,
1184 5066 1326 5123 ἄλλο
1356 5088 1414 5122 τε
1446 5067 1654 5145 στίφος,

225 5162 331 5217 805
366 5160 461 5214 Καὶ
493 5159 805 5232 Μαρκιανὸν
837 5164 1046 5214 ταινιοῖ
1075 5156 1308 5233 κράτους
1332 5156 1531 5236 στέφει,

367 5250 461 5304 Καὶ
491 5250 744 5324 κράτομα
776 5246 1013 5302 δείκνσσι
1044 5251 1145 5316 τῇς
1176 5243 1502 5320 Ῥωμαῒδος,

363 5340 455 5411 Τῷ
485 5335 533 5393 δ’
561 5336 912 5413 αἰχμαλώτῳ
941 5335 1348 5414 χρηματίσαντι
1381 5334 1552 5391 πάλαι

365 5428 561 5502 Θέρους
595 5427 851 5482 ὑπνοῦντι
883 5428 1019 5503 πρὸς
1052 5424 1232 5504 φλόγα
1260 5427 1360 5496 τήν
1392 5423 1583 5496 ἡλίου,

367 5515 470 5571 Σὺν
502 5514 891 5592 αἰχμαλώτοις
922 5512 1174 5571 πλείοσιν
1209 5509 1399 5589 ἕρκους
1444 5515 1628 5589 μέσον,

230 5607 332 5664 810
367 5604 772 5683 Ἐπιγαταπτᾶς
806 5605 960 5669 ἀετὸς
992 5606 1145 5660 σκιὰν
1181 5602 1329 5681 ἔδρα·

358 5697 425 5754 Ὀ
453 5695 616 5772 γνοὺς
656 5693 932 5772 ἐθνάρχης
959 5692 1105 5751 τόνδ’
1138 5696 1166 5751 ὁ
1195 5693 1427 5751 κατένων
1460 5692 1648 5758 πέδαις

522 5821 799 5883 Panos.
847 5818 958 5882 Gn.
1007 5818 1271 5882 CXLIII.

1834 500 1889 565 Α
1918 497 2201 569 abreptus
2231 497 2428 553 subito
2452 514 2597 569 puer
2625 496 2685 551 in
2717 511 2929 564 aerem,

1920 585 2149 640 cunctis
2168 585 2591 657 aspicientibus
2620 583 2843 655 ingenti
2873 585 3112 652 stupore
3143 579 3403 651 percitis,

1918 680 2053 745 post
2081 674 2451 729 intervallum
2486 674 2783 728 modicum
2819 670 3008 727 denuo
3041 670 3223 726 redux

1916 762 2062 818 dixit
2090 763 2377 818 divinitus
2400 763 2509 817 sibi
2546 761 2862 817 revelatum

1920 867 1991 905 ne
2020 850 2322 920 cruciﬁxus
2345 868 2447 907 vox
2477 850 2792 906 adderetur

1916 941 2039 995 voci
2069 955 2167 1010 pro
2196 942 2352 996 nobis
2382 940 2621 1008 trisagio
2650 939 2712 994 in
2745 938 2983 1010 hymno.

1918 1028 2117 1083 Proclo
2148 1029 2218 1083 ad
2248 1044 2534 1099 supernos
2565 1026 2829 1082 evolante
2859 1025 3100 1097 spiritus

1918 1116 2319 1188 episcopatum
2353 1116 2514 1171 urbis
2545 1115 2909 1170 Constantini

1922 1205 2129 1261 merito
2150 1205 2403 1261 obtinuit
2434 1205 2517 1259 vir
2549 1220 2724 1261 senex
2749 1203 3056 1259 Flavianus

1920 1310 2199 1350 sanorum
2235 1293 2497 1349 Ecclesiae
2524 1295 2866 1365 dogmatum
2890 1292 3162 1348 defensor
3192 1307 3207 1346 :

1921 1399 2097 1455 quem
2130 1382 2228 1471 ubi
2261 1383 2475 1438 occidit
2496 1382 2756 1438 calcibus
2780 1381 3095 1471 Dioscorus

1918 1470 2248 1527 latrocinali
2285 1472 2343 1527 in
2376 1472 2599 1542 synodo
2623 1474 2887 1537 cruenta,

1920 1560 2283 1616 Alexandria:
2318 1560 2530 1632 priesul
2562 1560 2871 1616 Anatolius

1920 1665 2149 1706 sacram
2182 1649 2346 1705 urbis
2376 1650 2545 1722 regias
2582 1650 2783 1705 sedem
2815 1649 3137 1720 occupavit.

1921 1743 2096 1793 Porro
2128 1738 2448 1810 imperator
2474 1738 2585 1794 iste
2614 1738 2974 1795 Theodosius

1922 1830 2193 1881 terrestre
2225 1842 2454 1898 quoque
2485 1843 2721 1883 murum
2746 1827 3018 1884 excitavit

1842 1885 1890 1950 Β
1924 1916 2086 1970 urbis
2118 1933 2151 1970 a
2180 1885 2512 1971 Blachernis
2542 1917 2613 1971 ad
2651 1921 2877 1988 portam
2907 1919 3181 1983 Auream,

1923 2020 2071 2074 opus
2101 2004 2157 2058 id
2193 2020 2424 2059 menses
2455 2005 2610 2059 intra
2642 2005 2790 2060 duos
2821 2021 3111 2077 peragens

1922 2091 2232 2149 sedulitate
2258 2098 2313 2147 et
2339 2094 2535 2148 studio
2568 2094 2825 2164 praefecti
2858 2094 3020 2165 Cyri;

1922 2182 2091 2251 cujus
2123 2180 2420 2237 demirans
2453 2182 2808 2237 celeritatem
2844 2182 3097 2254 populus

1922 2275 2094 2340 atque
2124 2270 2218 2326 his
2248 2271 2525 2326 audacter
2555 2271 2751 2327 verbis
2783 2271 3178 2340 succlamans,

1921 2360 2342 2417 Constantinus
2377 2361 2579 2417 urbem
2612 2363 2913 2433 quondam
2946 2362 3231 2428 condidit,

1921 2449 2103 2519 Cyrus
2135 2466 2287 2505 nunc
2318 2455 2559 2506 renovat
2582 2467 2596 2518 ;
2622 2450 2804 2521 hujus
2835 2469 3015 2508 causa
3038 2452 3286 2525 plausus

1920 2544 2160 2595 vocatus
2186 2540 2245 2594 in
2278 2540 2559 2595 invidiam
2585 2541 2770 2612 gradu
2813 2542 3047 2610 excidit,

1920 2632 2180 2700 Smyrnae
2209 2645 2371 2700 eaque
2402 2629 2613 2700 praesul
2643 2631 2815 2685 datus
2847 2635 2935 2684 est
2966 2630 3255 2686 Ecclesiae.

1922 2717 2081 2773 Idem
2102 2716 2468 2773 Theodosius
2499 2717 2870 2773 Pulcheriam
2904 2734 3161 2775 sororem

1925 2806 2103 2878 regali
2135 2805 2368 2876 pulsam
2400 2810 2604 2861 contra
2634 2806 2723 2862 fas
2755 2806 2991 2878 palatio,

1923 2893 2162 2951 consilis
2193 2893 2414 2949 scilicet
2441 2894 2616 2949 invidi
2640 2894 3008 2967 Chrysaphii,

1915 2983 2100 3054 jussit
2120 2988 2186 3039 ut
2216 2984 2417 3039 clausa
2447 2984 2661 3039 viveret
2684 2984 2739 3039 in
2772 2984 3071 3041 Hebdomo

1923 3073 2083 3128 omni
2115 3072 2450 3144 reipublicae
2480 3072 2713 3144 negotio
2745 3073 3069 3130 abstinens.

1922 3162 2028 3217 Vix
2055 3163 2292 3217 demum
2324 3162 2546 3217 invidia
2576 3161 2809 3233 cognita
2839 3163 3214 3236 Chrysaphii,

1848 3245 1893 3313 C
1931 3251 2086 3306 hunc
2111 3251 2347 3321 quidem
2379 3250 2590 3306 merito
2626 3251 2799 3307 trusit
2829 3252 2887 3306 in
2918 3252 3221 3322 exsilium;

1921 3355 2211 3411 germanae
2234 3356 2365 3395 vero
2398 3345 2672 3395 revocatas
2704 3341 2895 3395 denuo

1924 3445 2222 3484 summam
2255 3431 2397 3500 reip.
2431 3429 2748 3499 regendam
2782 3431 3043 3485 tradidit.

1926 3521 2059 3588 Ipse
2089 3524 2405 3589 occupatus
2434 3518 2638 3574 morbo
2668 3517 2847 3574 vitam
2881 3518 3123 3589 clausit,

1928 3624 2137 3675 annos,
2169 3616 2231 3661 ut
2258 3606 2447 3672 aiunt,
2479 3611 2654 3661 natus
2683 3606 3132 3679 quinquaginta,

1928 3712 2077 3767 quos
2108 3711 2315 3751 omnes
2336 3694 2517 3750 ferme
2546 3694 2736 3767 exegit
2765 3695 2825 3750 in
2858 3696 3128 3768 imperio.

2213 3810 2627 3866 MARCIANUS
2668 3811 2780 3866 AN.
2826 3812 2898 3868 VI
2939 3812 3148 3869 MENS.
3192 3812 3287 3868 VI.

1931 3909 2166 3965 Devenit
2194 3913 2391 3965 autem
2424 3912 2719 3979 sceptrum
2749 3909 2819 3964 ad
2852 3909 3221 3965 Pulcheriam

1933 4000 2197 4055 moribus
2226 3997 2473 4069 egregiis
2504 3997 2803 4070 inclytam,
2830 4000 2931 4055 sed
2965 3999 3155 4072 magis

1934 4088 2147 4161 pietate
2176 4087 2237 4143 in
2268 4087 2452 4142 Deum
2478 4091 2653 4157 atque
2682 4086 3024 4159 virginitate
3054 4106 3067 4143 :

1934 4195 2061 4251 qua:
2091 4177 2452 4235 Marcianum
2486 4178 2634 4233 bene
2667 4183 2960 4234 moratum
2992 4179 3188 4235 virum

1936 4268 2240 4341 pudicum,
2269 4266 2683 4334 venerabilem,
2707 4269 2908 4338 etjam
2933 4284 3135 4325 senem

1935 4375 1966 4413 e
1995 4357 2203 4413 castris
2234 4356 2581 4411 festinanter
2610 4357 2681 4411 ad
2717 4372 2782 4411 se
2810 4364 2999 4412 vocat.

1936 4451 1993 4501 et
2022 4448 2092 4501 de
2122 4445 2367 4501 Czssaris
2413 4444 2575 4500 obitu
2602 4444 2912 4501 certiorem
2945 4447 3105 4503 facit.

1937 4536 2088 4591 Tum
2120 4534 2203 4590 ait
2233 4550 2246 4590 :
2280 4533 2337 4588 Si
2368 4533 2606 4605 quidem
2637 4534 2784 4589 mihi
2815 4537 3071 4607 spondes
3106 4535 3374 4602 ﬁrmiter,

1861 4612 1907 4677 D
1939 4630 1996 4680 te
2028 4623 2317 4679 castitatis
2350 4638 2490 4677 meae
2532 4624 2837 4678 custodem
2872 4625 3014 4692 fore,

1939 4729 2118 4784 quam
2150 4727 2256 4784 ego
2283 4710 2514 4767 Christo
2540 4712 2773 4782 jambiu
2806 4714 3161 4782 consecravi,

1945 4800 2190 4859 Romani
2223 4799 2452 4871 imperii
2482 4800 2790 4856 dominum
2821 4805 2876 4858 te
2902 4803 3131 4859 faciam.

1947 4890 2055 4957 Qui
2084 4894 2397 4963 postquam
2430 4889 2661 4945 ﬁrmam
2696 4891 2833 4962 eius
2864 4892 2949 4948 rei
2980 4893 3152 4949 fidem
3187 4892 3424 4964 obtulit,

1947 4984 2150 5054 regina
2180 4980 2451 5053 protinus
2480 4986 2649 5036 vocat
2678 4983 3197 5056 arcbypraesulem,

1950 5072 2354 5144 magistratus,
2388 5074 2680 5140 senatum,
2714 5072 3011 5144 aliamque
3040 5074 3272 5130 turbam

1950 5160 2429 5228 Marcianumque
2460 5159 2695 5215 redimit
2726 5163 2886 5233 regni
2917 5168 3251 5231 stemmate,

1953 5255 2011 5306 et
2033 5253 2431 5305 Romanorum
2464 5249 2881 5320 imperatorem
2914 5260 3089 5308 creat.

1956 5340 2105 5396 Huic
2139 5338 2275 5393 olim
2311 5338 2539 5410 captivo
2573 5355 2638 5394 ac
2660 5340 2979 5397 dormienti

1959 5445 2093 5484 cum
2128 5428 2260 5484 aliis
2292 5428 2651 5500 concaptivis
2686 5428 2743 5484 in
2772 5434 2937 5502 septo
2970 5430 3185 5502 medio,

1963 5518 2191 5575 aestivas
2225 5517 2347 5574 sole
2372 5516 2672 5589 jaculante
2707 5518 2998 5587 ﬂammas,

1968 5608 2249 5665 advolans
2282 5607 2481 5681 aquila
2511 5609 2782 5665 umbram
2818 5611 3098 5682 praebuit:

1971 5699 2126 5772 quod
2160 5714 2295 5755 cum
2328 5696 2604 5756 rescisset
2628 5699 2903 5757 dominus
2935 5700 3115 5773 hujus
3145 5701 3409 5776 regulus,

3263 5825 3302 5883 2

3488 366 3558 421 42
