4190 6438
551 421 618 473 43
1762 411 2128 466 ΕΡΗὶὶιΕΜΙΙ
2173 410 2206 462 C

1762 411 2128 466 EPHRASMII
2173 410 2509 469 CHRONOC
2522 413 2741 465 RAPHI

542 544 814 598 eumdem
850 541 1095 595 liberum
1126 539 1355 594 remisit
1385 536 1441 591 in
1474 536 1723 607 patriam

542 632 667 686 Duo
701 647 932 701 quoque
956 631 1164 683 fratres
1196 628 1351 683 idem
1386 625 1720 696 prodigium

546 719 850 791 perspicue
878 719 1147 773 viderunt
1175 718 1230 770 in
1270 714 1450 785 Lycia:
1489 711 1805 783 provincia,

546 809 724 880 hique
758 808 1045 863 Marciano
1078 806 1390 877 praedixere
1418 802 1752 873 imperium.

548 900 642 954 Sic
674 899 783 953 iste
805 896 1031 967 accepit
1059 896 1255 950 omina
1290 893 1581 964 potentias.

546 987 857 1043 Pulcheria
882 1002 1016 1040 vero
1051 983 1340 1056 publicam
1375 997 1496 1036 rem
1530 995 1760 1051 gerens,

547 1083 604 1132 et
633 1092 765 1131 cum
800 1074 1090 1130 Marciano
1124 1071 1285 1143 regni
1319 1087 1491 1125 curas
1522 1068 1805 1139 partiens,

548 1167 765 1221 mirum
799 1166 855 1218 in
882 1162 1220 1221 Blachernis
1252 1166 1426 1231 atque
1458 1154 1914 1229 incomparabile

543 1263 765 1332 Virgini
796 1261 964 1316 Matri
995 1258 1280 1329 templum
1309 1255 1599 1312 excitavit.

544 1353 808 1421 Cumque
840 1350 1032 1404 Romae
1064 1349 1274 1403 veteris
1305 1363 1455 1416 papa
1485 1349 1640 1400 esset
1672 1344 1783 1397 Leo

545 1457 705 1497 novae
737 1443 932 1494 autem
960 1436 1170 1509 praesul
1203 1434 1529 1502 Anatolius,

546 1530 699 1601 quod
726 1529 1037 1583 Dioscorus
1069 1530 1370 1597 patrarant
1401 1530 1575 1594 atque
1608 1520 1893 1590 Eutyches

545 1623 746 1673 contra
780 1632 1057 1687 magnum
1098 1614 1434 1668 Flavianum
1468 1628 1638 1683 grave
1674 1611 1898 1665 facinus

547 1726 617 1763 ne
649 1708 890 1778 impune
922 1708 1084 1770 foret,
1116 1704 1433 1773 imperator
1463 1706 1551 1755 est
1582 1706 1836 1770 rogatus.

542 1798 793 1866 Jamque
826 1795 1116 1865 synodum
1150 1790 1414 1847 contrahi
1438 1792 1678 1861 jussum
1714 1788 1905 1843 fuerat

546 1885 825 1941 Marciani
859 1884 1046 1938 edicto
1079 1900 1143 1936 ac
1176 1880 1509 1935 Pulcheriw.

545 1973 1063 2046 philochristorum
1099 1987 1296 2040 regum
1325 1970 1580 2041 piorum.

544 2065 692 2135 Ergo
726 2064 782 2117 in
820 2062 961 2116 urbe
993 2060 1355 2115 Chalcedone
1387 2058 1672 2112 divinitus

542 2153 796 2222 theologi
830 2152 1027 2206 Patres
1050 2153 1444 2204 convenerunt

541 2242 798 2298 sexcenti
834 2257 964 2295 eum
1001 2240 1241 2311 triginta
1262 2236 1614 2308 congregati.

539 2332 644 2386 His
676 2336 923 2402 praierat
952 2334 1144 2384 Romae
1177 2328 1424 2382 senioris
1454 2326 1563 2381 Leo

541 2436 818 2491 novaeque
847 2418 1151 2474 Anatolius
1184 2418 1316 2471 dius
1347 2415 1653 2486 episcopus

542 2516 598 2565 et
622 2507 923 2564 Juvenalis
958 2507 1149 2562 Sionis
1186 2511 1434 2560 sanctae:

541 2599 723 2669 hique
757 2598 1116 2662 damnarunt
1150 2594 1355 2649 merito
1384 2593 1729 2648 Dioscorum

543 2706 675 2744 eum
702 2686 1012 2758 Eutychete
1034 2688 1235 2740 contra
1265 2699 1438 2739 suum
1459 2697 1665 2736 nomen
1700 2679 1937 2748 misero,

541 2779 641 2850 qui
673 2791 1043 2847 nequaquam
1079 2775 1225 2828 dnas
1250 2771 1463 2826 Christi
1496 2776 1758 2837 naturas,

540 2866 640 2921 sed
675 2879 853 2919 unam
884 2862 1062 2933 impie
1095 2860 1351 2930 lalsoque
1380 2860 1777 2914 afﬁrmabant.

539 2965 689 3019 Tum
723 2962 861 3034 quia
892 2961 1186 3016 contraria
1215 2959 1588 3030 impudenter
1622 2956 1794 3011 l'actio

538 3052 1010 3107 calumniabatur
1035 3055 1249 3104 temere
1281 3048 1635 3103 orthodoxos

538 3142 708 3212 quasi
739 3141 988 3195 Nestorii
1021 3139 1156 3193 vitio
1189 3138 1542 3203 laborantes,

541 3231 679 3285 dum
716 3230 867 3285 hanc
902 3230 971 3284 de
1003 3228 1235 3283 Christo
1270 3226 1624 3282 sententiam
1656 3227 1944 3295 gererent,

543 3320 696 3390 quod
726 3319 872 3373 duas
907 3323 1146 3373 naturas
1179 3316 1465 3387 perfectas
1496 3314 1857 3381 inconfusas,

542 3408 654 3464 sub
686 3424 802 3461 una
825 3408 1062 3477 junctas
1102 3412 1302 3481 tamen
1331 3421 1579 3476 persona
1609 3402 1919 3471 habuerit;

545 3497 619 3549 ab
651 3496 991 3551 orthodoxis
1016 3494 1419 3565 haereticisque
1444 3491 1620 3547 simul

548 3583 761 3657 duplex
792 3584 1042 3639 confessi
1076 3583 1340 3655 protinus
1373 3581 1797 3649 conscribitur;

546 3676 771 3746 hasque
798 3674 992 3745 sigillo
1025 3674 1204 3745 probe
1231 3673 1626 3727 communitas

543 3765 603 3819 in
638 3781 773 3819 arca
803 3763 1086 3818 claudunt
1118 3780 1418 3819 sacrarum
1453 3761 1836 3832 reliquiarum

545 3854 747 3922 puella:
782 3853 1055 3924 martyris
1082 3854 1261 3906 beatae
1296 3852 1653 3923 Euphemiaz.

543 3953 682 4007 Post
714 3952 953 4007 tertiam
987 3951 1142 4006 diem
1177 3950 1448 4021 precibus
1481 3949 1734 4020 peractis

545 4042 773 4096 cunctis
804 4040 1135 4112 sepulcrum
1171 4044 1375 4110 patens
1408 4036 2004 4105 circumsistentibus,

547 4133 819 4186 adstante
851 4130 1025 4186 etiam
1057 4146 1191 4184 cum
1226 4128 1499 4183 Patribus
1530 4132 1774 4193 Caesare,

542 4221 597 4291 (ο
631 4221 1072 4282 admirandum,
1101 4218 1327 4272 Christe
1350 4218 1449 4287 mi,
1480 4216 1807 4288 prodigium
1834 4216 1875 4287 l)

543 4310 950 4364 haereticorum
984 4309 1223 4379 quidem
1257 4307 1638 4362 scelestarum
1665 4306 1812 4361 liber

540 4398 815 4467 martyris
848 4398 1140 4468 projectus
1173 4399 1241 4451 ad
1278 4397 1452 4467 pedes
1484 4397 1673 4450 fuerat
1707 4414 1720 4464 ;

539 4494 598 4542 at
618 4488 950 4543 orthodoxae
988 4487 1117 4542 fidei
1152 4486 1414 4541 libellum

538 4577 667 4633 diva
700 4576 825 4633 suis
860 4577 1138 4632 manibus
1174 4575 1417 4630 ﬁrmiter
1442 4577 1713 4640 tenebat;

538 4666 719 4737 idque
755 4667 1023 4737 regnanti
1059 4681 1124 4719 ac
1158 4663 1508 4736 patriarchae
1535 4664 1747 4718 obtulit

538 4756 740 4811 dextra
770 4757 842 4811 ad
870 4773 968 4810 eos
992 4759 1287 4826 protensa.
1324 4754 1492 4822 (Proh
1528 4753 1879 4808 miraculum
1907 4753 1946 4822 ί)

538 4860 676 4909 Post
707 4855 827 4909 haac
860 4853 1062 4924 regina
1093 4852 1386 4907 derelictis
1417 4852 1589 4907 terris

540 4946 706 4999 sedes
730 4945 799 4999 ad
834 4944 1097 4998 caelestes
1131 4942 1365 4997 transiit
1396 4940 1726 5009 Pulcheria,

542 5051 673 5103 quae
707 5035 852 5089 bene
884 5032 1327 5102 orthodoxaque
1349 5047 1480 5085 cum
1515 5032 1726 5103 pietate

546 5124 783 5190 vixeral,
817 5138 1035 5193 sponso
1062 5121 1285 5192 optimo
1319 5120 1692 5176 subserviens

541 5214 769 5269 Christo
803 5212 860 5267 in
887 5210 1233 5267 castimonia
1264 5211 1553 5282 rectisque
1580 5210 1856 5282 operibus

542 5303 910 5374 splendidam
943 5299 1297 5371 virginitatis
1326 5298 1487 5355 alens
1518 5298 1874 5369 lampadem.

537 5394 682 5447 Dein
713 5390 1050 5445 Marcianus
1083 5404 1313 5459 quoque
1343 5394 1588 5444 mortem
1621 5388 1764 5443 obiit

538 5497 713 5536 senex
737 5482 862 5550 jam
897 5478 1268 5551 grandaevus,
1305 5494 1403 5533 rex
1435 5478 1727 5547 amabilis,

537 5571 693 5626 bona
723 5585 913 5638 mens,
949 5567 1108 5621 mitis
1142 5566 1379 5622 animus
1410 5568 1814 5638 etjucundus.

536 5660 644 5716 IIic
668 5657 930 5731 auspicio
960 5656 1156 5712 divino
1190 5656 1261 5710 ad
1296 5656 1610 5728 imperium
1643 5661 1903 5729 venerat,

541 5766 727 5823 eoque
758 5766 859 5808 sex
891 5748 1073 5805 ferme
1098 5747 1270 5803 annis
1292 5747 1619 5820 perfruitus
1648 5751 1758 5817 est,

2214 533 2264 598 A

2475 534 2707 610 Ἀφῆκεν
2742 535 2901 589 αὐτὸν
2928 535 3062 609 πρὸς
3096 531 3311 608 πατρίδ’
3346 534 3583 590 ἀπιέναι.

2474 624 2635 677 Τοῦτ’
2663 624 2796 677 αὐτὸ
2826 622 2988 677 πάλιν
3021 623 3107 676 καὶ
3140 621 3265 685 δυάς
3289 644 3371 685 τις
3405 621 3672 696 συγγόνων

2472 711 2696 767 Κατεῖδε
2730 718 2911 789 σαιρῶς
2945 712 2995 768 ἐν
3021 714 3212 784 θέματι
3245 712 3471 779 Λυκίας,

2331 802 2437 856 815
2474 807 2541 855 ⁶Η
2569 802 2658 855 καὶ
2690 808 2919 877 προεῖπε
2948 800 3089 874 τῴδε
3118 803 3215 870 τὴν
3252 800 3608 876 κραταρχῖαν.

2471 889 2627 945 Οὕτω
2660 893 3048 966 προαφώριστο
3079 889 3221 962 τῷδε
3250 892 3311 944 τὸ
3342 889 3557 963 κράτος.

2476 976 2793 1055 ΙΙουλχερία
2825 977 2882 1035 δὲ
2911 982 3265 1058 φροντίζουσα
3286 977 3645 1053 πραγμάτων,

2478 1069 2575 1122 Καὶ
2606 1066 3031 1145 συνδιαφέρουσα
3059 1072 3157 1138 τὴν
3190 1068 3546 1145 κραταρχίαν,

2477 1157 2583 1213 Τὸν
2617 1156 2668 1212 ἐν
2702 1157 3038 1234 Βλαχέρναις
3068 1156 3453 1231 ἀπαράμιλλον
3487 1155 3630 1227 ξένον

2332 1249 2439 1302 820
2477 1248 2624 1302 Νεὼν
2655 1248 2840 1313 ἀνιστᾷ
2870 1249 3313 1323 λίητροπαρθένῳ
3344 1249 3511 1322 Κόρῃ.

2476 1331 2851 1410 ΙΙρεσδυτέρας
2883 1337 3107 1410 Ῥώμης
3143 1335 3199 1391 δὲ
3227 1338 3459 1399 Λέοντος
3488 1336 3637 1390 πάπα

2476 1428 2574 1480 Καὶ
2607 1447 2740 1497 ποις·
2771 1431 2998 1503 ενάρχου
3028 1424 3073 1480 δ’
3102 1424 3408 1483 Ανατολίου
3438 1425 3557 1486 νίας

2478 1515 2558 1572 Τὰ
2584 1520 2691 1592 πρ)
2726 1516 3027 1589 Διοσκόρου
3053 1536 3110 1569 τε
3140 1518 3237 1569 τοῦ
3267 1516 3313 1568 τ’
3344 1513 3618 1590 Εὐτυχέος

2478 1605 2791 1681 Πραχθέντα
2823 1604 3005 1666 δεινῶς
3037 1599 3346 1659 Φλαϐιανὸν
3381 1602 3454 1663 εὶς
3487 1604 3650 1677 μέγαν

2337 1704 2445 1757 825
2484 1704 2570 1769 Μὴ
2603 1702 2982 1778 παραδραμεῖν
3015 1699 3634 1774 ἄνακτ’ἐξαιτουμένων,

2476 1788 2615 1861 ’Ἱιδη
2643 1794 2884 1865 γενέσθαι
2919 1789 3139 1853 σύνοδος
3170 1790 3394 1846 τέτακτό
3425 1812 3486 1864 γε

2479 1882 2796 1953 Μαρκιανοῦ
2828 1878 3061 1954 δόγματι
3093 1879 3182 1933 καὶ
3217 1877 3561 1954 Πουλχερίας

2480 1974 2599 2025 Τῶν
2632 1967 3007 2045 φιλοχρίστων
3044 1963 3275 2024 εὐσεϐῶν
3310 1966 3601 2042 βασιλέων.

2480 2058 2761 2126 Συνῆλθον
2792 2058 2985 2113 οὐκοῦν
3006 2059 3056 2112 ἐν
3080 2055 3393 2125 Χαλκηδόνι
3424 2054 3583 2111 πόλει

2333 2148 2439 2202 830
2476 2147 2775 2220 Ἑξακόσιοι
2818 2148 3049 2223 Πατέρες
3084 2146 3336 2222 Οεηγόροι

2477 2236 2619 2310 Πρὸς
2651 2238 2943 2309 τριάκοντα
2970 2236 3323 2310 συναχθέντες
3356 2235 3572 2304 ἐνθέως,

2475 2330 2566 2379 Ὧν
2600 2327 2743 2401 ἦρχε
2776 2327 2995 2398 Ῥώμης
3025 2332 3126 2394 τῆς
3153 2323 3483 2400 παλαιτέρας
3518 2330 3691 2395 Λέων,

2479 2416 2615 2477 Νέας
2645 2417 2691 2469 τ’
2722 2414 3045 2477 Ἀνατόλιος
3075 2411 3255 2478 ἔνθεος
3286 2414 3476 2483 θύτης,

2477 2505 2574 2558 Καὶ
2605 2499 2963 2565 Ἰουϐενάλιος
2996 2503 3139 2557 Σιὼν
3168 2502 3338 2577 ἁγίας·

2332 2596 2439 2649 835
2475 2591 2541 2649 O'i
2576 2590 2641 2661 δὴ
2674 2591 2927 2657 καθεῖλον
2959 2592 3251 2665 Διόσκερον
3274 2589 3497 2653 ἐνδίκως

2479 2681 2582 2735 Σὺν
2619 2683 2854 2756 Εὐτυχεῖ
2884 2703 2943 2735 τε
2976 2679 3235 2754 δυστυχεῖ
3261 2679 3562 2752 τρισαθλίῳ

2477 2773 2595 2828 Ἐπὶ
2631 2774 2868 2846 Χριστοῦ
2900 2768 3158 2846 λέγοντας
3191 2769 3251 2825 οὐ
3283 2768 3481 2833 διπλᾶς
3507 2770 3716 2843 φύσεις,

2474 2860 2612 2918 Μίαν
2648 2862 2703 2915 οὶ
2738 2859 2948 2933 μᾶλλον
2980 2858 3271 2925 δυσσεϐῶς,
3300 2858 3674 2936 κακοφρόνως“

2476 2950 2622 3006 Ἐπεὶ
2649 2948 2694 3004 δ’
2717 2947 2949 3011 ἀναιδῶς
2984 2950 3308 3004 ὑπεναντίων
3346 2949 3532 3027 στῖφος

2332 3051 2439 3105 840
2478 3047 2839 3126 Ὀροόφρονας
2870 3049 2936 3117 ἦν
2967 3042 3328 3102 ένδιαϐἀλλον
3366 3046 3564 3119 μάτην,

2474 3140 2562 3200 Ὠς
2593 3138 2887 3212 Νεστορίου
2917 3138 3015 3205 τὴν
3050 3135 3232 3208 λύμην
3269 3133 3642 3209 δεδεγμένους,

2479 3228 2569 3285 Ἐν
2603 3231 2684 3299 τῷ
2714 3232 2928 3303 φρονεῖν
2951 3246 3009 3280 τε
3036 3225 3124 3279 καὶ
3154 3223 3326 3301 λέγειν
3362 3224 3594 3299 Χριστὸν
3628 3224 3807 3300 φέρειν

2478 3316 2684 3377 Διπλάς
2716 3314 2927 3377 τελείας
2950 3314 3044 3375 τὰς
3071 3314 3253 3391 φύσεις
3287 3313 3614 3389 ἀσογχύτως

2480 3404 2790 3479 Ἦνωμένας
2822 3404 2887 3459 αὗ
2919 3404 2970 3459 ἐν
3004 3408 3103 3477 μιᾷ
3124 3404 3173 3477 γ’
3207 3402 3517 3461 ὑποστάσει.

2337 3499 2443 3552 845
2483 3496 2626 3570 Πρὸς
2665 3492 2993 3568 ὀρθοδόξων,
3026 3489 3322 3559 δυσσεϐῶν,
3348 3493 3511 3566 τόμοι
3544 3490 3639 3547 δύο

2480 3584 2813 3662 Γεγράφαται
2844 3583 2909 3652 δῆ
2941 3582 3031 3637 σὺν
3068 3581 3170 3657 ὅλῃ
3199 3583 3502 3657 προθυμίᾳ,

2480 3675 2578 3728 Καὶ
2607 3671 2801 3729 τούσδε
2829 3672 3012 3734 καλῶς
3042 3672 3449 3747 σφραγίσαντες,
3485 3673 3559 3733 ὼς
3593 3668 3734 3741 δέον,

2481 3765 2565 3818 Ἐν
2602 3762 2829 3837 λάρνακι
2856 3760 3099 3817 κλείουσι
3133 3765 3339 3816 σεπτῶν
3376 3759 3647 3835 λειψάνων

2481 3852 2769 3925 Εὐφημίας
2806 3853 3077 3926 μάρτυρος
3109 3846 3301 3912 ὀλϐίας
3328 3851 3517 3924 κόρης·

2334 3954 2438 4007 850
2479 3951 2609 4008 Εἶτα
2640 3952 2752 4023 μετ’
2786 3950 2949 4026 εὐχὰς
2981 3952 3189 4025 ἡμέραν
3216 3972 3273 4005 τε
3296 3951 3395 4019 τὴν
3428 3949 3616 4025 τρίτην

2482 4041 2700 4094 Πάντων
2734 4040 3016 4112 παρόντων
3051 4040 3397 4114 ἀνεῳγμένου
3426 4042 3623 4117 τάφου,

2483 4130 2578 4185 Καὶ
2610 4133 2706 4184 τοῦ
2739 4134 3066 4203 κρατοῦντος
3096 4130 3479 4202 συμπαρόντος
3516 4127 3782 4203 Πατράσιν

2481 4220 2568 4291 (Ὦ
2603 4219 2939 4292 θαυμασίων,
2964 4220 3161 4293 Χριστὶ
3190 4240 3316 4292 μου,
3339 4219 3677 4292 τεραστίων),

2477 4313 2601 4383 Τῶγ
2632 4302 2907 4363 δυσσεϐῶν
2944 4309 3036 4380 μὲν
3072 4309 3356 4383 αἱρετικῶν
3390 4329 3495 4362 που
3524 4307 3694 4380 τόμος

2336 4400 2444 4454 855
2482 4397 2570 4453 Ἐν
2601 4401 2718 4458 τοῖς
2750 4397 2877 4451 ποσὶ
2909 4400 3185 4471 μάρτυρος
3214 4398 3281 4465 ἦν
3312 4396 3659 4473 ἐρριμμένος·

2479 4486 2582 4540 Τὸν
2617 4482 2663 4539 δ’
2698 4486 2761 4540 αὗ
2790 4507 2850 4561 γε
2880 4484 3073 4539 λοιπὸν
3108 4483 3543 4560 ὁρθοδοξούντων
3576 4487 3771 4561 μέρους

2480 4580 2713 4649 Κατεῖχε
2744 4576 2933 4650 χερσὶν
2968 4573 3225 4651 ἀσφαλῶς
3256 4580 3375 4637 ταῖς
3408 4572 3592 4647 ἰδίαις,

2480 4663 2579 4720 Καὶ
2606 4668 2685 4736 τῷ
2714 4668 2997 4739 κρατοῦντι
3029 4665 3116 4718 καὶ
3148 4664 3464 4741 πατριάρχῃ
3497 4664 3647 4737 νέμει

2475 4754 2588 4821 Τήν
2620 4752 2791 4823 δεξιὰν
2812 4753 3028 4808 τείνασα
3068 4756 3201 4825 πρὸς
3234 4759 3389 4829 σφᾶς.
3423 4755 3511 4827 (Ὢ
3540 4756 3697 4827 τέρας
3723 4755 3761 4828 l)

2331 4854 2437 4908 860
2474 4853 2623 4906 Μετά
2646 4850 2701 4906 δὲ
2724 4856 2893 4907 ταῦτα
2928 4850 3144 4927 βασιλὶς
3173 4850 3489 4927 Πουλχερία

2480 4944 2649 5011 Γῆθεν
2684 4943 2911 5013 μετέστη
2944 4942 3079 5015 πρὸς
3115 4941 3285 5014 μονὰς
3315 4940 3644 5016 οὐρανίουως

2477 5032 2694 5099 Ζήσασα
2723 5029 2905 5092 καλῶς
2941 5026 3177 5094 εὐσεϐῶς
3208 5031 3556 5106 ὀρθοφρόνως

2478 5121 2707 5195 Χριστὸν
2744 5120 3116 5195 θεραπεύσασα
3144 5120 3311 5177 καλὸν
3344 5121 3573 5197 νυμφίον

2478 5212 2565 5267 Ἑν
2600 5210 2859 5285 παρθενίᾳ
2888 5210 2976 5266 καὶ
3008 5207 3190 5265 καλῶν
3226 5210 3519 5279 εὑποιίαις,

2334 5304 2441 5358 865
2480 5302 2578 5358 Κτί
2609 5298 2773 5369 τῆσδε
2807 5298 3035 5377 φαιδρὰν
3070 5299 3314 5373 ἀνάψασα
3348 5296 3628 5372 Λαμπάδα.

2478 5392 2610 5447 Εἶτα
2637 5388 2865 5459 τελευτᾷ
2889 5390 3205 5466 Μαρκιανὸς
3234 5390 3328 5445 τὸν
3363 5390 3479 5464 βίον

2479 5481 2655 5550 Ζήσας
2687 5478 2776 5533 ἐπὶ
2811 5481 3077 5553 μήκιστον
3112 5478 3238 5550 ἄναξ
3273 5478 3510 5553 χαρίεις,

2481 5570 2715 5642 Γνώμην
2748 5568 2974 5644 ἀγαθὸς,
3010 5568 3223 5645 ἱλαρὸς,
3254 5572 3428 5642 πρᾶος
3460 5568 3633 5645 φύσει·

2480 5660 2654 5721 Οὗτος
2684 5654 3093 5735 Θεοπρόϐλητος
3123 5657 3414 5735 ἐμπρέπων
3447 5658 3651 5734 κράτει.

2337 5752 2444 5807 870
2482 5748 2576 5821 ’Ἐξ
2608 5770 2714 5805 που
2744 5747 3035 5826 κατασχὼν
3066 5749 3163 5819 τὴν
3196 5746 3487 5807 Βασιλείαν
3518 5752 3781 5827 χρόνους.

3878 406 3947 461 Ui
