4208 6430
136 368 190 421 45

286 489 383 549 Ὃς
414 486 778 563 γνωματεύων
816 488 893 560 μή
924 491 1090 541 κινεῖν
1119 483 1347 560 βασιλέα

288 578 517 653 Ἔφασκε
549 574 660 631 δεῖο
690 576 837 631 ὅπλα
866 597 922 629 τε
952 576 1041 629 καὶ
1078 576 1263 650 μάχην
1293 573 1441 635 ὅλως

289 669 384 723 "Av
484 664 706 721 δυνατὸν
742 665 950 741 ἤρεμον
990 667 1139 739 βιοῦν
1174 664 1310 737 βίον.

159 788 325 837 ΑΕΘΝ
366 785 409 838 ι)
448 785 681 839 ΜΕΓΑΣ
726 782 895 839 ΙΙΤΟΙ
948 786 993 839 Ο
1030 782 1423 839 ΜΑΚΕΛᾹΗΣ
1467 779 1577 835 ET.
1620 778 1723 836 Iﬂ'.

289 968 498 1025 Τούτου
532 966 786 1032 θανόντος
819 969 908 1022 καὶ
946 964 1302 1043 μεταστάντος
1339 964 1480 1040 βίου,

162 1059 259 1113 875
294 1057 460 1118 Εὐθὺς
490 1056 769 1132 παρῆλθεν
802 1056 878 1118 εἷς
915 1054 1193 1130 βασίλειον
1218 1054 1413 1129 κράτος

296 1144 499 1216 Κλῆσιν
535 1149 683 1200 Λέων
714 1168 800 1207 τις
830 1146 919 1199 καὶ
953 1144 1251 1212 Μακέλλης
1282 1142 1609 1215 τούπίκλην,

296 1236 462 1307 Ἀνὴρ
493 1233 692 1310 ἀγαθὸς
721 1235 925 1309 ἀρετῶν
952 1232 1359 1305 πεπλησμένος,

294 1323 544 1379 Μάλιστα
574 1320 846 1400 φιλοίκτῳ
879 1320 937 1377 δὲ
961 1323 1435 1396 κατηυγασμένος,

298 1414 523 1487 Κράτωρ
556 1411 806 1485 ἀριστεὺς
836 1412 926 1466 καὶ
958 1412 1219 1485 μαχητὴς
1252 1406 1533 1483 γεννάδας,

164 1504 260 1560 880
295 1503 537 1576 Ἐχθρῶν
564 1501 780 1557 κλονῶν
813 1500 1095 1577 φάλαγγας
1127 1501 1307 1573 ὥσπερ
1336 1520 1421 1560 τις
1450 1496 1611 1554 λέων.

293 1591 483 1664 Σιιράν
516 1589 709 1664 γένους
742 1588 945 1654 ἀνωθεν
975 1586 1152 1644 ἕλκων
1188 1588 1247 1643 ἐκ
1276 1588 1490 1664 Θρᾴκης

297 1681 365 1735 ἸΙ
396 1678 487 1733 καὶ
520 1683 732 1747 Δακῶν,
767 1679 839 1740 ὥς
870 1678 993 1753 φασί
1023 1699 1185 1748 τινες,
1220 1677 1277 1731 ἐκ
1301 1677 1508 1752 γένους,

296 1769 449 1837 ’Υπέρ
461 1787 640 1842 μαχος
672 1769 958 1842 κράτιστος
994 1764 1332 1841 όρθοδοξίας,

302 1857 399 1911 Καὶ
432 1854 674 1929 δαψιλής
703 1877 784 1917 τις
815 1855 1034 1931 ἀπόρων
1070 1855 1403 1931 χορηγὲτης·

178 1948 275 2003 885
310 1944 513 2003 Εῗωθεν
549 1946 709 2005 οὗτος
741 1944 1111 2019 γνωματεύειν
1144 1945 1232 1998 καὶ
1266 1942 1469 2018 λέγειν,

308 2037 397 2097 Ὧς
429 2033 591 2103 ἥλιος
621 2034 825 2110 πέφυκε
853 2033 1161 2109 θερμαίνειν
1196 2030 1349 2093 ὅλοις

309 2126 399 2185 Οἷς
426 2120 488 2176 ἂν
521 2122 701 2200 ἐπαφῇ
726 2124 825 2184 τάς
856 2124 1072 2197 φαεινὰς
1103 2123 1347 2189 ἀκτῖνας,

311 2214 419 2269 Τὸν
452 2211 613 2266 αὐτὸν
649 2212 800 2283 οἶμαι
835 2208 944 2266 δεῖν
982 2210 1208 2286 βασιλέα
1232 2211 1435 2283 τρόπον

311 2303 407 2363 Οἷς
437 2299 499 2355 ἃν
534 2295 874 2374 ἐπιϐλέψειεν
908 2301 1211 2375 ἀνθρώπων
1241 2299 1453 2375 γένους,

179 2392 273 2447 890
313 2395 462 2468 Σφᾶς
494 2390 676 2461 ἀξιοῦν
710 2388 895 2445 οἷ’κτου
925 2410 984 2445 τε
1014 2386 1373 2466 φιλοδωρίας.

312 2480 427 2555 Πρὸ
456 2483 555 2534 τοῦ
586 2484 877 2554 κατασχεῖν
903 2476 1060 2541 οὗτος
1092 2478 1273 2554 ἀρχὴν
1300 2478 1388 2532 καὶ
1416 2478 1614 2551 κράτος

307 2571 548 2643 Ἀσπαρι
584 2565 744 2640 δεινῷ
773 2572 879 2622 τῶν
922 2569 1055 2642 μέγα
1088 2565 1394 2641 δυναμένων

314 2663 350 2711 ⁸]
369 2657 638 2732 πόσχεσιν
668 2654 870 2711 δέδωκε
899 2654 1005 2711 τῶν
1039 2654 1248 2712 παίδων
1277 2653 1371 2710 ’ένα

320 2747 416 2809 Εἷς
451 2748 774 2823 καισαρικήν
804 2745 956 2816 ἀξίαν
988 2740 1347 2822 προϐιϐάσαι·

187 2837 281 2891 895
318 2836 467 2889 Ἐπεὶ
504 2832 553 2888 δ’
581 2829 875 2905 ἐπιϐέϐηκε
906 2840 1003 2904 τῆς
1034 2833 1336 2909 αύταρχίας

315 2926 535 2999 Ἀσπαρ
568 2924 761 2997 ἀπῄτει
794 2926 895 2993 τὴν
927 2924 1087 2998 χάριν
1127 2923 1261 2995 μετά
1304 2922 1439 2996 βίας·

319 3013 419 3067 Καὶ
450 3009 789 3089 πορφυρίδος
816 3010 969 3066 τοῦδ’
1001 3009 1230 3073 ἀναιδῶς
1254 3013 1524 3084 ἡμμένος,

320 3098 716 3177 Ψευδηγορεῖν,
750 3100 999 3178 ἔφασκεν,
1034 3101 1095 3155 ού
1128 3102 1332 3176 χρεὼν,
1363 3098 1507 3170 ἄναξ,

317 3191 424 3247 Τὸν
453 3187 619 3259 τήνδε
650 3187 907 3265 λαμπρὰν
932 3186 1223 3267 πορφυρίδ’
1256 3188 1584 3262 ἐνημμένον.

186 3280 283 3336 900
320 3279 482 3335 Ἀλλ’
514 3276 640 3334 οὐδὲ
667 3277 833 3333 πάλιν
869 3272 1205 3347 ἐκϐιάζεσθαι
1238 3275 1355 3332 δέον

322 3371 418 3429 ’Ὡς
451 3388 575 3423 τινα
605 3365 825 3439 δοῦλον,
855 3367 1150 3441 ἀντεπῆγεν
1184 3369 1212 3422 ὁ
1241 3368 1479 3441 κράτωρ,

320 3457 431 3514 Τὸν
466 3458 703 3531 ἀρχικήν
738 3460 1005 3534 φοροῦντα
1036 3456 1294 3531 λαμπρὰν
1326 3452 1607 3530 χλαμύδα·

321 3546 496 3608 Οὕτος
530 3547 757 3617 συνῴκει
788 3549 1001 3621 γαμετῇ
1031 3549 1099 3619 τῇ
1135 3546 1341 3620 Βηρίνῃ

322 3638 393 3693 "H
428 3632 525 3690 δύο
554 3636 724 3689 τίκτει
760 3634 979 3709 βασιλεῖ
1010 3636 1324 3709 θυγατέρας,

198 3726 294 3781 905
329 3726 438 3793 Τὴν
472 3722 784 3799 Ἀριάδνην,
816 3722 1064 3799 δευτέραν
1098 3724 1369 3779 Λεοντίαν·

328 3819 425 3868 Ὧν
456 3811 718 3887 Ἀριάδνη
751 3815 958 3884 Ζήνωνι
991 3812 1255 3887 συνεζύγη

331 3900 516 3978 Ἀνδρὶ
551 3899 785 3958 δυσειδεῖ
815 3902 905 3957 καὶ
932 3903 1168 3976 κακίστῳ
1198 3901 1323 3965 τοὺς
1356 3907 1612 3977 τρόπους,

332 3992 590 4048 Ἕλκοντι
622 3991 801 4066 σειράν
833 3996 929 4047 τοῦ
960 3994 1150 4066 γένους
1182 3990 1232 4062 ἐξ
1266 3991 1539 4067 Ἰσαύρων,

331 4082 647 4157 Μαρκιανὸς
677 4078 723 4135 δ’
756 4078 927 4157 ἔγημε
954 4083 1053 4150 τήν
1079 4080 1332 4136 Λεοντίαν

204 4173 300 4228 910
336 4171 627 4244 Ἀνθεμίου
659 4175 785 4232 παῖς
825 4170 1247 4245 βασιλεύσαντος
1268 4172 1511 4244 Ῥώμης.

336 4260 550 4318 Τούτου
582 4258 990 4335 βασιλεύοντος,
1024 4259 1075 4315 ἐν
1112 4257 1355 4336 βασιλίδι

338 4350 584 4425 Πυρκαϊά
611 4370 695 4413 τις
726 4344 921 4418 συνέϐη
958 4348 1226 4427 φρικαΛέα

340 4441 433 4493 Ἐκ
460 4446 561 4508 τῆς
593 4440 729 4512 πρὸς
761 4437 955 4512 ἄρκτον
988 4436 1237 4515 ἁλμυρᾶς
1267 4438 1343 4502 εἷς
1369 4441 1616 4514 θατὲραν,

340 4529 517 4602 Πυρὸς
552 4526 919 4598 διαζώσαντος
950 4527 1000 4583 έν
1041 4528 1189 4601 μέσῳ
1219 4528 1407 4594 πόλιν,

211 4618 310 4674 915
346 4619 446 4673 Καὶ
478 4618 897 4692 πυρπολοῦντος
926 4615 1093 4687 τῆσδε
1123 4616 1379 4694 λαμπρὰς
1412 4616 1612 4688 οἰκίας,

344 4706 531 4763 Τᾶλλα
561 4728 619 4761 τε
649 4706 823 4762 πάντα
851 4706 942 4762 καὶ
975 4702 1303 4781 σεϐασμίους
1338 4706 1541 4782 δόμους

347 4797 470 4853 Ἐπὶ
500 4796 794 4871 τετρακτὺν
827 4800 1052 4872 ἡμερῶν
1087 4795 1373 4853 ἀνενδότω·

349 4886 421 4960 Τῇ
458 4883 506 4941 δ’
539 4886 836 4963 Ἀντιόχου
863 4887 952 4942 καὶ
982 4886 1217 4966 σφοδρὸς
1250 4894 1354 4961 γῆς
1382 4908 1466 4950 τις
1493 4884 1688 4946 κλόνος

350 4971 574 5049 Συμϐἀς
607 4977 1009 5052 κατηρείπωσεν
1044 4977 1211 5045 αὐτὴν
1246 4976 1512 5052 ἐσχάτως·

218 5066 318 5121 920
350 5068 513 5136 Ὕσθη
549 5063 750 5127 σποδὸς
782 5063 838 5121 δὲ
872 5066 1020 5139 μάλα
1050 5065 1240 5135 πολλὴ
1373 5066 1533 5121 πόλει

352 5155 443 5217 Εἷς
479 5154 748 5231 ἐμψύχων
783 5158 1022 5211 κάκωσιν
1057 5156 1133 5219 εἷς
1164 5161 1388 5231 καρπῶν
1419 5155 1619 5233 φθίσιν·

353 5248 446 5300 Ἐκ
472 5242 627 5300 τοῦδ’
656 5247 683 5299 ὁ
714 5251 928 5319 κρατῶν
965 5247 1247 5321 συσχεθεὶς
1284 5246 1488 5320 ἀγωνίᾳ

354 5334 520 5390 Πόλιν
554 5333 860 5407 λελοιπὼς,
884 5333 936 5390 ἐν
973 5334 1269 5411 βασιλείοίς
1311 5333 1504 5408 δόμοις

360 5421 491 5481 Οὗσι
524 5425 631 5495 πρὸ
660 5429 888 5500 τειχῶν,
921 5423 1181 5502 ἀσφαλῶς
1212 5426 1276 5492 ἦν
1309 5420 1530 5498 διάγων.

237 5512 338 5568 925
374 5514 487 5588 Ἐφ’
513 5512 681 5590 οὗπερ
713 5513 873 5585 ἐσθὴς
898 5511 1327 5591 Μητρανάνδρου
1358 5511 1633 5585 Παρθένου

371 5606 462 5662 Ἐκ
488 5609 588 5672 τῆς
624 5606 770 5660 Σιών
800 5626 860 5661 τε
890 5604 982 5660 καὶ
1014 5604 1391 5674 Παλαιστίνης
1414 5605 1588 5659 τόπου

376 5696 516 5771 Πρὸς
541 5697 640 5765 τὴν
678 5692 1074 5772 βασιλεύουσαν
1111 5694 1341 5770 ἀχθεῖσα
1369 5693 1532 5748 πόλιν

1671 364 2034 419 ΟΒΒΔΒΕΒ.

1787 487 1840 553 Α
1871 485 2059 558 Hujus
2088 494 2356 546 sententa
2386 492 2516 561 fuit,
2552 499 2615 549 ut
2644 509 2741 548 rex
2773 508 3077 563 nunquam

1875 578 2187 633 commotis
2221 580 2405 636 armis
2436 580 2655 638 bellum
2688 580 3021 649 lacesseret,

1874 666 1923 720 si
1954 668 2189 738 quidem
2223 674 2421 740 posset
2451 670 2627 727 vitam
2663 672 2924 742 quietam
2955 673 3182 743 degere.

1997 790 2133 847 LEO
2166 794 2457 850 MAGNUS
2496 794 2991 923 CBENQgIIIIEINTO
3033 792 3397 851 MACELLES

1878 968 2169 1023 Marciano
2201 969 2379 1025 vitam
2415 970 2742 1040 deserente,
2776 980 2836 1027 ut
2870 971 3149 1039 diximus,

1880 1058 2080 1112 statim
2115 1061 2373 1130 perVenit
2404 1060 2474 1115 ad
2509 1065 2857 1131 potestatem
2896 1061 3135 1132 regiam,

1882 1146 2116 1201 nomine
2145 1150 2255 1203 Leo
2288 1148 2551 1218 quidam,
2581 1149 2922 1219 cognomine
2952 1147 3243 1216 Macelles,

1881 1236 1969 1291 vir
2000 1238 2189 1292 bonus
2221 1243 2277 1291 et
2308 1238 2621 1293 virtutibus
2655 1239 3016 1303 redundans,

1885 1324 2292 1381 misericordis
2319 1331 2514 1381 tamen
2548 1328 2841 1399 praecipue
2872 1332 3134 1395 ornatus,

1886 1416 2162 1485 princeps
2187 1416 2457 1485 egregius
2490 1420 2547 1471 et
2577 1414 2824 1471 bellator
2851 1425 3148 1481 strenuus,

1886 1502 2149 1558 hostium
2183 1508 2444 1559 catervas
2475 1505 2747 1575 quatiens
2782 1520 2987 1576 reapse
3019 1510 3083 1560 ut
3113 1503 3221 1559 leo.

1886 1590 1989 1646 Hic
2019 1591 2303 1647 oriundus
2333 1609 2362 1647 e
2392 1592 2639 1648 Thracia
2668 1594 2799 1659 fuit,

1888 1680 1977 1734 vel
2011 1680 2321 1748 Dacorum,
2356 1686 2420 1736 ut
2450 1683 2691 1753 quidam
2724 1682 2975 1749 malunt,
3010 1698 3240 1754 genere,

1894 1769 2254 1825 fortissimus
2288 1771 2557 1827 defensor
2586 1771 2969 1837 orthodoxian,

1812 1851 1859 1915 Β
1891 1859 2091 1927 egenis
2117 1857 2318 1929 largus
2351 1859 2753 1915 subsidiorum
2789 1860 3084 1930 praebitor.

1899 1946 2083 2016 llujus
2117 1947 2174 2001 in
2210 1964 2307 2002 ore
2339 1964 2489 2018 sazpe
2520 1949 2813 2004 sententia
2845 1953 2970 2003 erat
3002 1964 3017 2004 :

1897 2035 1984 2091 sol
2020 2036 2103 2090 uti
2135 2035 2281 2092 solet
2308 2053 2513 2092 omnes
2545 2038 2857 2093 calefacere

1899 2125 2117 2194 quibus
2167 2126 2424 2180 ostendit
2463 2125 2843 2197 splendidum
2880 2126 3080 2181 lumen
3112 2142 3288 2182 suum
3328 2143 3340 2181 :

1899 2213 1983 2268 sic
2014 2229 2075 2269 se
2106 2214 2400 2283 arbitrari,
2434 2230 2629 2285 regem
2667 2220 2936 2285 oportere

1901 2318 2284 2373 quoscunque
2317 2303 2585 2359 homines
2617 2304 2830 2359 intuitu
2867 2305 3226 2371 lustraverit,

1900 2406 2000 2447 eos
2034 2391 2347 2448 clementia
2378 2391 2435 2447 in
2470 2393 2641 2449 donis
2675 2393 2984 2465 impertiri.
3040 2384 3047 2391 ’

1901 2480 2006 2536 Hic
2037 2480 2198 2552 prius
2228 2496 2406 2552 quam
2439 2482 2628 2538 adiret
2661 2482 3004 2554 imperium,

1902 2570 2112 2642 Aspari
2143 2569 2358 2625 illustri
2393 2570 2662 2643 optimati
2708 2572 2936 2627 homini

1904 2675 2089 2714 unum
2119 2675 2182 2714 se
2214 2660 2569 2730 promiserat
2598 2676 2666 2716 ex
2697 2661 2825 2731 ejus
2866 2660 3067 2716 liberis

1906 2748 1976 2802 ad
2010 2747 2357 2817 dignitatem
2386 2750 2631 2803 Caesaris
2662 2754 3093 2819 promoturum.

1903 2839 2032 2891 Mox
2057 2851 2187 2891 cum
2217 2835 2533 2908 imperium
2570 2836 2933 2892 obtinuisset
2967 2837 3103 2905 Leo,

1907 2925 1965 2979 id
1999 2925 2347 2980 beneﬁcium
2369 2927 2556 2996 Aspar
2588 2926 2638 2979 vi
2675 2927 2943 2998 exigebat
2976 2943 2989 2979 :

1908 3013 2047 3085 quin
2081 3014 2455 3085 impudenter
2488 3030 2811 3086 purpuram
2846 3015 2969 3084 ejus
3002 3019 3274 3086 tangens,

1908 3102 2074 3158 Haud
2106 3102 2213 3157 tibi
2239 3101 2397 3167 licet,
2427 3103 2643 3174 inquit,
2677 3119 2795 3172 rex,
2832 3105 3005 3158 ﬁdem
3051 3103 3274 3173 fallere,

1830 3218 1873 3284 Ο
1911 3207 2043 3284 cum
2070 3192 2165 3284 sis
2191 3191 2637 3284 hacsplendida
2669 3209 2927 3284 purpura
2951 3193 3220 3284 vestitus.

1907 3280 2084 3352 Atqui
2116 3280 2377 3335 vicissim
2406 3281 2568 3336 nefas
2605 3286 2714 3347 est,
2749 3286 2813 3336 ut
2844 3282 3063 3337 famulo

1907 3370 2025 3425 vim
2060 3368 2205 3423 mihi
2239 3369 2459 3439 inferri,
2488 3371 2793 3441 respondit
2827 3372 3168 3442 imperator,

1910 3460 2012 3531 qui
2045 3458 2352 3531 principali
2381 3458 2689 3531 chlamyde
2720 3460 3054 3530 prael‘ulgeo.

1912 3549 2057 3605 Huic
2087 3549 2439 3619 eratjuncta
2468 3548 2692 3619 nuptiis
2720 3550 2953 3619 Verina,

1914 3654 2042 3709 quae
2074 3637 2221 3691 duas
2253 3637 2371 3707 regi
2406 3636 2556 3691 ﬁlias
2587 3638 2757 3692 enixa
2785 3643 2873 3692 est
2908 3655 2919 3691 :

1916 3742 2130 3783 nomen
2162 3726 2263 3779 uni
2288 3726 2561 3794 Ariadna,
2596 3727 2880 3782 Leontina
2912 3728 3098 3783 alteri.

1918 3816 1994 3870 Ex
2026 3814 2118 3869 his
2149 3814 2397 3869 Ariadna
2422 3814 2630 3884 juncta
2662 3815 2879 3871 Zenoni
2916 3816 3027 3870 fuit

1920 3906 2071 3961 forda
2099 3904 2220 3960 viro
2254 3905 2399 3959 lacie
2431 3908 2488 3959 et
2533 3905 2797 3961 moribus
2830 3906 3126 3979 pessimis,

1923 3994 2022 4066 qui
2048 3994 2255 4049 seriem
2292 4009 2358 4047 ex
2392 3994 2613 4049 Isauris
2646 3995 2898 4051 ducebat
2927 3996 3176 4067 generis.

1926 4084 2225 4140 Leontiam
2258 4083 2591 4139 Marcianus
2624 4084 2848 4156 accepit
2879 4086 3191 4157 conjugem

1927 4174 2087 4229 ﬁlius
2120 4171 2421 4227 Anthemii
2454 4174 2555 4244 qui
2590 4173 2786 4228 Romae
2821 4175 3121 4246 regnabat.

1929 4261 2117 4316 Leone
2149 4258 2493 4315 dominante
2523 4260 2863 4316 incendium
2898 4263 3196 4333 quoddam

1931 4350 2075 4405 urbe
2106 4349 2164 4403 in
2196 4347 2377 4420 regali
2412 4350 2657 4421 contigit
2690 4352 3027 4407 horrificum

1935 4456 1968 4494 a
1999 4438 2217 4493 boreali
2251 4438 2397 4493 mari
2430 4454 2617 4510 usque
2648 4440 2719 4494 ad
2753 4439 3001 4496 alterum

1936 4526 2192 4583 flammis
2226 4527 2427 4582 urbem
2461 4527 2716 4583 mediam
2750 4528 3303 4601 complectentihus,

1939 4615 2397 4689 splendidasque
2428 4616 2607 4686 hujus
2641 4617 2847 4673 domos
2882 4617 3308 4691 populantibus
3341 4632 3354 4671 :

1938 4712 2113 4779 atque
2144 4705 2298 4761 inter
2329 4710 2553 4773 caetera,
2590 4723 2788 4763 sacras
2821 4708 2997 4765 etiam
3028 4709 3183 4764 aedes

1937 4795 2368 4868 quatriduanus
2398 4795 2553 4867 ignis
2586 4795 2916 4853 inclemens
2951 4798 3170 4853 hausit.

1943 4883 2312 4943 Antiochiam
2344 4900 2475 4941 vero
2508 4887 2672 4941 terras
2705 4891 2899 4943 motus
2931 4888 3172 4959 quidam

1943 4975 2257 5031 vehemens
2288 4991 2567 5046 supremo
2601 4978 2917 5047 prostravit
2946 4978 3122 5033 exitio
3160 4993 3172 5031 :

1947 5065 2289 5135 multusque
2322 5064 2473 5135 pluit
2506 5067 2626 5137 regi
2660 5066 2717 5121 in
2754 5068 2896 5123 urbe
2922 5067 3138 5139 pulvis,

1948 5153 2237 5211 molestus
2270 5154 2669 5210 animantibus
2700 5160 2756 5211 et
2787 5160 2995 5212 noxius
3028 5156 3317 5227 frugibus.

1954 5245 2054 5299 His
2087 5241 2261 5298 malis
2290 5244 2549 5315 graviter
2580 5247 2787 5302 anxius
2818 5248 3136 5318 imperator

1954 5333 2100 5389 urbe
2130 5332 2353 5401 relicta,
2388 5335 2458 5389 ad
2488 5335 2895 5393 suburbanum
2932 5336 3225 5409 palatium

1957 5422 2131 5479 saluti
2165 5439 2285 5477 suae
2317 5424 2629 5480 consulens
2662 5427 2857 5482 sedem
2892 5427 3218 5483 transtulit.

1957 5513 2077 5567 Sub
2100 5526 2165 5567 eo
2195 5512 2376 5569 vestis
2409 5513 2669 5587 Deiparze
2701 5515 2962 5588 Virginis

1962 5620 2028 5659 ex
2060 5602 2204 5658 urbe
2233 5602 2409 5658 Sione
2435 5621 2500 5659 ac
2546 5605 2839 5662 Palestina
2870 5610 3026 5662 terra

1967 5693 2036 5749 ad
2071 5691 2294 5763 regiam
2327 5692 2520 5752 delata
2553 5695 2922 5768 metropolim

3454 370 3521 424 46
