4190 6438
626 365 695 418 47
1830 356 2199 410 EPHREMII
2243 354 2281 407 C

1830 356 2199 410 EPHREMII
2243 352 2812 409 CHBONOGRAPHI

619 489 772 559 apud
805 487 1160 543 Blachernas
1190 487 1247 541 in
1276 485 1496 557 templo
1527 484 1638 538 fuit
1667 480 1941 553 reposita,

2294 483 2345 549 Α
2551 479 2684 547 Ναῷ
2710 475 3030 551 τεθαύριστο
3059 484 3140 551 τῷ
3168 481 3304 555 πρὸς
3345 482 3694 556 Βλακέρναις,

622 579 775 649 quod
809 576 934 647 ipse
966 592 1063 629 rex
1094 575 1350 645 Deipara
1382 574 1750 640 excitaverat,

2546 566 2643 619 "Ov
2676 564 2836 627 αὐτὸς
2867 567 3116 643 ἀνήγειρε
3148 571 3616 647 Μητροπαρθένῳ,

621 669 895 737 argenteo
929 665 1302 735 pretiosoque
1349 662 1549 718 clausa
1581 663 1639 715 in
1669 658 1861 714 loculo
1896 674 1911 712 :

1830 674 1861 713 ο
1896 674 1911 712 ς
2405 653 2511 707 930
2550 653 2637 708 Ἑν
2669 653 2877 728 ἀργυρᾷ
2908 661 3054 729 σορῷ
3080 659 3169 711 καὶ
3198 655 3481 734 σεϐασμίᾳ,

620 769 802 826 quare
832 758 889 807 et
918 752 973 806 id
1008 752 1295 823 templum
1329 751 1503 821 capit
1534 747 1817 820 appellari

2550 743 2629 795 Δι’
2658 744 2723 810 ἣν
2751 744 3141 817 κατωνόμαστο
3172 747 3262 801 καὶ
3295 751 3438 812 θεῖος
3466 750 3636 824 δόμος

620 858 755 897 arca
786 839 1144 896 honorabilis
1176 839 1434 911 Virginis
1460 837 1905 893 laudatissima.

2553 831 2723 902 Σορὸς
2752 833 2905 905 τιμία
2934 840 3033 902 τῆς
3058 840 3414 908 πανυμνήτου
3446 840 3646 915 Κόρηςι

621 931 809 985 Leone
840 929 1180 983 dominante
1213 930 1329 983 dux
1360 929 1650 1000 egregius,

2548 917 2722 980 Οὗτος
2752 941 3077 998 κραταρχων
3111 924 3200 978 καὶ
3238 929 3540 1003 στρατηγὸν
3573 929 3828 1004 γεννάδαν

618 1024 740 1072 arte
774 1017 1087 1088 strategica
1118 1017 1379 1087 optimus
1417 1014 1735 1081 Rusticius,

2547 1008 2877 1064 Ῥουστίκιον
2903 1008 3117 1085 ἄριστον
3150 1014 3201 1067 ἐν
3232 1016 3579 1092 στρατηγίαις

618 1107 769 1161 bello
802 1106 1147 1177 prapositus
1179 1105 1437 1160 victoriis
1468 1103 1699 1159 claruit.

2404 1098 2509 1151 935
2551 1092 2929 1170 Προϐάλλεται
2961 1097 3026 1168 δή
3060 1103 3149 1155 καί
3181 1105 3437 1179 κατορθοῖ
3463 1105 3556 1168 τὰς
3588 1107 3758 1171 νίκας·

619 1199 690 1248 At
720 1194 828 1249 hoc
860 1194 1169 1263 exstincto,
1202 1192 1595 1265 imperatricis
1627 1190 1788 1245 fratri

2546 1186 2752 1240 Τούτου
2783 1188 3061 1260 θανόντος,
3093 1190 3349 1267 σύγγονον
3385 1192 3665 1268 βασιλίδος

618 1298 917 1337 armorum
950 1282 1265 1352 imperium
1301 1281 1580 1336 Basilisco
1614 1279 1889 1344 traditur,

2547 1278 2871 1334 Βασιλίσκον
2904 1278 3221 1356 προύκρινεν
3255 1282 3331 1346 εἷς
3363 1286 3712 1360 στρατηγίαν,

617 1372 718 1441 qui
752 1376 1149 1441 transportato
1182 1370 1238 1423 in
1276 1369 1529 1423 Africam
1563 1368 1842 1433 exercitu,

2545 1369 2642 1430 Ὅς
2671 1367 2983 1431 ὲκπλευκὼς
3016 1369 3093 1431 εἷς
3126 1373 3372 1448 Αφρικὴν
3402 1375 3493 1427 σὺν
3528 1374 3710 1448 στόλῳ

616 1475 749 1513 cum
781 1463 935 1514 esset
966 1458 1077 1514 loci
1109 1458 1386 1513 dominus
1416 1456 1777 1524 Gizerichus,

2547 1457 3023 1532 Κατακρατοῦντος
3050 1463 3146 1514 τοῦ
3173 1460 3343 1516 τόπου
3376 1463 3685 1538 Γιζερίχου,

616 1564 1008 1603 arumnosam
1041 1547 1098 1601 in
1134 1548 1333 1619 pralio
1366 1547 1575 1618 accipit
1606 1546 1854 1612 cladem,

2403 1544 2509 1599 940
2546 1546 2745 1600 Ἧτταν
2775 1546 2979 1621 ὑπέσχε
3010 1544 3243 1603 δυσκλεᾶ
3272 1552 3409 1604 κατά
3443 1554 3653 1626 μάχην,

615 1639 1036 1709 cOpiarumque
1062 1638 1263 1692 amisit
1296 1641 1521 1709 partem
1556 1636 1901 1691 maximam.

2548 1634 2648 1689 Καὶ
2681 1640 2937 1690 πλεῖστον
2966 1632 3207 1692 ἀπέϐαλε
3235 1642 3342 1693 τῶν
3378 1642 3794 1715 στρατευμάτων

613 1728 745 1783 Jam
780 1726 879 1781 ubi
906 1727 1023 1781 vita
1050 1726 1384 1781 Anatolium
1418 1725 1709 1794 destituit,

2546 1724 2866 1778 Ἀνατολίου
2898 1723 2944 1779 δ’
2973 1724 3364 1789 ἐκλελοιπότος
3398 1729 3538 1804 βίον,

615 1816 1197 1885 Constantinopoleos
1230 1815 1442 1887 prasul
1477 1814 1754 1885 deligitur

2291 1862 2337 1887 π
2545 1813 2875 1887 Ἀρχιθύτης
2910 1811 3148 1869 δέδεικτο
3179 1822 3277 1885 τῆς
3312 1819 3714 1873 Κωνσταντίνου

621 1862 1197 1885 “V“"'"“"“"r"'"'"
1230 1862 1442 1887 ε’““”“’“““
1480 1862 1745 1885 “’“⁹““Ο“⁷“““

617 1910 909 1960 rectorum
941 1904 1279 1973 dogmatum
1315 1905 1523 1959 vindex
1553 1902 1888 1958 Gennadius
1922 1917 1935 1955 :

2564 1862 2874 1887 --Γκνηητ
2916 1862 3146 1869 ----.-.--
3190 1862 3275 1885 -.μ
3312 1862 3485 1871 ηπ.-.

1830 1918 1888 1957 us
1922 1917 1935 1955 :
2291 1862 2338 1926 B
2544 1900 2825 1966 Γεννάδιος
2852 1904 3145 1979 πρόμαχος
3168 1904 3485 1980 ὀρθοδοξίας

618 2001 747 2066 post
778 2010 952 2065 quem
988 1994 1328 2047 defunctum
1364 1994 1422 2047 in
1455 1993 1609 2048 sedis
1642 1992 1875 2061 honore,

2402 1991 2508 2047 945
2536 1991 2740 2045 Τούτου
2768 1993 2829 2047 τὸ
2865 1993 3015 2068 βιοῦν
3048 1993 3099 2048 έν
3132 1990 3310 2069 θρόνῳ
3343 1994 3694 2071 λελοιπότος,

618 2085 914 2156 pessimus
949 2085 1139 2139 locum
1173 2089 1419 2155 occupat
1451 2083 1717 2137 Aeacius.

2545 2077 2798 2144 Ἀκάκιος
2827 2082 3083 2144 κάκιστος
3112 2078 3240 2159 ἔσχε
3263 2086 3354 2139 τὸν
3390 2086 3603 2155 θρόνον,

618 2174 957 2245 Imperatori
992 2172 1223 2229 interim
1260 2190 1438 2244 nepos
1473 2173 1733 2227 nascitur

2540 2170 2678 2246 Ἕφυ
2715 2169 2933 2244 βασιλεῖ
2962 2170 3321 2245 θυγατριδοῦς
3351 2196 3433 2237 τις
3461 2176 3579 2239 νέος

614 2280 683 2318 ex
712 2264 977 2317 Ariadna
1011 2268 1064 2316 et
1092 2263 1337 2316 Zenonis
1368 2262 1660 2333 conjugio.

2542 2258 2631 2329 Ἐξ
2663 2257 2947 2334 Ἀριάδνης
2978 2262 3067 2315 καὶ
3099 2264 3352 2332 Ζήνωνοσ
3381 2266 3630 2341 συζύγου,

616 2351 707 2406 cui
742 2367 954 2406 nomen
990 2350 1161 2406 Leoni
1196 2350 1347 2416 fecit,
1382 2366 1715 2421 coronaque

2539 2348 2637 2403 "Ov
2670 2346 2899 2410 καλέσας
2927 2350 3150 2421 Λέοντα,
3182 2352 3363 2424 ταινίᾳ
3392 2355 3568 2431 στέφει

613 2445 779 2495 atate
806 2440 1015 2510 puerili
1048 2444 1223 2511 caput
1254 2440 1454 2495 cinxit.

2397 2438 2503 2492 953
2543 2437 2629 2493 ’Ev
2663 2438 2855 2509 ἡλικίᾳ
2885 2438 3230 2515 τυγχάνοντα
3260 2442 3495 2511 νηπίων.

609 2530 714 2585 Hic
748 2530 879 2599 pius
913 2529 1116 2584 morbo
1148 2529 1466 2599 imperator
1498 2529 1608 2582 Leo

2540 2526 2706 2587 Οὗτος
2738 2530 2971 2598 νοσήσας
3003 2525 3229 2598 εὐσεϐὴς
3250 2531 3371 2601 ἅναξ
3403 2531 3548 2589 Λέων

609 2624 914 2689 correptus
940 2619 1116 2673 vitam
1151 2617 1458 2673 mortalem
1492 2617 1769 2684 deseruit,

2537 2615 2633 2668 Τὸν
2668 2618 2900 2691 φθαρτὸν
2935 2616 3223 2674 ἐκλέλοιπε
3252 2625 3442 2676 τοῦτον
3489 2622 3635 2697 βίον,

614 2708 838 2761 harede
870 2711 1204 2778 potentatus
1237 2711 1446 2778 nepote
1480 2706 1653 2761 dicto.

2538 2706 2633 2771 Τῷ
2660 2703 2963 2780 θυγατριδῷ
2992 2707 3323 2783 καταλείψας
3349 2711 3412 2765 τὸ
3434 2713 3657 2786 κράτος³

608 2796 793 2850 Annis
825 2795 948 2865 ipse
981 2794 1306 2851 octodecim
1339 2794 1654 2867 imperium
1689 2798 1931 2866 rexerat,

2537 2788 2947 2857 Βεϐασιλευκὼς
2979 2795 3069 2851 σὺν
3108 2797 3251 2853 ὀκτὼ
3284 2796 3409 2853 δέκα
3434 2799 3692 2876 χρόνους*

608 2884 881 2957 princeps
917 2884 1230 2952 humanus,
1267 2883 1521 2939 subditis
1553 2883 1877 2951 benivolus,

1863 2927 1877 2951 ,
2395 2882 2501 2937 955
2537 2882 2701 2952 ’Ἂναξ
2732 2882 2943 2959 ἱλαρὸς,
2967 2884 3198 2958 εὐμενὴς
3233 2886 3515 2960 ὑπηκόοις,

604 2973 899 3042 amabilis,
941 2973 1229 3045 placidus,
1263 2973 1481 3039 suavis,
1514 2977 1570 3028 et
1600 2972 1891 3029 amabilis.

2539 2969 2807 3041 Γαληνὸς,
2840 2972 3201 3043 εὐέντευκτος,
3232 2974 3387 3046 ἡδὺς,
3422 2977 3655 3052 χαρίεις.

1096 3106 1225 3162 LEO
1255 3106 1513 3162 JUNIOR
1552 3106 1669 3163 AN.
1712 3110 1758 3161 Ι.

2849 3110 3035 3164 ΛΕΘΝ
3074 3111 3251 3165 ΝΕΟΣ
3294 3113 3406 3167 ΕΤ.
3449 3118 3526 3168 Α’.

599 3214 807 3269 Junior
837 3213 1146 3285 imperium
1178 3218 1529 3269 consecutus
1558 3214 1666 3268 Leo

2280 3225 2322 3293 C
2535 3210 2673 3275 Νέος
2707 3210 2753 3267 δ’
2784 3209 2974 3277 ἐπιϐὰς
3005 3221 3105 3285 τῆς
3140 3216 3418 3292 βασιλείας
3445 3218 3594 3274 Λέων

598 3303 852 3358 inl'antili
888 3302 1060 3374 plane
1090 3308 1257 3357 atate
1281 3308 1575 3373 sceptrum
1611 3302 1816 3357 tenuit.

2535 3308 2817 3377 Κατῆρχεν
2848 3302 3015 3374 αὐτῆς
3044 3304 3324 3376 νηπιάζων
3356 3312 3435 3379 τῷ
3464 3310 3668 3382 χρόνῳ·

598 3393 707 3447 Sed
743 3408 877 3447 mox
906 3392 999 3446 vix
1032 3409 1145 3448 uno
1176 3391 1436 3447 revoluto
1468 3408 1619 3448 anno

2527 3393 2690 3455 Ἔτος
2724 3390 2779 3446 δὲ
2809 3392 3008 3463 ταύτην
3044 3391 3098 3449 ἓν
3130 3398 3419 3471 κατασχὼν
3451 3398 3541 3451 καὶ
3568 3398 3752 3470 μόνον,

596 3481 846 3537 excessit
876 3482 1050 3537 terris
1084 3481 1305 3536 lumine
1331 3498 1530 3537 cassus
1563 3481 1713 3537 vita.

2385 3481 2490 3535 960
2529 3481 2763 3554 ’Λπῆρεν
2797 3480 2940 3537 ἔνθεν
2966 3484 3293 3559 καταλείψας
3324 3487 3415 3541 τὸν
3453 3485 3592 3561 βίον·

1009 3615 1191 3670 ΖΕΝΟ
1231 3615 1446 3671 SIMUL
1483 3616 1597 3671 AN.
1641 3615 1818 3672 XVII.

2800 3617 3030 3673 ΖΗΝΩΝ
3070 3620 3263 3676 ΟΜΟΥ
3301 3620 3411 3676 ET.
3453 3626 3553 3679 IZ'.

590 3722 738 3777 Zeno
771 3726 896 3778 erat
930 3722 1192 3788 Isaurus,
1228 3726 1292 3777 ut
1323 3721 1440 3777 dixi
1473 3738 1723 3794 genere;

2527 3722 2708 3791 Ζήνων
2740 3720 2785 3776 δ’
2818 3722 3061 3800 ὑπῆρχεν
3093 3724 3143 3795 ἐξ
3174 3724 3455 3802 ’1σαύρων,
3489 3725 3565 3789 ὡς
3596 3723 3752 3804 ἔφην,

599 3811 962 3866 foedissimus
995 3811 1259 3866 mortalis
1292 3816 1347 3865 et
1382 3816 1575 3867 mente
1605 3815 1662 3866 et
1691 3827 1950 3882 corpore,

2524 3807 2828 3885 Αἴσχιστὸς
2859 3812 2995 3889 ἀνὴρ
3027 3814 3116 3868 καὶ
3151 3811 3317 3887 δέμας
3348 3816 3436 3870 καὶ
3469 3814 3714 3891 καρδίαν,

592 3901 874 3965 cinadus,
906 3900 1117 3971 turpis,
1154 3899 1392 3955 malitia
1423 3900 1657 3965 cinnus,

2528 3898 2804 3971 Κίναιδος,
2838 3902 3086 3977 αἰσχρὸς,
3120 3904 3457 3982 συμφόρημα
3486 3927 3698 3974 κακιας,

590 3994 647 4044 et
679 3990 1066 4045 nefandorum
1104 4007 1346 4061 operum
1383 3995 1664 4060 patrator,

2524 3990 2731 4062 Ἐὸγων
2768 3995 3017 4067 πονηρῶν
3047 3993 3315 4065 ἀθεμίτων
3352 3993 3606 4069 ἐργάτης,

587 4079 816 4134 furialis
848 4079 1156 4134 hominum
1184 4079 1362 4150 pestis
1395 4079 1815 4150 optimatium;

2378 4079 2484 4134 965
2522 4075 2764 4152 Ἀνδρῶν
2798 4078 3009 4155 έριννὺς
3040 4086 3147 4136 τῶν
3180 4083 3666 4159 περιφανεστέρων·

586 4168 744 4223 haud
780 4168 939 4241 regio
974 4185 1133 4223 more
1166 4168 1593 4241 rempublicam
1629 4184 1859 4239 regens,

2520 4167 2642 4241 Οὐχ
2672 4168 2746 4230 ὡς
2782 4168 3037 4245 βασιλεὺς
3067 4168 3265 4226 διέπων
3299 4171 3624 4248 αύταρχίαν,

582 4260 683 4313 sed
716 4259 1019 4330 tyrannica
1051 4264 1262 4314 cuncta
1293 4259 1695 4324 inﬂammans,
1731 4258 2048 4325 subruens,

2519 4255 2677 4312 Ἀλλ’
2709 4258 2781 4320 ὡς
2808 4258 3067 4333 τύραννος
3098 4259 3409 4336 ἐμπιπρῶν,
3442 4262 3848 4338 καταστρέφων,

580 4364 791 4419 resque
820 4348 1191 4404 subditorum
1225 4365 1325 4418 pro
1358 4347 1582 4403 viribus
1615 4348 2027 4419 pessumdans,

2024 4393 2027 4409 ,
2520 4345 2618 4399 Καὶ
2650 4348 2823 4402 πάντα
2852 4354 3026 4403 ποιῶν
3061 4350 3138 4414 εἷς
3168 4353 3369 4428 φθορὰν
3401 4352 3679 4423 ὑπηκόων·

580 4438 856 4507 dogmate
891 4455 1128 4509 pravus,
1164 4437 1607 4509 monophysites
1637 4435 1836 4491 miser.

2519 4430 2686 4497 Σέϐας
2714 4438 3002 4515 κακόφρων
3028 4440 3363 4517 Οἷοφυσίτης
3395 4441 3581 4506 τάλας·

576 4526 741 4581 Hunc
774 4544 907 4581 cum
940 4528 1160 4582 videret
1192 4544 1621 4598 usquequaque
1653 4527 1950 4594 timidum,

1941 4568 1950 4593 ,
2263 4602 2291 4608 _
2372 4525 2478 4579 970
2516 4524 2705 4598 Τούτῳ
2734 4548 2794 4601 γε
2824 4525 2994 4600 δειλῷ
3024 4529 3303 4585 παντάπαν
3334 4531 3596 4608 πεφυκότι

575 4616 793 4673 Verina
828 4616 1149 4672 Basiliscus
1179 4633 1497 4688 germanus
1530 4619 1726 4684 frater,

2259 4602 2305 4666 D
2513 4614 2839 4678 Βασιλίσκος
2872 4616 3132 4691 σύναιμος
3158 4618 3231 4673 ὢν
3264 4627 3361 4690 τῆς
3391 4602 3634 4697 Βηρίνης

571 4706 752 4761 armis
784 4708 1144 4778 aggreditur,
1178 4706 1389 4762 Verina
1419 4708 1636 4762 lerentc
1668 4722 1860 4777 opem.

1827 4724 1860 4761 ι.
2508 4704 2731 4780 Ἀντῆρε
2761 4712 2924 4782 χεῖρα
2954 4707 3186 4779 Βηρίνης
3217 4731 3482 4785 συνεργιᾳ,

569 4798 759 4866 Atque
794 4795 959 4851 illum
993 4797 1062 4851 ad
1100 4796 1282 4868 patria
1304 4812 1473 4851 suam
1509 4795 1749 4867 pulsum
1782 4794 2000 4863 trudit;

2504 4795 2608 4848 Καὶ
2637 4792 2783 4849 τόνδ’
2815 4794 3163 4873 ἐφυγάδευσεν
3193 4798 3267 4860 εἰς
3294 4800 3395 4867 τήν
3425 4796 3657 4875 πατρίδα

569 4884 782 4939 deinde
814 4884 929 4940 sibi
962 4885 1234 4940 diadema
1268 4901 1402 4939 cum
1435 4883 1680 4956 reliquis

2502 4884 2629 4939 Εἶτα
2658 4884 2997 4958 περιτίθησιν
3028 4886 3175 4959 αύτῷ
3200 4887 3263 4941 τὸ
3290 4888 3478 4965 στέφος

567 4972 902 5044 insignibus
937 4974 1166 5045 imperii
1200 4974 1611 5045 circumponit.

2357 4971 2463 5026 975
2502 4973 2604 5027 Καὶ
2636 4975 2804 5027 πάντα
2833 4974 3135 5048 παράσημα
3162 4983 3263 5045 τῆς
3291 4978 3629 5052 κραταρχίας

565 5063 675 5117 Sed
709 5063 867 5119 enim
900 5064 993 5118 hic
1024 5067 1281 5119 confusa
1309 5070 1532 5118 natura
1564 5063 1855 5127 haresim,

2497 5066 2607 5130 Τῆς
2634 5071 2969 5139 συγχυτικῆς
3001 5062 3321 5135 κακοδοξίας
3353 5064 3534 5120 πέλων

562 5152 900 5223 Eutychetis
932 5158 989 5207 et
1018 5154 1277 5209 Dioscori
1314 5154 1669 5209 fermentum
1697 5169 1975 5224 sequens,

2492 5152 2599 5218 Τῆς
2631 5150 2910 5227 Εὑτυχοῦς
2940 5174 2998 5207 τε
3027 5155 3116 5208 καὶ
3150 5154 3445 5223 Διοσκόρου
3478 5153 3685 5227 λύμης,

556 5243 1016 5298 orthodoxorum
1060 5244 1351 5299 Ecclesiae
1384 5243 1610 5298 acerbis
1645 5244 1835 5297 modis

2494 5239 2829 5310 Ἐκκπησίας
2862 5242 3019 5304 οὗτός
3049 5264 3108 5318 γε
3136 5244 3230 5304 τὰς
3263 5243 3611 5319 ὀρθοφρόνων

554 5332 831 5402 omnique
865 5349 1169 5403 pinnarum
1204 5348 1417 5405 genere
1446 5332 1865 5388 excruciabiat.

2495 5335 2712 5403 Πικρῶς
2744 5330 2938 5385 ἐκάκου
2962 5329 3330 5393 παντοδαπαῖς
3351 5332 3576 5395 αἰκίαις·

554 5420 941 5477 Chalcedonis
972 5424 1366 5477 venerandam
1400 5438 1634 5493 quoque
1663 5421 1953 5493 synodum

1939 5437 1953 5476 ι
2347 5419 2452 5474 980
2490 5418 2587 5471 Καὶ
2620 5418 2843 5475 σύνοδον
2884 5419 2941 5475 δὲ
2970 5423 3071 5491 τὴν
3102 5422 3237 5476 κατά
3268 5419 3594 5492 Χαλκηδόνα

550 5510 880 5580 antiquavit
909 5511 1097 5565 edicto
1132 5516 1332 5566 contra
1364 5512 1451 5567 fas
1484 5512 1783 5583 proposito
1817 5527 1830 5565 :

2488 5510 2701 5579 Σεπτὴν
2736 5511 2931 5585 ἀκυροῖ
2959 5513 3271 5587 γράμμασιν
3306 5512 3381 5574 ὡς
3415 5511 3513 5566 οὐκ
3530 5507 3657 5567 ἔδει·

547 5606 601 5652 et
628 5599 1025 5670 patriarcham
1059 5617 1192 5655 cum
1234 5601 1502 5672 synedris
1535 5600 1874 5671 pastoribus

2484 5599 2579 5652 Καὶ
2615 5601 2961 5675 πατριάρχην
2995 5602 3081 5656 καὶ
3116 5599 3404 5675 συνέδρους
3438 5603 3700 5675 ποιμένας

549 5687 621 5743 ad
654 5688 1129 5746 conﬁrmandum
1162 5690 1398 5763 impulit
1426 5690 1638 5763 dogma
1672 5706 1869 5747 suum.

2482 5689 2663 5745 Ταῦτα
2692 5694 2889 5767 κυροῦν
2921 5684 3119 5767 ἔπειθε,
3150 5690 3241 5747 καὶ
3270 5690 3447 5747 τοῖσδ’
3478 5690 3748 5767 ἐμμένειν.

3949 369 4015 423 48
