4208 6430
143 387 193 442 i9

284 506 442 565 ’Δλλ’
472 502 774 581 ὀρθοδόξων
807 505 1276 580 συναθροισθέντες
1305 504 1491 581 στίφος

167 600 248 655 985
285 595 607 651 Βασιλίσκον
645 594 913 670 βάλλουσι
944 598 1061 654 ταῖς
1095 590 1449 668 δυσφημίαιςο

280 685 390 753 Τὴν
423 680 649 738 σύνοδον
683 682 728 737 δ’
757 684 821 737 αὖ
853 682 1178 755 άνεκήρυξαν
1206 679 1368 735 πάλιν

285 774 683 847 Θεοκρότητον,
716 770 896 846 ἁγίαν,
929 765 1249 843 σεϐασμίαν·

284 864 385 917 Διά
412 883 476 935 γε
504 866 670 916 ταῦτα
699 859 1025 919 Βασιλίσκος
1057 860 1221 928 ἀξίως

284 957 453 1005 Πᾶσιν
484 950 855 1023 άποτρόπαιος
884 950 942 1016 ἢν
975 947 1295 1022 στυγητέος’

163 1042 250 1096 990
286 1041 483 1111 Ὅμως
508 1040 645 1093 κατὰ
674 1040 921 1107 Ζήνωνος
951 1036 1210 1109 ἐκπέμπει
1244 1036 1415 1109 τάχος

281 1125 515 1202 Ἀνδρας
541 1124 882 1201 στρατηγοὺς
912 1126 1001 1179 καὶ
1034 1124 1126 1178 σὺν
1161 1124 1345 1184 αὐτοῖς
1377 1121 1652 1196 δυνάμεις,

288 1215 655 1291 Ηροσρυέντες
682 1219 761 1286 τῷ
786 1216 995 1284 Ζήνωνι
1024 1211 1266 1287 γνησίως

284 1303 646 1376 Σπεισάμενοί
674 1324 753 1371 τε,
786 1304 921 1375 πρὸς
952 1301 1114 1355 πόλιν
1151 1298 1407 1375 βασιλίδα

280 1394 445 1457 Αὖθις
484 1392 620 1465 μετὰ
649 1394 894 1461 Ζήνωνος
924 1394 1055 1459 ἧκον
1078 1390 1129 1444 έν
1152 1390 1332 1465 τάχει·

160 1494 248 1548 995
285 1491 387 1549 Καὶ
417 1488 589 1544 πάλιν
617 1488 917 1565 ἀπείληφεν
949 1488 1108 1550 οὗτος
1136 1487 1199 1541 τὸ
1228 1489 1449 1561 κράτος,

288 1582 481 1650 Δήμου
505 1600 563 1633 τε
595 1576 730 1632 λαοῦ
759 1574 916 1632 τόνδε
941 1573 1437 1651 προσδεδεγμένου·

284 1667 605 1728 Βασικίσκος
635 1664 693 1721 δέ
721 1667 1048 1743 προσφυγὼν
1080 1662 1347 1736 ἐκκλησίᾳ

280 1756 429 1815 Μετὰ
457 1756 715 1830 γυναικὸς
749 1755 934 1824 ίκέτης
962 1754 1051 1808 καὶ
1086 1750 1385 1831 φιλτατων,

279 1847 489 1904 Ἕπειτ⁹
521 1844 721 1900 ἐκεῖθεν
755 1842 1055 1916 ἐξελασθεὶς
1088 1843 1298 1918 ὁρκίοις

140 1949 249 2003 ιοοο
285 1946 430 2001 Ἐκεῖ
460 1943 613 2016 λιμῷ
641 1944 869 2012 τέθνηκε
900 1942 1119 2019 φθαρείς
1154 1939 1377 2009 ἀθλίως,

284 2036 416 2101 Ἐτη
448 2033 739 2107 κατασχὼν
772 2034 872 2100 τὴν
909 2029 1185 2105 βασιλείαν
1220 2027 1336 2086 δύο.

283 2122 494 2180 Τούτου
524 2125 875 2197 κρατοῦντος,
906 2123 973 2192 τῇ
1012 2115 1253 2192 βασιλίδι
1286 2117 1445 2173 πόλει

287 2212 531 2285 ΙΙυρκαιά
560 2231 641 2271 τις
668 2203 865 2278 συνέϐη
898 2206 1187 2285 φρικαλέα,

134 2305 245 2359 1005
279 2303 369 2357 Ἐκ
399 2297 858 2374 χαλκοπρατείων
890 2318 952 2372 γε
982 2296 1151 2369 πυρὸς
1184 2291 1461 2369 ἡμμένου.

274 2392 379 2468 Ὑφ’
409 2391 479 2458 ἧς
505 2386 864 2457 κατηθάλωτο
896 2386 986 2440 καὶ
1033 2383 1294 2462 διεφθάρη

274 2476 455 2535 Ἀλλα
483 2498 543 2532 τε
574 2475 807 2531 πλεῖστα
832 2474 921 2528 καὶ
957 2471 1127 2545 δόμος
1157 2472 1331 2550 φύλαξ
1368 2468 1577 2549 βίϐλων

277 2570 362 2628 Ἐς
399 2562 674 2641 μυριάδας
704 2561 913 2618 δώδεκα
946 2559 1327 2635 ποσουμένων·

277 2656 360 2713 Ἑν
394 2658 483 2717 αἷς
514 2653 706 2729 χορίον
740 2653 831 2708 καὶ
863 2650 1155 2726 δράκοντος
1188 2653 1261 2714 ὡς
1294 2650 1459 2725 λόγος

276 2743 325 2799 ἔν
355 2766 463 2799 τινι
498 2740 775 2802 κλεισθεὶς
806 2740 1020 2815 πυρρίῳ
1050 2740 1141 2794 τὸν
1169 2740 1426 2809 τεκνίοις,

134 2846 247 2900 1010
282 2844 573 2916 Πρόμηιιες
610 2841 749 2908 ὑπῆν
780 2838 830 2900 ές
860 2836 1029 2899 πόδας
1062 2836 1357 2910 τεταμένον

285 2933 424 3007 Πρὸς
451 2936 570 2992 τοῖς
604 2929 791 2983 ἑκατὸν
826 2926 1018 2995 εἴκοσι,
1050 2928 1231 2999 θαῦμα
1269 2926 1439 2996 ξένον,

281 3023 410 3085 Καθ’
443 3021 505 3074 οὗ
536 3023 764 3095 χρυσοῖς
796 3018 1112 3093 γράμμασιν
1144 3014 1583 3091 ἐγγεγραμμέναι

281 3115 445 3164 Ἦσαν
478 3110 730 3181 Ὀμήρου
757 3110 855 3161 τοῦ
886 3109 1054 3183 σοφοῦ
1087 3102 1355 3179 ῥαψῳδίαι

283 3198 472 3269 Ἰλιὰς,
505 3194 808 3255 Ὀδύσσειαο
840 3199 936 3272 φεύ
964 3201 1063 3264 τῆς
1099 3192 1330 3266 ζημίαςι

136 3290 253 3346 1015
282 3281 603 3343 ’Λναλαϐὼν
638 3282 695 3339 δὲ
726 3286 911 3353 Ζήνων
938 3282 1296 3357 κραταρχίαν,

284 3377 581 3453 Ἀρμάτιον
620 3375 714 3447 μὶν
745 3370 890 3445 τῷδε
921 3373 1300 3447 συνηργηκότα

283 3460 669 3541 Προϐάλλεται
704 3460 771 3531 δὴ
798 3462 1087 3536 ταγμάτων
1123 3461 1510 3535 στρατηγέτην,

283 3556 404 3609 Υἶὸν
439 3550 485 3608 δ’
520 3551 727 3606 ἐκείνου
761 3551 999 3624 Καίσαρα
1024 3549 1191 3605 πάλιν
1218 3551 1417 3626 στέφειο

283 3644 414 3698 Εἶτα
442 3641 533 3695 τὸν
564 3640 864 3713 ’Δρμάτιον
886 3636 1086 3693 ’ἔκτεινε
1116 3638 1275 3715 ξίφει·

140 3735 251 3790 1020
288 3728 462 3787 Παῖδα
494 3728 553 3784 δέ
580 3730 672 3784 τὸν
706 3728 949 3803 Καίσαρα
978 3725 1245 3803 κληρικὸν
1280 3724 1476 3802 δράσας

282 3817 606 3895 Περιπολεῖν
640 3814 812 3873 εἶάσεν
847 3815 989 3871 οὕτω
1018 3816 1110 3870 τὸν
1148 3815 1283 3889 βίον’

282 3911 370 3973 Ὡς
398 3910 584 3963 πίστιν
618 3906 785 3981 ὀρθὴν
820 3906 923 3960 ούκ
950 3903 1216 3981 ἐφύλαξαν
1249 3906 1479 3980 φράσας,

287 3998 454 4056 Οὗτοι
484 3996 931 4073 κραταρχήσαντι
960 3996 1039 4064 τῷ
1071 3991 1406 4065 Βασιλίσκῳ,

282 4084 409 4145 Οὕτ⁹
441 4084 508 4141 αὖ
538 4084 664 4157 ἐμοὶ
693 4083 892 4153 ταύτην
925 4103 987 4157 γε
1016 4080 1309 4159 φυλάξουσ⁹
1334 4080 1494 4144 ἴσως.

139 4178 255 4233 1025
290 4177 430 4249 Πρὸς
457 4170 644 4230 τοῖσδε
672 4170 919 4233 πολλοὺς
950 4172 1272 4245 παρέπεμψε
1302 4172 1532 4243 θανάτῳ,

284 4262 528 4325 ’Δλλους
560 4259 607 4317 δ’
638 4260 831 4316 έκάκου
861 4258 1191 4335 κατέτρυχεν
1220 4259 1420 4323 αἰκίαις

282 4359 397 4409 Τῶν
426 4351 667 4408 εὐκλεῶν
700 4371 758 4405 τε
778 4350 868 4404 καὶ
899 4369 1387 4425 περιφανεστερων·

287 4442 378 4507 Εἷς
402 4445 504 4519 γὰρ
538 4439 806 4513 ἀθέσμους
838 4436 1088 4499 ἐκκλίνας
1124 4437 1519 4513 αἲσχρουργίας

290 4533 516 4605 Πράξεις
550 4527 872 4603 μιαιφόνους
904 4547 963 4582 τε
990 4526 1081 4581 καὶ
1116 4524 1442 4601 βδελυκτέας

136 4633 255 4689 1030
282 4631 422 4706 Πρὸς
454 4627 500 4683 δ’
532 4625 597 4683 αὖ
629 4626 893 4701 ὑπάχθεὶς
927 4624 1128 4699 αἱρέσει
1162 4625 1465 4699 Διοσκόρου

291 4719 549 4788 Μυσητὸς
579 4718 644 4785 ἦν
677 4718 840 4770 ἅπασι
869 4714 958 4769 καί
988 4719 1105 4776 τοῖς
1135 4712 1185 4768 έν
1206 4713 1371 4783 τέλει,

289 4805 547 4883 Ἀριάδνῃ
579 4803 635 4861 δὲ
664 4809 731 4879 τῇ
764 4804 1002 4876 συνεύνῳ
1033 4802 1122 4857 καὶ
1144 4801 1336 4857 πλέον·

292 4899 452 4955 Ὀθεν
484 4899 631 4969 σορῷ
659 4893 892 4959 τέθαπτο
924 4891 1073 4963 δέξας
1103 4891 1373 4964 τεθνάναι,

293 4989 458 5046 Κάκεῖ
494 4985 688 5062 βιαίως
714 4984 805 5040 τὸν
844 4983 959 5059 βίον
990 4980 1363 5057 καταστρέφει·

144 5079 260 5134 1035
293 5079 358 5135 0".
392 5076 487 5149 μέν
521 5096 648 5153 φασι
684 5075 869 5147 μέθαις
901 5094 959 5128 τε
989 5072 1276 5147 χρώμενον
1307 5071 1495 5134 πότοις

291 5169 577 5225 ’Έκστασιν
610 5164 767 5219 αὐτὸν
801 5167 907 5217 τῶν
942 5166 1151 5238 φρενῶν
1181 5161 1524 5226 πεπονθέναι’

291 5256 525 5327 Δόξαντα
558 5252 604 5309 δ’
637 5253 869 5329 οἰκτρῶς
903 5249 1279 5306 ἐκλελοιπέναι
1316 5250 1457 5326 βίον,

289 5352 660 5418 Κατατεθῆναι
696 5349 920 5421 λάρνακι
948 5345 1086 5399 καοά
1116 5343 1289 5399 νέκυν-

294 5442 394 5497 Καὶ
424 5437 874 5511 πωματισθέντος
905 5456 966 5508 γε
990 5436 1088 5488 τοῦ
1115 5434 1288 5511 τάφου
1319 5432 1476 5506 λίθῳ,

138 5529 258 5583 1010
284 5529 571 5602 Γοώμενον
604 5527 832 5581 κάκιστα
858 5526 1033 5579 θανεῖν
1064 5520 1115 5577 έν
1142 5521 1318 5600 τάφῳ·

290 5618 487 5676 Ἄλλοι
524 5615 581 5672 δὶ
612 5621 801 5681 παθεῖν
831 5617 992 5669 τοῦτο
1026 5609 1205 5681 δεινῆς
1236 5610 1296 5667 ἐκ
1323 5611 1481 5667 νόσου

290 5709 457 5765 Δόντα
487 5712 666 5773 θανεῖν
701 5703 921 5776 δόκησιν
956 5703 1207 5779 ἀθροῦσιν
1230 5700 1406 5765 ὅλοις.

1629 381 1995 437 ΟΒΒΔΒΕΒ.

1783 511 1838 576 Α
1867 507 1977 563 Sed
2009 508 2166 565 enim
2198 511 2500 567 orthodoxi
2533 513 2732 567 coacto
2759 512 2909 565 ccetu

1873 598 2219 653 Basiliscum
2254 600 2584 655 maledictis
2618 597 3035 669 perculerunt;

1871 685 2367 757 decreveruntque
2399 691 2664 743 sanctam
2699 686 2879 740 fuisse
2905 682 3195 752 synodum

1871 774 2153 831 divinitus
2184 782 2594 848 congregatam
2626 778 2683 830 et
2709 772 3122 829 venerabilem.

1870 862 1955 917 0b
1989 862 2109 918 haec
2140 864 2323 918 evasit
2354 865 2670 919 Basiliscus
2695 862 2903 916 merito

1871 952 2094 1007 cunctis
2124 953 2555 1009 abominandus
2584 957 2641 1007 et
2669 949 3052 1006 detestabilis.

1870 1042 2081 1097 Contra
2114 1043 2400 1096 Zenonem
2434 1046 2628 1096 tamen
2661 1041 2711 1095 is
2742 1038 3005 1095 celeriter

1871 1131 2048 1185 duces
2080 1146 2213 1185 cum
2248 1130 2431 1200 copiis
2464 1129 2626 1184 misit
2658 1126 3047 1191 militaribus;

1870 1236 1995 1292 qua:
2021 1220 2091 1274 ad
2120 1220 2409 1274 Zenonem
2442 1224 2649 1288 sponte
2682 1217 3037 1279 deﬁcientes,

1863 1309 2185 1379 junctoque
2217 1324 2415 1363 secum
2449 1307 2659 1361 foedere
2691 1305 2759 1359 ad
2794 1304 2995 1359 urbem
3031 1300 3251 1372 regiam

1869 1397 2043 1452 citato
2073 1396 2256 1468 gradu
2288 1412 2419 1451 cum
2453 1396 2677 1449 Zenone
2708 1394 2975 1449 redeunt.

1870 1495 2018 1565 Ergo
2052 1493 2144 1548 hic
2176 1492 2487 1564 imperium
2522 1490 2738 1561 recepit
2770 1490 2983 1555 denuo,

1870 1582 2098 1639 favente
2130 1580 2329 1653 populi
2363 1584 2574 1634 cuncta
2607 1576 3007 1631 multitudine.

1868 1675 1940 1728 At
1970 1670 2287 1726 Basiliscus
2320 1667 2565 1740 supplex
2596 1668 2664 1723 ad
2700 1665 3003 1723 ecclesiam

1870 1760 2132 1832 confugit
2164 1774 2299 1814 cum
2332 1774 2508 1813 uxore
2542 1756 2789 1827 aliisque
2821 1753 3146 1808 aﬂectibus.

1788 1868 1836 1933 B
1868 1850 2030 1906 Illinc
2064 1848 2273 1903 deinde
2299 1849 2434 1902 data
2458 1845 2714 1917 juranda
2745 1844 2856 1898 fide

1864 1949 2109 2013 excitus,
2142 1946 2519 2016 claususque,
2555 1948 2714 1998 turre
2744 1958 2875 1997 cum
2908 1938 3100 2012 parvis
3134 1936 3355 2006 liberis,

1863 2035 2079 2090 ibidem
2114 2034 2267 2088 fame
2301 2032 2512 2087 misere
2542 2030 2865 2097 contabuit,

1864 2128 2175 2198 postquam
2207 2122 2440 2177 biennio
2471 2138 2710 2190 regnum
2744 2120 3083 2174 retinuerat.

1862 2214 2065 2269 Adhuc
2098 2212 2197 2267 illo
2232 2214 2533 2283 regnante,
2568 2210 2623 2263 in
2661 2210 2801 2263 urbe
2832 2208 2990 2279 regia

1864 2301 2168 2358 calamitas
2196 2298 2452 2354 incendii
2483 2298 2775 2353 horrenda
2806 2295 3048 2367 contigit
3081 2312 3093 2349 :

1866 2406 2121 2462 namque
2153 2388 2418 2444 excitatis
2450 2388 2506 2443 in
2544 2388 2665 2442 foro
2696 2386 2898 2441 aerario
2932 2384 3187 2439 flammis

1867 2484 2223 2553 propagatus
2255 2477 2407 2549 ignis
2438 2493 2571 2531 cum
2609 2476 2725 2531 alia
2758 2474 3091 2545 absumpsit

1864 2574 1989 2624 tum
2024 2567 2409 2623 inﬂammavit
2438 2566 2613 2621 etiam
2646 2564 3065 2620 bibliothecam

1867 2658 2101 2713 divitem
2134 2657 2310 2711 tomis
2342 2660 2574 2711 centum
2602 2654 2804 2724 viginti
2837 2652 3114 2708 millibus.

1868 2764 1929 2802 In
1961 2746 2052 2801 his
2077 2752 2131 2801 et
2160 2742 2433 2801 draconis
2464 2759 2697 2815 quoque
2728 2742 2907 2798 fuisse
2938 2742 3153 2798 dicitur

1870 2844 2091 2899 corium
2124 2842 2506 2913 praelongum,
2540 2845 2775 2895 centum
2806 2840 3019 2910 vigenti
3054 2842 3261 2907 patens

1870 2933 2066 3005 pedes,
2102 2932 2342 3001 mirum,
2374 2929 2702 2993 insolitum,
2734 2930 2794 2984 in
2828 2945 2943 3000 quo
2973 2928 3201 2999 scripta:

1870 3022 2075 3077 formis
2110 3020 2435 3076 litterarum
2468 3036 2609 3074 auro
2643 3018 3025 3074 rutilantibus

1870 3109 2105 3166 Homeri
2133 3109 2413 3180 sapientis
2442 3109 2674 3163 fuerant
2704 3106 3033 3178 rhapsodia

1876 3200 2012 3255 Ilias
2043 3203 2101 3255 et
2133 3198 2393 3268 Odyssea
2425 3198 2593 3269 (proh
2628 3195 2997 3268 perniciosi).

1872 3291 2122 3359 Recepto
2154 3286 2332 3357 igitur
2362 3286 2512 3341 Zeno
2554 3285 2787 3356 imperio

1868 3376 2232 3433 Harmatium
2266 3374 2365 3446 qui
2398 3374 2507 3429 sibi
2543 3374 2844 3446 suppetias
2876 3371 3091 3428 tulerat

1870 3464 2231 3523 militaribus
2260 3464 2446 3536 copiis
2476 3464 2683 3518 ducem
2720 3462 2978 3534 praaﬁcit,

1870 3560 2263 3628 praetereaque
2296 3554 2480 3608 filium
2514 3554 2641 3622 ejus
2673 3556 2829 3607 creat
2858 3552 3163 3606 Caesarem.

1868 3645 2090 3703 Deinde
2121 3642 2487 3698 Harmatium
2518 3642 2711 3713 gladio
2746 3656 3090 3712 percussum
3125 3642 3314 3707 necat,

1870 3734 2169 3804 ﬁliumque
2198 3733 2327 3803 ejus
2356 3732 2635 3787 Cmsarem
2669 3731 2822 3785 clero
2853 3728 3155 3796 adscribit,

1871 3825 2075 3895 sicque
2098 3821 2183 3877 illi
2216 3822 2345 3876 vitae
2376 3821 2601 3876 veniam
2636 3818 2951 3875 retinendae
2986 3819 3142 3873 facit.

1871 3917 2018 3969 Nam
2053 3910 2329 3983 quoniam
2365 3910 2483 3977 isti,
2514 3909 2724 3979 aiebat,
2759 3909 3056 3980 fregerunt
3079 3907 3253 3961 ﬁdem

1874 4020 2053 4075 quam
2087 4000 2361 4057 Basilisco
2394 3998 2642 4071 principi
2675 3998 3133 4070 spoponderant,

1875 4094 1960 4149 sic
1992 4096 2057 4145 ut
2087 4091 2198 4162 ipsi
2233 4089 2375 4144 mihi
2410 4094 2639 4144 servent
2670 4089 2869 4142 eadem
2900 4103 3121 4141 vereor.

1876 4182 2088 4237 Praeter
2113 4179 2241 4248 hos,
2275 4178 2420 4234 alios
2453 4177 2668 4233 multos
2697 4176 2854 4233 letho
2885 4176 3047 4231 dedit

1875 4272 1946 4326 de
1977 4285 2223 4325 numero
2256 4267 2540 4323 nobilium
2574 4271 2751 4337 atque
2777 4264 3176 4337 optimatium,

1872 4359 1960 4415 vel
1994 4358 2288 4429 impositis
2319 4357 2510 4430 plagis
2540 4355 2910 4411 excruciavit.

1873 4451 2024 4521 Ergo
2056 4446 2319 4504 scelestis
2347 4445 2661 4516 indulgens
2694 4444 3053 4499 facinoribus

1873 4538 2248 4607 caedibusque
2279 4551 2556 4607 grassans
2588 4532 2915 4604 flagitiosis,

1875 4628 2140 4684 imbutus
2171 4626 2413 4696 insuper
2441 4622 2646 4679 heresi
2678 4620 2963 4691 Dioscuri,

1877 4723 2093 4797 populo
2121 4722 2343 4777 invisus
2375 4724 2501 4774 erat
2531 4724 2588 4773 et
2616 4718 3020 4789 optimatibus,

1877 4811 2113 4884 conjugi
2143 4827 2278 4867 vero
2316 4809 2580 4864 Ariadnae
2612 4824 2790 4880 quam
2823 4808 2923 4877 qui
2958 4805 3232 4862 maxime.

1876 4900 2263 4965 Quamobrem
2297 4897 2572 4954 simulato
2605 4896 2808 4951 mortis
2839 4911 3001 4963 casu,

1877 5007 2013 5047 arca
2044 4987 2376 5055 conclusus,
2409 4986 2625 5040 ibidem
2660 4986 2805 5040 mori
2839 4984 3083 5055 cogitur.

1876 5083 1980 5136 Ast
2010 5078 2108 5135 alii
2140 5082 2404 5144 narrant,
2436 5076 2593 5131 hunc
2625 5075 2927 5146 indulgere
2959 5073 3209 5145 crapula:

1877 5176 1935 5227 et
1966 5169 2127 5241 potui
2161 5167 2417 5233 solitum,
2454 5166 2662 5222 mentis
2694 5180 3037 5236 perpessum
3071 5162 3352 5231 extasim;

1878 5266 2052 5331 atque
2083 5258 2165 5313 ita
2194 5256 2480 5313 creditum
2511 5255 2691 5310 vitam
2727 5254 2926 5309 ﬁnisse
2954 5253 3185 5319 misere,

1876 5365 2068 5421 capsae
2101 5347 2280 5402 fuisse
2311 5345 2589 5401 traditum
2624 5362 2726 5399 ceu
2759 5344 3040 5410 cadaver;

1879 5443 2004 5493 tum
2036 5453 2171 5493 vero
2204 5436 2329 5492 saxi
2361 5436 2597 5491 admoto
2629 5435 2699 5489 ad
2733 5431 3068 5505 sepulcrum
3104 5430 3288 5499 obice,

1878 5527 2220 5584 tristissima
2249 5524 2569 5595 eiulantem
2603 5541 2762 5579 mors
2794 5522 3106 5595 oppressit.

1876 5618 1984 5674 Alii
2019 5616 2271 5689 denique
2304 5620 2545 5671 narrant
2573 5615 2626 5669 id
2660 5614 2742 5668 illi
2775 5630 2842 5669 ex
2872 5612 3032 5685 gravi

1875 5706 2079 5765 morbo
2111 5706 2419 5776 accidisse,
2448 5705 2764 5776 visumque
2795 5704 3147 5759 exstinctum
3171 5701 3467 5760 omnibus.
