4208 6430
584 395 649 450 51
1794 399 2167 454 EPlleEMll
2216 392 2787 450 CHRONOGRAPHI
3924 403 4013 457 52

1005 521 1412 578 ANATASIUS
1451 522 1565 576 AN.
1609 522 1824 578 xxvn.
2266 514 2319 582 Α

2266 514 2319 582 Α
2778 518 3230 574 ΑΝΑΣΤΑΣΙΟΣ
3287 521 3399 576 ET.
3455 521 3570 577 KZ'.

550 676 553 679 -
591 643 819 699 Zenone
853 643 1010 698 hunc
1041 644 1171 700 vita;
1198 646 1422 700 exitum
1454 648 1683 714 sortito,

2525 641 2740 695 Τούτου
2770 643 3234 715 καταστρέψαντος
3265 643 3407 698 οὕτω
3436 645 3528 699 τὸν
3565 644 3704 719 βίον,

590 735 833 786 senatus
865 737 922 786 et
951 734 1325 803 optimatium
1352 736 1421 790 de
1453 737 1745 790 sententia

2532 727 2715 799 Βουλῇ
2741 727 3023 802 γερουσίας
3052 750 3108 783 τε
3138 729 3226 783 καὶ
3255 734 3362 784 τῶν
3387 729 3436 784 ἐν
3459 731 3605 786 τέλει

589 822 790 889 regina
819 820 1075 874 Ariadna
1107 821 1177 874 ad
1213 823 1547 878 societatem
1581 824 1709 878 vitae

2356 817 2493 871 1045
2535 816 2894 890 Συζεύγνυται
2927 814 2993 885 δὴ
3031 817 3247 892 βασιλὶς
3277 816 3527 894 Ἀριάδνη

596 908 721 978 lege
745 908 936 978 jugali
972 910 1228 964 traditur
1261 912 1590 977 Anttstasio,

2532 904 2863 976 Ἀναστασίῳ
2895 906 3029 980 πρὸς
3063 908 3244 980 γάμου
3269 909 3575 976 κοινωνίαν,

593 996 686 1050 cui
721 997 936 1052 fontem
962 999 1194 1068 generis
1227 999 1366 1054 urbs
1400 999 1725 1071 Epidaurus
1759 997 2026 1071 praebuit.

2025 1042 2026 1049 η
2530 992 2789 1050 ’Ἐλκοντι
2819 997 3000 1068 σειρὰν
3034 994 3084 1066 ἐξ
3117 993 3452 1069 Ἐπιδάμνου
3481 997 3687 1073 γένους·

592 1085 743 1140 Tum
776 1085 826 1140 is
868 1087 1166 1142 Romanus
1200 1090 1414 1159 legitur
1439 1091 1759 1160 imperator

2531 1084 2630 1140 "Ov
2653 1084 2892 1158 κράτορα
2919 1081 3131 1160 δέδειχε
3160 1092 3259 1154 τῆς
3291 1083 3596 1158 Ῥωμαίδος

598 1175 854 1230 eunuchi
888 1175 1095 1232 validis
1129 1179 1357 1234 artibus
1391 1178 1632 1244 Urbicii,

2533 1169 2828 1247 Οὐϐρικίου
2861 1173 3188 1236 σπεύσαντος
3224 1175 3492 1249 εὐνούχου
3521 1175 3666 1249 τόδε,

601 1269 778 1334 atque
810 1265 880 1318 ab
915 1265 1241 1336 Euphemio
1275 1273 1588 1322 coronatur
1617 1265 1890 1338 praesule.

2359 1265 2497 1318 1050
2535 1261 2823 1338 Εὐφῆμιος
2855 1259 2900 1316 δ’
2932 1260 3118 1336 ἔστεψε
3146 1260 3290 1318 τόνδ’
3318 1263 3641 1339 ἀρχιθύτης.

602 1351 698 1408 Sic
729 1357 818 1408 est
850 1354 1166 1424 imperium
1201 1362 1408 1413 nactus
1444 1357 1822 1426 Anastasius,

2535 1349 2724 1412 Οὕτως
2755 1351 3106 1413 Ἀναστάσιος
3137 1347 3265 1424 ἔσχε
3292 1350 3354 1405 τὸ
3385 1351 3603 1427 κράτος,

604 1440 700 1496 cui
731 1448 1184 1511 cognomentum
1219 1445 1464 1501 Dicorus
1495 1446 1764 1515 adhaesit,

2536 1441 2724 1500 ’Ὁστις
2757 1438 3112 1512 έπωνόμαστο
3145 1441 3374 1515 Δίκορος
3407 1442 3569 1511 θέσιν,

611 1530 893 1601 quoniam
927 1531 1142 1602 pupilis
1168 1533 1276 1588 fuit
1307 1534 1724 1598 dissimilibus,

2539 1529 2634 1590 Οἷς
2668 1527 2776 1603 οὐχ
2805 1528 2998 1600 ὁμοίας
3030 1523 3187 1603 ἔσχεν
3217 1530 3482 1602 ὁμματων
3515 1529 3701 1604 κόρας,

610 1620 881 1674 dextrum
913 1619 1177 1676 videlicet
1200 1622 1590 1694 nigricantem
1623 1621 1881 1690 oculum,

2541 1617 2715 1672 ’Λλλά
2749 1616 3074 1690 μελαντέραν
3107 1619 3202 1690 μέν
3238 1617 3411 1672 αὐτῶν
3446 1619 3690 1691 θατέραν,

609 1708 882 1777 glaucum
917 1708 1227 1766 sinistrum
1261 1712 1574 1783 insigniter
1601 1728 1827 1783 gerens.

2362 1708 2503 1764 1055
2544 1707 2792 1774 Γλαυκήν
2825 1703 2880 1761 δὲ
2913 1704 3069 1760 λαιὰν
3100 1709 3174 1769 ὡς
3207 1706 3476 1778 ἐπίσημον
3507 1710 3703 1781 φέρωνσ

612 1797 716 1851 Ilic
748 1797 1035 1852 tributum
1071 1800 1198 1854 auri
1231 1801 1596 1872 argentique,

2541 1796 2713 1856 Οὗτος
2751 1793 3014 1870 βδελυρὰν
3051 1795 3302 1871 εἰσφτράν
3336 1797 3680 1868 χυσαργύρου

609 1885 866 1940 invisum
900 1887 1125 1942 cunctis
1157 1890 1411 1944 subditis
1442 1888 1979 1960 molestissimum;

1923 1888 1979 1960 1,:
2292 1882 2337 1948 Β
2542 1887 2806 1954 Ὑπήκοον
2833 1884 3140 1959 τρύχουσαν
3175 1885 3309 1937 ἅπαν
3342 1880 3585 1957 ἐσχάτως

616 1973 840 2029 malum
873 1975 1117 2047 vectigal
1151 1977 1241 2048 pie
1274 1980 1566 2049 perimens
1597 1978 1865 2046 sustulit;

2546 1974 2758 2045 Δασμὸν
2789 1973 3026 2046 πονηρὸν
3061 1966 3292 2033 εὐσεϐῶς
3324 1969 3530 2030 παύσας
3561 1967 3698 2044 ἔχει,

617 2080 732 2134 quo
766 2069 1058 2134 manente,
1090 2083 1578 2140 unumquemque
1609 2086 1758 2140 opus
1788 2072 1912 2122 erat

2546 2066 2680 2127 Καθ’
2711 2062 2768 2118 ὅν
2798 2084 2881 2125 τις
2914 2064 3220 2137 ἠνάγκαστο
3242 2066 3346 2123 πᾶς
3376 2060 3734 2136 συνεισφέρειν

619 2169 724 2224 pro
758 2168 819 2207 se
853 2154 1161 2225 brutisque
1193 2156 1366 2212 etiam
1401 2156 1758 2212 animalibus

2372 2155 2509 2211 1060
2547 2154 2702 2227 Ὑπέρ
2733 2154 2778 2206 ϐ’
2810 2151 3000 2206 ἑαυτοῦ
3031 2151 3120 2205 καὶ
3154 2149 3466 2222 προσόντων
3501 2147 3742 2222 ἀλόγων,

619 2258 885 2296 annuum
918 2243 1218 2298 numisma
1249 2245 1482 2316 publico
1512 2248 1713 2302 aerario
1745 2247 2011 2317 pendere.

1936 2261 2011 2300 re.
2547 2243 2796 2310 Ἐτήσιον
2831 2240 3074 2312 νόμισμα
3105 2244 3183 2310 τῷ
3213 2243 3380 2309 κοινῷ
3408 2238 3595 2314 φόρον·

625 2330 782 2384 Idem
817 2329 1050 2385 venales
1082 2338 1255 2388 antea
1283 2334 1599 2405 dignitates

2547 2330 2654 2387 Καὶ
2683 2327 2950 2402 δημοσίας
2980 2325 3142 2389 οὔσας
3174 2327 3346 2402 ἀρχὰς
3378 2325 3594 2397 ὠνίους,

621 2424 678 2472 et
709 2417 1073 2488 publicarum
1110 2437 1303 2476 rerum
1347 2423 1808 2494 procurationes,

2549 2422 2688 2494 Πρὸς
2717 2416 2760 2474 δ’
2793 2420 2856 2472 αὖ
2889 2415 3185 2487 διοικήσεις
3213 2437 3271 2470 τε
3300 2420 3502 2470 κοινῶν
3532 2411 3863 2488 πραγμάτων

621 2506 850 2561 sublato
881 2509 1085 2575 abusu,
1119 2511 1302 2582 gratis
1333 2513 1601 2567 tradebat
1633 2513 1850 2584 dignis.

2549 2509 2764 2572 Παύσας
2791 2513 3051 2582 παρεῖχεν
3087 2503 3232 2560 ἀδοτ’
3261 2509 3378 2566 τοῖς
3409 2503 3599 2574 ἀξίοις·

620 2596 868 2650 Caateras
901 2613 1133 2667 quoque
1167 2601 1446 2670 regnandi
1481 2605 1673 2672 partes
1715 2605 1866 2656 recte
1904 2599 2191 2674 explebat.

2102 2604 2191 2657 lat.
2376 2602 2511 2657 1065
2550 2600 2649 2653 Καὶ
2678 2595 2855 2652 τᾶλλα
2887 2593 2929 2650 δ’
2962 2597 3142 2670 ἀρχῆς
3174 2593 3416 2668 εὐτυχῶς
3441 2593 3509 2661 ἦν
3543 2589 3764 2646 διέπων

620 2683 1107 2756 Synchyticorum
1142 2692 1337 2743 tamen
1368 2695 1688 2761 occupatus
1721 2689 1929 2746 haeresi

2552 2686 2703 2756 ιιλήν
2739 2689 3092 2760 Συγχυτικῶν
3117 2683 3489 2756 καθυπαχθεῖς
3518 2682 3741 2757 αἱρέσει,

621 2771 898 2829 Ecclesiis
929 2775 1268 2832 ortbodoxis
1302 2778 1583 2834 molestus
1617 2785 1756 2834 erat.

2547 2778 2649 2839 Τὰς
2676 2774 2977 2850 όρθοδὸξων
3011 2777 3074 2843 ἦν
3109 2777 3288 2828 κακῶν
3317 2768 3632 2840 ἐκκλησίας,

567 2915 569 2918 ι
621 2862 740 2917 Hoc
773 2870 1054 2933 regnante
1086 2867 1395 2921 Anastasio
1429 2868 1578 2922 mira
1609 2884 1702 2923 res
1742 2869 1953 2924 evenit.

2545 2868 2754 2921 Τούτου
2783 2868 3112 2940 κρατοῦντος
3145 2863 3442 2934 θαυμάσιον
3475 2853 3670 2926 συνέϐη

620 2950 869 3014 Quidam
903 2955 1238 3025 Agareniczn
1274 2957 1460 3011 tribus
1497 2957 1768 3030 princeps

2552 2957 2852 3032 Φύλαρχος
2885 2955 3020 3027 ἀνὴρ
3054 2956 3367 3028 Ἀγαρηνῶν
3397 2955 3503 3005 τῶν
3531 2950 3654 3004 τότε

619 3039 713 3094 cui
748 3057 960 3096 nomen
996 3043 1449 3111 Alamundarus,
1485 3047 1658 3101 homo
1685 3047 1858 3119 f'rugi,

2378 3051 2513 3106 1070
2553 3047 2755 3116 κλῆσιν
2787 3041 3228 3118 Ἀλαμούνδαρος
3260 3040 3460 3115 ἀγαθὸς
3489 3037 3729 3113 τρόπους

618 3129 852 3185 Christo
887 3147 950 3187 se
982 3132 1334 3204 adjungens,
1365 3134 1597 3205 riteque
1628 3137 1871 3192 edoctus
1907 3138 2039 3194 fidei

2552 3140 2778 3210 Χριστῷ
2807 3132 3124 3209 προσελθὼν
3152 3133 3241 3186 καὶ
3275 3130 3502 3204 μυηθεὶς
3533 3127 3760 3189 εἰκότως

623 3219 900 3290 dogmata
927 3220 998 3274 ab
1029 3221 1369 3278 ortbodoxis
1401 3225 1941 3296 archiprarsulibus,

2298 3247 2340 3312 ρ
2560 3227 2700 3300 Πρὸς
2735 3221 3039 3298 ὀρθοδόξων
3075 3224 3395 3312 ἀρχυθυτῶν
3427 3219 3726 3312 ποιμένων,

625 3307 1002 3379 baptismatis
1035 3316 1330 3381 postremo
1361 3315 1611 3384 gratiam
1647 3315 1943 3386 impetrat.

2307 3306 2340 3312 Ἦ
2557 3317 2785 3371 Ἔπειτα
2820 3312 3194 3386 βαπτίσματος
3227 3309 3390 3384 αὐχεῖ
3416 3309 3516 3377 τήν
3549 3306 3733 3382 χάριν.

628 3396 946 3469 Recognita
979 3399 1223 3456 Severus
1256 3405 1528 3473 profanos
1559 3421 1698 3460 suos

2558 3409 2735 3462 Ταῦτα
2771 3403 2951 3476 μαθὼν
2989 3395 3234 3473 Σεϐἦρος
3267 3400 3380 3472 (20)
3412 3397 3577 3452 αὐτοῦ
3610 3391 3876 3468 ποιμὲνας

626 3491 892 3557 pastores
923 3489 994 3543 ad
1029 3489 1183 3544 hunc
1218 3491 1396 3546 mittit
1427 3493 1549 3547 sine
1583 3509 1745 3548 mora

2386 3497 2522 3553 1075
2564 3492 2834 3566 Ἀνιέρους
2867 3490 3124 3560 πέπομφε
3153 3487 3291 3560 πρὸς
3322 3490 3515 3538 τοῦτον
3553 3483 3747 3558 τάχος·

625 3592 876 3646 quorum
908 3594 1015 3648 Ope
1047 3580 1404 3652 neophytum
1447 3582 1518 3636 ad
1551 3599 1613 3637 se
1647 3583 1929 3654 pelliciat.

2562 3579 2818 3637 Σπεύδων
2854 3577 2899 3633 δ’
2931 3579 3107 3632 αὐτῶν
3144 3575 3220 3637 εἷς
3253 3572 3440 3628 έαυτὸν
3475 3570 3696 3627 ἑλκύσαι

626 3666 680 3720 ls
711 3671 909 3722 autem
943 3668 1074 3722 lidei
1110 3674 1302 3734 tenax,
1336 3676 1391 3724 et
1421 3670 1634 3727 Christi
1667 3671 1816 3744 lapis

2561 3672 2707 3727 Ἐπεὶ
2743 3668 2787 3724 δ’
2820 3667 3058 3744 ἐρασθεὶς
3090 3665 3324 3727 πίστεως
3354 3666 3592 3738 Χριστοῦ
3621 3659 3790 3734 πέτρα

625 3754 930 3824 immotus,
958 3755 1178 3827 legatos
1213 3758 1343 3815 illos
1376 3762 1459 3815 sic
1491 3761 1758 3834 coarguit
1790 3777 1803 3816 :

2560 3768 2843 3822 ’Ἅσειστος
2871 3760 2961 3830 ἦν,
3001 3755 3232 3829 μέτεισιν
3261 3753 3457 3814 αὐτοὺς
3491 3749 3590 3805 ὡδί
3620 3768 3759 3812 πως·

623 3846 850 3901 curavit
881 3848 1038 3902 enim
1072 3853 1135 3901 ut
1160 3847 1468 3904 familiaris
1503 3851 1674 3906 homo

2564 3855 2718 3906 Ποιεῖ
2747 3850 2868 3904 τινά
2899 3849 2950 3902 οἱ
2979 3851 3087 3900 τῶν
3124 3845 3211 3900 ὑπ’
3242 3843 3402 3898 αὐτὸν
3437 3841 3728 3916 ἐκκρίτων,

623 3935 694 3989 ad
729 3950 931 3989 aurem
961 3936 1073 3990 sibi
1098 3936 1315 4006 aliquid
1349 3955 1626 3994 arcanum
1661 3939 1879 3995 diceret
1914 3957 1926 3996 :

2386 3945 2525 4000 1080
2564 3941 2709 4015 Ηρὸς
2741 3939 2832 4001 οὖς
2861 3936 3160 4011 ψιθυρίζειν
3188 3955 3240 3988 τι
3272 3929 3701 4008 προσκεκυφότα,

625 4027 748 4077 tum
783 4023 1034 4094 impuris
1069 4025 1401 4095 pastoribus
1431 4029 1924 4098 inspectantibus,

2563 4030 2664 4084 Καὶ
2690 4032 2796 4082 τῶν
2832 4023 3110 4101 βδελυρῶν
3144 4021 3422 4095 ποιμένων
3449 4017 3808 4092 δεδορκότων,

629 4128 874 4167 mcerore
897 4128 959 4168 se
989 4126 1321 4185 correptum
1355 4115 1522 4170 finxit
1554 4116 1844 4189 princeps.

2565 4120 2693 4173 Εἶτα
2726 4114 3013 4193 φύλαρχος
3043 4111 3226 4167 ἀλύειν
3259 4109 3541 4185 ὑπεκρίθη·

630 4201 718 4256 llli
751 4218 985 4256 causam
1019 4209 1226 4274 rogant
1254 4220 1266 4269 ;
1303 4221 1452 4276 quos
1478 4209 1682 4262 contra
1720 4207 1860 4262 talia
1891 4209 2066 4266 refert

2566 4213 2799 4282 ’Ἡροντο
2833 4202 2878 4258 δ’
2911 4205 2961 4258 οἱ
2996 4203 3091 4276 μέν
3125 4200 3317 4256 αἷτίαν·
3351 4201 3386 4268 ἦ
3421 4197 3468 4253 δ’
3499 4197 3556 4260 ὅς
3587 4193 3730 4250 τάδε·

630 4291 965 4346 nuntiatum
994 4293 1126 4358 sibi,
1164 4293 1505 4350 Michaelem
1538 4306 1894 4352 summatem

2565 4299 2654 4357 Ὡς
2691 4300 2996 4368 μηνυθῆναι
3030 4289 3256 4365 Μιχαὴλ
3287 4289 3676 4362 πρωτοστάτην

629 4379 1094 4451 angelorumque
1139 4382 1349 4437 ducem
1385 4399 1570 4454 nuper
1601 4389 1920 4443 mortuum.

2394 4388 2533 4445 1085
2573 4386 2668 4439 Καὶ
2697 4383 3092 4460 ταγματάρχην
3127 4378 3371 4456 ἀγγέλων
3405 4377 3494 4431 νῦν
3523 4377 3794 4442 τεθνάναι,

629 4468 752 4524 Illis
779 4486 1105 4525 sermonem
1137 4473 1312 4526 talem
1347 4475 1760 4544 respuentibus
1787 4493 1801 4542 ;

2569 4477 2690 4531 Τῶν
2725 4470 2771 4526 δ’
2804 4471 2901 4526 οὐκ
2931 4471 3150 4524 ἀνεκτὸν
3177 4469 3267 4524 τὸν
3304 4463 3466 4543 λόγον
3499 4466 3851 4537 ποιουμένων

629 4559 828 4614 fabula
858 4564 1095 4630 retecta,
1133 4578 1216 4616 sic
1249 4570 1450 4617 contra
1485 4564 1636 4618 fatur
1667 4564 1901 4633 regulus
1939 4583 1951 4620 :

2312 4589 2358 4654 Β
2570 4565 2629 4619 Ὀ
2663 4560 2706 4616 δ’
2741 4558 3049 4633 ἐκκαλύψας
3083 4559 3144 4613 τὸ
3177 4555 3382 4632 δρᾶμα,
3412 4560 3530 4617 τοῖς
3561 4552 3610 4654 δ’
3642 4553 3865 4654 ἀντέφη·

629 4647 745 4703 Cur
774 4664 911 4720 ergo
940 4665 1045 4704 vos
1078 4649 1336 4706 humana
1367 4668 1497 4706 cum
1534 4658 1743 4708 natura

2312 4642 2353 4654 υ
2571 4651 2670 4706 Καὶ
2698 4654 2814 4712 πῶς
2841 4649 2967 4723 παρ’
3000 4647 3126 4720 ὑμῖν
3162 4649 3460 4719 συμπαθεῖν
3491 4642 3634 4707 θείαν
3669 4643 3823 4720 φύσιν

629 4736 888 4792 divinam
924 4739 1065 4810 pati,
1103 4756 1290 4810 nuper
1320 4740 1539 4796 tulistis
1571 4743 1834 4813 dogma?

2569 4738 2932 4813 Ἀνθρωπίνῃ,
2962 4734 3164 4814 πέφυκε
3192 4733 3281 4789 νῦν
3313 4732 3675 4809 δεδογμένον;

631 4831 790 4883 Tunc
826 4827 906 4882 illi
940 4829 1074 4884 victi
1108 4830 1328 4900 pudore
1361 4830 1760 4886 discedebant.

2395 4831 2533 4888 1090
2573 4830 2666 4886 Ἐκ
2693 4825 2842 4882 τοῦδ’
2874 4823 3294 4897 ἀπηλλάττοντο
3326 4819 3805 4897 κατῃσχυμμένοι.

634 4916 857 4972 Certior
890 4917 1240 4974 Anastasius
1275 4920 1470 4973 nescio
1501 4937 1613 4990 quo
1644 4926 1881 4976 auctore
1915 4922 2104 4978 lactus

2569 4917 2848 4993 ΙΙρογνοὺς
2881 4914 3133 4992 βασιλεὺς
3165 4915 3322 4974 οὗτος
3354 4914 3456 4968 οὐκ
3485 4909 3607 4966 οἶδα
3637 4911 3796 4974 πόθεν

639 5006 954 5062 fulminum
981 5009 1145 5080 jactu
1181 5008 1291 5063 sibi
1326 5009 1382 5062 in
1418 5009 1552 5064 fatis
1583 5024 1714 5064 esse

2567 5014 2652 5070 Ὡς
2684 5006 2743 5062 ἐκ
2770 5009 3039 5081 κεραυνῶν
3073 5005 3358 5077 ἀστραπῶν
3392 4999 3628 5076 αἵμαρτὸ
3661 5000 3712 5054 οἱ

640 5102 702 5150 ut
728 5095 854 5150 vita:
885 5103 942 5151 et
976 5114 1152 5167 regno
1185 5097 1500 5153 terminum
1535 5099 1883 5171 imponeret,

2577 5097 2705 5154 Βίου
2735 5095 2977 5170 γενέσθαι
3006 5095 3094 5148 καὶ
3131 5091 3407 5168 βασιλείας
3432 5092 3617 5165 πέρας.

638 5203 931 5241 cameram
966 5188 1179 5240 struxit
1207 5193 1328 5243 arte
1359 5195 1662 5241 venustnm
1697 5191 1843 5244 mira

2575 5185 2833 5256 Θάλαμον
2867 5181 2912 5236 δ’
2943 5183 3192 5258 ἀνήγειρε
3218 5180 3513 5235 κάλλιστον
3558 5178 3728 5252 δόμον

639 5275 730 5330 cui
767 5276 1075 5346 fastigiatae
1110 5295 1320 5332 nomen
1355 5282 1489 5348 apte
1523 5279 1695 5344 fecit;

2401 5280 2538 5334 1005
2576 5274 2829 5331 Θολωτὸν
2862 5273 3017 5328 αὐτὸν
3051 5270 3282 5333 καλέσας
3314 5271 3669 5348 φέρων-ὅμως.

638 5365 694 5420 ἰη
729 5383 845 5436 qua
871 5367 1177 5422 diversans
1213 5367 1460 5422 fulmine
1492 5377 1836 5438 erumpente

2577 5367 2664 5421 Ἑν
2697 5365 2742 5435 ᾧ
2776 5361 2970 5436 διάγων
3007 5363 3290 5434 ἀστραπῶν
3323 5359 3673 5435 ῥηγνυμένων

637 5455 897 5510 subitum
930 5457 1055 5508 vitae
1091 5456 1263 5511 finem
1301 5462 1508 5512 nactus
1541 5463 1654 5512 est.

2577 5452 2866 5524 ἰῦξαπίνης
2897 5451 3088 5527 εὕρατο
3119 5452 3295 5526 τέρμα
3324 5453 3419 5506 τοῦ
3456 5449 3596 5524 βίου.

638 5549 690 5600 ls
723 5549 788 5600 ut
817 5545 1129 5601 Moesorum
1163 5546 1628 5618 Gothorumque,
1665 5546 1797 5603 Istri
1833 5548 2155 5606 incolarum

2146 5568 2155 5606 ι
2576 5542 2749 5606 Οὗτος
2781 5547 2976 5598 Μυσῶν
3011 5563 3068 5597 τε
3097 5542 3186 5596 καὶ
3218 5543 3439 5604 Σκυθῶν
3473 5536 3808 5614 παριστρίων

705 5710 816 5778 (‘30)
849 5708 1082 5764 Scilicet
1112 5710 1357 5765 Severus
1392 5709 1709 5764 Antiochia:
1745 5711 2094 5781 patriarcha,
2128 5713 2438 5770 haereticus
2463 5708 2849 5783 Syncbyticus
2879 5711 2935 5763 et
2967 5704 3446 5777 Theopascbitcs.
