4190 6438
595 372 665 427 59
1190 362 1199 369 '
1800 375 2172 427 EPBRIEMII
2212 372 2785 429 CHRONOGRAPHI

596 502 662 555 ut
687 497 760 554 ab
790 514 853 554 se
885 501 1125 570 repetat,
1158 502 1214 554 et
1243 498 1507 553 animum
1542 513 1684 554 cura
1714 498 1920 555 solvat.

596 591 743 659 Ergo
774 586 933 643 visus
964 592 1054 643 est
1085 586 1195 642 sibi
1231 603 1331 658 per
1361 587 1659 643 somnium
1692 603 1927 643 cernere

597 676 841 732 multam
875 680 1122 747 utroque
1152 692 1182 731 e
1214 692 1353 731 sexu
1388 677 1725 732 mortalium
1758 677 1991 734 turbam

596 766 832 822 adstare
865 782 1058 820 coram
1089 765 1348 837 imagine
1378 766 1592 821 Christi
1628 766 1884 834 Domini,

598 870 910 927 regemque
936 854 1214 909 adversus
1246 854 1602 911 clamoribus
1630 856 2027 929 expostulare;

598 944 726 1013 ipso
760 947 1043 1014 praesente
1075 960 1317 1015 remque
1347 961 1481 1000 cum
1511 955 1661 1002 metu
1698 946 1993 1003 audiente.

599 1033 763 1087 Tunc
797 1032 869 1087 ab
895 1031 1153 1103 imagine
1186 1050 1291 1088 vox
1314 1034 1519 1091 emissa
1554 1037 1785 1104 sonuit;

601 1120 843 1177 ubinam
878 1119 927 1175 is
955 1119 1128 1175 vellet
1160 1121 1445 1177 malorum
1482 1142 1709 1195 paanam
1744 1125 1902 1181 luere

599 1210 697 1280 qui
732 1226 795 1264 se
824 1208 1079 1264 avaritia:
1110 1211 1422 1266 obstrinxit
1453 1213 1725 1284 piaculo?

598 1314 738 1352 num
775 1297 888 1364 hic,
924 1298 1021 1352 ubi
1056 1298 1412 1370 supplicium
1447 1300 1793 1358 clementius
1826 1302 1957 1370 erit,

597 1403 669 1440 an
702 1385 819 1441 illic.
851 1385 997 1441 alias
1030 1403 1227 1456 pcenas
1259 1390 1547 1458 experiri?

598 1474 652 1529 Is
681 1474 777 1529 hic
808 1490 869 1529 se
900 1474 1095 1544 malle,
1129 1476 1300 1531 verbo
1333 1476 1650 1546 intellecto,
1685 1479 1783 1535 ait.

596 1562 747 1617 Tum
784 1579 844 1617 se
875 1562 1155 1618 traditum
1193 1564 1394 1621 Phocas
1430 1566 1610 1623 fuisse
1643 1567 1850 1623 audiit.

600 1652 817 1707 Somno
848 1651 1142 1718 discusso,
1175 1653 1549 1710 verissimum
1582 1656 1772 1713 visum
1807 1660 1996 1729 putat,

601 1758 727 1812 quae
760 1740 903 1795 vidit
932 1758 1177 1813 quaaquc
1211 1743 1397 1799 audiit
1427 1745 1484 1799 in
1517 1762 1582 1799 eo
1615 1746 1966 1818 spectaculo.

603 1830 875 1885 Protinus
897 1846 1031 1899 ergo
1063 1831 1308 1887 advocat
1337 1832 1727 1906 Philippicum

597 1935 827 1975 carcere
857 1936 922 1974 ex
956 1919 1201 1988 injusto,
1232 1920 1484 1978 vinculis
1515 1923 1814 1992 detractis,

599 2009 766 2081 queis
798 2008 1133 2079 suspicione
1159 2015 1353 2065 motus
1386 2028 1515 2067 eum
1554 2016 1921 2085 gravaverat;

599 2114 799 2170 pacem
834 2098 1115 2169 impertit,
1148 2100 1374 2156 veniam
1407 2102 1667 2158 vicissim

602 2187 1027 2258 praeteritarum
1061 2188 1336 2261 impetrat
1366 2191 1735 2262 injuriarum.

608 2277 823 2332 Horum
857 2282 1159 2349 gestorum
1192 2278 1325 2334 talis
1360 2280 1468 2335 fuit
1500 2281 1711 2338 exitus.

603 2367 745 2422 Exin
781 2365 1066 2421 exercitus
1096 2372 1261 2423 motu.
1294 2370 1573 2426 seditioso

600 2457 1015 2528 imperatorem
1051 2456 1396 2513 acclamavit
1430 2459 1702 2527 Phoeam,

605 2544 705 2618 qui
738 2546 920 2601 fretus
952 2546 1132 2601 armis
1165 2548 1501 2618 Byzantium
1533 2550 1791 2615 veniens,

606 2638 914 2690 stemmate
947 2640 1192 2690 ornatur
1222 2653 1401 2692 manu
1437 2638 1892 2712 archiprmsulis,

602 2730 734 2781 Mox
765 2724 1018 2797 pretium
1052 2742 1238 2798 operte
1268 2726 1561 2783 facturum
1594 2744 1653 2785 se
1686 2728 1929 2802 putavit,

606 2813 655 2870 si
689 2812 946 2869 Mauricii
981 2830 1164 2885 genus
1193 2832 1368 2871 omne
1400 2818 1732 2889 perimeret.

604 2903 993 2968 Quamobrem
1032 2904 1101 2959 de
1134 2907 1411 2962 mandato
1443 2907 1668 2963 cruenti
1702 2907 1904 2975 animi,

605 2992 805 3048 Phoce
838 2993 1093 3065 tyranni,
1122 2994 1385 3065 inquam,
1419 2996 1847 3062 scelestissimi,

605 3083 797 3153 (mitto
827 3083 982 3137 enim
1016 3083 1301 3155 quidquid
1336 3085 1752 3157 intermedium
1789 3085 2029 3156 exstitit)

603 3170 886 3243 principis
918 3188 1061 3227 uxor
1089 3171 1373 3244 liberique
1404 3174 1596 3245 gladio

601 3260 925 3316 caeduntur.
960 3263 1174 3317 Aderat
1206 3267 1478 3335 spectans
1512 3265 1831 3320 Mauricius

599 3351 935 3422 caedemque
966 3350 1197 3407 heroico
1234 3352 1523 3409 tolerabat
1550 3355 1767 3425 animo,

601 3440 826 3512 gratias
857 3440 975 3496 imo
1011 3442 1121 3496 Deo
1154 3442 1226 3496 ob
1254 3444 1519 3498 eamdem
1558 3460 1758 3515 agens.

601 3533 731 3602 Ipse
757 3531 827 3586 ad
863 3534 1189 3585 extremum
1225 3547 1363 3586 nece
1398 3533 1625 3603 injusta
1660 3533 1852 3605 periit.

605 3625 723 3675 Rex
753 3619 848 3676 hic
878 3620 1266 3693 quadraginta
1296 3621 1510 3676 Christi
1545 3628 1869 3695 martyrum

604 3709 891 3781 templum
928 3709 1181 3764 absolvit
1210 3727 1427 3766 ornans
1461 3712 1727 3778 mirifice,

606 3815 818 3871 nempe
849 3800 1002 3871 quod
1037 3798 1304 3855 Tiberius
1338 3806 1561 3856 struere
1594 3804 1864 3872 coeperat.

910 3914 1189 3971 PHOCAS
1231 3916 1615 3973 TYRANNUS
1652 3916 1769 3972 AN.
1810 3916 1956 3973 VIII.

608 4015 833 4071 Phocas
865 4014 1169 4084 tyrannice
1196 4030 1441 4085 regnum
1478 4014 1806 4088 occupavit,

610 4103 872 4161 nefarius
904 4103 1103 4172 homo,
1137 4104 1559 4175 sanguinarius
1586 4104 1843 4175 animus,

611 4211 799 4250 saevus
830 4197 1141 4265 tyrannus,
1170 4193 1399 4249 cruoris
1429 4193 1592 4249 canis
1626 4198 1929 4266 appetens,

615 4283 992 4349 mulierosus,
1022 4286 1401 4351 comessator,
1437 4283 1726 4349 ebriosus,

613 4372 843 4445 imperii
874 4372 1149 4441 dedecus,
1177 4370 1267 4427 vel
1302 4372 1488 4443 magis
1517 4372 1782 4442 exitium,

613 4461 1025 4535 prosperitatis
1059 4461 1335 4516 Romanae
1367 4476 1621 4528 eversor,

610 4551 869 4609 carnifex
900 4548 1126 4622 populi,
1161 4550 1413 4617 daemon,
1447 4555 1504 4605 et
1532 4549 1733 4621 labes;

610 4659 785 4715 aqua,
819 4640 971 4711 igne,
1006 4638 1177 4707 mari,
1208 4639 1428 4711 gladio,
1462 4640 1734 4710 perdens,

609 4732 756 4787 alios
787 4729 1135 4786 tristissima
1168 4733 1296 4801 (pro
1329 4727 1692 4799 miseriam!)

606 4821 753 4877 alios
786 4818 1133 4874 imminutos
1166 4818 1429 4889 corporis
1464 4818 1732 4889 partibus

608 4911 809 4966 sinens
842 4908 1229 4981 ignominiam
1264 4924 1433 4963 suam
1468 4907 1860 4964 circumferre.

615 5002 757 5055 Dum
789 4998 883 5053 hic
913 4997 1118 5065 ignave
1142 4996 1369 5052 desidet
1399 4997 1557 5052 domi

610 5106 747 5145 eoas
778 5087 1160 5143 incursarunt
1193 5086 1525 5157 provincias
1558 5091 1745 5140 Persae
1780 5103 1792 5139 :

610 5178 791 5234 armis
825 5177 1137 5250 pulsarunt
1167 5176 1314 5231 ﬁnes
1344 5176 1740 5247 Cappadocas,

606 5268 946 5323 Galatarum
980 5270 1167 5321 terras
1199 5270 1256 5319 et
1287 5263 1752 5335 Paphlagonum,

607 5376 676 5414 ex
707 5355 1019 5428 C(elesyria
1049 5358 1382 5425 cunctaque
1416 5353 1695 5409 Armenia

613 5447 837 5519 prendas
870 5448 1117 5517 egerunt
1149 5460 1337 5515 usque
1368 5442 1794 5499 Chalcedonam
1835 5459 1848 5497 :

612 5542 738 5593 tum
768 5534 1136 5592 Palmstinam
1170 5538 1228 5589 et
1260 5533 1409 5589 ﬁnes
1437 5532 1765 5589 Phaenicios

683 5720 793 5789 ('25)
824 5719 954 5777 Haec
985 5718 1184 5777 Phocas
1216 5716 1527 5774 verissima
1556 5715 1911 5788 vituperatio
1943 5730 2186 5789 prorsus
2218 5712 2483 5770 infirmat
2512 5711 2688 5767 {idem
2722 5707 3029 5766 laudativa
3063 5705 3473 5780 inscriptionis
3504 5705 3597 5763 his
3626 5704 3799 5763 annis
3826 5704 3883 5761 in
3917 5709 4040 5764 Ro-

2272 498 2327 564 Α
2536 494 2652 551 Ὧδ’
2678 497 3077 575 εἰσπραχθῆναι
3110 505 3261 575 σχεῖν
3291 521 3350 556 τε
3380 505 3555 557 κακῶν
3588 503 3687 572 τήν
3719 503 3889 560 λύσιν.

2527 582 2713 658 Ἔδοξε
2744 590 2877 660 γοῦν
2908 609 2959 642 τι
2991 591 3105 644 κατ’
3139 585 3267 662 ὄναρ
3297 588 3439 645 οὕτω
3474 589 3717 666 βλέπειν,

2532 674 2684 730 Πολύ
2716 696 2767 729 τι
2797 674 3014 745 πλῆθος
3046 684 3287 753 γηγενῶν
3319 679 3643 753 παρεστάναι

2532 759 2795 838 ’Δνδρῶν,
2829 770 3095 839 γυναικῶν
3129 763 3294 821 εἷκὸνι
3325 773 3422 824 τοῦ
3455 765 3752 841 Δεσπότου,

2357 854 2493 909 1270
2532 848 2815 925 Καταϐοᾷν
2843 855 2901 911 τέ
2932 877 3064 933 σφας
3098 858 3322 919 ἄνακτος
3354 858 3445 913 σὺν
3479 861 3634 932 γόοις

2529 942 2707 998 Αὐτοῦ
2738 945 3013 1015 συνόντος,
3049 948 3505 1021 συμπαρεστῶτος
3528 950 3738 1024 τρόμῳ.

2536 1038 2735 1101 Φωνῆς
2761 1033 2808 1087 τ’
2832 1034 3045 1089 ἀκούειν
3079 1034 3291 1099 εἰκόνος
3319 1039 3687 1112 προϊγμένης,

2535 1125 2644 1174 Ποῦ
2669 1125 2774 1175 τῶν
2812 1126 2991 1176 κακῶν
3029 1124 3287 1196 βούλοιτο
3322 1122 3507 1180 δοῦναι
3537 1128 3636 1195 τήν
3673 1124 3830 1197 δίκην

2533 1208 2630 1260 Τὸν
2661 1211 2757 1263 τοῦ
2791 1208 2994 1282 μύσους
3027 1210 3196 1265 αἶ’τιον
3230 1212 3289 1267 ἐκ
3317 1210 3654 1290 φειδωλίαςς

2360 1295 2497 1350 1275
2534 1296 2772 1350 Ἐνταῦθ’
2804 1295 2942 1351 ὅπου
2977 1298 3194 1372 μέτριον
3228 1294 3372 1353 ἔσται
3405 1302 3467 1355 τὸ
3492 1300 3721 1375 τρύχον,

2537 1390 2598 1437 Ἢ
2626 1388 2745 1445 ταῖς
2777 1382 2974 1439 ἐκεῖθεν
3010 1394 3473 1465 παραπεμφθῆναι
3506 1386 3720 1459 δίκαις;

2536 1472 2642 1528 Τὸν
2676 1469 2721 1525 δ’
2753 1470 2860 1527 ὧδε
2892 1475 3053 1549 φάναι
3085 1475 3330 1530 συνιέντα
3354 1481 3451 1531 τοῦ
3484 1476 3653 1552 λόγου
3687 1497 3699 1510 ·

2533 1557 2917 1635 Παραδοθῆναι
2953 1562 3149 1617 λοιπὸν
3178 1570 3346 1634 Φωκᾷ
3378 1565 3699 1640 προσκλύει.

2530 1652 2728 1704 Ὕπνου
2762 1648 2807 1705 δ’
2839 1652 3079 1723 ἀνέντος,
3113 1654 3253 1727 ὕπαρ
3288 1654 3385 1708 οὐκ
3410 1652 3538 1731 ὄναρ
3569 1656 3765 1731 κρίνει,

2358 1740 2495 1794 1280
2532 1742 2624 1791 Ὠν
2658 1735 2816 1806 εἶδεν,
2849 1740 2922 1792 ὧν
2954 1738 3182 1807 ἤκουσεν
3209 1741 3343 1796 εἶναι
3376 1744 3472 1811 τὴν
3504 1742 3624 1798 θέαν

2276 1853 2323 1919 Β
2528 1827 2925 1883 Μετακαλεῖται
2960 1826 3296 1885 Φιλιππικὸν
3330 1829 3421 1885 οὗν
3452 1831 3623 1906 τάχος

2532 1915 2767 1991 Εἶ¹ρκτῆς
2799 1939 2856 1973 τε
2889 1915 3103 1991 δεσμῶν
3134 1924 3242 1974 τῶν
3276 1917 3473 1976 ἇιδίκων
3506 1920 3737 1986 ἐκλύσας

2532 2008 2631 2063 Οἷς
2663 2006 2821 2061 αὐτὸν
2856 2003 3123 2077 ἐξέθλιϐεν
3156 2007 3204 2082 ἐξ
3241 2010 3502 2083 ὑποψίας.

2532 2096 2631 2150 Καὶ
2668 2092 2945 2150 σπένδεταῖ
2976 2118 3033 2170 γε
3062 2097 3151 2151 καὶ
3182 2096 3466 2171 κομίζεται
3500 2098 3654 2155 λύσιν

2359 2186 2496 2241 1285
2533 2184 2816 2256 Ὠνῖαύτὸν
2850 2185 3139 2260 εἰργάσατο
3169 2191 3349 2242 κακῶν
3378 2186 3602 2251 ἀδίκως.

2534 2272 2631 2329 Καὶ
2663 2278 2831 2328 ταῦτα
2865 2274 2960 2347 μὲν
2990 2274 3269 2351 πέπρακτο
3298 2274 3455 2333 τόνδε
3483 2279 3576 2334 τὸν
3601 2278 3827 2355 τρόπον.

2536 2364 2598 2421 Ἢ
2632 2362 2688 2418 δὲ
2720 2364 2943 2439 στρατιά
2972 2368 3299 2421 στασιάσασα
3325 2366 3449 2423 τότε

2537 2459 2733 2508 Φωκᾶν
2767 2454 3126 2530 ἀνηγόρευσαν
3162 2454 3237 2517 εἷς
3274 2456 3502 2529 βασιλέα
3536 2477 3548 2489 ·

2535 2544 2665 2600 Μεθ’
2693 2543 2754 2597 οὗ
2785 2543 2949 2597 πόλιν
2980 2545 3238 2621 φθάνουσι
3262 2547 3361 2615 τὴν
3400 2544 3673 2622 βασιλίδα,

2361 2635 2498 2690 1290
2539 2632 2636 2687 Καὶ
2666 2636 2965 2687 ταινιοῢται
2998 2632 3279 2707 παλάμαις
3312 2635 3613 2710 ἀρχιθύτου
3643 2655 3656 2669 ’

2545 2719 2880 2794 Σπούδασμα
2910 2719 3186 2799 προῦργου
3217 2721 3358 2795 τῶδε
3389 2722 3585 2779 λοιπὸν
3615 2725 3816 2800 γίνεται

2536 2812 2607 2865 Τὸ
2642 2809 2943 2884 Μαυρίκιον
2976 2819 3215 2887 παγγενῆ
3252 2810 3438 2868 δοῦναι
3477 2816 3637 2891 ξίφει.

2537 2900 2696 2957 Ὅθεν
2731 2899 2997 2970 κελεύσει,
3032 2904 3128 2978 φεῦ
3160 2909 3389 2978 φονικῆς
3418 2899 3668 2979 καρδίας,

2542 2994 2710 3044 Φωκᾶ
2739 2991 3002 3063 τυράννου
3029 2988 3189 3046 τοῦδε
3218 2992 3307 3045 καὶ
3340 2991 3715 3069 φαυλεργάτου

2366 3082 2506 3137 1295
2545 3083 2635 3133 Δεῖ
2662 3077 2763 3154 γὰρ
2798 3077 3156 3155 ἐπιτρέχοντα
3187 3077 3367 3135 λιπεῖν
3400 3080 3494 3135 τάν
3540 3082 3710 3154 μέσῳ,

2544 3170 2683 3239 Γυνή
2717 3189 2775 3223 τε
2805 3165 2993 3231 παῖδες
3023 3167 3389 3243 έκθερίζονται
3422 3170 3584 3248 ξίφει,

2541 3262 2647 3313 Τοῦ
2680 3257 2991 3333 Μαυρικίου
3022 3258 3405 3333 συμπαρόντος
3434 3256 3762 3334 δρωμένοις,

2543 3347 2640 3401 Καὶ
2670 3346 2762 3401 τὰς
2796 3346 3001 3421 σφαγὰς
3032 3349 3294 3425 φέροντος
3326 3346 3787 3425 ἀνδρειοφρόνως,

2541 3435 2643 3492 Καὶ
2669 3433 2838 3490 τῶνδε
2868 3437 3030 3511 χάριν
3060 3441 3140 3507 τῷ
3171 3441 3287 3508 Θεῷ
3318 3435 3656 3499 κατειδότος.

2367 3528 2504 3583 1300
2542 3526 2755 3588 Καύτὸς
2781 3524 2940 3586 τέλος
2971 3527 3218 3595 τέθνηκεν
3252 3524 3425 3598 ἀδίκῳ
3455 3526 3650 3602 κρίσει.

2542 3615 2711 3675 Οὗτος
2742 3616 3146 3688 τεσσαράκοντα
3178 3620 3411 3689 Χριστοῦ
3447 3618 3735 3692 μαρτύρων

2546 3704 2692 3757 Νεὼν
2724 3701 2930 3758 τελειοῖ
2961 3702 3255 3781 φαιδρύνας
3292 3706 3423 3779 ὑπὲρ
3459 3704 3579 3760 λίαν

2547 3791 2689 3867 Πρὸς
2718 3786 2969 3867 Τιϐερίου
2998 3790 3224 3854 κτίσεως
3257 3793 3382 3866 πρὶν
3417 3792 3722 3867 ἠργμένης.

2282 3223 2324 3291 C

2691 3908 2926 3964 ΦΩΚΑΣ
2968 3909 3011 3965 Ο
3061 3912 3417 3963 ΤΥΡΑΝΝΟΣ
3466 3910 3580 3965 ET.
3624 3909 3701 3964 H'.

2554 4011 2752 4069 Φωκᾶς
2778 4010 3031 4079 τυραννεῖ
3057 4009 3153 4060 τοῦ
3189 4004 3469 4080 βασιλείου
3499 4003 3750 4081 κράτους,

2372 4097 2512 4154 1305
2548 4095 2716 4167 Ἀνήρ
2749 4095 2996 4171 ἀποφρὰς
3029 4094 3345 4169 αἱμοχαρὴς
3377 4092 3594 4168 καρδία,

2548 4184 2824 4259 Τύραννος
2854 4182 3006 4255 ὠμὸς
3035 4183 3125 4237 καὶ
3157 4182 3489 4257 φιλαίματος
3517 4181 3686 4253 κύων,

2550 4272 2964 4345 Γυναικομανής
2996 4271 3084 4326 καὶ
3114 4271 3363 4349 φίλοινος
3393 4272 3481 4326 καὶ
3516 4271 3715 4342 πότης,

2548 4361 2867 4437 Αύταρχίας
2899 4358 3108 4423 ὄνειδος
3140 4361 3175 4430 ἢ
3211 4360 3423 4433 μᾶλλον
3454 4359 3629 4434 λύμη,

2548 4455 2668 4510 Τῶν
2697 4453 3019 4523 Ῥωμαϊκῶν
3050 4451 3349 4528 ἀφανιστής
3380 4450 3741 4526 πραγμάτων,

2379 4547 2520 4603 1310
2556 4541 2840 4610 Ὑπηκόων
2876 4538 3103 4613 δήμιος,
3136 4539 3416 4615 ἀλάστωρ,
3450 4538 3673 4617 φθορὰς,

2551 4634 2574 4652 υ
2910 4629 2924 4651 ‘
3055 4630 3068 4648 ε
3221 4627 3243 4647 ν
3446 4629 3459 4647 \
3525 4628 3535 4649 Ι

2577 4628 2766 4697 Υδατι,
2796 4650 2950 4701 πυρι,
2982 4650 3070 4684 και
3105 4629 3348 4703 θαλασσῃ
3376 4650 3462 4683 και
3489 4629 3626 4707 ξιφει

2561 4719 2821 4779 Οἴκτιστα
2844 4718 2971 4781 τοὺς
3004 4721 3098 4791 μὲν
3133 4716 3403 4788 ἐκδιδοὺς,
3438 4722 3535 4796 φεῦ
3563 4722 3665 4774 τοῦ
3690 4719 3918 4781 πάθους.

2550 4814 2671 4866 Τῶν
2702 4807 2744 4864 δ’
2779 4809 2844 4863 αὖ
2880 4808 3047 4881 μέλος
3085 4810 3251 4883 μέρος
3282 4828 3333 4862 τι
3367 4808 3621 4881 σώματος
3654 4809 3886 4882 τέμνων,

2552 4904 2894 4976 Περινοστεῖν
2931 4893 3143 4961 ὄνειδος
3174 4896 3256 4952 ε’ία
3284 4901 3363 4968 τῷ
3400 4897 3505 4970 βίῳ
3535 4900 3670 4971 (23).

2376 4992 2515 5049 1315
2554 4989 2632 5045 Οὔ
2666 4988 2902 5065 ῥᾳθυμίᾳ
2932 4991 3152 5061 συνεχεῖ
3179 4987 3226 5040 τ’
3258 4985 3511 5061 οἰκουρίᾳ

2551 5080 2696 5135 Ἐῶα
2724 5076 2923 5151 Πέρσαι
2953 5073 3293 5150 κατέδραμον
3327 5073 3530 5149 χωρία,

2292 4597 2339 4663 D

2554 5166 2825 5235 Ἐπῆλθον
2860 5164 3057 5228 ὅπλοις
3090 5162 3483 5225 Καππαδοκίας
3516 5166 3690 5239 ὅροις,

2552 5258 2649 5311 Καὶ
2686 5254 2949 5316 Γαλατίας
2974 5257 3061 5309 καὶ
3099 5252 3473 5331 Παφλαγόνων
3504 5254 3721 5325 τόποις,

2554 5343 2767 5417 Κοίλης
2803 5345 3030 5420 Συρίας,
3060 5351 3160 5414 τῆς
3185 5342 3325 5414 ὅλης
3356 5343 3665 5417 Ἀρμενίας,

2377 5440 2518 5495 1320
2557 5432 2967 5505 Λεηλατοῦντες
2990 5433 3079 5488 καὶ
3116 5434 3285 5508 μέχρι
3322 5431 3711 5503 Χαλκηδόνος,

2558 5522 2925 5595 Παλαιστίνην
2956 5520 3013 5579 δὲ
3042 5524 3133 5579 καὶ
3154 5522 3357 5585 τόπους
3384 5521 3485 5589 τῆς
3515 5521 3780 5592 Φοινίκης
