4208 6430
138 333 190 386 61

299 457 442 516 Τοῖς
478 455 563 531 ὑφ’
593 454 817 518 ἑαυτοὺς
850 457 1134 527 συνὲταεαν
1170 458 1424 534 χωρίοις.

299 545 382 599 Τὸ
420 541 470 596 δ’
503 539 750 618 ’Λόάρων
785 546 1091 619 στράτευμα
1116 546 1279 601 πάλιν
1315 548 1366 602 ἐν
1393 546 1537 602 δύσει

295 632 503 703 Χώρας
537 629 755 695 δυτικάς
793 635 1068 707 κατέκειρε
1097 634 1188 688 καὶ
1220 635 1430 698 πόλεις.

142 721 264 774 1325
302 720 366 775 Ἡ
405 722 632 794 στρατιά
663 719 708 775 δ’
740 720 970 796 ἔφθαρτο
999 723 1288 796 Ῥωμαίων
1327 725 1529 799 μάχαις

306 809 528 881 ⁶Χοιμός
555 829 611 864 τε
637 808 803 882 λιμὸς
833 813 1121 887 κατέτρεχε
1149 815 1244 874 τάς
1278 812 1468 874 πόλεις

301 897 571 972 Ἀμετρία
601 899 802 973 κρύους
829 920 888 954 τε
918 902 1004 954 καὶ
1040 905 1252 970 κτηνῶν
1287 902 1490 978 φθίσις,

299 987 461 1040 Κακά
491 985 761 1063 διωλύγια
790 990 1018 1044 ποικίλα
1047 994 1218 1060 πάθη.

297 1075 369 1128 Τὸ
403 1077 528 1130 κατ’
552 1077 896 1152 ’Δντιόχειαν
932 1075 978 1132 δ’
1008 1073 1276 1152 Ἑϐραίων
1307 1079 1476 1155 φῦλον

138 1162 260 1216 1330
301 1165 507 1218 Στάσιν
540 1169 748 1219 κινοῦσι
780 1167 870 1219 καὶ
905 1168 1088 1240 μάχην
1125 1168 1562 1240 Χριστωνύμοις,

298 1252 411 1306 Καὶ
450 1249 617 1327 δρῶσι
651 1253 899 1316 πολλοὺς
932 1251 1164 1309 εὐσεϐῶν
1198 1254 1354 1329 ἔργον
1385 1259 1598 1333 ξίφουςο

295 1341 434 1394 Μεθ’
460 1342 535 1394 ὧν
564 1343 907 1397 Ἀναστάσιον
941 1343 1109 1407 αὐτῆς
1134 1345 1393 1416 ποιμένα,

293 1432 400 1483 Καὶ
435 1431 622 1506 νεκρὸν
655 1431 826 1486 αὐτοῦ
851 1437 932 1503 τῷ
963 1431 1092 1508 πυρὶ
1129 1430 1444 1495 δεδωκότες.

297 1516 468 1572 Οὕτω
497 1523 678 1573 κακῶν
709 1541 791 1580 τις
825 1519 969 1582 ἱλιάς
1001 1519 1154 1576 πάντ’
1185 1521 1420 1590 ἐκλόνει,

139 1605 260 1660 1335
297 1604 404 1660 Καὶ
441 1609 697 1678 κυμάτων
729 1607 976 1683 σύρροια,
1006 1609 1248 1680 καθάπαξ
1281 1612 1463 1688 φάναι,

299 1692 529 1767 Λαῖλάψ
557 1716 615 1749 τε
647 1693 795 1765 δεινή
828 1697 916 1751 καὶ
947 1700 1192 1772 καταιγὶς
1221 1701 1308 1754 καὶ
1344 1700 1479 1770 ζάλη

297 1782 403 1837 Καὶ
434 1784 698 1857 τρικυμία
730 1784 1048 1857 πνευμάτων
1082 1787 1382 1842 ἀντιπνόων

297 1870 679 1947 Ἐ’ριλονίκουν
710 1877 794 1944 τῷ
829 1875 978 1949 βυθῷ
1008 1873 1301 1930 καταδόσαι

293 1961 618 2035 Αὐταρχίας
651 1959 858 2016 ὁλκάδα
889 1970 985 2032 τῆς
1017 1963 1343 2037 ἐγκοσμίου,

140 2049 258 2102 1340
296 2049 598 2124 Ναύαρχον
633 2050 734 2105 οὐκ
764 2048 995 2125 ἔχουσαν
1030 2053 1442 2131 οἰακοστρόφον.

295 2138 462 2194 Οὕτω
494 2143 676 2204 κακῶς
705 2141 1014 2215 πάσχοντος
1047 2143 1299 2198 Αὐσόνων
1330 2147 1559 2214 κράτους

298 2229 628 2303 Στρατηγὸς
657 2229 975 2303 Ἡράκλειος
1011 2232 1274 2307 Ἀφρικῆς
1305 2231 1428 2287 τότε

298 2314 502 2388 Στόλῳ
530 2315 855 2380 πεπλευκὼς
890 2319 964 2382 είς
997 2318 1252 2394 βασιλίδα
1281 2318 1444 2376 πόλιν

296 2406 543 2474 ’Ήττησε
575 2411 773 2460 Φωκᾶν
804 2409 1144 2479 συμπλακεὶς
1176 2408 1305 2480 τῷδ’
1340 2410 1418 2472 εἷς
1451 2412 1661 2487 μάχην,

142 2493 262 2549 1345
300 2493 400 2547 Καὶ
433 2491 593 2549 τόνδε
622 2496 831 2558 κτείνας
866 2493 1280 2572 παραλαμϐάνει
1310 2500 1372 2554 τὸ
1401 2499 1619 2574 κράτος*

584 2631 992 2686 ΗΡΑΚΛΕΙΟΣ
1033 2632 1139 2688 ET.
1185 2639 1225 2686 Λ
1236 2633 1312 2690 Α’.

295 2747 470 2796 Φωκᾶ
506 2745 821 2819 φθαρέντος,
856 2746 931 2808 ὡς
963 2743 1122 2820 ἔφην,
1156 2747 1505 2824 αὐτοκράτωρ

293 2831 623 2905 Ἡράκλειος
647 2835 886 2908 πέφηνεν
919 2835 1167 2908 ἀριστεὺς
1193 2835 1355 2912 μέγας

291 2920 510 2985 ’Ἄλλος
539 2943 620 2985 τις
654 2917 824 2988 ὅντως
853 2923 1130 2999 Ἡρακλῆς
1163 2927 1296 2979 κατά
1327 2925 1535 2999 σοὲνος,

295 3011 373 3068 Οὐ
402 3011 612 3086 θηρίων
643 3019 748 3087 γῆν
781 3011 1110 3088 ἐκκαθαίρων
1146 3013 1359 3090 ἀλόγων

147 3099 264 3155 1350
301 3097 415 3156 Οὐδ
449 3099 770 3176 Εὐρυσθέως
801 3108 1135 3176 προσταγαῖς
1170 3101 1326 3158 είόιων
1365 3103 1475 3180 βίᾳ,

297 3188 463 3244 Ἀλλ’
496 3187 814 3245 ἀπελαύνων
841 3189 1114 3246 ἐκδιώκων
1153 3193 1418 3268 μακρόθεν

297 3277 502 3354 Πόρῥω
532 3299 590 3333 τε
613 3279 781 3343 τιθεὶς
803 3287 904 3356 γῆς
938 3280 1075 3351 ὅλης
1103 3280 1410 3354 Ῥωμαίδος

298 3371 540 3440 Χριστο]
573 3365 798 3442 δυνάμει
829 3373 1094 3444 οταυρικῇ
1133 3371 1432 3447 παντευχίᾳ

296 3461 383 3516 Ὡς
417 3458 593 3530 θῆρας
623 3454 830 3520 ἄλλους
857 3459 1078 3534 ἀγρίους
1111 3460 1476 3536 φιλαιμάτους

156 3544 271 3599 1355
307 3545 377 3600 Ἥ
411 3544 793 3619 παλαμναίους
824 3547 913 3602 καὶ
949 3550 1163 3625 θρασεῖς
1194 3549 1353 3612 κύνας
1387 3549 1608 3621 λύκους,

305 3634 522 3708 Ηὲρσας
551 3633 785 3698 ἀναιδεῖς
824 3636 1092 3713 ἁρπαγαῖς
1117 3639 1512 3714 κεχρημένους.

305 3723 404 3786 “Ος
438 3723 515 3778 ὢν
550 3725 848 3800 στρατηγὸς
891 3727 1300 3804 καρτερόψυχος
1338 3728 1540 3805 μάχαις

308 3813 404 3866 Καὶ
444 3813 771 3884 ζηλοτυπῶν
800 3818 1042 3890 πατρίων
1075 3819 1243 3891 νόμον
1278 3819 1438 3894 χάριν

307 3903 518 3968 Κλέους
546 3928 604 3962 τε
629 3911 726 3962 τοῖ’)
751 3908 874 3984 πρὶν
908 3908 1166 3964 Αὐσόνων
1206 3911 1542 3987 κραταρχίας

159 3993 273 4049 1360
311 3993 570 4058 Πολλοὺς
603 3995 835 4059 ἀνατλὰς
865 4001 952 4053 καὶ
991 3999 1260 4076 μεγάλους
1290 3997 1598 4071 κινδύνους,

311 4085 654 4160 Ὑπερμαχεῖ
685 4085 958 4143 κάλλιστα
985 4088 1272 4161 Ῥωμαίων
1303 4085 1444 4162 όρων

311 4173 404 4238 Εἷς
439 4175 673 4237 πίστεως
704 4176 951 4231 σ3στασιν
985 4173 1418 4255 εὐσεϐυφρόνων,

309 4263 404 4326 Εἷς
441 4265 736 4340 ἀντέρεισιν
769 4267 974 4341 εὐαγῶν
1008 4272 1249 4342 Χριστοῦ
1278 4266 1464 4340 νόμων

1650 342 2019 396 ΟΕΒΑΒΕΒ.

1811 463 1866 529 Α
1894 461 1952 517 in
1988 460 2346 532 provinciam
2378 459 2667 515 Persicam
2702 456 3071 526 redegerunt.

1897 555 1969 605 At
1999 550 2057 603 in
2084 549 2382 604 occidente
2410 547 2734 602 Abarorum
2766 542 3053 598 exercitus

1894 643 2078 692 terras
2105 642 2278 708 atque
2310 637 2484 691 urbes
2519 633 2928 706 populabatur.

1895 727 2170 782 Romanae
2194 725 2345 779 vires
2380 725 2593 795 proeliis
2621 727 2760 778 sunt
2791 720 3013 776 accisae.

1894 815 2065 870 urbes
2097 815 2303 870 afflixit
2333 813 2516 867 fames
2547 827 2678 867 cum
2714 806 3068 882 pestilentia,

1893 904 1977 958 vis
2012 903 2194 958 nimia
2224 903 2455 973 frigoris
2487 901 2966 970 etjumentorum
3002 895 3148 959 lues,

1895 992 2181 1048 malorum
2215 991 2425 1047 cohors
2454 990 2744 1045 immensa
2773 991 2830 1042 et
2863 981 3259 1040 multiformis.

1890 1082 2038 1136 Tum
2070 1081 2246 1136 etiam
2278 1079 2594 1134 Antiochiae
2634 1075 2920 1132 Judaicus
2953 1071 3204 1143 populus

1893 1171 2172 1225 seditiosa
2205 1185 2401 1241 pugna
2433 1167 2797 1222 Christianos
2830 1160 3095 1235 appetiit,

1895 1258 2329 1328 permultasque
2361 1257 2590 1328 piorum
2622 1255 2773 1308 vitas
2804 1251 2994 1324 gladio
3030 1247 3314 1315 messuit;

1895 1347 1950 1400 in
1985 1346 2077 1400 his
2110 1350 2398 1417 pastorem
2434 1345 2598 1400 urbis
2630 1341 3031 1407 Anastasium,

1893 1437 2062 1505 cujus
2093 1435 2267 1490 etiam
2301 1434 2542 1490 cadaver
2573 1431 2691 1504 igni
2726 1429 2982 1486 tradidit.

1892 1523 1984 1579 Sic
2018 1523 2306 1578 malorum
2342 1522 2469 1576 ilias
2503 1521 2806 1592 quatiebat
2837 1516 3052 1580 omnia,

1893 1629 2132 1683 prorsus
2162 1610 2338 1666 veluti
2371 1610 2608 1682 quidam
2644 1623 2966 1665 concursus
2999 1605 3306 1670 fluctuum,

1891 1701 2088 1769 turbo,
2123 1700 2396 1772 procella,
2431 1698 2611 1754 maris
2644 1696 2932 1761 aestuatio,

1891 1791 2084 1862 gravis
2115 1794 2432 1861 tempestas
2466 1793 2708 1843 natuum
2743 1783 3234 1849 adversariorum,

1893 1879 2197 1934 certabant
2228 1877 2516 1949 profundo
2551 1892 2808 1944 mergere

1890 1967 2172 2022 mundani
2207 1966 2434 2039 imperii
2479 1965 2774 2037 navigium

1890 2055 2179 2112 navarcho
2209 2056 2556 2110 destitutum
2590 2053 2689 2125 qui
2724 2051 2952 2107 clavum
2986 2052 3227 2120 regeret.

1889 2147 2034 2201 Cum
2077 2162 2167 2201 res
2199 2146 2472 2200 Romanae
2503 2144 2582 2198 ita
2612 2143 2960 2205 laborarent,

1889 2235 2091 2290 Africae
2124 2251 2226 2307 per
2250 2234 2308 2289 id
2340 2239 2571 2305 tempus
2604 2234 2720 2287 dux
2753 2228 3053 2286 Heraclius

1889 2329 2172 2379 armatam
2207 2325 2452 2379 classem
2486 2321 2786 2394 appellens
2819 2320 2889 2374 ad
2927 2318 3130 2372 urbem
3162 2313 3409 2386 regiam,

1890 2415 2142 2468 Phocam
2175 2419 2443 2468 conserto
2473 2410 2669 2482 prcelio
2700 2406 3046 2472 debellavit;

1891 2519 2005 2573 quo
2037 2502 2250 2572 occiso,
2285 2501 2397 2556 sibi
2431 2499 2743 2572 imperium
2777 2495 3109 2552 vindicavit.

2305 2634 2708 2691 HERACLIUS
2749 2632 2858 2687 AN.
2900 2630 3096 2686 XXXI.

1892 2754 2078 2812 Phoca
2116 2751 2365 2816 sublato,
2400 2754 2459 2806 ut
2490 2749 2629 2818 dixi,
2662 2748 2982 2820 imperator

1891 2842 2172 2916 processit
2204 2839 2505 2896 Heraclius
2538 2839 2746 2909 ingens
2777 2836 2950 2891 heros

1891 2934 2037 2990 alter
2067 2947 2270 3004 reapse
2300 2929 2577 2986 Hercules
2609 2931 2843 2999 propter
2872 2925 3022 2981 vires
3055 2939 3068 2978 :

1891 3039 1995 3078 nec
2028 3038 2160 3077 vero
2189 3026 2402 3075 terram
2436 3033 2694 3090 purgans
2729 3014 2916 3071 brutis
2944 3012 3175 3080 belluis,

1890 3126 2077 3183 neque
2099 3107 2409 3181 Eurysthei
2445 3107 2724 3162 mandata
2758 3107 2994 3160 coactus
3028 3100 3268 3168 faciens,

1805 3197 1848 3265 (ζ’.
1888 3216 2088 3256 verum
2129 3196 2425 3268 expellens
2456 3194 2911 3267 longissimeque
2944 3206 3302 3264 persequens

1895 3288 2290 3358 Romanisque
2321 3284 2535 3340 ﬁnibus
2570 3283 2769 3356 procul
2811 3282 3183 3348 submovens,

1897 3377 2111 3434 Christi
2142 3377 2353 3432 virtute
2386 3374 2692 3446 crucisque
2726 3371 3022 3444 panoplia.
3065 3428 3080 3445 ,

1898 3469 2049 3523 feras
2080 3467 2226 3522 alias
2257 3482 2438 3521 saevas
2469 3468 2526 3520 et
2557 3460 2969 3535 sanguinariae

1899 3558 2177 3628 dirosque
2209 3555 2378 3626 lupos
2410 3558 2583 3626 atque
2615 3567 2788 3607 canes
2819 3549 3077 3618 rabidos,

1900 3646 2232 3719 impudicos
2267 3660 2474 3715 nempe
2506 3642 2710 3698 Persas
2742 3658 2807 3696 ac
2833 3640 3181 3710 direptores.

1901 3737 2002 3792 Hic
2035 3751 2167 3791 cum
2199 3735 2316 3790 dux
2348 3739 2500 3789 esset
2531 3733 2589 3786 in
2622 3729 2837 3803 prazliis
2873 3733 3149 3784 strenuus

1900 3833 1957 3882 et
1989 3825 2308 3896 patriarum
2339 3823 2538 3893 legum
2571 3835 2767 3876 amore
2799 3820 3075 3889 ﬂagrans,

1901 3915 2043 3971 dum
2073 3919 2325 3969 veterem
2359 3911 2586 3983 imperii
2620 3910 2863 3984 gloriam
2897 3908 3126 3963 revocat

1903 4004 2105 4060 multis
2139 4001 2487 4075 magnisque
2518 3999 2810 4071 implicuit
2838 4013 2898 4055 se
2930 3994 3227 4070 periculis.

1905 4095 2051 4149 ﬁnes
2080 4091 2322 4147 Romani
2358 4090 2517 4146 orbis
2550 4088 2800 4161 protexit
2830 4091 3088 4150 strenue,

1904 4181 2359 4238 orthodoxorum
2393 4180 2671 4250 dogmata
2700 4174 3089 4242 conﬁrmavit,

1907 4287 2010 4342 pro
2043 4271 2264 4327 sanctis
2285 4269 2498 4326 Christi
2528 4268 2757 4340 legibus
2788 4282 2952 4321 arma
2981 4263 3177 4331 movit,

154 4439 301 4482 mano
333 4428 460 4483 foro
491 4428 727 4485 detecta:
759 4430 868 4486 sub
901 4429 1178 4486 columna
1211 4430 1416 4487 honori
1449 4432 1576 4503 ejus
1606 4431 1907 4505 regnantis
1934 4432 2005 4488 ab
2037 4434 2400 4489 assentatore
2431 4430 2646 4500 dicata,
2673 4445 2798 4501 qua:
2828 4431 2917 4485 est
2946 4424 3290 4498 hujusmodi
3322 4441 3335 4482 :

1200 4597 1229 4657 ’τ
1265 4592 1502 4648 np'rIMO
1542 4593 1959 4660 CLEMENTIS,
1993 4593 2492 4657 FELICISSIMOQVE

1177 4664 1487 4720 PRINCIPI
1527 4665 1802 4720 DOMINO
1844 4683 1898 4720 Ν.
1942 4682 2116 4721 FOCAE
2153 4667 2506 4720 IMPERATORI

1045 4736 1410 4792 PERPhTVO
1447 4739 1492 4791 A
1533 4737 1626 4792 DO
1666 4737 2049 4793 CORONATO
2089 4736 2642 4794 TRIVMPHATORI

1515 4809 1802 4864 SEMPER
1839 4809 2159 4865 AUGVSTO

1079 4877 1516 4935 SMARAGDVS
1559 4879 1648 4935 EX
1693 4881 2030 4936 PRAEPOS.
2073 4879 2277 4936 SACRI
2310 4879 2600 4935 PALATII

1153 4951 1244 5006 AC
1284 4951 1658 5006 PATRICIVS
1701 4953 1789 5006 ET
1829 4952 2191 5010 EXMICHVS
2235 4951 2526 5007 ITALIAE

1327 5022 1654 5077 DEVOTVS
1695 5024 1859 5079 EIVS
1903 5024 2357 5080 CLEMENTIAE

1137 5095 1271 5150 PRO
1311 5094 1971 5151 INNVMERABILIBVS
2017 5097 2342 5151 PIETATIS
2385 5096 2540 5150 EIVS

1359 5166 1758 5225 BENEFICIIS
1794 5169 1882 5223 ΕΤ
1923 5170 2057 5225 PRO
2093 5168 2332 5232 QVIETE

1016 5236 1428 5294 PROCVBATA
1473 5239 1648 5293 ITAL.
1691 5240 1773 5293 AC
1812 5240 2233 5295 CONSERVATA
2271 5237 2677 5293 LIBERTATE

1324 5310 1518 5365 HANC
1553 5311 1834 5366 STATVAM
1877 5312 2151 5367 PIETATIS
2193 5311 2351 5365 EIVS

1251 5382 1428 5438 AVRI
1463 5381 1856 5438 SPLENDom-z
1893 5385 2215 5439 MICANTEM
2257 5381 2426 5437 HVIC

1216 5453 1512 5509 SVBLIMI
1556 5454 1914 5510 COLVMNAE
1955 5473 2028 5511 AD
2071 5452 2457 5511 PERENNEM

1075 5524 1299 5582 IPSIVS
1335 5525 1649 5581 GLORIAM
1693 5527 2030 5583 IMPOSVIT
2073 5531 2159 5582 AC
2200 5524 2604 5581 DEDICAVIT.

1060 5596 1178 5654 DIE
1224 5598 1450 5652 PRIMA
1500 5598 1758 5654 MENSIS
1800 5599 2099 5655 AUGVST.
2147 5598 2402 5653 INDICT.
2443 5596 2610 5651 VND.

1233 5670 1336 5726 ΟΡ.
1382 5670 1710 5726 PIETATIS
1747 5671 1902 5729 EISV
1936 5671 2132 5730 ANNO
2176 5668 2443 5735 QVINTO
