4208 6430
598 390 669 445 63
1806 381 2178 436 EPHRBHII
2223 379 2791 445 CHBONOGRAPHI
3925 388 3998 444 64

600 529 822 587 proque
851 509 1168 567 dilatandis
1198 508 1373 564 etiam
1406 505 1636 577 imperii
1671 505 1914 576 finibus,

2265 503 2323 572 Α
2529 509 2626 572 Εῗς
2655 533 2712 567 τε
2741 512 3060 587 πλατυσμὸν
3091 515 3192 568 τοῦ
3216 512 3446 587 κράτους
3478 511 3905 587 σχοινισμάτων,

599 620 838 675 prorsus
872 605 936 657 ut
967 617 1090 657 rem
1118 599 1443 654 Romanam
1477 596 1833 651 restitueret.

2351 599 2490 654 1365
2529 599 2823 657 Ἐπάνοδόν
2855 624 2913 657 τε
2942 604 3262 675 Ῥωμαϊκῶν
3294 601 3648 674 πραγμάτων.

596 696 759 747 Tunc
793 697 988 747 autem
1020 687 1274 744 Persidis
1307 690 1612 756 regnatore
1637 685 1923 741 Chrosroe

1873 701 1923 741 )e
2525 688 2936 759 Λεηλατοῦντος
2963 713 3061 760 την
3073 695 3259 745 ικαῦτα
3289 689 3535 765 Χοσρόου

595 797 730 838 eoas
764 780 982 852 ubique
1009 783 1195 833 terras
1222 775 1615 846 depraedante,

2525 783 2741 852 Περσῶν
2773 779 3084 855 κρατάρχου
3113 782 3287 833 πάντα
3305 785 3404 848 τῆς
3435 781 3551 835 Ἕω
3587 781 3748 851 μέρη,

595 870 743 925 lines
774 883 1006 940 quoque
1037 866 1343 921 invadente
1376 863 1731 932 Palaestinos,

2527 866 2978 941 Καταδραμόντος
3009 871 3098 923 καὶ
3130 867 3499 938 Παλαιστίνης
3536 866 3718 939 ὅρους,

593 959 676 1014 ita
709 964 770 1013 ut
801 955 1144 1028 Theopolim
1175 955 1364 1026 ipsam
1395 953 1629 1007 Sionem
1663 953 1916 1024 ceperit;

2523 960 2655 1010 Θεοῦ
2680 957 2842 1011 πόλιν
2873 979 2930 1012 τε
2958 960 3058 1025 τήν
3093 959 3235 1011 Σιὼν
3267 957 3578 1025 ἡλωκότος,

592 1046 1076 1104 Christicolarum
1105 1043 1281 1117 periit
1311 1042 1638 1097 immensus
1671 1056 1952 1096 numerus

2347 1043 2484 1099 1370
2521 1045 2923 1116 Χριστωνύμων
2956 1041 3187 1121 ἔφθαρτο
3218 1042 3431 1113 πλήθος
3477 1043 3671 1117 μυρίον

593 1135 778 1190 millia
809 1135 1116 1190 hominum
1151 1131 1376 1187 scilicet
1406 1131 1764 1200 nonaginta;

2521 1133 2606 1193 Ές
2633 1131 2912 1208 μυριάδων
2941 1133 3089 1188 ἐννέα
3118 1135 3491 1206 ποσουμένωψ

590 1224 806 1295 partim
840 1224 898 1279 in
930 1224 1058 1296 ipso
1092 1220 1286 1293 praelio
1319 1218 1532 1291 gladiis
1564 1235 1735 1288 caesa,

2519 1223 2588 1275 Τὸ
2623 1223 2716 1294 μὲν
2751 1224 2988 1294 θερισοὲν
3021 1221 3192 1277 τῶνδε
3222 1223 3358 1296 πρὸς
3392 1225 3546 1296 μάχῃ
3580 1221 3741 1298 ξίφει,

591 1314 806 1386 partim
839 1312 967 1368 dolo
999 1311 1374 1366 Hebraeorum
1418 1308 1815 1379 pessumdata.

2516 1311 2590 1365 Τὸ
2624 1309 2669 1365 δ’
2701 1312 2765 1365 αὖ
2797 1313 3048 1388 φονευθέν
3073 1307 3335 1386 Ἐϐραίων
3367 1311 3684 1385 κακουργίᾳ.

589 1404 811 1473 Quippe
843 1401 901 1456 hi
935 1399 1193 1470 captivos
1229 1397 1631 1452 fraudulenter
1664 1400 1914 1466 emptos,

2517 1400 2831 1472 Ὠνοῦμενοι
2859 1401 2958 1476 γάρ
2991 1399 3387 1475 αἰχμαλώτους
3422 1399 3740 1474 δυστρόπως

588 1492 749 1546 tenui
779 1506 1027 1562 repensa
1059 1487 1331 1544 Barbarie
1363 1485 1636 1556 pecunia,

2336 1488 2478 1545 4375
2517 1494 2725 1564 Μικρᾶς
2763 1497 2932 1562 τιμῆς
2965 1488 3114 1545 οὗτοί
3143 1510 3202 1564 γε
3232 1489 3368 1564 πρὸς
3398 1493 3505 1542 τῶν
3540 1482 3836 1561 Βαρϐάρων

586 1578 851 1648 protinus
883 1577 1115 1648 gladiis,
1152 1593 1254 1646 pro
1287 1574 1489 1630 dolor!
1525 1572 1934 1628 conficiebant.

2513 1579 2748 1653 Ὑπῆγον
2783 1578 2938 1642 εὐθὺς
2966 1583 3034 1652 τῇ
3064 1582 3210 1651 τομῇ
3244 1583 3340 1655 φεῦ
3371 1582 3467 1631 τοῦ
3500 1577 3702 1654 ξίφους.

587 1667 826 1723 Barbari
854 1666 1048 1722 Sionis
1081 1669 1374 1736 pastorem
1408 1678 1759 1733 sacrumque
1789 1661 2017 1733 lignum

1892 1677 2017 1716 ium
2513 1668 2713 1740 Πέρσαι
2745 1665 2802 1721 δὲ
2831 1667 2971 1720 Σιὼν
3004 1668 3241 1740 ποιμένα
3272 1668 3390 1720 θεῖα
3421 1665 3554 1737 ξύλα

584 1757 643 1812 in
688 1756 985 1812 Persidem
1020 1755 1392 1809 abduxerunt
1422 1752 1673 1824 patriam
1706 1768 1896 1806 suam.

2513 1757 2602 1816 Ἐς
2637 1753 2850 1829 Περσίδ’
2883 1757 3164 1831 ἀπήγαγον
3195 1756 3375 1810 αὐτῶν
3422 1751 3678 1828 πατρίδα.

585 1851 717 1901 Asse
743 1845 1064 1916 imperator
1093 1841 1338 1898 audiens
1369 1841 1714 1912 angebatur,

2259 1870 2308 1935 B
2517 1845 2683 1907 Ταῦθ’
2714 1845 2740 1897 ὁ
2771 1848 2983 1919 κρατῶν
3015 1843 3179 1919 γνοὺς
3208 1842 3570 1919 πυρπολεῖται
3600 1839 3847 1915 καρδίαν.

586 1950 796 2005 nempe
829 1932 1086 1988 militum
1121 1946 1365 1985 numero
1400 1931 1672 2001 pauciore
1703 1928 2051 1996 instructus,

2259 1928 2302 1935 —
2341 1935 2480 1990 1380
2519 1932 2822 2008 Στράτευμ’
2853 1935 3115 2009 ἀποχρῶν
3150 1931 3421 2006 μηδαμῶς
3453 1932 3813 2003 κεκτημένος,

587 2023 727 2078 item
769 2021 1029 2094 pecunia:
1061 2018 1276 2074 auxilio
1310 2019 1650 2085 destitutus,

2513 2019 2657 2092 Μηδ⁹
2688 2019 2752 2075 αὖ
2786 2019 3028 2092 δαπάνην
3063 2022 3368 2097 χρημάτων
3401 2019 3678 2093 ἀναλόγων

588 2111 905 2181 quominus
937 2109 1166 2165 hostem
1189 2108 1504 2163 barbarum
1539 2106 1933 2179 propulsaret.

2511 2109 2607 2172 Εἷς
2638 2109 3078 2183 ἀντιπαλάμησιν
3113 2109 3323 2184 ἐχθρῶν
3356 2106 3677 2185 Βαρϐάρων.

589 2206 719 2256 Mox
746 2204 943 2254 tamen
978 2214 1116 2269 opes
1145 2215 1219 2251 nu
1232 2212 1640 2266 merosumque
1659 2197 1978 2251 exercitum

2509 2202 2704 2272 ’Ὀμως
2740 2197 2796 2253 δὲ
2824 2199 2913 2253 καὶ
2945 2201 3208 2273 χρήματα
3237 2197 3326 2252 καὶ
3358 2203 3590 2272 στρατοῦ
3622 2197 3807 2276 στίφος

588 2304 1008 2360 armorumque
1037 2292 1383 2358 apparatum
1417 2290 1549 2357 apte
1575 2285 1897 2351 instruens,

2512 2287 2608 2343 Καὶ
2640 2287 2706 2341 τά
2737 2288 2874 2362 πρὸς
2903 2285 3177 2359 ἐξόπλισιν
3210 2287 3266 2340 εὗ
3297 2285 3619 2362 ἀπαρτίσας,

587 2379 834 2451 pecunia
863 2394 892 2433 e
923 2377 1161 2450 templis
1189 2381 1456 2432 mutuala
1485 2379 1692 2449 gratis,

2333 2380 2472 2436 1385
2510 2379 2592 2434 Τὰ
2627 2378 2721 2450 μὲν
2755 2377 2891 2452 πρὸς
2922 2375 3085 2430 οἶόιων
3117 2377 3276 2452 ἱερῶν
3304 2377 3467 2451 χάριν
3510 2373 3701 2436 δάνους

584 2468 822 2524 collecto
853 2468 923 2522 de
953 2466 1272 2538 provinciis
1302 2466 1510 2522 idoneo
1542 2465 1752 2536 milite,

2509 2466 2616 2524 Τὸν
2651 2463 2696 2519 δ’
2727 2463 2787 2519 ἐκ
2819 2466 3067 2537 θεμάτων
3097 2465 3411 2539 συναγείρας
3442 2465 3514 2526 ὡς
3547 2463 3686 2535 δέον,

583 2559 863 2612 adversus
893 2556 1211 2615 Chosroem
1243 2555 1358 2610 Deo
1393 2555 1699 2611 victorioso
1732 2555 1914 2610 fretus

1894 2572 1914 2610 Β
2509 2557 2660 2611 Κατά
2690 2554 2934 2629 Χοσρόου
2966 2555 3059 2608 σὺν
3088 2558 3204 2625 Θεῷ
3236 2554 3394 2624 νίκης
3427 2552 3556 2627 δότῃ

582 2663 716 2701 cum
749 2645 1002 2701 exercitu
1034 2645 1095 2700 in
1127 2644 1420 2699 Persidem
1456 2644 1594 2700 facit
1624 2645 1926 2716 impetum.

2509 2646 2660 2702 Μετά
2689 2648 2943 2718 στρατιᾶς
2973 2638 3231 2697 ἐκϐάλλει
3262 2648 3330 2718 τῇ
3371 2641 3621 2718 ΙΙερσίδιε

581 2735 725 2790 Exin
757 2735 1015 2807 vigorem
1049 2733 1266 2790 animis
1297 2734 1587 2790 subdente
1620 2738 1752 2802 Deo,

2508 2738 2641 2789 Θεοῦ
2671 2734 2933 2788 τοΛοιπὸν
2969 2731 3297 2806 ἐμπνέοντος
3323 2734 3385 2787 τὸ
3419 2731 3601 2796 σθένος

580 2824 855 2880 victorias
889 2824 1136 2890 nobiles,
1169 2823 1477 2895 splendida
1507 2822 1788 2895 tropbaea,

2335 2827 2472 2881 1390
2510 2830 2782 2901 Περιφανῆ
2811 2819 3046 2898 τρὸπαια
3076 2824 3325 2896 γενναίας
3354 2821 3505 2883 νίκας

579 2931 678 2971 rex
708 2913 826 2970 illic
857 2929 1115 2986 praesens
1141 2911 1342 2968 retulit
1371 2913 1440 2968 de
1466 2912 1760 2968 Barbaris.

2510 2915 2656 2969 Ἐκεῖ
2689 2913 2874 2987 παρὼν
2910 2909 3133 2986 δέδρακε
3162 2910 3296 2966 κατὰ
3327 2906 3645 2986 Βαρϐάρων.

575 3003 799 3059 Occidit
827 3003 985 3059 enim
1028 3003 1286 3058 hostium
1317 3005 1578 3057 catervas
1610 3001 1921 3073 plurimas,

2509 3004 2755 3058 ’Έκτεινε
2782 3000 2872 3055 καὶ
2903 3001 3004 3077 γὰρ
3037 2997 3335 3076 Βαρϐάρων
3367 2998 3626 3061 πλείστας
3660 2996 3806 3067 ἴλας,

573 3093 827 3163 praedam
862 3091 1076 3163 abegit,
1114 3090 1426 3154 manubias
1459 3089 1727 3160 abstulit,

2507 3090 2719 3148 ’Ἠλασε
2751 3089 2899 3145 λείαν
2932 3089 3021 3144 καὶ
3054 3087 3502 3165 λαφυραγωγίαν,

574 3186 789 3253 strage,
822 3181 976 3252 igne,
1009 3180 1279 3236 vastitate
1311 3178 1532 3235 attrivit
1562 3179 1868 3234 Barbaros.

2253 3238 2290 3254 η
2509 3185 2664 3254 Δῃῶν
2695 3179 2789 3253 έρη
2803 3181 2916 3252 μῶν
2943 3176 3242 3253 πυρπολῶδ
3275 3178 3342 3231 τὰ
3366 3171 3683 3253 Βαρϐάρων,

576 3269 674 3325 llis
708 3267 1007 3324 Heraclius
1041 3269 1283 3341 patratis
1322 3267 1476 3322 intra
1508 3269 1875 3334 sexennium,

2247 3238 2291 3307 Ο
2331 3273 2468 3329 1395
2505 3238 2662 3324 Τάὖτ’
2694 3238 2752 3323 έα
2780 3238 3086 3344 χρόνοιςιὲξ
3119 3238 3452 3344 Ἡράκλειος.
3478 3238 3695 3340 ἀνῦσας.

573 3361 706 3428 post
739 3360 1012 3412 sanctum
1043 3355 1272 3427 lignum
1306 3372 1437 3411 cum
1469 3357 1664 3412 Sionis
1698 3356 1947 3428 pressule

1902 3356 1947 3412 Ie
2497 3358 2653 3414 Ξόλα
2681 3379 2740 3413 τε
2771 3357 2939 3412 σεπτά
2966 3358 3055 3412 καὶ
3089 3357 3232 3411 Σιὼν
3261 3356 3564 3432 ἀρχιθύτην

572 3445 989 3518 Hierosolymis
1022 3437 1230 3501 r'ursus
1261 3445 1630 3513 collocatum,

2496 3446 2860 3523 Ἰερουσαλὴμ
2885 3447 3287 3521 ἐγκαταστήσας
3304 3444 3484 3513 πόλει,

569 3535 638 3590 ad
674 3534 893 3607 regiam
927 3535 1132 3590 urbem
1165 3536 1409 3605 septimo
1443 3535 1753 3591 revertitur

2498 3537 2642 3611 Πρὸς
2675 3533 2933 3610 βασιλίδα
2962 3534 3388 3612 καθυποστρέφει
3423 3532 3581 3588 πόλει

573 3623 824 3678 miriﬁca
854 3623 1053 3678 laetitia
1083 3625 1425 3679 redundans
1449 3642 1622 3691 anno,

2499 3627 2585 3681 Ἐν
2621 3621 2841 3698 ἑϐδόμῳ
2871 3624 3139 3680 κάλλπτα
3171 3624 3379 3699 χαίρων
3407 3645 3487 3695 τῳ
3517 3622 3728 3697 χρόνῳ,

572 3713 808 3785 hymnis
837 3712 1168 3769 innumeris
1200 3713 1531 3769 celebratus
1564 3713 1784 3785 populi,

2324 3718 2461 3773 1400
2498 3714 2869 3787 Ὑμνούμενος
2901 3713 3164 3786 στόμασιν
3193 3714 3365 3768 ἀστῶν
3406 3711 3635 3786 μυρίων,

569 3800 741 3856 heros
773 3806 831 3857 et
859 3801 1042 3858 victor
1073 3803 1418 3874 praedicatus
1452 3803 1687 3858 nobilis.

2501 3804 2710 3865 Ὀωθεὶς
2744 3802 2992 3878 ἀριστεὺς
3024 3799 3280 3878 γεννάδας
3313 3800 3629 3877 νικηφόρος.

568 3891 672 3945 Hic
707 3908 803 3946 rex
832 3892 1189 3961 quibusdam
1225 3893 1562 3963 pastoribus
1591 3892 1879 3948 obnoxius

2501 3891 2674 3953 Οὗτος
2709 3890 2964 3967 βασιλεὺς
2992 3891 3304 3964 ἐξομαρτῶν
3327 3889 3580 3963 ποιμέσιν

566 3980 654 4036 vel
689 3981 884 4051 potius
917 3981 1316 4049 mercenariis,
1350 3981 1466 4037 imo
1500 3986 1558 4038 et
1590 3981 1766 4054 lupis,

2498 3984 2563 4038 Ἢ
2603 3980 2816 4054 μᾶλλον
2850 3980 3022 4035 εῗπεῖν
3059 3980 3299 4052 μισθίοις
3327 4000 3386 4034 τε
3414 3980 3502 4033 καὶ
3539 3977 3726 4040 λύκοις

569 4085 638 4124 ex
669 4069 762 4124 his
793 4069 1155 4140 synchyticis
1188 4070 1556 4142 impurisque
1587 4071 1849 4126 fontibus

2501 4073 2593 4128 Ἐκ
2615 4072 2956 4147 συγχυτικῶν
2991 4069 3056 4125 οὗ
3087 4071 3337 4143 καθαρῶν
3376 4066 3626 4141 ναμάτων

566 4157 881 4230 perniciem
918 4158 1242 4230 perpotavit
1272 4158 1712 4214 exsecrabilem.

2324 4162 2462 4218 1405
2501 4161 2840 4235 Ἀνατροπήν
2871 4160 3082 4228 ποτίζει
3119 4156 3461 4232 βδελυκτέαν.

566 4249 683 4303 Sub
714 4265 779 4304 eo
813 4248 1188 4303 Mahumetus
1222 4247 1421 4320 p0puli
1455 4249 1725 4304 seductor
1755 4249 1929 4306 fallax

2496 4250 2618 4324 Ἐφ’
2660 4246 2721 4302 οὗ
2754 4247 3097 4322 Μουχούμετ
3123 4245 3438 4309 λαοπλάνος
3462 4243 3551 4300 καὶ
3586 4245 3744 4320 φέναξ

565 4337 756 4413 turpis
787 4338 1095 4393 atheorum
1129 4338 1403 4410 princeps
1433 4342 1855 4410 Agarenorum,

2502 4337 2799 4411 Φύλαρχος
2829 4336 3057 4412 αἶ’σχρὸς
3086 4338 3407 4410 Ἀγαρηνῶν
3439 4333 3608 4389 ἀθέων

567 4426 829 4480 nefanda
853 4426 1151 4496 religionis
1183 4432 1543 4495 antecessor,

2499 4426 2596 4480 Καὶ
2633 4426 2986 4499 μυσταγωγὸς
3016 4425 3287 4496 ἀθεμίτων
3322 4423 3519 4498 ὀργίων

565 4514 637 4569 ad
672 4514 980 4569 hominum
1015 4515 1256 4570 exitium
1288 4516 1412 4570 orbi
1447 4516 1722 4572 innotuit.

2501 4509 2865 4590 Φθισίϐροτος
2898 4511 3048 4586 λύμη
3081 4533 3164 4574 τις
3198 4511 3350 4588 ἐξέφυ
3387 4512 3510 4585 βίῳ.

561 4603 812 4659 Feminae
844 4603 936 4658 hic
967 4604 1106 4659 ditis
1137 4603 1391 4659 Persidis
1417 4621 1552 4659 cum
1585 4609 1740 4661 esset
1771 4605 2049 4676 famulus,

2047 4652 2049 4666 .
2243 4605 2290 4672 D
2323 4607 2461 4662 1410
2497 4607 2596 4666 ’Ὀς
2631 4602 2704 4658 ὢν
2739 4605 2994 4679 γυναικὸς
3030 4599 3288 4677 Περσίδος
3313 4603 3412 4670 Θὴς
3441 4598 3709 4662 πλουσίας

557 4692 865 4764 impostor,
900 4692 1074 4748 homo
1100 4692 1412 4758 obscurus,
1442 4695 1626 4764 stirpe
1656 4695 1921 4766 ignobili,

1872 4695 1921 4763 li,
2498 4693 2668 4767 Ἀνὴρ
2690 4693 2826 4766 γόης
2859 4693 3074 4764 ἄσημος
3107 4690 3302 4762 ἀτίμοτ
3323 4688 3534 4763 γένους,

555 4782 706 4837 hanc
737 4782 945 4837 habuit
975 4781 1082 4838 tori
1119 4782 1336 4837 sociam
1370 4787 1426 4838 et
1454 4784 1713 4838 malitiae.

2499 4781 2762 4837 Σύνιυνον
2798 4780 2926 4856 ἔσχε
2952 4778 3120 4851 τήνδε
3148 4777 3526 4853 κακοτεχνίας.

555 4871 696 4926 Exin
728 4872 916 4926 evasit
949 4873 1220 4943 princeps
1251 4873 1571 4944 doctorque
1602 4890 1798 4944 nugax

2496 4872 2626 4928 Εἶτα
2655 4870 2940 4948 φύλαρχος
2966 4869 3055 4924 καὶ
3088 4865 3414 4928 διδάσκαλος
3447 4865 3655 4928 πλάνος

557 4962 756 5016 nescio
789 4977 905 5031 quo
938 4966 1106 5032 pacto
1137 4962 1292 5033 apud
1328 4964 1528 5033 Agaraa
1561 4968 1844 5034 posteros.

2495 4962 2618 5036 Οὐχ
2649 4959 2752 5015 οἷδ’
2780 4960 2930 5022 ὅπως
2959 4957 3166 5035 γένοιτο
3196 4962 3305 5012 τῶν
3327 4956 3384 5011 ἐκ
3413 4962 3512 5025 τῆς
3543 4957 3737 5031 Ἅγαρ.

557 5049 716 5104 Idem
751 5049 1133 5120 progrediens
1165 5067 1233 5105 ex
1262 5050 1513 5104 z‘Ethribi
1548 5052 1884 5123 regionibus

1844 5071 1884 5109 IS
2317 5052 2458 5108 1415
2494 5052 2663 5112 Οὗτος
2691 5051 2899 5125 προῖὼν
2930 5049 2978 5122 ἐξ
3013 5044 3269 5122 Ἀθρίϐου
3299 5045 3506 5122 χωρίον

553 5140 894 5209 imperatori
930 5145 1062 5209 post
1085 5138 1386 5194 victoriam
1420 5141 1615 5195 reduci

2494 5141 2912 5217 Ὑποστρέφοντι
2949 5136 3164 5212 βασιλεῖ
3193 5136 3475 5214 νικηφόρῳ

553 5243 857 5291 occurens,
891 5227 1088 5282 sedem
1123 5229 1192 5282 ad
1227 5228 1603 5285 incolendum
1638 5231 1842 5302 petiit;

2494 5228 2814 5305 Προσῆλθεν
2848 5228 3012 5283 αἰτῶν
3046 5232 3230 5303 χῶρον
3266 5225 3342 5290 εἷς
3366 5224 3665 5280 κατοικίαν¹

553 5333 670 5388 qua
702 5333 838 5371 mox
866 5317 1199 5387 impetrata,
1232 5318 1454 5389 Syriam
1489 5319 1834 5390 incursavit,

2499 5321 2592 5373 Καὶ
2625 5313 2959 5391 παραλαϐὼν
2988 5314 3294 5390 κατέδραμε
3325 5314 3541 5389 Συρίαν,

553 5413 610 5463 et
645 5409 1044 5464 Romanorum
1077 5409 1251 5465 terris
1283 5410 1457 5481 potiri
1489 5413 1680 5483 coepit.

2494 5412 2594 5466 Καὶ
2624 5414 2945 5485 Ῥωμαϊκῶν
2978 5413 3303 5484 κατακρατεῖ
3331 5405 3577 5482 χωρίων.

778 5533 1705 5663 ΟΟΝΞΤΑΝΤΙΝΗΞΝΗΙΞΞΒΑΟΙΑΠ
1747 5538 1979 5596 FILIUS
2373 5538 2916 5597 ΚΩΝΣΤΑΝΤΙΝΟΣ
2959 5538 3003 5594 0
3044 5539 3200 5593 ΥΙΟΣ
3243 5533 3646 5592 ΗΡΑΚΛΕΙΟΥ
3684 5531 3791 5588 ΕΤ.
3831 5530 3910 5587 Α’.

551 5711 868 5786 Postquam
903 5714 1207 5772 Hcraclius
1239 5715 1416 5772 ﬁnem
1447 5717 1575 5773 vitae
1607 5717 1913 5792 imposuit,

2319 5726 2457 5781 1420
2494 5719 2672 5779 Τοῦδ¹⁶
2701 5727 2820 5794 Ηρα
2848 5716 3038 5775 κλείου
3068 5717 3159 5773 τὸν
3207 5716 3326 5793 βίον
3361 5711 3721 5780 λελοιπότος,
