4208 6430
141 385 214 440 65
1684 385 1803 438 CE

1911 382 2049 437 tES.
3499 399 3573 455 66

1843 504 1898 569 Α
1924 502 2344 558 Constantinus
2379 503 2534 561 ﬁlius
2567 508 2831 577 regnavit
2860 497 3244 581 orthodoxhs,

334 512 749 569 Κωνσταντῖνος
782 513 906 569 παῖς
934 502 1213 586 ὀρθόφρων
1247 506 1374 583 ἔσχε
1399 508 1615 583 κράτος.

1929 597 2056 660 post
2088 606 2260 660 quem
2298 592 2542 648 Martina
2576 610 2710 649 cum
2743 598 3066 655 Heraclona
3098 602 3238 657 ﬁlio.

339 599 481 660 Μεθ’
513 598 570 650 ὃν
604 596 695 650 σὺν
728 598 830 668 υἱῷ
859 598 1185 672 Ἡρακλωνᾷ
1217 597 1454 671 Μαρτίνα
1489 599 1599 670 (24)
1635 612 1649 627 ⁸

338 690 434 739 Ὧν
468 683 720 760 γλῶσσαν
753 687 787 753 ἡ
824 687 917 757 μὲν
952 686 1201 758 τέμνεται
1240 684 1368 757 μάλ’
1400 683 1646 754 ἐνδίκως,

340 772 696 847 Ἰῐρακλωνᾶς
723 771 779 828 δὲ
808 778 904 828 τοῦ
936 775 1233 847 προσώπου
1263 775 1361 842 τὴν
1397 775 1537 849 ῥῖνα,

139 862 297 917 4425
344 862 532 935 thorax;
567 864 977 937 κατακριθέντες
1009 860 1373 931 ἐνδικωτάτην

143 978 492 1034 ΚΩΝΣΤΑΣ
553 979 596 1035 Ο
661 982 816 1033 ΥΙΟΣ
892 983 1107 1035 ΑΥΤΟΥ
1180 980 1341 1035 ΗΤΟΙ
1402 980 1444 1035 Ο
1503 978 1817 1037 ΕΓΓΟΝΟΣ

634 1050 1033 1107 ΗΡΑΚΛΕΙοΥ
1084 1055 1184 1103 ET.
1245 1056 1356 1105 KZ'.

341 1156 475 1211 Εἶτα
502 1154 761 1230 κατάρχει
791 1160 886 1209 τοῦ
917 1156 1147 1230 κράτους
1177 1162 1285 1211 τῶν
1315 1156 1567 1212 Αὐσόνων

339 1245 620 1311 Κώνστας,
656 1242 897 1314 διώκτης
930 1241 1307 1319 εὐσεϐεστέρου
1344 1247 1567 1318 μέρους,

341 1333 747 1387 Κωνσταντίνου
777 1338 926 1400 παῖς,
962 1332 1179 1409 ἔγγονος
1212 1332 1253 1388 δ’
1284 1332 1609 1408 Ἡρακλείου
1640 1352 1653 1364 ’

338 1419 531 1477 Τᾶλλα
568 1422 660 1493 μὲν
695 1422 793 1476 οὐκ
824 1421 1103 1496 ἄχρηστος
1135 1422 1317 1501 ὀφθείς
1346 1444 1429 1486 τις
1458 1421 1699 1499 κράτωρ,

146 1511 297 1566 1430
342 1505 514 1572 Σέϐας
546 1508 590 1564 δ’
619 1512 844 1586 ἀχρεῖος
872 1510 1205 1587 Οἷοφυσίτης
1229 1511 1399 1574 τάλας
1434 1532 1446 1545 ·

340 1601 442 1662 ⁸ος
472 1596 750 1653 ἐκδιώκων
783 1598 1218 1674 ὁρθοδοξούντων
1257 1603 1441 1677 μέρος,

341 1690 440 1743 Καὶ
476 1689 727 1761 Μάξιμον
757 1687 805 1742 δ’
835 1685 1008 1757 ἤλασε
1037 1692 1125 1744 τὸν
1161 1692 1420 1764 θεηγόρον

340 1775 448 1830 Σὺν
479 1782 597 1840 τοῖς
629 1778 917 1849 μαθηταῖς,
942 1778 1031 1831 καὶ
1060 1784 1331 1853 Μαρτῖνον
1361 1779 1454 1833 τὸν
1484 1781 1686 1838 πάπαν.

334 1867 617 1937 ’Ὁμαιμον
650 1864 816 1920 αὐτοῦ
839 1867 1047 1928 κτείνας
1080 1867 1234 1928 οὗτος
1270 1869 1297 1921 ὁ
1328 1872 1543 1944 κράτωρ

150 1956 296 2011 1435
337 1951 617 2023 Μισητέος
651 1956 870 2029 κέκριτο
902 1956 991 2009 καὶ
1028 1953 1372 2030 βδελυκτέος,

335 2043 443 2098 Καὶ
473 2042 687 2115 μᾶλλον
717 2046 800 2105 οἷς
836 2041 1059 2115 δέδρακε
1084 2049 1262 2107 κακῶς
1297 2045 1502 2121 ἁγίους.

335 2126 625 2206 Διατριϐάς
655 2133 748 2186 οὗν
782 2131 1020 2187 ἐκλιπὼν
1058 2131 1394 2204 Βυζαντίδος,

335 2221 478 2294 Πρὸς
513 2218 761 2274 Σικελίαν
793 2222 892 2288 τήν
928 2220 1183 2294 μεγίστην
1219 2220 1455 2295 ἐκπλέει,

1925 678 2032 732 Sed
2063 679 2218 733 enim
2254 681 2425 735 matri
2460 684 2669 737 merito
2702 684 2902 757 lingua
2933 690 3240 761 exciditur,

1924 766 2175 836 turpiter
2205 768 2552 826 Heraclonas
2585 776 2895 829 truncatur
2927 778 3190 849 naribus,

1927 858 2170 926 uterque
2199 857 2400 913 exsilio
2436 859 2714 915 multatur
2735 862 3095 931 justissima.

2146 971 3341 1057 C0§§I¢§§.CQ§§T6NTINI_EJLIUS,

2224 1043 2551 1101 HERACLII
2599 1048 2849 1117 NEPOS,
2893 1052 3009 1105 AN.
3055 1053 3268 1111 XXVII.

1923 1144 2064 1200 Exin
2099 1146 2495 1205 Romanorum
2528 1152 2757 1207 obtinet
2791 1154 3104 1226 imperium

1923 1236 2209 1291 Constans
2244 1238 2467 1307 piarum
2497 1248 2839 1311 persecutor
2870 1246 3145 1315 partium,

1923 1321 2289 1380 Constantini
2324 1327 2502 1397 ﬁlius,
2538 1346 2720 1401 nepos
2757 1333 3023 1388 lleraclii.

1922 1411 2154 1468 Cazteris
2187 1414 2391 1470 usibus
2428 1433 2541 1471 non
2576 1418 2773 1474 malus
2805 1418 3141 1493 imperator,

1922 1500 2193 1572 dogmate
2224 1504 2323 1559 sed
2353 1521 2587 1576 pravus,
2622 1508 3036 1581 monOphysita
3068 1512 3283 1583 miser;

1921 1588 2021 1659 qui
2052 1592 2191 1646 dum
2227 1593 2523 1664 negotium
2556 1595 2793 1652 facessit
2823 1598 3183 1673 orthodoxis,

1920 1678 2237 1735 Maximum
2272 1699 2502 1754 quoque
2534 1685 2870 1758 theologum
2904 1689 3128 1760 expulit

1920 1783 2050 1823 cum
2084 1769 2210 1824 suis
2241 1770 2565 1843 discipulis,
2591 1791 2841 1846 cumque
2874 1777 3123 1833 Martino
3154 1796 3322 1851 papa.

1842 1863 1890 1929 Β
1920 1858 2063 1915 Cum
2095 1878 2230 1918 vero
2260 1869 2316 1919 et
2346 1866 2643 1936 proprium
2677 1868 2914 1923 fratrem
2946 1872 3280 1942 occidisset,

1924 1947 2148 2005 invisus
2180 1951 2349 2022 plane
2379 1954 2563 2009 evasit
2589 1960 2645 2010 et
2686 1956 3126 2027 abominabilis,

1921 2040 2047 2092 tum
2081 2044 2402 2110 praesertim
2438 2043 2578 2114 quia
2617 2050 2852 2100 sanctos
2882 2046 3102 2117 injuria
3132 2051 3421 2109 affecerat.

1920 2129 2071 2198 Ergo
2112 2128 2371 2202 Byzantii
2403 2133 2754 2204 degerejam
2792 2152 2906 2190 non
2941 2138 3260 2210 sustinens,

1920 2215 1991 2269 ad
2024 2215 2353 2273 insularum
2389 2221 2706 2276 maximam
2738 2223 3000 2280 Siciliam
3031 2231 3212 2297 venit,

1918 2310 1975 2358 et
2004 2305 2308 2377 Syracusis
2338 2309 2610 2364 stabilem
2645 2312 2840 2366 sedem
2875 2313 3017 2371 ﬁxit.

2049 2421 2585 2481 CONSTANTINUS
2627 2426 3052 2485 POGONATUS
3092 2432 3204 2487 AN.
3248 2434 3423 2492 XVII.

1915 2530 2058 2585 Cum
2090 2530 2343 2586 violenta
2368 2532 2655 2588 Constans
2687 2534 2929 2589 obiisset
2960 2553 3120 2609 nece,

1914 2618 2334 2674 Constantinus
2366 2624 2695 2692 Pogonntus
2737 2624 2997 2693 praedicti
3034 2626 3213 2697 ﬁlius,

335 2310 439 2364 Καὶ
476 2310 821 2383 Συράκουσαν
852 2308 1007 2384 ἔσχεν
1041 2310 1117 2374 εἰς
1145 2312 1443 2367 κατοικίαν.

298 2426 855 2483 ΚΩΝΣΤΑΝΤΙΝΟΣ
896 2432 935 2479 Ο
976 2429 1388 2484 ΙΙΩΓΩΝΑΤΟΣ
1432 2430 1538 2485 ΕΤ.
1580 2430 1675 2487 ΙΖ’.

148 2530 295 2586 4440
331 2531 536 2585 Τούτου
568 2532 865 2606 σφαγέντος
896 2534 985 2586 καὶ
1022 2532 1380 2604 μεταστάντος
1415 2534 1558 2608 βίου,

332 2626 735 2682 Κωνσταντῐνος
765 2626 893 2676 παῖς
925 2618 1151 2690 εὐσεϐής
1186 2625 1523 2699 ΙΙωγωνάτος

332 2705 675 2783 Παραλαϐὼν
712 2708 855 2773 ἴθυνε
880 2713 980 2779 τὴν
1010 2713 1345 2786 κραταρχίαν
1380 2731 1394 2744 ’

332 2798 501 2873 Ἀνὴρ
533 2797 757 2873 ἀγαθὸς,
791 2798 1104 2875 ὀρθοδοξίας
1139 2800 1301 2878 φίλος

330 2889 522 2952 ’Ὀστις
552 2892 806 2965 πατρῴαν
839 2888 1155 2962 κακοδοξίαν
1194 2890 1339 2946 λύων

152 2979 293 3033 1445
330 2980 591 3052 Ἢθροισε
624 2985 833 3034 σεπτῶν
858 2981 1101 3056 πατέρων
1135 2986 1278 3044 θεῖον
1312 2982 1516 3061 στίφος,

332 3064 623 3143 Συνέδριον
649 3066 943 3124 κάλλιστον
978 3067 1313 3143 ὀρθοδοξίας,

329 3156 456 3213 Ἐπί
485 3177 545 3232 γε
568 3162 804 3232 Χριστοῦ
833 3154 1273 3234 δογματισάντων
1308 3161 1420 3232 ἅμα

324 3245 516 3307 Διττὰς
546 3244 795 3316 θελήσεις
816 3248 905 3301 καὶ
936 3247 1120 3324 φύσεις
1152 3250 1458 3321 ἡνωμένας,

320 3336 430 3390 Καὶ
459 3334 798 3390 καθελόντων
832 3336 1032 3399 πάντας
1063 3336 1411 3414 Οἶοφυσίτας.

144 3423 283 3479 1450
321 3424 542 3480 Τούτου
573 3429 929 3498 κρατοῦντος,
961 3427 1279 3502 Ἀγαρηνῶν
1310 3448 1391 3490 τις
1425 3427 1618 3492 στόλος

313 3512 401 3583 Τῇ
434 3508 675 3585 βασιλίδι
708 3507 1039 3586 προσϐαλὼν
1066 3512 1235 3588 ταύτῃ
1267 3514 1425 3570 πόλει
1462 3517 1575 3590 (25)

317 3594 610 3656 Ἐϐόσκετο
643 3601 927 3674 ξύμπαντα
957 3604 1049 3657 τὸν
1084 3602 1233 3677 πέριξ
1264 3604 1431 3659 τόπον
1468 3626 1481 3640 ·

314 3690 489 3762 Ἧρος
522 3690 617 3762 μὲν
652 3691 800 3752 ἱστὰς
835 3690 1082 3765 χαλεπὰς
1114 3692 1447 3768 ναυμαχίας,

311 3779 581 3853 εὨρμιστο
612 3784 892 3855 χειμῶνος
923 3778 979 3835 δὲ
1007 3785 1123 3843 τοῖς
1154 3782 1400 3857 νεωρίοις

144 3868 275 3923 1455
314 3870 449 3929 Τοῖς
480 3875 578 3938 τῆς
612 3874 844 3937 Κυζικοῦ
876 3869 1074 3945 μέχρις
1106 3866 1345 3944 ἑϐδόμου
1378 3871 1581 3947 χρόνου
1614 3893 1627 3906 ·

318 3957 471 4013 Ἐπεὶ
502 3955 561 4012 δὲ
588 3958 903 4035 τετρύχωτο
938 3961 1101 4032 μήκει
1132 3964 1228 4014 τοῦ
1259 3961 1484 4036 χρόνου,

314 4044 497 4101 Ηλοῖά
524 4068 581 4102 τε
612 4048 962 4123 συντέτριπτο
992 4050 1189 4103 τούτου
1213 4052 1279 4105 τά
1308 4049 1483 4124 πλέω,

312 4134 693 4212 Ὀφλισκάνων
723 4137 938 4211 γέλωτα
963 4139 1417 4217 καθυποστρέφει,

310 4224 412 4278 Καὶ
444 4227 578 4280 κάτὰ
606 4228 706 4295 τήν
738 4224 990 4281 κέλευθον
1026 4229 1162 4291 ἅπας
1187 4227 1393 4304 ἐφθάρη

135 4313 267 4368 1460
308 4312 555 4369 Λαίλαπι
588 4312 739 4388 δεινῇ
770 4319 838 4385 τῇ
872 4319 1005 4370 Θεοῦ
1034 4317 1295 4393 συνεργίᾳ.

1913 2706 2171 2762 delatum
2204 2708 2272 2762 ad
2304 2723 2362 2765 se
2390 2709 2703 2781 imperium
2737 2712 2911 2783 coepit
2943 2730 3139 2786 regere
3166 2735 3179 2786 ;

1912 2795 2001 2850 vir
2032 2798 2239 2866 bonus,
2274 2798 2568 2869 dogmatis
2600 2798 2739 2854 recti
2774 2816 2979 2857 amans
3014 2819 3027 2857 :

1913 2885 2013 2956 qui
2045 2894 2110 2941 ut
2139 2886 2322 2958 patris
2356 2885 2624 2941 haeresim
2648 2888 2920 2955 solveret,
2950 2897 3325 2967 congregavit

1910 2974 2331 3032 venerabilium
2363 2978 2599 3031 Patrum
2630 2976 2892 3033 divinum
2925 2985 3162 3053 cretum,

1910 3062 2374 3135 pulcherrimum
2404 3065 2737 3138 synedrium
2772 3067 3159 3141 orthodoxie;

1912 3155 2013 3226 qui
2042 3154 2418 3227 deﬁnierunt,
2453 3156 2508 3211 in
2542 3155 2769 3213 Christo
2803 3157 2984 3215 fuisse
3016 3161 3193 3218 simul

1830 3222 1873 3291 (ἶ
1910 3222 2058 3299 duas
2090 3222 2422 3301 voluntates
2452 3250 2805 3317 naturasque
2834 3248 3028 3305 unitas
3051 3250 3221 3319 duas,

1905 3332 2248 3404 cunctisque
2277 3333 2682 3389 valedixerunt
2712 3336 3165 3408 monopbysitis.

1903 3425 2021 3477 Hoc
2052 3421 2397 3494 imperante,
2432 3423 2699 3494 quaedam
2730 3428 3134 3496 Agarenorum

1902 3512 2109 3570 classis
2140 3514 2210 3570 ad
2243 3513 2393 3569 hanc
2424 3514 2784 3587 adnavigans
2817 3515 3021 3573 urbem
3054 3519 3295 3591 regiam,

1902 3603 2294 3675 populabatur
2320 3621 2553 3659 omnem
2587 3604 2742 3661 circa
2770 3603 2964 3661 locum
3004 3631 3019 3674 ;

1896 3709 2030 3749 vere
2061 3694 2292 3763 quidem
2325 3710 2487 3749 acres
2515 3694 2891 3749 committens
2923 3697 3329 3769 naumachias,

1897 3782 2089 3839 hieme
2118 3799 2180 3839 se
2210 3783 2545 3838 subducens
2576 3783 2645 3838 ad
2683 3782 2911 3839 navalia

1896 3872 2116 3944 Cyzici;
2149 3877 2324 3945 atque
2355 3872 2413 3927 id
2445 3871 2753 3944 septennio
2786 3872 3069 3930 factitavit
3099 3892 3111 3931 :

1895 3962 1996 4017 sed
2029 3979 2163 4017 cum
2188 3963 2311 4033 jam
2341 3960 2507 4033 lapsu
2552 3961 2832 4034 temporis
2864 3962 3062 4018 attrita
3091 3974 3264 4034 esset,

1894 4052 2314 4124 contractisque
2344 4051 2678 4107 laborarent
2710 4050 3000 4123 pleraeque
3033 4069 3231 4125 naves,

1894 4140 2142 4198 ridicula
2166 4142 2292 4213 jam
2324 4140 2528 4197 classis
2561 4156 2788 4196 reversa
2817 4148 2943 4209 est;

1890 4235 2017 4287 tum
2049 4232 2319 4287 universa
2344 4230 2402 4286 in
2427 4246 2604 4286 cursu
2638 4245 2875 4301 pessum
2910 4228 3014 4285 ivit

1888 4320 2122 4376 turbine
2152 4320 2331 4390 gravi,
2352 4320 2404 4374 vi
2438 4320 2812 4391 conspirante
2842 4318 2961 4374 Dei.

306 4404 453 4477 Πρὸς
482 4409 604 4466 τοῖς
635 4400 681 4457 δ’
713 4399 959 4477 ’Δϐάρων
995 4407 1217 4478 στρατιά
1247 4406 1516 4483 φρικαλέα

266 4522 273 4528 ·
306 4491 551 4561 Ἐπῆλθε
578 4492 746 4567 ταῦτῃ
774 4498 841 4566 τῇ
878 4493 1117 4568 βασιλίδι
1149 4494 1331 4563 πόλει,

304 4579 618 4654 Φρίσσουσα
646 4587 761 4643 τοῖς
794 4579 983 4657 δόρασι
1012 4584 1102 4638 καὶ
1132 4582 1483 4646 πανοπλίαις.

308 4670 412 4723 Καὶ
440 4674 585 4724 πᾶσα
614 4670 949 4747 κατέφθαρτο
981 4672 1267 4745 Ῥωμαίων
1301 4674 1493 4741 σθένει,

136 4757 271 4814 1465
308 4760 432 4815 Τῶν
461 4759 791 4834 νεκριμαίων
821 4755 1115 4836 Βαρϐάρων
1150 4761 1500 4834 ποσουμένων

306 4847 398 4909 Ἐς
432 4846 691 4922 χιλιάδας
721 4851 1007 4923 τριάκοντα
1036 4851 1131 4912 τὰς
1161 4849 1313 4914 ὅλας.

305 4938 492 5013 Ὑγρόν
515 4958 573 4993 τε
601 4943 709 5014 πῦρ
741 4938 936 5014 εὕρητο
966 4938 1183 5003 τούτοις
1212 4946 1328 5003 τοῖς
1360 4943 1584 5018 χρόνοις

304 5025 485 5101 Σύρου
517 5027 662 5102 παρὰ
689 5033 785 5083 τοῦ
813 5028 1063 5092 τέκτονος
1097 5028 1454 5088 Καλλινίκου.

281 5141 789 5201 ῙΟΓΣΤΙΝΙΑΝΟΣ
829 5150 875 5202 Ο
914 5146 1362 5203 ΡΙΝΟΤΜΗΤΟΣ
1406 5149 1511 5204 ET.
1557 5150 1611 5206 Γ.

296 5248 412 5304 Εἶτ’
444 5250 827 5315 Ἰουστινιανὸς
857 5252 987 5327 ἦρξε
1011 5258 1107 5308 τοῦ
1136 5256 1367 5329 κράτους

137 5336 261 5393 1470
300 5341 710 5394 Κωνσταντίνου
741 5346 893 5412 παῖς,
915 5336 1139 5412 εὐσεϐὴς
1168 5343 1305 5398 κατὰ
1334 5337 1514 5416 σέϐας,

1889 4411 2133 4481 Insuper
2161 4410 2486 4465 Abarorum
2518 4408 2911 4465 formidabilis

1886 4498 2172 4554 exercitus
2203 4499 2274 4555 ad
2308 4499 2458 4554 hanc
2491 4498 2696 4554 urbem
2728 4497 2977 4553 accessit
3004 4497 3247 4571 regiam,

1812 4587 1857 4654 D
1889 4586 2109 4644 lanceis
2143 4587 2418 4645 horridus
2453 4591 2509 4643 et
2539 4587 2916 4660 cataphracto
2949 4586 3154 4644 milite.

1887 4679 2159 4732 Attamen
2193 4676 2503 4733 universus
2534 4676 2816 4732 Romanis
2845 4675 3068 4731 viribus

1888 4765 2221 4823 succubuit.
2256 4770 2342 4821 tot
2371 4766 2716 4821 cadentibus
2750 4766 2805 4820 in
2840 4765 2961 4821 acie
2993 4765 3264 4822 Barbarie

1889 4859 1952 4911 ut
1982 4854 2223 4927 triginta
2254 4854 2502 4911 millium
2536 4871 2769 4911 summa
2799 4853 3042 4910 collecta
3076 4855 3269 4912 fuerit.

1890 4944 2086 5015 Ignem
2121 4960 2353 5017 quoque
2383 4960 2636 5017 graecum
2668 4944 2761 5000 his
2793 4945 3160 5017 temporibus

1888 5033 2066 5106 Syrus
2100 5033 2319 5089 invenit
2349 5033 2556 5089 artifex
2585 5033 2924 5091 Callinicus.

2061 5151 2525 5208 JUSTINIANUS
2567 5150 3083 5207 RIIINOTMETUS
3124 5152 3240 5207 AN.
3285 5154 3349 5210 X.

1882 5259 2104 5315 Deinde
2129 5259 2500 5315 Justinianus
2532 5276 2776 5332 regnare
2806 5260 2977 5332 coepit

1882 5347 2245 5405 Constantini
2275 5348 2455 5418 ﬁlius,
2488 5348 2767 5422 religione
2799 5350 3090 5419 sincerus,

194 5500 307 5584 (24)
355 5502 589 5584 Scilicet
650 5504 901 5584 M_a_rtina
956 5522 1207 5584 noverca
1251 5505 1493 5584 sustulit
1550 5524 1771 5584 veneno
1954 5510 2062 5580 (25)
2095 5508 2240 5584 Hinc
2272 5513 2444 5584 atque
2473 5526 2541 5564 ex
2569 5509 2699 5584 aliis
2730 5509 2876 5584 locis
2908 5510 3202 5584 similibus
3245 5511 3389 5566 satis
3422 5530 3532 5584 ap-

134 5570 579 5655 Constantinum
616 5577 973 5655 privignum,
1023 5578 1355 5655 invasitque
1399 5580 1770 5650 tyrannidem
1882 5570 2496 5655 paret'c‘hronolo'gum
2528 5582 2927 5655 Ephremium
2975 5582 3157 5637 fuisse
3204 5585 3292 5638 vel
3342 5570 3533 5655 patria

133 5660 256 5771 gulam
285 5646 800 5775 gggatclona'ﬁlio';
835 5646 1004 5721 cujus
1045 5646 1283 5707 sceleris
1322 5646 1517 5723 justas
1568 5669 1772 5725 poenas
1880 5646 2263 5727 Byzantinum
2294 5646 2388 5708 veI
2414 5646 2621 5709 saltem
2654 5653 2930 5710 incolatu.

190 5733 257 5774 οι
407 5735 421 5773 ι
457 5761 469 5773 .
