4208 6430
168 387 221 440 69
1646 386 2012 439 ΟΕΞΛΒΕΞ.
3465 391 3539 445 70

312 503 447 577 Πρὸς
479 501 808 575 Βουλγάρων
841 498 1084 575 ἄρχοντα
1118 498 1307 571 διέπτη
1340 500 1532 575 τάχος.

170 595 280 651 1525
315 592 412 648 Καὶ
442 591 627 650 πείσας
660 589 818 643 αὐτὸν
850 587 1082 663 δωρεαῖς
1115 588 1396 662 δαψιλέσιν

311 682 623 753 Ὑποσχὲσει
657 676 859 747 κήδους
891 699 948 732 τε
978 678 1067 731 καὶ
1102 684 1301 753 χωρῶν
1329 678 1497 750 δόσει,

316 771 416 824 Σὺν
455 763 764 843 βαρϐαρικῇ
798 772 1019 839 στρατιᾷ
1052 770 1237 843 φθάνει
1271 767 1463 826 πόλιν,

315 859 411 915 Καὶ
444 857 636 919 νυκτὸς
667 855 831 909 ὁλκὸν
869 857 1119 930 ὑπόγειον
1155 854 1402 917 εἷσδόσας

314 948 495 1010 Ἐντὸς
525 944 590 1000 δι’
621 946 788 999 αὐτοῦ
819 946 1060 1019 γίγνεται
1085 944 1434 1014 Βυζαντίδος.

166 1042 279 1097 1530
315 1038 409 1092 Καὶ
438 1034 604 1090 πάλιν
637 1033 909 1109 ἀπείληφε
938 1036 1038 1102 τήν
1066 1037 1429 1111 κραταρχίαν,

315 1125 529 1189 Κτείνας
556 1125 646 1178 τὸν
682 1123 934 1178 Λεόντιον
964 1123 1054 1177 σὺν
1091 1126 1381 1200 Ἀψιμάρῳ

314 1210 640 1287 Ἀμοιϐαδὸν
671 1214 796 1287 πρὶν
828 1212 1231 1286 κεκρατηκότας
1260 1214 1507 1286 κράτους·

438 1324 653 1377 IIAAIN
693 1324 732 1371 ο
772 1320 1213 1375 PINOTMHTOE
1255 1325 1353 1378 ET.
1402 1323 1459 1389 ς.

311 1409 599 1482 Ἀμῦνεται
629 1407 687 1462 δὲ
712 1408 800 1461 καί
830 1429 978 1468 τινας
1008 1412 1116 1461 τῶν
1144 1407 1196 1463 ἐν
1226 1406 1393 1466 τὲλει.

312 1500 482 1560 Οὗτος
512 1497 728 1572 τρέφων
763 1495 1001 1569 ἔναυσμα
1038 1496 1269 1569 μήνιδος
1297 1498 1478 1575 χόλου

166 1593 280 1648 1535
315 1589 477 1645 Πόλει
509 1590 794 1661 Χερσῶνος
826 1587 913 1640 καὶ
949 1587 1275 1660 προσοίκοισ
1305 1594 1608 1662 Χερσῶνος,

318 1682 575 1749 Ζητοῦσιν
611 1675 769 1730 αὐτὸν
804 1673 1011 1729 ἀνελεῖν
1036 1676 1363 1753 πεφευγότα,

315 1769 406 1825 :Ex.
440 1764 598 1820 τῶνδ’
633 1766 807 1835 ἀνῆψε
834 1766 1069 1836 θυμικὴν
1103 1762 1336 1841 σφοδρὰν
1367 1764 1549 1843 φλόγα

315 1854 407 1915 Εἷς
433 1850 607 1908 τῶνδε
634 1851 1004 1927 πυρπόλησιν,
1040 1853 1113 1913 εἶς
1150 1850 1404 1925 ἐρημίαν·

319 1943 577 2017 Στρατιάν
613 1940 805 1995 οὐκοῦν
841 1941 1155 2016 εὐτρεπίσας
1204 1942 1425 2017 μυρίαν.

168 2037 281 2090 1540
318 2035 413 2090 Καὶ
449 2031 702 2085 ναυτικὸν
738 2031 1042 2104 στράτευμα
1075 2031 1165 2084 σὺν
1199 2033 1352 2106 βαρεῖ
1384 2032 1565 2106 στόλῳ

316 2122 431 2195 Ἐφ’
464 2122 535 2173 ὠν
569 2120 754 2197 ἐφίστα
783 2119 872 2173 καὶ
905 2124 1218 2196 στρατηγῶν
1256 2118 1445 2189 δυάδα,

324 2213 650 2284 Πρηστῆρας
683 2208 998 2283 ἐκπεπομφε
1027 2210 1161 2263 κατά
1195 2215 1504 2285 Χερσῶνος·

324 2296 504 2353 Φειδὼ
536 2296 793 2358 κελεύσας
825 2294 1053 2369 μηδενὸς
1089 2293 1459 2367 λαϐεῖνλὸλως

320 2390 417 2449 Οἷς
448 2390 484 2456 ἡ
516 2386 677 2447 πόλις
702 2389 908 2460 πέφυκε
937 2387 1361 2460 κατοικουμένη,

170 2480 286 2533 1545
324 2479 541 2533 Κτεῖναι
573 2473 630 2529 δὲ
662 2474 862 2537 πάντας
897 2475 969 2537 ὡς
995 2471 1282 2550 προϐάτιον
1319 2476 1544 2551 άγὲλην,

325 2565 645 2623 Κτείνοντας
679 2563 1051 2636 ἐκτέμνοντας,
1087 2561 1159 2618 ὢν
1186 2564 1490 2641 τραγῳδίας

320 2658 690 2728 Πιμπρῶντας
719 2652 913 2713 αὐτοὺς
942 2652 1311 2727 ἐκθερίζοντας
1343 2655 1505 2732 ξίφει,

321 2745 380 2796 Οἱ
417 2745 513 2814 μὲν
546 2742 708 2797 πόλιν
743 2740 984 2811 ἔπλησαν
1016 2739 1159 2796 οὕτω
1191 2747 1285 2797 τοῦ
1316 2742 1505 2820 φόνου,

321 2833 542 2894 Μύσους
574 2832 618 2885 τ’
650 2830 868 2904 ἐναγοῦς
900 2832 989 2884 καὶ
1023 2836 1334 2905 στεναγμῶν
1368 2834 1456 2887 καὶ
1486 2833 1629 2907 γόων

174 2924 292 2978 1550
329 2920 553 2997 Σωροὺς
584 2920 975 2989 ἀναστήσαντες
1008 2919 1141 2993 αὐτῇ
1174 2922 1508 2994 πτωμάτων,

321 3017 405 3072 Ὧς
436 3009 616 3087 σφίσιν
642 3007 945 3076 ἐντέταλτο,
980 3014 1098 3083 φεῦ,
1132 3014 1229 3084 φεῦ
1258 3015 1354 3065 τοῦ
1386 3011 1588 3074 πάθους
1620 3013 1631 3068 ί

327 3098 465 3158 Οὐδ’
486 3099 712 3167 ἀνεκτὴν
744 3093 986 3170 ὄμμασιν
1010 3098 1241 3172 ἡμέροις
1274 3100 1418 3169 θέαν,

330 3190 539 3250 Πάντας
571 3185 805 3265 ἀφειδῶς
843 3184 1135 3260 ὑπάγοντες
1166 3192 1243 3260 τῷ
1274 3189 1433 3267 ξίφει,

326 3278 516 3349 Μόνης
544 3276 725 3351 ἀώρου
755 3275 963 3346 νηπίων
997 3275 1216 3344 ἡλικίας

170 3369 293 3426 1555
330 3368 430 3422 Καὶ
462 3365 821 3441 μειρακίσκων
857 3369 1154 3437 συμπαθῶς
1186 3368 1560 3443 πεφεισμένοι.

328 3459 389 3515 Ὀ
425 3453 484 3511 δὲ
509 3459 720 3528 κρατῶν
753 3452 912 3530 γνοὺς
942 3454 1154 3524 νηπίων
1182 3455 1476 3529 σωτηρίαν,

332 3546 585 3617 Φάλαρις
616 3546 649 3613 ἢ
682 3546 917 3618 Ἔχετος
942 3542 1197 3617 Ἡρώδης
1228 3542 1423 3619 πλέον,

327 3634 484 3689 Κύων
515 3635 542 3688 ὁ
576 3630 928 3709 φιλαίματος,
962 3631 1261 3707 ἐξώργιστό
1296 3654 1437 3703 πως,

332 3727 433 3786 Οἷς
462 3721 631 3778 ταῦτα
666 3723 741 3794 μὴ
776 3721 1020 3797 γένοιντο
1054 3723 1324 3797 πάρεργον
1360 3726 1597 3795 σπάθης’

170 3817 290 3871 1560
327 3814 428 3869 Καὶ
466 3816 681 3885 μηνιῶν
714 3812 806 3880 ἦν,
838 3812 925 3865 καὶ
958 3811 1162 3866 στελεῖν
1197 3811 1367 3867 ἄλλον
1401 3814 1597 3870 στόλον

327 3903 609 3978 Δράσοντα
637 3902 737 3969 τήν
771 3898 978 3974 δῄωσιν
1011 3899 1233 3970 ἠπείλει
1258 3904 1453 3978 τάχος·

327 3993 490 4048 Ταῦτ’
522 3990 625 4065 ἄρα
655 3988 790 4051 λαὸς
821 3992 1103 4064 Χερσῶνος
1136 3991 1501 4065 Λελειμμένος

334 4081 547 4145 Στόλος
574 4103 633 4136 τε
662 4082 849 4157 παρὼν
879 4080 938 4136 ἐκ
973 4081 1241 4156 βασιλέως
1268 4083 1393 4138 τότε

333 4172 751 4240 Ἀποστατήσας
783 4168 1121 4225 Φιλιππικὸν
1157 4169 1434 4243 Βαρδάνην

176 4264 299 4319 1565
335 4261 514 4320 Εὐθὺς
539 4259 929 4336 ἀνευφήμησαν
961 4260 1037 4321 ὡς
1073 4259 1317 4335 βασιλέα·

335 4351 469 4408 Μεθ’
504 4347 564 4403 οὗ
595 4347 1059 4410 καταπλεύσαντες
1090 4351 1222 4417 ἧκον
1258 4350 1332 4412 εἷς
1363 4352 1553 4420 πόλιν,

331 4441 435 4495 Καὶ
470 4434 837 4499 συλλαϐόντες
872 4436 1205 4511 ἐκθερίζουσι
1238 4440 1377 4517 ξίφει

333 4531 518 4602 Κάραν
546 4528 846 4604 φονουργὸν
876 4528 1141 4602 κράτορος
1174 4528 1265 4582 συν
1298 4536 1377 4601 τῷ
1408 4534 1576 4607 γόνῳ.

286 4636 710 4693 ΦΙΛΙΠΙΙΙΚΟΣ
753 4634 796 4689 Ο
836 4637 946 4689 ΚΑΙ
988 4634 1363 4692 ΒΑΡΔΑΝΗΣ
1406 4640 1515 4697 ET.
1558 4642 1614 4698 B'
1646 4662 1696 4706 ς.

336 4723 502 4783 Οὕτω
537 4724 631 4796 μὲν
660 4718 790 4797 ἔσχε
821 4721 1167 4786 Φιλιππικὸς
1196 4725 1258 4779 τὸ
1283 4728 1503 4802 κράτος,

176 4816 297 4871 1570
336 4817 527 4870 Δοκῶν
564 4813 659 4884 μὲν
694 4813 829 4866 εἶναι
863 4810 1156 4886 ῥητορικὸς
1187 4813 1238 4867 ἐν
1274 4814 1484 4890 λόγοις,

340 4897 662 4972 Ἐπήϐολος
697 4898 865 4975 λόγον
896 4921 954 4954 τε
982 4900 1071 4955 καὶ
1105 4906 1467 4977 μαθημάτων,

342 4991 447 5046 Καὶ
476 4990 611 5064 πρός
640 5010 692 5043 τι
721 4995 824 5043 πᾶν
860 4988 1028 5063 εὐχρη
1041 5010 1164 5055 στος
1202 4990 1252 5045 ἐν
1284 4996 1607 5071 συνουσίαις,

340 5080 491 5157 Πρὸς
522 5076 567 5134 δ’
600 5077 664 5133 αὖ
696 5075 996 5153 περιδέξιος
1026 5077 1078 5133 ἐν
1114 5083 1444 5158 συνττχίαις·

338 5166 588 5239 Ἀδὲξιος
618 5170 842 5240 πάμπαν
878 5164 935 5222 δὲ
965 5170 1100 5244 πρὸς
1130 5170 1194 5224 τὰ
1224 5173 1484 5245 πρακτέα,

178 5260 303 5317 1575
340 5260 460 5329 Τὴν
494 5258 747 5335 γλῶσσαν
784 5257 970 5331 αὐχῶν
999 5260 1074 5331 μὴ
1109 5259 1437 5331 συνᾴδουσαν
1466 5262 1657 5342 λόγοις

339 5348 517 5410 Οὗτος
550 5346 819 5408 πεπωκὼς
851 5352 1194 5422 συγχυτικῶν
1219 5350 1470 5423 ναμάτων

338 5434 609 5494 ’Ἑσπευδε
638 5433 805 5497 τάλας
838 5434 1114 5509 ἀκυρῶσαι
1150 5440 1394 5512 καθάπαξ

341 5528 610 5601 Σόστημα
639 5528 848 5581 σεπτῶν
882 5524 1146 5602 Πατέρων
1180 5531 1481 5606 θεηγόρων,

241 5709 354 5783 (28)
384 5711 474 5767 Ita
503 5710 717 5779 codex;
750 5723 879 5780 quis
910 5709 1088 5767 lectio
1117 5711 1526 5786 improbabilis
1557 5719 1807 5778 videtur.

1810 506 1859 571 Α
1895 506 1963 560 ad
1998 504 2380 576 Bulgarorum
2417 521 2608 577 regem
2643 506 2853 577 raptim
2887 508 3117 563 advolat
3150 526 3162 563 :

1896 611 2009 665 quo
2043 594 2269 666 magnis
2302 595 2412 649 sibi
2439 596 2608 650 donis
2640 595 2950 650 conciliato

1894 682 2105 739 oblatis
2136 685 2310 739 etiam
2347 684 2570 756 nuptiis
2602 688 2656 739 et
2685 686 2855 739 terris
2888 686 3130 757 aliquot,

1895 788 2027 827 cum
2063 772 2364 827 barbarico
2397 773 2646 828 exercitu
2682 774 2749 829 ad
2786 775 2987 830 urbem
3021 776 3194 843 venit,

1894 877 2289 931 arcanumque
2322 862 2729 932 aquaeductum
2765 868 2938 918 noctu
2972 880 3280 935 permeans

1894 948 2050 1004 intra
2080 948 2339 1021 Byzantii
2376 951 2587 1006 mmnia
2620 951 2916 1023 recipitur.

1896 1037 1989 1092 Sic
2019 1054 2154 1109 ergo
2188 1055 2395 1094 rursus
2426 1040 2733 1111 imperium
2762 1039 3131 1112 adipiscitur.

1896 1126 2133 1181 Leontio
2165 1144 2297 1181 cum
2332 1128 2641 1200 Apsimaro
2673 1129 3014 1198 interfectis,

1896 1214 1996 1285 qui
2030 1214 2363 1271 alternatim
2398 1222 2567 1272 antea
2602 1223 3002 1289 regnaverant.

2148 1322 2660 1378 RHINOTMETUS
2712 1324 2989 1379 ITEBUM
3034 1326 3150 1381 AN.
3196 1325 3290 1381 VI.

1897 1409 2039 1465 Exin
2073 1414 2129 1466 et
2161 1418 2460 1467 senatores
2492 1413 2783 1468 interfecit
2814 1413 3058 1484 aliquot.

1898 1500 2046 1553 Tum
2083 1498 2308 1555 ultricis
2338 1501 2433 1555 ira:
2468 1502 2726 1557 fomitem
2761 1505 2933 1558 corde
2961 1520 3167 1573 gerens

1900 1593 2103 1643 contra
2147 1589 2499 1646 Chersonem
2535 1596 2854 1662 contraque
2886 1593 3064 1663 hujus
3097 1594 3401 1665 finitimos,

1900 1677 2000 1747 qui
2034 1692 2093 1732 se
2130 1684 2416 1733 extorrem
2452 1681 2690 1751 perdere
2724 1682 3197 1753 coniuraverant,

1902 1782 2057 1820 nunc
2086 1766 2321 1822 demum
2356 1768 2623 1822 excitavit
2656 1770 2952 1840 ingentem
2989 1771 3287 1827 flammam

1824 1867 1871 1932 Β
1905 1859 1965 1908 ut
1996 1872 2093 1910 eos
2127 1856 2259 1926 igne
2283 1856 2570 1927 redigeret
2600 1857 2657 1912 in
2691 1858 3097 1915 solitudinem.

1902 1942 2088 2014 Igitur
2120 1952 2455 2015 comparato
2491 1946 2711 2015 ingenti
2734 1947 3011 2014 exercitu,

1903 2048 2036 2087 cum
2071 2032 2369 2088 maritimo
2404 2033 2585 2088 milite
2610 2039 2666 2089 et
2700 2034 2885 2091 classe
2918 2038 3098 2107 gravi,

1902 2122 2130 2177 duobus
2162 2122 2335 2177 etiam
2371 2124 2703 2195 praepositis
2735 2125 3010 2190 ducibus,

1904 2210 2201 2282 fulgurum
2238 2212 2422 2266 instar
2452 2217 2653 2268 contra
2683 2213 3036 2271 Chersonem
3072 2216 3261 2285 misit;

1906 2301 2195 2356 mandans
2230 2306 2293 2357 ut
2324 2302 2545 2356 nemini
2580 2319 2820 2372 prorsus
2854 2310 3176 2374 parcerent,

1906 2393 2194 2459 quotquot
2224 2389 2281 2444 in
2317 2390 2459 2444 urbe
2490 2390 2643 2444 cives
2675 2390 3031 2459 habitarent,

1906 2478 2008 2533 sed
2041 2482 2281 2533 cunctos
2313 2478 2426 2533 ritu
2462 2479 2751 2549 pecudum
2785 2480 3193 2536 interficerent.

1910 2568 2239 2633 mactando,
2266 2567 2598 2637 jugulando
2632 2567 2767 2639 (heu
2804 2570 3145 2641 tragmdiam
3178 2571 3215 2639 l)

1911 2655 2131 2710 urendo
2162 2656 2437 2723 ﬂammis,
2472 2656 2681 2727 gladiis
2713 2658 3082 2713 demetendo.

1908 2742 1995 2798 Illi
2028 2744 2111 2798 sic
2133 2744 2288 2812 jussi
2319 2744 2477 2799 caade
2509 2744 2810 2815 replerunt
2842 2748 3071 2815 urbem,

1910 2833 2167 2888 infandis
2198 2834 2456 2888 caedibus
2488 2840 2543 2888 et
2575 2835 2733 2889 luctu
2766 2840 2822 2890 et
2852 2836 3211 2906 gemitibus;

1911 2927 2440 2994 exstruxeruntque
2462 2922 2520 2977 in
2555 2924 2697 2979 urbe
2736 2922 3034 2995 ingentem
3067 2924 3375 2981 cumulum

1915 3012 2171 3082 aggestis
2203 3011 2585 3067 cadaveribus
2618 3014 2745 3083 (pro
2781 3013 3079 3069 miseriam
3102 3013 3140 3085 l)

1916 3099 2349 3155 intolerandum
2379 3100 2623 3156 mitibus
2651 3102 3075 3172 spectaculum,

1920 3190 2147 3245 cunctis
2179 3188 2558 3244 inclementer
2587 3191 2899 3247 trucidatis
2934 3192 3178 3249 civibus.

1921 3279 1997 3334 Ex
2029 3278 2120 3334 his
2145 3278 2460 3336 infantium
2492 3282 2721 3335 tantum
2751 3282 2959 3336 acerba
2990 3286 3129 3338 aetas

1919 3385 1985 3424 ac
2017 3367 2349 3439 puellorum
2382 3370 2597 3423 meruit
2627 3369 3018 3425 clementiam.

1920 3461 1993 3513 At
2021 3457 2120 3513 ubi
2155 3474 2251 3512 rex
2283 3460 2554 3529 cognovit
2586 3463 2848 3514 servatos
2880 3476 3118 3530 pueros,

1923 3546 2186 3603 Phalaris
2218 3547 2384 3614 alter,
2419 3548 2696 3618 Echetus,
2734 3549 3009 3619 llerodes,

1923 3638 2086 3691 canis
2119 3636 2237 3692 imo
2264 3641 2564 3705 cruentus,
2600 3637 2685 3693 ira
2712 3639 3047 3707 excanduit,

1924 3726 2080 3797 quod
2116 3726 2236 3781 haec
2270 3726 2557 3781 mantissa
2592 3726 2732 3781 credi
2766 3744 2877 3782 non
2913 3728 3246 3785 accesserit.

1922 3817 2171 3887 Jamque
2197 3816 2445 3880 furebat,
2479 3821 2537 3871 et
2569 3820 2770 3872 statim
2803 3833 3011 3872 novam
3046 3817 3296 3875 classem

1926 3904 2081 3959 exitii
2117 3921 2295 3960 causa
2323 3905 2647 3960 missurum
2679 3921 2740 3961 se
2773 3906 3147 3975 minabatur;

1926 3994 2162 4049 interim
2195 3997 2393 4049 tamen
2426 3993 2687 4064 reliquus
2713 3995 3029 4052 Chersonis
3060 3996 3314 4069 populus

1928 4100 2061 4139 cum
2093 4082 2280 4139 classe
2312 4084 2470 4155 regia
2501 4089 2642 4140 tunc
2671 4084 2747 4139 ibi
2784 4089 3068 4156 praesente

1929 4172 2225 4228 conversis
2256 4172 2437 4227 armis
2469 4172 2863 4244 Philippicum
2897 4175 3219 4231 Bardanem

1931 4262 2125 4316 subito
2162 4266 2319 4317 motu
2349 4261 2633 4317 Caesarem
2665 4264 3072 4319 acclamarunt
3106 4280 3119 4319 :

1931 4367 2046 4421 quo
2075 4351 2221 4406 duce
2253 4351 2319 4405 ad
2357 4351 2561 4407 urbem
2594 4351 2816 4423 regiam
2850 4352 3194 4425 navigantes
3228 4368 3241 4408 :

1930 4440 2263 4496 Justiniano
2297 4439 2490 4511 potiti,
2513 4439 2708 4511 gladio
2743 4440 3049 4497 demetunt

1933 4532 2061 4601 ejus
2084 4529 2318 4585 credule
2350 4533 2525 4601 caput.
2555 4535 2611 4585 et
2642 4529 2745 4585 filii
2779 4530 3018 4601 pariter.

1855 4594 1903 4659 θ
1958 4594 2441 4693 ίΡΗιιιιΡρῐουέ
2482 4594 2856 4693 ΒριιιυΑΝιῖῑε
2897 4638 3013 4693 AN.
3060 4638 3125 4693 II.
3169 4638 3382 4696 MENS.
3423 4638 3520 4693 vr.

1933 4731 2123 4798 Atque
2155 4726 2239 4781 ita
2270 4724 2583 4797 imperium
2615 4726 2872 4782 obtinuit
2899 4727 3283 4800 Philippicus,

1932 4817 2021 4871 vir
2042 4830 2311 4871 sermone
2342 4814 2580 4886 quidem
2615 4815 2938 4870 admodum
2971 4816 3327 4885 rhetoricus,

1934 4905 2217 4961 doctrinis
2249 4908 2427 4975 atque
2460 4903 2672 4959 litteris
2706 4904 2993 4968 eruditus.

1937 4994 2100 5049 omni
2132 4992 2376 5049 consilio
2409 4993 2719 5050 abundans
2752 4992 2811 5048 in
2844 4993 3179 5067 colloquiis,

1936 5089 2214 5157 praeterea
2243 5082 2387 5139 satis
2419 5083 2617 5138 dexter
2643 5083 2701 5138 in
2732 5084 2909 5139 variis
2940 5085 3180 5141 casibus
3208 5103 3221 5153 ;

1939 5176 2042 5232 sed
2074 5178 2273 5231 tamen
2307 5175 2377 5229 ad
2410 5173 2697 5246 gerendas
2730 5189 2821 5229 res
2849 5174 3107 5246 ineptus,

1936 5282 2086 5321 vana
2111 5265 2315 5337 lingua
2348 5262 2632 5336 praeditus
2662 5262 2820 5318 haud
2853 5264 3025 5320 factis
3050 5267 3464 5321 consentanea.

1938 5356 2082 5411 Cum
2115 5354 2210 5410 hic
2240 5353 2615 5426 synchyticos
2648 5352 2839 5409 fontes
2871 5353 3175 5424 ebibisset,

1940 5446 2143 5502 statim
2175 5444 2290 5500 heu
2323 5443 2506 5499 miser
2536 5443 2817 5514 abrogare
2846 5443 3037 5499 voluit

1940 5535 2123 5608 impio
2151 5533 2467 5592 stultorum
2500 5532 2773 5605 synedrio
2806 5532 3241 5603 haereticorum,
