4208 6430
191 317 249 371 73
1698 317 2055 371 ΟΕΒΔΒΕΒ.

346 433 640 506 Μοναδικῷ
669 437 907 509 τάγματι
938 433 1354 511 κατειλεγμένος
1393 455 1404 466 ·

193 528 314 584 1635
352 525 448 579 Καὶ
480 525 726 597 καθαρῶς
759 521 952 599 εἶ’ληφε
980 525 1080 591 τήν
1110 522 1484 598 σκηπτουχίαν

350 615 490 675 Νέος
524 609 811 673 Θεοδόσιος
843 609 943 681 ἔξω
966 609 1254 682 κινδύνων,

349 702 598 776 Χρηστὸς
628 701 722 772 μὲν
747 700 880 774 ἀνὴρ
915 701 1148 772 εὐμενὴς
1181 700 1468 772 ὑπηκόοις,

348 789 512 850 Ἦδὺς
543 789 771 863 γεραρὸς
805 788 893 842 καὶ
926 789 1120 861 σεμνὸν
1149 788 1323 865 φέρων
1363 787 1478 862 βίον
1515 809 1526 822 -

350 879 443 939 Εἰς
474 877 520 931 δ’
552 876 615 931 αῦ
641 877 1012 952 μεταχείρισιν
1047 877 1282 952 ἀρχικήν
1317 875 1462 937 ὅλως

190 971 311 1025 1640
349 969 419 1023 ‘ll
456 965 657 1021 διέπειν
687 968 980 1040 πράγματα
1005 963 1350 1037 πλημμελής
1382 964 1519 1018 πάνυ
1553 984 1565 997 ·

349 1058 450 1117 Ὃς
480 1054 747 1130 κληρικὸς
775 1055 1003 1128 κέκαρτο
1036 1053 1214 1109 λιπὼν
1247 1055 1308 1108 τὸ
1339 1055 1534 1128 κράτος

354 1143 508 1202 Μετά
531 1164 590 1198 τε
625 1142 835 1218 βραχὺν
857 1149 958 1212 τῆς
990 1141 1267 1217 βασιλείας
1293 1142 1516 1218 χρόνον.

549 1265 727 1314 ΛΕΩΝ
771 1263 809 1311 Ο
852 1259 1148 1316 ΙΣΑΥΡΟΣ
1191 1261 1298 1315 ΕΤ.
1341 1265 1456 1315 ΚΔ’.

354 1360 711 1430 Τυραννικῶς
744 1352 802 1409 δὲ
830 1360 1154 1427 κατακρατεῖ
1181 1359 1277 1408 τοῦ
1309 1357 1538 1429 κράτους

352 1447 415 1501 Ὀ
448 1441 732 1520 θηριώδης
763 1443 814 1514 ἐξ
848 1443 1113 1517 Ἰσαυρίας
1147 1445 1295 1498 Λέων

189 1537 318 1592 4645
354 1535 526 1605 Ἀνὴρ
560 1532 834 1609 ἀποφρὰς,
865 1527 1154 1600 δυσσεϐὴς,
1183 1534 1538 1607 κακεργάτης,

351 1623 664 1696 Ἀνήμερος
688 1623 791 1695 θήρ
823 1621 911 1675 καὶ
934 1618 1190 1698 δαφοινός
1221 1641 1303 1682 τις
1337 1617 1574 1696 δράκων,

356 1711 545 1773 Ἀσπὶς
576 1711 659 1764 ἱὸν
689 1709 958 1788 τρέφουσα
988 1705 1386 1787 θανατηφόρον,

353 1798 583 1873 Τελχῖν,
611 1798 840 1872 ἐριννὺς,
874 1793 1150 1873 κέρϐερος,
1183 1797 1556 1874 ψυχοφθόρος,

355 1891 424 1945 Ἢ
463 1887 780 1962 βασιλίσκος
813 1886 1166 1961 ἐμφυσήματι
1206 1886 1378 1958 μόνῳ,

192 1981 320 2035 1650
357 1977 593 2051 Βροτοὺς
627 1977 863 2048 ἀναιρῶν
894 1975 982 2029 καὶ
1013 1976 1392 2050 παραπέμπων
1423 1969 1551 2049 ᾅδῃ,

359 2067 580 2135 Λύσσης
614 2064 807 2138 μανίας
837 2063 1296 2136 ἂμπεπλησμένος
1327 2063 1492 2133 κύων,

360 2154 702 2228 Ἐπωνύμως
733 2154 914 2209 λέοντι
943 2154 1116 2208 πάντα
1145 2151 1424 2224 δεικνύων,

355 2243 736 2319 Ηροσηγορίαν
770 2243 844 2306 ὡς
873 2240 930 2298 δὶ
963 2240 1261 2315 θηριωδίαν

350 2334 458 2390 Καὶ
499 2333 725 2410 βλέμμα
753 2332 842 2387 καὶ
873 2331 1080 2404 νίνημα
1100 2333 1191 2386 καὶ
1225 2329 1553 2406 φονουργίαν
1591 2349 1604 2362 ·

190 2427 322 2481 1655
358 2425 456 2485 Ὃς
492 2428 709 2498 πρῶτος
737 2422 972 2491 ἠθέτησε
999 2421 1167 2492 τιμὴν
1201 2419 1452 2488 εἴκόνων,

355 2514 453 2567 Καὶ
489 2510 585 2567 τοῦ
615 2515 776 2584 τιμᾷν
803 2507 1002 2566 ἔπαυσε
1032 2512 1268 2585 Χριστοῦ
1298 2511 1388 2565 τὸν
1423 2509 1616 2577 τύπον,

355 2600 714 2673 Ἰνδάλματα,
746 2604 842 2676 φεῦ
868 2601 880 2655 ί
909 2596 1139 2661 καλέσας
1168 2599 1262 2661 τὰς
1296 2598 1506 2660 εῗκόνας
1537 2619 1548 2632 ·

361 2692 452 2753 Ὡς
488 2691 770 2766 αἱρετικῶν
807 2683 1012 2744 ἀσεϐῶν
1048 2685 1398 2763 διδαγμάτων

360 2777 888 2852 Θησαυροφυλάκιον
922 2778 1109 2852 αὐχῶν
1137 2774 1357 2850 καρδίαν
1394 2795 1407 2809 ·

193 2871 324 2925 1660
364 2869 540 2941 ’Δνὴρ
572 2864 829 2943 ἄγροικος
861 2866 1160 2929 σκαπανεὺς
1191 2863 1468 2935 ὀνηλάτης

360 2957 603 3028 Πρόσθεν
640 2955 754 3031 βίον
792 2954 1051 3030 βάναυσον
1077 2951 1251 3009 ἕλκων
1285 2953 1345 3008 ἐκ
1373 2956 1520 3023 νέου,

359 3047 476 3103 Εἶτ’
507 3044 881 3119 αὐτοκράτωρ,
916 3043 960 3098 ὣ
991 3048 1124 3099 Θεοῦ
1153 3048 1261 3098 τῶν
1291 3044 1571 3118 χριμάτων
1603 3043 1614 3097 l

359 3135 464 3192 Καὶ
502 3132 756 3209 βασιλεὺς
788 3129 1029 3187 δέδεικτο
1056 3137 1157 3198 τῆς
1180 3129 1490 3204 Ῥωμαῖδος

356 3223 432 3277 Ού
465 3221 678 3294 μᾶλλον
711 3223 746 3292 ἢ
767 3221 1026 3296 τύραννος
1062 3221 1530 3294 ἀνθρωποκτόνος.

190 3316 321 3370 1665
357 3316 455 3384 Τῷ
484 3310 528 3366 δ’
563 3312 879 3386 ἐντυχόντες
907 3308 1096 3386 ἄνδρες
1128 3305 1396 3383 Ἑϐραίων
1430 3306 1527 3364 δύο

359 3403 566 3473 Γόητες
597 3399 776 3477 ἄκρως
815 3401 1052 3476 μαγικήν
1085 3401 1388 3473 ἠσκημένοι

362 3494 455 3562 Ἐξ
490 3487 770 3567 Ἀῥράϐων
799 3493 1070 3566 ἄρχοντος
1098 3488 1483 3566 ἐκπεφευγότες
1519 3507 1533 3522 ο

364 3580 652 3658 Ὠφθέντες
685 3581 760 3643 ὡς
785 3579 1005 3658 φένακες
1038 3578 1185 3651 αύτῷ
1213 3578 1303 3633 καὶ
1334 3578 1555 3648 πλεινοι⁹

366 3665 662 3743 Διατριϐἀς
691 3667 878 3744 ἔχοντι
909 3670 1024 3724 κατ’
1056 3667 1322 3742 Ἰσαυρίαν

193 3761 326 3817 1670
365 3760 498 3831 Νέῳ
533 3757 784 3834 βαναύσῳ
814 3760 904 3812 καὶ
937 3756 1128 3826 πένητι
1159 3755 1398 3826 καθάπαξ

366 3853 643 3924 Προεῖπον
677 3845 824 3920 αύτῷ
853 3846 916 3902 τὸ
946 3847 1144 3922 κράτος
1176 3843 1502 3917 Ῥωμαίδος.

364 3941 476 3992 Τοῦ
508 3935 555 3991 δ’
576 3935 894 4011 ἀφορῶντος
926 3935 1062 4010 πρὸς
1092 3933 1269 4008 τύχην
1302 3933 1392 3988 καὶ
1422 3934 1522 4001 τὴν
1549 3933 1772 4008 τέχνην,

369 4024 746 4102 Προρῥήσεώς
775 4030 821 4078 τ’
853 4018 1069 4079 ἔκϐασιν
1106 4025 1181 4098 μή
1207 4021 1551 4099 δεδεγμένου,

367 4118 434 4171 Οἱ
465 4113 510 4170 δ’
538 4114 786 4191 ἰσχυρῶς
815 4109 1046 4192 ἔφασκον
1079 4107 1300 4182 ἐκϐῆναι
1330 4110 1480 4182 τάδε,

193 4208 330 4265 1675
370 4212 577 4275 ’ᾘτουν
615 4225 667 4260 τε
696 4205 926 4267 πίστεις.
958 4201 1007 4258 εἴ
1029 4204 1196 4274 πέρας
1227 4203 1593 4279 πεφασμένοις

369 4297 628 4367 ’Ἑψοιτο,
659 4298 849 4367 τυχεῖν
877 4289 1070 4346 τούσδε
1098 4289 1475 4363 καταθυμίων,

372 4384 479 4441 Καὶ
513 4381 579 4452 δὴ
612 4383 912 4459 προαχθεὶς
943 4380 1134 4454 ὀμνύει
1167 4380 1345 4455 σφίσιν
1379 4377 1520 4446 νέος,

370 4479 450 4528 Ἦ
487 4473 593 4545 μὴν
625 4473 884 4545 ἁμαρτεῖν
915 4467 1171 4541 οὐδαμῶς
1205 4468 1541 4541 αἰτουμένων

376 4563 593 4634 Καιροῦ
625 4557 869 4620 διδόντος
892 4564 992 4628 τὴν
1027 4552 1240 4612 ἔκϐασιν
1270 4561 1378 4611 τῶν
1413 4556 1618 4630 λόγων.

201 4653 338 4708 1680
379 4649 540 4708 Ἐπεὶ
574 4646 620 4703 δ’
649 4643 946 4718 ἐπιϐέϐηκε
973 4651 1081 4702 τῶν
1113 4647 1404 4718 σκήπτρων
1434 4645 1607 4714 Λέων,

382 4740 528 4802 Δυάς
559 4733 821 4814 Ἐϐραίων
852 4741 932 4808 τῷ
960 4739 1245 4812 κρατοῦντι
1276 4736 1626 4810 προστρέχει,

383 4829 820 4901 Ἀναμιμνήσκει
849 4830 958 4880 τῶν
988 4835 1313 4902 προϋπεσχη
1326 4822 1523 4896 μένων,

384 4916 546 4974 Ain?
576 4911 848 4971 σεϐαστῶν
883 4916 1134 4985 ἀθέτησιν
1166 4912 1410 4970 εἷ’κόνων.

384 5007 490 5062 Καὶ
522 5005 763 5070 πείθεται
797 5002 1052 5080 βασιλεὺς
1083 5001 1269 5058 δοῦναι
1302 5003 1464 5078 χάριν

203 5099 343 5155 1685
383 5098 621 5170 ’Ᾱχαριν
645 5092 816 5158 ὅντως
844 5094 932 5148 καὶ
966 5091 1088 5148 λίαν
1121 5091 1476 5167 ψυχοφθόρον

387 5182 669 5258 Ἰουδαϊκῇ
702 5181 856 5238 δυάδι
881 5180 1173 5257 τρισαθλίᾳ
1206 5201 1219 5214 ο

385 5276 563 5347 Νέμει
596 5271 658 5328 δὸ
682 5274 904 5343 ταύτην,
941 5269 986 5325 ὣ
1016 5272 1177 5343 ξένων
1212 5269 1570 5341 ἀκουσμάτων
1599 5271 1611 5325 l

391 5367 605 5433 Καινῆς
631 5359 939 5439 τραγῳδίας
964 5378 1023 5415 τε
1054 5358 1466 5435 δυσηχεστάτης
1505 5377 1518 5392 ο

406 5457 523 5512 Τοῦ
553 5455 952 5528 ⁸χριστομαχεῖν
989 5447 1096 5504 ὧδε
1127 5449 1321 5505 λοιπὸν
1354 5448 1629 5523 ἠργμένος

213 5547 354 5603 1690
396 5545 584 5600 Πάντα
610 5547 860 5619 ταραχῆς
893 5537 1220 5611 ἀναπιμπλᾷ
1247 5536 1337 5592 καὶ
1372 5535 1566 5608 ζάλης.

403 5633 773 5690 Ἐπεισπεσὼν
804 5630 905 5705 γὰρ
938 5629 1015 5692 ὡς
1048 5626 1189 5683 λέων
1225 5628 1531 5702 βρυχητίας

547 5744 818 5806 Paraon.
865 5741 978 5804 Gs.
1025 5738 1282 5802 CXLIII.

1845 440 1899 505 Α
1933 437 2104 507 radit,
2138 438 2431 508 cmtuique
2456 437 2730 508 jungitur
2761 436 3104 492 monastico.

1926 526 2017 579 Sic
2049 525 2370 597 legitimam
2404 525 2627 596 accepit
2659 530 3002 596 potestatem

1928 630 2111 668 novus
2141 613 2504 669 Theodosius
2535 618 2813 684 extraque
2844 612 3040 683 pericli
3073 613 3295 682 aleam;

1930 702 2125 756 indole
2154 702 2243 756 vir
2273 702 2448 767 bona,
2483 701 2736 757 subditis
2767 699 3092 771 benivolus,

1931 790 2149 856 suavis,
2186 791 2575 856 venerandus,
2611 789 2788 844 castis
2820 790 3121 855 moribus;

1931 879 2032 933 sed
2058 880 2129 933 ad
2162 880 2448 950 regendos
2479 884 2675 933 tamen
2705 877 2952 948 imperio
2985 877 3233 948 populos

1932 971 1987 1021 et
2019 983 2108 1020 res
2141 966 2641 1021 administrandas
2672 965 2843 1036 plane
2875 965 3080 1020 futilis.

1934 1060 2122 1121 Quare
2154 1071 2215 1110 se
2242 1059 2451 1126 sponte
2480 1059 2863 1109 exauctorans
2895 1054 2960 1108 ﬁt
2992 1053 3238 1108 clericus

1935 1148 2070 1215 post
2102 1143 2398 1198 modicum
2430 1143 2488 1196 in
2521 1142 2767 1214 imperio
2797 1147 3064 1197 exactum
3096 1147 3350 1214 tempus.

2322 1258 2456 1313 LEO
2500 1257 2800 1313 lSAURUS
2840 1257 2957 1314 ΛΝ,
3001 1257 3199 1311 XXIV.

2009 1365 2148 1420 Exin
2181 1365 2495 1436 imperium
2524 1364 2806 1435 corripuit
2829 1364 3130 1436 tyrannice

1939 1452 2163 1508 ferinus
2195 1452 2291 1507 ille
2323 1469 2392 1508 ex
2418 1452 2645 1508 Isauria
2675 1453 2786 1508 Leo

1938 1542 2223 1597 scelestus
2253 1542 2429 1597 homo
2460 1541 2767 1597 hasreticus
2798 1544 2856 1596 et
2885 1540 3207 1611 maleﬁcus,

1936 1630 2132 1685 bellua
2157 1630 2411 1686 crudelis
2441 1635 2500 1685 et
2529 1631 2704 1686 draco
2737 1629 3176 1701 sanguinarius,

1939 1719 2100 1789 aspis
2129 1735 2418 1780 venenum
2453 1717 2616 1774 alens
2646 1717 2978 1783 exitiosum,

1863 1797 1910 1864 B
1946 1822 2171 1877 magus,
2205 1807 2464 1877 erinnys,
2498 1806 2794 1872 cerberus,
2827 1805 3158 1861 animarum

1938 1896 2142 1968 pestis,
2173 1895 2258 1950 vel
2291 1894 2604 1950 basiliscus
2635 1894 2835 1950 afﬂatu
2869 1894 2994 1949 solo

1937 1985 2215 2041 mortales
2248 1985 2542 2055 perimens
2574 1987 2750 2054 atque
2780 1983 3097 2039 demittens
3130 1999 3284 2050 orco,

1937 2073 2101 2128 rabie
2131 2077 2308 2143 atque
2341 2071 2536 2126 furore
2565 2075 2873 2127 concretus
2903 2073 3089 2140 canis,

1938 2166 2152 2218 cuncta
2180 2161 2366 2217 leonis
2399 2160 2622 2216 nomini
2656 2177 2770 2232 pra:
2804 2176 2866 2215 se
2897 2162 3088 2216 ferens

1938 2267 2217 2322 congrua,
2255 2250 2507 2305 ferinum
2539 2249 2843 2319 ingenium
2877 2248 3080 2315 animi,

1937 2339 2240 2408 intuitum,
2273 2343 2525 2410 gestuin,
2559 2332 3328 2394 homicidiariam'manum.

1941 2429 2172 2484 Primus
2201 2427 2298 2483 hic
2327 2427 2686 2499 imaginibus
2720 2426 3020 2498 abrogavit

1941 2516 2244 2582 honorem,
2278 2517 2581 2588 vetuitque
2611 2515 2720 2570 coli
2752 2515 2968 2570 Christi
2999 2531 3254 2586 crucem,

1939 2606 2227 2678 imagines
2257 2605 2503 2670 habens,
2535 2605 2648 2659 heu
2678 2604 2688 2657 !
2733 2605 2792 2659 in
2825 2603 3115 2659 idolorum
3149 2605 3296 2661 loco.

1940 2695 2230 2750 Nimirum
2261 2693 2355 2749 hic
2387 2693 2709 2748 haeresibus
2741 2693 3177 2749 scelestissimis

1942 2800 2136 2839 arcam
2165 2782 2342 2840 veluti
2375 2781 2623 2854 praebuit
2654 2788 2855 2854 pectus
2887 2797 3057 2837 suum
3092 2799 3104 2837 :

1943 2873 2200 2929 rusticus
2229 2873 2336 2937 vir,
2371 2872 2580 2940 fossor,
2614 2887 2809 2942 agaso,
2843 2871 2940 2942 qui
2977 2889 3010 2927 a
3040 2887 3219 2943 puero

1941 2966 2211 3018 vecturae
2243 2977 2484 3017 onerum
2515 2976 2755 3032 corpore
2787 2976 2892 3016 suo
2927 2961 3161 3030 fecerat,

1942 3051 1994 3106 is
2026 3050 2236 3106 deinde
2262 3050 2580 3121 imperator
2610 3049 2663 3120 (ο
2692 3048 2792 3104 Dei
2823 3049 3108 3120 judicia!)

1868 3163 1911 3233 ρ
1949 3144 2006 3195 et
2036 3155 2130 3195 rex
2156 3143 2388 3194 creatus
2418 3142 2507 3194 est
2538 3141 2930 3194 Romanarum
2965 3155 3184 3204 rerum,

1950 3229 2067 3284 imo
2099 3227 2294 3299 potius
2326 3231 2612 3296 tyrannus
2645 3225 2962 3303 homicida.

1945 3317 2091 3372 Huic
2113 3316 2252 3372 olim
2285 3319 2657 3372 occurrentes
2688 3315 2874 3370 Judaei
2906 3316 3018 3371 duo

1946 3405 2421 3478 praestigiatores,
2455 3405 2663 3475 magiae
2695 3404 2865 3476 periti
2902 3405 3187 3476 apprime,

1947 3497 2019 3552 ab
2052 3496 2311 3550 Arabum
2345 3494 2607 3566 principe
2640 3498 2899 3550 extorres
2933 3495 3088 3562 facti,

1947 3585 2039 3639 cui
2075 3585 2429 3655 impostores
2459 3582 2737 3654 plenique
2767 3582 2879 3637 visi
2909 3588 3096 3646 erant,

1947 3673 2107 3740 huic,
2141 3674 2407 3743 inquam,
2438 3671 2497 3726 in
2530 3670 2756 3726 Isauria
2783 3672 3014 3743 degenti
3049 3673 3242 3728 adhuc

1949 3761 2307 3819 adolescenti
2339 3761 2539 3831 bajulo
2570 3765 2624 3816 et
2656 3777 2896 3832 prorsus
2936 3763 3179 3834 pauperi

1951 3851 2198 3907 Romani
2228 3849 2458 3921 imperii
2493 3853 2787 3920 sceptrum
2815 3851 3228 3920 praedixerunt.

1949 3943 2005 3997 Is
2036 3956 2169 3997 cum
2203 3939 2493 3994 fortunam
2528 3955 2695 3994 suam
2725 3943 3026 4011 artemque
3054 3940 3388 4012 inspiceret,

1950 4028 2427 4085 vaticinationem
2461 4027 2778 4083 veridicam
2811 4045 2926 4084 non
2959 4031 3244 4100 putabat;

1952 4119 2036 4173 illi
2065 4118 2443 4173 vehementer
2473 4115 2553 4170 rei
2586 4115 2804 4171 exitum
2845 4119 3294 4187 promittebant,

1953 4209 2250 4279 ﬁdemque
2281 4203 2686 4276 postulabant,
2721 4206 2771 4260 si
2804 4204 2955 4260 facta
2984 4211 3376 4278 congruerent

1955 4296 2151 4362 dictis,
2183 4299 2245 4350 ut
2273 4294 2390 4349 voti
2423 4294 2516 4349 sui
2550 4297 2851 4365 compotes
2881 4295 2954 4349 ab
2977 4312 3042 4351 eo
3075 4297 3304 4352 fierent.

1954 4386 2105 4457 Ergo
2137 4387 2441 4456 permotus
2464 4382 2703 4453 juvenis
2729 4383 2989 4452 juratam
3024 4385 3200 4440 fidem

1958 4473 2193 4540 obtulit,
2228 4473 2348 4527 fore
2381 4476 2446 4526 ut
2475 4471 2561 4525 illi
2597 4471 2926 4542 impetratis
2961 4474 3277 4544 gaudeant,

1963 4561 2018 4618 sf
2046 4561 2303 4616 vaticinii
2337 4559 2554 4615 exitum
2588 4564 2824 4630 tempus
2856 4560 3079 4616 afferat.

1968 4651 2111 4706 Cum
2144 4665 2280 4722 ergo
2313 4652 2616 4720 sceptrum
2652 4665 2858 4720 reapse
2890 4649 3143 4704 obtinuit
3175 4650 3302 4717 Leo,

1971 4742 2041 4797 ad
2074 4741 2487 4810 imperatorem
2523 4743 2841 4793 accurrunt
2867 4737 3052 4793 Judaei
3087 4740 3226 4810 duo,

1974 4832 2291 4886 admonent
2317 4826 2766 4898 promissorum,
2800 4833 3123 4898 petuntque
3155 4829 3227 4884 ab
3258 4845 3324 4885 eo

1974 4927 2040 4974 nt
2069 4917 2430 4973 venerandas
2458 4917 2748 4988 imagines
2779 4916 2906 4973 tolli
2939 4922 3121 4974 curet.

1976 5006 2197 5064 Annuit
2225 5006 2545 5077 imperator
2576 5009 2642 5059 ut
2670 5005 3022 5061 beneficium

1981 5096 2316 5152 maleﬁcum
2349 5110 2502 5162 vere,
2536 5094 2850 5149 animabus
2881 5094 3390 5162 exitiosissimum,

1982 5204 2089 5258 par
2117 5186 2458 5241 Judznorum
2492 5183 2906 5239 tristissimum
2939 5184 3314 5256 impetraret;

1985 5277 2164 5347 idque
2191 5273 2498 5341 concedit;
2533 5291 2564 5328 ο
2598 5289 2720 5328 rem
2753 5274 2956 5328 auditu
2990 5274 3348 5329 absurdam!

1988 5382 2020 5419 ο
2053 5363 2400 5436 tragoediam
2435 5362 2722 5417 novellam
2755 5367 2812 5418 et
2842 5363 3351 5434 ingratissimaml

1991 5455 2085 5511 Sic
2116 5469 2252 5524 ergo
2285 5452 2674 5524 persequendi
2709 5452 2946 5508 initium
2981 5453 3203 5510 faciens

1995 5541 2192 5599 omnia
2222 5540 2481 5596 tumultu
2513 5541 2698 5612 replet
2730 5557 2794 5596 ac
2821 5542 3182 5597 turbatione.

2001 5633 2148 5692 Nam
2183 5630 2472 5687 furialiter
2503 5647 2815 5704 aggressus
2847 5647 2952 5687 ceu
2984 5630 3075 5687 leo
3106 5632 3366 5705 rugiens,

3289 5744 3326 5803 3

1882 4523 1928 4588 D

3502 314 3573 370 74
