4208 6430
575 434 647 487 79
1785 427 2158 484 ΒΡΗΒΕΜΙΙ
2196 426 2237 478 C

2315 423 2767 480 iONOGBAPHl
3909 429 3977 483 80

576 572 723 627 quos
754 557 905 612 inter
933 555 1298 626 Stephanum
1332 559 1388 609 et
1408 555 1700 609 Andream
1725 551 2045 608 monachos

2249 548 2304 614 Α
2509 549 2638 602 Μεθ’
2670 549 2729 600 οὗ
2763 546 3056 625 Στέφανον,
3092 545 3345 623 Ἀνδρέαν
3383 550 3755 624 μονοτρόπους

573 645 788 701 Christi
822 644 1049 701 Domini
1082 649 1364 715 martyres
1397 642 1607 709 effecit,

2328 637 2466 692 1795
2496 636 2787 711 Μάρτυρας
2822 635 3065 714 ἀπέφηνε
3093 641 3327 712 Χριστοῦ
3359 637 3654 712 Δεσπότου,

572 733 866 804 aliamque
898 733 1212 803 plurimam
1237 747 1368 786 cum
1403 730 1705 787 monachis
1737 734 2048 785 catervam.

2503 722 2746 786 Ἀλλους
2773 747 2831 779 τε
2860 723 3149 787 πλείστους
3183 726 3272 780 σὺν
3312 733 3601 799 μονασταῖς
3634 727 3886 802 μιγάδας.

569 823 649 878 Eo
683 827 964 893 regnante
995 821 1316 892 tyrannice,
1348 821 1714 875 Palaestinam

2500 815 2703 870 Τούτου
2725 819 3131 890 τυραννοῦντος,
3160 814 3211 868 ἐν
3242 820 3308 889 τῇ
3343 816 3675 892 Παλαιστίνῃ

570 915 696 966 tum
729 910 904 966 etiam
937 910 1163 981 Syriam
1194 915 1251 964 et
1282 909 1472 979 ipsam
1507 909 1709 964 urbem
1742 908 1963 980 regiam

1834 908 1963 979 ;iam
2502 907 2608 960 Κάν
2639 909 2708 978 τῇ
2742 903 2913 980 Συρίᾳ
2940 906 3030 958 καὶ
3066 901 3305 979 βασιλίδι
3338 901 3496 961 πόλει

568 999 865 1055 maximus
886 1004 1051 1054 terrae
1085 1003 1279 1054 motus
1311 998 1572 1068 agitavit,

2505 994 2740 1067 Σεισμὸς
2776 995 3025 1067 μέγιττος
3051 994 3139 1047 καὶ
3169 991 3368 1056 κλόνος
3399 1000 3503 1068 γῆς
3536 989 3756 1066 συνέϐη,

565 1087 733 1158 isque
764 1086 1102 1143 mortalium
1136 1102 1448 1141 numerum
1470 1087 1766 1158 ingentem
1797 1085 2015 1141 hausit.

1990 1102 2015 1138 '..
2328 1087 2466 1142 1800
2504 1086 2582 1138 Δι’
2614 1084 2676 1138 οὗ
2712 1085 2922 1159 βροτῶν
2955 1082 3187 1160 ἕφθαρτο
3222 1082 3414 1159 μυρίον
3447 1084 3652 1161 στίφος.

566 1176 849 1232 Praaterea
880 1177 1122 1231 morbus
1154 1174 1438 1245 pestilens
1470 1174 1751 1230 exitiosus

2501 1169 2684 1240 ’Ἄλλη
2722 1171 2895 1246 φθορά
2920 1191 2979 1225 τε
3007 1170 3098 1224 καὶ
3131 1165 3478 1245 φθισίϐροτος
3507 1173 3662 1236 νόσος

560 1264 676 1321 late
700 1281 801 1336 per
831 1267 1025 1321 orbem
1052 1280 1328 1336 grassans
1361 1264 1567 1318 alflixit
1600 1265 1774 1319 urbes
1809 1279 1822 1318 :

2502 1262 2924 1314 Ἐπεισπεσοῦσα
2954 1260 3250 1333 κατέτρυχε
3282 1259 3375 1320 τὰς
3404 1260 3595 1322 πόλεις
3629 1280 3643 1293 ⁸

561 1371 668 1410 nec
699 1371 868 1424 porro
902 1355 1166 1409 narranti
1199 1353 1342 1407 mihi
1377 1357 1699 1424 supputare

2498 1350 2585 1410 Ὡς
2621 1350 2698 1421 μή
2729 1345 2946 1402 δυνατὸν
2981 1347 3352 1420 ἐκνομίζεσθαι
3382 1347 3525 1425 τάχα

558 1443 982 1498 exstinctorum
1014 1442 1109 1497 lue
1142 1442 1450 1496 hominum
1482 1441 1616 1495 licet
1648 1457 1982 1495 numerum.

2497 1440 2573 1493 Τὸ
2600 1436 2813 1507 πλῆθος
2843 1437 2980 1491 ἅπαν
3009 1441 3117 1492 τῶν
3147 1437 3478 1512 νεκριμαίων
3510 1441 3726 1515 φθάνειν
3761 1459 3774 1473 ·

559 1535 803 1586 Summa
833 1532 1009 1586 etiam
1042 1531 1232 1585 hiems
1265 1535 1321 1584 et
1352 1531 1727 1599 gravissima,

2322 1530 2460 1584 1805
2497 1527 2718 1599 Χειμών
2751 1547 2809 1581 τε
2835 1525 3047 1581 πάντων
3086 1525 3386 1601 βαρύτατος
3416 1526 3507 1580 καὶ
3543 1528 3707 1605 μέγας

557 1625 845 1692 quotquot
876 1623 1132 1686 fuerunt,
1168 1619 1336 1690 regiae
1364 1618 1494 1673 urbi
1526 1621 1828 1688 ingruens,

2497 1616 2961 1676 Ἐπεισπεπαικὼς
2993 1614 3061 1688 τῇ
3095 1612 3337 1689 βασιλίδι
3368 1615 3551 1689 πόλει,

554 1709 918 1780 permultum
953 1709 1089 1764 huic
1124 1710 1546 1763 detrimentum
1569 1707 1769 1762 attulit
1797 1723 1809 1760 :

2494 1703 2720 1773 Πολλὴν
2753 1703 3092 1779 ἐνειργάσατο
3121 1703 3287 1777 ταύτῃ
3314 1704 3413 1772 τὴν
3446 1703 3679 1777 λύμην,’

552 1799 786 1869 frigoris
817 1798 976 1853 enim
1005 1799 1091 1852 vis
1125 1797 1515 1852 intolerabilis

2493 1795 2581 1857 Ὠς
2609 1792 3056 1867 κρυσταλωθῆναί
3089 1814 3153 1866 γε
3180 1797 3259 1864 τῷ
3292 1790 3490 1865 πολλῷ
3522 1794 3686 1869 ψύχει

550 1889 697 1942 dura
725 1887 1074 1942 constrinxit
1103 1885 1286 1957 glacie
1317 1890 1374 1941 et
1405 1885 1757 1955 constipavit

2230 1897 2278 1962 B
2491 1881 2654 1950 Κρύει
2685 1883 2731 1936 τ’
2765 1882 2983 1954 ἀμέτρω
3011 1879 3424 1953 συμπιληθῆναι
3456 1881 3619 1936 πάλιν

549 1992 680 2031 cum
713 1976 909 2047 ipsum
943 1992 1101 2030 mare
1131 1979 1254 2029 tum
1288 1973 1493 2029 fluvios
1526 1972 1891 2028 vastissimos
1926 1990 1938 2026 :

2308 1973 2448 2029 4840
2487 1969 2762 2025 Θάλατταν
2796 1970 2961 2038 αὐτὴν
2990 1969 3078 2023 καὶ
3109 1974 3373 2041 ποταμῶν
3405 1969 3671 2033 ἀπλέτους
3703 1990 3715 2004 ·

547 2080 728 2133 quare
759 2070 817 2118 et
851 2063 945 2118 hic
977 2070 1179 2134 portus
1209 2061 1803 2133 Constantinopoleos

2484 2064 2572 2122 Ὠς
2601 2057 2758 2114 τόνδε
2787 2059 3033 2134 πορθμὸν
3067 2058 3157 2112 τὸν
3183 2059 3290 2132 πρὸ
3318 2065 3416 2128 τῆς
3450 2060 3850 2117 Κωνοταντίνου

545 2154 729 2224 gradu
763 2153 972 2223 cuique
1000 2150 1300 2206 calcabilis
1332 2153 1536 2217 evasit,

2481 2151 2653 2205 Βατὸν
2679 2145 2863 2203 πέλειν
2897 2149 3060 2202 ἅπασι
3090 2153 3206 2210 τοῖς
3239 2147 3541 2221 ᾑρημένοις

543 2241 821 2313 lanigeris
853 2241 1174 2312 pecudibus
1206 2246 1382 2312 atque
1422 2240 1706 2296 onerariis

2483 2239 2918 2314 Ταλασιουργοῖς
2947 2239 3196 2307 κτήνεσιν
3230 2237 3590 2315 άχθηφόροις,

529 2331 843 2401 jumentis,
876 2330 1224 2400 cunctisque
1252 2331 1482 2385 demum
1511 2331 1656 2400 pede
1688 2329 2014 2386 utentibus.

2483 2329 2587 2386 Καὶ
2622 2334 2776 2382 πᾶσιν
2811 2327 2999 2387 ἁπλῶς
3028 2332 3144 2387 τοῖς
3174 2327 3300 2380 ποσὶ
3334 2326 3720 2400 κεχρημένοις.

537 2420 667 2476 Mox
695 2426 1027 2490 tepescente
1061 2424 1191 2490 post
1221 2418 1477 2474 solutam
1510 2418 1766 2473 hiemem

2306 2421 2443 2475 1815
2482 2417 2823 2494 Θαλφθέντος
2857 2415 3013 2490 ἀέρος
3045 2413 3103 2470 δὲ
3133 2419 3415 2490 χειμῶνος
3447 2415 3596 2472 λύσει

533 2525 662 2563 aere
693 2507 930 2563 ﬂatibus
960 2508 1114 2563 veris
1139 2507 1523 2576 advenientis,

2479 2504 2866 2574 Ἐπιδιδούοης
2900 2504 2949 2576 ἐξ
2983 2502 3140 2578 ἔαρος
3173 2505 3335 2564 ἀλέας

529 2597 724 2669 gelida
754 2603 951 2652 crusta
975 2597 1233 2669 dissilire
1265 2597 1476 2667 coepit:

2476 2597 2550 2651 Τὸ
2581 2591 2962 2667 κρυσταλῶδες
2998 2595 3221 2667 συνεχὲς
3253 2591 3532 2669 διερῥάγη,

526 2693 654 2742 tum
687 2690 893 2740 ventus
924 2686 1241 2742 vehemens
1273 2684 1467 2756 gelida
1502 2685 1844 2756 fragmenta,

2477 2685 2583 2741 Kai
2606 2689 2819 2756 πνεῦμα
2851 2680 3084 2758 σφοδρὸν
3115 2684 3380 2753 τμήματα
3409 2687 3517 2736 τῶν
3545 2683 3859 2758 κρυστάλων

524 2775 739 2830 insulis
763 2775 977 2846 amplis
1006 2773 1376 2844 collibusque
1409 2775 1596 2845 paria,

2476 2772 2894 2846 Πολυπλέθροις
2923 2774 3112 2842 νήσοις
3141 2792 3198 2825 τε
3223 2771 3313 2824 καὶ
3348 2771 3568 2845 βουνοῖς
3591 2771 3684 2827 ’ίσα

524 2863 762 2934 impulit
792 2864 852 2918 in
886 2879 1088 2917 muros
1120 2863 1368 2932 urbique
1400 2861 1580 2916 allisit
1609 2880 1624 2931 ;

2297 2866 2438 2922 4820
2477 2865 2677 2938 Ἐπῆγε
2707 2863 2870 2936 τείχη
2903 2861 2992 2915 καὶ
3023 2861 3406 2934 προσήρασσον
3437 2859 3623 2930 πόλει,

525 2968 708 3025 quare
735 2958 859 3008 tum
894 2950 1114 3007 corruit
1145 2951 1406 3006 maxima
1439 2968 1574 3022 pars
1600 2949 1910 3006 moenium.

2475 2953 2580 3008 Καὶ
2611 2952 2840 3006 πλεῖστα
2868 2951 3161 3022 κατήρειψε
3183 2947 3413 3023 τειχέων
3444 2952 3587 3008 τότε.

525 3047 716 3114 Atque
743 3041 850 3097 has
882 3058 1078 3096 rerum
1111 3040 1261 3096 vices
1291 3046 1383 3095 est
1413 3045 1652 3111 experta

2472 3047 2649 3096 Ταῦτα
2683 3042 2776 3114 μὲν
2805 3039 2948 3094 οὕτω
2975 3040 3259 3113 συνέκυρσε
3287 3041 3357 3110 τῇ
3384 3037 3542 3094 πόλει

526 3133 668 3187 urbs
699 3132 840 3186 dum
869 3130 1184 3202 imperium
1216 3133 1440 3208 teneret
1457 3129 1878 3200 Copronymus.

2475 3133 2976 3207 Κοπρωνυμοῦντος
3003 3126 3331 3202 κατέχοντος
3361 3133 3458 3182 τοῦ
3489 3131 3741 3205 κράτους.

527 3249 663 3303 LEO
707 3247 926 3303 FILIUS
970 3246 1388 3303 COPRONYMI
1428 3246 1514 3300 EX
1563 3245 1897 3301 CIlAZARA
1929 3245 2047 3301 AN.
2106 3244 2173 3300 V.

2293 3255 2475 3307 ΛΕΩΝ
2531 3253 2576 3307 Ο
2633 3252 2790 3306 ΥΙΟΣ
2848 3249 3068 3303 ΑΓΤΟΥ
3125 3247 3168 3302 Ο
3223 3250 3310 3300 ΕΚ
3348 3251 3683 3304 ΧΑΖΑΡΑΣ
3725 3252 3828 3306 ΕΤ.
3869 3253 3949 3309 Ε’.

597 3345 702 3400 Illo
726 3346 1035 3401 claudente
1068 3345 1194 3400 sine
1227 3343 1569 3414 poenitentia
1599 3343 1802 3409 vitam,

2475 3348 2551 3404 0'5
2582 3367 2682 3421 περ
2712 3343 3178 3417 καταστρέψαντος
3211 3339 3419 3407 ἀσεϐῶς
3453 3342 3569 3418 βίον

523 3435 755 3506 imperii
789 3439 1089 3505 sceptrum
1123 3434 1281 3487 ﬁlius
1304 3434 1529 3503 excepit
1554 3433 1688 3498 Leo,

2302 3439 2439 3495 1825
2477 3436 2686 3494 Τούτου
2721 3435 2872 3490 Λέων
2902 3438 3031 3495 παῖς
3057 3428 3186 3508 ἔσχε
3216 3434 3317 3501 τὴν
3345 3433 3680 3508 κραταρχίαν

518 3542 691 3596 quem
727 3525 985 3579 Chazara
1017 3527 1242 3594 peperit
1274 3523 1426 3592 patri
1460 3520 1847 3576 Constantino
1875 3539 1886 3574 :

2473 3527 2721 3600 Χαζάρας
2755 3523 2916 3599 ἐκφῦς
2949 3527 3027 3594 τῷ
3058 3521 3221 3597 πατρὶ
3249 3523 3636 3596 Κωνσταντίνῳ
3670 3543 3681 3556 ·

511 3613 822 3684 improbus
853 3612 963 3678 vir,
998 3613 1118 3666 imo
1153 3611 1368 3682 Libyca
1401 3610 1671 3676 quzedam
1706 3609 1922 3677 bellua,

1876 3627 1922 3677 ι,
2476 3617 2643 3690 Ἀνὴρ
2671 3613 2934 3687 πονηρὸς,
2969 3605 3209 3666 Λιϐυκόν
3238 3633 3290 3665 τι
3325 3611 3538 3685 θηρίον,

514 3703 701 3757 haeres
734 3701 962 3773 paterni
995 3701 1158 3772 regni
1193 3706 1251 3754 et
1273 3699 1487 3754 furoris
1522 3698 1722 3753 simul.

2469 3705 2798 3780 Κληροῦχος
2823 3703 3001 3776 ἀρχῆς
3039 3700 3129 3755 καὶ
3154 3701 3409 3774 πατρῴας
3447 3701 3639 3774 μανίας
3671 3722 3682 3735 ·

513 3792 618 3846 Hic
649 3793 760 3846 sub
789 3790 1128 3861 primordiis
1162 3805 1224 3844 se
1257 3789 1562 3844 simulavit
1595 3789 1784 3858 pium,

2469 3796 2560 3855 Ὃς
2592 3797 2810 3867 πρῶτον
2846 3789 3004 3866 ἄρξας
3037 3784 3275 3844 εὐσεϐεῖν
3311 3789 3598 3865 ὑπεκρίθη,

513 3881 764 3936 ferinum
798 3880 1100 3952 ingenium
1134 3883 1324 3933 mente
1349 3883 1645 3948 repostum
1679 3876 1897 3932 celans.

2293 3884 2433 3939 4830
2472 3884 2577 3941 Τὸν
2612 3889 2752 3954 θῆρα
2787 3878 2832 3934 δ’
2868 3879 3168 3954 ὐπέκρυψεν
3197 3876 3349 3934 ἔνδον
3381 3877 3608 3955 καρδίας
3640 3899 3653 3913 ·

516 3970 836 4041 Vulpinam
869 3985 1004 4040 ergo
1037 3973 1254 4023 vestem
1288 3973 1345 4022 et
1367 3968 1621 4037 speciem
1648 3982 1878 4034 gerens,

2469 3971 2791 4039 Ἀλωπεκῆς
2824 3967 2867 4024 δ’
2903 3965 3106 4042 ἔνδυμα
3133 3969 3224 4023 καὶ
3256 3968 3446 4042 σχῆμα
3477 3970 3654 4047 φέρων

516 4059 688 4128 vulgo
722 4058 1051 4113 habebatur
1083 4057 1273 4111 bonus
1305 4057 1557 4126 piusque
1590 4056 1891 4126 princeps;

2468 4067 2600 4115 ΙΙΞισι
2627 4058 2801 4114 δοκῶν
2833 4061 2901 4128 ἦν
2934 4053 3184 4130 εὐσεϐὴς,
3215 4060 3458 4134 χρηστὸς
3485 4058 3725 4134 κράτωρ,

519 4147 844 4220 prazsertim
879 4147 1019 4218 quia
1043 4144 1322 4200 munifica
1353 4144 1582 4198 cunctis
1607 4160 1785 4197 manu

2465 4152 2561 4204 Καὶ
2601 4149 2814 4223 μᾶλλον
2850 4150 3039 4222 οἵσπερ
3074 4146 3368 4224 φιλότιμον
3397 4149 3495 4217 τήν
3528 4148 3665 4224 χέρα

521 4237 779 4292 subditis
809 4235 971 4306 large
998 4235 1151 4290 dona
1173 4234 1532 4297 conferebat,

2468 4245 2708 4313 Παρεῖχε
2737 4243 2866 4292 πᾶσι
2900 4234 3147 4310 δαψιλῶς
3181 4236 3471 4306 ὑπηκόοις,

518 4326 633 4382 sibi
666 4326 1024 4380 conﬁrmans
1057 4323 1221 4394 regni
1251 4323 1708 4376 fundamentum

2286 4331 2426 4384 1835
2465 4327 2626 4398 Αὐτῷ
2654 4327 2930 4399 κρατύνων
2962 4326 3063 4379 τοῦ
3093 4324 3324 4402 κράτους
3355 4325 3448 4387 τὰς
3473 4324 3766 4401 κρηπίδας,

515 4417 978 4484 diuturnamque
1006 4430 1037 4467 a
1071 4410 1467 4467 benivolentia
1490 4412 1832 4480 potentiam.

2463 4417 2566 4472 Καὶ
2600 4417 2886 4490 μνώμενος
2915 4414 3138 4490 χρόνιον
3171 4412 3354 4468 εὔνουν
3379 4414 3441 4469 τὸ
3471 4417 3671 4488 κράτος
3707 4435 3719 4450 ·

513 4505 698 4568 Quare
731 4509 793 4558 ut
823 4502 1024 4575 gratiae
1049 4502 1384 4572 amorisque
1412 4500 1698 4554 indicium
1734 4500 1992 4555 facerent

1976 4504 1992 4555 ἱ
2457 4512 2658 4580 Ὦνπερ
2694 4506 2855 4579 χάριν
2883 4505 3122 4565 τίνοντες
3156 4504 3304 4575 αὐτῷ
3333 4505 3418 4558 καὶ
3455 4505 3638 4579 σχέσιν

512 4592 764 4665 populus
788 4591 966 4647 simul
989 4597 1045 4645 et
1074 4591 1254 4645 duces
1295 4589 1655 4644 exercituum

2200 4640 2249 4670 η
2459 4592 2778 4670 Ξύγκλυδες
2812 4596 2924 4666 ἅμα
2957 4593 3045 4648 καὶ
3081 4593 3378 4667 στρατηγοὶ
3408 4592 3703 4668 ταγμάτων

512 4640 764 4665 τνιηυ--ι
788 4640 966 4647 “’“’“’““
993 4640 1044 4645 ’⁷
1080 4640 1252 4645 “”’”“⁷“
1301 4640 1417 4644 ⁷-⁷-
1439 4640 1655 4644 ""‘—'—

511 4687 792 4751 rogarunt
821 4684 885 4735 ut
918 4681 1096 4749 hujus
1127 4678 1286 4733 filius
1311 4678 1739 4733 Constantinus

2459 4640 2538 4649 —-
2559 4640 2568 4670 δ
2586 4640 2777 4655 "HV-"
2813 4640 2924 4666 “t‘”
2958 4640 3045 4648 ’“’”’
3084 4640 3103 4646 ⁷
3124 4640 3280 4666 'F""l
3302 4640 3312 4667 Ι
3333 4640 3378 4647 ’⁷
3419 4640 3643 4668 "‘H'"'"

2199 4640 2249 4704 Β
2455 4685 2710 4752 ’ῌτοῦντο
2736 4681 2904 4737 παῖδα
2931 4679 3091 4736 τοῦδε
3114 4682 3204 4736 τὸν
3243 4684 3643 4739 Κωνσταντῖνον

509 4771 955 4843 imperatorium
989 4772 1448 4839 consequeretur
1480 4783 1715 4822 nomen.

2281 4776 2418 4829 1840
2459 4775 2847 4846 Ἀνακτορικῆς
2876 4773 3164 4846 τυγχάνειν
3199 4770 3487 4848 εὐφημίας.

511 4864 565 4916 Is
598 4864 792 4915 autem
822 4861 1093 4931 precatus
1125 4862 1214 4912 est
1245 4861 1308 4911 ut
1331 4856 1735 4926 juratiomnes

2453 4864 2514 4920 Ὁ
2548 4861 2594 4917 δ’
2626 4859 2892 4935 ἐμπεδοῦν
2927 4862 3160 4922 ἅπαντας
3191 4859 3376 4936 ὅρκοις
3407 4860 3561 4930 ἠξίου

508 4951 634 5021 lege
666 4951 961 5005 sancirent
986 4964 1055 5002 ne
1087 4953 1297 5018 praeter
1319 4964 1380 5001 se
1411 4963 1772 5017 quemquam

2452 4952 2522 5005 ’Π
2557 4951 2663 5022 μὴν
2699 4951 2890 5004 ἑαυτοῦ
2922 4947 3188 5024 παρεκτὸς
3220 4948 3310 5002 καὶ
3345 4947 3606 5024 φιλτάτου

509 5045 835 5112 praeterque
868 5038 1054 5091 ﬁlium
1085 5053 1260 5092 suum
1294 5041 1349 5091 et
1381 5036 1559 5105 hujus
1587 5040 1852 5106 posteros

2452 5039 2548 5093 Kai
2579 5036 2738 5094 τοῦδε
2769 5044 2950 5113 σειρᾶς
2981 5037 3070 5091 καὶ
3104 5039 3293 5113 γένους
3323 5038 3683 5112 κατηγμένων

509 5131 576 5185 ad
613 5127 1054 5200 imperatoriam
1089 5127 1368 5180 veherent
1398 5125 1785 5196 dignitatem;

2451 5127 2598 5197 Μηδ’
2629 5129 2688 5182 ἂν
2722 5130 2935 5182 ἑλέσθαι
2965 5126 3185 5202 κράτορ’
3216 5125 3386 5182 ἄλλον
3421 5131 3558 5204 σφᾶς
3587 5126 3736 5189 ὅλως
3773 5147 3786 5160 '

508 5234 799 5289 nemoque
833 5217 1180 5288 repugnavit
1210 5215 1466 5271 sermoni
1492 5215 1780 5285 improbo.

2273 5219 2416 5275 4845
2455 5220 2558 5274 Καὶ
2588 5223 2690 5280 πᾶς
2724 5239 2806 5280 τις
2842 5217 2946 5287 εἶξε
2973 5222 3092 5278 τοῖς
3125 5217 3466 5289 παρανόμοις
3501 5215 3709 5292 λόγοις.

507 5309 621 5364 Lex
643 5325 780 5378 ergo
811 5308 1085 5362 conditur
1117 5305 1286 5376 plena
1318 5304 1523 5375 iuratis
1558 5303 1850 5359 formulis.

2446 5310 2605 5372 ’Όθεν
2639 5307 2812 5380 τόμος
2840 5307 3108 5382 γέγραπτο
3145 5307 3338 5380 μεστὸς
3369 5306 3588 5382 ὁρκίων.

504 5399 653 5452 Tum
687 5397 795 5452 Leo
819 5395 1052 5467 pietatis
1079 5395 1276 5448 ﬁctam
1317 5394 1603 5462 abjiciens
1636 5391 1915 5464 speciem,

1901 5436 1915 5460 ,
2445 5401 2561 5467 Τῆς
2594 5392 2865 5458 εὐσεϐείας
2892 5396 3049 5458 οὗτος
3077 5394 3232 5458 ἐκδὺς
3265 5397 3325 5450 τὸ
3358 5395 3558 5471 δρᾶμα,

502 5487 755 5542 ferinum
790 5486 1052 5541 animum
1089 5482 1361 5539 revelavit
1390 5481 1667 5537 omnibus
1701 5500 1713 5536 :

2445 5494 2596 5558 Θῆρα
2625 5487 2715 5540 τὸν
2749 5486 2899 5548 ἐντὸς
2927 5485 3241 5560 ἀπογυμνοῖ
3269 5492 3385 5549 τοῖς
3420 5485 3574 5550 ὅλοις
3611 5508 3622 5520 ·

502 5581 831 5648 nactusque
863 5574 1086 5646 aliquot
1118 5572 1368 5628 cultores
1405 5571 1726 5644 imaginum

2445 5577 2540 5630 Καί
2571 5597 2720 5637 τινας
2750 5576 2923 5648 εὑρὼν
2955 5575 3332 5650 προσκυνητὰς
3364 5575 3586 5632 εἰκόνων

500 5669 658 5722 viros
681 5667 960 5731 illustres,
996 5679 1236 5733 corpore
1268 5663 1581 5734 animoque
1618 5661 1864 5729 nobiles,

2262 5666 2405 5724 4850
2443 5662 2678 5739 Ἀνδρας
2704 5664 2941 5738 τιμίους,
2976 5665 3210 5739 εὐγενεῖς
3239 5667 3449 5740 ψυχὴν,
3483 5664 3675 5742 δέμας,

501 5758 844 5815 xeruciatos
867 5754 1127 5828 pessime
1159 5752 1404 5810 inclusit
1429 5768 1682 5808 carcere.

2443 5755 2720 5826 Αἷκίζεται
2752 5757 2978 5811 κάκιστα
3005 5755 3093 5810 καὶ
3121 5755 3476 5830 καθειργνύει.
