4208 6430
593 382 662 436 83
1803 394 2173 449 EPHREMII
2211 395 2780 456 CHBONOGRAPHI
3926 408 3998 463 84

593 508 719 562 Mos
742 505 870 561 elus
896 509 1092 562 autem
1124 511 1181 563 et
1210 507 1400 565 Caesar
1426 510 1788 583 Nicephorus

590 592 782 649 lucem
813 594 1119 651 oculorum
1149 600 1356 653 merito
1383 599 1729 657 amiserunt.

592 683 703 737 Sed
725 682 1154 740 Constantinus
1190 689 1541 757 procedente
1572 694 1834 762 tempore

595 787 797 826 curam
829 771 1164 843 reipublicae
1197 776 1298 829 uni
1323 777 1434 832 sibi
1463 779 1792 847 vindicans,

597 862 1012 916 communione
1041 863 1272 934 imperii
1305 870 1553 922 matrem
1585 869 1915 938 submovet,

597 949 779 1020 ﬁtque
809 967 1012 1021 reapse
1042 958 1278 1008 contras
1310 954 1397 1010 fas
1428 957 1750 1013 monarcha
1775 974 1789 1015 :

600 1053 730 1108 quae
760 1055 854 1095 res
889 1039 1182 1096 malorum
1217 1044 1437 1098 mundo
1470 1045 1770 1101 cohortem
1802 1047 2026 1119 peperit

599 1127 1015 1198 ingratumque
1045 1129 1273 1186 facinus
1305 1132 1417 1202 piis
1449 1134 1713 1200 auribus,

606 1216 762 1286 quod
797 1216 1065 1285 quamvis
1097 1219 1381 1290 tragicam
1414 1222 1552 1276 vicit
1585 1225 1952 1294 tragoediam,

605 1319 890 1374 reumque
918 1305 1115 1376 ipsum
1148 1307 1333 1364 oculis
1365 1325 1597 1366 cassum
1630 1312 1810 1368 dedit.

606 1395 775 1448 lrene
805 1395 965 1448 enim
997 1394 1217 1451 doloris
1249 1397 1622 1469 impatientia

607 1485 664 1535 et
690 1482 1010 1553 recipiendi
1041 1482 1273 1556 imperii
1305 1503 1500 1543 amore
1532 1490 1752 1560 percita

607 1568 843 1625 calicem
873 1570 995 1626 ﬁlio
1026 1577 1195 1643 parat
1219 1590 1359 1630 sane
1392 1593 1662 1634 amarum

609 1659 992 1731 mulsumque
1023 1661 1236 1717 miscet
1269 1677 1456 1723 morte
1491 1671 1916 1739 temperatum:

613 1756 879 1812 conscios
910 1757 1134 1815 habens
1167 1759 1285 1815 doli
1317 1779 1382 1817 ac
1405 1763 1709 1821 ministros

617 1846 772 1918 quod
800 1847 1148 1902 muneribus
1179 1856 1412 1921 ceperat
1433 1857 1490 1907 et
1519 1854 1825 1924 promissis

616 1935 798 1990 duces
826 1935 1186 1992 exercituum
1207 1943 1264 1993 et
1291 1945 1587 1997 senatores
1613 1961 1626 2010 ;

621 2023 840 2094 quibus
870 2024 1072 2094 adjuta
1094 2026 1283 2082 {ilium
1317 2029 1561 2101 imperio
1589 2032 1789 2103 dejicit

621 2113 792 2184 eique
820 2113 1138 2184 exstinguit
1167 2115 1392 2172 lumina
1421 2119 1743 2176 oculorum.

623 2207 750 2258 Heu
781 2203 925 2274 quid
957 2219 1071 2258 non
1104 2205 1256 2276 cogis
1287 2207 1577 2280 homines,
1613 2211 1879 2281 ambitio,

625 2290 1048 2348 maleﬁciorum
1079 2295 1304 2350 socium
1330 2298 1595 2367 praabens
1616 2300 1907 2356 fascinum
1936 2302 1948 2356 Ι

622 2386 679 2437 te
711 2381 858 2438 nihil
891 2383 1110 2438 habent
1142 2385 1439 2441 daemones
1465 2387 1789 2444 exitiosius.

622 2471 785 2526 Tunc
815 2469 899 2526 sol
936 2473 1163 2527 tantum
1191 2489 1306 2528 non
1339 2475 1641 2532 sustinens
1667 2477 1861 2534 videre
1888 2480 2129 2549 crimen,

623 2559 861 2615 nonnisi
893 2558 1162 2633 hebetem
1184 2560 1376 2618 lucem
1407 2563 1843 2638 obscuramque
1864 2568 2064 2625 emisit

624 2649 868 2720 diesque
889 2648 1158 2704 exhibuit
1187 2652 1463 2708 noctibus
1495 2655 1827 2725 persimiles
1852 2675 1865 2725 ;

624 2750 798 2817 atque
827 2746 908 2802 ita
941 2751 1284 2804 manserunt
1313 2751 1562 2807 tenebrae
1592 2755 1664 2809 ad
1688 2753 1886 2826 plures
1915 2757 2060 2812 dies.

631 2835 727 2892 Sic
756 2849 894 2907 ergo
917 2833 1233 2907 imperium
1259 2855 1465 2896 rursus
1484 2842 1554 2896 ad
1589 2845 1816 2900 Irenem

627 2940 946 2995 rerumque
975 2925 1310 2993 arbitrium,
1344 2932 1504 2984 metu
1535 2937 1776 3001 remoto,
1801 2934 1989 2990 rediit.

627 3014 760 3070 Jam
791 3011 1086 3069 Hadriano
1116 3032 1266 3087 papa
1297 3017 1491 3073 Romae
1519 3026 1769 3091 mortuo,

628 3104 719 3160 vir
739 3102 1090 3159 venerabilis
1116 3104 1617 3180 honorandusque
1651 3111 1761 3166 Leo

630 3190 1029 3264 pontiﬁcalem
1062 3193 1170 3248 rite
1201 3197 1508 3266 occupavit
1540 3199 1737 3254 sedem
1764 3220 1777 3269 ;

631 3280 724 3335 cui
756 3280 1021 3335 seditiosi
1044 3281 1347 3353 invidique
1371 3284 1636 3340 homines

631 3368 866 3426 oculum
897 3368 1053 3425 haud
1085 3369 1382 3427 lethaliter
1410 3373 1815 3446 vulnerarunt,

632 3474 737 3530 spe
758 3475 887 3528 sua,
918 3457 1148 3514 volente
1179 3461 1261 3514 sic
1294 3460 1429 3527 Deo,
1466 3463 1756 3521 frustrati.

634 3549 689 3603 Is
718 3563 852 3602 vero
875 3547 946 3602 ad
980 3563 1176 3618 regem
1203 3552 1555 3606 Francorum
1583 3552 1856 3610 Carolum

636 3637 921 3707 confugit,
950 3636 1248 3708 hujusque
1280 3654 1386 3708 0pc
1418 3641 1873 3713 recepitsedem,

639 3725 1044 3796 maleﬁcisque
1067 3727 1337 3782 meritam
1370 3728 1582 3785 inﬂixit
1605 3747 1856 3802 penam.

641 3815 830 3879 Quare
860 3814 908 3870 is
939 3815 1209 3871 Carolum
1240 3819 1554 3874 stemmate
1575 3820 1756 3891 regali
1789 3822 2038 3889 ornavit,

643 3919 896 3976 cumque
929 3904 1123 3960 Romae
1153 3906 1568 3976 imperatorem
1599 3907 1755 3967 fecit.

643 3995 791 4049 Hinc
814 3999 1131 4050 tenuerunt
1159 3998 1404 4050 Romam
1433 3997 1637 4052 Franci
1670 3999 1927 4068 barbari,

651 4092 750 4163 qui
779 4092 1204 4148 Germanorum
1235 4107 1447 4166 genere
1477 4095 1709 4150 oriundi
1741 4102 1928 4163 erant,

651 4182 807 4253 quod
843 4197 934 4236 me
957 4182 1235 4253 superius
1260 4183 1501 4237 memini
1524 4184 1651 4253 jam
1685 4186 1964 4242 scribere.

647 4270 802 4326 Gens
832 4268 954 4325 haec
985 4269 1124 4326 olim
1157 4287 1266 4326 sua
1293 4271 1494 4327 relicta
1526 4272 1718 4344 patria

647 4360 792 4432 ﬁnes
825 4359 1006 4415 Italiae
1028 4359 1308 4431 primitus
1331 4361 1599 4432 ingressa
1628 4367 1737 4429 est,

646 4464 896 4521 eamque
925 4451 1108 4505 armis
1130 4467 1353 4522 susque
1384 4452 1568 4522 deque
1600 4468 1977 4522 concursans,

644 4538 873 4610 inclytae
906 4539 1230 4610 praesertim
1263 4543 1460 4596 Romae
1492 4540 1742 4597 molesta
1772 4546 1917 4599 erat.

643 4629 750 4683 Sed
785 4628 943 4683 enim
976 4629 1299 4700 imperante
1330 4629 1516 4684 Leone
1541 4630 1796 4686 Isaurico

645 4717 1037 4789 haaresimque
1069 4720 1318 4786 fovente,
1354 4723 1419 4774 ut
1439 4720 1567 4791 jam
1601 4720 1880 4791 diximus,

642 4814 840 4866 Romae
869 4809 1076 4864 veteris
1109 4808 1329 4880 primas
1359 4812 1416 4864 et
1436 4810 1710 4864 sacerdos

642 4905 960 4978 Gregorius
991 4906 1062 4961 ab
1095 4923 1157 4962 se
1178 4905 1396 4978 repulit
1419 4906 1700 4962 divinitus

632 4998 847 5068 jugum
880 4996 1110 5067 imperii
1145 5000 1202 5051 et
1233 5013 1461 5052 sacram
1493 4995 1992 5066 communionem,

641 5091 698 5141 ct
727 5102 860 5140 cum
885 5090 1122 5140 externo
1152 5101 1360 5155 genere
1394 5087 1774 5153 Francorum,

639 5176 859 5232 omisso
894 5174 1065 5241 bello,
1090 5191 1288 5243 pacem
1321 5176 1630 5246 fmdusque
1653 5175 1801 5230 iniit.

640 5267 896 5336 Denique
929 5266 1037 5321 sub
1075 5269 1235 5321 [reue
1266 5267 1766 5338 Constantinoque
1799 5269 2056 5340 regibus,

637 5358 792 5412 intra
823 5361 1084 5411 Romana
1115 5357 1331 5411 mmnia
1360 5357 1612 5411 Francos
1645 5356 1773 5423 Leo,

637 5447 841 5503 Carolo
873 5452 1173 5512 coronato,
1209 5451 1272 5501 ut
1301 5446 1443 5513 dixi,
1475 5445 1737 5518 excepit;

639 5539 734 5609 qui
771 5538 853 5592 sic
887 5537 1064 5592 totius
1100 5536 1278 5592 Italiae
1310 5542 1621 5591 evaserunt
1655 5536 1896 5594 domini.

635 5627 876 5684 Carolus
911 5631 1044 5698 post
1075 5632 1368 5698 receptam
1399 5643 1672 5681 coronam
1702 5627 1919 5698 regiam

632 5721 853 5791 legatos
887 5717 1049 5774 misit
1081 5719 1150 5774 ad
1187 5718 1409 5773 Irenem
1445 5716 1767 5788 principem

2277 521 2332 585 Α

2294 1885 2344 1950 Β

2539 520 2599 576 Ὀ
2631 519 2876 592 Μωσηλὲ
2903 520 2960 577 δὲ
2987 523 3078 578 καὶ
3110 527 3427 603 Νικηφόρος
3452 534 3654 603 Καῖσαρ

2535 609 2646 677 Τὴν
2681 610 2946 683 ὀμμάτων
2977 615 3227 688 πήρωσιν
3259 611 3421 691 ἔσχον
3451 616 3529 680 εἷς
3562 616 3740 690 δίκην.

2535 699 2597 754 Ὀ
2629 704 3027 762 Κωνσταντῖνος
3059 701 3419 777 συμπροϊόντι
3445 706 3632 781 χρόνῳ

2358 785 2498 840 1910
2537 785 2759 861 Θαῤῥῶν
2792 790 2967 861 ἑαυτῷ
2995 791 3326 865 πραγμάτων
3357 795 3456 861 τήν
3489 794 3765 872 φροντίδα,

2539 875 2838 941 Κοινωνίας
2867 876 3062 934 ἔπαυσε
3091 883 3300 957 μητέρα
3327 885 3576 957 κράτους.

2539 964 2636 1019 Καὶ
2665 963 2937 1022 δείκνυται
2970 970 3272 1045 μόναρχος,
3307 971 3367 1026 ού
3393 971 3577 1037 καλῶς
3607 971 3826 1050 δράσας,

2537 1058 2602 1110 *ο
2633 1061 2914 1130 συμφορᾶς
2944 1056 3136 1131 ἤνεγκε
3163 1064 3244 1131 τῷ
3278 1060 3381 1134 βίῳ
3416 1060 3605 1136 βάρος,

2540 1141 2641 1199 Καὶ
2670 1140 2850 1218 δρᾶμα
2878 1146 3070 1221 πικρὸν
3097 1147 3284 1210 ἀκοαῖς
3316 1149 3668 1225 εὐγνωμόνων

2362 1232 2503 1288 4915
2540 1236 2718 1286 Πᾶσαν
2740 1236 2999 1308 τραγικὴν
3029 1235 3253 1291 ἇκνικῶν
3288 1237 3621 1314 τραγῳδίαν,

2539 1321 2704 1391 Αύτῷ
2730 1317 2786 1375 δὲ
2805 1327 2884 1391 τῷ
2913 1320 3164 1396 δράσαντι
3198 1327 3378 1402 φωτὸς
3414 1327 3612 1400 ζημίαν
3648 1347 3661 1360 ·

2542 1407 2688 1489 ᾼῦίτη
2725 1410 2828 1489 γάρ
2859 1410 2918 1489 ού
2951 1413 3188 1489 φέρουσα
3217 1415 3404 1489 πράως
3432 1417 3531 1484 τήν
3564 1416 3743 1489 λύπην

2541 1478 2852 1556 Φιλαρχίας
2881 1478 3043 1556 ἔρώτί
3074 1486 3164 1538 καὶ
3195 1478 3428 1559 κράτους
3457 1478 3662 1564 σχέσει,

2545 1567 2704 1623 Παιδὶ
2738 1570 2936 1646 σκύφον
2972 1573 3192 1645 κίρνησι
3227 1575 3420 1646 μεστὸν
3453 1578 3672 1651 πικρίας

2371 1667 2506 1720 1920
2545 1665 2648 1720 Καὶ
2677 1671 2923 1721 κυκεῶνα
2955 1667 3182 1731 θανάτου
3212 1669 3625 1744 πεπλησμένον,

2544 1752 2877 1829 Συνίστορας
2907 1753 3110 1830 ἔχουσα
3137 1758 3226 1812 καὶ
3259 1758 3446 1833 ῥέκτας
3481 1757 3647 1815 δόλου

2550 1841 2659 1903 Οὓς
2695 1840 2924 1917 δωρεαῖς
2955 1843 3160 1902 ἔπεισεν
3194 1843 3387 1922 ἁϐραῖς
3413 1849 3501 1904 καὶ
3535 1848 3721 1925 λόγοις

2552 1930 2695 1994 Τοὺς
2723 1936 3115 2009 ταγματάρχας
3139 1942 3392 2010 στρατιᾶς
3418 1937 3545 1999 τούς
3573 1940 3621 1992 τ’
3652 1939 3702 1993 ἐν
3734 1939 3904 2013 τέλει,

2556 2021 2634 2074 Δι’
2667 2022 2740 2075 ὧν
2771 2021 2997 2097 συνέσχε
3024 2022 3270 2079 καθελὼν
3301 2023 3457 2080 τόνδε
3485 2026 3737 2102 κράτους,

2375 2109 2516 2166 1925
2554 2111 2653 2165 Καὶ
2686 2113 2866 2183 φωτὸς
2895 2113 3220 2186 ἠμαύρωσεν
3251 2114 3414 2170 αὐτοῦ
3441 2116 3536 2179 τὰς
3563 2117 3728 2191 κόρας
3754 2135 3779 2161 ο

2559 2204 2666 2254 Φεῦ
2698 2203 2786 2254 οἷα
2814 2207 2989 2264 ποιεῖς
3018 2203 3107 2256 καὶ
3136 2204 3397 2277 τυρεύεις,
3429 2207 3472 2260 ὧ
3504 2207 3684 2282 φθόνε,

2557 2288 2803 2364 Τελχῖνα
2836 2292 3109 2366 συνέριθον
3139 2293 3327 2368 αὐχῶν
3356 2296 3570 2368 κακίας,

2560 2380 2627 2434 ’Ἡ
2663 2376 2934 2451 δαιμόνων
2968 2382 3220 2437 κάκιστον
3253 2382 3740 2456 ἀνθρωποκτόνονὲ

2560 2467 2685 2525 Τόθ’
2707 2467 2871 2537 ἥλιος
2905 2474 3018 2547 φῶς
3054 2472 3130 2542 μή
3165 2471 3340 2547 φέρων
3377 2471 3595 2547 βλέπειν
3634 2474 3825 2548 μύσος,

2388 2569 2524 2624 1930
2563 2567 2838 2642 Ἀμυδρὸν
2872 2567 3141 2641 ἐξέλαμπε
3172 2569 3261 2624 καὶ
3298 2565 3628 2646 βεϐυσμένον

2560 2655 2667 2717 Τὰς
2690 2657 2899 2731 ἡμέρας
2930 2653 3069 2732 δρῶν
3097 2657 3211 2728 νυξὶ
3240 2661 3696 2733 παρεικασμένας,

2567 2746 2668 2802 Καὶ
2697 2749 2858 2799 τοῦτο
2891 2743 3117 2800 πολλῶν
3152 2748 3378 2822 ἡμερῶν
3410 2749 3726 2823 παρατάσει.

2563 2834 2721 2891 Οὕτω
2755 2835 2852 2906 μὲν
2884 2832 3034 2898 αὖθις
3059 2834 3270 2910 Εἲρήνη
3302 2838 3633 2913 κραταρχίαν

2565 2924 2665 2980 Καὶ
2700 2922 3034 2999 πραγμάτων
3064 2924 3318 3000 πρόνοιαν
3353 2925 3507 3002 ἔσχεν
3539 2923 3759 3005 ἀφόϐως
3793 2950 3806 2963 ο

2389 3016 2528 3072 1935
2563 3015 2676 3069 Τοῦ
2704 3009 2749 3065 δ’
2780 3009 3066 3086 Ἀδριανοῦ
3091 3017 3242 3068 πάπα
3273 3015 3526 3078 θανόντος
3558 3017 3800 3091 Ῥώμης,

2563 3099 2786 3162 Αἷδοῖος
2816 3101 2950 3176 ἀνὴρ
2981 3103 3071 3156 καὶ
3102 3098 3394 3176 σεϐάσμιος
3424 3105 3572 3159 Λέων

2567 3187 2863 3265 Προεδρίαν
2897 3189 3089 3268 εἷ’ληφε
3113 3192 3313 3262 ταύτης
3343 3192 3585 3268 ἐννόμως
3621 3213 3633 3227 ⁸

2563 3281 2659 3337 "Ov
2693 3282 3003 3335 στασιασταὶ
3031 3276 3396 3346 συλλαϐόντες
3421 3282 3480 3338 ἐκ
3512 3283 3708 3357 φθόνου

2564 3370 2759 3448 ’Όμμα
2788 3369 2835 3422 τ’
2864 3363 3218 3439 ἐλωϐήσαντο
3241 3368 3387 3425 τοῦδ’
3419 3371 3518 3426 οὐκ
3548 3373 3624 3434 εἷς
3661 3373 3826 3448 βάθος

2390 3461 2529 3516 1940
2569 3460 2891 3535 Σφήλαντος
2921 3457 3107 3520 αὐτοῖς
3134 3463 3231 3513 τοῦ
3262 3465 3394 3514 Θεοῦ
3423 3461 3516 3522 τάς
3543 3459 3790 3524 ἐλπίδας.

2567 3549 2725 3604 ’Όθεν
2758 3546 3025 3622 Καρούλῳ
3056 3550 3352 3625 προσφυεῖς
3383 3549 3513 3626 ρηγὶ
3547 3551 3834 3627 Φράγγων,

2570 3636 2779 3693 Τούτου
2803 3635 3049 3709 συνάρσει
3083 3633 3354 3708 λαμϐάνει
3384 3639 3548 3693 πάλιν
3575 3641 3790 3717 θρόνον,

2571 3725 2676 3781 Καὶ
2705 3723 2834 3787 τοὺς
2866 3719 3120 3800 ὑϐριστάς
3149 3725 3506 3800 ἀνταμύνεται
3539 3727 3660 3804 δίκῃ
3684 3749 3697 3763 °

2570 3816 2668 3872 Ὃν
2698 3814 2787 3869 καὶ
2821 3812 2996 3869 διοιδεῖ
3020 3814 3279 3890 βασιλικῇ
3305 3817 3506 3889 ταινίᾳ,

2400 3917 2538 3972 1945
2576 3912 2974 3988 Ἀναγορεύσας
3003 3915 3375 3989 αύτοκράτερα
3403 3916 3627 3989 Ῥώμης
3659 3935 3673 3950 ⁸

2577 4003 2696 4079 Ἀφ’
2728 4003 2789 4057 οὗ
2818 4003 3082 4077 κατέσχον
3111 3999 3376 4079 βάρϐαροι
3409 4004 3651 4080 Φράγγοι
3680 4007 3927 4079 Ῥώμην,

2578 4095 2673 4149 Ἐκ
2702 4097 2991 4169 Γερμανῶν
3022 4089 3274 4156 ἕλκοντες
3307 4091 3504 4150 ἄνωθεν
3540 4097 3719 4170 γένος,

2590 4187 2677 4243 Ὠς
2708 4181 2898 4236 άνόπιν
2925 4180 3112 4255 ε’ίρητο
3143 4183 3512 4259 συγγράφοντί
3546 4205 3660 4257 μοι.

2582 4270 2815 4334 Ἰταλίας
2849 4272 2942 4344 μὶν
2970 4277 3087 4333 τοῖς
3123 4270 3273 4346 ὅροις
3305 4271 3593 4347 εἷσεφθάρη

2407 4364 2543 4418 1950
2583 4365 2809 4436 Πρῶτον
2839 4357 2993 4436 γένος
3019 4365 3166 4438 σφῶν
3191 4359 3418 4416 ἐκλιπὸν
3447 4364 3546 4432 τὴν
3579 4359 3838 4438 πατρίδα,

2585 4451 2686 4507 Καὶ
2709 4451 2805 4520 τὴν
2843 4448 3066 4504 Ἰταλῶν
3099 4455 3216 4514 τοῖς
3246 4449 3443 4514 ὅπλοις
3471 4453 3829 4528 κατατρέχον,

2583 4540 2802 4612 Ῥώμην
2841 4541 3243 4614 μεγαλώνυμον
3272 4538 3401 4610 ἠνία
3431 4539 3623 4597 πλέον.

2583 4632 2695 4686 Τοῦ
2728 4626 2772 4682 δ’
2804 4628 3047 4703 Ἰσαύρου
3078 4630 3308 4692 Λέοντος
3339 4627 3606 4705 ἄρχοντος
3638 4630 3870 4705 κράτους

2588 4719 2688 4772 Καὶ
2721 4712 3130 4787 δυσσεϐοὖντος,
3164 4717 3238 4780 ὡς
3271 4713 3373 4795 ἔφη
3400 4719 3603 4795 φθάσας
3636 4716 3823 4793 λόγος,

2409 4818 2545 4873 1955
2583 4816 2805 4887 Ῥώμης
2835 4813 3072 4877 παλαιᾶς
3103 4815 3122 4858 ἕ
3159 4812 3426 4890 πρόεδρος
3456 4815 3545 4870 καὶ
3578 4814 3743 4886 θύτης

2584 4905 2995 4975 Ἀποστατήσας
3025 4903 3328 4979 Γρηγόριος
3361 4903 3556 4967 ἐνθέως

2582 5000 2755 5071 Ζυγοῦ
2777 5016 2835 5050 τε
2865 4994 3094 5069 κράτους
3127 4995 3277 5067 ἱερας
3305 4992 3594 5057 κοινωνίας

2583 5087 2816 5156 Ἐξωθεν
2851 5087 2962 5140 ὅντι
2998 5082 3279 5139 σπένδεται
3310 5086 3580 5160 Φράγγων
3612 5084 3772 5158 γένει,

2583 5176 2686 5230 Καὶ
2717 5177 2817 5243 τὴν
2849 5176 2987 5248 πρὸς
3020 5173 3214 5236 αὐτοὺς
3243 5171 3599 5249 συγκαταλύει
3639 5175 3848 5249 μάχην.

2407 5269 2541 5322 1960
2578 5267 2701 5321 Ἐπὶ
2739 5264 2784 5319 δ’
2818 5264 3054 5319 ἀνάκτων
3091 5264 3324 5338 Εἰρήνης
3359 5264 3767 5318 Κωνσταντίνου

2579 5356 2800 5426 Ῥώμης
2833 5352 2977 5410 Λέων
3005 5349 3248 5416 ἔντοσθεν
3281 5353 3477 5414 αὐτοὺς
3510 5352 3711 5427 εἰσάγει

2583 5445 2680 5499 Καὶ
2709 5449 2912 5496 ταινιοῖ
2944 5442 3245 5516 Κάρουλον,
3280 5442 3353 5503 ὡς
3382 5440 3514 5518 ἔφην
3549 5439 3677 5513 ἅνω,

2580 5534 2874 5590 Ιίάντεῦθεν
2903 5533 3066 5607 ἦρξαν
3099 5541 3197 5602 τῆς
3228 5533 3364 5602 ὅλης
3399 5530 3655 5592 Ἰταλίας,

2577 5624 2853 5700 Κάρουλος
2885 5625 3040 5683 οὗτος
3070 5623 3312 5695 ἀξιωθεὶς
3344 5627 3438 5676 τοῦ
3471 5623 3696 5700 στέφους

2400 5718 2538 5775 1965
2578 5713 2828 5770 Ἔστειλε
2848 5707 3100 5789 πρέσϐεις
3133 5715 3270 5788 πρὸς
3293 5715 3593 5788 κρατοῦσαν
3624 5711 3865 5787 Εἰρήνην
