4208 6430
168 383 228 436 85
1677 375 2034 429 CBBABES.
3481 377 3550 431 86

1824 499 1877 566 Α
1909 500 1973 551 ut
2002 496 2115 552 sibi
2145 494 2482 551 conciliaret
2512 495 2774 565 ejusdem
2809 495 3068 567 nuptias,

1900 600 2030 655 quae
2060 600 2153 639 res
2183 584 2306 654 ipse
2340 584 2552 654 reginae
2583 584 2749 638 valde
2781 585 3017 655 placuit.

1898 675 1967 728 Et
1997 673 2214 744 nuptiis
2246 673 2480 743 quidem
2515 673 2762 728 fortasse
2793 675 3125 744 peragenda:
3158 681 3345 745 erant,

1898 761 2010 816 nisi
2044 761 2103 816 in
2137 760 2270 816 aula
2301 761 2477 831 regali
2507 761 2688 832 spado
2719 762 2983 832 quidam,

1897 851 2134 906 nomine
2161 851 2388 918 Aetius,
2420 855 2559 904 tunc
2592 852 2883 922 praacipue
2913 857 3240 925 praepotens

1896 939 2242 996 afﬁnitatem
2275 938 2464 995 Caroli
2499 939 2930 1010 impedivisset,

1895 1045 2153 1096 omnem,
2186 1033 2250 1083 ut
2281 1034 2369 1084 est
2399 1029 2458 1082 in
2490 1029 2814 1100 proverbio,
2849 1046 3088 1086 movens
3119 1031 3408 1104 lapidem;

1895 1135 2105 1190 nempe
2134 1122 2198 1173 ut
2226 1118 2412 1173 tutius
2443 1119 2690 1174 Leonem
2725 1119 2963 1174 fratrem
2996 1137 3193 1189 suum,

1893 1208 2046 1279 quod
2078 1206 2189 1264 sibi
2221 1210 2344 1263 erat
2373 1207 2432 1261 in
2461 1207 2632 1277 votis,
2668 1208 2912 1279 imperio
2943 1210 3300 1269 obtruderet.

322 504 541 577 Γάμους
572 505 750 575 ὶαυτῷ
788 504 1072 576 μνώμενος
1110 495 1421 576 βασιλίδος,

319 593 422 647 Καὶ
451 591 584 666 τῇδε
611 593 782 668 τυχὸν
813 586 1129 663 στερκτέους
1161 585 1491 664 πεφηνότας.

315 681 420 736 Καὶ
450 682 578 756 τάχ’
610 679 672 734 ἄν
699 683 801 749 ἧκε
830 680 970 754 πρὸς
998 679 1165 753 πέρας
1192 675 1260 731 τὰ
1283 678 1391 729 τῶν
1423 674 1641 748 γάμων,

313 769 384 827 Εἴ
419 771 495 843 μὴ
533 769 671 844 μέγα
689 790 773 832 τις
804 767 856 823 ἰν
893 764 1194 843 βασιλείοις
1225 761 1443 818 σπάδων

157 861 286 918 1970
321 863 389 913 Ὢ
418 856 618 923 κλῆσις
647 856 853 919 Ἀέτιος
886 855 1094 930 ἰσχύων
1126 855 1271 925 τότε,

323 945 506 1017 Κῆδος
538 947 602 1002 τὸ
627 947 766 1022 πρὸς
793 943 1071 1019 Κάρουλον
1105 941 1297 1018 ἴσχυσε
1327 936 1535 1010 σϐέσαι,

322 1036 507 1092 Πάντα
534 1038 762 1106 κινήσας
793 1034 970 1102 λίθον,
1002 1035 1076 1094 ὡς
1107 1032 1401 1106 παροιμία,

315 1129 414 1196 Τῷ
444 1128 759 1199 παρενεῖραι
789 1125 858 1195 τῇ
891 1119 1199 1196 κραταρχίᾳ
1231 1118 1404 1183 θέλειν

319 1211 534 1268 Λέοντα
561 1211 887 1286 κασίγνητον
912 1208 1128 1265 ἄνευθεν
1162 1203 1356 1287 φόϐου.

161 1392 564 1450 ΝΙΚΗΦΟΡΟΣ
605 1392 652 1448 Ο
685 1389 1164 1516 ΓΕΝΙΙὲἓΣΕβΒ)
1223 1389 1335 1444 ET.
1405 1392 1466 1442 Θ.
1533 1383 1788 1442 ETEPOI
1962 1386 3140 1517 ΝΙΟΕΡΗΟΗΗῗΙβΕᾸῘῖῘόἘῖΙΑΙΞΝΑΙξΙίιῖΧ,
3183 1393 3320 1448 VEL
3369 1393 3462 1449 UT

154 1606 274 1664 1075
307 1605 468 1662 ⁶Οθεν
498 1601 718 1678 βασιλὶς
746 1607 869 1664 τοῖς
900 1601 1056 1664 ὅλοις
1092 1601 1395 1675 μισουμένη

1961 1603 2108 1674 Ergo
2138 1601 2339 1672 regina
2371 1602 2532 1658 Irene
2565 1601 2752 1656 invisa
2783 1603 3058 1658 omnibus

307 1696 650 1750 Ἔκπετωσιν
683 1692 939 1765 ὑπέμεινε
972 1698 1067 1759 τῆς
1103 1687 1429 1764 μοναρχίας.
1891 1708 1969 1748 au

1328 1687 1429 1749 ίας.
1891 1691 2271 1748 amissionem
2304 1690 2534 1761 imperii
2569 1706 2845 1761 perpessa
2875 1695 2982 1761 est,

305 1781 528 1837 ’Ἄλλου
555 1782 1065 1856 παρεισφρήσαντος
1098 1779 1235 1851 αὐτῇ
1260 1777 1351 1832 σὺν
1387 1774 1540 1848 δόλῳ
1812 1849 1852 1856 _
1890 1779 1965 1836 ali

1447 1776 1540 1848 λῳ
1812 1849 1852 1856 _
1890 1779 2002 1836 alio
2030 1795 2132 1850 per
2160 1779 2426 1834 fraudem
2461 1783 2783 1849 occupante
2814 1785 3109 1851 sceptrum

303 1874 415 1926 Τοῦ
449 1849 744 1944 λογοθέτου
769 1849 995 1942 ¹γενικοῦ
1027 1849 1371 1942 Νικηφόρου,
1811 1849 1860 1915 Β
1889 1884 1957 1940 ge

1811 1849 1860 1915 B
1889 1849 2145 1940 generali
2178 1882 2384 1938 nempe
2409 1867 2699 1938 legotheta
2729 1849 3086 1940 Nicephoro;

306 1955 540 2031 Ἀνδρὸς
571 1961 771 2032 μιαροῦ
799 1958 1106 2026 κακοήθους
1135 1954 1262 2015 τοὺς
1290 1954 1548 2029 τρόπους.
1887 1957 1968 2012 vir

1443 1974 1548 2016 Duc.
1887 1957 2008 2012 viro
2040 1957 2310 2024 nefando,
2346 1957 2586 2028 praedito
2620 1956 2790 2011 malis
2823 1957 3105 2023 moribus,

153 2050 273 2106 1980
311 2046 802 2122 Ἐρασιχρημάτου
829 2066 887 2100 τε
915 2047 1003 2099 καὶ
1038 2043 1396 2120 φιλαργύρου,

307 2137 500 2205 Ηὰσης
530 2135 760 2206 ταμείου
788 2135 978 2195 κακίας
1011 2131 1320 2204 ἀπληστίας

305 2227 603 2302 Ἔφορκον,
627 2218 881 2278 ἀϐέϐαιον
915 2222 1219 2298 αύχοῦντος
1249 2223 1476 2297 τρόπον.

304 2314 482 2375 Οὗτος
509 2313 691 2386 τεμὼν
724 2313 884 2388 ’ὀρκια
911 2315 982 2386 τῇ
1017 2309 1258 2387 βασιλίδι

305 2400 490 2472 Δῆλον
516 2403 727 2476 τιθείσῃ
753 2403 1059 2478 χρημάτων
1092 2399 1424 2478 ἀποκρύφων

158 2494 281 2549 1985
316 2491 601 2568 Θησαυρὸν
629 2485 797 2565 ἀϐρὸν
827 2489 961 2566 τῇδέ
991 2511 1096 2545 που
1127 2491 1538 2566 κεκρυμμένων,

312 2583 519 2655 Ἀχαρι
555 2579 723 2654 μηδὲν
759 2577 1030 2654 μηδαμῶς
1061 2580 1409 2635 πεπονθέναι·

308 2668 575 2745 Ἐπείπῦρ
610 2666 880 2742 ὑπέδειξεν
909 2668 1057 2741 αύτῷ
1091 2667 1277 2743 μυρία,

310 2758 408 2820 Εἷς
439 2765 606 2828 νῆσον
640 2759 912 2833 ἐξόριστον
956 2757 1220 2830 ἐκπέμπει
1258 2757 1349 2833 βίᾳ

319 2846 670 2920 Ἐπωνυμίαν
703 2845 1012 2922 ῐῐριγκίπου
1043 2867 1204 2917 κεκτη
1216 2847 1402 2919 μένην.

158 2937 280 2992 1990
327 2937 464 2992 Εἶτα
496 2933 842 3008 μετατίθησιν
873 2933 952 2997 εἷς
980 2941 1146 3004 νῆσον
1180 2931 1402 2992 Δέσόον.

316 3026 536 3100 Ὃρκων
569 3025 761 3080 ἑαυτοῦ
795 3022 1000 3098 μηδένα
1027 3024 1195 3088 τιθεὶς
1225 3022 1409 3098 λόγον·

1890 2047 2146 2117 pecuniae
2177 2046 2408 2116 cupido,
2446 2050 2622 2115 atque
2653 2061 2830 2116 opum
2865 2048 3109 2116 amasio,

1890 2133 2049 2190 omni
2083 2133 2306 2189 malitia
2337 2133 2527 2205 pleno,
2563 2134 2926 2201 avarissimo,

1890 2222 2154 2278 instabili
2185 2222 2538 2292 perjuroque
2567 2227 2624 2276 et
2657 2227 2848 2278 mente
2879 2228 2935 2278 et
2965 2224 3187 2297 lingua.

1891 2312 1997 2367 Hic
2028 2310 2285 2384 obligata
2314 2311 2670 2382 imperatrici
2705 2312 2816 2367 {ide

1894 2415 2036 2472 opes
2065 2400 2399 2454 reconditas
2431 2399 2546 2455 sibi
2578 2399 2876 2469 revelanti,

1891 2488 2238 2544 thesaurum
2269 2488 2552 2559 grandem
2587 2504 2761 2559 quem
2794 2496 3153 2560 seposuerat,

1895 2576 2042 2633 nihil
2075 2575 2385 2633 molestum
2420 2578 2538 2633 fore
2569 2583 2976 2649 experturam;

1896 2671 2207 2739 postquam
2239 2665 2340 2720 illa
2370 2667 2631 2722 ostendit
2661 2667 2787 2721 auri
2819 2684 3112 2735 acervum,

1896 2755 2167 2828 protinus
2192 2755 2450 2810 exsulem
2485 2755 2708 2826 pepulit
2737 2756 2794 2811 in
2830 2757 3085 2812 insulam

1897 2861 2073 2916 quam
2102 2843 2273 2914 vulgo
2306 2844 2543 2899 nomine
2574 2844 2890 2916 indigitant
2919 2846 3204 2918 Principis
3240 2865 3252 2903 :

1895 2933 2033 2988 inde
2059 2934 2130 2988 ad
2163 2931 2338 2988 aliam
2370 2931 2627 2988 insulam
2662 2934 2915 2989 Lesbum
2948 2937 3272 3002 transtulit,

1899 3021 2064 3078 nulla
2093 3022 2444 3077 sacramenti
2479 3022 2705 3078 ratione
2737 3022 2958 3091 habita,

313 3115 487 3177 Ἐνθα
512 3113 751 3188 περαίνει
779 3114 871 3168 τὸν
906 3111 1110 3188 δρόμον
1143 3112 1339 3167 τούτου
1373 3113 1515 3189 βίου.

310 3203 674 3276 Πανσπερμία
705 3199 751 3256 δ’
783 3197 857 3256 ὥν
885 3199 1239 3266 παντοδαπῆς
1263 3203 1454 3265 κακίας

312 3290 653 3361 Ἀπληστίας
679 3291 918 3365 μάλιστα
936 3297 1037 3361 τῆς
1070 3290 1321 3366 ὀλεθρίας

156 3381 280 3437 1995
317 3383 511 3435 Κακῶν
551 3380 784 3454 ὑπῆρξεν
813 3382 1040 3454 εὑρετὴς
1068 3380 1444 3454 τελεσμάτων,

307 3468 920 3546 Καπνικαλληλέγγυον
957 3468 1235 3544 εἷ’σπρασιν
1278 3468 1432 3533 νόθον

303 3561 641 3629 Ἐπινοήσας
672 3553 962 3634 συντριϐὴν
1000 3557 1289 3628 ὑπηκόοις.

309 3647 415 3704 Καὶ
457 3651 618 3702 τοῦτο
651 3646 850 3723 δεῖγμα
876 3650 976 3716 τῆς
1012 3649 1204 3702 ἑαυτοῦ
1234 3647 1425 3710 κακίας

313 3737 406 3799 Ὠς
443 3734 678 3791 έκπλέου
707 3737 920 3812 γένοιτο
951 3740 1126 3810 γεῦμα
1154 3741 1255 3791 τοῦ
1277 3735 1459 3801 πίθου.

157 3828 289 3883 2000
326 3827 497 3900 Ἀνὴρ
531 3823 957 3902 παλιγκάπηλος
985 3827 1203 3900 ἀφνειὸς
1233 3828 1369 3880 πάνυ

322 3915 473 3992 Πρὸς
501 3913 661 3970 τοῦδε
690 3914 937 3986 κληθεὶς,
969 3910 1273 3985 ἰκϐιάζεται
1307 3914 1486 3990 λέγειν

332 4002 598 4078 Ἀριθμὸν
639 4004 791 4076 αύτῷ
819 4007 916 4058 τοῦ
945 4003 1246 4077 προσόντος
1279 4004 1531 4080 χρυσίου.

329 4094 442 4149 Καὶ
473 4093 712 4170 φάμενον
737 4091 854 4162 τὸν,
886 4092 985 4147 οὐκ
1013 4092 1297 4164 ἀληθεύειν
1333 4092 1515 4172 φάναι.

328 4183 532 4239 Τοίνυν
564 4181 770 4246 ἐπιθεὶς
800 4183 900 4251 σήν
930 4181 1142 4260 κεφαλῇ
1181 4204 1284 4256 μου
1313 4183 1452 4258 χέρα

166 4273 292 4328 ωοῦ
328 4274 563 4345 Ὀμνυε,
594 4271 751 4348 φησὶ,
782 4271 918 4326 κατὰ
940 4270 1142 4342 ταύτης
1177 4272 1254 4334 εἷς
1284 4272 1437 4327 τόσα.

330 4363 394 4419 Ὁ
425 4358 471 4415 δ’
502 4358 630 4435 ἕδρα
659 4359 888 4436 βληθεὶς
918 4357 1097 4432 δειλίᾳ
1124 4364 1224 4431 τὴν
1252 4359 1502 4433 καρδίαν,

331 4451 520 4506 Εἱπὼν
555 4448 768 4512 δεκάκις
801 4449 1034 4524 χρυσίου
1068 4449 1259 4524 λιτρας
1293 4448 1441 4519 δέκα,

328 4542 435 4603 ’Ἀς
460 4539 549 4594 καὶ
579 4539 911 4612 κομισθῆναί
937 4561 999 4615 γε
1026 4541 1350 4615 προστάττει
1373 4542 1572 4615 τάχοςο

331 4632 538 4702 Ὢνπερ
568 4625 696 4683 δέκα
729 4625 874 4696 δοὺς,
908 4628 1024 4702 εἶχε
1055 4627 1260 4692 λοιπὰς
1293 4631 1321 4684 ὁ
1352 4630 1592 4707 κράτωρ,

173 4720 295 4776 1010
332 4717 417 4776 Ού
451 4717 534 4772 δεῖ
557 4716 847 4789 τοσούτου,
881 4718 1137 4790 σάμενος,
1173 4719 1259 4773 σοὶ
1287 4718 1540 4796 χρυσίου.

333 4809 513 4869 Οὗτος
540 4808 657 4862 κατ’
690 4805 902 4883 ἐχθρῶν
932 4805 1316 4883 ἔκστράτεύσας
1348 4809 1684 4887 Βουλγάρων

333 4895 762 4966 Δεηλατούντων
787 4893 1078 4952 δυτικάττα
1111 4902 1315 4974 χωρία,

334 4983 542 5061 Μάχην
575 4988 783 5060 συνῆψε
815 4987 1078 5062 καρτερὰν
1113 4985 1454 5050 ἀντιπάλοις·

338 5074 440 5130 Καὶ
471 5078 691 5151 πρῶτον
722 5074 992 5151 εὐτύχησε
1020 5075 1156 5131 κατᾶ
1187 5072 1505 5151 Βαρϐάρων

175 5165 303 5221 2015
340 5167 478 5223 Εἶτα
506 5169 742 5238 νικᾶται,
774 5165 1035 5220 κτείνεται
1076 5165 1212 5240 πρὸς
1234 5169 1303 5241 τῇ
1331 5165 1503 5242 μάλῃ·

343 5252 760 5328 Προσκτείνεται
792 5250 850 5309 δὲ
884 5253 1250 5330 μυριάριθμον
1284 5257 1476 5332 στίφος

1899 3111 1998 3166 ubi
2030 3109 2132 3167 illa
2159 3110 2287 3165 vitai
2320 3127 2437 3166 suae
2469 3126 2707 3166 cursum
2741 3111 2971 3168 clausit.

1817 3216 1862 3283 ρ
1903 3201 2032 3272 Ipse
2061 3203 2369 3255 concretus
2396 3201 2570 3255 homo
2604 3200 2830 3256 malitia
2861 3203 3176 3277 omnigena

1900 3289 2002 3346 sed
2035 3289 2278 3344 avaritia
2307 3289 2365 3344 in
2399 3289 2607 3360 primis
2641 3291 2914 3362 pestifera

1899 3395 2184 3435 novorum
2214 3378 2574 3434 tributorum
2608 3380 2874 3437 inventor
2902 3383 3145 3452 exstitit,

1899 3469 2059 3526 velut
2089 3466 2406 3539 illegitimaa
2437 3469 2690 3540 capnicze
2723 3471 3024 3542 pensionis

1902 3557 2246 3628 excogitatio
2279 3557 2533 3613 subditis
2561 3558 3011 3616 molestissimas.

1904 3651 2022 3718 Age
2044 3648 2168 3718 jam
2197 3646 2486 3717 proferam
2519 3647 2914 3719 improbitatis
2947 3651 3266 3722 specimen,

1907 3740 1972 3790 ut
2000 3739 2161 3806 gutta
2192 3734 2372 3790 totius
2402 3733 2540 3789 dolii
2573 3742 2783 3807 gustus
2815 3737 2908 3792 sit.

1905 3825 2008 3880 Vir
2039 3824 2428 3880 dardanarius
2459 3829 2514 3879 et
2545 3825 2811 3898 apprime
2841 3827 3000 3883 dives

1911 3932 1944 3970 a
1974 3931 2108 3986 rege
2139 3915 2462 3970 accersitus
2496 3915 2657 3969 effari
2690 3917 2922 3988 cogitur

1911 4009 2192 4076 quantam
2224 4003 2350 4059 auri
2383 4003 2500 4060 vim
2533 4008 2785 4076 gestaret
2813 4006 2872 4061 in
2904 4006 3132 4064 loculis.

1913 4098 1968 4151 Is
1999 4093 2174 4161 dicit;
2209 4110 2305 4150 rex
2333 4109 2532 4148 verum
2565 4095 2784 4151 dixisse
2817 4101 3010 4168 negat.

1913 4187 2090 4241 Porro
2122 4188 2307 4252 tuam,
2342 4183 2552 4254 inquit,
2585 4185 2759 4256 capiti
2794 4202 2922 4241 meo
2949 4203 3192 4242 manum

1914 4275 2251 4345 imponens,
2272 4273 2409 4342 jura
2441 4290 2543 4344 per
2572 4273 2722 4329 hanc
2752 4281 3036 4345 quantum
3069 4277 3306 4347 habeas,

1917 4367 1970 4420 Is
2003 4361 2219 4434 paruit,
2254 4361 2520 4417 animum
2554 4363 2852 4432 quatiente
2887 4371 3081 4434 metu;

1917 4452 2181 4523 dixitque
2212 4455 2446 4506 centum
2481 4451 2606 4506 auri
2640 4469 2700 4507 se
2735 4452 2942 4509 habere
2974 4455 3156 4512 libras
3189 4475 3201 4512 :

1918 4558 2064 4613 quas
2095 4539 2251 4595 illico
2283 4540 2354 4595 ad
2387 4556 2448 4594 se
2480 4540 2672 4595 afferri
2704 4558 2803 4596 rex
2836 4545 3167 4614 mandavit;

1921 4630 2191 4701 datisque
2223 4629 2444 4695 decem,
2480 4629 2736 4700 reliquas
2769 4647 2867 4686 rex
2898 4632 3173 4702 retinuit;

1917 4719 2083 4775 Haud
2117 4733 2264 4789 opus
2296 4722 2386 4772 est
2416 4722 2577 4772 tanto
2608 4718 2735 4788 tibi,
2772 4720 2992 4788 dicens,
3025 4739 3189 4779 auro.

1919 4808 2026 4864 Hic
2049 4811 2325 4878 suscepta
2350 4807 2410 4860 in
2441 4806 2722 4877 Bulgaros
2751 4811 3137 4880 expeditione,

1922 4898 2022 4970 qui
2051 4897 2318 4969 regiones
2348 4896 2645 4967 hesperias
2680 4898 3063 4956 incursabant

1924 5003 2158 5061 gravem
2191 5003 2325 5042 cum
2358 4985 2630 5042 hostibus
2663 5004 2919 5058 pugnam
2952 4992 3252 5048 commisit
3286 5011 3298 5050 :

1925 5083 1983 5135 et
2013 5079 2273 5151 primum
2306 5077 2542 5148 quidem
2577 5079 2849 5134 Barbaris
2882 5082 3150 5152 superior
3177 5083 3323 5154 fuit;

1929 5186 2064 5224 mox
2091 5169 2303 5237 victus,
2336 5166 2514 5222 vitam
2547 5166 2747 5223 amisit
2780 5168 2838 5223 in
2872 5169 3090 5240 praelio.

1931 5258 2107 5314 Periit
2137 5256 2314 5312 simul
2341 5260 2572 5312 caterva
2605 5256 2860 5328 plurima

1931 5349 2172 5414 ducum,
2208 5346 2520 5412 nobilium,
2555 5351 2612 5401 et
2643 5351 3004 5404 senatorum.

344 5341 582 5418 Ἀνδρῶν
615 5349 956 5420 στρατηγῶν,
990 5345 1222 5420 εὐγενῶν
1251 5349 1357 5400 τῶν
1393 5345 1443 5400 ἐν
1476 5344 1645 5404 τέλει.

341 5435 459 5504 Τῆς
485 5431 541 5488 δὲ
575 5438 824 5508 στρατιᾶς
858 5431 972 5489 οὐδ’
1005 5436 1370 5510 ἀριθμήσαιτό
1401 5457 1506 5498 τις.
1933 5439 2003 5493 N8

1933 5439 2076 5493 Nam
2111 5435 2530 5508 grcgariorium
2569 5453 2880 5492 numerum
2917 5455 3087 5494 nemo
3120 5441 3373 5499 iniverit.

187 5616 355 5759 gi($3)
387 5616 576 5674 Codex
601 5618 882 5675 mendose
912 5617 1090 5676 habet
1114 5620 1173 5675 in
1223 5618 1400 5676 titulo
1461 5618 1756 5676 rubricato
1787 5639 1816 5673 ο

241 5705 346 5746 nis.

1912 5621 1950 5671 μῦ
1981 5621 2222 5692 γενικοῦ.
2254 5619 2362 5674 Sed
2396 5619 2744 5674 emendatur
2803 5637 2835 5675 a
2878 5625 3034 5676 textu
3087 5625 3371 5680 mendum
3423 5645 3574 5685 mar-

221 5704 346 5746 ιῑιιε.
