4190 6438
612 398 685 455 87
1825 386 2198 443 EPHRBMII
2244 382 2267 437 ί

2368 377 2818 436 ιοΝοαΒΑΡΗι
3948 354 4023 412 88

683 520 1101 581 STAURACUS
1140 519 1521 576 NICEPHOBI
1560 514 1791 573 FILIUS
1829 512 1948 567 AN.
1988 511 2033 578 Ι,
2072 507 2211 563 VEL
2299 505 2338 571 Α

2383 516 2829 574 ΣΤΑΥΡΑΚῙΟΣ
2871 515 2915 570 Ο
2968 513 3129 569 ΥΙΟΣ
3193 509 3413 566 ΑΥΤΟΥ
3477 509 3586 564 ET.
3655 506 3737 574 A’,
3801 506 3873 561 ΟΙ
3939 501 4023 556 ΔΕ

990 592 1080 648 UT
1120 592 1269 647 ALlI
1311 591 1533 646 AlUNT
1575 585 1812 643 MENSE
1852 585 1895 639 Ι.

1737 585 1812 640 SE
1852 585 1895 639 Ι.
3012 582 3217 640 MHNA
3259 582 3392 653 (34).

690 704 846 756 Caeso
877 696 1203 769 Nicephoro
1235 712 1335 751 rex
1369 694 1759 766 Bulgarorum

622 793 801 861 caput
827 787 1100 854 abscidit,
1134 785 1385 856 ejusque
1416 796 1758 853 compagem
1793 792 2023 835 osseam

625 883 866 951 argento
898 891 1159 947 auroque
1192 873 1410 929 atIabre
1431 885 1721 927 exornans

631 967 767 1023 dein
795 965 1006 1021 habuit
1038 980 1138 1035 pro
1171 961 1390 1035 scypho
1422 960 1557 1031 (heu
1584 956 1883 1030 piaculum
1908 954 1946 1025 l)

630 1056 690 1111 in
721 1054 869 1110 lastis
900 1052 1149 1109 coetibus
1177 1055 1352 1122 atque
1383 1046 1682 1113 conviviis,

631 1143 884 1200 irridens
914 1140 1141 1199 scilicet
1171 1144 1570 1195 Romanorum
1602 1150 1768 1207 reges

633 1238 690 1289 et
714 1249 836 1289 suae
865 1230 1127 1288 victoriae
1160 1228 1449 1299 plaudens
1481 1238 1851 1297 magnopere.

631 1322 781 1377 Tum
809 1324 867 1376 et
892 1317 1234 1375 Stauracius
1264 1316 1325 1371 in
1359 1314 1555 1386 praelio
1588 1312 1910 1375 sauciatus,

631 1408 944 1481 Nicephori
974 1408 1323 1463 invenustus
1356 1409 1413 1459 et
1442 1401 1693 1473 simplex
1723 1400 1902 1463 ﬁlius,

2556 690 2767 750 Τούτου
2798 688 3080 758 πεσόντος,
3115 685 3444 760 Βουλγάρων
3475 682 3791 759 ’ἀρχηγέτης

2381 783 2524 838 2020
2558 781 2755 853 Τεμὼν
2784 777 3027 855 κεφαλὴν
3054 776 3145 830 καὶ
3178 768 3363 849 λαϐὼν
3394 769 3548 842 τῆσδ’
3584 769 3791 838 ὀστέον,

2563 869 2660 924 Καὶ
2687 872 2847 923 τοῦτο
2880 865 3064 927 καλῶς
3094 864 3350 924 σκευάσας
3384 859 3777 936 χρυσαργύρῳ.

2385 961 2627 1034 Ἐχρῆτο
2660 957 2854 1013 λοιπὸν
2886 957 2959 1017 ὡς
2983 952 3194 1025 κύλικι,
3226 956 3323 1029 φεῦ
3358 950 3558 1024 μύσους
3595 951 3606 1004 l

2566 1049 2654 1104 Ἐν
2688 1045 3038 1123 φιλοτησίαις
3061 1064 3119 1097 τε
3145 1040 3235 1096 καὶ
3267 1038 3583 1108 συσσιτίοις,

2567 1132 2909 1211 Ἐπεγγελῶν
2941 1134 3089 1201 ἅναξι
3120 1128 3404 1202 Ῥωμαίων
3437 1131 3603 1201 τάχα,

2392 1227 2536 1282 2025
2574 1225 2711 1279 Κᾶπὶ
2744 1222 3128 1297 κατορθώματι
3160 1216 3430 1291 κομπάζιν
3468 1214 3622 1291 μέγα.

2568 1314 2671 1369 Καὶ
2701 1310 3033 1385 Σταυράκιος
3067 1305 3111 1362 δ’
3147 1306 3198 1361 ἐν
3237 1308 3391 1380 μάχῃ
3422 1301 3758 1379 τετρωμένος

635 1499 738 1572 qui
770 1499 888 1553 imo
921 1496 1209 1568 insipiens
1239 1497 1295 1549 et
1325 1491 1623 1548 intellectu
1654 1504 1860 1546 carens

636 1587 796 1644 brevi
828 1589 1151 1658 superstes,
1185 1599 1319 1638 mox
1349 1582 1531 1636 vitam
1567 1577 1788 1647 amisit,

646 1677 813 1750 regni
843 1674 1057 1747 specie,
1094 1689 1210 1728 non
1244 1686 1447 1743 regno,
1479 1670 1720 1741 potitus.

909 1822 1226 1880 MICHAEL
1267 1816 1757 1875 RHANCABZEUS
1797 1816 1907 1872 AN.
1951 1815 2018 1871 II.

710 1958 1014 2017 Stauracio
1044 1956 1334 2013 exstincto
1367 1950 1657 2010 successit
1688 1951 2010 2022 imperator

643 2048 893 2106 illustris
923 2045 1172 2102 Michael
1204 2044 1397 2099 dictus
1434 2040 1859 2107 Rhancabesus,

644 2140 732 2195 vir
760 2134 1146 2202 honorabilis,
1180 2132 1411 2188 indoles
1439 2128 1798 2203 gratissima,

647 2226 850 2301 probis
882 2224 1174 2289 moribus,
1207 2221 1394 2291 mitis,
1428 2217 1751 2275 honestatis
1784 2234 1905 2286 ara,

648 2320 707 2373 et
736 2313 1046 2385 religiosus
1077 2312 1241 2367 bonae
1274 2308 1355 2364 rei
1389 2308 1728 2373 thesaurus,

650 2408 942 2461 rectorum
973 2401 1321 2471 dogmatum
1354 2397 1631 2453 defensor
1662 2394 1945 2466 optimus.

652 2493 755 2549 Hic
785 2506 918 2547 cum
952 2489 1175 2544 videret
1203 2486 1419 2542 virtute
1450 2501 1516 2540 ac
1550 2483 1784 2539 litteris.

655 2581 920 2651 insignes
951 2576 1223 2633 homines
1254 2576 1325 2630 de
1350 2572 1540 2629 Studii
1572 2570 1832 2628 coenobio

660 2668 984 2735 Platonem,
1019 2664 1418 2730 Theodorum,
1446 2678 1581 2717 cum
1616 2661 1795 2716 fratre
1825 2676 1933 2716 suo

659 2753 1175 2813 Thessalonicensi
1203 2750 1482 2823 Josepbo,
1513 2750 1745 2806 clausos
1775 2764 2026 2814 carcere,

669 2848 808 2920 quia
839 2842 1181 2918 patriarchae
1212 2839 1463 2913 sapienti
1494 2838 1819 2910 Nicephoro

673 2934 1111 2993 communicare
1142 2947 1385 3003 prorsus
1417 2928 1767 2985 recusabant

675 3043 845 3084 sacra
875 3026 935 3080 in
968 3021 1173 3095 synaxi
1203 3025 1380 3092 atque
1412 3018 1729 3092 mysteriis,

673 3115 955 3188 quoniam
986 3112 1172 3168 laicus
1201 3110 1376 3165 homo
1408 3112 1480 3165 ad
1511 3107 1782 3163 eximiam
1814 3108 2013 3164 sedem

672 3203 1141 3277 patriarcharum
1175 3198 1373 3256 subito
1392 3202 1763 3269 pervenerat,

670 3298 847 3365 atque
873 3293 933 3347 in
963 3291 1073 3346 hoc
1105 3288 1404 3361 proposito
1435 3286 1677 3342 firmiter
1704 3286 2036 3354 haerebant;

669 3381 897 3440 curavit
926 3379 1126 3437 statim
1159 3382 1225 3433 ut
1254 3392 1491 3449 gregem
1524 3376 1743 3447 pastori
1775 3375 2122 3447 adjungeret

670 3472 814 3528 Cum
844 3486 978 3526 vero
1012 3466 1184 3523 multi
1216 3482 1491 3521 renovare
1524 3464 1817 3521 insaniam

671 3561 953 3617 adversus
983 3572 1181 3613 sacras
1214 3553 1560 3610 molirentur
1588 3553 1875 3624 imagines
1901 3570 1917 3622 ;

673 3650 799 3722 ipse
829 3646 1055 3719 aliquot
1085 3645 1273 3716 captis
1304 3659 1589 3715 poenaque
1621 3642 1908 3710 coercitis,

675 3741 919 3795 cunctos
950 3735 1021 3791 ad
1055 3733 1361 3789 colendam
1394 3731 1585 3803 adegit
1618 3746 1874 3786 crucem.

676 3825 959 3884 Monacho
991 3838 1203 3879 rursus
1234 3820 1491 3893 quodam
1525 3820 1913 3891 deprehenso,

678 3915 780 3988 qui
810 3914 1069 3986 Deiparts
1101 3909 1353 3983 Virginis
1384 3908 1700 3980 imaginem

681 4003 833 4060 male
862 4001 1234 4059 dedolaverat
1263 3997 1432 4071 (proh
1462 3997 1760 4053 vesaniam
1784 3996 1820 4067 l)

680 4094 839 4149 hunc
864 4090 1059 4147 statim
1085 4089 1289 4160 lingua
1319 4087 1522 4143 merito
1553 4086 1818 4158 privavit.

680 4181 900 4237 Deinde
930 4176 1174 4234 Michael
1206 4175 1537 4247 conscripto
1567 4174 1820 4231 exercitu

682 4272 893 4330 Mcesos
922 4266 1260 4341 aggregitur
1289 4265 1601 4321 Thraciam
1633 4267 1925 4319 vastantes
1958 4280 1971 4318 :

682 4374 935 4430 cumque
966 4374 1029 4413 se
1062 4355 1310 4412 horridae
1342 4369 1551 4425 pugnae
1584 4352 1976 4425 implicuisset

680 4448 939 4505 vincitur
968 4446 1118 4519 ipse,
1151 4443 1381 4515 Bulgari
1418 4441 1809 4514 triumphant.

679 4538 811 4595 Jam
846 4553 1025 4592 causa
1057 4534 1242 4590 cladis
1275 4532 1386 4587 fuit
1413 4531 1541 4586 sine
1574 4531 1753 4586 dubio
1784 4530 1920 4601 Leo,

683 4626 962 4683 Armenia
994 4622 1303 4691 oriundus,
1337 4622 1456 4676 dux
1487 4620 1809 4691 copiarum,

684 4721 741 4773 et
770 4713 1074 4771 obtinendi
1110 4711 1323 4783 sceptri
1358 4725 1591 4766 summe
1623 4708 1872 4780 cupidus
1906 4725 1920 4762 :

685 4805 787 4877 qui
820 4802 1047 4859 calente
1078 4800 1257 4873 praelii
1294 4798 1631 4854 discrimine

686 4896 895 4963 sponte
927 4907 1030 4962 per
1059 4887 1261 4943 dolum
1297 4886 1625 4959 parmulam
1665 4885 1899 4956 abjecil,

686 4980 919 5053 fugiens
951 4979 1077 5051 ipse
1107 4977 1423 5049 copiasque
1454 4974 1774 5029 adhortans

688 5071 761 5125 ad
794 5085 962 5125 suam
996 5065 1354 5140 praecipitem
1387 5064 1730 5119 imitandam
1765 5062 1984 5135 fugam.

688 5159 784 5216 Sic
815 5156 1146 5213 conciliavit
1170 5153 1413 5226 imperio
1446 5152 1775 5207 infamiam.

684 5249 893 5304 Postea
921 5244 1210 5301 rebellans
1240 5258 1559 5315 purpuram
1595 5241 1869 5312 sumpsit.

681 5340 754 5394 At
784 5336 999 5394 Christi
1034 5351 1225 5390 mores
1260 5333 1524 5387 imitatus
1554 5330 1822 5399 Michael,

685 5445 745 5484 re
777 5427 1035 5499 cognita,
1070 5422 1317 5497 imperio
1351 5421 1503 5476 ultro
1536 5437 1597 5475 sc
1629 5420 1940 5491 abdicavit,

2320 1868 2368 1932 B

2571 1406 2706 1463 Ηαῖς
2731 1420 2813 1461 τις
2844 1395 3118 1466 δυσειδής,
3151 1394 3357 1472 ἀφελὴς
3389 1392 3735 1469 Νικηφόρου,

2582 1485 2898 1563 Ἀὗέλτερὸς
2925 1508 2983 1541 τε
3007 1486 3096 1540 καὶ
3129 1486 3439 1561 φρονήσεως
3472 1479 3619 1556 ἄτερ,

2577 1578 2770 1652 Βραχύ
2797 1598 2849 1631 τι
2887 1574 3039 1651 βιοὺς
3071 1571 3359 1628 ἀπολείπει
3388 1571 3479 1625 τὸν
3517 1569 3656 1644 βίον,

2394 1671 2535 1726 2030
2575 1667 2879 1722 Φαντασίαν
2910 1665 3059 1739 σχὼν
3094 1665 3191 1717 ούκ
3215 1659 3474 1731 ἀλήθειαν
3505 1658 3755 1732 κράτους.

2580 1820 2859 1877 ΜΙΧΑΗΛ
2898 1821 2943 1874 Ο
2982 1813 3418 1870 ΡΑΓΚΑΒΑΙΟΣ
3460 1811 3565 1866 ET.
3609 1810 3687 1866 B'.

2579 1951 2783 2006 Τούτου
2814 1943 3065 2009 θανὸντος
3092 1942 3463 2000 ἀναδείκνυται
3494 1943 3708 2016 κράτωρ

2585 2038 2855 2113 Λαμπρὸς
2886 2034 3121 2112 Μιχαὴλ
3150 2032 3458 2103 τούπίκλην
3486 2025 3864 2105 Ῥαγκαὸαἴος,

2584 2130 2748 2204 Ἀνήρ
2773 2127 3016 2199 τιμὴεις,
3049 2120 3377 2199 χαριεστάτη
3407 2119 3587 2197 φύσις,

2588 2216 2840 2292 Χρηστὸς
2870 2214 3106 2287 τρόπους
3139 2210 3311 2284 πρᾶός
3343 2230 3421 2277 τε,
3452 2207 3636 2264 καλῶν
3668 2205 3839 2278 ἑστία,

2409 2310 2553 2365 2035
2595 2299 2934 2374 Φιλευσεϐής
2961 2323 3043 2364 τις
3074 2301 3285 2376 ἀγαθῶν
3320 2297 3604 2374 μυρμηκία
3636 2298 3769 2371 (35),

2604 2395 2933 2467 Υπέρμαχος
2963 2392 3248 2465 κράτιστος
3281 2388 3454 2463 ὀρθῶν
3488 2384 3805 2460 δογμάτων.

2601 2478 2774 2542 Οὗτος
2817 2476 3060 2553 λογάδας
3090 2478 3311 2552 ἀρετῆς,
3343 2475 3510 2549 λόγου
3542 2472 3736 2551 φίλους

2594 2571 2782 2645 Εύρὼν
2820 2572 3079 2643 μοναχῶν
3111 2573 3208 2637 τῆς
3238 2572 3406 2639 μονῆς
3434 2562 3530 2618 τοῖ’)
3565 2559 3827 2617 Στουδίου

2598 2658 2864 2714 Πλάτωνα
2893 2654 3171 2731 Θεόδωρον
3206 2656 3300 2728 ἅμ’
3330 2651 3571 2729 ὁμογνίῳ

2418 2753 2560 2807 2040
2598 2746 2995 2816 Θεσσαλονίκης
3023 2746 3224 2819 Ἰωσὴφ
3254 2742 3704 2817 καθειργμένους,

2600 2840 2686 2898 Ὠς
2711 2834 3059 2910 ποιμενάρχῃ
3086 2837 3167 2905 τῷ
3196 2836 3347 2909 σοφῷ
3378 2829 3682 2905 Νικηφόρῳ

2733 2930 3141 3001 συμμετασχεῖν
3170 2924 3444 2993 άξινῦντας
3478 2918 3743 2994 μηδόλως

2603 3015 2899 3077 Κοινωνίας
2933 3014 3072 3079 θείας
3097 3034 3156 3068 τε
3183 3012 3273 3067 καὶ
3308 3009 3637 3085 μυστηρίων,

2601 3107 2715 3163 ‘At'
2750 3104 2809 3160 ἐκ
2839 3101 3042 3159 λαϊκῶν
3069 3102 3145 3175 εἷς
3172 3098 3481 3170 πανύζηλον
3512 3098 3702 3171 θρόνον

2346 3220 2389 3287 C
2426 3198 2568 3253 2045
2604 3198 2727 3252 Τῶν
2760 3195 3112 3287 πατριάρχῶν
3143 3190 3357 3287 διθρὸως
3387 3188 3701 3263 ἆνηγμένῳ,

2605 3284 2703 3339 Καὶ
2730 3279 2881 3337 τοῖδε
2912 3279 3105 3336 λοιπὸν
3139 3278 3390 3351 ἐμμένειν
3422 3277 3759 3352 ᾑρημένους,

2605 3374 2847 3435 Σπεύσας
2881 3373 3129 3426 συνάπτει
3151 3368 3371 3441 ποιμένι
3403 3367 3490 3421 καί
3520 3366 3789 3439 ποιμνίῳ·

2602 3460 2845 3538 Ἀνδρῶν
2879 3458 2936 3515 δὲ
2967 3458 3191 3515 πολλῶν
3219 3455 3456 3512 καινίσαι
3481 3457 3579 3524 τήν
3608 3453 3800 3527 μανίαν

2606 3554 2720 3621 Τὴν
2753 3550 2889 3606 κατὰ
2920 3552 3127 3603 σεπτῶν
3150 3546 3372 3602 εἰκόνων
3403 3540 3782 3618 πειρωμένων,

2427 3646 2572 3701 2050
2613 3641 2844 3716 Συσχὼν
2866 3640 3015 3700 τινὰς
3047 3641 3197 3712 αφῶν
3231 3634 3567 3713 σωφρονίσας
3590 3634 3636 3687 τ’
3662 3630 3886 3700 αἷκιαις,

2609 3732 2831 3787 Ἐπεισε
2860 3731 3061 3787 πάντας
3089 3719 3323 3780 εὐσεϐεῖν
3354 3725 3592 3799 Χριστοῦ
3621 3720 3813 3776 τύπον.

2610 3817 2711 3872 Καὶ
2743 3835 2862 3870 νινα
2893 3812 2939 3869 δ’
2972 3814 3142 3889 εὑρὼν
3165 3816 3271 3866 τῶν
3308 3813 3566 3885 μοναχῶν
3600 3806 3662 3863 οὗ
3687 3805 3853 3863 πάλιν

2612 3908 2730 3974 Τῆς
2765 3898 3180 3978 μητρανάνδρου
3212 3901 3486 3975 Παρθένου
3514 3898 3614 3967 τὴν
3650 3895 3829 3951 εἰκόνα

2614 3999 2812 4055 Κακῶς
2843 3986 3202 4064 ἀποξὲσαντα,
3234 3994 3330 4067 φεῦ
3358 3995 3458 4057 τῆς
3504 3985 3694 4060 μανίας

2435 4088 2577 4142 2055
2616 4085 2880 4153 ΓΛώθσης
2908 4080 3266 4155 ἀπεστέρησεν
3299 4077 3456 4139 εὐθὺς
3488 4074 3737 4138 ἐνδίκως·

2616 4174 2719 4229 Καὶ
2750 4168 2985 4245 Μιχαὴλ
3020 4166 3076 4223 δὲ
3105 4167 3353 4241 στρατιὰν
3385 4164 3668 4225 συναλίσας

2620 4260 2763 4315 Κατὰ
2796 4261 2997 4317 Μυσῶν
3030 4254 3189 4327 ἔξεισι
3221 4252 3494 4330 δῃούντων
3524 4252 3737 4324 Θρᾴκην

2619 4349 2723 4406 Καὶ
2754 4347 3126 4422 συγκροτήσας
3147 4345 3247 4413 τὴν
3276 4343 3460 4417 μάχην
3485 4340 3803 4419 φρικαλέαν,

2618 4440 2817 4495 Ἠτταν
2852 4436 3216 4509 ἀπηνέγκατο,
3250 4430 3558 4506 Βούλγαροι
3591 4431 3767 4502 νίκην,

2437 4530 2581 4585 2060
2623 4528 2854 4587 Λέοντος
2887 4524 3062 4594 ἥττης
3094 4521 3275 4577 αἰτίου
3297 4521 3602 4597 πεφηνότος

2619 4616 2705 4687 Ἐξ
2739 4611 3023 4689 ’Λρμενίας
3066 4616 3317 4687 στρατιᾶς
3346 4610 3731 4685 στρατηγέτου,

2620 4705 2815 4779 Ἔρωτ’
2848 4701 3081 4777 ἐρῶντος
3109 4697 3437 4775 δριμύτατον
3469 4701 3565 4753 τοῦ
3586 4699 3839 4774 κράτους.

2626 4791 2946 4870 Συρῥήξεως
2978 4789 3070 4845 οὖν
3105 4787 3486 4861 συμπεσούσης
3518 4788 3607 4841 καὶ
3643 4786 3824 4862 μάχης

2622 4881 2948 4953 Αύθαίρετος
2980 4878 3238 4955 ῥίψασπις
3273 4876 3428 4954 ὤφθη
3462 4875 3554 4930 σὺν
3583 4873 3755 4947 δόλῳ,

2442 4975 2585 5030 2065
2622 4971 2798 5033 Αὐτός
2826 4990 2883 5024 τε
2915 4969 3127 5046 φεύγων
3161 4966 3250 5020 καὶ
3282 4966 3532 5040 στρατιάν
3565 4964 3888 5039 προτρέπων

2620 5060 2793 5118 Αὐτὸν
2830 5063 3111 5132 μιμεῖσθαι
3138 5051 3525 5130 προτροπάδην
3552 5074 3611 5107 τε
3640 5052 3853 5128 τρέχειν

2620 5148 2779 5208 Οὕτω
2802 5140 3119 5220 περιέϐαλεν
3153 5144 3422 5219 αἰσχύνην
3452 5143 3654 5217 κράτει.

2621 5239 2830 5295 Ἔπειτ’
2861 5236 3100 5295 ἀποστὰς
3130 5234 3489 5302 ἀναζώννυται
3522 5233 3739 5305 κράτος·

2625 5330 2724 5385 Καὶ
2759 5326 2915 5403 γνοὺς
2946 5322 3180 5399 Μιχαὴλ
3214 5324 3241 5377 ὁ
3273 5321 3641 5400 φιλοχρίστου
3671 5320 3900 5397 τρόπου,

2441 5421 2585 5475 2070
2621 5417 2794 5474 Ἐκὼν
2829 5415 3144 5483 ὑπεξίστατο
3176 5418 3272 5481 τῆς
3304 5410 3639 5486 κραταρχίας

755 5571 871 5641 (34)
896 5571 955 5625 In
980 5569 1152 5623 titulo
1174 5566 1471 5641 rubricato
1492 5564 1771 5641 scribitur
1795 5580 1893 5635 per
1915 5565 2329 5641 compendium
2441 5566 2710 5641 cioAduos
2740 5561 3011 5641 attribuit
3040 5574 3272 5615 menses
3302 5574 3434 5641 cum
3471 5574 3568 5614 sex
3596 5556 3825 5613 diebus.

690 5636 811 5714 μῆη
850 5636 1114 5712 nihilque
1146 5639 1509 5714 additur,iti_i_
1532 5642 1593 5691 ut
1624 5637 1886 5692 videatur
1918 5636 2332 5714 intelligendus

689 5710 911 5771 mensis
941 5710 1114 5770 unus.
1150 5717 1421 5768 Attamen
1473 5710 1724 5765 Zonares
1773 5710 2040 5780 regnanti
2087 5710 2328 5767 Staura-

2513 5638 2624 5709 (35)
2660 5639 2742 5691 Ita
2772 5635 2973 5701 codex,
3005 5649 3117 5687 non
3149 5629 3456 5703 μυρμηκιά.
