  <div class='ocr_page' id='page_1' title='image "/cluster/home/n/w/nwhite01/storage/ocr_20150623/143/nnc1.0046980733/053.png"; bbox 0 0 4190 6438; ppageno 0'>
   <div class='ocr_carea' id='block_1_1' title="bbox 624 380 2279 439">
    <p class='ocr_par' dir='ltr' id='par_1_1' title="bbox 624 380 2279 438">
     <span class='ocr_line' id='line_1_1' title="bbox 624 380 2279 438; baseline 0.002 -4"><span class='ocrx_word' id='word_1_1' title='bbox 624 380 689 435; x_wconf 86' lang='grc'>91</span> <span class='ocrx_word' id='word_1_2' title='bbox 1830 385 2199 438; x_wconf 73' lang='grc' dir='ltr'>ΕΡΗΒΕΜΙΙ</span> <span class='ocrx_word' id='word_1_3' title='bbox 2236 383 2279 438; x_wconf 93' lang='lat' dir='ltr'>C</span> 
     </span>
    </p>
   </div>
   <div class='ocr_carea' id='block_1_2' title="bbox 1148 380 2803 439">
    <p class='ocr_par' dir='ltr' id='par_1_2' title="bbox 1830 382 2803 439">
     <span class='ocr_line' id='line_1_2' title="bbox 1830 382 2803 439; baseline 0 -2"><span class='ocrx_word' id='word_1_4' title='bbox 1830 385 2199 438; x_wconf 73' lang='grc' dir='ltr'>ΕΡΗΒΕΜΙΙ</span> <span class='ocrx_word' id='word_1_5' title='bbox 2236 382 2803 439; x_wconf 73' lang='lat' dir='ltr'>CERONOGBAPHI</span> 
     </span>
    </p>
   </div>
   <div class='ocr_carea' id='block_1_3' title="bbox 620 503 1705 579">
    <p class='ocr_par' dir='ltr' id='par_1_3' title="bbox 620 503 1705 579">
     <span class='ocr_line' id='line_1_3' title="bbox 620 503 1705 579; baseline 0.001 -19"><span class='ocrx_word' id='word_1_6' title='bbox 620 503 759 561; x_wconf 84' lang='lat' dir='ltr'>sede</span> <span class='ocrx_word' id='word_1_7' title='bbox 784 504 1117 576; x_wconf 87' lang='lat' dir='ltr'>depositum</span> <span class='ocrx_word' id='word_1_8' title='bbox 1150 505 1316 579; x_wconf 82' lang='lat' dir='ltr'>pellit</span> <span class='ocrx_word' id='word_1_9' title='bbox 1344 507 1403 562; x_wconf 92' lang='lat' dir='ltr'>in</span> <span class='ocrx_word' id='word_1_10' title='bbox 1431 505 1705 564; x_wconf 81' lang='lat' dir='ltr'>exsilium</span> 
     </span>
    </p>
   </div>
   <div class='ocr_carea' id='block_1_4' title="bbox 624 593 1990 666">
    <p class='ocr_par' dir='ltr' id='par_1_4' title="bbox 624 593 1990 666">
     <span class='ocr_line' id='line_1_4' title="bbox 624 593 1990 666; baseline 0.001 -19"><span class='ocrx_word' id='word_1_11' title='bbox 624 593 697 647; x_wconf 90' lang='lat' dir='ltr'>ad</span> <span class='ocrx_word' id='word_1_12' title='bbox 732 593 1138 650; x_wconf 77' lang='lat' dir='ltr'>Prmconesum</span> <span class='ocrx_word' id='word_1_13' title='bbox 1171 595 1427 651; x_wconf 98' lang='lat' dir='ltr'>insulam</span> <span class='ocrx_word' id='word_1_14' title='bbox 1459 594 1990 666; x_wconf 73' lang='lat' dir='ltr'>Hellesponticum;</span> 
     </span>
    </p>
   </div>
   <div class='ocr_carea' id='block_1_5' title="bbox 623 682 1911 756">
    <p class='ocr_par' dir='ltr' id='par_1_5' title="bbox 623 682 1911 756">
     <span class='ocr_line' id='line_1_5' title="bbox 623 682 1911 756; baseline -0.001 -19"><span class='ocrx_word' id='word_1_15' title='bbox 623 682 695 737; x_wconf 89' lang='lat' dir='ltr'>ad</span> <span class='ocrx_word' id='word_1_16' title='bbox 729 697 907 752; x_wconf 86' lang='lat' dir='ltr'>quam</span> <span class='ocrx_word' id='word_1_17' title='bbox 940 684 1083 738; x_wconf 92' lang='lat' dir='ltr'>dum</span> <span class='ocrx_word' id='word_1_18' title='bbox 1116 685 1244 739; x_wconf 89' lang='lat' dir='ltr'>navi</span> <span class='ocrx_word' id='word_1_19' title='bbox 1278 686 1623 756; x_wconf 84' lang='lat' dir='ltr'>deportatus</span> <span class='ocrx_word' id='word_1_20' title='bbox 1656 683 1911 749; x_wconf 80' lang='lat' dir='ltr'>ducitur,</span> 
     </span>
    </p>
   </div>
   <div class='ocr_carea' id='block_1_6' title="bbox 626 764 1813 843">
    <p class='ocr_par' dir='ltr' id='par_1_6' title="bbox 626 764 1813 843">
     <span class='ocr_line' id='line_1_6' title="bbox 626 764 1813 843; baseline 0.002 -20"><span class='ocrx_word' id='word_1_21' title='bbox 626 769 843 825; x_wconf 87' lang='lat' dir='ltr'>mirum</span> <span class='ocrx_word' id='word_1_22' title='bbox 876 769 936 825; x_wconf 91' lang='lat' dir='ltr'>in</span> <span class='ocrx_word' id='word_1_23' title='bbox 968 787 1146 826; x_wconf 91' lang='lat' dir='ltr'>cursu</span> <span class='ocrx_word' id='word_1_24' title='bbox 1183 770 1428 842; x_wconf 79' lang='lat' dir='ltr'>contigit</span> <span class='ocrx_word' id='word_1_25' title='bbox 1458 764 1813 843; x_wconf 80' lang='lat' dir='ltr'>prodigium.</span> 
     </span>
    </p>
   </div>
   <div class='ocr_carea' id='block_1_7' title="bbox 626 858 1765 932">
    <p class='ocr_par' dir='ltr' id='par_1_7' title="bbox 626 858 1765 932">
     <span class='ocr_line' id='line_1_7' title="bbox 626 858 1765 932; baseline 0.001 -19"><span class='ocrx_word' id='word_1_26' title='bbox 626 858 773 913; x_wconf 89' lang='lat' dir='ltr'>Nam</span> <span class='ocrx_word' id='word_1_27' title='bbox 805 859 993 914; x_wconf 82' lang='lat' dir='ltr'>sancti</span> <span class='ocrx_word' id='word_1_28' title='bbox 1023 859 1131 913; x_wconf 89' lang='lat' dir='ltr'>viri</span> <span class='ocrx_word' id='word_1_29' title='bbox 1167 860 1398 932; x_wconf 91' lang='lat' dir='ltr'>cognito</span> <span class='ocrx_word' id='word_1_30' title='bbox 1429 860 1765 931; x_wconf 76' lang='lat' dir='ltr'>spiritaliter</span> 
     </span>
    </p>
   </div>
   <div class='ocr_carea' id='block_1_8' title="bbox 624 946 1858 1020">
    <p class='ocr_par' dir='ltr' id='par_1_8' title="bbox 624 946 1858 1020">
     <span class='ocr_line' id='line_1_8' title="bbox 624 946 1858 1020; baseline 0.001 -18"><span class='ocrx_word' id='word_1_31' title='bbox 624 946 832 1003; x_wconf 85' lang='lat' dir='ltr'>itinere</span> <span class='ocrx_word' id='word_1_32' title='bbox 864 947 997 1003; x_wconf 90' lang='lat' dir='ltr'>dius</span> <span class='ocrx_word' id='word_1_33' title='bbox 1029 948 1437 1020; x_wconf 82' lang='lat' dir='ltr'>Theophanes,</span> <span class='ocrx_word' id='word_1_34' title='bbox 1473 948 1673 1020; x_wconf 90' lang='lat' dir='ltr'>procul</span> <span class='ocrx_word' id='word_1_35' title='bbox 1703 948 1858 1017; x_wconf 90' lang='lat' dir='ltr'>licet,</span> 
     </span>
    </p>
   </div>
   <div class='ocr_carea' id='block_1_9' title="bbox 625 1035 1912 1110">
    <p class='ocr_par' dir='ltr' id='par_1_9' title="bbox 625 1035 1912 1110">
     <span class='ocr_line' id='line_1_9' title="bbox 625 1035 1912 1110; baseline 0.002 -19"><span class='ocrx_word' id='word_1_36' title='bbox 625 1035 728 1107; x_wconf 91' lang='lat' dir='ltr'>qui</span> <span class='ocrx_word' id='word_1_37' title='bbox 759 1036 1117 1092; x_wconf 85' lang='lat' dir='ltr'>monasterio</span> <span class='ocrx_word' id='word_1_38' title='bbox 1149 1042 1393 1109; x_wconf 75' lang='lat' dir='ltr'>praeerat</span> <span class='ocrx_word' id='word_1_39' title='bbox 1424 1038 1481 1092; x_wconf 91' lang='lat' dir='ltr'>in</span> <span class='ocrx_word' id='word_1_40' title='bbox 1514 1039 1672 1109; x_wconf 83' lang='lat' dir='ltr'>agris</span> <span class='ocrx_word' id='word_1_41' title='bbox 1704 1038 1912 1110; x_wconf 91' lang='lat' dir='ltr'>posito,</span> 
     </span>
    </p>
   </div>
   <div class='ocr_carea' id='block_1_10' title="bbox 625 1125 1699 1198">
    <p class='ocr_par' dir='ltr' id='par_1_10' title="bbox 625 1125 1699 1198">
     <span class='ocr_line' id='line_1_10' title="bbox 625 1125 1699 1198; baseline 0.001 -17"><span class='ocrx_word' id='word_1_42' title='bbox 625 1129 685 1181; x_wconf 89' lang='lat' dir='ltr'>et</span> <span class='ocrx_word' id='word_1_43' title='bbox 712 1128 841 1180; x_wconf 88' lang='lat' dir='ltr'>ture</span> <span class='ocrx_word' id='word_1_44' title='bbox 871 1125 1098 1181; x_wconf 86' lang='lat' dir='ltr'>facibus</span> <span class='ocrx_word' id='word_1_45' title='bbox 1129 1125 1387 1182; x_wconf 89' lang='lat' dir='ltr'>incensis</span> <span class='ocrx_word' id='word_1_46' title='bbox 1421 1143 1699 1198; x_wconf 88' lang='lat' dir='ltr'>magnum</span> 
     </span>
    </p>
   </div>
   <div class='ocr_carea' id='block_1_11' title="bbox 625 1215 1842 1285">
    <p class='ocr_par' dir='ltr' id='par_1_11' title="bbox 625 1215 1842 1285">
     <span class='ocr_line' id='line_1_11' title="bbox 625 1215 1842 1285; baseline 0.002 -17"><span class='ocrx_word' id='word_1_47' title='bbox 625 1215 1094 1285; x_wconf 87' lang='lat' dir='ltr'>prosequebatur</span> <span class='ocrx_word' id='word_1_48' title='bbox 1121 1215 1298 1272; x_wconf 90' lang='lat' dir='ltr'>veluti</span> <span class='ocrx_word' id='word_1_49' title='bbox 1333 1215 1599 1272; x_wconf 87' lang='lat' dir='ltr'>salutans</span> <span class='ocrx_word' id='word_1_50' title='bbox 1628 1217 1842 1271; x_wconf 92' lang='lat' dir='ltr'>virum.</span> 
     </span>
    </p>
   </div>
   <div class='ocr_carea' id='block_1_12' title="bbox 626 1302 1895 1360">
    <p class='ocr_par' dir='ltr' id='par_1_12' title="bbox 626 1302 1895 1360">
     <span class='ocr_line' id='line_1_12' title="bbox 626 1302 1895 1360; baseline 0 -1"><span class='ocrx_word' id='word_1_51' title='bbox 626 1302 898 1359; x_wconf 86' lang='lat' dir='ltr'>Vicissim</span> <span class='ocrx_word' id='word_1_52' title='bbox 931 1304 1002 1359; x_wconf 92' lang='lat' dir='ltr'>de</span> <span class='ocrx_word' id='word_1_53' title='bbox 1033 1320 1176 1360; x_wconf 83' lang='lat' dir='ltr'>nave</span> <span class='ocrx_word' id='word_1_54' title='bbox 1205 1303 1300 1360; x_wconf 95' lang='lat' dir='ltr'>hic</span> <span class='ocrx_word' id='word_1_55' title='bbox 1331 1321 1582 1360; x_wconf 90' lang='lat' dir='ltr'>cernuus</span> <span class='ocrx_word' id='word_1_56' title='bbox 1613 1304 1895 1359; x_wconf 87' lang='lat' dir='ltr'>adorabat</span> 
     </span>
    </p>
   </div>
   <div class='ocr_carea' id='block_1_13' title="bbox 627 1391 1912 1462">
    <p class='ocr_par' dir='ltr' id='par_1_13' title="bbox 627 1391 1912 1462">
     <span class='ocr_line' id='line_1_13' title="bbox 627 1391 1912 1462; baseline -0.001 -16"><span class='ocrx_word' id='word_1_57' title='bbox 627 1392 879 1447; x_wconf 91' lang='lat' dir='ltr'>amicum</span> <span class='ocrx_word' id='word_1_58' title='bbox 911 1391 1013 1462; x_wconf 90' lang='lat' dir='ltr'>qui</span> <span class='ocrx_word' id='word_1_59' title='bbox 1037 1397 1441 1448; x_wconf 90' lang='lat' dir='ltr'>transeuntem</span> <span class='ocrx_word' id='word_1_60' title='bbox 1474 1409 1536 1449; x_wconf 86' lang='lat' dir='ltr'>se</span> <span class='ocrx_word' id='word_1_61' title='bbox 1567 1393 1912 1449; x_wconf 85' lang='lat' dir='ltr'>honorabat.</span> 
     </span>
    </p>
   </div>
   <div class='ocr_carea' id='block_1_14' title="bbox 627 1479 1655 1551">
    <p class='ocr_par' dir='ltr' id='par_1_14' title="bbox 627 1479 1655 1551">
     <span class='ocr_line' id='line_1_14' title="bbox 627 1479 1655 1551; baseline 0.003 -17"><span class='ocrx_word' id='word_1_62' title='bbox 627 1479 813 1551; x_wconf 86' lang='lat' dir='ltr'>Igitur</span> <span class='ocrx_word' id='word_1_63' title='bbox 842 1480 1039 1536; x_wconf 85' lang='lat' dir='ltr'>nautis</span> <span class='ocrx_word' id='word_1_64' title='bbox 1062 1482 1195 1551; x_wconf 88' lang='lat' dir='ltr'>jure</span> <span class='ocrx_word' id='word_1_65' title='bbox 1226 1480 1655 1537; x_wconf 89' lang='lat' dir='ltr'>demirantibus</span> 
     </span>
    </p>
   </div>
   <div class='ocr_carea' id='block_1_15' title="bbox 626 1570 1825 1639">
    <p class='ocr_par' dir='ltr' id='par_1_15' title="bbox 626 1570 1825 1639">
     <span class='ocr_line' id='line_1_15' title="bbox 626 1570 1825 1639; baseline 0.003 -16"><span class='ocrx_word' id='word_1_66' title='bbox 626 1573 684 1624; x_wconf 90' lang='lat' dir='ltr'>et</span> <span class='ocrx_word' id='word_1_67' title='bbox 713 1584 1033 1639; x_wconf 90' lang='lat' dir='ltr'>quemnam</span> <span class='ocrx_word' id='word_1_68' title='bbox 1066 1570 1336 1626; x_wconf 88' lang='lat' dir='ltr'>adoraret</span> <span class='ocrx_word' id='word_1_69' title='bbox 1367 1570 1825 1639; x_wconf 86' lang='lat' dir='ltr'>sciscitantibus,</span> 
     </span>
    </p>
   </div>
   <div class='ocr_carea' id='block_1_16' title="bbox 628 1656 1995 1730">
    <p class='ocr_par' dir='ltr' id='par_1_16' title="bbox 628 1656 1995 1730">
     <span class='ocr_line' id='line_1_16' title="bbox 628 1656 1995 1730; baseline 0.001 -17"><span class='ocrx_word' id='word_1_70' title='bbox 628 1656 940 1728; x_wconf 78' lang='lat' dir='ltr'>Inclytum,</span> <span class='ocrx_word' id='word_1_71' title='bbox 972 1656 1168 1729; x_wconf 89' lang='lat' dir='ltr'>inquit</span> <span class='ocrx_word' id='word_1_72' title='bbox 1195 1660 1544 1727; x_wconf 81' lang='lat' dir='ltr'>vaticinans,</span> <span class='ocrx_word' id='word_1_73' title='bbox 1579 1659 1995 1730; x_wconf 88' lang='lat' dir='ltr'>Theophanem</span> 
     </span>
    </p>
   </div>
   <div class='ocr_carea' id='block_1_17' title="bbox 626 1746 1924 1821">
    <p class='ocr_par' dir='ltr' id='par_1_17' title="bbox 626 1746 1924 1821">
     <span class='ocr_line' id='line_1_17' title="bbox 626 1746 1924 1821; baseline 0.001 -19"><span class='ocrx_word' id='word_1_74' title='bbox 626 1746 1019 1803; x_wconf 80' lang='lat' dir='ltr'>confessorem</span> <span class='ocrx_word' id='word_1_75' title='bbox 1048 1751 1106 1803; x_wconf 89' lang='lat' dir='ltr'>et</span> <span class='ocrx_word' id='word_1_76' title='bbox 1136 1748 1560 1803; x_wconf 89' lang='lat' dir='ltr'>monachorum</span> <span class='ocrx_word' id='word_1_77' title='bbox 1593 1748 1924 1821; x_wconf 68' lang='lat' dir='ltr'>praesidem,</span> 
     </span>
    </p>
   </div>
   <div class='ocr_carea' id='block_1_18' title="bbox 626 1836 1983 1909">
    <p class='ocr_par' dir='ltr' id='par_1_18' title="bbox 626 1836 1983 1909">
     <span class='ocr_line' id='line_1_18' title="bbox 626 1836 1983 1909; baseline 0.001 -18"><span class='ocrx_word' id='word_1_78' title='bbox 626 1836 727 1907; x_wconf 89' lang='lat' dir='ltr'>qui</span> <span class='ocrx_word' id='word_1_79' title='bbox 757 1843 1025 1892; x_wconf 87' lang='lat' dir='ltr'>sanctum</span> <span class='ocrx_word' id='word_1_80' title='bbox 1058 1838 1406 1893; x_wconf 87' lang='lat' dir='ltr'>asceterium</span> <span class='ocrx_word' id='word_1_81' title='bbox 1439 1838 1497 1892; x_wconf 91' lang='lat' dir='ltr'>in</span> <span class='ocrx_word' id='word_1_82' title='bbox 1531 1854 1668 1909; x_wconf 87' lang='lat' dir='ltr'>agro</span> <span class='ocrx_word' id='word_1_83' title='bbox 1700 1836 1983 1893; x_wconf 81' lang='lat' dir='ltr'>incolunt.</span> 
     </span>
    </p>
   </div>
   <div class='ocr_carea' id='block_1_19' title="bbox 624 1923 1627 1981">
    <p class='ocr_par' dir='ltr' id='par_1_19' title="bbox 624 1923 1627 1981">
     <span class='ocr_line' id='line_1_19' title="bbox 624 1923 1627 1981; baseline 0 -1"><span class='ocrx_word' id='word_1_84' title='bbox 624 1923 843 1981; x_wconf 90' lang='lat' dir='ltr'>Deinde</span> <span class='ocrx_word' id='word_1_85' title='bbox 877 1924 981 1979; x_wconf 87' lang='lat' dir='ltr'>Leo</span> <span class='ocrx_word' id='word_1_86' title='bbox 1014 1924 1254 1980; x_wconf 89' lang='lat' dir='ltr'>balbum</span> <span class='ocrx_word' id='word_1_87' title='bbox 1285 1925 1627 1981; x_wconf 86' lang='lat' dir='ltr'>Michaelem</span> 
     </span>
    </p>
   </div>
   <div class='ocr_carea' id='block_1_20' title="bbox 626 2013 2004 2085">
    <p class='ocr_par' dir='ltr' id='par_1_20' title="bbox 626 2013 2004 2085">
     <span class='ocr_line' id='line_1_20' title="bbox 626 2013 2004 2085; baseline 0.001 -16"><span class='ocrx_word' id='word_1_88' title='bbox 626 2013 1003 2085; x_wconf 87' lang='lat' dir='ltr'>splendidum</span> <span class='ocrx_word' id='word_1_89' title='bbox 1036 2013 1222 2069; x_wconf 89' lang='lat' dir='ltr'>virum</span> <span class='ocrx_word' id='word_1_90' title='bbox 1255 2030 1323 2068; x_wconf 81' lang='lat' dir='ltr'>ex</span> <span class='ocrx_word' id='word_1_91' title='bbox 1355 2014 1728 2085; x_wconf 87' lang='lat' dir='ltr'>optimatium</span> <span class='ocrx_word' id='word_1_92' title='bbox 1763 2032 2004 2072; x_wconf 90' lang='lat' dir='ltr'>numero</span> 
     </span>
    </p>
   </div>
   <div class='ocr_carea' id='block_1_21' title="bbox 630 2102 2002 2175">
    <p class='ocr_par' dir='ltr' id='par_1_21' title="bbox 630 2102 2002 2175">
     <span class='ocr_line' id='line_1_21' title="bbox 630 2102 2002 2175; baseline 0.002 -18"><span class='ocrx_word' id='word_1_93' title='bbox 630 2119 803 2175; x_wconf 90' lang='lat' dir='ltr'>quem</span> <span class='ocrx_word' id='word_1_94' title='bbox 838 2102 1122 2159; x_wconf 84' lang='lat' dir='ltr'>hactenus</span> <span class='ocrx_word' id='word_1_95' title='bbox 1154 2104 1411 2159; x_wconf 87' lang='lat' dir='ltr'>amicum</span> <span class='ocrx_word' id='word_1_96' title='bbox 1442 2104 1501 2158; x_wconf 90' lang='lat' dir='ltr'>in</span> <span class='ocrx_word' id='word_1_97' title='bbox 1533 2104 1667 2159; x_wconf 89' lang='lat' dir='ltr'>aula</span> <span class='ocrx_word' id='word_1_98' title='bbox 1698 2105 2002 2175; x_wconf 89' lang='lat' dir='ltr'>habuerat,</span> 
     </span>
    </p>
   </div>
   <div class='ocr_carea' id='block_1_22' title="bbox 630 2190 1877 2246">
    <p class='ocr_par' dir='ltr' id='par_1_22' title="bbox 630 2190 1877 2246">
     <span class='ocr_line' id='line_1_22' title="bbox 630 2190 1877 2246; baseline 0.001 -2"><span class='ocrx_word' id='word_1_99' title='bbox 630 2190 891 2245; x_wconf 87' lang='lat' dir='ltr'>vinctum</span> <span class='ocrx_word' id='word_1_100' title='bbox 923 2191 1138 2246; x_wconf 90' lang='lat' dir='ltr'>carceri</span> <span class='ocrx_word' id='word_1_101' title='bbox 1169 2191 1350 2246; x_wconf 88' lang='lat' dir='ltr'>tradit</span> <span class='ocrx_word' id='word_1_102' title='bbox 1380 2192 1830 2246; x_wconf 88' lang='lat' dir='ltr'>custodiendum</span> <span class='ocrx_word' id='word_1_103' title='bbox 1864 2207 1877 2245; x_wconf 91' lang='lat'><strong>:</strong></span> 
     </span>
    </p>
   </div>
   <div class='ocr_carea' id='block_1_23' title="bbox 627 2278 1880 2351">
    <p class='ocr_par' dir='ltr' id='par_1_23' title="bbox 627 2278 1880 2351">
     <span class='ocr_line' id='line_1_23' title="bbox 627 2278 1880 2351; baseline -0.002 -16"><span class='ocrx_word' id='word_1_104' title='bbox 627 2294 761 2335; x_wconf 80' lang='lat' dir='ltr'>mox</span> <span class='ocrx_word' id='word_1_105' title='bbox 791 2279 965 2335; x_wconf 89' lang='lat' dir='ltr'>etiam</span> <span class='ocrx_word' id='word_1_106' title='bbox 997 2278 1211 2335; x_wconf 89' lang='lat' dir='ltr'>immiti</span> <span class='ocrx_word' id='word_1_107' title='bbox 1244 2279 1442 2335; x_wconf 90' lang='lat' dir='ltr'>animo</span> <span class='ocrx_word' id='word_1_108' title='bbox 1472 2280 1735 2336; x_wconf 89' lang='lat' dir='ltr'>decernit</span> <span class='ocrx_word' id='word_1_109' title='bbox 1767 2280 1880 2351; x_wconf 92' lang='lat' dir='ltr'>ipsi</span> 
     </span>
    </p>
   </div>
   <div class='ocr_carea' id='block_1_24' title="bbox 623 2368 1895 2441">
    <p class='ocr_par' dir='ltr' id='par_1_24' title="bbox 623 2368 1895 2441">
     <span class='ocr_line' id='line_1_24' title="bbox 623 2368 1895 2441; baseline 0.002 -18"><span class='ocrx_word' id='word_1_110' title='bbox 623 2368 905 2424; x_wconf 90' lang='lat' dir='ltr'>luendum</span> <span class='ocrx_word' id='word_1_111' title='bbox 938 2368 1073 2440; x_wconf 89' lang='lat' dir='ltr'>igne</span> <span class='ocrx_word' id='word_1_112' title='bbox 1105 2385 1449 2440; x_wconf 89' lang='lat' dir='ltr'>supremum</span> <span class='ocrx_word' id='word_1_113' title='bbox 1484 2369 1845 2441; x_wconf 88' lang='lat' dir='ltr'>supplicium</span> <span class='ocrx_word' id='word_1_114' title='bbox 1881 2386 1895 2425; x_wconf 88' lang='lat'>:</span> 
     </span>
    </p>
   </div>
   <div class='ocr_carea' id='block_1_25' title="bbox 620 2457 1807 2525">
    <p class='ocr_par' dir='ltr' id='par_1_25' title="bbox 620 2457 1807 2525">
     <span class='ocr_line' id='line_1_25' title="bbox 620 2457 1807 2525; baseline -0.001 -11"><span class='ocrx_word' id='word_1_115' title='bbox 620 2461 678 2514; x_wconf 91' lang='lat' dir='ltr'>et</span> <span class='ocrx_word' id='word_1_116' title='bbox 708 2457 836 2513; x_wconf 91' lang='lat' dir='ltr'>sine</span> <span class='ocrx_word' id='word_1_117' title='bbox 870 2472 1034 2513; x_wconf 89' lang='lat' dir='ltr'>mora</span> <span class='ocrx_word' id='word_1_118' title='bbox 1063 2471 1188 2512; x_wconf 90' lang='lat' dir='ltr'>rem</span> <span class='ocrx_word' id='word_1_119' title='bbox 1222 2462 1630 2514; x_wconf 84' lang='lat' dir='ltr'>transacturus</span> <span class='ocrx_word' id='word_1_120' title='bbox 1660 2463 1807 2525; x_wconf 91' lang='lat' dir='ltr'>erat,</span> 
     </span>
    </p>
   </div>
   <div class='ocr_carea' id='block_1_26' title="bbox 624 2545 1701 2618">
    <p class='ocr_par' dir='ltr' id='par_1_26' title="bbox 624 2545 1701 2618">
     <span class='ocr_line' id='line_1_26' title="bbox 624 2545 1701 2618; baseline -0.001 -15"><span class='ocrx_word' id='word_1_121' title='bbox 624 2546 740 2603; x_wconf 92' lang='lat' dir='ltr'>nisi</span> <span class='ocrx_word' id='word_1_122' title='bbox 770 2545 975 2618; x_wconf 89' lang='lat' dir='ltr'>regina</span> <span class='ocrx_word' id='word_1_123' title='bbox 1006 2546 1222 2618; x_wconf 85' lang='lat' dir='ltr'>conjux</span> <span class='ocrx_word' id='word_1_124' title='bbox 1252 2546 1701 2604; x_wconf 89' lang='lat' dir='ltr'>intercessisset.</span> 
     </span>
    </p>
   </div>
   <div class='ocr_carea' id='block_1_27' title="bbox 625 2634 1882 2708">
    <p class='ocr_par' dir='ltr' id='par_1_27' title="bbox 625 2634 1882 2708">
     <span class='ocr_line' id='line_1_27' title="bbox 625 2634 1882 2708; baseline 0.002 -16"><span class='ocrx_word' id='word_1_125' title='bbox 625 2638 772 2708; x_wconf 86' lang='lat' dir='ltr'>Ergo</span> <span class='ocrx_word' id='word_1_126' title='bbox 805 2634 900 2692; x_wconf 90' lang='lat' dir='ltr'>hic</span> <span class='ocrx_word' id='word_1_127' title='bbox 931 2635 1214 2692; x_wconf 87' lang='lat' dir='ltr'>dimissus</span> <span class='ocrx_word' id='word_1_128' title='bbox 1237 2635 1509 2704; x_wconf 85' lang='lat' dir='ltr'>vinculis,</span> <span class='ocrx_word' id='word_1_129' title='bbox 1542 2637 1882 2708; x_wconf 88' lang='lat' dir='ltr'>conjuratos</span> 
     </span>
    </p>
   </div>
   <div class='ocr_carea' id='block_1_28' title="bbox 624 2724 1895 2798">
    <p class='ocr_par' dir='ltr' id='par_1_28' title="bbox 624 2724 1895 2798">
     <span class='ocr_line' id='line_1_28' title="bbox 624 2724 1895 2798; baseline 0.001 -16"><span class='ocrx_word' id='word_1_130' title='bbox 624 2726 892 2793; x_wconf 86' lang='lat' dir='ltr'>advocat,</span> <span class='ocrx_word' id='word_1_131' title='bbox 922 2729 1094 2781; x_wconf 90' lang='lat' dir='ltr'>notos</span> <span class='ocrx_word' id='word_1_132' title='bbox 1124 2724 1237 2781; x_wconf 88' lang='lat' dir='ltr'>sibi</span> <span class='ocrx_word' id='word_1_133' title='bbox 1272 2725 1355 2780; x_wconf 91' lang='lat' dir='ltr'>rei</span> <span class='ocrx_word' id='word_1_134' title='bbox 1384 2726 1651 2798; x_wconf 76' lang='lat' dir='ltr'>gerendas</span> <span class='ocrx_word' id='word_1_135' title='bbox 1683 2725 1895 2795; x_wconf 91' lang='lat' dir='ltr'>socios,</span> 
     </span>
    </p>
   </div>
   <div class='ocr_carea' id='block_1_29' title="bbox 624 2814 1920 2887">
    <p class='ocr_par' dir='ltr' id='par_1_29' title="bbox 624 2814 1920 2887">
     <span class='ocr_line' id='line_1_29' title="bbox 624 2814 1920 2887; baseline 0 -18"><span class='ocrx_word' id='word_1_136' title='bbox 624 2815 981 2887; x_wconf 91' lang='lat' dir='ltr'>quibuscum</span> <span class='ocrx_word' id='word_1_137' title='bbox 1015 2814 1192 2869; x_wconf 92' lang='lat' dir='ltr'>Leoni</span> <span class='ocrx_word' id='word_1_138' title='bbox 1222 2814 1422 2870; x_wconf 89' lang='lat' dir='ltr'>statim</span> <span class='ocrx_word' id='word_1_139' title='bbox 1448 2814 1625 2870; x_wconf 89' lang='lat' dir='ltr'>struit</span> <span class='ocrx_word' id='word_1_140' title='bbox 1654 2814 1920 2871; x_wconf 89' lang='lat' dir='ltr'>insidias.</span> 
     </span>
    </p>
   </div>
   <div class='ocr_carea' id='block_1_30' title="bbox 620 2900 1879 2974">
    <p class='ocr_par' dir='ltr' id='par_1_30' title="bbox 620 2900 1879 2974">
     <span class='ocr_line' id='line_1_30' title="bbox 620 2900 1879 2974; baseline -0.001 -16"><span class='ocrx_word' id='word_1_141' title='bbox 620 2902 690 2958; x_wconf 86' lang='lat' dir='ltr'>Hi</span> <span class='ocrx_word' id='word_1_142' title='bbox 720 2904 831 2957; x_wconf 90' lang='lat' dir='ltr'>sub</span> <span class='ocrx_word' id='word_1_143' title='bbox 863 2917 1134 2958; x_wconf 90' lang='lat' dir='ltr'>auroram</span> <span class='ocrx_word' id='word_1_144' title='bbox 1168 2900 1513 2974; x_wconf 89' lang='lat' dir='ltr'>introgressi</span> <span class='ocrx_word' id='word_1_145' title='bbox 1543 2901 1879 2959; x_wconf 87' lang='lat' dir='ltr'>clanculum</span> 
     </span>
    </p>
   </div>
   <div class='ocr_carea' id='block_1_31' title="bbox 620 2989 1652 3063">
    <p class='ocr_par' dir='ltr' id='par_1_31' title="bbox 620 2989 1652 3063">
     <span class='ocr_line' id='line_1_31' title="bbox 620 2989 1652 3063; baseline 0.001 -17"><span class='ocrx_word' id='word_1_146' title='bbox 620 2991 679 3047; x_wconf 89' lang='lat' dir='ltr'>in</span> <span class='ocrx_word' id='word_1_147' title='bbox 715 2989 910 3047; x_wconf 89' lang='lat' dir='ltr'>aulam</span> <span class='ocrx_word' id='word_1_148' title='bbox 944 2990 1187 3062; x_wconf 87' lang='lat' dir='ltr'>regiam,</span> <span class='ocrx_word' id='word_1_149' title='bbox 1220 2990 1405 3063; x_wconf 73' lang='lat' dir='ltr'>Papias</span> <span class='ocrx_word' id='word_1_150' title='bbox 1437 2990 1652 3059; x_wconf 83' lang='lat' dir='ltr'>favore,</span> 
     </span>
    </p>
   </div>
   <div class='ocr_carea' id='block_1_32' title="bbox 623 3079 1787 3153">
    <p class='ocr_par' dir='ltr' id='par_1_32' title="bbox 623 3079 1787 3153">
     <span class='ocr_line' id='line_1_32' title="bbox 623 3079 1787 3153; baseline 0 -16"><span class='ocrx_word' id='word_1_151' title='bbox 623 3081 734 3137; x_wconf 84' lang='lat' dir='ltr'>sub</span> <span class='ocrx_word' id='word_1_152' title='bbox 765 3079 1019 3137; x_wconf 77' lang='lat' dir='ltr'>clericali</span> <span class='ocrx_word' id='word_1_153' title='bbox 1048 3084 1206 3136; x_wconf 83' lang='lat' dir='ltr'>veste</span> <span class='ocrx_word' id='word_1_154' title='bbox 1234 3080 1519 3137; x_wconf 88' lang='lat' dir='ltr'>succincti</span> <span class='ocrx_word' id='word_1_155' title='bbox 1552 3081 1787 3153; x_wconf 90' lang='lat' dir='ltr'>gladiis,</span> 
     </span>
    </p>
   </div>
   <div class='ocr_carea' id='block_1_33' title="bbox 621 3168 1860 3241">
    <p class='ocr_par' dir='ltr' id='par_1_33' title="bbox 621 3168 1860 3241">
     <span class='ocr_line' id='line_1_33' title="bbox 621 3168 1860 3241; baseline 0 -16"><span class='ocrx_word' id='word_1_156' title='bbox 621 3185 727 3225; x_wconf 91' lang='lat' dir='ltr'>ceu</span> <span class='ocrx_word' id='word_1_157' title='bbox 759 3168 1069 3224; x_wconf 87' lang='lat' dir='ltr'>matutinis</span> <span class='ocrx_word' id='word_1_158' title='bbox 1100 3168 1342 3225; x_wconf 90' lang='lat' dir='ltr'>canticis</span> <span class='ocrx_word' id='word_1_159' title='bbox 1373 3170 1567 3226; x_wconf 90' lang='lat' dir='ltr'>daturi</span> <span class='ocrx_word' id='word_1_160' title='bbox 1600 3186 1860 3241; x_wconf 89' lang='lat' dir='ltr'>operam,</span> 
     </span>
    </p>
   </div>
   <div class='ocr_carea' id='block_1_34' title="bbox 622 3257 1717 3315">
    <p class='ocr_par' dir='ltr' id='par_1_34' title="bbox 622 3257 1717 3315">
     <span class='ocr_line' id='line_1_34' title="bbox 622 3257 1717 3315; baseline -0.001 -1"><span class='ocrx_word' id='word_1_161' title='bbox 622 3258 802 3315; x_wconf 90' lang='lat' dir='ltr'>armis</span> <span class='ocrx_word' id='word_1_162' title='bbox 833 3258 1061 3314; x_wconf 89' lang='lat' dir='ltr'>eductis</span> <span class='ocrx_word' id='word_1_163' title='bbox 1092 3257 1344 3314; x_wconf 83' lang='lat' dir='ltr'>Leonem</span> <span class='ocrx_word' id='word_1_164' title='bbox 1375 3258 1717 3315; x_wconf 86' lang='lat' dir='ltr'>confodiunt</span> 
     </span>
    </p>
   </div>
   <div class='ocr_carea' id='block_1_35' title="bbox 620 3345 1841 3421">
    <p class='ocr_par' dir='ltr' id='par_1_35' title="bbox 620 3345 1841 3421">
     <span class='ocr_line' id='line_1_35' title="bbox 620 3345 1841 3421; baseline 0 -18"><span class='ocrx_word' id='word_1_165' title='bbox 620 3345 970 3421; x_wconf 89' lang='lat' dir='ltr'>psallentem</span> <span class='ocrx_word' id='word_1_166' title='bbox 1001 3346 1062 3401; x_wconf 89' lang='lat' dir='ltr'>in</span> <span class='ocrx_word' id='word_1_167' title='bbox 1094 3345 1341 3403; x_wconf 88' lang='lat' dir='ltr'>ecclesia</span> <span class='ocrx_word' id='word_1_168' title='bbox 1371 3347 1522 3403; x_wconf 92' lang='lat' dir='ltr'>inter</span> <span class='ocrx_word' id='word_1_169' title='bbox 1550 3346 1792 3405; x_wconf 88' lang='lat' dir='ltr'>clericos</span> <span class='ocrx_word' id='word_1_170' title='bbox 1827 3363 1841 3403; x_wconf 90' lang='lat'><strong>:</strong></span> 
     </span>
    </p>
   </div>
   <div class='ocr_carea' id='block_1_36' title="bbox 621 3434 1991 3510">
    <p class='ocr_par' dir='ltr' id='par_1_36' title="bbox 621 3434 1991 3510">
     <span class='ocr_line' id='line_1_36' title="bbox 621 3434 1991 3510; baseline 0.002 -17"><span class='ocrx_word' id='word_1_171' title='bbox 621 3437 721 3508; x_wconf 91' lang='lat' dir='ltr'>qui</span> <span class='ocrx_word' id='word_1_172' title='bbox 753 3436 995 3492; x_wconf 91' lang='lat' dir='ltr'>territus</span> <span class='ocrx_word' id='word_1_173' title='bbox 1027 3436 1098 3491; x_wconf 92' lang='lat' dir='ltr'>ad</span> <span class='ocrx_word' id='word_1_174' title='bbox 1132 3434 1397 3491; x_wconf 89' lang='lat' dir='ltr'>divinum</span> <span class='ocrx_word' id='word_1_175' title='bbox 1430 3437 1612 3493; x_wconf 90' lang='lat' dir='ltr'>altare</span> <span class='ocrx_word' id='word_1_176' title='bbox 1642 3436 1991 3510; x_wconf 81' lang='lat' dir='ltr'>confugiens</span> 
     </span>
    </p>
   </div>
   <div class='ocr_carea' id='block_1_37' title="bbox 619 3524 1805 3597">
    <p class='ocr_par' dir='ltr' id='par_1_37' title="bbox 619 3524 1805 3597">
     <span class='ocr_line' id='line_1_37' title="bbox 619 3524 1805 3597; baseline 0.002 -16"><span class='ocrx_word' id='word_1_177' title='bbox 619 3526 678 3581; x_wconf 91' lang='lat' dir='ltr'>in</span> <span class='ocrx_word' id='word_1_178' title='bbox 709 3540 776 3582; x_wconf 91' lang='lat' dir='ltr'>eo</span> <span class='ocrx_word' id='word_1_179' title='bbox 801 3524 1118 3581; x_wconf 89' lang='lat' dir='ltr'>violentam</span> <span class='ocrx_word' id='word_1_180' title='bbox 1152 3526 1394 3597; x_wconf 89' lang='lat' dir='ltr'>pertulit</span> <span class='ocrx_word' id='word_1_181' title='bbox 1424 3543 1626 3583; x_wconf 90' lang='lat' dir='ltr'>necem</span> <span class='ocrx_word' id='word_1_182' title='bbox 1658 3526 1805 3596; x_wconf 90' lang='lat' dir='ltr'>loco,</span> 
     </span>
    </p>
   </div>
   <div class='ocr_carea' id='block_1_38' title="bbox 620 3614 1742 3690">
    <p class='ocr_par' dir='ltr' id='par_1_38' title="bbox 620 3614 1742 3690">
     <span class='ocr_line' id='line_1_38' title="bbox 620 3614 1742 3690; baseline -0.001 -19"><span class='ocrx_word' id='word_1_183' title='bbox 620 3632 797 3690; x_wconf 92' lang='lat' dir='ltr'>quem</span> <span class='ocrx_word' id='word_1_184' title='bbox 828 3614 1147 3671; x_wconf 85' lang='lat' dir='ltr'>violaverat</span> <span class='ocrx_word' id='word_1_185' title='bbox 1176 3614 1486 3671; x_wconf 61' lang='lat' dir='ltr'>haereticus</span> <span class='ocrx_word' id='word_1_186' title='bbox 1518 3615 1742 3672; x_wconf 81' lang='lat' dir='ltr'>infelix.</span> 
     </span>
    </p>
   </div>
   <div class='ocr_carea' id='block_1_39' title="bbox 618 3704 2095 3777">
    <p class='ocr_par' dir='ltr' id='par_1_39' title="bbox 618 3704 2095 3777">
     <span class='ocr_line' id='line_1_39' title="bbox 618 3704 2095 3777; baseline 0.001 -18"><span class='ocrx_word' id='word_1_187' title='bbox 618 3706 751 3770; x_wconf 70' lang='lat' dir='ltr'>Quas</span> <span class='ocrx_word' id='word_1_188' title='bbox 784 3704 1129 3777; x_wconf 90' lang='lat' dir='ltr'>priusquam</span> <span class='ocrx_word' id='word_1_189' title='bbox 1162 3704 1469 3773; x_wconf 89' lang='lat' dir='ltr'>occideret,</span> <span class='ocrx_word' id='word_1_190' title='bbox 1501 3704 1610 3761; x_wconf 94' lang='lat' dir='ltr'>hoc</span> <span class='ocrx_word' id='word_1_191' title='bbox 1640 3705 1832 3761; x_wconf 90' lang='lat' dir='ltr'>visum</span> <span class='ocrx_word' id='word_1_192' title='bbox 1865 3707 2095 3763; x_wconf 90' lang='lat' dir='ltr'>accidit.</span> 
     </span>
    </p>
   </div>
   <div class='ocr_carea' id='block_1_40' title="bbox 621 3792 1839 3867">
    <p class='ocr_par' dir='ltr' id='par_1_40' title="bbox 621 3792 1839 3867">
     <span class='ocr_line' id='line_1_40' title="bbox 621 3792 1839 3867; baseline 0.001 -16"><span class='ocrx_word' id='word_1_193' title='bbox 621 3795 809 3851; x_wconf 89' lang='lat' dir='ltr'>Mater</span> <span class='ocrx_word' id='word_1_194' title='bbox 838 3792 1043 3850; x_wconf 89' lang='lat' dir='ltr'>Leonis</span> <span class='ocrx_word' id='word_1_195' title='bbox 1074 3794 1375 3865; x_wconf 84' lang='lat' dir='ltr'>conspexit</span> <span class='ocrx_word' id='word_1_196' title='bbox 1405 3810 1510 3867; x_wconf 91' lang='lat' dir='ltr'>per</span> <span class='ocrx_word' id='word_1_197' title='bbox 1538 3795 1839 3852; x_wconf 91' lang='lat' dir='ltr'>somnium</span> 
     </span>
    </p>
   </div>
   <div class='ocr_carea' id='block_1_41' title="bbox 618 3881 1894 3955">
    <p class='ocr_par' dir='ltr' id='par_1_41' title="bbox 618 3881 1894 3955">
     <span class='ocr_line' id='line_1_41' title="bbox 618 3881 1894 3955; baseline 0 -16"><span class='ocrx_word' id='word_1_198' title='bbox 618 3885 679 3939; x_wconf 92' lang='lat' dir='ltr'>in</span> <span class='ocrx_word' id='word_1_199' title='bbox 710 3883 1123 3941; x_wconf 89' lang='lat' dir='ltr'>Blachernensi</span> <span class='ocrx_word' id='word_1_200' title='bbox 1165 3881 1385 3955; x_wconf 90' lang='lat' dir='ltr'>templo</span> <span class='ocrx_word' id='word_1_201' title='bbox 1416 3885 1749 3941; x_wconf 89' lang='lat' dir='ltr'>adstantem</span> <span class='ocrx_word' id='word_1_202' title='bbox 1782 3885 1894 3941; x_wconf 92' lang='lat' dir='ltr'>sibi</span> 
     </span>
    </p>
   </div>
   <div class='ocr_carea' id='block_1_42' title="bbox 618 3973 1891 4046">
    <p class='ocr_par' dir='ltr' id='par_1_42' title="bbox 618 3973 1891 4046">
     <span class='ocr_line' id='line_1_42' title="bbox 618 3973 1891 4046; baseline 0 -17"><span class='ocrx_word' id='word_1_203' title='bbox 618 3973 901 4030; x_wconf 87' lang='lat' dir='ltr'>feminam</span> <span class='ocrx_word' id='word_1_204' title='bbox 933 3976 1268 4029; x_wconf 82' lang='lat' dir='ltr'>exornatam</span> <span class='ocrx_word' id='word_1_205' title='bbox 1297 3974 1356 4029; x_wconf 92' lang='lat' dir='ltr'>in</span> <span class='ocrx_word' id='word_1_206' title='bbox 1390 3974 1618 4046; x_wconf 89' lang='lat' dir='ltr'>regium</span> <span class='ocrx_word' id='word_1_207' title='bbox 1654 3991 1891 4042; x_wconf 90' lang='lat' dir='ltr'>morem,</span> 
     </span>
    </p>
   </div>
   <div class='ocr_carea' id='block_1_43' title="bbox 619 4063 1912 4137">
    <p class='ocr_par' dir='ltr' id='par_1_43' title="bbox 619 4063 1912 4137">
     <span class='ocr_line' id='line_1_43' title="bbox 619 4063 1912 4137; baseline 0 -18"><span class='ocrx_word' id='word_1_208' title='bbox 619 4079 798 4137; x_wconf 87' lang='lat' dir='ltr'>quam</span> <span class='ocrx_word' id='word_1_209' title='bbox 830 4063 1252 4119; x_wconf 88' lang='lat' dir='ltr'>circumstabat</span> <span class='ocrx_word' id='word_1_210' title='bbox 1281 4080 1417 4119; x_wconf 92' lang='lat' dir='ltr'>cum</span> <span class='ocrx_word' id='word_1_211' title='bbox 1444 4064 1672 4120; x_wconf 90' lang='lat' dir='ltr'>decenti</span> <span class='ocrx_word' id='word_1_212' title='bbox 1706 4064 1912 4120; x_wconf 89' lang='lat' dir='ltr'>ordine</span> 
     </span>
    </p>
   </div>
   <div class='ocr_carea' id='block_1_44' title="bbox 618 4153 1756 4225">
    <p class='ocr_par' dir='ltr' id='par_1_44' title="bbox 618 4153 1756 4225">
     <span class='ocr_line' id='line_1_44' title="bbox 618 4153 1756 4225; baseline -0.001 -14"><span class='ocrx_word' id='word_1_213' title='bbox 618 4154 1069 4211; x_wconf 88' lang='lat' dir='ltr'>candidatorum</span> <span class='ocrx_word' id='word_1_214' title='bbox 1101 4153 1442 4225; x_wconf 89' lang='lat' dir='ltr'>manipulus</span> <span class='ocrx_word' id='word_1_215' title='bbox 1473 4155 1756 4211; x_wconf 90' lang='lat' dir='ltr'>virorum.</span> 
     </span>
    </p>
   </div>
   <div class='ocr_carea' id='block_1_45' title="bbox 615 4244 1900 4317">
    <p class='ocr_par' dir='ltr' id='par_1_45' title="bbox 615 4244 1900 4317">
     <span class='ocr_line' id='line_1_45' title="bbox 615 4244 1900 4317; baseline 0 -17"><span class='ocrx_word' id='word_1_216' title='bbox 615 4244 727 4301; x_wconf 89' lang='lat' dir='ltr'>Sed</span> <span class='ocrx_word' id='word_1_217' title='bbox 761 4244 1162 4317; x_wconf 87' lang='lat' dir='ltr'>pavimentum</span> <span class='ocrx_word' id='word_1_218' title='bbox 1194 4244 1562 4300; x_wconf 89' lang='lat' dir='ltr'>redundabat</span> <span class='ocrx_word' id='word_1_219' title='bbox 1590 4244 1900 4317; x_wconf 90' lang='lat' dir='ltr'>sanguine.</span> 
     </span>
    </p>
   </div>
   <div class='ocr_carea' id='block_1_46' title="bbox 618 4333 1781 4405">
    <p class='ocr_par' dir='ltr' id='par_1_46' title="bbox 618 4333 1781 4405">
     <span class='ocr_line' id='line_1_46' title="bbox 618 4333 1781 4405; baseline 0.001 -17"><span class='ocrx_word' id='word_1_220' title='bbox 618 4339 869 4405; x_wconf 89' lang='lat' dir='ltr'>Insuper</span> <span class='ocrx_word' id='word_1_221' title='bbox 898 4334 1087 4389; x_wconf 90' lang='lat' dir='ltr'>audiit</span> <span class='ocrx_word' id='word_1_222' title='bbox 1116 4334 1408 4390; x_wconf 90' lang='lat' dir='ltr'>dicentem</span> <span class='ocrx_word' id='word_1_223' title='bbox 1442 4333 1781 4403; x_wconf 87' lang='lat' dir='ltr'>mulierem;</span> 
     </span>
    </p>
   </div>
   <div class='ocr_carea' id='block_1_47' title="bbox 618 4423 1839 4496">
    <p class='ocr_par' dir='ltr' id='par_1_47' title="bbox 618 4423 1839 4496">
     <span class='ocr_line' id='line_1_47' title="bbox 618 4423 1839 4496; baseline 0.001 -17"><span class='ocrx_word' id='word_1_224' title='bbox 618 4427 684 4479; x_wconf 91' lang='lat' dir='ltr'>ut</span> <span class='ocrx_word' id='word_1_225' title='bbox 715 4423 867 4495; x_wconf 89' lang='lat' dir='ltr'>regis</span> <span class='ocrx_word' id='word_1_226' title='bbox 898 4423 1101 4480; x_wconf 86' lang='lat' dir='ltr'>matris</span> <span class='ocrx_word' id='word_1_227' title='bbox 1133 4423 1391 4496; x_wconf 83' lang='lat' dir='ltr'>scyphus</span> <span class='ocrx_word' id='word_1_228' title='bbox 1417 4424 1489 4479; x_wconf 91' lang='lat' dir='ltr'>ad</span> <span class='ocrx_word' id='word_1_229' title='bbox 1517 4423 1839 4480; x_wconf 91' lang='lat' dir='ltr'>bibendum</span> 
     </span>
    </p>
   </div>
   <div class='ocr_carea' id='block_1_48' title="bbox 621 4511 1495 4585">
    <p class='ocr_par' dir='ltr' id='par_1_48' title="bbox 621 4511 1495 4585">
     <span class='ocr_line' id='line_1_48' title="bbox 621 4511 1495 4585; baseline -0.001 -17"><span class='ocrx_word' id='word_1_230' title='bbox 621 4529 827 4569; x_wconf 90' lang='lat' dir='ltr'>cruore</span> <span class='ocrx_word' id='word_1_231' title='bbox 858 4511 1069 4585; x_wconf 90' lang='lat' dir='ltr'>plenus</span> <span class='ocrx_word' id='word_1_232' title='bbox 1102 4512 1495 4568; x_wconf 83' lang='lat' dir='ltr'>exhiberetur.</span> 
     </span>
    </p>
   </div>
   <div class='ocr_carea' id='block_1_49' title="bbox 620 4602 1817 4674">
    <p class='ocr_par' dir='ltr' id='par_1_49' title="bbox 620 4602 1817 4674">
     <span class='ocr_line' id='line_1_49' title="bbox 620 4602 1817 4674; baseline 0.001 -16"><span class='ocrx_word' id='word_1_233' title='bbox 620 4604 743 4669; x_wconf 90' lang='lat' dir='ltr'>Qua</span> <span class='ocrx_word' id='word_1_234' title='bbox 772 4602 950 4658; x_wconf 90' lang='lat' dir='ltr'>talem</span> <span class='ocrx_word' id='word_1_235' title='bbox 978 4605 1183 4674; x_wconf 91' lang='lat' dir='ltr'>potum</span> <span class='ocrx_word' id='word_1_236' title='bbox 1210 4618 1453 4673; x_wconf 89' lang='lat' dir='ltr'>prorsus</span> <span class='ocrx_word' id='word_1_237' title='bbox 1486 4606 1817 4673; x_wconf 90' lang='lat' dir='ltr'>respuente,</span> 
     </span>
    </p>
   </div>
   <div class='ocr_carea' id='block_1_50' title="bbox 619 4690 1784 4764">
    <p class='ocr_par' dir='ltr' id='par_1_50' title="bbox 619 4690 1784 4764">
     <span class='ocr_line' id='line_1_50' title="bbox 619 4690 1784 4764; baseline 0 -16"><span class='ocrx_word' id='word_1_238' title='bbox 619 4691 833 4748; x_wconf 90' lang='lat' dir='ltr'>mulier</span> <span class='ocrx_word' id='word_1_239' title='bbox 863 4692 1187 4764; x_wconf 89' lang='lat' dir='ltr'>respondit,</span> <span class='ocrx_word' id='word_1_240' title='bbox 1220 4691 1423 4747; x_wconf 89' lang='lat' dir='ltr'>Nonne</span> <span class='ocrx_word' id='word_1_241' title='bbox 1454 4690 1612 4747; x_wconf 81' lang='lat' dir='ltr'>ﬁlius</span> <span class='ocrx_word' id='word_1_242' title='bbox 1644 4695 1784 4748; x_wconf 90' lang='lat' dir='ltr'>tuus</span> 
     </span>
    </p>
   </div>
   <div class='ocr_carea' id='block_1_51' title="bbox 617 4779 1929 4839">
    <p class='ocr_par' dir='ltr' id='par_1_51' title="bbox 617 4779 1929 4839">
     <span class='ocr_line' id='line_1_51' title="bbox 617 4779 1929 4839; baseline 0.001 -1"><span class='ocrx_word' id='word_1_243' title='bbox 617 4782 881 4838; x_wconf 91' lang='lat' dir='ltr'>divinum</span> <span class='ocrx_word' id='word_1_244' title='bbox 912 4779 1123 4838; x_wconf 82' lang='lat' dir='ltr'>Filium</span> <span class='ocrx_word' id='word_1_245' title='bbox 1157 4797 1353 4837; x_wconf 89' lang='lat' dir='ltr'>meum</span> <span class='ocrx_word' id='word_1_246' title='bbox 1384 4785 1443 4837; x_wconf 89' lang='lat' dir='ltr'>et</span> <span class='ocrx_word' id='word_1_247' title='bbox 1474 4797 1566 4837; x_wconf 88' lang='lat' dir='ltr'>me</span> <span class='ocrx_word' id='word_1_248' title='bbox 1598 4780 1929 4839; x_wconf 89' lang='lat' dir='ltr'>colentibus</span> 
     </span>
    </p>
   </div>
   <div class='ocr_carea' id='block_1_52' title="bbox 617 4871 1815 4946">
    <p class='ocr_par' dir='ltr' id='par_1_52' title="bbox 617 4871 1815 4946">
     <span class='ocr_line' id='line_1_52' title="bbox 617 4871 1815 4946; baseline 0.001 -19"><span class='ocrx_word' id='word_1_249' title='bbox 617 4871 824 4946; x_wconf 89' lang='lat' dir='ltr'>plagas</span> <span class='ocrx_word' id='word_1_250' title='bbox 856 4872 1107 4945; x_wconf 90' lang='lat' dir='ltr'>imponit</span> <span class='ocrx_word' id='word_1_251' title='bbox 1136 4876 1344 4943; x_wconf 75' lang='lat' dir='ltr'>praeter</span> <span class='ocrx_word' id='word_1_252' title='bbox 1374 4871 1462 4927; x_wconf 85' lang='lat' dir='ltr'>fas</span> <span class='ocrx_word' id='word_1_253' title='bbox 1493 4875 1766 4928; x_wconf 88' lang='lat' dir='ltr'>cruentas</span> <span class='ocrx_word' id='word_1_254' title='bbox 1788 4872 1815 4927; x_wconf 86' lang='lat'><strong>?</strong></span> 
     </span>
    </p>
   </div>
   <div class='ocr_carea' id='block_1_53' title="bbox 620 4960 1671 5036">
    <p class='ocr_par' dir='ltr' id='par_1_53' title="bbox 620 4960 1671 5036">
     <span class='ocr_line' id='line_1_53' title="bbox 620 4960 1671 5036; baseline -0.004 -17"><span class='ocrx_word' id='word_1_255' title='bbox 620 4964 755 5036; x_wconf 87' lang='lat' dir='ltr'>Ipsa</span> <span class='ocrx_word' id='word_1_256' title='bbox 785 4963 1013 5035; x_wconf 89' lang='lat' dir='ltr'>rogavit</span> <span class='ocrx_word' id='word_1_257' title='bbox 1044 4960 1228 5034; x_wconf 89' lang='lat' dir='ltr'>igitur</span> <span class='ocrx_word' id='word_1_258' title='bbox 1252 4977 1449 5033; x_wconf 90' lang='lat' dir='ltr'>regem</span> <span class='ocrx_word' id='word_1_259' title='bbox 1480 4960 1671 5016; x_wconf 82' lang='lat' dir='ltr'>filium</span> 
     </span>
    </p>
   </div>
   <div class='ocr_carea' id='block_1_54' title="bbox 621 5048 2056 5123">
    <p class='ocr_par' dir='ltr' id='par_1_54' title="bbox 621 5048 2056 5123">
     <span class='ocr_line' id='line_1_54' title="bbox 621 5048 2056 5123; baseline -0.001 -15"><span class='ocrx_word' id='word_1_260' title='bbox 621 5051 816 5109; x_wconf 88' lang='lat' dir='ltr'>scelus</span> <span class='ocrx_word' id='word_1_261' title='bbox 847 5054 913 5107; x_wconf 92' lang='lat' dir='ltr'>ut</span> <span class='ocrx_word' id='word_1_262' title='bbox 947 5050 1267 5120; x_wconf 91' lang='lat' dir='ltr'>omitteret,</span> <span class='ocrx_word' id='word_1_263' title='bbox 1302 5048 1518 5120; x_wconf 90' lang='lat' dir='ltr'>nequid</span> <span class='ocrx_word' id='word_1_264' title='bbox 1554 5049 1694 5105; x_wconf 90' lang='lat' dir='ltr'>mali</span> <span class='ocrx_word' id='word_1_265' title='bbox 1727 5050 2056 5123; x_wconf 84' lang='lat' dir='ltr'>accideret;</span> 
     </span>
    </p>
   </div>
   <div class='ocr_carea' id='block_1_55' title="bbox 621 5140 1974 5211">
    <p class='ocr_par' dir='ltr' id='par_1_55' title="bbox 621 5140 1974 5211">
     <span class='ocr_line' id='line_1_55' title="bbox 621 5140 1974 5211; baseline -0.001 -13"><span class='ocrx_word' id='word_1_266' title='bbox 621 5157 823 5199; x_wconf 88' lang='lat' dir='ltr'>verum</span> <span class='ocrx_word' id='word_1_267' title='bbox 855 5141 950 5196; x_wconf 92' lang='lat' dir='ltr'>hic</span> <span class='ocrx_word' id='word_1_268' title='bbox 977 5140 1263 5195; x_wconf 87' lang='lat' dir='ltr'>maternis</span> <span class='ocrx_word' id='word_1_269' title='bbox 1293 5140 1451 5195; x_wconf 92' lang='lat' dir='ltr'>haud</span> <span class='ocrx_word' id='word_1_270' title='bbox 1486 5140 1681 5211; x_wconf 87' lang='lat' dir='ltr'>paruit</span> <span class='ocrx_word' id='word_1_271' title='bbox 1714 5141 1974 5197; x_wconf 88' lang='lat' dir='ltr'>monitis.</span> 
     </span>
    </p>
   </div>
   <div class='ocr_carea' id='block_1_56' title="bbox 882 5256 1913 5314">
    <p class='ocr_par' dir='ltr' id='par_1_56' title="bbox 882 5256 1913 5314">
     <span class='ocr_line' id='line_1_56' title="bbox 882 5256 1913 5314; baseline 0 -1"><span class='ocrx_word' id='word_1_272' title='bbox 882 5290 887 5297; x_wconf 89' lang='lat'><strong>-</strong></span> <span class='ocrx_word' id='word_1_273' title='bbox 978 5256 1296 5314; x_wconf 82' lang='lat' dir='ltr'>MICHAEL</span> <span class='ocrx_word' id='word_1_274' title='bbox 1335 5257 1608 5314; x_wconf 85' lang='lat' dir='ltr'>BALBUS</span> <span class='ocrx_word' id='word_1_275' title='bbox 1647 5262 1767 5313; x_wconf 81' lang='lat' dir='ltr'>AN.</span> <span class='ocrx_word' id='word_1_276' title='bbox 1814 5259 1913 5313; x_wconf 84' lang='lat' dir='ltr'>IX.</span> 
     </span>
    </p>
   </div>
   <div class='ocr_carea' id='block_1_57' title="bbox 617 5350 1728 5427">
    <p class='ocr_par' dir='ltr' id='par_1_57' title="bbox 617 5350 1728 5427">
     <span class='ocr_line' id='line_1_57' title="bbox 617 5350 1728 5427; baseline -0.003 -12"><span class='ocrx_word' id='word_1_277' title='bbox 617 5360 711 5415; x_wconf 91' lang='lat' dir='ltr'>Sic</span> <span class='ocrx_word' id='word_1_278' title='bbox 742 5358 1070 5425; x_wconf 79' lang='lat' dir='ltr'>interfecto,</span> <span class='ocrx_word' id='word_1_279' title='bbox 1104 5360 1169 5412; x_wconf 87' lang='lat' dir='ltr'>ut</span> <span class='ocrx_word' id='word_1_280' title='bbox 1200 5350 1483 5425; x_wconf 83' lang='lat' dir='ltr'>diximus,</span> <span class='ocrx_word' id='word_1_281' title='bbox 1517 5357 1728 5427; x_wconf 90' lang='lat' dir='ltr'>Leone,</span> 
     </span>
    </p>
   </div>
   <div class='ocr_carea' id='block_1_58' title="bbox 619 5446 1775 5519">
    <p class='ocr_par' dir='ltr' id='par_1_58' title="bbox 619 5446 1775 5519">
     <span class='ocr_line' id='line_1_58' title="bbox 619 5446 1775 5519; baseline -0.004 -13"><span class='ocrx_word' id='word_1_282' title='bbox 619 5447 865 5506; x_wconf 88' lang='lat' dir='ltr'>Michael</span> <span class='ocrx_word' id='word_1_283' title='bbox 898 5446 1111 5504; x_wconf 89' lang='lat' dir='ltr'>balbus</span> <span class='ocrx_word' id='word_1_284' title='bbox 1146 5447 1406 5519; x_wconf 88' lang='lat' dir='ltr'>procedit</span> <span class='ocrx_word' id='word_1_285' title='bbox 1436 5447 1775 5517; x_wconf 90' lang='lat' dir='ltr'>imperator,</span> 
     </span>
    </p>
   </div>
   <div class='ocr_carea' id='block_1_59' title="bbox 622 5535 1751 5612">
    <p class='ocr_par' dir='ltr' id='par_1_59' title="bbox 622 5535 1751 5612">
     <span class='ocr_line' id='line_1_59' title="bbox 622 5535 1751 5612; baseline -0.001 -18"><span class='ocrx_word' id='word_1_286' title='bbox 622 5539 725 5612; x_wconf 92' lang='lat' dir='ltr'>qui</span> <span class='ocrx_word' id='word_1_287' title='bbox 756 5539 930 5609; x_wconf 91' lang='lat' dir='ltr'>pedes</span> <span class='ocrx_word' id='word_1_288' title='bbox 961 5538 1155 5593; x_wconf 91' lang='lat' dir='ltr'>adhuc</span> <span class='ocrx_word' id='word_1_289' title='bbox 1184 5536 1407 5609; x_wconf 90' lang='lat' dir='ltr'>pedicis</span> <span class='ocrx_word' id='word_1_290' title='bbox 1441 5535 1751 5594; x_wconf 90' lang='lat' dir='ltr'>conclusos</span> 
     </span>
    </p>
   </div>
   <div class='ocr_carea' id='block_1_60' title="bbox 618 5626 1852 5704">
    <p class='ocr_par' dir='ltr' id='par_1_60' title="bbox 618 5626 1852 5704">
     <span class='ocr_line' id='line_1_60' title="bbox 618 5626 1852 5704; baseline -0.002 -18"><span class='ocrx_word' id='word_1_291' title='bbox 618 5634 862 5704; x_wconf 87' lang='lat' dir='ltr'>gestans</span> <span class='ocrx_word' id='word_1_292' title='bbox 894 5630 964 5686; x_wconf 91' lang='lat' dir='ltr'>ad</span> <span class='ocrx_word' id='word_1_293' title='bbox 1003 5628 1229 5698; x_wconf 80' lang='lat' dir='ltr'>regium</span> <span class='ocrx_word' id='word_1_294' title='bbox 1261 5627 1493 5683; x_wconf 88' lang='lat' dir='ltr'>devenit</span> <span class='ocrx_word' id='word_1_295' title='bbox 1516 5626 1852 5699; x_wconf 82' lang='lat' dir='ltr'>fastigium;</span> 
     </span>
    </p>
   </div>
   <div class='ocr_carea' id='block_1_61' title="bbox 622 5718 2078 5793">
    <p class='ocr_par' dir='ltr' id='par_1_61' title="bbox 622 5718 2078 5793">
     <span class='ocr_line' id='line_1_61' title="bbox 622 5718 2078 5793; baseline -0.001 -16"><span class='ocrx_word' id='word_1_296' title='bbox 622 5721 939 5792; x_wconf 86' lang='lat' dir='ltr'>statimque</span> <span class='ocrx_word' id='word_1_297' title='bbox 966 5720 1037 5776; x_wconf 89' lang='lat' dir='ltr'>ad</span> <span class='ocrx_word' id='word_1_298' title='bbox 1073 5723 1346 5790; x_wconf 82' lang='lat' dir='ltr'>Magnam</span> <span class='ocrx_word' id='word_1_299' title='bbox 1381 5734 1725 5793; x_wconf 84' lang='lat' dir='ltr'>progressus</span> <span class='ocrx_word' id='word_1_300' title='bbox 1758 5718 2078 5776; x_wconf 84' lang='lat' dir='ltr'>Ecclesiam</span> 
     </span>
    </p>
   </div>
   <div class='ocr_carea' id='block_1_62' title="bbox 2292 504 2346 571">
    <p class='ocr_par' dir='ltr' id='par_1_62' title="bbox 2292 504 2346 571">
     <span class='ocr_line' id='line_1_62' title="bbox 2292 504 2346 571; baseline 0 0"><span class='ocrx_word' id='word_1_301' title='bbox 2292 504 2346 571; x_wconf 83' lang='lat' dir='ltr'><strong>A</strong></span> 
     </span>
    </p>
   </div>
   <div class='ocr_carea' id='block_1_63' title="bbox 2302 1867 2350 1930">
    <p class='ocr_par' dir='ltr' id='par_1_63' title="bbox 2302 1867 2350 1930">
     <span class='ocr_line' id='line_1_63' title="bbox 2302 1867 2350 1930; baseline 0 0"><span class='ocrx_word' id='word_1_302' title='bbox 2302 1867 2350 1930; x_wconf 91' lang='grc' dir='ltr'><strong>Β</strong></span> 
     </span>
    </p>
   </div>
   <div class='ocr_carea' id='block_1_64' title="bbox 2298 3224 2341 3291">
    <p class='ocr_par' dir='ltr' id='par_1_64' title="bbox 2298 3224 2341 3291">
     <span class='ocr_line' id='line_1_64' title="bbox 2298 3224 2341 3291; baseline 0 0"><span class='ocrx_word' id='word_1_303' title='bbox 2298 3224 2341 3291; x_wconf 89' lang='lat' dir='ltr'>C</span> 
     </span>
    </p>
   </div>
   <div class='ocr_carea' id='block_1_65' title="bbox 2298 4589 2347 4656">
    <p class='ocr_par' dir='ltr' id='par_1_65' title="bbox 2298 4589 2347 4656">
     <span class='ocr_line' id='line_1_65' title="bbox 2298 4589 2347 4656; baseline 0 0"><span class='ocrx_word' id='word_1_304' title='bbox 2298 4589 2347 4656; x_wconf 93' lang='lat' dir='ltr'><strong>D</strong></span> 
     </span>
    </p>
   </div>
   <div class='ocr_carea' id='block_1_66' title="bbox 2552 499 3589 581">
    <p class='ocr_par' dir='ltr' id='par_1_66' title="bbox 2552 499 3589 581">
     <span class='ocr_line' id='line_1_66' title="bbox 2552 499 3589 581; baseline 0.001 -22"><span class='ocrx_word' id='word_1_305' title='bbox 2552 501 2779 573; x_wconf 88' lang='grc' dir='ltr'>Τίθησιν</span> <span class='ocrx_word' id='word_1_306' title='bbox 2808 502 3079 576; x_wconf 74' lang='grc' dir='ltr'>ἐξόριστον</span> <span class='ocrx_word' id='word_1_307' title='bbox 3111 499 3243 560; x_wconf 74' lang='grc' dir='ltr'>ἐκόα</span> <span class='ocrx_word' id='word_1_308' title='bbox 3286 506 3358 559; x_wconf 85' lang='grc' dir='ltr'>ὼν</span> <span class='ocrx_word' id='word_1_309' title='bbox 3392 504 3589 581; x_wconf 83' lang='grc' dir='ltr'>θρόνου</span> 
     </span>
    </p>
   </div>
   <div class='ocr_carea' id='block_1_67' title="bbox 2549 591 3762 665">
    <p class='ocr_par' dir='ltr' id='par_1_67' title="bbox 2549 591 3762 665">
     <span class='ocr_line' id='line_1_67' title="bbox 2549 591 3762 665; baseline 0.005 -22"><span class='ocrx_word' id='word_1_310' title='bbox 2549 592 2641 652; x_wconf 84' lang='grc' dir='ltr'>Εἰς</span> <span class='ocrx_word' id='word_1_311' title='bbox 2675 592 3045 665; x_wconf 89' lang='grc' dir='ltr'>Προικόνησον</span> <span class='ocrx_word' id='word_1_312' title='bbox 3073 599 3237 661; x_wconf 84' lang='grc' dir='ltr'>νῆσον</span> <span class='ocrx_word' id='word_1_313' title='bbox 3267 591 3717 663; x_wconf 75' lang='grc' dir='ltr'>Ἑλλησποντίων</span> <span class='ocrx_word' id='word_1_314' title='bbox 3747 611 3762 625; x_wconf 88' lang='grc'><strong>·</strong></span> 
     </span>
    </p>
   </div>
   <div class='ocr_carea' id='block_1_68' title="bbox 2550 677 3559 755">
    <p class='ocr_par' dir='ltr' id='par_1_68' title="bbox 2550 677 3559 755">
     <span class='ocr_line' id='line_1_68' title="bbox 2550 677 3559 755; baseline 0.003 -21"><span class='ocrx_word' id='word_1_315' title='bbox 2550 678 2644 740; x_wconf 86' lang='grc' dir='ltr'>Εἰς</span> <span class='ocrx_word' id='word_1_316' title='bbox 2675 680 2734 747; x_wconf 79' lang='grc' dir='ltr'>ἦν</span> <span class='ocrx_word' id='word_1_317' title='bbox 2769 677 3078 743; x_wconf 83' lang='grc' dir='ltr'>διαπόντιος</span> <span class='ocrx_word' id='word_1_318' title='bbox 3110 682 3175 749; x_wconf 79' lang='grc' dir='ltr'>ἦν</span> <span class='ocrx_word' id='word_1_319' title='bbox 3209 680 3559 755; x_wconf 72' lang='grc' dir='ltr'>ἐσταλμένος,</span> 
     </span>
    </p>
   </div>
   <div class='ocr_carea' id='block_1_69' title="bbox 2372 766 3776 847">
    <p class='ocr_par' dir='ltr' id='par_1_69' title="bbox 2372 766 3776 847">
     <span class='ocr_line' id='line_1_69' title="bbox 2372 766 3776 847; baseline 0.003 -26"><span class='ocrx_word' id='word_1_320' title='bbox 2372 768 2513 822; x_wconf 84' lang='grc'>2130</span> <span class='ocrx_word' id='word_1_321' title='bbox 2552 767 2647 821; x_wconf 81' lang='grc' dir='ltr'>Καὶ</span> <span class='ocrx_word' id='word_1_322' title='bbox 2677 770 2813 821; x_wconf 83' lang='grc' dir='ltr'>κατὰ</span> <span class='ocrx_word' id='word_1_323' title='bbox 2840 769 2931 823; x_wconf 84' lang='grc' dir='ltr'>τὸν</span> <span class='ocrx_word' id='word_1_324' title='bbox 2964 766 3161 841; x_wconf 80' lang='grc' dir='ltr'>πλοῦν,</span> <span class='ocrx_word' id='word_1_325' title='bbox 3194 769 3239 824; x_wconf 85' lang='grc' dir='ltr'><strong>ὣ</strong></span> <span class='ocrx_word' id='word_1_326' title='bbox 3266 770 3547 842; x_wconf 84' lang='grc' dir='ltr'>τεραστίου</span> <span class='ocrx_word' id='word_1_327' title='bbox 3579 768 3776 847; x_wconf 85' lang='grc' dir='ltr'>λόγουί</span> 
     </span>
    </p>
   </div>
   <div class='ocr_carea' id='block_1_70' title="bbox 2548 854 3717 932">
    <p class='ocr_par' dir='ltr' id='par_1_70' title="bbox 2548 854 3717 932">
     <span class='ocr_line' id='line_1_70' title="bbox 2548 854 3717 932; baseline 0.004 -24"><span class='ocrx_word' id='word_1_328' title='bbox 2548 859 2635 925; x_wconf 88' lang='grc' dir='ltr'>Τῷ</span> <span class='ocrx_word' id='word_1_329' title='bbox 2662 854 2928 929; x_wconf 87' lang='grc' dir='ltr'>πνεύματι</span> <span class='ocrx_word' id='word_1_330' title='bbox 2956 855 3115 932; x_wconf 83' lang='grc' dir='ltr'>γνοὺς</span> <span class='ocrx_word' id='word_1_331' title='bbox 3145 859 3245 927; x_wconf 82' lang='grc' dir='ltr'>τήν</span> <span class='ocrx_word' id='word_1_332' title='bbox 3278 856 3531 913; x_wconf 85' lang='grc' dir='ltr'>κέλευθον</span> <span class='ocrx_word' id='word_1_333' title='bbox 3563 859 3717 932; x_wconf 81' lang='grc' dir='ltr'>ἁγίου</span> 
     </span>
    </p>
   </div>
   <div class='ocr_carea' id='block_1_71' title="bbox 2551 941 3585 1022">
    <p class='ocr_par' dir='ltr' id='par_1_71' title="bbox 2551 941 3585 1022">
     <span class='ocr_line' id='line_1_71' title="bbox 2551 941 3585 1022; baseline 0.004 -25"><span class='ocrx_word' id='word_1_334' title='bbox 2551 946 2829 1020; x_wconf 80' lang='grc' dir='ltr'>Θεοφάνης</span> <span class='ocrx_word' id='word_1_335' title='bbox 2856 944 3138 1020; x_wconf 73' lang='grc' dir='ltr'>πόρρωθεν</span> <span class='ocrx_word' id='word_1_336' title='bbox 3168 941 3346 1010; x_wconf 77' lang='grc' dir='ltr'>ἔνθεος</span> <span class='ocrx_word' id='word_1_337' title='bbox 3379 944 3585 1022; x_wconf 85' lang='grc' dir='ltr'>λύχνος</span> 
     </span>
    </p>
   </div>
   <div class='ocr_carea' id='block_1_72' title="bbox 2550 1032 3808 1109">
    <p class='ocr_par' dir='ltr' id='par_1_72' title="bbox 2550 1032 3808 1109">
     <span class='ocr_line' id='line_1_72' title="bbox 2550 1032 3808 1109; baseline 0.002 -22"><span class='ocrx_word' id='word_1_338' title='bbox 2550 1032 2740 1101; x_wconf 87' lang='grc' dir='ltr'>Μονῆς</span> <span class='ocrx_word' id='word_1_339' title='bbox 2772 1034 3051 1101; x_wconf 85' lang='grc' dir='ltr'>προεστὼς</span> <span class='ocrx_word' id='word_1_340' title='bbox 3079 1037 3178 1099; x_wconf 80' lang='grc' dir='ltr'>τῆς</span> <span class='ocrx_word' id='word_1_341' title='bbox 3207 1035 3325 1088; x_wconf 86' lang='grc' dir='ltr'>κατ’</span> <span class='ocrx_word' id='word_1_342' title='bbox 3353 1034 3518 1109; x_wconf 84' lang='grc' dir='ltr'>ἀγρὸν</span> <span class='ocrx_word' id='word_1_343' title='bbox 3549 1036 3808 1108; x_wconf 87' lang='grc' dir='ltr'>κειμένης</span> 
     </span>
    </p>
   </div>
   <div class='ocr_carea' id='block_1_73' title="bbox 2552 1121 3599 1196">
    <p class='ocr_par' dir='ltr' id='par_1_73' title="bbox 2552 1121 3599 1196">
     <span class='ocr_line' id='line_1_73' title="bbox 2552 1121 3599 1196; baseline 0.004 -22"><span class='ocrx_word' id='word_1_344' title='bbox 2552 1121 2898 1193; x_wconf 85' lang='grc' dir='ltr'>Θυμιάμασιν</span> <span class='ocrx_word' id='word_1_345' title='bbox 2928 1121 3204 1195; x_wconf 75' lang='grc' dir='ltr'>ἡμμέναις</span> <span class='ocrx_word' id='word_1_346' title='bbox 3233 1143 3293 1177; x_wconf 85' lang='grc' dir='ltr'>τε</span> <span class='ocrx_word' id='word_1_347' title='bbox 3323 1123 3599 1196; x_wconf 82' lang='grc' dir='ltr'>λαμπάσιν</span> 
     </span>
    </p>
   </div>
   <div class='ocr_carea' id='block_1_74' title="bbox 2373 1206 3641 1287">
    <p class='ocr_par' dir='ltr' id='par_1_74' title="bbox 2373 1206 3641 1287">
     <span class='ocr_line' id='line_1_74' title="bbox 2373 1206 3641 1287; baseline 0.003 -24"><span class='ocrx_word' id='word_1_348' title='bbox 2373 1209 2516 1265; x_wconf 87' lang='grc'>2135</span> <span class='ocrx_word' id='word_1_349' title='bbox 2554 1206 2914 1283; x_wconf 73' lang='grc' dir='ltr'>Προίίπεμπεν</span> <span class='ocrx_word' id='word_1_350' title='bbox 2943 1213 3058 1265; x_wconf 85' lang='grc' dir='ltr'>οἷον</span> <span class='ocrx_word' id='word_1_351' title='bbox 3089 1209 3426 1284; x_wconf 80' lang='grc' dir='ltr'>δεξιούμενος</span> <span class='ocrx_word' id='word_1_352' title='bbox 3455 1209 3641 1287; x_wconf 80' lang='grc' dir='ltr'>μέγαν.</span> 
     </span>
    </p>
   </div>
   <div class='ocr_carea' id='block_1_75' title="bbox 2552 1294 3772 1375">
    <p class='ocr_par' dir='ltr' id='par_1_75' title="bbox 2552 1294 3772 1375">
     <span class='ocr_line' id='line_1_75' title="bbox 2552 1294 3772 1375; baseline 0.002 -21"><span class='ocrx_word' id='word_1_353' title='bbox 2552 1298 2613 1354; x_wconf 91' lang='grc' dir='ltr'>Ὁ</span> <span class='ocrx_word' id='word_1_354' title='bbox 2646 1294 2691 1351; x_wconf 88' lang='grc' dir='ltr'>δ’</span> <span class='ocrx_word' id='word_1_355' title='bbox 2722 1297 2781 1352; x_wconf 88' lang='grc' dir='ltr'>ἐκ</span> <span class='ocrx_word' id='word_1_356' title='bbox 2809 1298 3071 1363; x_wconf 77' lang='grc' dir='ltr'>κελεύθου</span> <span class='ocrx_word' id='word_1_357' title='bbox 3100 1299 3464 1375; x_wconf 81' lang='grc' dir='ltr'>προσκύνησιν</span> <span class='ocrx_word' id='word_1_358' title='bbox 3497 1302 3562 1370; x_wconf 85' lang='grc' dir='ltr'>ἦν</span> <span class='ocrx_word' id='word_1_359' title='bbox 3595 1300 3772 1375; x_wconf 85' lang='grc' dir='ltr'>νέμων</span> 
     </span>
    </p>
   </div>
   <div class='ocr_carea' id='block_1_76' title="bbox 2552 1387 3740 1464">
    <p class='ocr_par' dir='ltr' id='par_1_76' title="bbox 2552 1387 3740 1464">
     <span class='ocr_line' id='line_1_76' title="bbox 2552 1387 3740 1464; baseline 0.003 -22"><span class='ocrx_word' id='word_1_360' title='bbox 2552 1388 2648 1457; x_wconf 85' lang='grc' dir='ltr'>Τῷ</span> <span class='ocrx_word' id='word_1_361' title='bbox 2677 1387 2777 1454; x_wconf 78' lang='grc' dir='ltr'>τὴν</span> <span class='ocrx_word' id='word_1_362' title='bbox 2809 1389 3150 1463; x_wconf 78' lang='grc' dir='ltr'>προπομπήν</span> <span class='ocrx_word' id='word_1_363' title='bbox 3185 1388 3535 1461; x_wconf 77' lang='grc' dir='ltr'>ηύτρεπικότι</span> <span class='ocrx_word' id='word_1_364' title='bbox 3569 1390 3740 1464; x_wconf 82' lang='grc' dir='ltr'>φίλῳ.</span> 
     </span>
    </p>
   </div>
   <div class='ocr_carea' id='block_1_77' title="bbox 2556 1473 3755 1550">
    <p class='ocr_par' dir='ltr' id='par_1_77' title="bbox 2556 1473 3755 1550">
     <span class='ocr_line' id='line_1_77' title="bbox 2556 1473 3755 1550; baseline 0.005 -22"><span class='ocrx_word' id='word_1_365' title='bbox 2556 1475 2643 1535; x_wconf 80' lang='grc' dir='ltr'>Ὠς</span> <span class='ocrx_word' id='word_1_366' title='bbox 2665 1473 2807 1539; x_wconf 76' lang='grc' dir='ltr'>εῗκὸς</span> <span class='ocrx_word' id='word_1_367' title='bbox 2838 1475 3030 1531; x_wconf 80' lang='grc' dir='ltr'>οὐκοῦν</span> <span class='ocrx_word' id='word_1_368' title='bbox 3065 1477 3454 1550; x_wconf 81' lang='grc' dir='ltr'>θαυμασάντων</span> <span class='ocrx_word' id='word_1_369' title='bbox 3486 1477 3755 1534; x_wconf 86' lang='grc' dir='ltr'>ναυτίλων</span> 
     </span>
    </p>
   </div>
   <div class='ocr_carea' id='block_1_78' title="bbox 2556 1563 3704 1640">
    <p class='ocr_par' dir='ltr' id='par_1_78' title="bbox 2556 1563 3704 1640">
     <span class='ocr_line' id='line_1_78' title="bbox 2556 1563 3704 1640; baseline 0.002 -20"><span class='ocrx_word' id='word_1_370' title='bbox 2556 1564 2658 1620; x_wconf 85' lang='grc' dir='ltr'>Καὶ</span> <span class='ocrx_word' id='word_1_371' title='bbox 2690 1563 2796 1617; x_wconf 91' lang='grc' dir='ltr'>τίνι</span> <span class='ocrx_word' id='word_1_372' title='bbox 2826 1566 3194 1636; x_wconf 76' lang='grc' dir='ltr'>προσκύνησιν</span> <span class='ocrx_word' id='word_1_373' title='bbox 3236 1566 3498 1621; x_wconf 86' lang='grc' dir='ltr'>εἰπόντων</span> <span class='ocrx_word' id='word_1_374' title='bbox 3530 1566 3704 1640; x_wconf 84' lang='grc' dir='ltr'>νέμει,</span> 
     </span>
    </p>
   </div>
   <div class='ocr_carea' id='block_1_79' title="bbox 2376 1649 3683 1734">
    <p class='ocr_par' dir='ltr' id='par_1_79' title="bbox 2376 1649 3683 1734">
     <span class='ocr_line' id='line_1_79' title="bbox 2376 1649 3683 1734; baseline 0.002 -27"><span class='ocrx_word' id='word_1_375' title='bbox 2376 1654 2519 1708; x_wconf 83' lang='grc'>2140</span> <span class='ocrx_word' id='word_1_376' title='bbox 2558 1653 2623 1708; x_wconf 85' lang='grc' dir='ltr'><strong><em>Ἥ</em></strong></span> <span class='ocrx_word' id='word_1_377' title='bbox 2657 1649 2704 1706; x_wconf 86' lang='grc' dir='ltr'>δ’</span> <span class='ocrx_word' id='word_1_378' title='bbox 2733 1653 2792 1714; x_wconf 79' lang='grc' dir='ltr'>’ὃς</span> <span class='ocrx_word' id='word_1_379' title='bbox 2824 1658 3137 1729; x_wconf 88' lang='grc' dir='ltr'>προαθρῶν,</span> <span class='ocrx_word' id='word_1_380' title='bbox 3166 1652 3399 1727; x_wconf 77' lang='grc' dir='ltr'>Γεννάδᾳ</span> <span class='ocrx_word' id='word_1_381' title='bbox 3426 1656 3683 1734; x_wconf 79' lang='grc' dir='ltr'>Θεοφάνει</span> 
     </span>
    </p>
   </div>
   <div class='ocr_carea' id='block_1_80' title="bbox 2556 1739 3634 1819">
    <p class='ocr_par' dir='ltr' id='par_1_80' title="bbox 2556 1739 3634 1819">
     <span class='ocr_line' id='line_1_80' title="bbox 2556 1739 3634 1819; baseline 0.005 -24"><span class='ocrx_word' id='word_1_382' title='bbox 2556 1739 2908 1816; x_wconf 76' lang='grc' dir='ltr'>’Θμολογητῇ</span> <span class='ocrx_word' id='word_1_383' title='bbox 2941 1745 3028 1797; x_wconf 86' lang='grc' dir='ltr'>καὶ</span> <span class='ocrx_word' id='word_1_384' title='bbox 3066 1749 3325 1818; x_wconf 89' lang='grc' dir='ltr'>μοναχῶν</span> <span class='ocrx_word' id='word_1_385' title='bbox 3358 1744 3634 1819; x_wconf 79' lang='grc' dir='ltr'>προστάτῃ</span> 
     </span>
    </p>
   </div>
   <div class='ocr_carea' id='block_1_81' title="bbox 2558 1829 3795 1909">
    <p class='ocr_par' dir='ltr' id='par_1_81' title="bbox 2558 1829 3795 1909">
     <span class='ocr_line' id='line_1_81' title="bbox 2558 1829 3795 1909; baseline 0.006 -26"><span class='ocrx_word' id='word_1_386' title='bbox 2558 1829 2938 1902; x_wconf 85' lang='grc' dir='ltr'>Ἀσκουμένων</span> <span class='ocrx_word' id='word_1_387' title='bbox 2967 1830 3236 1886; x_wconf 83' lang='grc' dir='ltr'>κάλλιστα</span> <span class='ocrx_word' id='word_1_388' title='bbox 3262 1834 3378 1887; x_wconf 84' lang='grc' dir='ltr'>κατ’</span> <span class='ocrx_word' id='word_1_389' title='bbox 3409 1832 3570 1907; x_wconf 86' lang='grc' dir='ltr'>ἀγρὸν</span> <span class='ocrx_word' id='word_1_390' title='bbox 3608 1835 3795 1909; x_wconf 87' lang='grc' dir='ltr'>μέγαν.</span> 
     </span>
    </p>
   </div>
   <div class='ocr_carea' id='block_1_82' title="bbox 2557 1919 3760 1996">
    <p class='ocr_par' dir='ltr' id='par_1_82' title="bbox 2557 1919 3760 1996">
     <span class='ocr_line' id='line_1_82' title="bbox 2557 1919 3760 1996; baseline 0.002 -20"><span class='ocrx_word' id='word_1_391' title='bbox 2557 1919 2731 1981; x_wconf 80' lang='grc' dir='ltr'>Οὗτος</span> <span class='ocrx_word' id='word_1_392' title='bbox 2762 1921 3051 1995; x_wconf 83' lang='grc' dir='ltr'>κατασχὼν</span> <span class='ocrx_word' id='word_1_393' title='bbox 3082 1921 3316 1995; x_wconf 78' lang='grc' dir='ltr'>Μιχαὴλ</span> <span class='ocrx_word' id='word_1_394' title='bbox 3344 1921 3580 1996; x_wconf 87' lang='grc' dir='ltr'>τραυλὸν</span> <span class='ocrx_word' id='word_1_395' title='bbox 3615 1924 3760 1986; x_wconf 90' lang='grc' dir='ltr'>θέσιν</span> 
     </span>
    </p>
   </div>
   <div class='ocr_carea' id='block_1_83' title="bbox 2557 2006 3741 2088">
    <p class='ocr_par' dir='ltr' id='par_1_83' title="bbox 2557 2006 3741 2088">
     <span class='ocr_line' id='line_1_83' title="bbox 2557 2006 3741 2088; baseline 0.003 -27"><span class='ocrx_word' id='word_1_396' title='bbox 2557 2012 2672 2062; x_wconf 93' lang='grc' dir='ltr'>Τῶν</span> <span class='ocrx_word' id='word_1_397' title='bbox 2701 2029 2821 2062; x_wconf 92' lang='grc' dir='ltr'>τινα</span> <span class='ocrx_word' id='word_1_398' title='bbox 2851 2006 3119 2085; x_wconf 76' lang='grc' dir='ltr'>λαμπρῶν</span> <span class='ocrx_word' id='word_1_399' title='bbox 3152 2010 3242 2064; x_wconf 83' lang='grc' dir='ltr'>καὶ</span> <span class='ocrx_word' id='word_1_400' title='bbox 3274 2013 3741 2088; x_wconf 79' lang='grc' dir='ltr'>περιφανεστάτων</span> 
     </span>
    </p>
   </div>
   <div class='ocr_carea' id='block_1_84' title="bbox 2378 2097 3797 2175">
    <p class='ocr_par' dir='ltr' id='par_1_84' title="bbox 2378 2097 3797 2175">
     <span class='ocr_line' id='line_1_84' title="bbox 2378 2097 3797 2175; baseline 0.004 -24"><span class='ocrx_word' id='word_1_401' title='bbox 2378 2098 2521 2153; x_wconf 80' lang='grc'>2145</span> <span class='ocrx_word' id='word_1_402' title='bbox 2559 2097 2657 2152; x_wconf 82' lang='grc' dir='ltr'>Καὶ</span> <span class='ocrx_word' id='word_1_403' title='bbox 2685 2098 2917 2173; x_wconf 85' lang='grc' dir='ltr'>πρόσθεν</span> <span class='ocrx_word' id='word_1_404' title='bbox 2951 2099 3002 2152; x_wconf 79' lang='grc' dir='ltr'>οἱ</span> <span class='ocrx_word' id='word_1_405' title='bbox 3033 2097 3207 2175; x_wconf 87' lang='grc' dir='ltr'>φίλων</span> <span class='ocrx_word' id='word_1_406' title='bbox 3237 2120 3294 2154; x_wconf 91' lang='grc' dir='ltr'>τε</span> <span class='ocrx_word' id='word_1_407' title='bbox 3320 2099 3409 2154; x_wconf 87' lang='grc' dir='ltr'>καὶ</span> <span class='ocrx_word' id='word_1_408' title='bbox 3438 2102 3797 2174; x_wconf 81' lang='grc' dir='ltr'>τιμωμένων,</span> 
     </span>
    </p>
   </div>
   <div class='ocr_carea' id='block_1_85' title="bbox 2558 2184 3641 2263">
    <p class='ocr_par' dir='ltr' id='par_1_85' title="bbox 2558 2184 3641 2263">
     <span class='ocr_line' id='line_1_85' title="bbox 2558 2184 3641 2263; baseline 0.002 -21"><span class='ocrx_word' id='word_1_409' title='bbox 2558 2188 2645 2242; x_wconf 81' lang='grc' dir='ltr'>Ἑν</span> <span class='ocrx_word' id='word_1_410' title='bbox 2678 2184 2896 2260; x_wconf 80' lang='grc' dir='ltr'>φυλακῇ</span> <span class='ocrx_word' id='word_1_411' title='bbox 2927 2186 3108 2257; x_wconf 90' lang='grc' dir='ltr'>τίθησι</span> <span class='ocrx_word' id='word_1_412' title='bbox 3140 2186 3228 2242; x_wconf 86' lang='grc' dir='ltr'>καὶ</span> <span class='ocrx_word' id='word_1_413' title='bbox 3260 2190 3599 2263; x_wconf 86' lang='grc' dir='ltr'>καθειργνύει</span> <span class='ocrx_word' id='word_1_414' title='bbox 3629 2208 3641 2221; x_wconf 87' lang='grc'><strong>·</strong></span> 
     </span>
    </p>
   </div>
   <div class='ocr_carea' id='block_1_86' title="bbox 2557 2276 3600 2353">
    <p class='ocr_par' dir='ltr' id='par_1_86' title="bbox 2557 2276 3600 2353">
     <span class='ocr_line' id='line_1_86' title="bbox 2557 2276 3600 2353; baseline 0.002 -21"><span class='ocrx_word' id='word_1_415' title='bbox 2557 2276 2685 2332; x_wconf 79' lang='grc' dir='ltr'>Εἶτα</span> <span class='ocrx_word' id='word_1_416' title='bbox 2713 2277 3093 2353; x_wconf 84' lang='grc' dir='ltr'>κατακέκρικεν</span> <span class='ocrx_word' id='word_1_417' title='bbox 3118 2277 3280 2331; x_wconf 83' lang='grc' dir='ltr'>αὐτοῦ</span> <span class='ocrx_word' id='word_1_418' title='bbox 3309 2278 3399 2331; x_wconf 82' lang='grc' dir='ltr'>καὶ</span> <span class='ocrx_word' id='word_1_419' title='bbox 3434 2277 3600 2353; x_wconf 90' lang='grc' dir='ltr'>μόρον</span> 
     </span>
    </p>
   </div>
   <div class='ocr_carea' id='block_1_87' title="bbox 2555 2362 3525 2441">
    <p class='ocr_par' dir='ltr' id='par_1_87' title="bbox 2555 2362 3525 2441">
     <span class='ocr_line' id='line_1_87' title="bbox 2555 2362 3525 2441; baseline 0.003 -23"><span class='ocrx_word' id='word_1_420' title='bbox 2555 2366 2663 2423; x_wconf 90' lang='grc' dir='ltr'>Τὸν</span> <span class='ocrx_word' id='word_1_421' title='bbox 2696 2362 2787 2419; x_wconf 78' lang='grc' dir='ltr'>διὰ</span> <span class='ocrx_word' id='word_1_422' title='bbox 2815 2366 2983 2441; x_wconf 87' lang='grc' dir='ltr'>πυρὸς</span> <span class='ocrx_word' id='word_1_423' title='bbox 3014 2367 3049 2434; x_wconf 77' lang='grc' dir='ltr'>ἡ</span> <span class='ocrx_word' id='word_1_424' title='bbox 3088 2364 3257 2439; x_wconf 73' lang='grc' dir='ltr'>μιαρά</span> <span class='ocrx_word' id='word_1_425' title='bbox 3284 2364 3480 2441; x_wconf 80' lang='grc' dir='ltr'>καρδία</span> <span class='ocrx_word' id='word_1_426' title='bbox 3512 2388 3525 2402; x_wconf 89' lang='grc'><strong>·</strong></span> 
     </span>
    </p>
   </div>
   <div class='ocr_carea' id='block_1_88' title="bbox 2558 2452 3632 2530">
    <p class='ocr_par' dir='ltr' id='par_1_88' title="bbox 2558 2452 3632 2530">
     <span class='ocr_line' id='line_1_88' title="bbox 2558 2452 3632 2530; baseline 0.004 -22"><span class='ocrx_word' id='word_1_427' title='bbox 2558 2453 2657 2509; x_wconf 85' lang='grc' dir='ltr'>Καὶ</span> <span class='ocrx_word' id='word_1_428' title='bbox 2686 2452 2814 2529; x_wconf 84' lang='grc' dir='ltr'>τάχ’</span> <span class='ocrx_word' id='word_1_429' title='bbox 2845 2454 2905 2508; x_wconf 72' lang='grc' dir='ltr'>ἂν</span> <span class='ocrx_word' id='word_1_430' title='bbox 2938 2453 3186 2526; x_wconf 78' lang='grc' dir='ltr'>ἐξήνυσεν</span> <span class='ocrx_word' id='word_1_431' title='bbox 3220 2455 3385 2510; x_wconf 82' lang='grc' dir='ltr'>αὐτὸν</span> <span class='ocrx_word' id='word_1_432' title='bbox 3420 2455 3632 2530; x_wconf 81' lang='grc' dir='ltr'>αὐτίκα,</span> 
     </span>
    </p>
   </div>
   <div class='ocr_carea' id='block_1_89' title="bbox 2377 2542 3600 2617">
    <p class='ocr_par' dir='ltr' id='par_1_89' title="bbox 2377 2542 3600 2617">
     <span class='ocr_line' id='line_1_89' title="bbox 2377 2542 3600 2617; baseline 0.002 -20"><span class='ocrx_word' id='word_1_433' title='bbox 2377 2546 2520 2602; x_wconf 88' lang='grc'>2150</span> <span class='ocrx_word' id='word_1_434' title='bbox 2556 2543 2624 2603; x_wconf 76' lang='lat' dir='ltr'>El</span> <span class='ocrx_word' id='word_1_435' title='bbox 2650 2545 2725 2616; x_wconf 82' lang='grc' dir='ltr'>μὴ</span> <span class='ocrx_word' id='word_1_436' title='bbox 2765 2542 2979 2617; x_wconf 85' lang='grc' dir='ltr'>βασιλὶς</span> <span class='ocrx_word' id='word_1_437' title='bbox 3013 2543 3211 2606; x_wconf 80' lang='grc' dir='ltr'>εὐνέτις</span> <span class='ocrx_word' id='word_1_438' title='bbox 3242 2545 3308 2613; x_wconf 78' lang='grc' dir='ltr'>ἦν</span> <span class='ocrx_word' id='word_1_439' title='bbox 3341 2542 3600 2608; x_wconf 78' lang='grc' dir='ltr'>ἐνστάτις.</span> 
     </span>
    </p>
   </div>
   <div class='ocr_carea' id='block_1_90' title="bbox 2559 2630 3645 2709">
    <p class='ocr_par' dir='ltr' id='par_1_90' title="bbox 2559 2630 3645 2709">
     <span class='ocr_line' id='line_1_90' title="bbox 2559 2630 3645 2709; baseline 0.002 -21"><span class='ocrx_word' id='word_1_440' title='bbox 2559 2632 2710 2688; x_wconf 78' lang='grc' dir='ltr'>Ἐπεὶ</span> <span class='ocrx_word' id='word_1_441' title='bbox 2741 2630 2785 2686; x_wconf 87' lang='grc' dir='ltr'>δ’</span> <span class='ocrx_word' id='word_1_442' title='bbox 2819 2632 3036 2709; x_wconf 79' lang='grc' dir='ltr'>ἀφείθη,</span> <span class='ocrx_word' id='word_1_443' title='bbox 3062 2632 3296 2695; x_wconf 82' lang='grc' dir='ltr'>καλέσας</span> <span class='ocrx_word' id='word_1_444' title='bbox 3327 2634 3645 2707; x_wconf 87' lang='grc' dir='ltr'>συνωμότας</span> 
     </span>
    </p>
   </div>
   <div class='ocr_carea' id='block_1_91' title="bbox 2560 2725 3635 2807">
    <p class='ocr_par' dir='ltr' id='par_1_91' title="bbox 2560 2725 3635 2807">
     <span class='ocr_line' id='line_1_91' title="bbox 2560 2725 3635 2807; baseline 0.003 -24"><span class='ocrx_word' id='word_1_445' title='bbox 2560 2730 2887 2803; x_wconf 88' lang='grc' dir='ltr'>Συνίστορας</span> <span class='ocrx_word' id='word_1_446' title='bbox 2921 2726 3145 2801; x_wconf 76' lang='grc' dir='ltr'>δέσμιος</span> <span class='ocrx_word' id='word_1_447' title='bbox 3174 2728 3266 2793; x_wconf 82' lang='grc' dir='ltr'>οὓς</span> <span class='ocrx_word' id='word_1_448' title='bbox 3294 2725 3415 2802; x_wconf 76' lang='grc' dir='ltr'>ᾔδει</span> <span class='ocrx_word' id='word_1_449' title='bbox 3444 2729 3635 2807; x_wconf 91' lang='grc' dir='ltr'>τάχος,</span> 
     </span>
    </p>
   </div>
   <div class='ocr_carea' id='block_1_92' title="bbox 2559 2817 3683 2895">
    <p class='ocr_par' dir='ltr' id='par_1_92' title="bbox 2559 2817 3683 2895">
     <span class='ocr_line' id='line_1_92' title="bbox 2559 2817 3683 2895; baseline 0.002 -22"><span class='ocrx_word' id='word_1_450' title='bbox 2559 2818 2664 2873; x_wconf 84' lang='grc' dir='ltr'>Σὺν</span> <span class='ocrx_word' id='word_1_451' title='bbox 2698 2818 2847 2895; x_wconf 86' lang='grc' dir='ltr'>σφίσι</span> <span class='ocrx_word' id='word_1_452' title='bbox 2876 2822 2955 2890; x_wconf 85' lang='grc' dir='ltr'>τῷ</span> <span class='ocrx_word' id='word_1_453' title='bbox 2986 2817 3179 2873; x_wconf 86' lang='grc' dir='ltr'>Λέοντι</span> <span class='ocrx_word' id='word_1_454' title='bbox 3209 2818 3424 2874; x_wconf 88' lang='grc' dir='ltr'>καττύει</span> <span class='ocrx_word' id='word_1_455' title='bbox 3458 2817 3631 2895; x_wconf 90' lang='grc' dir='ltr'>λόχον</span> <span class='ocrx_word' id='word_1_456' title='bbox 3667 2840 3683 2854; x_wconf 73' lang='grc'><strong>⁸</strong></span> 
     </span>
    </p>
   </div>
   <div class='ocr_carea' id='block_1_93' title="bbox 2556 2903 3785 2986">
    <p class='ocr_par' dir='ltr' id='par_1_93' title="bbox 2556 2903 3785 2986">
     <span class='ocr_line' id='line_1_93' title="bbox 2556 2903 3785 2986; baseline 0.002 -22"><span class='ocrx_word' id='word_1_457' title='bbox 2556 2910 2625 2965; x_wconf 88' lang='grc' dir='ltr'><strong>Οἳ</strong></span> <span class='ocrx_word' id='word_1_458' title='bbox 2656 2909 2745 2963; x_wconf 86' lang='grc' dir='ltr'>καὶ</span> <span class='ocrx_word' id='word_1_459' title='bbox 2779 2909 2896 2962; x_wconf 89' lang='grc' dir='ltr'>κατ’</span> <span class='ocrx_word' id='word_1_460' title='bbox 2926 2903 3122 2983; x_wconf 74' lang='grc' dir='ltr'>ὄρθρον</span> <span class='ocrx_word' id='word_1_461' title='bbox 3152 2903 3579 2983; x_wconf 76' lang='grc' dir='ltr'>παραϐυσθέντες</span> <span class='ocrx_word' id='word_1_462' title='bbox 3608 2911 3785 2986; x_wconf 87' lang='grc' dir='ltr'>λάθρα</span> 
     </span>
    </p>
   </div>
   <div class='ocr_carea' id='block_1_94' title="bbox 2376 2996 3548 3074">
    <p class='ocr_par' dir='ltr' id='par_1_94' title="bbox 2376 2996 3548 3074">
     <span class='ocr_line' id='line_1_94' title="bbox 2376 2996 3548 3074; baseline -0.002 -19"><span class='ocrx_word' id='word_1_463' title='bbox 2376 3001 2518 3055; x_wconf 86' lang='grc'>2155</span> <span class='ocrx_word' id='word_1_464' title='bbox 2555 3000 2689 3059; x_wconf 84' lang='grc' dir='ltr'>Τοῖς</span> <span class='ocrx_word' id='word_1_465' title='bbox 2724 2996 3023 3072; x_wconf 83' lang='grc' dir='ltr'>βασιλείοις</span> <span class='ocrx_word' id='word_1_466' title='bbox 3055 2996 3265 3052; x_wconf 87' lang='grc' dir='ltr'>Παπίου</span> <span class='ocrx_word' id='word_1_467' title='bbox 3294 2998 3548 3074; x_wconf 80' lang='grc' dir='ltr'>συνεργίᾳ</span> 
     </span>
    </p>
   </div>
   <div class='ocr_carea' id='block_1_95' title="bbox 2553 3084 3709 3165">
    <p class='ocr_par' dir='ltr' id='par_1_95' title="bbox 2553 3084 3709 3165">
     <span class='ocr_line' id='line_1_95' title="bbox 2553 3084 3709 3165; baseline 0 -22"><span class='ocrx_word' id='word_1_468' title='bbox 2553 3090 2644 3145; x_wconf 86' lang='grc' dir='ltr'>Ἐν</span> <span class='ocrx_word' id='word_1_469' title='bbox 2677 3084 2960 3157; x_wconf 90' lang='grc' dir='ltr'>κληρικῶν</span> <span class='ocrx_word' id='word_1_470' title='bbox 2991 3087 3237 3165; x_wconf 79' lang='grc' dir='ltr'>σχήματι</span> <span class='ocrx_word' id='word_1_471' title='bbox 3268 3086 3360 3141; x_wconf 81' lang='grc' dir='ltr'>καὶ</span> <span class='ocrx_word' id='word_1_472' title='bbox 3392 3087 3709 3165; x_wconf 78' lang='grc' dir='ltr'>ξιφηφόροι,</span> 
     </span>
    </p>
   </div>
   <div class='ocr_carea' id='block_1_96' title="bbox 2557 3173 3625 3252">
    <p class='ocr_par' dir='ltr' id='par_1_96' title="bbox 2557 3173 3625 3252">
     <span class='ocr_line' id='line_1_96' title="bbox 2557 3173 3625 3252; baseline 0.003 -23"><span class='ocrx_word' id='word_1_473' title='bbox 2557 3178 2646 3238; x_wconf 75' lang='grc' dir='ltr'>Ὠς</span> <span class='ocrx_word' id='word_1_474' title='bbox 2678 3173 2833 3245; x_wconf 83' lang='grc' dir='ltr'>δῆθεν</span> <span class='ocrx_word' id='word_1_475' title='bbox 2868 3174 3175 3237; x_wconf 86' lang='grc' dir='ltr'>ἀνοίσοντες</span> <span class='ocrx_word' id='word_1_476' title='bbox 3205 3173 3351 3248; x_wconf 81' lang='grc' dir='ltr'>ᾠδὰς</span> <span class='ocrx_word' id='word_1_477' title='bbox 3383 3177 3625 3252; x_wconf 84' lang='grc' dir='ltr'>ὀρθρίας,</span> 
     </span>
    </p>
   </div>
   <div class='ocr_carea' id='block_1_97' title="bbox 2560 3263 3647 3343">
    <p class='ocr_par' dir='ltr' id='par_1_97' title="bbox 2560 3263 3647 3343">
     <span class='ocr_line' id='line_1_97' title="bbox 2560 3263 3647 3343; baseline 0.002 -24"><span class='ocrx_word' id='word_1_478' title='bbox 2560 3264 2863 3342; x_wconf 85' lang='grc' dir='ltr'>Σφάττουσι</span> <span class='ocrx_word' id='word_1_479' title='bbox 2892 3265 2983 3318; x_wconf 88' lang='grc' dir='ltr'>τὸν</span> <span class='ocrx_word' id='word_1_480' title='bbox 3017 3264 3221 3319; x_wconf 77' lang='grc' dir='ltr'>Λέοντα</span> <span class='ocrx_word' id='word_1_481' title='bbox 3247 3269 3366 3329; x_wconf 88' lang='grc' dir='ltr'>τοῖς</span> <span class='ocrx_word' id='word_1_482' title='bbox 3394 3263 3647 3343; x_wconf 82' lang='grc' dir='ltr'>ξιφιδίοις</span> 
     </span>
    </p>
   </div>
   <div class='ocr_carea' id='block_1_98' title="bbox 2557 3350 3787 3430">
    <p class='ocr_par' dir='ltr' id='par_1_98' title="bbox 2557 3350 3787 3430">
     <span class='ocr_line' id='line_1_98' title="bbox 2557 3350 3787 3430; baseline 0 -20"><span class='ocrx_word' id='word_1_483' title='bbox 2557 3357 2643 3411; x_wconf 88' lang='grc' dir='ltr'>Ἐν</span> <span class='ocrx_word' id='word_1_484' title='bbox 2673 3358 2754 3426; x_wconf 83' lang='grc' dir='ltr'>τῷ</span> <span class='ocrx_word' id='word_1_485' title='bbox 2784 3357 2890 3425; x_wconf 80' lang='grc' dir='ltr'>νεῷ</span> <span class='ocrx_word' id='word_1_486' title='bbox 2918 3350 3327 3427; x_wconf 51' lang='grc' dir='ltr'>ψάλλοντανσὺν</span> <span class='ocrx_word' id='word_1_487' title='bbox 3354 3354 3787 3430; x_wconf 83' lang='grc' dir='ltr'>κληρουμένοις,</span> 
     </span>
    </p>
   </div>
   <div class='ocr_carea' id='block_1_99' title="bbox 2374 3440 3644 3520">
    <p class='ocr_par' dir='ltr' id='par_1_99' title="bbox 2374 3440 3644 3520">
     <span class='ocr_line' id='line_1_99' title="bbox 2374 3440 3644 3520; baseline -0.002 -18"><span class='ocrx_word' id='word_1_488' title='bbox 2374 3447 2519 3502; x_wconf 82' lang='lat'>2160</span> <span class='ocrx_word' id='word_1_489' title='bbox 2556 3441 2683 3515; x_wconf 84' lang='grc' dir='ltr'>Θείᾳ</span> <span class='ocrx_word' id='word_1_490' title='bbox 2710 3440 2950 3517; x_wconf 79' lang='grc' dir='ltr'>τραπέζῃ</span> <span class='ocrx_word' id='word_1_491' title='bbox 2983 3442 3436 3520; x_wconf 82' lang='grc' dir='ltr'>προσπεφευγότα</span> <span class='ocrx_word' id='word_1_492' title='bbox 3467 3440 3644 3519; x_wconf 78' lang='grc' dir='ltr'>φόϐῳ,</span> 
     </span>
    </p>
   </div>
   <div class='ocr_carea' id='block_1_100' title="bbox 2557 3528 3552 3607">
    <p class='ocr_par' dir='ltr' id='par_1_100' title="bbox 2557 3528 3552 3607">
     <span class='ocr_line' id='line_1_100' title="bbox 2557 3528 3552 3607; baseline -0.001 -19"><span class='ocrx_word' id='word_1_493' title='bbox 2557 3535 2703 3591; x_wconf 83' lang='grc' dir='ltr'>Ἐκεῖ</span> <span class='ocrx_word' id='word_1_494' title='bbox 2733 3531 2925 3606; x_wconf 89' lang='grc' dir='ltr'>βιαίως</span> <span class='ocrx_word' id='word_1_495' title='bbox 2952 3532 3045 3585; x_wconf 89' lang='grc' dir='ltr'>τὸν</span> <span class='ocrx_word' id='word_1_496' title='bbox 3080 3531 3195 3607; x_wconf 90' lang='grc' dir='ltr'>βίον</span> <span class='ocrx_word' id='word_1_497' title='bbox 3232 3528 3552 3601; x_wconf 82' lang='grc' dir='ltr'>λελοιπότα,</span> 
     </span>
    </p>
   </div>
   <div class='ocr_carea' id='block_1_101' title="bbox 2554 3614 3631 3695">
    <p class='ocr_par' dir='ltr' id='par_1_101' title="bbox 2554 3614 3631 3695">
     <span class='ocr_line' id='line_1_101' title="bbox 2554 3614 3631 3695; baseline -0.001 -18"><span class='ocrx_word' id='word_1_498' title='bbox 2554 3622 2719 3677; x_wconf 80' lang='grc' dir='ltr'>Ἔνθα</span> <span class='ocrx_word' id='word_1_499' title='bbox 2748 3621 2868 3695; x_wconf 84' lang='grc' dir='ltr'>περ’</span> <span class='ocrx_word' id='word_1_500' title='bbox 2900 3614 3173 3695; x_wconf 77' lang='grc' dir='ltr'>ἐξύϐρισεν</span> <span class='ocrx_word' id='word_1_501' title='bbox 3206 3615 3413 3682; x_wconf 80' lang='grc' dir='ltr'>ἀσεϐῶς</span> <span class='ocrx_word' id='word_1_502' title='bbox 3441 3620 3631 3685; x_wconf 88' lang='grc' dir='ltr'>τάλας.</span> 
     </span>
    </p>
   </div>
   <div class='ocr_carea' id='block_1_102' title="bbox 2555 3706 3795 3783">
    <p class='ocr_par' dir='ltr' id='par_1_102' title="bbox 2555 3706 3795 3783">
     <span class='ocr_line' id='line_1_102' title="bbox 2555 3706 3795 3783; baseline -0.001 -16"><span class='ocrx_word' id='word_1_503' title='bbox 2555 3708 2691 3783; x_wconf 83' lang='grc' dir='ltr'>Πρὶν</span> <span class='ocrx_word' id='word_1_504' title='bbox 2722 3708 2757 3779; x_wconf 75' lang='grc' dir='ltr'><strong>ἢ</strong></span> <span class='ocrx_word' id='word_1_505' title='bbox 2792 3706 2848 3763; x_wconf 69' lang='grc' dir='ltr'>δὲ</span> <span class='ocrx_word' id='word_1_506' title='bbox 2870 3712 3039 3763; x_wconf 87' lang='grc' dir='ltr'>ταῦτα</span> <span class='ocrx_word' id='word_1_507' title='bbox 3066 3715 3381 3782; x_wconf 84' lang='grc' dir='ltr'>συμπεσεῖν,</span> <span class='ocrx_word' id='word_1_508' title='bbox 3417 3708 3591 3765; x_wconf 86' lang='grc' dir='ltr'>ὦπται</span> <span class='ocrx_word' id='word_1_509' title='bbox 3621 3710 3749 3767; x_wconf 82' lang='grc' dir='ltr'>τάδε</span> <span class='ocrx_word' id='word_1_510' title='bbox 3781 3728 3795 3743; x_wconf 93' lang='grc'><strong>·</strong></span> 
     </span>
    </p>
   </div>
   <div class='ocr_carea' id='block_1_103' title="bbox 2552 3796 3635 3876">
    <p class='ocr_par' dir='ltr' id='par_1_103' title="bbox 2552 3796 3635 3876">
     <span class='ocr_line' id='line_1_103' title="bbox 2552 3796 3635 3876; baseline 0.002 -23"><span class='ocrx_word' id='word_1_511' title='bbox 2552 3796 2741 3869; x_wconf 74' lang='grc' dir='ltr'>’Ἔδοξε</span> <span class='ocrx_word' id='word_1_512' title='bbox 2773 3798 2941 3871; x_wconf 88' lang='grc' dir='ltr'>μητρὶ</span> <span class='ocrx_word' id='word_1_513' title='bbox 2970 3801 3065 3853; x_wconf 88' lang='grc' dir='ltr'>τοῦ</span> <span class='ocrx_word' id='word_1_514' title='bbox 3095 3799 3328 3861; x_wconf 83' lang='grc' dir='ltr'>Λέοντος</span> <span class='ocrx_word' id='word_1_515' title='bbox 3358 3801 3476 3854; x_wconf 87' lang='grc' dir='ltr'>κατ’</span> <span class='ocrx_word' id='word_1_516' title='bbox 3505 3796 3635 3876; x_wconf 72' lang='grc' dir='ltr'>ὄναρ</span> 
     </span>
    </p>
   </div>
   <div class='ocr_carea' id='block_1_104' title="bbox 2373 3884 3687 3964">
    <p class='ocr_par' dir='ltr' id='par_1_104' title="bbox 2373 3884 3687 3964">
     <span class='ocr_line' id='line_1_104' title="bbox 2373 3884 3687 3964; baseline -0.002 -18"><span class='ocrx_word' id='word_1_517' title='bbox 2373 3889 2517 3946; x_wconf 83' lang='grc'>2165</span> <span class='ocrx_word' id='word_1_518' title='bbox 2554 3890 2686 3960; x_wconf 85' lang='grc' dir='ltr'><strong>Ναῷ</strong></span> <span class='ocrx_word' id='word_1_519' title='bbox 2717 3887 3047 3963; x_wconf 87' lang='grc' dir='ltr'>Βλαχερνῶν</span> <span class='ocrx_word' id='word_1_520' title='bbox 3079 3884 3325 3943; x_wconf 83' lang='grc' dir='ltr'>είσδῦσαν</span> <span class='ocrx_word' id='word_1_521' title='bbox 3359 3888 3687 3964; x_wconf 86' lang='grc' dir='ltr'>παρεστάναι</span> 
     </span>
    </p>
   </div>
   <div class='ocr_carea' id='block_1_105' title="bbox 2553 3974 3658 4053">
    <p class='ocr_par' dir='ltr' id='par_1_105' title="bbox 2553 3974 3658 4053">
     <span class='ocr_line' id='line_1_105' title="bbox 2553 3974 3658 4053; baseline 0.001 -21"><span class='ocrx_word' id='word_1_522' title='bbox 2553 3981 2788 4033; x_wconf 87' lang='grc' dir='ltr'>Γυναῖκα</span> <span class='ocrx_word' id='word_1_523' title='bbox 2816 3980 3101 4050; x_wconf 89' lang='grc' dir='ltr'>καταθρεῖν</span> <span class='ocrx_word' id='word_1_524' title='bbox 3127 3974 3360 4049; x_wconf 90' lang='grc' dir='ltr'>κοσμίαν</span> <span class='ocrx_word' id='word_1_525' title='bbox 3398 3976 3658 4053; x_wconf 87' lang='grc' dir='ltr'>βασιλίδα</span> 
     </span>
    </p>
   </div>
   <div class='ocr_carea' id='block_1_106' title="bbox 2553 4062 3571 4141">
    <p class='ocr_par' dir='ltr' id='par_1_106' title="bbox 2553 4062 3571 4141">
     <span class='ocr_line' id='line_1_106' title="bbox 2553 4062 3571 4141; baseline 0.001 -19"><span class='ocrx_word' id='word_1_526' title='bbox 2553 4069 2937 4141; x_wconf 87' lang='grc' dir='ltr'>Λευχεινοῦσιν</span> <span class='ocrx_word' id='word_1_527' title='bbox 2970 4063 3194 4141; x_wconf 82' lang='grc' dir='ltr'>ἀνδράσι</span> <span class='ocrx_word' id='word_1_528' title='bbox 3225 4062 3571 4140; x_wconf 76' lang='grc' dir='ltr'>τιμωμένην,</span> 
     </span>
    </p>
   </div>
   <div class='ocr_carea' id='block_1_107' title="bbox 2554 4153 3519 4233">
    <p class='ocr_par' dir='ltr' id='par_1_107' title="bbox 2554 4153 3519 4233">
     <span class='ocr_line' id='line_1_107' title="bbox 2554 4153 3519 4233; baseline 0.002 -22"><span class='ocrx_word' id='word_1_529' title='bbox 2554 4156 3045 4233; x_wconf 87' lang='grc' dir='ltr'>Λορυφορουμένην</span> <span class='ocrx_word' id='word_1_530' title='bbox 3072 4175 3129 4208; x_wconf 90' lang='grc' dir='ltr'>τε</span> <span class='ocrx_word' id='word_1_531' title='bbox 3159 4153 3250 4210; x_wconf 84' lang='grc' dir='ltr'>σὺν</span> <span class='ocrx_word' id='word_1_532' title='bbox 3284 4155 3519 4227; x_wconf 81' lang='grc' dir='ltr'>εὐταξίᾳ.</span> 
     </span>
    </p>
   </div>
   <div class='ocr_carea' id='block_1_108' title="bbox 2551 4240 3777 4322">
    <p class='ocr_par' dir='ltr' id='par_1_108' title="bbox 2551 4240 3777 4322">
     <span class='ocr_line' id='line_1_108' title="bbox 2551 4240 3777 4322; baseline 0.002 -21"><span class='ocrx_word' id='word_1_533' title='bbox 2551 4245 2627 4301; x_wconf 89' lang='grc' dir='ltr'>Τὸ</span> <span class='ocrx_word' id='word_1_534' title='bbox 2659 4242 2888 4300; x_wconf 84' lang='grc' dir='ltr'>δάπεδον</span> <span class='ocrx_word' id='word_1_535' title='bbox 2924 4240 2981 4299; x_wconf 81' lang='grc' dir='ltr'>δὲ</span> <span class='ocrx_word' id='word_1_536' title='bbox 3010 4242 3221 4319; x_wconf 84' lang='grc' dir='ltr'>πλῆρες</span> <span class='ocrx_word' id='word_1_537' title='bbox 3251 4243 3495 4317; x_wconf 78' lang='grc' dir='ltr'>αἱμάτων</span> <span class='ocrx_word' id='word_1_538' title='bbox 3534 4246 3777 4322; x_wconf 83' lang='grc' dir='ltr'>βλέπειν.</span> 
     </span>
    </p>
   </div>
   <div class='ocr_carea' id='block_1_109' title="bbox 2373 4330 3768 4411">
    <p class='ocr_par' dir='ltr' id='par_1_109' title="bbox 2373 4330 3768 4411">
     <span class='ocr_line' id='line_1_109' title="bbox 2373 4330 3768 4411; baseline -0.002 -18"><span class='ocrx_word' id='word_1_539' title='bbox 2373 4338 2517 4393; x_wconf 88' lang='grc'>2170</span> <span class='ocrx_word' id='word_1_540' title='bbox 2556 4335 2699 4409; x_wconf 86' lang='grc' dir='ltr'>Πρὸς</span> <span class='ocrx_word' id='word_1_541' title='bbox 2728 4331 2776 4389; x_wconf 85' lang='grc' dir='ltr'>δ’</span> <span class='ocrx_word' id='word_1_542' title='bbox 2803 4334 2867 4388; x_wconf 82' lang='grc' dir='ltr'>αὗ</span> <span class='ocrx_word' id='word_1_543' title='bbox 2894 4334 3119 4388; x_wconf 83' lang='grc' dir='ltr'>ἀκοῦσαι</span> <span class='ocrx_word' id='word_1_544' title='bbox 3148 4339 3247 4403; x_wconf 83' lang='grc' dir='ltr'>τῆς</span> <span class='ocrx_word' id='word_1_545' title='bbox 3280 4330 3768 4411; x_wconf 85' lang='grc' dir='ltr'>δορυφορουμένης</span> 
     </span>
    </p>
   </div>
   <div class='ocr_carea' id='block_1_110' title="bbox 2558 4420 3688 4498">
    <p class='ocr_par' dir='ltr' id='par_1_110' title="bbox 2558 4420 3688 4498">
     <span class='ocr_line' id='line_1_110' title="bbox 2558 4420 3688 4498; baseline -0.001 -19"><span class='ocrx_word' id='word_1_546' title='bbox 2558 4428 2759 4485; x_wconf 84' lang='grc' dir='ltr'>Σκεῦος</span> <span class='ocrx_word' id='word_1_547' title='bbox 2790 4420 3059 4498; x_wconf 84' lang='grc' dir='ltr'>λεγούσης</span> <span class='ocrx_word' id='word_1_548' title='bbox 3088 4421 3255 4497; x_wconf 81' lang='grc' dir='ltr'>μητρὶ</span> <span class='ocrx_word' id='word_1_549' title='bbox 3286 4427 3383 4477; x_wconf 93' lang='grc' dir='ltr'>τοῦ</span> <span class='ocrx_word' id='word_1_550' title='bbox 3420 4422 3688 4497; x_wconf 89' lang='grc' dir='ltr'>βασιλέως</span> 
     </span>
    </p>
   </div>
   <div class='ocr_carea' id='block_1_111' title="bbox 2556 4509 3706 4587">
    <p class='ocr_par' dir='ltr' id='par_1_111' title="bbox 2556 4509 3706 4587">
     <span class='ocr_line' id='line_1_111' title="bbox 2556 4509 3706 4587; baseline 0.001 -18"><span class='ocrx_word' id='word_1_551' title='bbox 2556 4515 2757 4587; x_wconf 86' lang='grc' dir='ltr'>Νέμειν</span> <span class='ocrx_word' id='word_1_552' title='bbox 2786 4518 2930 4567; x_wconf 87' lang='grc' dir='ltr'>πιεῖν</span> <span class='ocrx_word' id='word_1_553' title='bbox 2963 4509 3191 4583; x_wconf 69' lang='grc' dir='ltr'>α’ίμανος</span> <span class='ocrx_word' id='word_1_554' title='bbox 3220 4509 3706 4587; x_wconf 79' lang='grc' dir='ltr'>ἐμπεπλησμένον.</span> 
     </span>
    </p>
   </div>
   <div class='ocr_carea' id='block_1_112' title="bbox 2555 4597 3714 4676">
    <p class='ocr_par' dir='ltr' id='par_1_112' title="bbox 2555 4597 3714 4676">
     <span class='ocr_line' id='line_1_112' title="bbox 2555 4597 3714 4676; baseline 0 -19"><span class='ocrx_word' id='word_1_555' title='bbox 2555 4602 2719 4658; x_wconf 88' lang='grc' dir='ltr'>Πόσιν</span> <span class='ocrx_word' id='word_1_556' title='bbox 2753 4599 2810 4657; x_wconf 79' lang='grc' dir='ltr'>δὲ</span> <span class='ocrx_word' id='word_1_557' title='bbox 2838 4597 3006 4670; x_wconf 86' lang='grc' dir='ltr'>τῆσδε</span> <span class='ocrx_word' id='word_1_558' title='bbox 3035 4598 3316 4662; x_wconf 85' lang='grc' dir='ltr'>παντελῶς</span> <span class='ocrx_word' id='word_1_559' title='bbox 3347 4600 3714 4676; x_wconf 84' lang='grc' dir='ltr'>ἀρνουμένης,</span> 
     </span>
    </p>
   </div>
   <div class='ocr_carea' id='block_1_113' title="bbox 2557 4686 3817 4767">
    <p class='ocr_par' dir='ltr' id='par_1_113' title="bbox 2557 4686 3817 4767">
     <span class='ocr_line' id='line_1_113' title="bbox 2557 4686 3817 4767; baseline 0.001 -20"><span class='ocrx_word' id='word_1_560' title='bbox 2557 4695 2790 4747; x_wconf 88' lang='grc' dir='ltr'>Γυναῖκα</span> <span class='ocrx_word' id='word_1_561' title='bbox 2822 4690 3006 4767; x_wconf 72' lang='grc' dir='ltr'>φάναι,</span> <span class='ocrx_word' id='word_1_562' title='bbox 3042 4689 3147 4751; x_wconf 86' lang='grc' dir='ltr'>Σὸς</span> <span class='ocrx_word' id='word_1_563' title='bbox 3180 4686 3238 4743; x_wconf 78' lang='grc' dir='ltr'>δὲ</span> <span class='ocrx_word' id='word_1_564' title='bbox 3268 4694 3398 4752; x_wconf 87' lang='grc' dir='ltr'>παῖς</span> <span class='ocrx_word' id='word_1_565' title='bbox 3430 4688 3536 4766; x_wconf 81' lang='grc' dir='ltr'>οὐχ</span> <span class='ocrx_word' id='word_1_566' title='bbox 3572 4691 3817 4765; x_wconf 76' lang='grc' dir='ltr'>αἱμάτων</span> 
     </span>
    </p>
   </div>
   <div class='ocr_carea' id='block_1_114' title="bbox 2376 4778 3713 4857">
    <p class='ocr_par' dir='ltr' id='par_1_114' title="bbox 2376 4778 3713 4857">
     <span class='ocr_line' id='line_1_114' title="bbox 2376 4778 3713 4857; baseline -0.004 -17"><span class='ocrx_word' id='word_1_567' title='bbox 2376 4784 2520 4841; x_wconf 77' lang='grc'><strong>2175</strong></span> <span class='ocrx_word' id='word_1_568' title='bbox 2560 4781 2683 4836; x_wconf 75' lang='grc' dir='ltr'>Υἳὸν</span> <span class='ocrx_word' id='word_1_569' title='bbox 2717 4778 2845 4835; x_wconf 92' lang='grc' dir='ltr'>Θεόν</span> <span class='ocrx_word' id='word_1_570' title='bbox 2881 4800 2986 4851; x_wconf 89' lang='grc' dir='ltr'>μου</span> <span class='ocrx_word' id='word_1_571' title='bbox 3016 4782 3453 4854; x_wconf 79' lang='grc' dir='ltr'>προσκυνοῦντας</span> <span class='ocrx_word' id='word_1_572' title='bbox 3482 4779 3624 4854; x_wconf 89' lang='grc' dir='ltr'>κάμέ</span> <span class='ocrx_word' id='word_1_573' title='bbox 3650 4802 3713 4857; x_wconf 85' lang='grc' dir='ltr'>γε</span> 
     </span>
    </p>
   </div>
   <div class='ocr_carea' id='block_1_115' title="bbox 2557 4865 3721 4943">
    <p class='ocr_par' dir='ltr' id='par_1_115' title="bbox 2557 4865 3721 4943">
     <span class='ocr_line' id='line_1_115' title="bbox 2557 4865 3721 4943; baseline -0.007 -15"><span class='ocrx_word' id='word_1_574' title='bbox 2557 4870 2753 4941; x_wconf 73' lang='grc' dir='ltr'>Τίθησι</span> <span class='ocrx_word' id='word_1_575' title='bbox 2778 4865 3015 4943; x_wconf 80' lang='grc' dir='ltr'>πλήρεις</span> <span class='ocrx_word' id='word_1_576' title='bbox 3048 4871 3323 4941; x_wconf 85' lang='grc' dir='ltr'>μαστικῶν</span> <span class='ocrx_word' id='word_1_577' title='bbox 3348 4869 3680 4943; x_wconf 86' lang='grc' dir='ltr'>παρανόμως</span> <span class='ocrx_word' id='word_1_578' title='bbox 3706 4892 3721 4941; x_wconf 72' lang='grc' dir='ltr'>ς</span> 
     </span>
    </p>
   </div>
   <div class='ocr_carea' id='block_1_116' title="bbox 2559 4955 3696 5037">
    <p class='ocr_par' dir='ltr' id='par_1_116' title="bbox 2559 4955 3696 5037">
     <span class='ocr_line' id='line_1_116' title="bbox 2559 4955 3696 5037; baseline 0 -22"><span class='ocrx_word' id='word_1_579' title='bbox 2559 4958 2768 5019; x_wconf 82' lang='grc' dir='ltr'>Ἐδεῖτο</span> <span class='ocrx_word' id='word_1_580' title='bbox 2798 4955 2992 5020; x_wconf 86' lang='grc' dir='ltr'>παιδὸς</span> <span class='ocrx_word' id='word_1_581' title='bbox 3020 4961 3314 5033; x_wconf 77' lang='grc' dir='ltr'>τοιγαροῦν</span> <span class='ocrx_word' id='word_1_582' title='bbox 3349 4957 3696 5037; x_wconf 87' lang='grc' dir='ltr'>στεφηφόρου</span> 
     </span>
    </p>
   </div>
   <div class='ocr_carea' id='block_1_117' title="bbox 2562 5046 3692 5122">
    <p class='ocr_par' dir='ltr' id='par_1_117' title="bbox 2562 5046 3692 5122">
     <span class='ocr_line' id='line_1_117' title="bbox 2562 5046 3692 5122; baseline -0.004 -16"><span class='ocrx_word' id='word_1_583' title='bbox 2562 5050 2732 5120; x_wconf 85' lang='grc' dir='ltr'>Λῆξαι</span> <span class='ocrx_word' id='word_1_584' title='bbox 2760 5048 2951 5122; x_wconf 86' lang='grc' dir='ltr'>μανίας</span> <span class='ocrx_word' id='word_1_585' title='bbox 2986 5048 3061 5120; x_wconf 76' lang='grc' dir='ltr'>μὴ</span> <span class='ocrx_word' id='word_1_586' title='bbox 3092 5046 3256 5102; x_wconf 86' lang='grc' dir='ltr'>κακόν</span> <span class='ocrx_word' id='word_1_587' title='bbox 3288 5068 3341 5102; x_wconf 90' lang='grc' dir='ltr'>τι</span> <span class='ocrx_word' id='word_1_588' title='bbox 3370 5050 3461 5102; x_wconf 80' lang='grc' dir='ltr'>καί</span> <span class='ocrx_word' id='word_1_589' title='bbox 3496 5049 3643 5122; x_wconf 87' lang='grc' dir='ltr'>πάθῃ</span> <span class='ocrx_word' id='word_1_590' title='bbox 3679 5067 3692 5081; x_wconf 92' lang='grc'><strong>·</strong></span> 
     </span>
    </p>
   </div>
   <div class='ocr_carea' id='block_1_118' title="bbox 2566 5133 3810 5213">
    <p class='ocr_par' dir='ltr' id='par_1_118' title="bbox 2566 5133 3810 5213">
     <span class='ocr_line' id='line_1_118' title="bbox 2566 5133 3810 5213; baseline 0.002 -19"><span class='ocrx_word' id='word_1_591' title='bbox 2566 5138 2723 5197; x_wconf 85' lang='grc' dir='ltr'>Ἀλλ’</span> <span class='ocrx_word' id='word_1_592' title='bbox 2745 5139 2810 5208; x_wconf 74' lang='grc' dir='ltr'>ἦν</span> <span class='ocrx_word' id='word_1_593' title='bbox 2836 5139 3067 5207; x_wconf 81' lang='grc' dir='ltr'>ἀπειθὴς</span> <span class='ocrx_word' id='word_1_594' title='bbox 3101 5142 3392 5213; x_wconf 87' lang='grc' dir='ltr'>μητρικαῖς</span> <span class='ocrx_word' id='word_1_595' title='bbox 3424 5133 3810 5212; x_wconf 78' lang='grc' dir='ltr'>συμϐουλίαις.</span> 
     </span>
    </p>
   </div>
   <div class='ocr_carea' id='block_1_119' title="bbox 2717 5257 3702 5315">
    <p class='ocr_par' dir='ltr' id='par_1_119' title="bbox 2717 5257 3702 5315">
     <span class='ocr_line' id='line_1_119' title="bbox 2717 5257 3702 5315; baseline -0.001 0"><span class='ocrx_word' id='word_1_596' title='bbox 2717 5259 2993 5315; x_wconf 82' lang='grc' dir='ltr'>ΜΙΧΑΗΛ</span> <span class='ocrx_word' id='word_1_597' title='bbox 3035 5257 3079 5313; x_wconf 93' lang='grc' dir='ltr'><strong>Ο</strong></span> <span class='ocrx_word' id='word_1_598' title='bbox 3117 5257 3435 5314; x_wconf 84' lang='grc' dir='ltr'>ΤΡΑΥΛΟΣ</span> <span class='ocrx_word' id='word_1_599' title='bbox 3476 5259 3583 5315; x_wconf 86' lang='lat' dir='ltr'>ET.</span> <span class='ocrx_word' id='word_1_600' title='bbox 3628 5259 3702 5314; x_wconf 90' lang='grc' dir='ltr'>Θ’.</span> 
     </span>
    </p>
   </div>
   <div class='ocr_carea' id='block_1_120' title="bbox 2384 5350 3764 5434">
    <p class='ocr_par' dir='ltr' id='par_1_120' title="bbox 2384 5350 3764 5434">
     <span class='ocr_line' id='line_1_120' title="bbox 2384 5350 3764 5434; baseline -0.006 -14"><span class='ocrx_word' id='word_1_601' title='bbox 2384 5364 2527 5419; x_wconf 88' lang='lat'>2180</span> <span class='ocrx_word' id='word_1_602' title='bbox 2566 5360 2725 5417; x_wconf 81' lang='grc' dir='ltr'>Οὕτω</span> <span class='ocrx_word' id='word_1_603' title='bbox 2758 5358 3051 5434; x_wconf 81' lang='grc' dir='ltr'>σφαγέντος</span> <span class='ocrx_word' id='word_1_604' title='bbox 3083 5360 3180 5411; x_wconf 87' lang='grc' dir='ltr'>τοῦ</span> <span class='ocrx_word' id='word_1_605' title='bbox 3212 5353 3466 5425; x_wconf 77' lang='grc' dir='ltr'>Λέοντος,</span> <span class='ocrx_word' id='word_1_606' title='bbox 3500 5358 3574 5419; x_wconf 85' lang='grc' dir='ltr'>ὡς</span> <span class='ocrx_word' id='word_1_607' title='bbox 3606 5350 3764 5434; x_wconf 79' lang='grc' dir='ltr'>ἔφην,</span> 
     </span>
    </p>
   </div>
   <div class='ocr_carea' id='block_1_121' title="bbox 2562 5443 3755 5524">
    <p class='ocr_par' dir='ltr' id='par_1_121' title="bbox 2562 5443 3755 5524">
     <span class='ocr_line' id='line_1_121' title="bbox 2562 5443 3755 5524; baseline -0.002 -21"><span class='ocrx_word' id='word_1_608' title='bbox 2562 5445 2807 5524; x_wconf 85' lang='grc' dir='ltr'>Τραυλὸς</span> <span class='ocrx_word' id='word_1_609' title='bbox 2843 5444 3081 5522; x_wconf 76' lang='grc' dir='ltr'>Μιχαὴλ</span> <span class='ocrx_word' id='word_1_610' title='bbox 3109 5443 3482 5501; x_wconf 87' lang='grc' dir='ltr'>ἀναδείκνυται</span> <span class='ocrx_word' id='word_1_611' title='bbox 3514 5448 3755 5522; x_wconf 81' lang='grc' dir='ltr'>κράτωρ,</span> 
     </span>
    </p>
   </div>
   <div class='ocr_carea' id='block_1_122' title="bbox 2564 5532 3699 5612">
    <p class='ocr_par' dir='ltr' id='par_1_122' title="bbox 2564 5532 3699 5612">
     <span class='ocr_line' id='line_1_122' title="bbox 2564 5532 3699 5612; baseline 0 -20"><span class='ocrx_word' id='word_1_612' title='bbox 2564 5542 2685 5596; x_wconf 84' lang='grc' dir='ltr'>Ἔτι</span> <span class='ocrx_word' id='word_1_613' title='bbox 2718 5535 2930 5611; x_wconf 80' lang='grc' dir='ltr'>σιδήρῳ</span> <span class='ocrx_word' id='word_1_614' title='bbox 2958 5534 3085 5597; x_wconf 76' lang='grc' dir='ltr'>τοὺς</span> <span class='ocrx_word' id='word_1_615' title='bbox 3115 5532 3280 5599; x_wconf 84' lang='grc' dir='ltr'>πόδας</span> <span class='ocrx_word' id='word_1_616' title='bbox 3310 5537 3699 5612; x_wconf 81' lang='grc' dir='ltr'>καθειργμένος</span> 
     </span>
    </p>
   </div>
   <div class='ocr_carea' id='block_1_123' title="bbox 2568 5624 3699 5703">
    <p class='ocr_par' dir='ltr' id='par_1_123' title="bbox 2568 5624 3699 5703">
     <span class='ocr_line' id='line_1_123' title="bbox 2568 5624 3699 5703; baseline -0.003 -20"><span class='ocrx_word' id='word_1_617' title='bbox 2568 5627 2975 5703; x_wconf 83' lang='grc' dir='ltr'>Ἀναγορευθεὶς</span> <span class='ocrx_word' id='word_1_618' title='bbox 3012 5624 3267 5700; x_wconf 77' lang='grc' dir='ltr'>βασιλεὺς</span> <span class='ocrx_word' id='word_1_619' title='bbox 3296 5624 3650 5702; x_wconf 82' lang='grc' dir='ltr'>αὐτοκράτωρ</span> <span class='ocrx_word' id='word_1_620' title='bbox 3684 5646 3699 5661; x_wconf 74' lang='grc' dir='ltr'><strong><em>ο</em></strong></span> 
     </span>
    </p>
   </div>
   <div class='ocr_carea' id='block_1_124' title="bbox 2568 5714 3794 5793">
    <p class='ocr_par' dir='ltr' id='par_1_124' title="bbox 2568 5714 3794 5793">
     <span class='ocr_line' id='line_1_124' title="bbox 2568 5714 3794 5793; baseline -0.002 -18"><span class='ocrx_word' id='word_1_621' title='bbox 2568 5720 2679 5776; x_wconf 74' lang='grc' dir='ltr'>Εἶτ’</span> <span class='ocrx_word' id='word_1_622' title='bbox 2712 5719 2788 5782; x_wconf 85' lang='grc' dir='ltr'>είς</span> <span class='ocrx_word' id='word_1_623' title='bbox 2822 5716 3061 5793; x_wconf 86' lang='grc' dir='ltr'>μεγάλην</span> <span class='ocrx_word' id='word_1_624' title='bbox 3094 5714 3469 5792; x_wconf 86' lang='grc' dir='ltr'>προσδραμὼν</span> <span class='ocrx_word' id='word_1_625' title='bbox 3499 5714 3794 5787; x_wconf 73' lang='grc' dir='ltr'>ἐκκλησίαν</span> 
     </span>
    </p>
   </div>
   <div class='ocr_carea' id='block_1_125' title="bbox 3941 388 4015 442">
    <p class='ocr_par' dir='ltr' id='par_1_125' title="bbox 3941 388 4015 442">
     <span class='ocr_line' id='line_1_125' title="bbox 3941 388 4015 442; baseline -0.014 0"><span class='ocrx_word' id='word_1_626' title='bbox 3941 388 4015 442; x_wconf 82' lang='lat'>92</span> 
     </span>
    </p>
   </div>
  </div>
