4190 6438
585 405 659 458 95
1792 404 2159 458 sesama:
2194 404 2762 466 CHRONOGRAPHI

589 546 767 604 quam
798 533 863 584 ut
887 528 1208 598 occupetis,
1241 543 1337 582 ore
1370 543 1492 595 vos,
1527 525 1729 593 amici,

589 621 900 689 ductisque
930 616 1207 672 uxoribus
1233 617 1469 686 piguora
1504 614 1836 686 procreatis.

587 711 869 779 Tempore
891 722 958 761 ex
992 704 1089 759 illo
1123 703 1384 759 Ismaelis
1417 702 1666 774 populus

592 798 816 853 fortiter
837 794 1088 850 insulam
1122 796 1368 862 ejusque
1400 808 1561 846 arces
1588 792 1795 846 tenuit.

683 909 1131 966 THEOPHILUS
1172 908 1543 963 MICHAELIS
1585 906 1808 962 FILIUS
1846 908 1967 962 AN.
2010 909 2138 963 XII.

662 1010 886 1067 Mortali
921 1007 1167 1063 Michael
1200 1006 1316 1060 vita
1343 1006 1652 1060 discedens

589 1100 902 1172 imperium
936 1097 1052 1152 ﬁlio
1086 1095 1330 1150 tradidit
1359 1093 1641 1164 Tbephilo
1669 1119 1681 1162 ;

588 1189 689 1261 qui
715 1185 995 1259 religione
1027 1202 1059 1240 a
1083 1183 1279 1256 pueris
1309 1183 1575 1238 imbutus
1605 1199 1783 1254 prava
1827 1225 1829 1227 .

588 1283 840 1350 paternae
873 1277 1030 1330 visus
1063 1278 1120 1328 et
1151 1273 1420 1344 potentiae
1453 1271 1630 1326 simul

587 1367 995 1435 haereseosque
1024 1362 1193 1417 heres
1224 1365 1280 1416 et
1312 1376 1614 1416 successor
1647 1378 1659 1414 :

590 1455 710 1509 imo
739 1453 974 1524 copioso
1000 1451 1273 1520 regioque
1295 1449 1557 1516 modulo,

592 1547 656 1598 ut
686 1545 742 1597 in
769 1539 1073 1613 proverbio
1096 1543 1206 1608 est,
1239 1542 1463 1609 patrem
1500 1553 1807 1609 superans,

591 1630 911 1702 impietatis
932 1646 1050 1684 sua:
1084 1626 1369 1683 fervidum
1404 1627 1683 1694 furorem,

591 1724 794 1778 contra
825 1718 1080 1774 cultores
1113 1717 1438 1788 imaginum
1473 1716 1726 1788 spirans.

592 1812 871 1867 Caeterum
897 1807 1050 1878 juris
1081 1807 1402 1878 incorrupti
1434 1809 1605 1861 tenax

585 1901 1006 1970 justarumque
1034 1896 1227 1968 legum
1257 1900 1449 1951 custos
1481 1899 1637 1962 erat;

592 1989 832 2059 cuiusce
863 1987 942 2041 rei
967 1985 1254 2057 proferam
1288 1985 1620 2040 testimonia

598 2075 851 2134 Illustris
882 2075 969 2129 vir
999 2073 1392 2145 imperatricis
1412 2073 1608 2139 frater,

599 2165 836 2221 nomine
869 2164 1166 2229 Petronas,
1201 2161 1485 2233 dignitate
1507 2162 1885 2234 drungarius,

597 2255 876 2309 adversus
897 2251 1146 2306 vicinam
1180 2250 1457 2305 feminam
1497 2251 1753 2320 injurius
1775 2255 1920 2319 erat,

597 2345 740 2400 dum
770 2339 1140 2397 exstruendis
1172 2339 1349 2394 altius
1385 2338 1675 2395 cubiculis

596 2431 758 2488 illius
789 2431 1030 2485 domum
1056 2429 1401 2484 detrimento
1433 2428 1705 2484 afﬁceret.

597 2519 804 2576 Mulier
830 2518 1011 2590 igitur
1037 2533 1231 2589 regem
1265 2517 1574 2583 invocavit,

601 2610 701 2684 qui
725 2608 911 2681 jussit
935 2625 968 2663 a
997 2607 1244 2662 Petrona
1275 2608 1558 2662 damnum
1591 2607 1768 2663 reﬁci.

599 2700 700 2756 [lic
730 2700 799 2753 de
831 2713 939 2752 sua
968 2697 1115 2752 nihil
1146 2697 1373 2752 remisit
1401 2696 1713 2766 injustitia.

593 2785 852 2845 Accessit
880 2801 1016 2856 ergo
1046 2785 1114 2840 ad
1152 2801 1345 2856 regem
1377 2783 1589 2839 mulier
1614 2785 1849 2855 iterum,

595 2881 800 2934 contra
828 2874 1130 2947 drungarii
1163 2875 1282 2930 vim
1313 2873 1715 2945 expostulans,

594 2986 880 3043 suamque
914 2964 1195 3038 injuriam
1225 2963 1539 3019 clamitans
1573 2966 1779 3033 questa
1809 2967 1919 3019 est.

593 3062 757 3117 Tunc
789 3075 887 3115 rex
919 3054 1235 3112 submissis
1267 3052 1367 3124 qui
1401 3068 1522 3108 rem
1557 3057 1996 3125 cognoscerent,

594 3150 694 3206 ubi
725 3154 1032 3204 Petronam
1063 3142 1294 3200 crimini
1326 3141 1562 3197 afﬁnem
1597 3141 1786 3211 scivit,

595 3239 794 3310 ﬂagris
816 3238 875 3292 in
907 3251 1043 3291 eum
1076 3233 1186 3288 rite
1216 3230 1649 3299 animadvertit,

594 3333 651 3385 et
679 3327 761 3384 sic
792 3324 1066 3398 punitum
1100 3320 1334 3394 publice
1366 3321 1425 3375 iu
1459 3321 1603 3376 urbe
1633 3322 1902 3392 exposuit
1933 3339 1946 3377 :

596 3422 722 3474 tum
754 3414 1066 3471 aediﬁcium
1099 3429 1132 3466 a
1162 3411 1566 3466 fundamentis
1598 3410 1850 3480 subruit,

587 3506 888 3578 jussitque
911 3502 1140 3559 feminae
1175 3501 1474 3556 materiem
1501 3500 1762 3554 attribui.

595 3598 845 3667 Insuper
875 3591 1204 3649 onerariam
1240 3588 1473 3662 plenam
1507 3589 1805 3646 mercibus

595 3701 803 3742 navem
832 3682 1205 3753 conspicatus
1235 3694 1265 3734 e
1289 3679 1447 3750 regia
1477 3679 1672 3749 domo,

597 3790 728 3847 quae
759 3787 948 3845 nuper
978 3787 1011 3827 a
1042 3769 1356 3826 mercando
1391 3784 1624 3824 reversa
1660 3769 1849 3825 fuerat
1883 3786 1896 3823 :

597 3869 661 3920 ut
691 3863 840 3918 hanc
872 3861 1082 3932 reginae
1113 3858 1384 3930 conjugis
1407 3872 1534 3912 esse
1560 3857 1766 3925 audiit,

597 3954 786 4025 ipsam
817 3967 949 4006 cum
985 3949 1275 4005 mercibus
1310 3948 1442 4020 igne
1474 3947 1884 4020 consumpsit;

596 4043 732 4115 quia
761 4057 944 4108 reges,
972 4038 1185 4110 inquit,
1218 4036 1374 4092 haud
1409 4037 1573 4092 decet
1603 4037 1851 4093 mercari

596 4151 703 4194 nec
726 4131 1210 4189 dardanariorum
1230 4128 1407 4184 vitam
1442 4128 1608 4199 sequi
1643 4146 1656 4195 ;

596 4226 698 4282 sed
732 4223 1094 4296 privatorum
1129 4219 1185 4274 id
1219 4217 1542 4274 conditioni
1575 4217 1927 4290 relinquere,

596 4321 661 4374 ut
682 4313 818 4370 hinc
839 4311 1073 4367 tuendae
1104 4309 1232 4363 vitae
1265 4307 1492 4378 copiam
1526 4307 1802 4363 habeant.

597 4411 666 4464 At
696 4405 983 4476 quantum
1007 4397 1150 4470 justi
1187 4398 1442 4453 fervidus
1474 4414 1678 4452 amans
1709 4401 1857 4468 erat,

599 4499 831 4552 tantum
856 4489 1050 4564 gravis
1075 4488 1516 4553 iracundusque
1544 4490 1667 4542 erat

597 4586 880 4642 adversus
909 4596 1052 4636 verae
1087 4577 1384 4649 religionis
1411 4575 1668 4632 asseclas
1695 4591 1707 4630 :

599 4687 900 4733 sacrarum
927 4667 1143 4725 etenim
1176 4667 1308 4723 odio
1333 4666 1658 4738 imaginum

596 4766 878 4832 imbutus,
912 4759 1271 4830 quicumque
1301 4756 1395 4812 his
1419 4755 1773 4812 adhibebant
1791 4755 2096 4827 honorem,

597 4857 834 4912 sanctos
867 4850 1101 4920 vitaque
1133 4845 1396 4918 angelica
1418 4845 1571 4900 viros
1604 4846 1904 4916 praeditos,

595 4945 753 5002 velut
782 4942 1006 5004 hostes,
1027 4937 1242 5008 impios
1273 4935 1721 5004 abominabiles,

600 5032 760 5092 omni
783 5029 1081 5102 affligebat
1111 5025 1516 5082 molestiarum
1549 5041 1779 5097 genere,

602 5123 828 5181 nullam
853 5119 1132 5176 omittens
1156 5115 1386 5172 saevitiae
1417 5115 1694 5186 speciem.

600 5211 910 5270 Cruciabat
933 5207 1133 5279 igitur,
1167 5204 1422 5277 pellebat
1454 5204 1511 5258 in
1544 5203 1836 5272 exsilium,

603 5302 830 5368 urebat,
857 5314 1006 5354 caeco
1036 5295 1266 5350 vinctos
1298 5295 1534 5349 tenebat
1565 5310 1822 5358 carcere,

601 5391 905 5462 mergebat
935 5386 1128 5458 aquis,
1158 5383 1351 5455 longis
1374 5384 1621 5455 urgebat
1652 5385 1861 5456 plenis,

604 5483 807 5538 faciem
843 5474 1354 5548 compungebat(o
1387 5472 1742 5544 supplicium
1765 5490 1979 5530 novum
2003 5473 2039 5546 l)

604 5575 740 5639 Quae
772 5573 1013 5640 patrans
1045 5565 1139 5619 hic
1167 5563 1425 5619 furiosus
1447 5563 1788 5629 satanicola,

603 5661 715 5719 sibi
746 5659 1054 5714 videbatur
1084 5671 1206 5709 rem
1235 5659 1344 5708 Deo
1377 5657 1676 5724 acceptam
1709 5655 1898 5711 facere

603 5751 836 5824 ipsique
862 5751 1095 5820 gratum
1128 5745 1401 5800 exhibere
1432 5742 1793 5800 famulitium

2258 530 2312 594 Α
2518 532 2726 606 ’Ἡνπερ
2757 535 3118 603 κατοικήσατε
3149 533 3441 606 συσχόντες
3473 527 3650 607 φίλοι,

2339 620 2482 675 2245
2522 621 2620 674 Καὶ
2648 619 2881 693 φίλτατα
2910 622 3170 689 κτήσεσθε
3197 623 3464 696 γήμαντες
3493 621 3659 692 τάχα.

2523 710 2618 764 Ἐκ
2645 707 2809 764 τοῦδε
2842 711 3033 765 λοιπὸν
3069 709 3302 782 Ἰσμαήλ
3336 709 3564 782 ἰσχυρὸν
3595 708 3748 783 γένος

2522 802 2704 865 Νῆσον
2739 799 3006 873 κατέσχον
3037 798 3127 852 καὶ
3159 799 3227 852 τὰ
3256 804 3355 865 τῆς
3384 799 3550 866 νήσου
3581 796 3751 870 κράτη

2521 913 2872 970 ΘΕΟΦΙΛΟΣ
2914 915 2957 971 Ο
2998 916 3155 972 ΥΙΟΣ
3199 915 3419 969 ΑΥΤΟΥ
3457 915 3563 969 ET.
3609 918 3707 968 lB.

2519 1011 2575 1063 Ὀ
2601 1010 2834 1086 Μιχαὴλ
2870 1009 2926 1065 δὲ
2954 1013 3044 1066 τὸν
3082 1012 3196 1081 βίον
3231 1008 3584 1086 καταστρέφει

2521 1100 2706 1153 Λιπὼν
2741 1100 2801 1154 τὸ
2830 1100 3029 1174 κράτος
3058 1097 3211 1154 παιδῖ
3243 1104 3320 1170 τῷ
3352 1096 3602 1175 Θεοφίλῳ

2341 1187 2483 1243 2250
2525 1183 2698 1249 Σέϐας
2735 1189 2829 1259 μὲν
2864 1189 2927 1243 ού
2958 1190 3212 1262 τρέφοντι
3241 1186 3408 1242 καλὸν
3443 1185 3500 1240 ἐκ
3529 1185 3672 1258 νέου,

2521 1275 2699 1331 Ἀλλὰ
2729 1278 2949 1350 παρῴας
2983 1272 3291 1338 δυσσεϐείας
3318 1275 3408 1329 καὶ
3434 1273 3666 1348 κράτους

2523 1367 2766 1443 Ὀφθέντι
2797 1366 3104 1442 κληρούχῳ
3129 1387 3187 1421 τε
3215 1366 3301 1420 καὶ
3339 1362 3612 1438 διαδόχῳ,

2519 1453 2747 1512 Μᾶλλον
2783 1453 2840 1510 δὲ
2869 1454 3070 1527 πολλῷ
3099 1455 3188 1510 καὶ
3225 1453 3494 1530 βασιλικῷ
3527 1453 3710 1528 μέτρῳ

2523 1549 2780 1613 Νικῶντι,
2813 1545 2950 1608 καθά
2980 1565 3131 1622 φασι,
3159 1544 3249 1598 τὸν
3285 1542 3623 1620 φυτοσπόρον

2342 1635 2485 1689 2255
2524 1635 2639 1702 Τῆς
2671 1628 2978 1693 δυσσεϐείας
3010 1631 3258 1708 διαπύρῳ
3292 1630 3479 1704 μανίᾳ,

2517 1723 2619 1778 ’Ἡν
2653 1726 3056 1797 προσκυνηταῖς
3089 1721 3334 1793 ἐμπνέων
3366 1723 3433 1788 ἦν
3462 1717 3709 1774 εἰκόνων.

2524 1811 2749 1883 Στάθμη
2785 1809 2841 1864 δὲ
2872 1807 3028 1880 δίκης
3057 1811 3323 1886 ἇῤῥεποῦς
3354 1809 3640 1886 πεφυκότι,

2274 1887 2321 1952 Β
2527 1899 2631 1954 Καὶ
2661 1903 2767 1953 τῶν
2801 1900 2981 1971 νόμων
3015 1898 3216 1976 φύλακι
3247 1902 3354 1952 τῶν
3384 1899 3439 1952 εὖ
3471 1897 3759 1970 κειμένων⁹

2527 1988 2625 2042 Kal
2649 1985 2820 2042 τῶνδε
2856 1988 3150 2063 μαρτύριον
3181 1987 3212 2040 ’ἀ
3246 1985 3438 2060 μέλλω
3469 1987 3710 2064 φράσεινο

2347 2080 2489 2134 2260
2528 2081 2807 2150 Δαμπρῶν
2838 2098 2922 2140 τις
2951 2075 3084 2152 ἄνὴρ
3118 2076 3381 2152 σύγγονος
3409 2072 3691 2150 βασιλίδος

2528 2165 2734 2235 Κλῆσιν
2767 2171 3073 2238 Πετρωνᾶς,
3108 2163 3464 2241 δρουγγάριος
3497 2163 3665 2234 ἀξίαν,

2529 2257 2614 2312 Ἑν
2647 2255 2901 2331 γειτόνων
2934 2254 3154 2329 γύναιον
3190 2253 3371 2308 οἰκοῦν
3400 2250 3577 2322 ἠδίκει

2527 2348 2618 2415 Τῷ
2645 2343 2736 2406 τὰς
2768 2341 2971 2405 διαίτας
3001 2347 3110 2398 τῶν
3141 2341 3324 2416 δόμων
3361 2342 3526 2414 ὑψοῦν
3559 2340 3697 2414 μέγα

2525 2436 2617 2506 Τῷ
2644 2432 2908 2507 δωματίῳ
2937 2434 3208 2509 προξενεῖν
3238 2431 3398 2488 τοῦδε
3432 2427 3667 2509 βλάϐηνο

2351 2524 2494 2580 2265
2530 2524 2597 2579 ’Ὁ
2628 2523 2716 2577 καὶ
2749 2522 3031 2597 προσῆλθε
3065 2521 3282 2597 βασιλεῖ
3312 2521 3506 2576 τούτου
3537 2522 3681 2596 πέρι.

2529 2613 2590 2668 Ὁ
2621 2609 2667 2666 δ’
2699 2612 2753 2665 εὖ
2785 2609 2993 2666 κελεύει
3027 2615 3281 2686 Πετρωνᾷ
3313 2608 3473 2664 λύσαι
3517 2605 3752 2686 βλάϐην.

2529 2700 2684 2758 Ἀλλ’
2715 2703 2873 2764 οὗτος
2904 2703 3056 2765 αὖθις
3084 2699 3286 2756 ἀδικῶν
3319 2701 3417 2755 ούκ
3447 2701 3603 2756 ἀνίει·

2530 2791 2779 2865 Πρόσεισι
2810 2793 2947 2865 γυνή
2981 2795 3060 2863 τῷ
3091 2790 3416 2868 στεφηφόρῳ
3445 2789 3611 2844 πάλιν

2528 2876 2868 2937 Καταϐοῶσα
2895 2881 2996 2949 τῆς
3033 2880 3154 2954 βίας
3185 2877 3566 2956 δρουγγαρίου,

2349 2973 2492 3030 2270
2528 2972 2637 3039 Τήν
2662 2968 2873 3025 ἀδικίαν
2907 2967 3236 3044 ἐκτραγῳδεῖ
3265 2969 3357 3024 σὺν
3387 2969 3560 3046 γόοις·

2531 3059 2758 3122 Στείλας
2793 3057 3046 3135 βασιλεὺς
3076 3059 3304 3132 ἐξετάζει
3334 3060 3434 3128 τήν
3469 3056 3652 3129 δίκην,

2530 3149 2628 3204 Καὶ
2656 3148 2815 3223 γνοὺς
2849 3140 3145 3223 Πετρωνᾶν
3167 3145 3424 3202 ὑπόδικον
3457 3147 3655 3210 αἰτίαις

2269 3243 2314 3312 C
2528 3238 2800 3308 Αἰκίζεται
2837 3237 3079 3311 μάστιξιν
3115 3236 3274 3292 αὐτὸν
3307 3236 3573 3310 ἐννόμως,

2529 3327 2626 3381 Καὶ
2659 3324 2965 3396 στηλιτεύει
2999 3328 3244 3403 φανερῶς
3270 3323 3322 3379 έν
3353 3327 3423 3398 τῇ
3453 3324 3636 3394 πόλει,

2348 3419 2492 3474 2275
2531 3415 2636 3472 Καὶ
2669 3419 3016 3491 συγκατασπᾷ
3046 3415 3140 3476 τὰς
3173 3411 3378 3475 διαίτας
3408 3412 3467 3467 ἐκ
3501 3414 3718 3489 βάθρων

2528 3506 2630 3561 Καὶ
2664 3508 2731 3577 τῇ
2765 3503 2976 3578 γυναικὶ
3005 3503 3101 3566 τὰς
3125 3500 3257 3563 ὕλας
3289 3500 3554 3574 διανέμει·

2530 3593 2627 3648 Καὶ
2660 3589 2893 3671 φορτίδα
2923 3589 2980 3646 δὲ
3011 3595 3120 3645 τῶν
3149 3592 3443 3666 ἀγωγίμων
3471 3589 3640 3645 πλέαν

2530 3679 2681 3737 Ἰδὼν
2711 3679 2996 3755 προκύψας
3029 3677 3090 3732 ἐκ
3123 3677 3414 3753 βασιλείων
3446 3676 3631 3751 δόμων

2527 3769 2616 3839 Ἐξ
2649 3767 2922 3841 ἐμπορίας
2951 3769 3252 3842 κατάρασαν
3288 3766 3488 3840 ἀρτίως

2349 3862 2493 3916 2280
2530 3859 2630 3913 Καὶ
2662 3854 2944 3933 βασιλίδος
2971 3857 3260 3930 τυγχάνειν
3293 3856 3454 3929 γνοὺς
3486 3853 3712 3932 φορτίδα

2527 3949 2843 4024 Ἐμφορτον
2873 3945 3040 4015 αὐτὴν
3071 3950 3151 4017 τῷ
3181 3945 3310 4020 πυρὶ
3342 3943 3692 4020 καταφλέγει,

2527 4038 2619 4106 Μὴ
2655 4033 2764 4090 δεῖν
2803 4035 3046 4110 βασιλεῖς
3074 4033 3466 4108 ἐμπορεύεσθαι
3497 4032 3693 4106 λέγων,

2529 4127 2668 4194 Μήτ’
2709 4125 2803 4178 οὗν
2832 4121 3259 4197 παλιγκάπηλον
3296 4121 3502 4176 ἀνύτειν
3536 4120 3674 4195 βίον·

2527 4214 2704 4285 Μοίρᾳ
2737 4211 2782 4267 δ’
2814 4209 3049 4267 ἰδιώτιδι
3074 4211 3219 4265 ταῦτ’
3252 4210 3488 4285 ἀφιέναι,

2349 4307 2492 4364 2285
2529 4307 2616 4367 Ὠς
2649 4303 2708 4358 ἃν
2742 4303 2993 4380 ἀφορμὰς
3028 4303 3476 4376 συμπορίζωνται
3509 4299 3649 4376 βίου.

2526 4394 2681 4452 Ἀλλ’
2706 4395 2781 4456 ὡς
2815 4390 3025 4447 δικαίου
3058 4389 3321 4466 διάπυρος
3350 4392 3416 4459 ἦν
3451 4388 3633 4468 φίλος.

2532 4483 2720 4544 Οὕτως
2752 4481 3001 4556 ἐπαχθὴς
3032 4479 3121 4534 καὶ
3155 4477 3418 4554 δύσοργός
3449 4500 3530 4540 τις
3564 4477 3709 4548 λίαν,

2529 4571 2791 4646 Τιμωρὸς
2821 4571 2962 4638 ὑπῆν
2996 4562 3232 4623 εὐσεϐεῖν
3261 4567 3584 4641 ᾑρημένοις.

2529 4661 2760 4718 Ἐλύττα
2791 4659 2882 4714 καὶ
2912 4658 3012 4734 γὰρ
3039 4658 3175 4712 κατᾶ
3206 4662 3412 4710 σεπτῶν
3445 4655 3692 4726 εἰκόνων,

2348 4757 2492 4812 2290
2530 4753 2634 4809 Καὶ
2667 4750 3044 4827 προσκυνητάς
3074 4748 3236 4817 ἱερῶν
3273 4744 3659 4820 μορφωμάτων

2529 4839 2763 4916 ’Ἀνδρας
2794 4838 3003 4913 ἁγίους,
3045 4833 3374 4911 ἀγγελικοὺς
3397 4836 3487 4890 τὸν
3527 4834 3646 4910 βίον

2532 4933 2622 4992 Ὠς
2657 4927 2934 5001 δυσμενεῖς
2963 4947 3021 4980 τε
3052 4918 3350 4992 δυσσεϐεῖς,
3383 4927 3715 4998 στυγητέους

2535 5021 2740 5080 Πάσαις
2773 5016 2968 5071 ἐκάκου
2995 5019 3101 5069 τῶν
3135 5012 3398 5089 λυπηρῶν
3435 5011 3618 5081 ἰδέαις,

2539 5105 2724 5179 Μηδὲν
2758 5104 3073 5179 προλείπων
3103 5100 3242 5165 εἶδος
3278 5102 3685 5177 ἀπανθρωπίας,

2359 5202 2503 5258 2295
2542 5197 2790 5268 ’ῌκίζετ’,
2825 5193 3125 5265 ἀπήλαυνε,
3155 5191 3582 5267 κατεπυρπόλει,

2540 5286 2746 5363 Εῗρκτῇ
2777 5281 3008 5361 ζοφώδει
3039 5278 3320 5336 κατέκλειε
3350 5277 3609 5352 δεσμίους

2543 5379 2743 5440 Βυθοῖς
2774 5370 2953 5429 ἐδίδου
2984 5371 3073 5426 καὶ
3109 5375 3339 5443 μακραῖς
3369 5370 3711 5445 κακουχίαις,

2543 5469 2789 5533 ’Ἑστιζεν
2823 5460 3000 5537 ὄψεις,
3030 5461 3074 5514 ὣ
3105 5461 3261 5531 ξένης
3289 5461 3588 5534 τιμωρίαςί

2549 5558 2642 5611 Καὶ
2674 5559 2842 5609 ταῦτα
2870 5556 3044 5608 ποιῶν
3078 5550 3325 5622 ἐκμανῶς
3366 5551 3538 5606 Σατὰν
3572 5550 3763 5627 λάτρις

2365 5652 2509 5709 2300
2545 5648 2708 5717 Αύτῷ
2741 5643 2914 5700 δοκῶν
2946 5644 3012 5710 ἦν
3043 5640 3110 5694 τὰ
3138 5645 3254 5711 Θεῷ
3283 5640 3538 5714 πράττειν
3570 5639 3724 5719 φίλα,

2547 5743 2617 5793 Ἢ
2648 5736 2735 5790 καὶ
2769 5733 3018 5807 λατρείαν
3050 5728 3194 5802 τῷδε
3224 5728 3418 5800 δεκτήν
3443 5731 3798 5810 προσφέρειν,

2272 4614 2320 4678 D
