4208 6430
176 405 233 458 97
1672 390 2042 444 CBBARES.

326 526 394 592 ᾜ
425 541 558 599 φησι
589 521 815 595 Χριστὸς
844 519 896 573 ἐν
929 517 1116 592 λόγοις
1150 513 1498 599 Εὐαγγέλοις.

322 598 477 663 Ταῦτ’
506 610 610 681 ἄρα
636 604 929 666 πλείστους
967 601 1161 666 ἕνθέως
1190 598 1584 674 ἠνδρισμένους

329 698 429 754 Καὶ
460 696 877 772 χριστομάχοντ
908 689 1021 746 οὒδ⁹
1052 690 1365 764 ἐλέγξαντας
1394 686 1609 755 πλάνην

175 790 292 845 2305
326 786 493 861 Μόρῳ
523 781 801 857 παραδοὺς
836 782 1111 855 μάρτυρας
1143 778 1477 852 ἀπειργάκευ

325 876 530 930 ’Ἄλλοι
564 870 610 926 δ’
642 870 987 943 ἐναπέμειναν
1021 869 1273 922 ἀλεῖπται
1318 866 1444 939 βίῳ,

327 966 422 1025 Οἷς
448 958 717 1022 Μεθόδιος
743 960 1074 1030 θυνάριθμος
1103 954 1359 1029 τυγχάνει

326 1054 427 1109 Καὶ
463 1050 740 1128 Θεοφάνης
770 1047 1066 1126 σωφρόνως
1099 1044 1445 1119 στιγματίας,

327 1141 427 1196 Καὶ
458 1141 743 1214 ζωγράφος
778 1140 1023 1211 Λάζαρος
1053 1133 1271 1198 καυθεῖς
1296 1132 1391 1192 τάς
1421 1131 1611 1206 χέρας,

172 1241 292 1296 2310
328 1239 421 1299 Δίς
456 1236 697 1311 εὐχερῶς
726 1232 954 1311 ἔγραφεν
989 1232 1197 1292 ιῖκόιας
1228 1230 1418 1286 πάλιν.

328 1324 592 1400 Θεόφιλος
621 1326 773 1397 σχεῖν
808 1322 1033 1396 σύζυγον
1071 1318 1193 1394 βίου
1224 1318 1397 1382 θέλων

329 1413 593 1469 Κοινωνὸν
626 1414 739 1484 ἅμα
766 1415 864 1465 τοῦ
895 1410 1125 1485 κράτους
1151 1409 1239 1462 καὶ
1280 1410 1377 1461 τοῦ
1408 1404 1635 1480 λέχους,

326 1502 503 1574 Χορὸν
536 1498 728 1568 συν-ἦξε
759 1497 1037 1571 παρθένων
1069 1494 1424 1569 πολλάχόθεν

331 1588 524 1644 Καλῶν
558 1588 802 1655 ἀπασῶν,
835 1583 958 1659 ὄψιν
988 1585 1430 1662 εὐπρεπεστάτων

174 1681 296 1737 2315
330 1680 416 1735 Ἑν
451 1679 642 1749 αἷσπερ
676 1674 946 1747 ἐξέλαμπε
974 1679 1081 1729 τῶν
1116 1674 1305 1727 ἄλλων
1335 1671 1503 1727 πλέον

331 1768 464 1828 Οἷος
496 1764 736 1835 σελήνης
765 1762 1116 1841 πλησιφαοῦς
1136 1783 1220 1825 τις
1246 1758 1449 1821 κύκλος

332 1856 587 1927 σώματος
620 1852 758 1929 ὥρᾳ,
791 1851 1142 1927 λαμπρότητι
1171 1854 1270 1904 τοῦ
1300 1849 1488 1924 γένους

335 1943 434 1997 Καὶ
460 1946 849 2017 μαρμαρυγαῖς
876 1944 982 1995 τῶν
1016 1938 1197 2014 λόγων
1228 1936 1472 1994 Εἶκασία*

334 2035 579 2107 Χρυσοῦν
608 2050 662 2085 τι
696 2034 877 2102 μῆλον
909 2026 1102 2101 ἀμέλει
1135 2026 1310 2103 φέρων
1339 2023 1464 2096 ἄναξ

177 2123 298 2177 2320
335 2123 658 2195 Περιπολῶν
685 2118 756 2187 ἦν
782 2118 875 2172 τὸν
909 2116 1079 2193 χορὸν
1103 2120 1211 2170 τῶν
1238 2116 1512 2191 παρθένων

334 2213 618 2283 Μνῆστρον
651 2211 868 2262 σκοπῶν
902 2204 1088 2261 δοῦναί
1116 2225 1171 2258 τι
1199 2208 1362 2258 τοῦτο
1393 2202 1652 2281 φιλτάτῃ*

332 2299 419 2353 Ὠ)
452 2297 545 2352 οὗν
579 2298 764 2351 θεᾶται
792 2296 1002 2368 παριὼν
1035 2293 1315 2363 Είκασίαν,

333 2384 587 2449 Κάλλους
613 2382 870 2461 περιττοῦ
891 2384 1167 2457 θαυμάσας
1195 2382 1390 2455 κάρην,
1423 2378 1546 2456 ἔφη.

335 2477 434 2529 Διά
462 2476 714 2551 γυναικὸς
745 2471 928 2551 φαῦλα
958 2473 1116 2528 πάντ’
1145 2470 1413 2547 ἀπεῤῥύη.

177 2575 302 2633 2325
334 2575 407 2631 ’Ἡ
440 2570 488 2627 δ’
516 2574 694 2648 ἡρήμ³
723 2567 1015 2648 ἀντὲφησεν
1047 2569 1324 2645 εὐστόχως
1357 2568 1510 2645 ἄγαν,

335 2660 494 2720 Ἀλλ’
523 2661 583 2717 ὲκ
610 2662 865 2735 γυναικὸς
898 2661 1125 2734 πηγάζει
1150 2660 1239 2713 καὶ
1276 2657 1501 2733 βελτίω*

335 2756 390 2805 '0
424 2748 474 2805 δ’
503 2751 568 2805 αὗ
600 2751 875 2824 θαυμάσας
900 2751 999 2818 τὴν
1026 2750 1317 2822 παρθένον,

341 2841 445 2899 Καὶ
478 2838 605 2903 δοὺς
632 2840 696 2895 τὸ
731 2838 909 2912 μῆλον
940 2838 1194 2914 παρθένῳ
1222 2833 1496 2912 Θεοδώρᾳ.

339 2930 539 3004 Χώραν
571 2928 781 3004 ἐχούσῃ
808 2924 1042 3003 πατρίδα
1064 2924 1461 3000 Παφλαγόνων,

182 3020 307 3075 2330
343 3018 499 3088 Πλὴν
534 3015 875 3093 εὐπατριδῶν
906 3016 1152 3089 πατέρων
1192 3014 1510 3089 κατηγμένῃ

342 3106 621 3162 Καινωνὸν
653 3107 823 3175 αὐτὴν
857 3103 1037 3181 ἄγεται
1068 3104 1322 3181 κράτους,
1352 3103 1576 3178 λέχους,

337 3198 449 3266 ἰ’ἠν
483 3194 741 3253 Εἰκασίαν
763 3189 1144 3268 παραϐλέψπς,
1172 3194 1246 3256 ὡς
1277 3192 1428 3271 ἔφην·

338 3286 411 3342 Ἥ
450 3286 525 3359 μὴ
553 3288 800 3360 τυχοῦσα
828 3287 1103 3357 κοσμικῆς
1134 3282 1511 3356 σκηπτουχίας

341 3374 416 3429 Οὐ
450 3374 687 3451 νυμφίου
716 3393 773 3427 τε
800 3376 1074 3446 γημενοῦς
1109 3370 1403 3447 βασιλέως,

180 3473 306 3529 2336
340 3476 590 3528 ΙΙΛουτεῖ
618 3471 812 3544 νοῃτὸν
844 3469 1185 3524 παντάνακτα
1213 3468 1473 3546 νυμφίον,

341 3562 453 3619 Καὶ
489 3558 769 3637 βασιλείας
800 3560 1043 3634 οὐρανῶν
1072 3558 1439 3634 κληρουχίαν.

341 3651 639 3707 Μονάσασα
669 3647 727 3704 δὲ
754 3650 844 3703 καὶ
880 3650 1055 3722 μονὴν
1086 3646 1410 3722 δειμαμένη,

341 3740 577 3796 Ἦσκεῖτ’
608 3737 661 3793 ἐν
694 3738 830 3813 αὐτῇ
865 3734 1255 3814 προσλαλοῦσαι
1294 3742 1411 3798 ταῖς
1446 3731 1683 3811 βίϐλοις,

343 3832 452 3892 Ἦς
488 3829 657 3903 μεστᾶ
687 3829 1086 3905 συγγράμματα
1110 3826 1353 3901 χαρίτων
1387 3823 1504 3904 ἔφυ.

180 3920 309 3977 2340
344 3920 414 3976 Ἡ
450 3916 507 3973 δὲ
542 3917 756 3993 βασιλὶς
785 3919 821 3987 ἡ
853 3915 986 3972 Θεοῦ
1019 3914 1133 3980 θεία
1166 3913 1315 3977 δόσις

350 4009 671 4084 Στὲργουσα
702 4002 943 4081 κρύϐδην
975 4005 1181 4067 είκόνας
1212 3999 1511 4078 σεϐασμίας

349 4102 617 4171 Κατεῖχεν
647 4091 798 4151 ἔνδον
835 4090 1079 4157 εὐλαϐῶς
1110 4088 1395 4162 κιϐωτίου,

348 4186 563 4245 Μανίαν
596 4186 920 4241 ἐκκλίνουσα
946 4189 1045 4239 τοῦ
1076 4182 1387 4237 συνευνέτου

347 4279 563 4350 Ἦνπερ
593 4277 836 4350 προσῆγε
865 4277 1266 4350 προσκυνηταῖς
1299 4271 1544 4329 εἰκόνων.

184 4378 313 4434 2345
342 4374 449 4430 Καὶ
482 4371 547 4445 δή
581 4375 701 4429 ποτ’
733 4372 898 4443 αὐτῆς
930 4371 1341 4447 προηυνούσης
1371 4369 1617 4441 εἷγόνων,

348 4461 592 4538 Αἴσχιον
629 4460 915 4538 ἀνδράριον
942 4461 1108 4517 αὐτοῦ
1135 4459 1393 4535 Θερσίτου

351 4553 680 4629 Παράφορον
712 4555 833 4607 νοῦν
865 4552 953 4606 καὶ
986 4552 1493 4627 παρακεκομμένον,

354 4644 717 4717 Ἀνακτόροις
748 4643 983 4716 ἄθυρμα,
1016 4638 1368 4717 ψυχαγωγία,

351 4733 556 4809 Ἦρώτ⁹
588 4731 828 4802 ἐπίσταν,
858 4730 925 4787 Τί
946 4727 1064 4785 τάδ’
1096 4730 1230 4798 ἐστὶ,
1259 4729 1303 4783 ὦ
1333 4730 1525 4801 Μάνα;

181 4822 313 4880 2350
352 4821 512 4875 Οὕτω
535 4822 634 4897 γάρ
666 4819 915 4894 ὠνόμαζε
937 4820 1039 4888 τὴν
1075 4817 1346 4893 βασιλίδα·

353 4913 427 4968 Ἡ
455 4908 502 4965 δ’
532 4909 749 4986 ἀφελῶς
784 4929 991 4985 ειρηκε,
1025 4909 1177 4964 Κακά
1206 4909 1368 4966 νινία.

355 5001 595 5059 Ἐκεῖθεν
631 4997 721 5053 οὖν
756 4995 957 5073 ἔδραμε
985 4998 1121 5074 πρὸς
1160 4997 1387 5074 βασιλέα

356 5090 572 5147 Ἐκεῖνό
602 5089 650 5143 τ’
682 5088 988 5163 ἀνθρώπιον
1022 5088 1097 5151 ὡς
1126 5087 1327 5152 εἴθιστό
1360 5090 1432 5146 οἱ.

354 5182 423 5238 Ὁ
454 5176 503 5234 δ’
531 5177 696 5255 ἤρετο
724 5176 775 5248 ἐξ
806 5177 935 5232 ὅτου
963 5179 1082 5251 περ’
1112 5174 1252 5233 *ἔχειν
1285 5178 1373 5233 καὶ
1406 5179 1587 5243 πόθεν·

186 5271 325 5327 2355
357 5266 488 5325 Τόδ⁹
517 5266 751 5342 ἐκμάνας
780 5261 973 5344 ἔφησεν
1007 5266 1160 5335 ἥκειν
1195 5266 1402 5339 ἐνθάδε,

357 5358 499 5418 Καὶτ
528 5355 659 5427 ἡνδε
685 5355 831 5412 καλά
856 5358 1291 5430 προπεκτῆσθαι
1323 5357 1482 5414 νινία.

362 5446 557 5510 Συνείς
593 5444 851 5524 βασιλεὺς
876 5445 1086 5508 εΐκόνας
1116 5446 1180 5500 τά
1207 5467 1287 5501 νιν
1300 5445 1370 5517 ία,

360 5538 551 5613 Θυμοῦ
580 5537 759 5592 πνέων
792 5532 971 5590 ἄπεισι
1003 5536 1143 5611 πρὸς
1176 5533 1432 5611 βασιλίδα

361 5629 462 5687 Καὶ
498 5624 834 5704 λοιδορεῖται
862 5626 951 5679 καὶ
984 5627 1312 5681 καθικνεῖται
1346 5624 1554 5703 λόγοις.

184 5720 319 5779 2360
356 5720 423 5779 Ἦ
454 5715 502 5775 δ’
530 5719 598 5791 ἦν
632 5715 895 5793 σοφιστὴν
925 5714 1186 5772 ἀπατῶσα
1213 5716 1422 5790 κακίας,

1822 514 1877 579 Α

1838 1874 1886 1938 Β

1850 3236 1892 3303 C

1863 4607 1911 4673 D

1910 517 1973 567 ut
1992 512 2073 567 ait
2099 511 2367 567 Christus
2397 512 2457 566 in
2489 528 2757 567 sermone
2786 515 3137 585 evangelico.

1903 600 1959 655 Si
1992 616 2127 671 ergo
2162 601 2447 672 plurimos
2476 601 2839 656 decertantes
2870 603 3118 670 fortiter,

1904 689 2320 759 scelestamque
2351 689 2529 759 hujus
2553 695 2866 761 arguentes
2891 693 3183 761 haeresim,

1908 784 2095 832 morte
2124 778 2432 832 damnatos
2462 778 2750 833 efﬁciebat
2780 784 3083 847 martyres.

1909 867 2145 935 Aliquot
2177 871 2368 921 tamen
2401 867 2665 937 martyrii
2695 867 3022 924 hortatores

1909 956 2382 1027 supervixerunt,
2413 956 2473 1010 in
2501 957 2717 1027 quibus
2746 957 3097 1025 Methodius,

1907 1045 2407 1115 Theophanesque
2431 1044 2677 1099 honesto
2696 1052 3083 1116 compunctus
3110 1049 3402 1122 stigmate,

1908 1139 1963 1189 et
1994 1134 2179 1205 pictor
2212 1135 2462 1189 Lazarus
2488 1134 2588 1204 qui
2623 1136 2875 1205 perustis
2906 1137 3200 1205 manibus,

1910 1228 2063 1284 belle
2092 1234 2284 1284 tamen
2321 1245 2527 1284 rursus
2560 1229 2839 1300 pingebat
2867 1229 3179 1303 imagines.

1909 1319 2035 1372 .Iam
2065 1317 2424 1388 Theophilus
2450 1322 2731 1389 appetens
2761 1319 2887 1372 vita:
2919 1321 3134 1376 sociam

1912 1408 2142 1479 imperii
2175 1408 2352 1463 simul
2380 1408 2609 1479 torique
2640 1410 3002 1480 participem,

1912 1496 2155 1551 chorum
2184 1497 2595 1569 undecumque
2626 1497 2859 1569 collegit
2887 1498 3207 1571 virginum,

1914 1602 2162 1656 quarum
2194 1586 2303 1641 etsi
2337 1585 2499 1640 nulla
2530 1602 2642 1640 non
2668 1591 2790 1641 erat
2824 1587 3253 1645 formosissima

1916 1674 2068 1729 inter
2097 1675 2202 1730 has
2234 1681 2430 1730 tamen
2466 1675 2654 1747 magis
2685 1677 2996 1745 emicabat,

1917 1763 2107 1835 qualis
2138 1769 2228 1819 est
2258 1764 2409 1819 lunte
2436 1764 2771 1819 cumulatus
2803 1766 2983 1833 orbis,

1920 1858 2165 1908 venusto
2196 1869 2435 1924 corpore
2467 1857 2525 1907 et
2563 1854 2797 1925 generis
2822 1853 3132 1925 splendore

1917 1942 2319 2013 sermonisque
2351 1943 2526 1997 etiam
2559 1943 2845 2013 dignitate
2875 1944 3075 1999 Icasia.

1917 2033 2166 2086 Aureum
2195 2047 2332 2103 ergo
2362 2048 2600 2103 pomum
2634 2048 2809 2086 manu
2842 2048 3050 2104 gerens

1918 2121 2159 2176 chorum
2190 2120 2474 2192 virginem
2510 2136 2607 2176 rex
2640 2121 3010 2191 circumibat,

1920 2213 1982 2264 ut
2012 2209 2168 2265 hunc
2198 2208 2544 2281 gratissima:
2576 2210 2741 2263 daret
2771 2210 3177 2267 arrhabonem.

1921 2299 1988 2355 Ut
2020 2301 2215 2353 autem
2249 2297 2394 2353 vidit
2425 2297 2483 2352 in
2515 2298 2767 2353 transitu
2794 2299 3058 2363 Icasiam,

1919 2388 2167 2442 formam
2196 2386 2470 2442 eximiam
2504 2388 2727 2442 mirans
2755 2387 3099 2458 puellae,‘ait
3133 2406 3146 2443 :

1919 2474 2141 2531 Cuncta
2171 2476 2530 2531 obvenerunt
2560 2475 2714 2531 mala
2743 2493 2845 2548 per
2874 2477 3202 2534 mulierem.

1924 2572 2031 2628 Illa
2061 2573 2378 2641 submisse,
2404 2574 2504 2628 sed
2539 2573 2857 2645 prudenter
2887 2575 3226 2649 admodum,

1920 2663 2097 2735 Atqui
2131 2679 2199 2719 ex
2230 2662 2473 2718 muliere
2504 2662 2745 2719 meliora
2774 2668 3037 2731 manant,
3070 2665 3170 2722 ait.

1922 2753 2040 2807 Rex
2072 2752 2396 2808 admiratus
2422 2753 2728 2824 virginem,
2762 2754 3079 2825 praeteriit;

1922 2858 2213 2914 pomoque
2242 2842 2453 2898 tradito
2485 2842 2696 2913 virgini
2720 2843 3033 2898 Theodore

1922 2931 2170 3004 patriam
2199 2931 2435 3002 quidem
2467 2930 2702 2986 habenti
2736 2930 3220 3006 Paphlagoniam,

1925 3021 2023 3078 sed
2048 3023 2117 3076 de
2150 3019 2414 3092 patriciis
2446 3020 2654 3091 genitze
2688 3020 3053 3092 parentibus,

1923 3111 2074 3166 hanc
2104 3108 2280 3165 simul
2316 3108 2543 3181 imperii
2576 3109 2807 3180 torique
2838 3110 3183 3183 participem

1934 3200 2090 3269 fecit,
2123 3197 2435 3270 praeterita,
2471 3201 2537 3252 ut
2560 3197 2684 3268 jam
2711 3196 2853 3267 dixi,
2890 3199 3073 3255 [casia
3107 3216 3121 3255 :

1932 3304 2057 3359 qua:
2090 3287 2189 3343 ubi
2223 3286 2585 3341 mundanum
2619 3301 2734 3341 non
2758 3290 2847 3341 est
2876 3288 3088 3361 adepta
3111 3294 3433 3365 sceptrum,

1932 3376 2265 3447 terrenique
2296 3375 2450 3448 regis
2482 3374 2704 3447 nuptiis
2736 3375 2973 3447 excidit,

1933 3474 2257 3549 spiritalem
2290 3478 2345 3531 et
2376 3475 2639 3531 omnium
2672 3479 2881 3547 Regem
2918 3492 3203 3548 sponsum

1934 3566 2162 3622 lucrata
2192 3568 2282 3621 est
2312 3568 2367 3621 et
2396 3564 2650 3621 coelestia
2682 3564 2842 3636 regni
2874 3570 3115 3623 sortem.

1934 3656 2205 3713 Monialis
2237 3656 2392 3712 enim
2426 3655 2659 3711 condito
2690 3657 3074 3724 monasterio,

1934 3746 1996 3801 in
2026 3745 2134 3801 hoc
2163 3761 2224 3801 se
2253 3745 2511 3801 exercuit
2541 3743 2750 3800 litteris
2786 3745 2929 3802 dans
2961 3762 3196 3818 operam
3226 3766 3241 3819 ;

1936 3836 2185 3906 ejusque
2216 3837 2449 3890 exstant
2481 3833 2635 3905 pleni
2670 3832 2865 3906 lepore
2895 3832 3051 3891 libri.

1935 3926 2008 3980 At
2038 3923 2396 3997 imperatrix,
2428 3922 2713 3995 inclytum
2747 3923 2845 3979 Dei
2886 3923 3126 3993 donum,

1940 4030 2138 4069 sacras
2172 4012 2458 4084 imagines
2489 4010 2821 4068 clanculum
2855 4012 3071 4084 colens,

1940 4102 2209 4160 servabat
2240 4105 2566 4157 reverenter
2598 4101 2656 4156 in
2682 4118 2815 4158 arca
2842 4102 3107 4159 conditas

1941 4194 2219 4248 insanum
2253 4191 2454 4247 odium
2489 4190 2757 4263 conjugis
2789 4190 3111 4257 declinans,

1943 4298 2059 4354 quo
2090 4280 2338 4337 cultores
2372 4280 2694 4351 imaginum
2727 4281 3212 4352 prosequebatur.

1943 4380 2206 4451 Cumque
2234 4377 2335 4433 illa
2365 4378 2679 4449 aliquando
2713 4378 2817 4434 has
2842 4378 3002 4450 ipsas
3034 4379 3267 4449 coleret,

1943 4468 2265 4523 homuncio
2298 4466 2538 4538 quidam
2571 4466 2834 4522 Thersite
2858 4467 3178 4525 deformior

1943 4555 2198 4613 dementi
2232 4562 2426 4611 mente
2458 4556 2736 4627 praeditus
2770 4560 2825 4611 et
2855 4556 3165 4629 insipiens,

1942 4646 2082 4717 regii
2115 4645 2314 4717 palatii
2338 4643 2631 4700 ludicrum
2663 4643 2921 4700 ludibriu
2935 4662 3009 4712 m,

1951 4734 2177 4807 rogavit
2206 4735 2449 4790 adstans
2474 4733 2657 4797 :Quid
2690 4733 2779 4789 hae
2808 4736 2962 4799 tunt,
2996 4750 3028 4789 o
3061 4734 3277 4791 Mane?

1949 4824 2059 4880 hoc
2089 4823 2247 4880 enim
2280 4822 2515 4878 nomine
2539 4822 2800 4894 reginam
2832 4822 3186 4894 appellabat.

1950 4912 2055 4969 Illa
2086 4928 2227 4985 pure
2256 4912 2576 4984 respondit,
2608 4911 2757 4967 Sunt
2784 4910 3039 4983 pulchrae
3072 4930 3258 4986 pupae.

1951 5004 2225 5059 Protinus
2257 5003 2328 5058 ad
2361 5017 2556 5073 regem
2593 5000 2755 5057 illinc
2787 5018 2963 5058 cursu
2997 5003 3226 5061 concito

1949 5093 2265 5148 homuncio
2296 5090 2391 5147 ille
2422 5090 2578 5146 venit
2604 5108 2705 5163 pro
2735 5107 2894 5146 more
2926 5108 3052 5149 suo.

1950 5182 2069 5237 Rex
2099 5180 2434 5237 sciscitatur
2465 5178 2760 5234 undenam
2792 5178 2918 5252 ipse
2950 5180 3146 5238 veniat
3179 5198 3194 5239 :

1950 5286 2204 5326 vesanus
2237 5268 2398 5324 illinc
2425 5285 2553 5325 sese
2583 5268 2770 5325 redire
2797 5270 2902 5339 ait,

1950 5364 2008 5416 et
2039 5359 2302 5432 reginam
2336 5359 2635 5431 possidere
2666 5357 2943 5430 pulchras
2979 5377 3188 5432 pupae.

1952 5449 2069 5505 Rex
2100 5466 2285 5521 pupas
2313 5447 2645 5520 intelligens
2670 5464 2799 5504 esse
2830 5448 3135 5521 imagines,

1951 5540 2039 5595 ira
2062 5538 2463 5594 inﬂammatus
2492 5536 2680 5611 pergit
2711 5540 2781 5593 ad
2814 5539 3097 5610 reginam,

1952 5645 2200 5700 eamque
2229 5628 2499 5699 objurgat
2527 5627 2891 5699 compellans
2921 5629 3112 5685 verbis
3137 5628 3381 5702 asperis.

1954 5719 2087 5792 Ipsa
2116 5717 2511 5776 cavillatorem
2544 5717 2840 5791 decipiens
2866 5718 3230 5791 improbum,

3478 394 3550 449 98
