  <div class='ocr_page' id='page_1' title='image "/cluster/home/n/w/nwhite01/storage/ocr_20150623/143/nnc1.0046980733/057.png"; bbox 0 0 4190 6438; ppageno 0'>
   <div class='ocr_carea' id='block_1_1' title="bbox 659 380 2314 440">
    <p class='ocr_par' dir='ltr' id='par_1_1' title="bbox 659 380 2314 439">
     <span class='ocr_line' id='line_1_1' title="bbox 659 380 2314 439; baseline -0.011 14"><span class='ocrx_word' id='word_1_1' title='bbox 659 382 729 437; x_wconf 82' lang='lat'><strong>99</strong></span> <span class='ocrx_word' id='word_1_2' title='bbox 1873 382 2245 439; x_wconf 67' lang='lat' dir='ltr'><strong>EPHRJEMH</strong></span> <span class='ocrx_word' id='word_1_3' title='bbox 2281 380 2314 434; x_wconf 90' lang='lat' dir='ltr'><strong>c</strong></span> 
     </span>
    </p>
   </div>
   <div class='ocr_carea' id='block_1_2' title="bbox 1198 380 2853 440">
    <p class='ocr_par' dir='ltr' id='par_1_2' title="bbox 1873 380 2853 440">
     <span class='ocr_line' id='line_1_2' title="bbox 1873 380 2853 440; baseline 0 -1"><span class='ocrx_word' id='word_1_4' title='bbox 1873 382 2245 439; x_wconf 69' lang='grc' dir='ltr'><strong>ΕΡΗΒΕΜΠ</strong></span> <span class='ocrx_word' id='word_1_5' title='bbox 2281 380 2853 440; x_wconf 67' lang='grc' dir='ltr'><strong>ΘΗΕΟΝΟΟΒΔΡΗΙ</strong></span> 
     </span>
    </p>
   </div>
   <div class='ocr_carea' id='block_1_3' title="bbox 664 506 1992 579">
    <p class='ocr_par' dir='ltr' id='par_1_3' title="bbox 664 506 1992 579">
     <span class='ocr_line' id='line_1_3' title="bbox 664 506 1992 579; baseline -0.005 -12"><span class='ocrx_word' id='word_1_6' title='bbox 664 513 745 567; x_wconf 89' lang='lat' dir='ltr'><strong>ait</strong></span> <span class='ocrx_word' id='word_1_7' title='bbox 770 523 833 566; x_wconf 91' lang='lat' dir='ltr'><strong>se</strong></span> <span class='ocrx_word' id='word_1_8' title='bbox 863 509 922 565; x_wconf 88' lang='lat' dir='ltr'><strong>in</strong></span> <span class='ocrx_word' id='word_1_9' title='bbox 950 506 1185 579; x_wconf 87' lang='lat' dir='ltr'><strong>speculo</strong></span> <span class='ocrx_word' id='word_1_10' title='bbox 1214 506 1708 579; x_wconf 77' lang='lat' dir='ltr'><strong>contemplantem</strong></span> <span class='ocrx_word' id='word_1_11' title='bbox 1740 510 1992 579; x_wconf 87' lang='lat' dir='ltr'><strong>speotra,</strong></span> 
     </span>
    </p>
   </div>
   <div class='ocr_carea' id='block_1_4' title="bbox 660 594 2083 669">
    <p class='ocr_par' dir='ltr' id='par_1_4' title="bbox 660 594 2083 669">
     <span class='ocr_line' id='line_1_4' title="bbox 660 594 2083 669; baseline -0.004 -14"><span class='ocrx_word' id='word_1_12' title='bbox 660 601 908 655; x_wconf 86' lang='lat' dir='ltr'><strong>formam</strong></span> <span class='ocrx_word' id='word_1_13' title='bbox 941 612 1109 653; x_wconf 90' lang='lat' dir='ltr'><strong>suam</strong></span> <span class='ocrx_word' id='word_1_14' title='bbox 1142 595 1469 669; x_wconf 78' lang='lat' dir='ltr'><strong>appellasse</strong></span> <span class='ocrx_word' id='word_1_15' title='bbox 1501 611 1791 667; x_wconf 90' lang='lat' dir='ltr'><strong>puparum</strong></span> <span class='ocrx_word' id='word_1_16' title='bbox 1825 594 2083 659; x_wconf 89' lang='lat' dir='ltr'><strong>nomine,</strong></span> 
     </span>
    </p>
   </div>
   <div class='ocr_carea' id='block_1_5' title="bbox 664 684 1697 756">
    <p class='ocr_par' dir='ltr' id='par_1_5' title="bbox 664 684 1697 756">
     <span class='ocr_line' id='line_1_5' title="bbox 664 684 1697 756; baseline -0.008 -12"><span class='ocrx_word' id='word_1_17' title='bbox 664 688 757 744; x_wconf 87' lang='lat' dir='ltr'><strong>Sic</strong></span> <span class='ocrx_word' id='word_1_18' title='bbox 787 687 1017 743; x_wconf 89' lang='lat' dir='ltr'><strong>elocuta</strong></span> <span class='ocrx_word' id='word_1_19' title='bbox 1044 685 1197 756; x_wconf 87' lang='lat' dir='ltr'><strong>regis</strong></span> <span class='ocrx_word' id='word_1_20' title='bbox 1227 684 1503 740; x_wconf 85' lang='lat' dir='ltr'><strong>exstinxit</strong></span> <span class='ocrx_word' id='word_1_21' title='bbox 1532 684 1697 740; x_wconf 90' lang='lat' dir='ltr'><strong>iram.</strong></span> 
     </span>
    </p>
   </div>
   <div class='ocr_carea' id='block_1_6' title="bbox 662 772 1718 845">
    <p class='ocr_par' dir='ltr' id='par_1_6' title="bbox 662 772 1718 845">
     <span class='ocr_line' id='line_1_6' title="bbox 662 772 1718 845; baseline -0.005 -12"><span class='ocrx_word' id='word_1_22' title='bbox 662 777 783 833; x_wconf 85' lang='lat' dir='ltr'><strong>Rex</strong></span> <span class='ocrx_word' id='word_1_23' title='bbox 806 776 901 831; x_wconf 89' lang='lat' dir='ltr'><strong>hic</strong></span> <span class='ocrx_word' id='word_1_24' title='bbox 927 772 1285 845; x_wconf 82' lang='lat' dir='ltr'><strong>Theophilus</strong></span> <span class='ocrx_word' id='word_1_25' title='bbox 1316 788 1718 845; x_wconf 64' lang='lat' dir='ltr'><strong>sapenumero</strong></span> 
     </span>
    </p>
   </div>
   <div class='ocr_carea' id='block_1_7' title="bbox 659 860 1955 937">
    <p class='ocr_par' dir='ltr' id='par_1_7' title="bbox 659 860 1955 937">
     <span class='ocr_line' id='line_1_7' title="bbox 659 860 1955 937; baseline -0.005 -15"><span class='ocrx_word' id='word_1_26' title='bbox 659 869 786 922; x_wconf 89' lang='lat' dir='ltr'><strong>tum</strong></span> <span class='ocrx_word' id='word_1_27' title='bbox 818 880 921 937; x_wconf 89' lang='lat' dir='ltr'><strong>per</strong></span> <span class='ocrx_word' id='word_1_28' title='bbox 950 879 1013 919; x_wconf 91' lang='lat' dir='ltr'><strong>se</strong></span> <span class='ocrx_word' id='word_1_29' title='bbox 1044 863 1168 934; x_wconf 87' lang='lat' dir='ltr'><strong>ipse</strong></span> <span class='ocrx_word' id='word_1_30' title='bbox 1199 866 1324 918; x_wconf 91' lang='lat' dir='ltr'><strong>tum</strong></span> <span class='ocrx_word' id='word_1_31' title='bbox 1357 876 1462 933; x_wconf 90' lang='lat' dir='ltr'><strong>per</strong></span> <span class='ocrx_word' id='word_1_32' title='bbox 1490 862 1670 917; x_wconf 90' lang='lat' dir='ltr'><strong>duces</strong></span> <span class='ocrx_word' id='word_1_33' title='bbox 1692 860 1955 927; x_wconf 84' lang='lat' dir='ltr'><strong>bellicos,</strong></span> 
     </span>
    </p>
   </div>
   <div class='ocr_carea' id='block_1_8' title="bbox 658 949 2004 1026">
    <p class='ocr_par' dir='ltr' id='par_1_8' title="bbox 658 949 2004 1026">
     <span class='ocr_line' id='line_1_8' title="bbox 658 949 2004 1026; baseline -0.004 -16"><span class='ocrx_word' id='word_1_34' title='bbox 658 970 807 1026; x_wconf 89' lang='lat' dir='ltr'><strong>quos</strong></span> <span class='ocrx_word' id='word_1_35' title='bbox 842 950 1059 1009; x_wconf 91' lang='lat' dir='ltr'><strong>multos</strong></span> <span class='ocrx_word' id='word_1_36' title='bbox 1089 950 1295 1007; x_wconf 90' lang='lat' dir='ltr'><strong>habuit</strong></span> <span class='ocrx_word' id='word_1_37' title='bbox 1323 949 1457 1006; x_wconf 88' lang='lat' dir='ltr'><strong>forti</strong></span> <span class='ocrx_word' id='word_1_38' title='bbox 1478 950 1675 1005; x_wconf 92' lang='lat' dir='ltr'><strong>animo</strong></span> <span class='ocrx_word' id='word_1_39' title='bbox 1708 949 2004 1022; x_wconf 67' lang='lat' dir='ltr'><strong>praeditos,</strong></span> 
     </span>
    </p>
   </div>
   <div class='ocr_carea' id='block_1_9' title="bbox 656 1039 1875 1112">
    <p class='ocr_par' dir='ltr' id='par_1_9' title="bbox 656 1039 1875 1112">
     <span class='ocr_line' id='line_1_9' title="bbox 656 1039 1875 1112; baseline -0.006 -12"><span class='ocrx_word' id='word_1_40' title='bbox 656 1041 975 1101; x_wconf 79' lang='lat' dir='ltr'><strong>Manuelem</strong></span> <span class='ocrx_word' id='word_1_41' title='bbox 1006 1040 1326 1112; x_wconf 67' lang='lat' dir='ltr'><strong>praesertim</strong></span> <span class='ocrx_word' id='word_1_42' title='bbox 1359 1055 1424 1094; x_wconf 89' lang='lat' dir='ltr'><strong>ac</strong></span> <span class='ocrx_word' id='word_1_43' title='bbox 1455 1039 1875 1111; x_wconf 89' lang='lat' dir='ltr'><strong>Theophobum</strong></span> 
     </span>
    </p>
   </div>
   <div class='ocr_carea' id='block_1_10' title="bbox 658 1127 1838 1188">
    <p class='ocr_par' dir='ltr' id='par_1_10' title="bbox 658 1127 1838 1188">
     <span class='ocr_line' id='line_1_10' title="bbox 658 1127 1838 1188; baseline -0.003 -2"><span class='ocrx_word' id='word_1_44' title='bbox 658 1131 904 1188; x_wconf 79' lang='lat' dir='ltr'><strong>feliciter</strong></span> <span class='ocrx_word' id='word_1_45' title='bbox 934 1128 1172 1185; x_wconf 90' lang='lat' dir='ltr'><strong>bellavit</strong></span> <span class='ocrx_word' id='word_1_46' title='bbox 1199 1144 1335 1183; x_wconf 90' lang='lat' dir='ltr'><strong>cum</strong></span> <span class='ocrx_word' id='word_1_47' title='bbox 1367 1127 1628 1183; x_wconf 90' lang='lat' dir='ltr'><strong>hostium</strong></span> <span class='ocrx_word' id='word_1_48' title='bbox 1663 1127 1838 1183; x_wconf 69' lang='lat' dir='ltr'><strong>caede.</strong></span> 
     </span>
    </p>
   </div>
   <div class='ocr_carea' id='block_1_11' title="bbox 659 1216 1805 1287">
    <p class='ocr_par' dir='ltr' id='par_1_11' title="bbox 659 1216 1805 1287">
     <span class='ocr_line' id='line_1_11' title="bbox 659 1216 1805 1287; baseline -0.004 -11"><span class='ocrx_word' id='word_1_49' title='bbox 659 1222 848 1276; x_wconf 90' lang='lat' dir='ltr'><strong>Ambo</strong></span> <span class='ocrx_word' id='word_1_50' title='bbox 878 1218 1034 1275; x_wconf 91' lang='lat' dir='ltr'><strong>enim</strong></span> <span class='ocrx_word' id='word_1_51' title='bbox 1072 1222 1238 1274; x_wconf 90' lang='lat' dir='ltr'><strong>erant</strong></span> <span class='ocrx_word' id='word_1_52' title='bbox 1269 1216 1457 1273; x_wconf 80' lang='lat' dir='ltr'><strong>dextri</strong></span> <span class='ocrx_word' id='word_1_53' title='bbox 1490 1218 1805 1287; x_wconf 83' lang='lat' dir='ltr'><strong>fortesque,</strong></span> 
     </span>
    </p>
   </div>
   <div class='ocr_carea' id='block_1_12' title="bbox 659 1307 1946 1379">
    <p class='ocr_par' dir='ltr' id='par_1_12' title="bbox 659 1307 1946 1379">
     <span class='ocr_line' id='line_1_12' title="bbox 659 1307 1946 1379; baseline -0.005 -13"><span class='ocrx_word' id='word_1_54' title='bbox 659 1307 998 1379; x_wconf 89' lang='lat' dir='ltr'><strong>neminique</strong></span> <span class='ocrx_word' id='word_1_55' title='bbox 1028 1307 1310 1363; x_wconf 88' lang='lat' dir='ltr'><strong>cedebant</strong></span> <span class='ocrx_word' id='word_1_56' title='bbox 1341 1321 1581 1363; x_wconf 90' lang='lat' dir='ltr'><strong>suorum</strong></span> <span class='ocrx_word' id='word_1_57' title='bbox 1614 1310 1946 1377; x_wconf 86' lang='lat' dir='ltr'><strong>temporum</strong></span> 
     </span>
    </p>
   </div>
   <div class='ocr_carea' id='block_1_13' title="bbox 657 1396 1697 1469">
    <p class='ocr_par' dir='ltr' id='par_1_13' title="bbox 657 1396 1697 1469">
     <span class='ocr_line' id='line_1_13' title="bbox 657 1396 1697 1469; baseline -0.005 -14"><span class='ocrx_word' id='word_1_58' title='bbox 657 1399 1003 1457; x_wconf 88' lang='lat' dir='ltr'><strong>strenuitate</strong></span> <span class='ocrx_word' id='word_1_59' title='bbox 1033 1396 1121 1453; x_wconf 86' lang='lat' dir='ltr'><strong>vel</strong></span> <span class='ocrx_word' id='word_1_60' title='bbox 1155 1403 1276 1453; x_wconf 89' lang='lat' dir='ltr'><strong>arte</strong></span> <span class='ocrx_word' id='word_1_61' title='bbox 1306 1397 1697 1469; x_wconf 91' lang='lat' dir='ltr'><strong>imperatoria.</strong></span> 
     </span>
    </p>
   </div>
   <div class='ocr_carea' id='block_1_14' title="bbox 654 1484 1789 1561">
    <p class='ocr_par' dir='ltr' id='par_1_14' title="bbox 654 1484 1789 1561">
     <span class='ocr_line' id='line_1_14' title="bbox 654 1484 1789 1561; baseline -0.004 -18"><span class='ocrx_word' id='word_1_62' title='bbox 654 1493 786 1561; x_wconf 85' lang='lat' dir='ltr'><strong>Ipse</strong></span> <span class='ocrx_word' id='word_1_63' title='bbox 814 1485 1178 1558; x_wconf 88' lang='lat' dir='ltr'><strong>Theophilus</strong></span> <span class='ocrx_word' id='word_1_64' title='bbox 1208 1484 1509 1541; x_wconf 88' lang='lat' dir='ltr'><strong>liberalem</strong></span> <span class='ocrx_word' id='word_1_65' title='bbox 1545 1500 1789 1540; x_wconf 89' lang='lat' dir='ltr'><strong>manum</strong></span> 
     </span>
    </p>
   </div>
   <div class='ocr_carea' id='block_1_15' title="bbox 655 1574 1811 1647">
    <p class='ocr_par' dir='ltr' id='par_1_15' title="bbox 655 1574 1811 1647">
     <span class='ocr_line' id='line_1_15' title="bbox 655 1574 1811 1647; baseline -0.004 -13"><span class='ocrx_word' id='word_1_66' title='bbox 655 1577 1115 1647; x_wconf 81' lang='lat' dir='ltr'><strong>muniﬁcamque</strong></span> <span class='ocrx_word' id='word_1_67' title='bbox 1146 1574 1424 1630; x_wconf 86' lang='lat' dir='ltr'><strong>omnibus</strong></span> <span class='ocrx_word' id='word_1_68' title='bbox 1456 1574 1811 1646; x_wconf 83' lang='lat' dir='ltr'><strong>porrigebat.</strong></span> 
     </span>
    </p>
   </div>
   <div class='ocr_carea' id='block_1_16' title="bbox 649 1662 2139 1735">
    <p class='ocr_par' dir='ltr' id='par_1_16' title="bbox 649 1662 2139 1735">
     <span class='ocr_line' id='line_1_16' title="bbox 649 1662 2139 1735; baseline -0.004 -13"><span class='ocrx_word' id='word_1_69' title='bbox 649 1667 839 1730; x_wconf 85' lang='lat' dir='ltr'><strong>Quare</strong></span> <span class='ocrx_word' id='word_1_70' title='bbox 870 1666 1041 1721; x_wconf 87' lang='lat' dir='ltr'><strong>etiam</strong></span> <span class='ocrx_word' id='word_1_71' title='bbox 1078 1662 1399 1735; x_wconf 86' lang='lat' dir='ltr'><strong>hospitium</strong></span> <span class='ocrx_word' id='word_1_72' title='bbox 1433 1663 1807 1735; x_wconf 89' lang='lat' dir='ltr'><strong>splendidum</strong></span> <span class='ocrx_word' id='word_1_73' title='bbox 1834 1675 2139 1733; x_wconf 89' lang='lat' dir='ltr'><strong>magnum,</strong></span> 
     </span>
    </p>
   </div>
   <div class='ocr_carea' id='block_1_17' title="bbox 652 1752 1770 1828">
    <p class='ocr_par' dir='ltr' id='par_1_17' title="bbox 652 1752 1770 1828">
     <span class='ocr_line' id='line_1_17' title="bbox 652 1752 1770 1828; baseline -0.004 -16"><span class='ocrx_word' id='word_1_74' title='bbox 652 1756 721 1812; x_wconf 88' lang='lat' dir='ltr'><strong>ad</strong></span> <span class='ocrx_word' id='word_1_75' title='bbox 756 1754 1093 1828; x_wconf 91' lang='lat' dir='ltr'><strong>peregrinos</strong></span> <span class='ocrx_word' id='word_1_76' title='bbox 1124 1752 1433 1808; x_wconf 88' lang='lat' dir='ltr'><strong>exciendos</strong></span> <span class='ocrx_word' id='word_1_77' title='bbox 1461 1755 1770 1807; x_wconf 88' lang='lat' dir='ltr'><strong>exstruens</strong></span> 
     </span>
    </p>
   </div>
   <div class='ocr_carea' id='block_1_18' title="bbox 652 1840 1647 1910">
    <p class='ocr_par' dir='ltr' id='par_1_18' title="bbox 652 1840 1647 1910">
     <span class='ocr_line' id='line_1_18' title="bbox 652 1840 1647 1910; baseline -0.005 -10"><span class='ocrx_word' id='word_1_78' title='bbox 652 1844 870 1901; x_wconf 85' lang='lat' dir='ltr'><strong>suimet</strong></span> <span class='ocrx_word' id='word_1_79' title='bbox 899 1842 1141 1898; x_wconf 55' lang='lat' dir='ltr'><strong>aedificio</strong></span> <span class='ocrx_word' id='word_1_80' title='bbox 1167 1856 1381 1897; x_wconf 90' lang='lat' dir='ltr'><strong>nomen</strong></span> <span class='ocrx_word' id='word_1_81' title='bbox 1414 1840 1647 1910; x_wconf 87' lang='lat' dir='ltr'><strong>indidit,</strong></span> 
     </span>
    </p>
   </div>
   <div class='ocr_carea' id='block_1_19' title="bbox 650 1930 1899 2005">
    <p class='ocr_par' dir='ltr' id='par_1_19' title="bbox 650 1930 1899 2005">
     <span class='ocr_line' id='line_1_19' title="bbox 650 1930 1899 2005; baseline -0.006 -16"><span class='ocrx_word' id='word_1_82' title='bbox 650 1934 805 2005; x_wconf 91' lang='lat' dir='ltr'><strong>quod</strong></span> <span class='ocrx_word' id='word_1_83' title='bbox 836 1936 1005 1989; x_wconf 87' lang='lat' dir='ltr'><strong>antea</strong></span> <span class='ocrx_word' id='word_1_84' title='bbox 1036 1931 1225 1987; x_wconf 82' lang='lat' dir='ltr'><strong>fuerat</strong></span> <span class='ocrx_word' id='word_1_85' title='bbox 1256 1933 1584 1987; x_wconf 90' lang='lat' dir='ltr'><strong>scortorum</strong></span> <span class='ocrx_word' id='word_1_86' title='bbox 1619 1930 1899 1984; x_wconf 91' lang='lat' dir='ltr'><strong>lustrum.</strong></span> 
     </span>
    </p>
   </div>
   <div class='ocr_carea' id='block_1_20' title="bbox 647 2018 1941 2091">
    <p class='ocr_par' dir='ltr' id='par_1_20' title="bbox 647 2018 1941 2091">
     <span class='ocr_line' id='line_1_20' title="bbox 647 2018 1941 2091; baseline -0.005 -13"><span class='ocrx_word' id='word_1_87' title='bbox 647 2025 763 2079; x_wconf 89' lang='lat' dir='ltr'><strong>Nec</strong></span> <span class='ocrx_word' id='word_1_88' title='bbox 795 2022 877 2079; x_wconf 90' lang='lat' dir='ltr'><strong>rei</strong></span> <span class='ocrx_word' id='word_1_89' title='bbox 910 2036 1165 2077; x_wconf 67' lang='lat' dir='ltr'><strong>venereae</strong></span> <span class='ocrx_word' id='word_1_90' title='bbox 1198 2035 1443 2091; x_wconf 87' lang='lat' dir='ltr'><strong>prorsus</strong></span> <span class='ocrx_word' id='word_1_91' title='bbox 1473 2023 1598 2074; x_wconf 91' lang='lat' dir='ltr'><strong>erat</strong></span> <span class='ocrx_word' id='word_1_92' title='bbox 1628 2018 1941 2088; x_wconf 84' lang='lat' dir='ltr'><strong>obnoxius,</strong></span> 
     </span>
    </p>
   </div>
   <div class='ocr_carea' id='block_1_21' title="bbox 650 2108 1741 2169">
    <p class='ocr_par' dir='ltr' id='par_1_21' title="bbox 650 2108 1741 2169">
     <span class='ocr_line' id='line_1_21' title="bbox 650 2108 1741 2169; baseline -0.007 0"><span class='ocrx_word' id='word_1_93' title='bbox 650 2112 750 2169; x_wconf 89' lang='lat' dir='ltr'><strong>sed</strong></span> <span class='ocrx_word' id='word_1_94' title='bbox 778 2110 1141 2168; x_wconf 84' lang='lat' dir='ltr'><strong>castimoniae</strong></span> <span class='ocrx_word' id='word_1_95' title='bbox 1172 2108 1447 2165; x_wconf 81' lang='lat' dir='ltr'><strong>studebat</strong></span> <span class='ocrx_word' id='word_1_96' title='bbox 1479 2108 1741 2164; x_wconf 86' lang='lat' dir='ltr'><strong>mirifice.</strong></span> 
     </span>
    </p>
   </div>
   <div class='ocr_carea' id='block_1_22' title="bbox 649 2197 1727 2271">
    <p class='ocr_par' dir='ltr' id='par_1_22' title="bbox 649 2197 1727 2271">
     <span class='ocr_line' id='line_1_22' title="bbox 649 2197 1727 2271; baseline -0.006 -14"><span class='ocrx_word' id='word_1_97' title='bbox 649 2202 852 2258; x_wconf 81' lang='lat' dir='ltr'><strong>Alexio</strong></span> <span class='ocrx_word' id='word_1_98' title='bbox 882 2204 1078 2257; x_wconf 90' lang='lat' dir='ltr'><strong>autem</strong></span> <span class='ocrx_word' id='word_1_99' title='bbox 1111 2202 1494 2271; x_wconf 87' lang='lat' dir='ltr'><strong>cognomento</strong></span> <span class='ocrx_word' id='word_1_100' title='bbox 1525 2197 1727 2254; x_wconf 88' lang='lat' dir='ltr'><strong>Moseli</strong></span> 
     </span>
    </p>
   </div>
   <div class='ocr_carea' id='block_1_23' title="bbox 649 2286 1991 2358">
    <p class='ocr_par' dir='ltr' id='par_1_23' title="bbox 649 2286 1991 2358">
     <span class='ocr_line' id='line_1_23' title="bbox 649 2286 1991 2358; baseline -0.004 -10"><span class='ocrx_word' id='word_1_101' title='bbox 649 2306 718 2348; x_wconf 87' lang='lat' dir='ltr'><strong>ex</strong></span> <span class='ocrx_word' id='word_1_102' title='bbox 747 2289 1159 2346; x_wconf 79' lang='lat' dir='ltr'><strong>Armeniorum</strong></span> <span class='ocrx_word' id='word_1_103' title='bbox 1188 2286 1542 2343; x_wconf 88' lang='lat' dir='ltr'><strong>Crinitarum</strong></span> <span class='ocrx_word' id='word_1_104' title='bbox 1576 2286 1730 2342; x_wconf 90' lang='lat' dir='ltr'><strong>claro</strong></span> <span class='ocrx_word' id='word_1_105' title='bbox 1761 2301 1991 2358; x_wconf 90' lang='lat' dir='ltr'><strong>genere,</strong></span> 
     </span>
    </p>
   </div>
   <div class='ocr_carea' id='block_1_24' title="bbox 651 2376 1726 2448">
    <p class='ocr_par' dir='ltr' id='par_1_24' title="bbox 651 2376 1726 2448">
     <span class='ocr_line' id='line_1_24' title="bbox 651 2376 1726 2448; baseline -0.006 -10"><span class='ocrx_word' id='word_1_106' title='bbox 651 2385 894 2438; x_wconf 85' lang='lat' dir='ltr'><strong>strenuo</strong></span> <span class='ocrx_word' id='word_1_107' title='bbox 924 2379 1048 2435; x_wconf 88' lang='lat' dir='ltr'><strong>viro</strong></span> <span class='ocrx_word' id='word_1_108' title='bbox 1070 2382 1127 2435; x_wconf 90' lang='lat' dir='ltr'><strong>et</strong></span> <span class='ocrx_word' id='word_1_109' title='bbox 1157 2377 1290 2433; x_wconf 90' lang='lat' dir='ltr'><strong>duci</strong></span> <span class='ocrx_word' id='word_1_110' title='bbox 1326 2376 1726 2448; x_wconf 88' lang='lat' dir='ltr'><strong>magnanimo,</strong></span> 
     </span>
    </p>
   </div>
   <div class='ocr_carea' id='block_1_25' title="bbox 651 2465 1594 2533">
    <p class='ocr_par' dir='ltr' id='par_1_25' title="bbox 651 2465 1594 2533">
     <span class='ocr_line' id='line_1_25' title="bbox 651 2465 1594 2533; baseline -0.004 -7"><span class='ocrx_word' id='word_1_111' title='bbox 651 2474 709 2526; x_wconf 92' lang='lat' dir='ltr'><strong>et</strong></span> <span class='ocrx_word' id='word_1_112' title='bbox 733 2471 1037 2526; x_wconf 85' lang='lat' dir='ltr'><strong>venustate</strong></span> <span class='ocrx_word' id='word_1_113' title='bbox 1065 2465 1265 2523; x_wconf 88' lang='lat' dir='ltr'><strong>vultus</strong></span> <span class='ocrx_word' id='word_1_114' title='bbox 1295 2469 1594 2533; x_wconf 89' lang='lat' dir='ltr'><strong>exornato,</strong></span> 
     </span>
    </p>
   </div>
   <div class='ocr_carea' id='block_1_26' title="bbox 650 2553 1718 2627">
    <p class='ocr_par' dir='ltr' id='par_1_26' title="bbox 650 2553 1718 2627">
     <span class='ocr_line' id='line_1_26' title="bbox 650 2553 1718 2627; baseline -0.007 -11"><span class='ocrx_word' id='word_1_115' title='bbox 650 2558 896 2616; x_wconf 86' lang='lat' dir='ltr'><strong>Mariam</strong></span> <span class='ocrx_word' id='word_1_116' title='bbox 932 2557 1114 2613; x_wconf 88' lang='lat' dir='ltr'><strong>filiam</strong></span> <span class='ocrx_word' id='word_1_117' title='bbox 1149 2555 1371 2627; x_wconf 83' lang='lat' dir='ltr'><strong>nuptiis</strong></span> <span class='ocrx_word' id='word_1_118' title='bbox 1402 2553 1718 2625; x_wconf 87' lang='lat' dir='ltr'><strong>copulavit,</strong></span> 
     </span>
    </p>
   </div>
   <div class='ocr_carea' id='block_1_27' title="bbox 652 2643 1592 2710">
    <p class='ocr_par' dir='ltr' id='par_1_27' title="bbox 652 2643 1592 2710">
     <span class='ocr_line' id='line_1_27' title="bbox 652 2643 1592 2710; baseline -0.006 -6"><span class='ocrx_word' id='word_1_119' title='bbox 652 2648 855 2705; x_wconf 90' lang='lat' dir='ltr'><strong>addito</strong></span> <span class='ocrx_word' id='word_1_120' title='bbox 889 2646 1104 2702; x_wconf 91' lang='lat' dir='ltr'><strong>honore</strong></span> <span class='ocrx_word' id='word_1_121' title='bbox 1134 2645 1293 2701; x_wconf 87' lang='lat' dir='ltr'><strong>tituli</strong></span> <span class='ocrx_word' id='word_1_122' title='bbox 1327 2643 1592 2710; x_wconf 67' lang='lat' dir='ltr'><strong>caasarei;</strong></span> 
     </span>
    </p>
   </div>
   <div class='ocr_carea' id='block_1_28' title="bbox 648 2731 1994 2808">
    <p class='ocr_par' dir='ltr' id='par_1_28' title="bbox 648 2731 1994 2808">
     <span class='ocr_line' id='line_1_28' title="bbox 648 2731 1994 2808; baseline -0.004 -16"><span class='ocrx_word' id='word_1_123' title='bbox 648 2737 930 2808; x_wconf 88' lang='lat' dir='ltr'><strong>misitque</strong></span> <span class='ocrx_word' id='word_1_124' title='bbox 955 2752 1087 2792; x_wconf 90' lang='lat' dir='ltr'><strong>cum</strong></span> <span class='ocrx_word' id='word_1_125' title='bbox 1110 2734 1297 2791; x_wconf 86' lang='lat' dir='ltr'><strong>classe</strong></span> <span class='ocrx_word' id='word_1_126' title='bbox 1327 2737 1529 2789; x_wconf 90' lang='lat' dir='ltr'><strong>contra</strong></span> <span class='ocrx_word' id='word_1_127' title='bbox 1560 2731 1994 2803; x_wconf 87' lang='lat' dir='ltr'><strong>Longobardos.</strong></span> 
     </span>
    </p>
   </div>
   <div class='ocr_carea' id='block_1_29' title="bbox 645 2823 1605 2889">
    <p class='ocr_par' dir='ltr' id='par_1_29' title="bbox 645 2823 1605 2889">
     <span class='ocr_line' id='line_1_29' title="bbox 645 2823 1605 2889; baseline -0.005 -8"><span class='ocrx_word' id='word_1_128' title='bbox 645 2828 753 2883; x_wconf 86' lang='lat' dir='ltr'><strong>Sed</strong></span> <span class='ocrx_word' id='word_1_129' title='bbox 783 2826 939 2882; x_wconf 90' lang='lat' dir='ltr'><strong>enim</strong></span> <span class='ocrx_word' id='word_1_130' title='bbox 971 2824 1268 2880; x_wconf 90' lang='lat' dir='ltr'><strong>invidente</strong></span> <span class='ocrx_word' id='word_1_131' title='bbox 1302 2823 1605 2889; x_wconf 89' lang='lat' dir='ltr'><strong>comitatu,</strong></span> 
     </span>
    </p>
   </div>
   <div class='ocr_carea' id='block_1_30' title="bbox 649 2911 1981 2988">
    <p class='ocr_par' dir='ltr' id='par_1_30' title="bbox 649 2911 1981 2988">
     <span class='ocr_line' id='line_1_30' title="bbox 649 2911 1981 2988; baseline -0.005 -16"><span class='ocrx_word' id='word_1_132' title='bbox 649 2920 828 2988; x_wconf 90' lang='lat' dir='ltr'><strong>atque</strong></span> <span class='ocrx_word' id='word_1_133' title='bbox 859 2915 1013 2987; x_wconf 92' lang='lat' dir='ltr'><strong>apud</strong></span> <span class='ocrx_word' id='word_1_134' title='bbox 1047 2929 1234 2983; x_wconf 81' lang='lat' dir='ltr'><strong>regem</strong></span> <span class='ocrx_word' id='word_1_135' title='bbox 1268 2911 1667 2969; x_wconf 88' lang='lat' dir='ltr'><strong>calumniante</strong></span> <span class='ocrx_word' id='word_1_136' title='bbox 1696 2911 1981 2967; x_wconf 55' lang='lat' dir='ltr'><strong>Caesarem</strong></span> 
     </span>
    </p>
   </div>
   <div class='ocr_carea' id='block_1_31' title="bbox 649 2999 1794 3073">
    <p class='ocr_par' dir='ltr' id='par_1_31' title="bbox 649 2999 1794 3073">
     <span class='ocr_line' id='line_1_31' title="bbox 649 2999 1794 3073; baseline -0.003 -14"><span class='ocrx_word' id='word_1_137' title='bbox 649 3021 795 3059; x_wconf 87' lang='lat' dir='ltr'><strong>uxor</strong></span> <span class='ocrx_word' id='word_1_138' title='bbox 825 3004 967 3059; x_wconf 92' lang='lat' dir='ltr'><strong>dum</strong></span> <span class='ocrx_word' id='word_1_139' title='bbox 999 3002 1138 3058; x_wconf 85' lang='lat' dir='ltr'><strong>vixit</strong></span> <span class='ocrx_word' id='word_1_140' title='bbox 1168 3001 1498 3058; x_wconf 77' lang='lat' dir='ltr'><strong>calumnias</strong></span> <span class='ocrx_word' id='word_1_141' title='bbox 1530 2999 1794 3073; x_wconf 88' lang='lat' dir='ltr'><strong>dispulit.</strong></span> 
     </span>
    </p>
   </div>
   <div class='ocr_carea' id='block_1_32' title="bbox 644 3089 1764 3166">
    <p class='ocr_par' dir='ltr' id='par_1_32' title="bbox 644 3089 1764 3166">
     <span class='ocr_line' id='line_1_32' title="bbox 644 3089 1764 3166; baseline -0.005 -16"><span class='ocrx_word' id='word_1_142' title='bbox 644 3094 756 3150; x_wconf 90' lang='lat' dir='ltr'><strong>Sed</strong></span> <span class='ocrx_word' id='word_1_143' title='bbox 792 3096 1107 3166; x_wconf 89' lang='lat' dir='ltr'><strong>postquam</strong></span> <span class='ocrx_word' id='word_1_144' title='bbox 1139 3091 1238 3148; x_wconf 91' lang='lat' dir='ltr'><strong>illa</strong></span> <span class='ocrx_word' id='word_1_145' title='bbox 1266 3090 1456 3161; x_wconf 31' lang='lat' dir='ltr'><strong>vitam.</strong></span> <span class='ocrx_word' id='word_1_146' title='bbox 1482 3089 1764 3159; x_wconf 91' lang='lat' dir='ltr'><strong>deseruit,</strong></span> 
     </span>
    </p>
   </div>
   <div class='ocr_carea' id='block_1_33' title="bbox 649 3177 2003 3251">
    <p class='ocr_par' dir='ltr' id='par_1_33' title="bbox 649 3177 2003 3251">
     <span class='ocr_line' id='line_1_33' title="bbox 649 3177 2003 3251; baseline -0.004 -13"><span class='ocrx_word' id='word_1_147' title='bbox 649 3182 849 3239; x_wconf 86' lang='lat' dir='ltr'><strong>statim</strong></span> <span class='ocrx_word' id='word_1_148' title='bbox 881 3182 1119 3243; x_wconf 78' lang='lat' dir='ltr'><strong>Alexius</strong></span> <span class='ocrx_word' id='word_1_149' title='bbox 1154 3180 1361 3236; x_wconf 89' lang='lat' dir='ltr'><strong>mundi</strong></span> <span class='ocrx_word' id='word_1_150' title='bbox 1393 3196 1456 3235; x_wconf 88' lang='lat' dir='ltr'><strong>se</strong></span> <span class='ocrx_word' id='word_1_151' title='bbox 1485 3196 1697 3251; x_wconf 90' lang='lat' dir='ltr'><strong>pompa</strong></span> <span class='ocrx_word' id='word_1_152' title='bbox 1727 3177 2003 3234; x_wconf 89' lang='lat' dir='ltr'><strong>abdicans</strong></span> 
     </span>
    </p>
   </div>
   <div class='ocr_carea' id='block_1_34' title="bbox 642 3268 1849 3343">
    <p class='ocr_par' dir='ltr' id='par_1_34' title="bbox 642 3268 1849 3343">
     <span class='ocr_line' id='line_1_34' title="bbox 642 3268 1849 3343; baseline -0.003 -15"><span class='ocrx_word' id='word_1_153' title='bbox 642 3274 905 3328; x_wconf 70' lang='lat' dir='ltr'><strong>Caesarea</strong></span> <span class='ocrx_word' id='word_1_154' title='bbox 934 3271 1241 3343; x_wconf 86' lang='lat' dir='ltr'><strong>dignitate,</strong></span> <span class='ocrx_word' id='word_1_155' title='bbox 1275 3268 1645 3341; x_wconf 85' lang='lat' dir='ltr'><strong>propinquis,</strong></span> <span class='ocrx_word' id='word_1_156' title='bbox 1675 3268 1849 3334; x_wconf 85' lang='lat' dir='ltr'><strong>caris,</strong></span> 
     </span>
    </p>
   </div>
   <div class='ocr_carea' id='block_1_35' title="bbox 640 3357 1718 3434">
    <p class='ocr_par' dir='ltr' id='par_1_35' title="bbox 640 3357 1718 3434">
     <span class='ocr_line' id='line_1_35' title="bbox 640 3357 1718 3434; baseline -0.006 -17"><span class='ocrx_word' id='word_1_157' title='bbox 640 3361 990 3434; x_wconf 80' lang='lat' dir='ltr'><strong>profanique</strong></span> <span class='ocrx_word' id='word_1_158' title='bbox 1020 3360 1178 3416; x_wconf 89' lang='lat' dir='ltr'><strong>omni</strong></span> <span class='ocrx_word' id='word_1_159' title='bbox 1209 3358 1466 3415; x_wconf 88' lang='lat' dir='ltr'><strong>tumultu</strong></span> <span class='ocrx_word' id='word_1_160' title='bbox 1500 3357 1718 3424; x_wconf 61' lang='lat' dir='ltr'><strong>saeculi,</strong></span> 
     </span>
    </p>
   </div>
   <div class='ocr_carea' id='block_1_36' title="bbox 637 3436 1998 3523">
    <p class='ocr_par' dir='ltr' id='par_1_36' title="bbox 637 3436 1998 3523">
     <span class='ocr_line' id='line_1_36' title="bbox 637 3436 1998 3523; baseline -0.004 -17"><span class='ocrx_word' id='word_1_161' title='bbox 637 3466 953 3523; x_wconf 90' lang='lat' dir='ltr'><strong>pauperem</strong></span> <span class='ocrx_word' id='word_1_162' title='bbox 988 3436 1195 3506; x_wconf 87' lang='lat' dir='ltr'><strong>Christi</strong></span> <span class='ocrx_word' id='word_1_163' title='bbox 1231 3446 1496 3520; x_wconf 84' lang='lat' dir='ltr'><strong>exemplo</strong></span> <span class='ocrx_word' id='word_1_164' title='bbox 1528 3463 1760 3503; x_wconf 89' lang='lat' dir='ltr'><strong>saccum</strong></span> <span class='ocrx_word' id='word_1_165' title='bbox 1787 3445 1998 3517; x_wconf 90' lang='lat' dir='ltr'><strong>induit,</strong></span> 
     </span>
    </p>
   </div>
   <div class='ocr_carea' id='block_1_37' title="bbox 634 3537 1941 3611">
    <p class='ocr_par' dir='ltr' id='par_1_37' title="bbox 634 3537 1941 3611">
     <span class='ocr_line' id='line_1_37' title="bbox 634 3537 1941 3611; baseline -0.004 -15"><span class='ocrx_word' id='word_1_166' title='bbox 634 3541 1087 3611; x_wconf 72' lang='lat' dir='ltr'><strong>cmnobiumque</strong></span> <span class='ocrx_word' id='word_1_167' title='bbox 1119 3543 1291 3595; x_wconf 87' lang='lat' dir='ltr'><strong>tonsa</strong></span> <span class='ocrx_word' id='word_1_168' title='bbox 1320 3554 1489 3595; x_wconf 91' lang='lat' dir='ltr'><strong>coma</strong></span> <span class='ocrx_word' id='word_1_169' title='bbox 1516 3537 1821 3611; x_wconf 88' lang='lat' dir='ltr'><strong>ingressus</strong></span> <span class='ocrx_word' id='word_1_170' title='bbox 1851 3540 1941 3592; x_wconf 90' lang='lat' dir='ltr'><strong>est</strong></span> 
     </span>
    </p>
   </div>
   <div class='ocr_carea' id='block_1_38' title="bbox 634 3625 1987 3698">
    <p class='ocr_par' dir='ltr' id='par_1_38' title="bbox 634 3625 1987 3698">
     <span class='ocr_line' id='line_1_38' title="bbox 634 3625 1987 3698; baseline -0.004 -15"><span class='ocrx_word' id='word_1_171' title='bbox 634 3627 929 3684; x_wconf 81' lang='lat' dir='ltr'><strong>Anthemii</strong></span> <span class='ocrx_word' id='word_1_172' title='bbox 958 3627 1184 3684; x_wconf 86' lang='lat' dir='ltr'><strong>scilicet</strong></span> <span class='ocrx_word' id='word_1_173' title='bbox 1213 3626 1367 3698; x_wconf 90' lang='lat' dir='ltr'><strong>quod</strong></span> <span class='ocrx_word' id='word_1_174' title='bbox 1401 3625 1529 3697; x_wconf 89' lang='lat' dir='ltr'><strong>ipse</strong></span> <span class='ocrx_word' id='word_1_175' title='bbox 1558 3628 1987 3691; x_wconf 84' lang='lat' dir='ltr'><strong>construxerat,</strong></span> 
     </span>
    </p>
   </div>
   <div class='ocr_carea' id='block_1_39' title="bbox 634 3714 1926 3789">
    <p class='ocr_par' dir='ltr' id='par_1_39' title="bbox 634 3714 1926 3789">
     <span class='ocr_line' id='line_1_39' title="bbox 634 3714 1926 3789; baseline -0.002 -18"><span class='ocrx_word' id='word_1_176' title='bbox 634 3717 835 3789; x_wconf 89' lang='lat' dir='ltr'><strong>ibique</strong></span> <span class='ocrx_word' id='word_1_177' title='bbox 866 3716 1192 3773; x_wconf 89' lang='lat' dir='ltr'><strong>monachus</strong></span> <span class='ocrx_word' id='word_1_178' title='bbox 1221 3716 1355 3771; x_wconf 70' lang='lat' dir='ltr'><strong>vita:</strong></span> <span class='ocrx_word' id='word_1_179' title='bbox 1386 3714 1635 3771; x_wconf 85' lang='lat' dir='ltr'><strong>confecit</strong></span> <span class='ocrx_word' id='word_1_180' title='bbox 1666 3730 1926 3770; x_wconf 89' lang='lat' dir='ltr'><strong>cursum.</strong></span> 
     </span>
    </p>
   </div>
   <div class='ocr_carea' id='block_1_40' title="bbox 632 3804 1593 3879">
    <p class='ocr_par' dir='ltr' id='par_1_40' title="bbox 632 3804 1593 3879">
     <span class='ocr_line' id='line_1_40' title="bbox 632 3804 1593 3879; baseline -0.004 -17"><span class='ocrx_word' id='word_1_181' title='bbox 632 3806 776 3862; x_wconf 86' lang='lat' dir='ltr'><strong>Exin</strong></span> <span class='ocrx_word' id='word_1_182' title='bbox 809 3806 1041 3863; x_wconf 81' lang='lat' dir='ltr'><strong>Amorio</strong></span> <span class='ocrx_word' id='word_1_183' title='bbox 1071 3804 1375 3879; x_wconf 86' lang='lat' dir='ltr'><strong>TheOphili</strong></span> <span class='ocrx_word' id='word_1_184' title='bbox 1402 3804 1593 3876; x_wconf 89' lang='lat' dir='ltr'><strong>patria</strong></span> 
     </span>
    </p>
   </div>
   <div class='ocr_carea' id='block_1_41' title="bbox 633 3894 1646 3970">
    <p class='ocr_par' dir='ltr' id='par_1_41' title="bbox 633 3894 1646 3970">
     <span class='ocr_line' id='line_1_41' title="bbox 633 3894 1646 3970; baseline -0.001 -20"><span class='ocrx_word' id='word_1_185' title='bbox 633 3900 1035 3970; x_wconf 84' lang='lat' dir='ltr'><strong>Agarenorum</strong></span> <span class='ocrx_word' id='word_1_186' title='bbox 1068 3900 1237 3967; x_wconf 89' lang='lat' dir='ltr'><strong>capto</strong></span> <span class='ocrx_word' id='word_1_187' title='bbox 1268 3894 1646 3961; x_wconf 85' lang='lat' dir='ltr'><strong>exercitibus,</strong></span> 
     </span>
    </p>
   </div>
   <div class='ocr_carea' id='block_1_42' title="bbox 628 3983 1736 4058">
    <p class='ocr_par' dir='ltr' id='par_1_42' title="bbox 628 3983 1736 4058">
     <span class='ocr_line' id='line_1_42' title="bbox 628 3983 1736 4058; baseline -0.003 -18"><span class='ocrx_word' id='word_1_188' title='bbox 628 3984 1081 4044; x_wconf 85' lang='lat' dir='ltr'><strong>innumerabilis</strong></span> <span class='ocrx_word' id='word_1_189' title='bbox 1110 3986 1283 4042; x_wconf 89' lang='lat' dir='ltr'><strong>turba</strong></span> <span class='ocrx_word' id='word_1_190' title='bbox 1309 3984 1503 4058; x_wconf 87' lang='lat' dir='ltr'><strong>gladio</strong></span> <span class='ocrx_word' id='word_1_191' title='bbox 1536 3983 1736 4057; x_wconf 90' lang='lat' dir='ltr'><strong>periit,</strong></span> 
     </span>
    </p>
   </div>
   <div class='ocr_carea' id='block_1_43' title="bbox 628 4074 1749 4150">
    <p class='ocr_par' dir='ltr' id='par_1_43' title="bbox 628 4074 1749 4150">
     <span class='ocr_line' id='line_1_43' title="bbox 628 4074 1749 4150; baseline -0.004 -17"><span class='ocrx_word' id='word_1_192' title='bbox 628 4076 896 4150; x_wconf 90' lang='lat' dir='ltr'><strong>aliasque</strong></span> <span class='ocrx_word' id='word_1_193' title='bbox 926 4075 1183 4149; x_wconf 90' lang='lat' dir='ltr'><strong>plurima</strong></span> <span class='ocrx_word' id='word_1_194' title='bbox 1214 4074 1480 4133; x_wconf 89' lang='lat' dir='ltr'><strong>servituti</strong></span> <span class='ocrx_word' id='word_1_195' title='bbox 1514 4074 1749 4129; x_wconf 87' lang='lat' dir='ltr'><strong>addicta</strong></span> 
     </span>
    </p>
   </div>
   <div class='ocr_carea' id='block_1_44' title="bbox 628 4165 1743 4237">
    <p class='ocr_par' dir='ltr' id='par_1_44' title="bbox 628 4165 1743 4237">
     <span class='ocr_line' id='line_1_44' title="bbox 628 4165 1743 4237; baseline -0.006 -14"><span class='ocrx_word' id='word_1_196' title='bbox 628 4167 700 4223; x_wconf 93' lang='lat' dir='ltr'><strong>ad</strong></span> <span class='ocrx_word' id='word_1_197' title='bbox 732 4166 1022 4223; x_wconf 87' lang='lat' dir='ltr'><strong>Barbaros</strong></span> <span class='ocrx_word' id='word_1_198' title='bbox 1043 4166 1179 4237; x_wconf 86' lang='lat' dir='ltr'><strong>jure</strong></span> <span class='ocrx_word' id='word_1_199' title='bbox 1210 4165 1345 4223; x_wconf 91' lang='lat' dir='ltr'><strong>belli</strong></span> <span class='ocrx_word' id='word_1_200' title='bbox 1378 4165 1585 4221; x_wconf 85' lang='lat' dir='ltr'><strong>abacta</strong></span> <span class='ocrx_word' id='word_1_201' title='bbox 1615 4167 1743 4218; x_wconf 89' lang='lat' dir='ltr'><strong>est:</strong></span> 
     </span>
    </p>
   </div>
   <div class='ocr_carea' id='block_1_45' title="bbox 625 4253 1746 4328">
    <p class='ocr_par' dir='ltr' id='par_1_45' title="bbox 625 4253 1746 4328">
     <span class='ocr_line' id='line_1_45' title="bbox 625 4253 1746 4328; baseline -0.003 -16"><span class='ocrx_word' id='word_1_202' title='bbox 625 4260 799 4328; x_wconf 90' lang='lat' dir='ltr'><strong>atque</strong></span> <span class='ocrx_word' id='word_1_203' title='bbox 830 4256 888 4312; x_wconf 91' lang='lat' dir='ltr'><strong>in</strong></span> <span class='ocrx_word' id='word_1_204' title='bbox 914 4256 1009 4312; x_wconf 91' lang='lat' dir='ltr'><strong>his</strong></span> <span class='ocrx_word' id='word_1_205' title='bbox 1040 4259 1208 4312; x_wconf 90' lang='lat' dir='ltr'><strong>erant</strong></span> <span class='ocrx_word' id='word_1_206' title='bbox 1237 4254 1534 4327; x_wconf 86' lang='lat' dir='ltr'><strong>legionum</strong></span> <span class='ocrx_word' id='word_1_207' title='bbox 1569 4253 1746 4309; x_wconf 88' lang='lat' dir='ltr'><strong>duces</strong></span> 
     </span>
    </p>
   </div>
   <div class='ocr_carea' id='block_1_46' title="bbox 623 4344 1710 4421">
    <p class='ocr_par' dir='ltr' id='par_1_46' title="bbox 623 4344 1710 4421">
     <span class='ocr_line' id='line_1_46' title="bbox 623 4344 1710 4421; baseline -0.004 -20"><span class='ocrx_word' id='word_1_208' title='bbox 623 4345 746 4402; x_wconf 91' lang='lat' dir='ltr'><strong>illic</strong></span> <span class='ocrx_word' id='word_1_209' title='bbox 765 4344 1118 4421; x_wconf 87' lang='lat' dir='ltr'><strong>bellantium</strong></span> <span class='ocrx_word' id='word_1_210' title='bbox 1150 4344 1541 4416; x_wconf 83' lang='lat' dir='ltr'><strong>quadraginta</strong></span> <span class='ocrx_word' id='word_1_211' title='bbox 1570 4344 1710 4410; x_wconf 93' lang='lat' dir='ltr'><strong>duo,</strong></span> 
     </span>
    </p>
   </div>
   <div class='ocr_carea' id='block_1_47' title="bbox 624 4434 1889 4508">
    <p class='ocr_par' dir='ltr' id='par_1_47' title="bbox 624 4434 1889 4508">
     <span class='ocr_line' id='line_1_47' title="bbox 624 4434 1889 4508; baseline -0.005 -17"><span class='ocrx_word' id='word_1_212' title='bbox 624 4435 724 4507; x_wconf 91' lang='lat' dir='ltr'><strong>qui</strong></span> <span class='ocrx_word' id='word_1_213' title='bbox 757 4436 933 4492; x_wconf 90' lang='lat' dir='ltr'><strong>etiam</strong></span> <span class='ocrx_word' id='word_1_214' title='bbox 957 4439 1245 4508; x_wconf 89' lang='lat' dir='ltr'><strong>martyres</strong></span> <span class='ocrx_word' id='word_1_215' title='bbox 1275 4435 1528 4504; x_wconf 91' lang='lat' dir='ltr'><strong>denique</strong></span> <span class='ocrx_word' id='word_1_216' title='bbox 1555 4434 1889 4488; x_wconf 87' lang='lat' dir='ltr'><strong>evaserunt.</strong></span> 
     </span>
    </p>
   </div>
   <div class='ocr_carea' id='block_1_48' title="bbox 622 4520 1884 4594">
    <p class='ocr_par' dir='ltr' id='par_1_48' title="bbox 622 4520 1884 4594">
     <span class='ocr_line' id='line_1_48' title="bbox 622 4520 1884 4594; baseline -0.004 -14"><span class='ocrx_word' id='word_1_217' title='bbox 622 4530 741 4582; x_wconf 85' lang='lat' dir='ltr'><strong>Hos</strong></span> <span class='ocrx_word' id='word_1_218' title='bbox 772 4531 839 4581; x_wconf 92' lang='lat' dir='ltr'><strong>ut</strong></span> <span class='ocrx_word' id='word_1_219' title='bbox 868 4526 1181 4581; x_wconf 89' lang='lat' dir='ltr'><strong>redimeret</strong></span> <span class='ocrx_word' id='word_1_220' title='bbox 1210 4541 1307 4580; x_wconf 88' lang='lat' dir='ltr'><strong>rex</strong></span> <span class='ocrx_word' id='word_1_221' title='bbox 1340 4524 1692 4594; x_wconf 88' lang='lat' dir='ltr'><strong>legationem</strong></span> <span class='ocrx_word' id='word_1_222' title='bbox 1722 4520 1884 4576; x_wconf 79' lang='lat' dir='ltr'><strong>misit</strong></span> 
     </span>
    </p>
   </div>
   <div class='ocr_carea' id='block_1_49' title="bbox 620 4612 1613 4685">
    <p class='ocr_par' dir='ltr' id='par_1_49' title="bbox 620 4612 1613 4685">
     <span class='ocr_line' id='line_1_49' title="bbox 620 4612 1613 4685; baseline -0.002 -16"><span class='ocrx_word' id='word_1_223' title='bbox 620 4613 1056 4685; x_wconf 83' lang='lat' dir='ltr'><strong>significantem</strong></span> <span class='ocrx_word' id='word_1_224' title='bbox 1087 4612 1339 4669; x_wconf 86' lang='lat' dir='ltr'><strong>Persidis</strong></span> <span class='ocrx_word' id='word_1_225' title='bbox 1369 4616 1613 4684; x_wconf 78' lang='lat' dir='ltr'><strong>tyranno</strong></span> 
     </span>
    </p>
   </div>
   <div class='ocr_carea' id='block_1_50' title="bbox 620 4701 1761 4774">
    <p class='ocr_par' dir='ltr' id='par_1_50' title="bbox 620 4701 1761 4774">
     <span class='ocr_line' id='line_1_50' title="bbox 620 4701 1761 4774; baseline 0 -18"><span class='ocrx_word' id='word_1_226' title='bbox 620 4707 687 4757; x_wconf 88' lang='lat' dir='ltr'><strong>ut</strong></span> <span class='ocrx_word' id='word_1_227' title='bbox 708 4703 815 4760; x_wconf 93' lang='lat' dir='ltr'><strong>hos</strong></span> <span class='ocrx_word' id='word_1_228' title='bbox 846 4702 1174 4759; x_wconf 88' lang='lat' dir='ltr'><strong>dimitteret</strong></span> <span class='ocrx_word' id='word_1_229' title='bbox 1205 4702 1459 4774; x_wconf 89' lang='lat' dir='ltr'><strong>acceptis</strong></span> <span class='ocrx_word' id='word_1_230' title='bbox 1492 4701 1761 4757; x_wconf 90' lang='lat' dir='ltr'><strong>redimiis</strong></span> 
     </span>
    </p>
   </div>
   <div class='ocr_carea' id='block_1_51' title="bbox 622 4789 1683 4865">
    <p class='ocr_par' dir='ltr' id='par_1_51' title="bbox 622 4789 1683 4865">
     <span class='ocr_line' id='line_1_51' title="bbox 622 4789 1683 4865; baseline -0.005 -16"><span class='ocrx_word' id='word_1_231' title='bbox 622 4792 979 4849; x_wconf 90' lang='lat' dir='ltr'><strong>centenariis</strong></span> <span class='ocrx_word' id='word_1_232' title='bbox 1007 4796 1262 4865; x_wconf 87' lang='lat' dir='ltr'><strong>quatuor</strong></span> <span class='ocrx_word' id='word_1_233' title='bbox 1293 4808 1428 4847; x_wconf 92' lang='lat' dir='ltr'><strong>cum</strong></span> <span class='ocrx_word' id='word_1_234' title='bbox 1461 4789 1683 4861; x_wconf 85' lang='lat' dir='ltr'><strong>viginti.</strong></span> 
     </span>
    </p>
   </div>
   <div class='ocr_carea' id='block_1_52' title="bbox 617 4879 1826 4953">
    <p class='ocr_par' dir='ltr' id='par_1_52' title="bbox 617 4879 1826 4953">
     <span class='ocr_line' id='line_1_52' title="bbox 617 4879 1826 4953; baseline -0.003 -16"><span class='ocrx_word' id='word_1_235' title='bbox 617 4883 730 4938; x_wconf 87' lang='lat' dir='ltr'><strong>Sed</strong></span> <span class='ocrx_word' id='word_1_236' title='bbox 762 4881 938 4937; x_wconf 89' lang='lat' dir='ltr'><strong>verba</strong></span> <span class='ocrx_word' id='word_1_237' title='bbox 969 4884 1323 4953; x_wconf 87' lang='lat' dir='ltr'><strong>respuerunt</strong></span> <span class='ocrx_word' id='word_1_238' title='bbox 1341 4896 1512 4935; x_wconf 89' lang='lat' dir='ltr'><strong>aures</strong></span> <span class='ocrx_word' id='word_1_239' title='bbox 1543 4879 1826 4934; x_wconf 65' lang='lat' dir='ltr'><strong>barbaras.</strong></span> 
     </span>
    </p>
   </div>
   <div class='ocr_carea' id='block_1_53' title="bbox 622 4968 1932 5043">
    <p class='ocr_par' dir='ltr' id='par_1_53' title="bbox 622 4968 1932 5043">
     <span class='ocr_line' id='line_1_53' title="bbox 622 4968 1932 5043; baseline -0.001 -15"><span class='ocrx_word' id='word_1_240' title='bbox 622 4974 811 5037; x_wconf 86' lang='lat' dir='ltr'><strong>Quare</strong></span> <span class='ocrx_word' id='word_1_241' title='bbox 840 4972 1158 5043; x_wconf 88' lang='lat' dir='ltr'><strong>imperator</strong></span> <span class='ocrx_word' id='word_1_242' title='bbox 1188 4971 1360 5041; x_wconf 86' lang='lat' dir='ltr'><strong>longo</strong></span> <span class='ocrx_word' id='word_1_243' title='bbox 1392 4986 1637 5025; x_wconf 76' lang='lat' dir='ltr'><strong>mmrore</strong></span> <span class='ocrx_word' id='word_1_244' title='bbox 1668 4968 1932 5027; x_wconf 76' lang='lat' dir='ltr'><strong>allectus.</strong></span> 
     </span>
    </p>
   </div>
   <div class='ocr_carea' id='block_1_54' title="bbox 623 5057 1902 5130">
    <p class='ocr_par' dir='ltr' id='par_1_54' title="bbox 623 5057 1902 5130">
     <span class='ocr_line' id='line_1_54' title="bbox 623 5057 1902 5130; baseline -0.004 -12"><span class='ocrx_word' id='word_1_245' title='bbox 623 5064 924 5119; x_wconf 84' lang='lat' dir='ltr'><strong>contracto</strong></span> <span class='ocrx_word' id='word_1_246' title='bbox 958 5062 1162 5117; x_wconf 92' lang='lat' dir='ltr'><strong>morbo</strong></span> <span class='ocrx_word' id='word_1_247' title='bbox 1195 5060 1409 5116; x_wconf 87' lang='lat' dir='ltr'><strong>misere</strong></span> <span class='ocrx_word' id='word_1_248' title='bbox 1434 5057 1671 5130; x_wconf 91' lang='lat' dir='ltr'><strong>abrupit</strong></span> <span class='ocrx_word' id='word_1_249' title='bbox 1700 5058 1902 5129; x_wconf 91' lang='lat' dir='ltr'><strong>vitam,</strong></span> 
     </span>
    </p>
   </div>
   <div class='ocr_carea' id='block_1_55' title="bbox 620 5149 1871 5223">
    <p class='ocr_par' dir='ltr' id='par_1_55' title="bbox 620 5149 1871 5223">
     <span class='ocr_line' id='line_1_55' title="bbox 620 5149 1871 5223; baseline -0.003 -16"><span class='ocrx_word' id='word_1_250' title='bbox 620 5167 858 5208; x_wconf 89' lang='lat' dir='ltr'><strong>uxorem</strong></span> <span class='ocrx_word' id='word_1_251' title='bbox 886 5154 1062 5222; x_wconf 80' lang='lat' dir='ltr'><strong>atque</strong></span> <span class='ocrx_word' id='word_1_252' title='bbox 1086 5150 1398 5223; x_wconf 87' lang='lat' dir='ltr'><strong>optimates</strong></span> <span class='ocrx_word' id='word_1_253' title='bbox 1426 5149 1594 5204; x_wconf 89' lang='lat' dir='ltr'><strong>valde</strong></span> <span class='ocrx_word' id='word_1_254' title='bbox 1624 5164 1871 5204; x_wconf 85' lang='lat' dir='ltr'><strong>exorans</strong></span> 
     </span>
    </p>
   </div>
   <div class='ocr_carea' id='block_1_56' title="bbox 618 5238 1696 5310">
    <p class='ocr_par' dir='ltr' id='par_1_56' title="bbox 618 5238 1696 5310">
     <span class='ocr_line' id='line_1_56' title="bbox 618 5238 1696 5310; baseline -0.004 -13"><span class='ocrx_word' id='word_1_255' title='bbox 618 5246 685 5297; x_wconf 90' lang='lat' dir='ltr'><strong>ut</strong></span> <span class='ocrx_word' id='word_1_256' title='bbox 710 5239 1031 5297; x_wconf 91' lang='lat' dir='ltr'><strong>abolendos</strong></span> <span class='ocrx_word' id='word_1_257' title='bbox 1062 5244 1340 5295; x_wconf 80' lang='lat' dir='ltr'><strong>curarent</strong></span> <span class='ocrx_word' id='word_1_258' title='bbox 1368 5238 1696 5310; x_wconf 86' lang='lat' dir='ltr'><strong>imagines;</strong></span> 
     </span>
    </p>
   </div>
   <div class='ocr_carea' id='block_1_57' title="bbox 620 5328 1987 5403">
    <p class='ocr_par' dir='ltr' id='par_1_57' title="bbox 620 5328 1987 5403">
     <span class='ocr_line' id='line_1_57' title="bbox 620 5328 1987 5403; baseline -0.002 -16"><span class='ocrx_word' id='word_1_259' title='bbox 620 5335 797 5403; x_wconf 89' lang='lat' dir='ltr'><strong>atque</strong></span> <span class='ocrx_word' id='word_1_260' title='bbox 829 5335 893 5387; x_wconf 91' lang='lat' dir='ltr'><strong>ut</strong></span> <span class='ocrx_word' id='word_1_261' title='bbox 920 5330 1211 5386; x_wconf 87' lang='lat' dir='ltr'><strong>Joannem</strong></span> <span class='ocrx_word' id='word_1_262' title='bbox 1244 5328 1479 5401; x_wconf 90' lang='lat' dir='ltr'><strong>lupum,</strong></span> <span class='ocrx_word' id='word_1_263' title='bbox 1515 5344 1629 5384; x_wconf 89' lang='lat' dir='ltr'><strong>non</strong></span> <span class='ocrx_word' id='word_1_264' title='bbox 1664 5330 1987 5399; x_wconf 83' lang='lat' dir='ltr'><strong>pastorem,</strong></span> 
     </span>
    </p>
   </div>
   <div class='ocr_carea' id='block_1_58' title="bbox 620 5417 1862 5478">
    <p class='ocr_par' dir='ltr' id='par_1_58' title="bbox 620 5417 1862 5478">
     <span class='ocr_line' id='line_1_58' title="bbox 620 5417 1862 5478; baseline -0.005 -1"><span class='ocrx_word' id='word_1_265' title='bbox 620 5420 889 5478; x_wconf 64' lang='lat' dir='ltr'><strong>Ecclesia:</strong></span> <span class='ocrx_word' id='word_1_266' title='bbox 919 5420 1262 5477; x_wconf 88' lang='lat' dir='ltr'><strong>cathedram</strong></span> <span class='ocrx_word' id='word_1_267' title='bbox 1296 5417 1550 5475; x_wconf 87' lang='lat' dir='ltr'><strong>retinere</strong></span> <span class='ocrx_word' id='word_1_268' title='bbox 1580 5417 1862 5474; x_wconf 85' lang='lat' dir='ltr'><strong>sinerent.</strong></span> 
     </span>
    </p>
   </div>
   <div class='ocr_carea' id='block_1_59' title="bbox 692 5598 1305 5677">
    <p class='ocr_par' dir='ltr' id='par_1_59' title="bbox 692 5598 1305 5677">
     <span class='ocr_line' id='line_1_59' title="bbox 692 5598 1305 5677; baseline -0.008 -18"><span class='ocrx_word' id='word_1_269' title='bbox 692 5602 808 5675; x_wconf 84' lang='grc'><strong>(37)</strong></span> <span class='ocrx_word' id='word_1_270' title='bbox 838 5602 975 5661; x_wconf 84' lang='lat' dir='ltr'><strong>God.</strong></span> <span class='ocrx_word' id='word_1_271' title='bbox 1002 5598 1305 5677; x_wconf 81' lang='grc' dir='ltr'>τετραπλῆ.</span> 
     </span>
    </p>
   </div>
   <div class='ocr_carea' id='block_1_60' title="bbox 2330 504 2387 570">
    <p class='ocr_par' dir='ltr' id='par_1_60' title="bbox 2330 504 2387 570">
     <span class='ocr_line' id='line_1_60' title="bbox 2330 504 2387 570; baseline 0 0"><span class='ocrx_word' id='word_1_272' title='bbox 2330 504 2387 570; x_wconf 80' lang='lat' dir='ltr'><strong>A</strong></span> 
     </span>
    </p>
   </div>
   <div class='ocr_carea' id='block_1_61' title="bbox 2328 1869 2376 1936">
    <p class='ocr_par' dir='ltr' id='par_1_61' title="bbox 2328 1869 2376 1936">
     <span class='ocr_line' id='line_1_61' title="bbox 2328 1869 2376 1936; baseline 0 0"><span class='ocrx_word' id='word_1_273' title='bbox 2328 1869 2376 1936; x_wconf 87' lang='lat' dir='ltr'><strong>B</strong></span> 
     </span>
    </p>
   </div>
   <div class='ocr_carea' id='block_1_62' title="bbox 2318 3233 2362 3302">
    <p class='ocr_par' dir='ltr' id='par_1_62' title="bbox 2318 3233 2362 3302">
     <span class='ocr_line' id='line_1_62' title="bbox 2318 3233 2362 3302; baseline 0 0"><span class='ocrx_word' id='word_1_274' title='bbox 2318 3233 2362 3302; x_wconf 92' lang='lat' dir='ltr'><strong>C</strong></span> 
     </span>
    </p>
   </div>
   <div class='ocr_carea' id='block_1_63' title="bbox 2304 4602 2353 4668">
    <p class='ocr_par' dir='ltr' id='par_1_63' title="bbox 2304 4602 2353 4668">
     <span class='ocr_line' id='line_1_63' title="bbox 2304 4602 2353 4668; baseline 0 0"><span class='ocrx_word' id='word_1_275' title='bbox 2304 4602 2353 4668; x_wconf 94' lang='lat' dir='ltr'><strong>D</strong></span> 
     </span>
    </p>
   </div>
   <div class='ocr_carea' id='block_1_64' title="bbox 2590 503 3821 589">
    <p class='ocr_par' dir='ltr' id='par_1_64' title="bbox 2590 503 3821 589">
     <span class='ocr_line' id='line_1_64' title="bbox 2590 503 3821 589; baseline 0.015 -33"><span class='ocrx_word' id='word_1_276' title='bbox 2590 503 2691 565; x_wconf 83' lang='grc' dir='ltr'><strong>Τὰς</strong></span> <span class='ocrx_word' id='word_1_277' title='bbox 2721 505 2773 559; x_wconf 81' lang='grc' dir='ltr'><strong>έν</strong></span> <span class='ocrx_word' id='word_1_278' title='bbox 2804 505 3130 581; x_wconf 77' lang='grc' dir='ltr'><strong>κατόπτροις</strong></span> <span class='ocrx_word' id='word_1_279' title='bbox 3154 507 3411 587; x_wconf 78' lang='grc' dir='ltr'>έμφάσεις</span> <span class='ocrx_word' id='word_1_280' title='bbox 3444 512 3679 589; x_wconf 83' lang='grc' dir='ltr'>λέγουσά</span> <span class='ocrx_word' id='word_1_281' title='bbox 3707 538 3821 583; x_wconf 87' lang='grc' dir='ltr'><strong>πως</strong></span> 
     </span>
    </p>
   </div>
   <div class='ocr_carea' id='block_1_65' title="bbox 2589 593 3654 676">
    <p class='ocr_par' dir='ltr' id='par_1_65' title="bbox 2589 593 3654 676">
     <span class='ocr_line' id='line_1_65' title="bbox 2589 593 3654 676; baseline 0.013 -30"><span class='ocrx_word' id='word_1_282' title='bbox 2589 596 2819 670; x_wconf 82' lang='grc' dir='ltr'>Μορφῆς</span> <span class='ocrx_word' id='word_1_283' title='bbox 2849 593 2989 667; x_wconf 87' lang='grc' dir='ltr'><strong>έμῆς</strong></span> <span class='ocrx_word' id='word_1_284' title='bbox 3021 593 3153 651; x_wconf 70' lang='grc' dir='ltr'>ἴδεῖν</span> <span class='ocrx_word' id='word_1_285' title='bbox 3180 618 3239 652; x_wconf 87' lang='grc' dir='ltr'><strong>τε</strong></span> <span class='ocrx_word' id='word_1_286' title='bbox 3269 601 3468 676; x_wconf 77' lang='grc' dir='ltr'>φράσαι</span> <span class='ocrx_word' id='word_1_287' title='bbox 3493 603 3654 663; x_wconf 76' lang='grc' dir='ltr'>νινία.</span> 
     </span>
    </p>
   </div>
   <div class='ocr_carea' id='block_1_66' title="bbox 2591 679 3739 769">
    <p class='ocr_par' dir='ltr' id='par_1_66' title="bbox 2591 679 3739 769">
     <span class='ocr_line' id='line_1_66' title="bbox 2591 679 3739 769; baseline 0.01 -32"><span class='ocrx_word' id='word_1_288' title='bbox 2591 679 2748 737; x_wconf 78' lang='grc' dir='ltr'>Οὕτω</span> <span class='ocrx_word' id='word_1_289' title='bbox 2780 683 2954 755; x_wconf 79' lang='grc' dir='ltr'>θυμοῦ</span> <span class='ocrx_word' id='word_1_290' title='bbox 2986 679 3260 740; x_wconf 81' lang='grc' dir='ltr'>σϐέννυσιν</span> <span class='ocrx_word' id='word_1_291' title='bbox 3294 688 3520 745; x_wconf 78' lang='grc' dir='ltr'>εἰποῦσα</span> <span class='ocrx_word' id='word_1_292' title='bbox 3540 690 3739 769; x_wconf 87' lang='grc' dir='ltr'>φλόγα.</span> 
     </span>
    </p>
   </div>
   <div class='ocr_carea' id='block_1_67' title="bbox 2587 770 3642 852">
    <p class='ocr_par' dir='ltr' id='par_1_67' title="bbox 2587 770 3642 852">
     <span class='ocr_line' id='line_1_67' title="bbox 2587 770 3642 852; baseline 0.009 -26"><span class='ocrx_word' id='word_1_293' title='bbox 2587 770 2759 834; x_wconf 86' lang='grc' dir='ltr'>Οὗτος</span> <span class='ocrx_word' id='word_1_294' title='bbox 2791 770 3045 846; x_wconf 84' lang='grc' dir='ltr'>βασιλεὺς</span> <span class='ocrx_word' id='word_1_295' title='bbox 3077 773 3343 852; x_wconf 76' lang='grc' dir='ltr'>Θεόφιλος</span> <span class='ocrx_word' id='word_1_296' title='bbox 3370 776 3642 844; x_wconf 76' lang='grc' dir='ltr'><strong>πολλάκις</strong></span> 
     </span>
    </p>
   </div>
   <div class='ocr_carea' id='block_1_68' title="bbox 2409 857 3807 945">
    <p class='ocr_par' dir='ltr' id='par_1_68' title="bbox 2409 857 3807 945">
     <span class='ocr_line' id='line_1_68' title="bbox 2409 857 3807 945; baseline 0.011 -33"><span class='ocrx_word' id='word_1_297' title='bbox 2409 857 2553 913; x_wconf 87' lang='grc'>2365</span> <span class='ocrx_word' id='word_1_298' title='bbox 2590 859 2689 914; x_wconf 84' lang='grc' dir='ltr'>Καὶ</span> <span class='ocrx_word' id='word_1_299' title='bbox 2726 857 2794 914; x_wconf 88' lang='grc' dir='ltr'>δι’</span> <span class='ocrx_word' id='word_1_300' title='bbox 2826 861 3017 916; x_wconf 73' lang='grc' dir='ltr'>ἑαυτοῦ</span> <span class='ocrx_word' id='word_1_301' title='bbox 3045 863 3134 917; x_wconf 86' lang='grc' dir='ltr'><strong>καὶ</strong></span> <span class='ocrx_word' id='word_1_302' title='bbox 3167 871 3488 942; x_wconf 83' lang='grc' dir='ltr'>στρατηγῶν</span> <span class='ocrx_word' id='word_1_303' title='bbox 3513 871 3807 945; x_wconf 82' lang='grc' dir='ltr'>ταγμάτων</span> 
     </span>
    </p>
   </div>
   <div class='ocr_carea' id='block_1_69' title="bbox 2592 948 3831 1034">
    <p class='ocr_par' dir='ltr' id='par_1_69' title="bbox 2592 948 3831 1034">
     <span class='ocr_line' id='line_1_69' title="bbox 2592 948 3831 1034; baseline 0.012 -32"><span class='ocrx_word' id='word_1_304' title='bbox 2592 948 2817 1004; x_wconf 83' lang='grc' dir='ltr'>Ἀλλων</span> <span class='ocrx_word' id='word_1_305' title='bbox 2847 970 2905 1005; x_wconf 92' lang='grc' dir='ltr'><strong>τε</strong></span> <span class='ocrx_word' id='word_1_306' title='bbox 2932 949 3162 1007; x_wconf 82' lang='grc' dir='ltr'>πολλῶν</span> <span class='ocrx_word' id='word_1_307' title='bbox 3194 952 3480 1031; x_wconf 89' lang='grc' dir='ltr'>ἀνδρικῶν.</span> <span class='ocrx_word' id='word_1_308' title='bbox 3514 956 3831 1034; x_wconf 83' lang='grc' dir='ltr'>εύκαρδίων,</span> 
     </span>
    </p>
   </div>
   <div class='ocr_carea' id='block_1_70' title="bbox 2587 1036 3741 1125">
    <p class='ocr_par' dir='ltr' id='par_1_70' title="bbox 2587 1036 3741 1125">
     <span class='ocr_line' id='line_1_70' title="bbox 2587 1036 3741 1125; baseline 0.012 -35"><span class='ocrx_word' id='word_1_309' title='bbox 2587 1038 2852 1108; x_wconf 75' lang='grc' dir='ltr'>Μανουήλ</span> <span class='ocrx_word' id='word_1_310' title='bbox 2884 1036 2931 1093; x_wconf 88' lang='grc' dir='ltr'>δ’</span> <span class='ocrx_word' id='word_1_311' title='bbox 2963 1042 3072 1116; x_wconf 80' lang='grc' dir='ltr'>οὐχ</span> <span class='ocrx_word' id='word_1_312' title='bbox 3101 1042 3296 1111; x_wconf 73' lang='grc' dir='ltr'>ἥκιστα</span> <span class='ocrx_word' id='word_1_313' title='bbox 3319 1045 3409 1100; x_wconf 77' lang='grc' dir='ltr'>καὶ</span> <span class='ocrx_word' id='word_1_314' title='bbox 3439 1044 3741 1125; x_wconf 77' lang='grc' dir='ltr'>Θεοφόϐου,</span> 
     </span>
    </p>
   </div>
   <div class='ocr_carea' id='block_1_71' title="bbox 2585 1128 3761 1205">
    <p class='ocr_par' dir='ltr' id='par_1_71' title="bbox 2585 1128 3761 1205">
     <span class='ocr_line' id='line_1_71' title="bbox 2585 1128 3761 1205; baseline 0.011 -24"><span class='ocrx_word' id='word_1_315' title='bbox 2585 1128 2781 1203; x_wconf 77' lang='grc' dir='ltr'>Μάχας</span> <span class='ocrx_word' id='word_1_316' title='bbox 2804 1130 3085 1205; x_wconf 81' lang='grc' dir='ltr'>κατώρθου</span> <span class='ocrx_word' id='word_1_317' title='bbox 3116 1132 3377 1188; x_wconf 89' lang='grc' dir='ltr'>κτιννύων</span> <span class='ocrx_word' id='word_1_318' title='bbox 3409 1134 3761 1202; x_wconf 85' lang='grc' dir='ltr'>ἀντιπάλους·</span> 
     </span>
    </p>
   </div>
   <div class='ocr_carea' id='block_1_72' title="bbox 2586 1217 3670 1298">
    <p class='ocr_par' dir='ltr' id='par_1_72' title="bbox 2586 1217 3670 1298">
     <span class='ocr_line' id='line_1_72' title="bbox 2586 1217 3670 1298; baseline 0.008 -26"><span class='ocrx_word' id='word_1_319' title='bbox 2586 1217 2793 1286; x_wconf 75' lang='grc' dir='ltr'>’Ήστην</span> <span class='ocrx_word' id='word_1_320' title='bbox 2823 1218 2924 1293; x_wconf 81' lang='grc' dir='ltr'>γὰρ</span> <span class='ocrx_word' id='word_1_321' title='bbox 2955 1218 3120 1297; x_wconf 81' lang='grc' dir='ltr'>ἄμφω</span> <span class='ocrx_word' id='word_1_322' title='bbox 3151 1218 3338 1295; x_wconf 79' lang='grc' dir='ltr'>δεξιὼ,</span> <span class='ocrx_word' id='word_1_323' title='bbox 3371 1221 3670 1298; x_wconf 79' lang='grc' dir='ltr'>ῥωμαλέω,</span> 
     </span>
    </p>
   </div>
   <div class='ocr_carea' id='block_1_73' title="bbox 2408 1304 3785 1387">
    <p class='ocr_par' dir='ltr' id='par_1_73' title="bbox 2408 1304 3785 1387">
     <span class='ocr_line' id='line_1_73' title="bbox 2408 1304 3785 1387; baseline 0.007 -27"><span class='ocrx_word' id='word_1_324' title='bbox 2408 1305 2551 1361; x_wconf 86' lang='grc'><strong>2370</strong></span> <span class='ocrx_word' id='word_1_325' title='bbox 2588 1304 2694 1360; x_wconf 81' lang='grc' dir='ltr'><strong>Καὶ</strong></span> <span class='ocrx_word' id='word_1_326' title='bbox 2722 1309 2829 1360; x_wconf 90' lang='grc' dir='ltr'><strong>τῶν</strong></span> <span class='ocrx_word' id='word_1_327' title='bbox 2856 1307 2993 1361; x_wconf 87' lang='grc' dir='ltr'><strong>κατά</strong></span> <span class='ocrx_word' id='word_1_328' title='bbox 3022 1311 3157 1385; x_wconf 81' lang='grc' dir='ltr'>σφᾶς</span> <span class='ocrx_word' id='word_1_329' title='bbox 3186 1307 3405 1374; x_wconf 85' lang='grc' dir='ltr'>οὐδενὸς</span> <span class='ocrx_word' id='word_1_330' title='bbox 3438 1309 3785 1387; x_wconf 83' lang='grc' dir='ltr'>λελειμμένω</span> 
     </span>
    </p>
   </div>
   <div class='ocr_carea' id='block_1_74' title="bbox 2585 1390 3739 1477">
    <p class='ocr_par' dir='ltr' id='par_1_74' title="bbox 2585 1390 3739 1477">
     <span class='ocr_line' id='line_1_74' title="bbox 2585 1390 3739 1477; baseline 0.007 -28"><span class='ocrx_word' id='word_1_331' title='bbox 2585 1390 2915 1469; x_wconf 76' lang='grc' dir='ltr'>Εὐανδρίαις</span> <span class='ocrx_word' id='word_1_332' title='bbox 2936 1415 2996 1451; x_wconf 91' lang='grc' dir='ltr'><strong>τε</strong></span> <span class='ocrx_word' id='word_1_333' title='bbox 3023 1395 3114 1451; x_wconf 84' lang='grc' dir='ltr'><strong>καὶ</strong></span> <span class='ocrx_word' id='word_1_334' title='bbox 3146 1394 3341 1461; x_wconf 90' lang='grc' dir='ltr'>καλαῖς</span> <span class='ocrx_word' id='word_1_335' title='bbox 3366 1401 3739 1477; x_wconf 78' lang='grc' dir='ltr'>στρατηγίαις.</span> 
     </span>
    </p>
   </div>
   <div class='ocr_carea' id='block_1_75' title="bbox 2584 1483 3775 1565">
    <p class='ocr_par' dir='ltr' id='par_1_75' title="bbox 2584 1483 3775 1565">
     <span class='ocr_line' id='line_1_75' title="bbox 2584 1483 3775 1565; baseline 0.008 -26"><span class='ocrx_word' id='word_1_336' title='bbox 2584 1483 2689 1539; x_wconf 84' lang='grc' dir='ltr'>Καὶ</span> <span class='ocrx_word' id='word_1_337' title='bbox 2720 1489 2882 1561; x_wconf 87' lang='grc' dir='ltr'>χεῖρα</span> <span class='ocrx_word' id='word_1_338' title='bbox 2913 1484 2961 1540; x_wconf 88' lang='grc' dir='ltr'>δ’</span> <span class='ocrx_word' id='word_1_339' title='bbox 2989 1487 3106 1562; x_wconf 73' lang='grc' dir='ltr'>εἶχε</span> <span class='ocrx_word' id='word_1_340' title='bbox 3135 1488 3451 1565; x_wconf 69' lang='grc' dir='ltr'>φιλόιιμον.</span> <span class='ocrx_word' id='word_1_341' title='bbox 3482 1490 3775 1563; x_wconf 78' lang='grc' dir='ltr'>πλουσίαν,</span> 
     </span>
    </p>
   </div>
   <div class='ocr_carea' id='block_1_76' title="bbox 2585 1572 3651 1654">
    <p class='ocr_par' dir='ltr' id='par_1_76' title="bbox 2585 1572 3651 1654">
     <span class='ocr_line' id='line_1_76' title="bbox 2585 1572 3651 1654; baseline 0.008 -24"><span class='ocrx_word' id='word_1_342' title='bbox 2585 1572 2969 1649; x_wconf 79' lang='grc' dir='ltr'>Εὐεργετικὴν,</span> <span class='ocrx_word' id='word_1_343' title='bbox 3004 1574 3317 1654; x_wconf 75' lang='grc' dir='ltr'>φιλόδωρον</span> <span class='ocrx_word' id='word_1_344' title='bbox 3350 1579 3430 1643; x_wconf 79' lang='grc' dir='ltr'>εἲς</span> <span class='ocrx_word' id='word_1_345' title='bbox 3461 1580 3651 1646; x_wconf 77' lang='grc' dir='ltr'>ὅλους·</span> 
     </span>
    </p>
   </div>
   <div class='ocr_carea' id='block_1_77' title="bbox 2582 1662 3657 1744">
    <p class='ocr_par' dir='ltr' id='par_1_77' title="bbox 2582 1662 3657 1744">
     <span class='ocr_line' id='line_1_77' title="bbox 2582 1662 3657 1744; baseline 0.007 -26"><span class='ocrx_word' id='word_1_346' title='bbox 2582 1662 2740 1718; x_wconf 76' lang='grc' dir='ltr'>’Ὁθεν</span> <span class='ocrx_word' id='word_1_347' title='bbox 2774 1662 2973 1733; x_wconf 81' lang='grc' dir='ltr'>ξενῶνα</span> <span class='ocrx_word' id='word_1_348' title='bbox 3001 1664 3091 1719; x_wconf 84' lang='grc' dir='ltr'><strong>καὶ</strong></span> <span class='ocrx_word' id='word_1_349' title='bbox 3124 1667 3340 1739; x_wconf 84' lang='grc' dir='ltr'>φαεινὸν</span> <span class='ocrx_word' id='word_1_350' title='bbox 3369 1671 3460 1723; x_wconf 79' lang='grc' dir='ltr'><strong>καὶ</strong></span> <span class='ocrx_word' id='word_1_351' title='bbox 3494 1672 3657 1744; x_wconf 88' lang='grc' dir='ltr'>μέγαν</span> 
     </span>
    </p>
   </div>
   <div class='ocr_carea' id='block_1_78' title="bbox 2405 1749 3652 1833">
    <p class='ocr_par' dir='ltr' id='par_1_78' title="bbox 2405 1749 3652 1833">
     <span class='ocr_line' id='line_1_78' title="bbox 2405 1749 3652 1833; baseline 0.008 -28"><span class='ocrx_word' id='word_1_352' title='bbox 2405 1751 2549 1806; x_wconf 84' lang='grc'>2375</span> <span class='ocrx_word' id='word_1_353' title='bbox 2586 1749 2678 1812; x_wconf 70' lang='grc' dir='ltr'><strong>Εἷς</strong></span> <span class='ocrx_word' id='word_1_354' title='bbox 2707 1749 2997 1825; x_wconf 75' lang='grc' dir='ltr'>ἀνάπαυμα</span> <span class='ocrx_word' id='word_1_355' title='bbox 3023 1758 3131 1809; x_wconf 88' lang='grc' dir='ltr'><strong>τῶν</strong></span> <span class='ocrx_word' id='word_1_356' title='bbox 3161 1755 3323 1825; x_wconf 81' lang='grc' dir='ltr'>ξένων</span> <span class='ocrx_word' id='word_1_357' title='bbox 3352 1757 3652 1833; x_wconf 85' lang='grc' dir='ltr'>ἀπαρτίσας</span> 
     </span>
    </p>
   </div>
   <div class='ocr_carea' id='block_1_79' title="bbox 2585 1837 3661 1921">
    <p class='ocr_par' dir='ltr' id='par_1_79' title="bbox 2585 1837 3661 1921">
     <span class='ocr_line' id='line_1_79' title="bbox 2585 1837 3661 1921; baseline 0.008 -25"><span class='ocrx_word' id='word_1_358' title='bbox 2585 1837 2806 1911; x_wconf 82' lang='grc' dir='ltr'>Κλῆσιν</span> <span class='ocrx_word' id='word_1_359' title='bbox 2832 1842 3023 1897; x_wconf 67' lang='grc' dir='ltr'>ἑαυτοῦ</span> <span class='ocrx_word' id='word_1_360' title='bbox 3050 1848 3132 1916; x_wconf 79' lang='grc' dir='ltr'>τῷ</span> <span class='ocrx_word' id='word_1_361' title='bbox 3163 1842 3445 1919; x_wconf 79' lang='grc' dir='ltr'>δομήματι</span> <span class='ocrx_word' id='word_1_362' title='bbox 3485 1850 3661 1921; x_wconf 90' lang='grc' dir='ltr'>νέμει,</span> 
     </span>
    </p>
   </div>
   <div class='ocr_carea' id='block_1_80' title="bbox 2584 1929 3769 2011">
    <p class='ocr_par' dir='ltr' id='par_1_80' title="bbox 2584 1929 3769 2011">
     <span class='ocr_line' id='line_1_80' title="bbox 2584 1929 3769 2011; baseline 0.007 -25"><span class='ocrx_word' id='word_1_363' title='bbox 2584 1929 2759 1986; x_wconf 77' lang='grc' dir='ltr'>Οἷκων</span> <span class='ocrx_word' id='word_1_364' title='bbox 2790 1936 3057 2005; x_wconf 83' lang='grc' dir='ltr'>γυναικῶν</span> <span class='ocrx_word' id='word_1_365' title='bbox 3091 1931 3221 1989; x_wconf 74' lang='grc' dir='ltr'>ὄντα</span> <span class='ocrx_word' id='word_1_366' title='bbox 3248 1936 3309 1990; x_wconf 87' lang='grc' dir='ltr'>τὸ</span> <span class='ocrx_word' id='word_1_367' title='bbox 3338 1936 3466 2007; x_wconf 80' lang='grc' dir='ltr'>πρὶν</span> <span class='ocrx_word' id='word_1_368' title='bbox 3499 1937 3769 2011; x_wconf 83' lang='grc' dir='ltr'>ἀσέμνων·</span> 
     </span>
    </p>
   </div>
   <div class='ocr_carea' id='block_1_81' title="bbox 2583 2018 3687 2104">
    <p class='ocr_par' dir='ltr' id='par_1_81' title="bbox 2583 2018 3687 2104">
     <span class='ocr_line' id='line_1_81' title="bbox 2583 2018 3687 2104; baseline 0.008 -30"><span class='ocrx_word' id='word_1_369' title='bbox 2583 2019 2827 2089; x_wconf 80' lang='grc' dir='ltr'>’Ἠττητὸ</span> <span class='ocrx_word' id='word_1_370' title='bbox 2859 2018 2902 2075; x_wconf 90' lang='grc' dir='ltr'>δ’</span> <span class='ocrx_word' id='word_1_371' title='bbox 2931 2019 3086 2078; x_wconf 75' lang='grc' dir='ltr'>ούδὶν</span> <span class='ocrx_word' id='word_1_372' title='bbox 3115 2020 3446 2101; x_wconf 79' lang='grc' dir='ltr'>ἀφροδισίων</span> <span class='ocrx_word' id='word_1_373' title='bbox 3479 2024 3687 2104; x_wconf 84' lang='grc' dir='ltr'>σφόδρα</span> 
     </span>
    </p>
   </div>
   <div class='ocr_carea' id='block_1_82' title="bbox 2580 2109 3726 2187">
    <p class='ocr_par' dir='ltr' id='par_1_82' title="bbox 2580 2109 3726 2187">
     <span class='ocr_line' id='line_1_82' title="bbox 2580 2109 3726 2187; baseline 0.01 -25"><span class='ocrx_word' id='word_1_374' title='bbox 2580 2112 2657 2182; x_wconf 73' lang='grc' dir='ltr'><strong>Τῇ</strong></span> <span class='ocrx_word' id='word_1_375' title='bbox 2686 2109 3007 2187; x_wconf 76' lang='grc' dir='ltr'>σωφροσύνῃ</span> <span class='ocrx_word' id='word_1_376' title='bbox 3038 2116 3429 2187; x_wconf 85' lang='grc' dir='ltr'>προστετηκὼς</span> <span class='ocrx_word' id='word_1_377' title='bbox 3460 2115 3726 2181; x_wconf 81' lang='grc' dir='ltr'>έκτόπως’</span> 
     </span>
    </p>
   </div>
   <div class='ocr_carea' id='block_1_83' title="bbox 2404 2197 3608 2277">
    <p class='ocr_par' dir='ltr' id='par_1_83' title="bbox 2404 2197 3608 2277">
     <span class='ocr_line' id='line_1_83' title="bbox 2404 2197 3608 2277; baseline 0.009 -26"><span class='ocrx_word' id='word_1_378' title='bbox 2404 2198 2546 2254; x_wconf 89' lang='grc'>2380</span> <span class='ocrx_word' id='word_1_379' title='bbox 2586 2198 2815 2272; x_wconf 79' lang='grc' dir='ltr'>’Λλεείῳ</span> <span class='ocrx_word' id='word_1_380' title='bbox 2847 2197 2904 2255; x_wconf 74' lang='grc' dir='ltr'>δὲ</span> <span class='ocrx_word' id='word_1_381' title='bbox 2931 2205 3009 2273; x_wconf 85' lang='grc' dir='ltr'><strong>τῷ</strong></span> <span class='ocrx_word' id='word_1_382' title='bbox 3036 2200 3277 2273; x_wconf 75' lang='grc' dir='ltr'>Μωσηλὲ</span> <span class='ocrx_word' id='word_1_383' title='bbox 3300 2204 3608 2277; x_wconf 85' lang='grc' dir='ltr'>τούπίκλην</span> 
     </span>
    </p>
   </div>
   <div class='ocr_carea' id='block_1_84' title="bbox 2584 2287 3836 2371">
    <p class='ocr_par' dir='ltr' id='par_1_84' title="bbox 2584 2287 3836 2371">
     <span class='ocr_line' id='line_1_84' title="bbox 2584 2287 3836 2371; baseline 0.007 -29"><span class='ocrx_word' id='word_1_384' title='bbox 2584 2287 2668 2357; x_wconf 78' lang='grc' dir='ltr'><strong>Ἐξ</strong></span> <span class='ocrx_word' id='word_1_385' title='bbox 2700 2287 3002 2361; x_wconf 79' lang='grc' dir='ltr'>Ἀρμενίων</span> <span class='ocrx_word' id='word_1_386' title='bbox 3034 2295 3324 2367; x_wconf 88' lang='grc' dir='ltr'>Κρηνιτῶν</span> <span class='ocrx_word' id='word_1_387' title='bbox 3360 2290 3620 2370; x_wconf 75' lang='grc' dir='ltr'>λαμπροῦ</span> <span class='ocrx_word' id='word_1_388' title='bbox 3650 2297 3836 2371; x_wconf 84' lang='grc' dir='ltr'>γένους</span> 
     </span>
    </p>
   </div>
   <div class='ocr_carea' id='block_1_85' title="bbox 2581 2372 3684 2459">
    <p class='ocr_par' dir='ltr' id='par_1_85' title="bbox 2581 2372 3684 2459">
     <span class='ocr_line' id='line_1_85' title="bbox 2581 2372 3684 2459; baseline 0.006 -26"><span class='ocrx_word' id='word_1_389' title='bbox 2581 2372 2761 2451; x_wconf 84' lang='grc' dir='ltr'>Ἀνδρὶ</span> <span class='ocrx_word' id='word_1_390' title='bbox 2791 2383 3097 2455; x_wconf 81' lang='grc' dir='ltr'>στρατηγῷ,</span> <span class='ocrx_word' id='word_1_391' title='bbox 3127 2379 3371 2455; x_wconf 74' lang='grc' dir='ltr'>γεννάδα,</span> <span class='ocrx_word' id='word_1_392' title='bbox 3406 2382 3684 2459; x_wconf 80' lang='grc' dir='ltr'>ῥωμαλέῳ</span> 
     </span>
    </p>
   </div>
   <div class='ocr_carea' id='block_1_86' title="bbox 2584 2464 3571 2548">
    <p class='ocr_par' dir='ltr' id='par_1_86' title="bbox 2584 2464 3571 2548">
     <span class='ocr_line' id='line_1_86' title="bbox 2584 2464 3571 2548; baseline 0.006 -26"><span class='ocrx_word' id='word_1_393' title='bbox 2584 2466 2731 2522; x_wconf 87' lang='grc' dir='ltr'><strong>Κατᾶ</strong></span> <span class='ocrx_word' id='word_1_394' title='bbox 2759 2466 2999 2543; x_wconf 88' lang='grc' dir='ltr'>χαρίτων</span> <span class='ocrx_word' id='word_1_395' title='bbox 3032 2464 3156 2542; x_wconf 81' lang='grc' dir='ltr'>ὄψιν</span> <span class='ocrx_word' id='word_1_396' title='bbox 3190 2469 3571 2548; x_wconf 80' lang='grc' dir='ltr'>ἠγλαϊσμένῳ,</span> 
     </span>
    </p>
   </div>
   <div class='ocr_carea' id='block_1_87' title="bbox 2583 2553 3535 2637">
    <p class='ocr_par' dir='ltr' id='par_1_87' title="bbox 2583 2553 3535 2637">
     <span class='ocr_line' id='line_1_87' title="bbox 2583 2553 3535 2637; baseline 0.006 -26"><span class='ocrx_word' id='word_1_397' title='bbox 2583 2553 2796 2629; x_wconf 84' lang='grc' dir='ltr'>Μαρίαν</span> <span class='ocrx_word' id='word_1_398' title='bbox 2830 2558 3093 2630; x_wconf 82' lang='grc' dir='ltr'>συνῴκισε</span> <span class='ocrx_word' id='word_1_399' title='bbox 3119 2560 3219 2629; x_wconf 78' lang='grc' dir='ltr'>τὴν</span> <span class='ocrx_word' id='word_1_400' title='bbox 3250 2561 3535 2637; x_wconf 72' lang='grc' dir='ltr'>θυγατέρα,</span> 
     </span>
    </p>
   </div>
   <div class='ocr_carea' id='block_1_88' title="bbox 2402 2644 3605 2723">
    <p class='ocr_par' dir='ltr' id='par_1_88' title="bbox 2402 2644 3605 2723">
     <span class='ocr_line' id='line_1_88' title="bbox 2402 2644 3605 2723; baseline 0.006 -24"><span class='ocrx_word' id='word_1_401' title='bbox 2402 2644 2545 2700; x_wconf 86' lang='grc'>2385</span> <span class='ocrx_word' id='word_1_402' title='bbox 2582 2644 2833 2716; x_wconf 81' lang='grc' dir='ltr'>Τιμήσας</span> <span class='ocrx_word' id='word_1_403' title='bbox 2863 2645 3023 2701; x_wconf 82' lang='grc' dir='ltr'>αὐτὸν</span> <span class='ocrx_word' id='word_1_404' title='bbox 3054 2646 3174 2720; x_wconf 77' lang='grc' dir='ltr'>ἀξίᾳ</span> <span class='ocrx_word' id='word_1_405' title='bbox 3201 2651 3273 2720; x_wconf 78' lang='grc' dir='ltr'>τῇ</span> <span class='ocrx_word' id='word_1_406' title='bbox 3302 2650 3605 2723; x_wconf 70' lang='grc' dir='ltr'>Καισάρων*</span> 
     </span>
    </p>
   </div>
   <div class='ocr_carea' id='block_1_89' title="bbox 2580 2732 3912 2817">
    <p class='ocr_par' dir='ltr' id='par_1_89' title="bbox 2580 2732 3912 2817">
     <span class='ocr_line' id='line_1_89' title="bbox 2580 2732 3912 2817; baseline 0.005 -27"><span class='ocrx_word' id='word_1_407' title='bbox 2580 2734 2681 2790; x_wconf 81' lang='grc' dir='ltr'><strong>Καὶ</strong></span> <span class='ocrx_word' id='word_1_408' title='bbox 2717 2732 2806 2789; x_wconf 81' lang='grc' dir='ltr'>σὺν</span> <span class='ocrx_word' id='word_1_409' title='bbox 2837 2732 3018 2808; x_wconf 88' lang='grc' dir='ltr'>στόλῳ</span> <span class='ocrx_word' id='word_1_410' title='bbox 3046 2736 3301 2813; x_wconf 85' lang='grc' dir='ltr'>πέπομφε</span> <span class='ocrx_word' id='word_1_411' title='bbox 3331 2740 3467 2813; x_wconf 84' lang='grc' dir='ltr'>πρὸς</span> <span class='ocrx_word' id='word_1_412' title='bbox 3509 2735 3912 2817; x_wconf 73' lang='grc' dir='ltr'>Λογγιεάρδους</span> 
     </span>
    </p>
   </div>
   <div class='ocr_carea' id='block_1_90' title="bbox 2581 2822 3782 2905">
    <p class='ocr_par' dir='ltr' id='par_1_90' title="bbox 2581 2822 3782 2905">
     <span class='ocr_line' id='line_1_90' title="bbox 2581 2822 3782 2905; baseline 0.007 -28"><span class='ocrx_word' id='word_1_413' title='bbox 2581 2825 2958 2898; x_wconf 82' lang='grc' dir='ltr'>Φθονουμένου</span> <span class='ocrx_word' id='word_1_414' title='bbox 2990 2822 3047 2881; x_wconf 75' lang='grc' dir='ltr'>δὶ</span> <span class='ocrx_word' id='word_1_415' title='bbox 3074 2831 3191 2888; x_wconf 93' lang='grc' dir='ltr'>τοῖς</span> <span class='ocrx_word' id='word_1_416' title='bbox 3219 2834 3334 2882; x_wconf 84' lang='grc' dir='ltr'>κατ’</span> <span class='ocrx_word' id='word_1_417' title='bbox 3362 2827 3523 2885; x_wconf 79' lang='grc' dir='ltr'>αὐτὸν</span> <span class='ocrx_word' id='word_1_418' title='bbox 3558 2826 3782 2905; x_wconf 73' lang='grc' dir='ltr'>ἀνδράσι</span> 
     </span>
    </p>
   </div>
   <div class='ocr_carea' id='block_1_91' title="bbox 2581 2910 3678 2990">
    <p class='ocr_par' dir='ltr' id='par_1_91' title="bbox 2581 2910 3678 2990">
     <span class='ocr_line' id='line_1_91' title="bbox 2581 2910 3678 2990; baseline 0.005 -22"><span class='ocrx_word' id='word_1_419' title='bbox 2581 2912 2684 2968; x_wconf 87' lang='grc' dir='ltr'><strong>Καὶ</strong></span> <span class='ocrx_word' id='word_1_420' title='bbox 2711 2916 2789 2984; x_wconf 82' lang='grc' dir='ltr'><strong>τῷ</strong></span> <span class='ocrx_word' id='word_1_421' title='bbox 2824 2912 3039 2988; x_wconf 85' lang='grc' dir='ltr'>βασιλεῖ</span> <span class='ocrx_word' id='word_1_422' title='bbox 3068 2916 3121 2989; x_wconf 86' lang='grc' dir='ltr'>γ’</span> <span class='ocrx_word' id='word_1_423' title='bbox 3150 2910 3678 2990; x_wconf 74' lang='grc' dir='ltr'>ἐνδιαόεϐλημένου,</span> 
     </span>
    </p>
   </div>
   <div class='ocr_carea' id='block_1_92' title="bbox 2581 2996 3600 3080">
    <p class='ocr_par' dir='ltr' id='par_1_92' title="bbox 2581 2996 3600 3080">
     <span class='ocr_line' id='line_1_92' title="bbox 2581 2996 3600 3080; baseline 0.006 -25"><span class='ocrx_word' id='word_1_424' title='bbox 2581 2996 2863 3057; x_wconf 73' lang='grc' dir='ltr'>Διαϐολῶν</span> <span class='ocrx_word' id='word_1_425' title='bbox 2892 3002 3118 3080; x_wconf 82' lang='grc' dir='ltr'>σύζυγος</span> <span class='ocrx_word' id='word_1_426' title='bbox 3151 3005 3218 3073; x_wconf 83' lang='grc' dir='ltr'><strong>ἧν</strong></span> <span class='ocrx_word' id='word_1_427' title='bbox 3252 3008 3396 3073; x_wconf 88' lang='grc' dir='ltr'>ζῶσα</span> <span class='ocrx_word' id='word_1_428' title='bbox 3427 3003 3600 3071; x_wconf 90' lang='grc' dir='ltr'>λύτις·</span> 
     </span>
    </p>
   </div>
   <div class='ocr_carea' id='block_1_93' title="bbox 2400 3087 3596 3169">
    <p class='ocr_par' dir='ltr' id='par_1_93' title="bbox 2400 3087 3596 3169">
     <span class='ocr_line' id='line_1_93' title="bbox 2400 3087 3596 3169; baseline 0.003 -24"><span class='ocrx_word' id='word_1_429' title='bbox 2400 3090 2543 3146; x_wconf 85' lang='grc'><strong>2390</strong></span> <span class='ocrx_word' id='word_1_430' title='bbox 2583 3089 2732 3146; x_wconf 82' lang='grc' dir='ltr'>Ἐπεὶ</span> <span class='ocrx_word' id='word_1_431' title='bbox 2765 3087 2812 3144; x_wconf 83' lang='grc' dir='ltr'>δ’</span> <span class='ocrx_word' id='word_1_432' title='bbox 2842 3089 3013 3162; x_wconf 85' lang='grc' dir='ltr'>έκείνη</span> <span class='ocrx_word' id='word_1_433' title='bbox 3046 3092 3305 3147; x_wconf 88' lang='grc' dir='ltr'>κατέλιπε</span> <span class='ocrx_word' id='word_1_434' title='bbox 3335 3094 3425 3148; x_wconf 87' lang='grc' dir='ltr'><strong>τὸν</strong></span> <span class='ocrx_word' id='word_1_435' title='bbox 3458 3094 3596 3169; x_wconf 88' lang='grc' dir='ltr'>βίον,</span> 
     </span>
    </p>
   </div>
   <div class='ocr_carea' id='block_1_94' title="bbox 2580 3177 3570 3258">
    <p class='ocr_par' dir='ltr' id='par_1_94' title="bbox 2580 3177 3570 3258">
     <span class='ocr_line' id='line_1_94' title="bbox 2580 3177 3570 3258; baseline 0.004 -24"><span class='ocrx_word' id='word_1_436' title='bbox 2580 3177 2753 3240; x_wconf 79' lang='grc' dir='ltr'>Εὐθὺς</span> <span class='ocrx_word' id='word_1_437' title='bbox 2783 3179 3122 3257; x_wconf 82' lang='grc' dir='ltr'>περιφάνειαν</span> <span class='ocrx_word' id='word_1_438' title='bbox 3158 3180 3398 3258; x_wconf 62' lang='grc' dir='ltr'>έκγιπὼν</span> <span class='ocrx_word' id='word_1_439' title='bbox 3430 3182 3570 3256; x_wconf 86' lang='grc' dir='ltr'>βίου,</span> 
     </span>
    </p>
   </div>
   <div class='ocr_carea' id='block_1_95' title="bbox 2575 3267 3723 3348">
    <p class='ocr_par' dir='ltr' id='par_1_95' title="bbox 2575 3267 3723 3348">
     <span class='ocr_line' id='line_1_95' title="bbox 2575 3267 3723 3348; baseline 0.004 -25"><span class='ocrx_word' id='word_1_440' title='bbox 2575 3269 2849 3341; x_wconf 89' lang='grc' dir='ltr'>Καίσαρος</span> <span class='ocrx_word' id='word_1_441' title='bbox 2880 3267 3027 3338; x_wconf 78' lang='grc' dir='ltr'>ἀξίαν</span> <span class='ocrx_word' id='word_1_442' title='bbox 3058 3290 3137 3339; x_wconf 91' lang='grc' dir='ltr'><strong>τε,</strong></span> <span class='ocrx_word' id='word_1_443' title='bbox 3175 3276 3473 3345; x_wconf 86' lang='grc' dir='ltr'>συγγενεῖς,</span> <span class='ocrx_word' id='word_1_444' title='bbox 3506 3270 3723 3348; x_wconf 85' lang='grc' dir='ltr'>φίλους,</span> 
     </span>
    </p>
   </div>
   <div class='ocr_carea' id='block_1_96' title="bbox 2570 3354 3760 3437">
    <p class='ocr_par' dir='ltr' id='par_1_96' title="bbox 2570 3354 3760 3437">
     <span class='ocr_line' id='line_1_96' title="bbox 2570 3354 3760 3437; baseline 0.003 -24"><span class='ocrx_word' id='word_1_445' title='bbox 2570 3354 2747 3413; x_wconf 75' lang='grc' dir='ltr'><strong>Ἅλλᾶ</strong></span> <span class='ocrx_word' id='word_1_446' title='bbox 2774 3378 2832 3412; x_wconf 89' lang='grc' dir='ltr'><strong>τε</strong></span> <span class='ocrx_word' id='word_1_447' title='bbox 2856 3357 3030 3413; x_wconf 87' lang='grc' dir='ltr'>πάντα</span> <span class='ocrx_word' id='word_1_448' title='bbox 3059 3359 3147 3414; x_wconf 84' lang='grc' dir='ltr'><strong>καὶ</strong></span> <span class='ocrx_word' id='word_1_449' title='bbox 3181 3357 3349 3415; x_wconf 80' lang='grc' dir='ltr'>πλέον</span> <span class='ocrx_word' id='word_1_450' title='bbox 3372 3355 3577 3435; x_wconf 79' lang='grc' dir='ltr'>τύρϐην</span> <span class='ocrx_word' id='word_1_451' title='bbox 3615 3362 3760 3437; x_wconf 87' lang='grc' dir='ltr'>βίου,</span> 
     </span>
    </p>
   </div>
   <div class='ocr_carea' id='block_1_97' title="bbox 2567 3447 3676 3527">
    <p class='ocr_par' dir='ltr' id='par_1_97' title="bbox 2567 3447 3676 3527">
     <span class='ocr_line' id='line_1_97' title="bbox 2567 3447 3676 3527; baseline 0 -24"><span class='ocrx_word' id='word_1_452' title='bbox 2567 3447 2644 3503; x_wconf 87' lang='grc' dir='ltr'>Τὸ</span> <span class='ocrx_word' id='word_1_453' title='bbox 2674 3447 2809 3501; x_wconf 85' lang='grc' dir='ltr'><strong>κατά</strong></span> <span class='ocrx_word' id='word_1_454' title='bbox 2838 3448 3067 3523; x_wconf 86' lang='grc' dir='ltr'>Χριστὸν</span> <span class='ocrx_word' id='word_1_455' title='bbox 3100 3448 3451 3527; x_wconf 67' lang='grc' dir='ltr'>ἀμφιέννυται</span> <span class='ocrx_word' id='word_1_456' title='bbox 3485 3449 3676 3525; x_wconf 81' lang='grc' dir='ltr'>ῥάκος,</span> 
     </span>
    </p>
   </div>
   <div class='ocr_carea' id='block_1_98' title="bbox 2390 3535 3728 3613">
    <p class='ocr_par' dir='ltr' id='par_1_98' title="bbox 2390 3535 3728 3613">
     <span class='ocr_line' id='line_1_98' title="bbox 2390 3535 3728 3613; baseline 0.001 -22"><span class='ocrx_word' id='word_1_457' title='bbox 2390 3537 2533 3592; x_wconf 86' lang='grc'>2395</span> <span class='ocrx_word' id='word_1_458' title='bbox 2570 3536 2671 3612; x_wconf 75' lang='grc' dir='ltr'>Καὶ</span> <span class='ocrx_word' id='word_1_459' title='bbox 2704 3535 2869 3611; x_wconf 87' lang='grc' dir='ltr'>τρίχα</span> <span class='ocrx_word' id='word_1_460' title='bbox 2900 3535 3080 3611; x_wconf 80' lang='grc' dir='ltr'>καρεῖς</span> <span class='ocrx_word' id='word_1_461' title='bbox 3109 3539 3209 3607; x_wconf 86' lang='grc' dir='ltr'><strong>τήν</strong></span> <span class='ocrx_word' id='word_1_462' title='bbox 3243 3540 3417 3612; x_wconf 79' lang='grc' dir='ltr'>μονὴν</span> <span class='ocrx_word' id='word_1_463' title='bbox 3455 3536 3728 3613; x_wconf 83' lang='grc' dir='ltr'>ὑπεισέδυ,</span> 
     </span>
    </p>
   </div>
   <div class='ocr_carea' id='block_1_99' title="bbox 2568 3625 3611 3701">
    <p class='ocr_par' dir='ltr' id='par_1_99' title="bbox 2568 3625 3611 3701">
     <span class='ocr_line' id='line_1_99' title="bbox 2568 3625 3611 3701; baseline 0.004 -22"><span class='ocrx_word' id='word_1_464' title='bbox 2568 3628 2667 3680; x_wconf 74' lang='lat' dir='ltr'><strong>&quot;HV</strong></span> <span class='ocrx_word' id='word_1_465' title='bbox 2697 3625 2856 3688; x_wconf 77' lang='grc' dir='ltr'>αὐτὸς</span> <span class='ocrx_word' id='word_1_466' title='bbox 2887 3625 3141 3701; x_wconf 77' lang='grc' dir='ltr'>ἀνήγειρε</span> <span class='ocrx_word' id='word_1_467' title='bbox 3166 3628 3265 3696; x_wconf 75' lang='grc' dir='ltr'>τὴν</span> <span class='ocrx_word' id='word_1_468' title='bbox 3300 3628 3611 3701; x_wconf 57' lang='grc' dir='ltr'>’λνθεμίοψ</span> 
     </span>
    </p>
   </div>
   <div class='ocr_carea' id='block_1_100' title="bbox 2567 3712 3579 3792">
    <p class='ocr_par' dir='ltr' id='par_1_100' title="bbox 2567 3712 3579 3792">
     <span class='ocr_line' id='line_1_100' title="bbox 2567 3712 3579 3792; baseline 0.004 -21"><span class='ocrx_word' id='word_1_469' title='bbox 2567 3714 2658 3771; x_wconf 85' lang='grc' dir='ltr'>Ἐν</span> <span class='ocrx_word' id='word_1_470' title='bbox 2687 3712 2723 3788; x_wconf 71' lang='grc' dir='ltr'>ᾗ</span> <span class='ocrx_word' id='word_1_471' title='bbox 2755 3713 2998 3787; x_wconf 83' lang='grc' dir='ltr'>μονάζων</span> <span class='ocrx_word' id='word_1_472' title='bbox 3027 3713 3287 3771; x_wconf 86' lang='grc' dir='ltr'>καταλύει</span> <span class='ocrx_word' id='word_1_473' title='bbox 3312 3716 3404 3772; x_wconf 91' lang='grc' dir='ltr'><strong>τόν</strong></span> <span class='ocrx_word' id='word_1_474' title='bbox 3439 3717 3579 3792; x_wconf 83' lang='grc' dir='ltr'>βίον.</span> 
     </span>
    </p>
   </div>
   <div class='ocr_carea' id='block_1_101' title="bbox 2565 3800 3618 3884">
    <p class='ocr_par' dir='ltr' id='par_1_101' title="bbox 2565 3800 3618 3884">
     <span class='ocr_line' id='line_1_101' title="bbox 2565 3800 3618 3884; baseline 0.006 -27"><span class='ocrx_word' id='word_1_475' title='bbox 2565 3807 2671 3858; x_wconf 77' lang='grc' dir='ltr'>Τοῦ</span> <span class='ocrx_word' id='word_1_476' title='bbox 2702 3800 2748 3858; x_wconf 88' lang='grc' dir='ltr'>δ’</span> <span class='ocrx_word' id='word_1_477' title='bbox 2775 3804 3027 3877; x_wconf 74' lang='grc' dir='ltr'>Αμορίου</span> <span class='ocrx_word' id='word_1_478' title='bbox 3054 3802 3314 3881; x_wconf 85' lang='grc' dir='ltr'>πατρίδος</span> <span class='ocrx_word' id='word_1_479' title='bbox 3348 3805 3618 3884; x_wconf 77' lang='grc' dir='ltr'>Θεοφίλου</span> 
     </span>
    </p>
   </div>
   <div class='ocr_carea' id='block_1_102' title="bbox 2565 3892 3685 3969">
    <p class='ocr_par' dir='ltr' id='par_1_102' title="bbox 2565 3892 3685 3969">
     <span class='ocr_line' id='line_1_102' title="bbox 2565 3892 3685 3969; baseline 0.004 -23"><span class='ocrx_word' id='word_1_480' title='bbox 2565 3897 2692 3955; x_wconf 87' lang='grc' dir='ltr'>Ταῖς</span> <span class='ocrx_word' id='word_1_481' title='bbox 2720 3894 3036 3968; x_wconf 82' lang='grc' dir='ltr'>Ἀγαρηνῶν</span> <span class='ocrx_word' id='word_1_482' title='bbox 3069 3900 3346 3969; x_wconf 88' lang='grc' dir='ltr'>σνρατιαῖς</span> <span class='ocrx_word' id='word_1_483' title='bbox 3373 3892 3685 3967; x_wconf 82' lang='grc' dir='ltr'>ἡλωκότος,</span> 
     </span>
    </p>
   </div>
   <div class='ocr_carea' id='block_1_103' title="bbox 2387 3981 3749 4061">
    <p class='ocr_par' dir='ltr' id='par_1_103' title="bbox 2387 3981 3749 4061">
     <span class='ocr_line' id='line_1_103' title="bbox 2387 3981 3749 4061; baseline 0.003 -23"><span class='ocrx_word' id='word_1_484' title='bbox 2387 3984 2529 4041; x_wconf 63' lang='grc'><strong>2100</strong></span> <span class='ocrx_word' id='word_1_485' title='bbox 2565 3982 3063 4058; x_wconf 78' lang='grc' dir='ltr'>Ἀπειραριθμήτου</span> <span class='ocrx_word' id='word_1_486' title='bbox 3095 3981 3152 4040; x_wconf 71' lang='grc' dir='ltr'><strong>δὶ</strong></span> <span class='ocrx_word' id='word_1_487' title='bbox 3181 3986 3498 4050; x_wconf 87' lang='grc' dir='ltr'>κτανθέντος</span> <span class='ocrx_word' id='word_1_488' title='bbox 3527 3984 3749 4061; x_wconf 87' lang='grc' dir='ltr'>στίφους</span> 
     </span>
    </p>
   </div>
   <div class='ocr_carea' id='block_1_104' title="bbox 2568 4071 3625 4151">
    <p class='ocr_par' dir='ltr' id='par_1_104' title="bbox 2568 4071 3625 4151">
     <span class='ocr_line' id='line_1_104' title="bbox 2568 4071 3625 4151; baseline 0.002 -22"><span class='ocrx_word' id='word_1_489' title='bbox 2568 4071 2678 4129; x_wconf 86' lang='grc' dir='ltr'>Καὶ</span> <span class='ocrx_word' id='word_1_490' title='bbox 2704 4071 2919 4143; x_wconf 76' lang='grc' dir='ltr'>πλῆθος</span> <span class='ocrx_word' id='word_1_491' title='bbox 2947 4072 3071 4143; x_wconf 81' lang='grc' dir='ltr'><strong>ἥλω</strong></span> <span class='ocrx_word' id='word_1_492' title='bbox 3104 4076 3469 4151; x_wconf 85' lang='grc' dir='ltr'>μυριάριθμον</span> <span class='ocrx_word' id='word_1_493' title='bbox 3501 4074 3625 4131; x_wconf 89' lang='grc' dir='ltr'>τότε</span> 
     </span>
    </p>
   </div>
   <div class='ocr_carea' id='block_1_105' title="bbox 2566 4160 3718 4241">
    <p class='ocr_par' dir='ltr' id='par_1_105' title="bbox 2566 4160 3718 4241">
     <span class='ocr_line' id='line_1_105' title="bbox 2566 4160 3718 4241; baseline 0 -21"><span class='ocrx_word' id='word_1_494' title='bbox 2566 4163 2761 4238; x_wconf 73' lang='grc' dir='ltr'>Ἀχθὶν</span> <span class='ocrx_word' id='word_1_495' title='bbox 2796 4160 3143 4239; x_wconf 87' lang='grc' dir='ltr'>δορυάλωτον</span> <span class='ocrx_word' id='word_1_496' title='bbox 3176 4163 3361 4227; x_wconf 79' lang='grc' dir='ltr'>αὐτοῖς</span> <span class='ocrx_word' id='word_1_497' title='bbox 3391 4160 3718 4241; x_wconf 76' lang='grc' dir='ltr'>Βαρϐάροις,</span> 
     </span>
    </p>
   </div>
   <div class='ocr_carea' id='block_1_106' title="bbox 2566 4252 3754 4331">
    <p class='ocr_par' dir='ltr' id='par_1_106' title="bbox 2566 4252 3754 4331">
     <span class='ocr_line' id='line_1_106' title="bbox 2566 4252 3754 4331; baseline 0 -22"><span class='ocrx_word' id='word_1_498' title='bbox 2566 4252 2656 4309; x_wconf 84' lang='grc' dir='ltr'><strong>Ἐν</strong></span> <span class='ocrx_word' id='word_1_499' title='bbox 2690 4253 2773 4315; x_wconf 81' lang='grc' dir='ltr'>οἷς</span> <span class='ocrx_word' id='word_1_500' title='bbox 2803 4254 3095 4328; x_wconf 84' lang='grc' dir='ltr'>στρατηγοὶ</span> <span class='ocrx_word' id='word_1_501' title='bbox 3127 4258 3235 4308; x_wconf 88' lang='grc' dir='ltr'><strong>τῶν</strong></span> <span class='ocrx_word' id='word_1_502' title='bbox 3268 4252 3436 4320; x_wconf 73' lang='grc' dir='ltr'>ἐκεῖθι</span> <span class='ocrx_word' id='word_1_503' title='bbox 3464 4253 3754 4331; x_wconf 85' lang='grc' dir='ltr'>ταγμάτων</span> 
     </span>
    </p>
   </div>
   <div class='ocr_carea' id='block_1_107' title="bbox 2564 4340 3796 4418">
    <p class='ocr_par' dir='ltr' id='par_1_107' title="bbox 2564 4340 3796 4418">
     <span class='ocr_line' id='line_1_107' title="bbox 2564 4340 3796 4418; baseline 0.002 -23"><span class='ocrx_word' id='word_1_504' title='bbox 2564 4341 2728 4404; x_wconf 84' lang='grc' dir='ltr'>Δεκᾶς</span> <span class='ocrx_word' id='word_1_505' title='bbox 2753 4340 3033 4416; x_wconf 87' lang='grc' dir='ltr'>τετραπλῆ</span> <span class='ocrx_word' id='word_1_506' title='bbox 3065 4345 3179 4416; x_wconf 90' lang='grc'><strong>(37)</strong></span> <span class='ocrx_word' id='word_1_507' title='bbox 3212 4341 3306 4398; x_wconf 82' lang='grc' dir='ltr'>σὺν</span> <span class='ocrx_word' id='word_1_508' title='bbox 3337 4341 3488 4418; x_wconf 79' lang='grc' dir='ltr'>ἁπλῇ</span> <span class='ocrx_word' id='word_1_509' title='bbox 3520 4340 3796 4417; x_wconf 76' lang='grc' dir='ltr'>Ευνωρίδι,</span> 
     </span>
    </p>
   </div>
   <div class='ocr_carea' id='block_1_108' title="bbox 2383 4428 3755 4511">
    <p class='ocr_par' dir='ltr' id='par_1_108' title="bbox 2383 4428 3755 4511">
     <span class='ocr_line' id='line_1_108' title="bbox 2383 4428 3755 4511; baseline 0 -23"><span class='ocrx_word' id='word_1_510' title='bbox 2383 4433 2526 4489; x_wconf 82' lang='grc'>2405</span> <span class='ocrx_word' id='word_1_511' title='bbox 2565 4430 2632 4488; x_wconf 88' lang='grc' dir='ltr'>Οί</span> <span class='ocrx_word' id='word_1_512' title='bbox 2667 4430 2958 4507; x_wconf 86' lang='grc' dir='ltr'>μαρτύρων</span> <span class='ocrx_word' id='word_1_513' title='bbox 2993 4428 3217 4507; x_wconf 77' lang='grc' dir='ltr'>εὕραντο</span> <span class='ocrx_word' id='word_1_514' title='bbox 3246 4432 3337 4488; x_wconf 84' lang='grc' dir='ltr'><strong>καὶ</strong></span> <span class='ocrx_word' id='word_1_515' title='bbox 3370 4434 3537 4511; x_wconf 84' lang='grc' dir='ltr'>στέφη</span> <span class='ocrx_word' id='word_1_516' title='bbox 3570 4430 3755 4509; x_wconf 60' lang='grc' dir='ltr'>τῖλοςθ</span> 
     </span>
    </p>
   </div>
   <div class='ocr_carea' id='block_1_109' title="bbox 2561 4516 3635 4600">
    <p class='ocr_par' dir='ltr' id='par_1_109' title="bbox 2561 4516 3635 4600">
     <span class='ocr_line' id='line_1_109' title="bbox 2561 4516 3635 4600; baseline 0.002 -25"><span class='ocrx_word' id='word_1_517' title='bbox 2561 4525 2760 4597; x_wconf 86' lang='grc' dir='ltr'>Ὢνπερ</span> <span class='ocrx_word' id='word_1_518' title='bbox 2792 4522 3050 4600; x_wconf 89' lang='grc' dir='ltr'>πέπομφε</span> <span class='ocrx_word' id='word_1_519' title='bbox 3079 4516 3333 4596; x_wconf 78' lang='grc' dir='ltr'>πρέσϐεις</span> <span class='ocrx_word' id='word_1_520' title='bbox 3361 4524 3388 4577; x_wconf 85' lang='grc' dir='ltr'>ὁ</span> <span class='ocrx_word' id='word_1_521' title='bbox 3418 4520 3635 4599; x_wconf 75' lang='grc' dir='ltr'>κράτωρ</span> 
     </span>
    </p>
   </div>
   <div class='ocr_carea' id='block_1_110' title="bbox 2564 4608 3755 4689">
    <p class='ocr_par' dir='ltr' id='par_1_110' title="bbox 2564 4608 3755 4689">
     <span class='ocr_line' id='line_1_110' title="bbox 2564 4608 3755 4689; baseline 0 -22"><span class='ocrx_word' id='word_1_522' title='bbox 2564 4608 3041 4687; x_wconf 83' lang='grc' dir='ltr'>Ἀπαγγελοῦντας</span> <span class='ocrx_word' id='word_1_523' title='bbox 3064 4616 3145 4684; x_wconf 78' lang='grc' dir='ltr'><strong>τῷ</strong></span> <span class='ocrx_word' id='word_1_524' title='bbox 3174 4616 3460 4688; x_wconf 81' lang='grc' dir='ltr'>κρατοῦντι</span> <span class='ocrx_word' id='word_1_525' title='bbox 3494 4608 3755 4689; x_wconf 86' lang='grc' dir='ltr'>Περσίδος</span> 
     </span>
    </p>
   </div>
   <div class='ocr_carea' id='block_1_111' title="bbox 2562 4694 3764 4775">
    <p class='ocr_par' dir='ltr' id='par_1_111' title="bbox 2562 4694 3764 4775">
     <span class='ocr_line' id='line_1_111' title="bbox 2562 4694 3764 4775; baseline 0.002 -21"><span class='ocrx_word' id='word_1_526' title='bbox 2562 4703 2763 4754; x_wconf 82' lang='grc' dir='ltr'>Λοῦναι</span> <span class='ocrx_word' id='word_1_527' title='bbox 2796 4694 3036 4755; x_wconf 78' lang='grc' dir='ltr'>λαϐόντα</span> <span class='ocrx_word' id='word_1_528' title='bbox 3066 4699 3239 4775; x_wconf 85' lang='grc' dir='ltr'>λύτρα</span> <span class='ocrx_word' id='word_1_529' title='bbox 3266 4700 3365 4769; x_wconf 81' lang='grc' dir='ltr'><strong>τήν</strong></span> <span class='ocrx_word' id='word_1_530' title='bbox 3400 4697 3553 4755; x_wconf 80' lang='grc' dir='ltr'>λύσιν</span> <span class='ocrx_word' id='word_1_531' title='bbox 3585 4700 3764 4775; x_wconf 90' lang='grc' dir='ltr'>σφίσιν</span> 
     </span>
    </p>
   </div>
   <div class='ocr_carea' id='block_1_112' title="bbox 2561 4787 3583 4866">
    <p class='ocr_par' dir='ltr' id='par_1_112' title="bbox 2561 4787 3583 4866">
     <span class='ocr_line' id='line_1_112' title="bbox 2561 4787 3583 4866; baseline 0.005 -23"><span class='ocrx_word' id='word_1_532' title='bbox 2561 4792 2893 4862; x_wconf 82' lang='grc' dir='ltr'>Κεντηνάρια</span> <span class='ocrx_word' id='word_1_533' title='bbox 2921 4790 3056 4865; x_wconf 89' lang='grc' dir='ltr'>πρὸς</span> <span class='ocrx_word' id='word_1_534' title='bbox 3085 4792 3298 4866; x_wconf 88' lang='grc' dir='ltr'>τέτρασι</span> <span class='ocrx_word' id='word_1_535' title='bbox 3334 4787 3414 4852; x_wconf 80' lang='grc' dir='ltr'><strong>δὶς</strong></span> <span class='ocrx_word' id='word_1_536' title='bbox 3437 4787 3583 4849; x_wconf 85' lang='grc' dir='ltr'>δέκα.</span> 
     </span>
    </p>
   </div>
   <div class='ocr_carea' id='block_1_113' title="bbox 2381 4878 3769 4957">
    <p class='ocr_par' dir='ltr' id='par_1_113' title="bbox 2381 4878 3769 4957">
     <span class='ocr_line' id='line_1_113' title="bbox 2381 4878 3769 4957; baseline -0.001 -22"><span class='ocrx_word' id='word_1_537' title='bbox 2381 4881 2525 4936; x_wconf 75' lang='grc'><strong>2410</strong></span> <span class='ocrx_word' id='word_1_538' title='bbox 2563 4878 2713 4935; x_wconf 72' lang='grc' dir='ltr'>Ἀλλ’</span> <span class='ocrx_word' id='word_1_539' title='bbox 2743 4879 2806 4933; x_wconf 84' lang='grc' dir='ltr'><strong>ού</strong></span> <span class='ocrx_word' id='word_1_540' title='bbox 2838 4879 3138 4955; x_wconf 84' lang='grc' dir='ltr'>προσέσχεν</span> <span class='ocrx_word' id='word_1_541' title='bbox 3173 4878 3311 4950; x_wconf 83' lang='grc' dir='ltr'><strong>ἀκοὴ</strong></span> <span class='ocrx_word' id='word_1_542' title='bbox 3345 4878 3527 4957; x_wconf 84' lang='grc' dir='ltr'>φαύλη</span> <span class='ocrx_word' id='word_1_543' title='bbox 3562 4878 3769 4957; x_wconf 84' lang='grc' dir='ltr'>λόγοις·</span> 
     </span>
    </p>
   </div>
   <div class='ocr_carea' id='block_1_114' title="bbox 2561 4966 3665 5044">
    <p class='ocr_par' dir='ltr' id='par_1_114' title="bbox 2561 4966 3665 5044">
     <span class='ocr_line' id='line_1_114' title="bbox 2561 4966 3665 5044; baseline 0.002 -22"><span class='ocrx_word' id='word_1_544' title='bbox 2561 4969 2713 5023; x_wconf 83' lang='grc' dir='ltr'>Ὅθεν</span> <span class='ocrx_word' id='word_1_545' title='bbox 2746 4966 3000 5044; x_wconf 78' lang='grc' dir='ltr'>βασιλεὺς</span> <span class='ocrx_word' id='word_1_546' title='bbox 3030 4967 3272 5032; x_wconf 76' lang='grc' dir='ltr'>έκτακεὶς</span> <span class='ocrx_word' id='word_1_547' title='bbox 3308 4974 3487 5043; x_wconf 78' lang='grc' dir='ltr'>μακρᾷ</span> <span class='ocrx_word' id='word_1_548' title='bbox 3518 4968 3665 5043; x_wconf 81' lang='grc' dir='ltr'>λύπῃ</span> 
     </span>
    </p>
   </div>
   <div class='ocr_carea' id='block_1_115' title="bbox 2559 5057 3608 5135">
    <p class='ocr_par' dir='ltr' id='par_1_115' title="bbox 2559 5057 3608 5135">
     <span class='ocr_line' id='line_1_115' title="bbox 2559 5057 3608 5135; baseline 0.001 -23"><span class='ocrx_word' id='word_1_549' title='bbox 2559 5060 2810 5128; x_wconf 80' lang='grc' dir='ltr'>Νοσήσας</span> <span class='ocrx_word' id='word_1_550' title='bbox 2838 5057 3106 5134; x_wconf 74' lang='grc' dir='ltr'>ἀπέρρηξε</span> <span class='ocrx_word' id='word_1_551' title='bbox 3134 5064 3315 5122; x_wconf 87' lang='grc' dir='ltr'>κακῶς</span> <span class='ocrx_word' id='word_1_552' title='bbox 3342 5060 3432 5114; x_wconf 87' lang='grc' dir='ltr'><strong>τὸν</strong></span> <span class='ocrx_word' id='word_1_553' title='bbox 3466 5059 3608 5135; x_wconf 91' lang='grc' dir='ltr'>βίον,</span> 
     </span>
    </p>
   </div>
   <div class='ocr_carea' id='block_1_116' title="bbox 2560 5144 3740 5223">
    <p class='ocr_par' dir='ltr' id='par_1_116' title="bbox 2560 5144 3740 5223">
     <span class='ocr_line' id='line_1_116' title="bbox 2560 5144 3740 5223; baseline 0 -22"><span class='ocrx_word' id='word_1_554' title='bbox 2560 5144 2753 5202; x_wconf 82' lang='grc' dir='ltr'>[Ιολλά</span> <span class='ocrx_word' id='word_1_555' title='bbox 2784 5144 2997 5218; x_wconf 78' lang='grc' dir='ltr'>δεηθεὶς</span> <span class='ocrx_word' id='word_1_556' title='bbox 3030 5147 3264 5223; x_wconf 89' lang='grc' dir='ltr'>συζύγου</span> <span class='ocrx_word' id='word_1_557' title='bbox 3294 5152 3401 5203; x_wconf 88' lang='grc' dir='ltr'><strong>τῶν</strong></span> <span class='ocrx_word' id='word_1_558' title='bbox 3432 5150 3480 5203; x_wconf 87' lang='grc' dir='ltr'>τ’</span> <span class='ocrx_word' id='word_1_559' title='bbox 3512 5146 3564 5203; x_wconf 77' lang='grc' dir='ltr'>ἐν</span> <span class='ocrx_word' id='word_1_560' title='bbox 3594 5145 3740 5203; x_wconf 86' lang='grc' dir='ltr'>τέλει</span> 
     </span>
    </p>
   </div>
   <div class='ocr_carea' id='block_1_117' title="bbox 2554 5235 3774 5312">
    <p class='ocr_par' dir='ltr' id='par_1_117' title="bbox 2554 5235 3774 5312">
     <span class='ocr_line' id='line_1_117' title="bbox 2554 5235 3774 5312; baseline 0.001 -21"><span class='ocrx_word' id='word_1_561' title='bbox 2554 5237 2860 5312; x_wconf 82' lang='grc' dir='ltr'>καθαιρέσει</span> <span class='ocrx_word' id='word_1_562' title='bbox 2890 5236 3211 5312; x_wconf 90' lang='grc' dir='ltr'>στέργοντας</span> <span class='ocrx_word' id='word_1_563' title='bbox 3240 5241 3348 5292; x_wconf 91' lang='grc' dir='ltr'><strong>τῶν</strong></span> <span class='ocrx_word' id='word_1_564' title='bbox 3379 5235 3774 5311; x_wconf 78' lang='grc' dir='ltr'>είκονισμάτων</span> 
     </span>
    </p>
   </div>
   <div class='ocr_carea' id='block_1_118' title="bbox 2375 5324 3634 5401">
    <p class='ocr_par' dir='ltr' id='par_1_118' title="bbox 2375 5324 3634 5401">
     <span class='ocr_line' id='line_1_118' title="bbox 2375 5324 3634 5401; baseline -0.001 -20"><span class='ocrx_word' id='word_1_565' title='bbox 2375 5326 2521 5383; x_wconf 71' lang='grc'>2415</span> <span class='ocrx_word' id='word_1_566' title='bbox 2552 5328 2675 5383; x_wconf 87' lang='grc' dir='ltr'>Τῶν</span> <span class='ocrx_word' id='word_1_567' title='bbox 2710 5324 2964 5395; x_wconf 80' lang='grc' dir='ltr'>Ἰωάννην</span> <span class='ocrx_word' id='word_1_568' title='bbox 2998 5324 3186 5399; x_wconf 87' lang='grc' dir='ltr'>λύκον,</span> <span class='ocrx_word' id='word_1_569' title='bbox 3220 5325 3349 5401; x_wconf 80' lang='grc' dir='ltr'>οὐχὶ</span> <span class='ocrx_word' id='word_1_570' title='bbox 3376 5325 3634 5400; x_wconf 89' lang='grc' dir='ltr'>ποιμένα,</span> 
     </span>
    </p>
   </div>
   <div class='ocr_carea' id='block_1_119' title="bbox 2555 5411 3629 5491">
    <p class='ocr_par' dir='ltr' id='par_1_119' title="bbox 2555 5411 3629 5491">
     <span class='ocr_line' id='line_1_119' title="bbox 2555 5411 3629 5491; baseline -0.001 -19"><span class='ocrx_word' id='word_1_571' title='bbox 2555 5418 2678 5486; x_wconf 84' lang='grc' dir='ltr'>Ἐᾷν</span> <span class='ocrx_word' id='word_1_572' title='bbox 2704 5411 2965 5490; x_wconf 82' lang='grc' dir='ltr'>καθέδραν</span> <span class='ocrx_word' id='word_1_573' title='bbox 2998 5414 3247 5491; x_wconf 82' lang='grc' dir='ltr'>κατέχειν</span> <span class='ocrx_word' id='word_1_574' title='bbox 3278 5414 3629 5487; x_wconf 83' lang='grc' dir='ltr'>Ἐκκλησίας.</span> 
     </span>
    </p>
   </div>
   <div class='ocr_carea' id='block_1_120' title="bbox 3928 400 4013 455">
    <p class='ocr_par' dir='ltr' id='par_1_120' title="bbox 3928 400 4013 455">
     <span class='ocr_line' id='line_1_120' title="bbox 3928 400 4013 455; baseline 0.012 -1"><span class='ocrx_word' id='word_1_575' title='bbox 3928 400 4013 455; x_wconf 83' lang='grc' dir='ltr'>ίθο</span> 
     </span>
    </p>
   </div>
  </div>
