4208 6430
173 381 285 437 ιοε

352 501 488 576 Περί
521 499 757 577 βρέφους
783 496 951 555 ἔδεισε
982 499 1166 573 μήτηρ
1196 496 1302 552 ἰκτ¹
1330 516 1450 557 πως

347 592 458 647 Τὸν
489 591 641 645 ἀετὸν
674 588 922 663 βλέψασα
955 587 1031 660 μὴ
1062 587 1180 642 κατ’
1203 583 1435 646 ἆΑπίδας

354 680 523 733 Σκιὰν
556 675 915 752 σχεδιάζοντα
940 680 1022 748 τῷ
1055 672 1402 752 βρεφυλλίῳ,

353 767 461 824 Καὶ
490 763 648 821 τόνδε
677 764 855 829 λίθοις
886 763 1180 819 ἀπεΛαύνει
1217 761 1508 838 μακρόθενο

165 857 316 912 2530
355 855 462 912 Καὶ
486 852 639 920 τῆσδ’
672 853 941 926 ἀπούσης,
972 849 1119 926 ὅρνις
1152 853 1226 916 ὡς
1253 853 1380 924 πρὶν
1412 848 1650 919 κατέπτη

355 941 548 1001 Τελῶν
575 943 639 998 τὸ
667 941 1041 1016 λειτούργημα
1068 937 1272 1013 παιδίῳ
1298 940 1486 1008 πάλιν,

356 1033 460 1088 Καὶ
493 1031 658 1087 πάλιν
691 1029 1000 1101 ἀπήλαυνεν
1026 1033 1062 1100 ἠ
1084 1028 1404 1105 γειναμένη,

352 1123 458 1178 Καὶ
488 1121 635 1177 τοῦτ’
664 1119 858 1198 ἔδρᾶτο
888 1119 1164 1182 πολλάκις
1191 1122 1289 1188 τῆς
1319 1119 1553 1195 ἡμέρας.

349 1212 440 1272 Ὠς
472 1208 518 1265 δ’
549 1206 767 1288 ἐφήϐων
795 1211 977 1284 ἥψατο
1006 1217 1108 1278 τῆς
1139 1206 1383 1279 ἡλικίας.

163 1300 312 1356 2535
353 1299 570 1373 Ἀγνώς
597 1320 680 1361 τις
711 1298 787 1354 ὣν
819 1301 1010 1354 ἅπασιν
1044 1298 1293 1373 ἐσχάτως
1321 1295 1489 1367 πένης

348 1385 579 1450 Βαδίσας
608 1391 709 1458 ἧκε
736 1389 874 1461 πρὸς
903 1387 1066 1442 πόλιν
1098 1385 1528 1454 Κωνσταντίνου,

345 1477 443 1538 Ὠς
471 1475 534 1531 ἂν
568 1477 802 1553 ὑπάρξας
827 1479 936 1532 τῶν
965 1496 1109 1538 τινος
1137 1477 1239 1544 θὴς
1266 1473 1542 1548 εὐπόρων,

348 1569 507 1636 Ζωήν
536 1566 605 1622 τὰ
632 1566 932 1642 συνέχοντα
959 1570 1141 1639 κρῶτο
1173 1565 1522 1640 τιιρνσφόρως⁸

347 1654 521 1710 Πόλιν
547 1652 594 1710 δ’
622 1652 875 1716 ὑπεισδὺς
904 1649 1227 1728 κατέδαρθεν
1259 1651 1486 1728 ἑσπέρας

162 1743 302 1807 2540
345 1740 662 1816 Διομήδους
694 1745 967 1819 μάρτυρος
1000 1742 1052 1796 ἰν
1081 1747 1208 1797 ναοῦ
1238 1739 1386 1814 πύλῃ

342 1832 441 1893 Ὠς
471 1852 555 1894 τις
589 1833 852 1907 πενιχρὸς
884 1830 1110 1900 εὐτελὴς
1142 1831 1368 1892 νεανίας.

341 1923 514 1996 Ὀναρ
546 1917 593 1975 δ’
618 1921 647 1975 ὁ
681 1923 889 1996 μάρτυρ
922 1919 1268 1997 ἐμφανίζεται
1297 1918 1509 1994 νύκτωρ

340 2011 457 2063 Τινὶ
487 2012 601 2064 γαθ’
633 2008 835 2072 ὕπνους
863 2011 972 2065 τῶν
1000 2004 1107 2064 ἔσω
1137 2007 1446 2083 νεωκόρων,

344 2097 450 2154 Καί
471 2098 522 2153 οἱ
551 2099 646 2153 τὸν
677 2097 830 2160 ἐκτὸς
860 2097 1200 2175 έγκελεύεται
1231 2095 1428 2172 τάχος,

161 2188 300 2243 ΞΕ
339 2186 665 2263 Εἴσαγαγεῖν
688 2185 890 2244 ἄνακτα
907 2185 1220 2257 τῆς-πύλης
1252 2181 1379 2241 ἔσω.

340 2275 399 2328 Ὀ
423 2271 476 2329 δ’
507 2275 812 2346 ὑπεξελθὼν
843 2276 934 2331 καὶ
963 2273 1248 2332 Βασίλειον
1285 2276 1450 2347 μόνον

341 2365 530 2438 Εὑρὼν
559 2364 828 2420 ὑπνοῦντα
854 2366 992 2420 κατὰ
1021 2363 1178 2419 λιτοῦ
1207 2361 1464 2432 δαπέδου,

264 2525 266 2527 ψ
341 2452 531 2523 Πύλην
564 2453 776 2522 ὑπῆλθε
801 2457 900 2508 τοῦ
927 2453 1034 2509 νεὼ
1063 2453 1152 2508 καὶ
1179 2453 1269 2508 τὸν
1305 2450 1498 2524 δόμον,

343 2542 512 2614 Δόξας
543 2539 676 2619 ὄναρ
706 2543 991 2622 φάντασμα
1019 2543 1247 2618 μάταιον
1275 2541 1483 2614 πέλειν,

161 2635 301 2690 2550
343 2633 443 2688 Καὶ
475 2631 641 2688 πάλιν
670 2634 786 2710 εἶχε
813 2634 904 2688 τὸν
931 2635 1201 2708 νεωκόρον
1241 2629 1425 2703 κλίνη·

345 2723 447 2779 Καὶ
481 2721 648 2777 πάλιν
681 2719 807 2795 ὄψις
836 2743 1004 2778 ταυτα
1033 2723 1085 2778 οἱ
1108 2721 1420 2796 παρηγγύα·

344 2811 445 2866 Καὶ
479 2809 644 2866 πάλιν
675 2809 935 2886 ἰξέδραμε
961 2819 1062 2882 τῆς
1093 2809 1275 2881 πύλης
1304 2812 1500 2885 τάχος,

345 2900 444 2955 Καὶ
477 2899 766 2958 Βασίλειον
797 2901 946 2974 εὗρεν
983 2902 1257 2956 ὖπνοῦντα
1288 2900 1476 2972 μόνον.

341 2988 495 3047 Ἐπεὶ
527 2986 585 3044 δὶ
613 2989 734 3065 τρὶς
761 2989 976 3064 γένοιτο
1005 2989 1172 3045 ταῦτα
1209 2990 1325 3044 κατ’
1358 2986 1511 3064 ὅναρ,

164 3081 306 3136 ᾕῦἓ
344 3079 446 3133 Kal
477 3080 688 3141 σύνεσις
716 3079 783 3148 ἦν
815 3077 1062 3153 οὐδαμοῦ
1090 3079 1357 3154 νεοκόρῳ,

340 3166 516 3235 Δηλοῖ
542 3169 605 3223 τὸ
626 3169 809 3244 τρίτον
841 3167 1094 3246 έμφανῶς
1127 3171 1329 3243 μάρτυς
1362 3167 1554 3241 λέγων,

335 3258 488 3314 Εἶναι
508 3258 604 3312 τὸν
635 3257 786 3320 εκτὸς
815 3258 1066 3330 κείμενον
1106 3255 1350 3333 βασιλέα.

331 3348 430 3404 "Ov
465 3344 771 3421 εἰσαγαγὼν
803 3345 878 3408 ὡς
910 3344 1027 3402 δέον
1059 3346 1330 3420 νεωκόρος

333 3433 761 3513 Φιλοφροσύνης
794 3435 886 3490 καὶ
919 3435 1090 3506 ξενίας
1118 3434 1297 3508 ἠξίουο

155 3527 298 3583 3560
336 3525 468 3582 Εἶτα
498 3529 720 3594 συνιστᾷ
742 3521 902 3580 τόνδε
923 3529 1004 3596 τῷ
1030 3529 1139 3579 τῶν
1172 3523 1225 3579 ἐν
1255 3522 1424 3594 τέλει,

338 3613 603 3675 Κάκεῖνος
632 3611 904 3686 ᾠκείωσεν
936 3611 1124 3668 ἄνακτι
1154 3612 1342 3669 πάλιν.

337 3703 399 3761 Ὀ
430 3700 479 3758 δ’
503 3702 640 3775 ὕψος
669 3697 961 3777 ἐϐράϐευσε
987 3705 1089 3772 τῆς
1117 3702 1475 3779 κραταρχίας.

337 3793 436 3846 Καί
465 3813 552 3855 τις
584 3796 844 3866 μονιχῶν
870 3792 1085 3866 ἀρεταῖς
1118 3792 1448 3865 ἐστεμμένος

341 3879 635 3939 Μέλλοντά
661 3881 710 3934 τ’
741 3878 901 3942 εῗδὼς
927 3881 1201 3954 Πνεύματι
1235 3880 1365 3954 θείῳ
1397 3879 1599 3956 λέγειν,

155 3973 299 4028 2565
338 3972 563 4043 Κρήτην
595 3966 834 4043 πατρίδα
862 3969 952 4024 καὶ
988 3971 1160 4043 μονὴν
1191 3971 1524 4044 κεκτημένος

334 4061 543 4137 Ἐκεῖσε
573 4057 718 4130 τῷδε
745 4060 853 4134 πρὸ
880 4060 1116 4134 κράτους
1147 4059 1433 4138 ἀφιγμένῳ

333 4153 602 4222 Προεῖπεν
635 4146 928 4223 ἀνάρρησιν
961 4149 1017 4202 εὖ
1045 4149 1406 4223 κραταρχίας.

430 4238 812 4293 ΒΑΣΙΛΕΙΟΣ
852 4242 897 4293 0
938 4237 1282 4294 MAKEAQN
1321 4243 1401 4293 ET
1441 4239 1545 4296 IB'.

334 4328 508 4388 Οὗτος
537 4324 771 4401 Μιχαὴλ
800 4325 1003 4382 ἀνελὼν
1032 4329 1315 4404 εὐεργέτην

335 4415 438 4471 Kal
472 4414 799 4490 βασιλευτὴν
830 4416 919 4470 καὶ
951 4413 1116 4486 δότην
1147 4418 1238 4472 τὸν
1270 4421 1367 4474 τοῦ
1389 4419 1638 4497 στέφους,

151 4507 294 4563 2570
331 4503 699 4581 Αὐτοκράτωρ
737 4503 1018 4580 μόναρχος
1048 4504 1201 4582 ὣφοη
1234 4510 1343 4562 τῶν
1373 4507 1543 4565 ὅλων.

329 4595 492 4652 ’Ὀθεν
529 4595 728 4655 συνιεὶς
760 4592 910 4666 αῒκίᾳ
941 4591 1249 4658 συνειδότος

329 4683 508 4738 Φόνου
536 4680 802 4758 δυσαχθὶς
831 4683 920 4737 καὶ
952 4686 1240 4761 μιαιφόνον
1276 4684 1441 4758 μύσος
1547 4710 1549 4712 ·

332 4769 607 4842 Ἐξιλεοῦν
641 4769 866 4828 ἔσπευδε
895 4774 1173 4844 Δεσπότην
1208 4772 1355 4830 ὅλων

331 4855 602 4918 Ἀϐυσσον
635 4860 956 4937 ὕπάρχοντα
978 4869 1079 4932 τῆς
1105 4859 1539 4938 εὑσπλαγχνίας,

145 4952 285 5008 2575
324 4950 549 5026 Ἔργοις
580 4947 890 5028 φιλοίκτοις
919 4951 1009 5006 καὶ
1041 4949 1228 5006 καλῶν
1262 4951 1554 5026 εύποιίαις,

324 5041 455 5096 Μεθ’
490 5040 588 5107 ὧν,
616 5039 753 5094 νεὼν
785 5038 1106 5112 κάλλιπον,
1142 5041 1386 5116 εὐπρεπῆ
1421 5043 1566 5113 ξένον

333 5127 646 5192 Πολυτελὶς
673 5127 848 5201 θέαμα
877 5130 1064 5205 τέρψιν
1098 5130 1362 5204 ὀμμάτων

323 5219 410 5275 Ἐν
444 5216 743 5293 βασιλείοις
772 5216 1017 5280 καινίσας
1052 5219 1432 5296 Ηρωταγγέλῳ

323 5307 466 5363 Νἰαν
501 5305 850 5378 άποκέκληκε
878 5305 1028 5362 τονδ’
1059 5307 1378 5381 έκκλησίαν·

157 5398 290 5454 2580
325 5396 433 5454 Καὶ
462 5396 629 5451 πάλιν
658 5394 832 5451 ἄλλον
867 5396 1033 5469 Ἠλίᾳ
1062 5403 1140 5471 τῷ
1174 5394 1428 5475 Θεσϐίτῃ,

321 5488 417 5540 Ὀν
447 5483 660 5560 ἐξόχως
690 5484 756 5554 ἦν
789 5484 879 5540 καὶ
909 5490 1085 5559 τιμῶν
1117 5487 1213 5542 καὶ
1251 5481 1547 5563 σεμνύνων

317 5577 581 5648 Πομπαῖς
610 5573 826 5648 έορταῖς
856 5573 1105 5649 δαψιλῶς
1134 5581 1260 5640 ταῖς
1295 5575 1347 5632 δι
1401 5573 1582 5644 ἔτους.

315 5665 492 5729 Οὗτος
524 5661 598 5720 δι’
625 5665 796 5720 αὐτοῦ
825 5663 915 5720 καὶ
939 5670 1254 5744 στρατηγῶν
1289 5667 1384 5724 καῖ
1418 5668 1626 5726 στόλου

478 5789 750 5850 Pareat.
799 5788 913 5849 Gn.
959 5787 1216 5851 CXLIII.

1706 375 2065 432 cusanus.

1857 499 1912 566 Α
1950 499 2116 555 Tunc
2147 499 2268 556 ﬁlio
2297 499 2496 556 timuit
2525 508 2711 559 mater
2736 502 3110 560 vehementer

1938 589 2198 660 aquilam
2228 589 2433 644 videns
2462 595 2673 661 preter
2702 593 3198 664 exspectationem

1939 678 2209 732 umbram
2241 677 2456 733 tenello
2486 679 2696 734 infanti
2727 681 3233 751 suppeditantem;

1937 763 2320 837 lapidumque
2344 767 2508 836 jactu
2542 769 2742 838 procul
2775 769 3043 841 abigebat
3072 786 3258 826 avem.

1936 857 2120 909 Matre
2150 856 2476 924 recedente,
2510 856 2708 928 aquila
2741 873 2945 912 rursus
2975 859 3230 924 advolat,

1938 947 2113 1013 atque
2141 959 2314 998 suum
2348 961 2526 1015 puero
2561 946 2776 1015 praebet
2806 945 3225 1002 ministerium.

1939 1030 2166 1086 Rursus
2196 1031 2348 1086 hanc
2376 1037 2565 1089 mater
2590 1033 2798 1102 abigit;
2831 1034 3008 1105 idque
3039 1052 3193 1107 sape

1938 1133 2040 1190 per
2067 1118 2222 1174 vices
2252 1119 2355 1174 illa
2380 1121 2473 1176 die
2505 1121 2833 1177 factitatum
2869 1124 2998 1179 fuit.

1937 1209 2013 1260 Ut
2039 1222 2173 1262 vero
2202 1223 2232 1262 θ
2263 1207 2458 1278 pueris
2487 1209 2732 1264 excessit
2761 1209 3036 1276 Basilius,

1937 1295 2209 1352 omnibus
2241 1297 2478 1366 ignotus
2507 1303 2681 1369 atque
2710 1299 3132 1368 egentissimus

1936 1384 2008 1438 ad
2042 1384 2404 1440 Constantini
2436 1386 2643 1441 urbem
2675 1388 2944 1457 pedester
2972 1389 3154 1458 venit,

1937 1487 2146 1543 nempe
2179 1478 2243 1527 ut
2273 1472 2445 1528 alicui
2479 1474 2641 1528 diviti
2676 1491 2895 1530 navans
2926 1492 3163 1547 operam

1935 1559 2064 1614 vites
2097 1561 2442 1631 adjumenta
2470 1563 2871 1618 sustentandae
2902 1563 3206 1633 acciperet.

1933 1648 2082 1720 Ergo
2113 1649 2416 1720 ingressus
2446 1651 2649 1706 urbem
2680 1652 3010 1707 dormiebat
3037 1667 3276 1724 vespere

1933 1736 1992 1790 in
2025 1737 2205 1792 valvis
2236 1738 2442 1810 templi
2475 1741 2751 1810 martyris
2783 1740 3082 1795 Diomedis

1853 1858 1900 1923 Β
1929 1827 2213 1923 tanquam
2243 1842 2486 1899 egemus
2517 1827 2766 1899 vilisque
2799 1828 3293 1884 adolescentulus.

1929 1913 2013 1969 En
2044 1920 2242 1970 autem
2275 1919 2497 1988 martyr
2526 1932 2588 1972 se
2617 1917 3099 1989 conspiciendum
3128 1918 3340 1974 obtulit

1931 2004 2032 2058 uni
2063 2019 2131 2058 ex
2159 2005 2395 2060 aedituis
2427 2010 2604 2061 noctu
2637 2022 2739 2076 per
2769 2008 3088 2074 somnium;
3114 2007 3336 2077 jubens

1930 2100 1994 2147 ut
2023 2092 2367 2149 festinanter
2395 2111 2529 2149 eum
2563 2094 2663 2165 qui
2695 2095 2951 2150 cubabat
2980 2096 3123 2151 foris

1931 2196 2149 2252 regem,
2182 2181 2426 2238 reclusis
2456 2182 2654 2247 valvis,
2690 2184 3109 2240 introduceret.

1928 2269 2216 2342 Egressus
2245 2271 2342 2326 ille
2373 2289 2506 2326 cum
2539 2272 2823 2328 Basiliam
2856 2271 3048 2329 solum

1931 2361 2089 2414 nuda
2121 2359 2302 2415 humo
2333 2360 2719 2416 dormientem
2752 2361 3110 2433 offendisset,

1927 2448 1988 2502 in
2019 2448 2306 2519 templum
2347 2465 2653 2520 regressus
2683 2451 2926 2506 domum
2957 2437 3021 2506 se
3050 2451 3288 2523 recepit,

1927 2554 2146 2594 vanum
2180 2554 2240 2593 se
2270 2539 2568 2594 somnium
2603 2539 2902 2595 aestimans
2934 2540 3184 2608 vidisse;

1933 2627 2125 2698 itaque
2151 2627 2210 2682 in
2238 2625 2385 2682 lecto
2419 2644 2626 2683 rursus
2658 2644 2720 2684 se
2746 2629 3100 2699 composuit.

1930 2717 2041 2771 Sed
2072 2731 2203 2771 ecce
2232 2715 2426 2772 oblata
2455 2716 2678 2788 species
2711 2718 3056 2773 mandatum
3093 2718 3323 2790 repetit.

1931 2804 2064 2875 Ipse
2093 2805 2358 2860 celeriter
2379 2806 2568 2874 janua
2596 2822 2659 2860 se
2692 2805 2959 2877 proripit,

1930 2898 1986 2949 et
2015 2893 2295 2949 Basilium
2329 2894 2714 2949 dormientem
2745 2895 2936 2950 solum
2972 2896 3206 2966 reperit.

1927 2981 2192 3054 Cumque
2216 2983 2342 3054 jam
2372 2982 2546 3039 tertio
2577 2983 2877 3038 somnium
2911 2985 3286 3052 occurrisset,

1929 3088 2119 3142 neque
2149 3089 2272 3128 rem
2303 3072 2554 3127 aedituus
2587 3089 2826 3144 prorsus
2859 3072 3234 3145 intelligeret,

1928 3170 2143 3232 martyr
2174 3162 2245 3216 ad
2277 3165 2604 3216 extremum
2635 3167 2831 3232 aperte
2863 3163 3009 3216 dixit

1850 3221 1893 3288 θ
1923 3221 2099 3318 eum:
2115 3251 2214 3321 qui
2248 3251 2388 3307 foris
2420 3221 2695 3315 cubabat;
2729 3267 2858 3306 esse
2892 3268 3106 3323 regem.

1923 3341 2087 3396 Tunc
2118 3340 2543 3403 introductum,
2575 3345 2641 3395 ut
2673 3357 2777 3411 par
2807 3345 2952 3407 erat,
2985 3341 3240 3398 aedituus

1923 3428 2156 3484 blandis
2187 3427 2397 3484 ofﬁciis
2429 3430 2711 3485 recreavit
2740 3434 2797 3485 et
2826 3429 3081 3501 hospitio
3116 3446 3129 3484 :

1922 3522 2050 3572 tum
2085 3519 2316 3573 cuidam
2351 3519 2618 3589 optimati
2653 3519 3111 3589 commendavit,

1923 3609 2022 3680 qui
2059 3625 2266 3664 rursus
2298 3609 2466 3665 illum
2499 3610 2620 3682 regi
2652 3609 2995 3666 familiarem
3026 3611 3310 3679 reddidit,

1924 3715 1958 3752 a
1990 3714 2104 3769 quo
2136 3697 2387 3754 Basilius
2418 3699 2646 3770 regium
2677 3699 2956 3756 honorem
2990 3699 3213 3756 retulit.

1923 3787 2073 3851 Quin
2104 3787 2248 3843 adeo
2279 3787 2522 3857 quidam
2552 3788 2767 3844 virtute
2798 3787 3029 3859 fulgens
3062 3789 3412 3858 monachus,

1921 3875 2140 3946 Spiritu
2173 3875 2369 3931 divino
2400 3877 2736 3932 futurorum
2770 3878 3074 3946 prmscius,

1920 3963 1978 4017 in
2007 3964 2173 4019 Creta
2203 3964 2392 4036 patria
2421 3965 2844 4020 monasterium
2878 3966 3162 4038 incolens,

1920 4052 2061 4109 illuc
2092 4053 2349 4110 venienti
2381 4059 2514 4110 ante
2537 4053 2848 4126 imperium
2877 4055 3091 4112 Basilio

1921 4143 2199 4199 veraciter
2229 4143 2497 4215 pradixit
2535 4159 2732 4216 regem
2764 4151 3026 4201 creatum
3057 4145 3150 4201 iri.

2257 4232 2578 4288 BASILIUS
2621 4233 2909 4290 MACEDO
2947 4235 3063 4290 AN.
3106 4235 3226 4291 XII.

1923 4331 2026 4386 Hic
2058 4330 2399 4386 Michaelem
2431 4345 2571 4402 erga
2600 4347 2662 4386 se
2693 4331 3021 4387 beneficum

1923 4421 2204 4492 regnique
2229 4420 2491 4475 datorem
2526 4424 2832 4491 postquam
2867 4420 3186 4489 interfecit,

1922 4509 2084 4565 solus
2115 4513 2458 4563 cunctarum
2489 4507 2764 4564 dominus
2797 4525 2992 4564 rerum
3025 4511 3266 4569 exstitit.

1840 4591 1887 4656 Ι)
1920 4598 2109 4662 Quare
2139 4597 2510 4653 conscientia
2542 4597 2801 4653 stimulis
2833 4606 3230 4671 compunctus

1923 4689 2065 4743 dum
2097 4687 2290 4743 scelus
2321 4685 2496 4742 credis
2528 4691 2759 4756 reputat
2788 4688 3064 4755 infandas,

1924 4776 2156 4850 placare
2184 4791 2499 4848 aggressus
2528 4780 2618 4831 est
2647 4792 3020 4834 communem
3058 4779 3398 4852 Dominum,

1926 4868 2095 4938 cujus
2126 4865 2446 4922 clementiae
2479 4864 2678 4920 nullus
2709 4874 2795 4921 est
2824 4867 3138 4940 terminus,

1927 4957 2098 5013 bonis
2128 4955 2407 5028 operibus
2437 4959 2496 5010 et
2523 4955 2822 5027 largiendo
2853 4959 3076 5029 egenis.

1929 5047 2075 5103 Tum
2104 5046 2282 5101 etiam
2313 5043 2602 5116 templum
2634 5061 2848 5100 novum
2881 5046 3346 5117 pulcherrimum

1931 5136 2145 5192 mirum
2176 5138 2530 5207 gratumque
2560 5133 2744 5190 oculis
2776 5137 3177 5206 spectaculum

1931 5226 2092 5297 regio
2123 5224 2183 5278 in
2215 5222 2426 5294 palatio
2457 5223 2800 5294 angelorum
2833 5225 3088 5297 principi

1933 5313 2216 5380 condidit,
2248 5311 2591 5383 Novamque
2620 5312 2933 5384 appellavit
2960 5314 3293 5375 ecclesiam.

1935 5405 2280 5474 Rursusque
2309 5400 2597 5473 templum
2631 5402 2789 5458 aliud
2822 5402 2954 5459 Eliaa
2985 5404 3302 5477 Thesbitaa,

1936 5509 2109 5566 quem
2139 5490 2366 5547 colebat
2395 5491 2686 5563 precipue
2717 5507 2819 5562 per
2849 5493 2986 5548 anni
3017 5510 3258 5552 cursum

1937 5581 2189 5656 pompis,
2223 5580 2432 5636 diebus
2463 5579 2652 5650 festis,
2685 5579 2906 5638 honore
2935 5583 3116 5640 lauto.

1935 5673 2040 5728 Hic
2069 5687 2172 5745 per
2196 5687 2336 5727 suos
2367 5670 2545 5726 duces
2575 5686 2796 5743 perque
2825 5674 3145 5731 exercitum

3230 5801 3268 5858 4

3485 381 3594 439 406
