4208 6430
569 421 674 475 407

566 548 844 619 perdebat
874 548 1073 603 hostes
1101 547 1236 619 igne
1266 548 1460 619 gladio
1490 546 1760 613 vinculis,

567 638 856 707 urbesque
887 637 1122 690 illorum
1155 653 1261 690 suo
1295 637 1654 704 adjunbebat
1686 652 1882 705 regno.

559 726 661 780 Hic
693 725 895 796 templi
928 725 1152 796 Sophia:
1187 726 1446 779 absidem
1484 725 1785 778 occiduam

548 819 675 888 jam
711 816 1073 872 laborantem
1104 817 1386 888 temporis
1421 815 1636 885 injuria

555 906 846 961 artiﬁcum
879 905 1078 959 refecit
1107 905 1401 973 eleganter
1431 920 1609 957 manu
1646 920 1659 957 ε

555 995 874 1064 multisque
907 993 1032 1047 aliis
1065 999 1231 1047 terrm
1265 998 1424 1046 motu
1460 992 1671 1045 dirutis

553 1082 814 1138 delubris
844 1099 1164 1154 congruam
1200 1082 1595 1152 suppeditavit
1627 1096 1818 1149 opem.

548 1173 785 1227 Judaaos
817 1188 1050 1242 quoque
1084 1171 1301 1224 multos
1329 1170 1399 1223 ad
1433 1175 1646 1222 rectam
1684 1168 1858 1221 ﬁdem

549 1261 803 1331 pellexit,
834 1262 963 1314 vitae
996 1260 1232 1327 agendaa
1263 1259 1622 1328 adjumentis
1656 1256 1936 1327 praebitis.

547 1349 698 1415 Quin
731 1350 947 1404 Rossos
977 1349 1264 1402 hactenus
1297 1347 1474 1401 errori
1509 1346 1736 1400 deditos

546 1439 616 1493 ad
653 1439 989 1509 religionem
1022 1436 1236 1490 Christi
1271 1435 1496 1489 curavit
1527 1435 1773 1488 trahere.

545 1527 823 1599 Egregius
855 1525 1068 1582 etenim
1107 1525 1325 1580 missus
1354 1525 1423 1578 ad
1458 1523 1566 1579 hos
1598 1523 1910 1594 episcopus

545 1617 735 1670 suasit
765 1615 994 1670 cunctis
1030 1621 1091 1667 ul
1118 1614 1187 1668 ad
1221 1613 1520 1668 Christum
1555 1612 1916 1678 accederent,

544 1703 758 1758 Christi
789 1703 1127 1774 evangelica
1161 1718 1407 1755 narrans
1444 1701 1746 1755 miracula.

542 1794 691 1848 Tum
726 1792 894 1847 Rossi
928 1791 1307 1861 postulabant
1338 1789 1574 1860 signum
1608 1804 1844 1843 cernere

544 1882 700 1952 quod
732 1885 1104 1936 narratarum
1139 1895 1331 1934 rerum
1365 1879 1538 1933 fidem
1572 1879 1804 1932 faceret.

542 1972 690 2042 Ergo
720 1971 880 2026 verbi
911 1969 1228 2042 evangelici
1261 1969 1523 2022 divinum
1558 1967 1777 2021 librum

541 2060 852 2130 episc0pus
885 2076 1019 2114 cum
1055 2059 1324 2127 precibus
1355 2058 1413 2111 in
1447 2057 1637 2128 ignem
1675 2057 1870 2123 misit;

543 2149 700 2204 hunc
728 2154 924 2203 autem
957 2148 1041 2201 vis
1073 2148 1443 2200 flammarum
1476 2163 1588 2201 non
1624 2146 1774 2200 laesit
1796 2162 1993 2200 vorax.

543 2241 666 2302 Qua
698 2255 758 2293 re
785 2237 1014 2292 attoniti
1047 2236 1361 2291 Dominum
1396 2241 1536 2290 sunt
1566 2236 1751 2290 secuti

543 2328 733 2392 Rossi,
768 2333 824 2382 et
855 2327 1131 2397 baptismi
1167 2343 1383 2380 munus
1415 2331 1823 2396 susceperunt.

539 2417 679 2470 Exin
719 2418 961 2471 Leonem
999 2416 1182 2469 lilium
1220 2415 1466 2469 Basilius

538 2505 921 2559 Santabareni
957 2503 1232 2558 absurdis
1266 2503 1526 2558 consiliis
1559 2504 1890 2575 obsequens

541 2594 724 2648 invidi
759 2595 1036 2665 pravique
1067 2593 1194 2660 viri,
1231 2592 1285 2646 in
1321 2593 1647 2647 custodiam
1684 2592 1944 2646 tradidit.

537 2685 604 2739 Et
637 2683 876 2754 quidem
911 2673 1111 2736 oculos
1146 2683 1290 2736 forte
1322 2681 1654 2736 amissurus
1686 2686 1810 2736 erat

533 2773 787 2827 dilectus
820 2772 976 2826 ﬁlius
1007 2776 1119 2826 Leo
1155 2771 1427 2824 mandato
1463 2770 1668 2839 patris,

532 2863 589 2918 ni
625 2861 960 2933 patriarcha
991 2877 1101 2914 cun
1138 2861 1486 2930 conscriptis
1519 2860 1786 2930 patribus

533 2950 807 3022 precibus
841 2949 1153 3019 fregissent
1185 2948 1445 3019 parentis
1477 2948 1812 3003 consilium.

532 3040 644 3094 Sed
680 3045 876 3094 tamen
913 3039 1028 3108 iam
1063 3038 1161 3092 diu
1198 3039 1251 3090 in
1287 3036 1538 3092 vinculis
1570 3038 1848 3092 manebat
1882 3037 2011 3093 Leo.

537 3129 678 3183 Ecce
707 3133 903 3182 autem
938 3126 1178 3196 praebito
1213 3125 1442 3196 publice
1472 3127 1734 3181 convivio

538 3217 827 3289 psittacus
854 3217 976 3270 avis
1005 3215 1216 3285 loquax
1247 3220 1303 3268 et
1329 3212 1612 3268 imitatrix

541 3305 749 3361 Leonis
781 3305 935 3360 inter
963 3305 1165 3375 epulas
1201 3320 1409 3358 nomen
1444 3303 1618 3374 ccepit

539 3395 899 3465 ingeminare
931 3393 1306 3463 convivisque
1338 3395 1625 3463 expressit
1653 3393 1970 3462 lacrymas;

541 3487 643 3556 qui
677 3486 748 3538 ad
781 3500 974 3553 genua
1003 3482 1227 3536 domini
1260 3482 1596 3551 ﬂagitanter
1627 3483 1792 3552 proni

539 3573 998 3629 reconciliarunt
1029 3572 1281 3641 denique
1314 3571 1496 3624 filium
1534 3573 1706 3641 patri,

539 3662 639 3732 qui
674 3660 849 3715 Leoni
885 3659 1226 3729 dignitatem
1257 3674 1391 3712 cum
1424 3659 1613 3730 gratia
1646 3657 1917 3715 reddidit.

540 3752 658 3805 Rex
688 3749 1007 3821 aliquando
1038 3765 1259 3803 venans
1289 3747 1347 3801 in
1381 3764 1616 3802 cervum
1652 3748 1860 3802 incidit

537 3841 749 3894 eximia
781 3838 1182 3907 magnitudine
1215 3837 1503 3907 celsisque
1535 3838 1833 3892 cornibus.

537 3945 706 4001 quem
744 3929 941 3982 statim
977 3928 1296 3980 instructus
1331 3929 1506 3980 armis
1537 3943 1713 3981 cursu
1747 3929 2006 3999 appetit;

529 4023 772 4090 jamque
803 4019 1105 4072 occisurus
1138 4021 1262 4070 erat
1288 4017 1440 4070 elato
1474 4015 1688 4086 gladio,

538 4125 674 4164 cum
707 4107 804 4162 ille
835 4114 1037 4162 contra
1063 4107 1292 4160 irruens
1322 4105 1547 4160 hostem
1583 4106 1858 4162 cornibus

541 4195 840 4251 sublatum
876 4195 933 4248 in
964 4196 1121 4248 avios
1153 4194 1311 4248 locos
1344 4194 1481 4262 fuga
1512 4192 1792 4263 abripuit.

539 4288 646 4340 Sed
680 4286 835 4340 enim
869 4300 1065 4339 comes
1089 4282 1324 4352 juvenis
1357 4288 1704 4353 praeverteris
1735 4300 1910 4338 cursu

542 4391 736 4446 regem
771 4374 1011 4446 praeciso
1045 4372 1276 4426 baltheo
1309 4371 1432 4425 neci
1466 4371 1719 4441 eripuit;

540 4466 640 4537 qui
667 4473 814 4519 'sane
843 4463 1142 4534 egregium
1175 4461 1456 4516 servatori
1490 4461 1793 4531 praemium

537 4554 809 4620 contulit,
846 4554 1109 4607 abscisso
1143 4552 1344 4621 capite.
1382 4550 1529 4604 Proh
1573 4551 1922 4619 injustitiam
1958 4549 1970 4604 ί

936 4669 1068 4723 LEO
1111 4667 1412 4722 SAPIENS
1449 4666 1565 4720 AN.
1608 4665 1778 4722 XXV.

534 4777 831 4833 Exstincto
864 4776 1102 4842 Basilio,
1135 4790 1442 4828 successor
1474 4773 1658 4826 haeres

534 4869 693 4922 filius
723 4866 953 4937 imperii
987 4865 1246 4918 habenas
1277 4863 1616 4917 tractandas
1644 4862 1798 4934 cepit

533 4963 645 5014 Leo
680 4956 991 5011 mundanae
1024 4953 1322 5025 sapientiae
1357 4951 1581 5006 nullius
1612 4953 1852 5007 inscius.

534 5047 820 5120 quadriga
852 5045 1253 5100 doctrinarum
1288 5043 1555 5113 apprime
1587 5043 1896 5109 exercitus,

537 5155 752 5193 arcana
781 5136 1100 5190 divinanda
1132 5135 1457 5204 praesertim
1494 5137 1638 5199 arte,

537 5244 668 5299 quae
700 5228 764 5280 ﬁt
795 5224 1292 5281 incantationibus
1326 5238 1624 5292 cursuque
1655 5223 1939 5293 siderum,

538 5334 784 5389 queque
819 5315 1019 5389 peritis
1049 5318 1258 5369 cuncta
1291 5313 1488 5367 futura
1520 5312 1741 5382 pandit.

605 5462 716 5532 (39)
753 5462 1012 5516 Profecto
1055 5460 1134 5514 rei
1163 5455 1553 5532 idivinatorize-
1599 5453 1825 5532 artique
1860 5457 2181 5532 astrologog

534 5526 664 5588 rum
697 5526 1029 5589 vanissimas
1065 5531 1213 5586 male
1242 5530 1478 5584 deditus
1530 5526 1640 5580 fuit
1690 5526 1828 5592 Leo;
1880 5527 2050 5596 cujus
2085 5526 2180 5584 _rei

531 5611 739 5660 testem
791 5621 882 5660 me
911 5605 1104 5659 videre
1155 5601 1396 5656 memini
1449 5599 1706 5653 codicem
1764 5600 2180 5670 perantiquum

529 5678 845 5750 insignem,
881 5695 908 5731 ο
934 5676 1258 5750 Byzantina
1289 5673 1422 5726 aula
1466 5678 1526 5725 ut
1569 5674 1708 5750 puto
1743 5670 2180 5750 profe_ctum,_in

531 5744 1466 5825 quo'mendacis'perniciosaaque
1491 5744 1632 5799 artis
1665 5748 1955 5816 praecepta
1985 5744 2178 5819 copio-

1775 426 2144 480 ΕΡΗΕΕΜΙῙ
2179 425 2748 484 CHRONOGRAPHI

2236 555 2288 615 Α
2317 638 2380 643 A_
2403 638 2452 643 ω
2495 548 2761 643 Ῥχςθροὺς
2791 551 3006 643 ῧπῇξρχε
3035 558 3316 628 κτιννύων,
3351 560 3568 637 εἷ’ργων,
3600 568 3814 643 φηέγων

2316 638 2456 690 2585
2497 637 2596 691 Καὶ
2631 643 2777 713 σφῶν
2811 637 3001 702 πόλεις
3037 644 3293 720 ἅρπαγμα
3322 651 3490 712 τιθεὶς
3518 637 3810 728 τῷκράτει

2494 729 2636 778 Ναοῦ
2670 728 2873 804 Σοφίας
2895 734 2984 783 καὶ
3017 729 3239 803 δυτικὴν
3274 736 3436 810 ἀψίδα

2492 815 2814 906 ξςάᾳμνουσαν
2849 815 2956 888 ⁴ἤδη
2990 825 3069 892 τῷ
3102 824 3290 897 χρόνῳ
3318 831 3396 898 τῷ
3428 829 3705 906 παμφάγῳ

2491 900 2726 977 Ἥδρασε
2756 908 2913 980 χερσὶ
2944 916 3206 983 τεχνιτῶν
3241 900 3595 990 εὐμηχάνως·

2488 997 2654 1080 Ναοῖς
2680 1014 2736 1047 τε
2765 993 3008 1058 πολλοῖς
3039 1005 3140 1073 γῆς
3162 1000 3348 1075 κλόνῳ
3370 1010 3793 1080 τεθραυσμένοις

2308 1081 2449 1134 2590
2484 1081 2590 1147 Τὴν
2625 1079 2850 1152 δυνατὴν
2884 1084 3135 1160 σύναρσιν
3165 1090 3343 1161 είσῆξε
3371 1094 3575 1161 σφίσινο

2490 1169 2737 1233 Πολλούς
2765 1174 2812 1225 τ’
2843 1171 3179 1232 ἐπεσπάσατο
3210 1184 3318 1234 τῶν
3353 1181 3654 1256 Ἰουδαίων,

2484 1259 2626 1322 Πρὸς
2646 1261 2826 1348 πίστιν
2862 1261 3026 1337 ὀρθὴν
3065 1285 3369 1341 χρηματων
3403 1275 3678 1348 συνεργίᾳ.

2483 1348 2589 1438 lui
2619 1349 2751 1410 Ῥὼς
2783 1347 2930 1412 ἔθνος
2961 1355 3087 1426 πρὶν
3119 1347 3731 1438 κεκρατημένονπλάνῃ

2481 1437 2696 1526 Χριστῷ
2727 1438 3047 1512 προσελθεῖν
3081 1440 3315 1507 εὐσεϐῶς
3344 1444 3541 1522 δράσας
3574 1446 3711 1526 ἔχει·

2302 1523 2445 1578 2595
2485 1525 2715 1587 Σταλείς
2745 1527 2843 1600 γὰρ
2876 1528 3061 1593 αὐτοῖς
3091 1532 3396 1608 ἀρχιθότης
3430 1542 3536 1592 τῶν
3569 1523 3707 1596 πάνυ

2479 1614 2698 1676 Ἔπειθε
2729 1615 2931 1678 πάντας
2963 1623 3040 1689 τῷ
3071 1621 3308 1693 Χριστοῦ
3340 1627 3625 1698 προσιέναι

2483 1701 2807 1776 Εὐαγγελίῳ
2838 1705 2926 1758 καὶ
2960 1708 3194 1779 Χριστόῦ
3223 1715 3550 1784 τεραστίοις.

2479 1789 2540 1840 Οἱ
2575 1787 2630 1842 δὲ
2660 1790 2794 1863 πρὸς
2828 1791 2991 1847 αὐτοῦ
3021 1795 3256 1852 κατιδεῖν
3286 1797 3451 1873 ᾔτουν
3483 1805 3640 1878 τέρας

2477 1879 2622 1951 Πρὸς
2653 1879 2830 1933 πίστιν
2862 1882 2934 1935 ὧν
2970 1881 3163 1960 ἔφασκε
3193 1889 3430 1963 Χριστοῦ
3463 1893 3770 1966 θαυμάτων·

2297 1964 2437 2018 2000
2475 1963 2801 2039 Εὐαγγέλων
2832 1973 2960 2041 γοῦν
2989 1971 3219 2028 πυκτίδα
3250 1977 3394 2038 θείαν
3428 1963 3610 2053 Λόγων

2475 2053 2786 2125 Εὐξαμένου
2814 2077 2871 2110 τε
2899 2061 2988 2112 καί
3019 2063 3188 2136 πυρὸς
3220 2065 3402 2128 θέντος
3437 2067 3599 2139 μέσον

2477 2141 2780 2233 ’ᾼφλλεκτος
2812 2147 2964 2201 ὦπτο
2993 2154 3072 2221 τῷ
3101 2152 3241 2226 πυρὶ
3261 2158 3338 2225 τῷ
3368 2159 3674 2233 παμφάγω.

2477 2231 2542 2322 Q't
2576 2229 2622 2285 δ’
2645 2231 3009 2322 ,ἐκπλαγέντες
3033 2241 3404 2313 προστίθῖνται
3434 2229 3614 2322 Κυνρίῲ

2477 2320 2862 2393 Βαπτίσματος
2896 2323 3043 2401 δώρη
3057 2350 3131 2400 μα
3161 2320 3639 2408 προσδεδεγμένοι·

2297 2409 2439 2464 2605
2478 2409 2581 2464 Καὶ
2612 2408 2780 2464 παῖδα
2811 2412 2902 2466 τὸν
2933 2416 3134 2470 Λέοντα
3165 2423 3402 2482 πεισθεὶς
3428 2425 3654 2488 ἀτόποις

2477 2494 2900 2572 Σανταὸαρηνοῢ
2936 2504 3204 2576 βασκάνου
3237 2505 3486 2580 συμϐουλ
3499 2513 3623 2581 ίαις,

2477 2586 2684 2656 Γόητος
2716 2587 2928 2664 ἀνδρὸς,
2964 2593 3182 2668 φυλακῇ
3222 2601 3565 2674 καθειργνύει

2476 2676 2575 2730 Καὶ
2611 2679 2739 2750 τάχ,
2775 2678 2832 2730 ἂν
2861 2676 3158 2738 ἀπέσϐεστο
3199 2682 3439 2760 λύχνους
3476 2690 3741 2764 ὀμμάτων

2474 2765 2534 2819 Ὁ
2565 2764 2823 2841 φίλτατος
2849 2774 2977 2832 παῖς
3002 2773 3136 2847 πρὸς
3168 2774 3511 2852 φυτοσπόρου
3544 2783 3712 2851 Λέων,

2293 2851 2436 2907 2610
2475 2852 2536 2906 Εἰ
2573 2855 2647 2924 μή
2680 2857 3031 2932 πατριάρχης
3061 2881 3119 2914 τε
3148 2862 3235 2916 καὶ
3267 2851 3526 2939 γερουσία

2473 2947 2660 3002 Λιταῖς
2691 2944 2939 3018 ἀπεῖρξαν
2975 2947 3287 3022 σκέμματας
3319 2955 3410 3008 τὸν
3448 2955 3665 3032 πατέρα·

2223 1915 2267 1978 Β

2468 3030 2818 3121 Ἐμφρουρος
2851 3035 2917 3102 ἦν
2961 3035 3112 3108 ὅμως
3141 3037 3197 3094 δὲ
3233 3041 3439 3117 μακρὰν
3471 3030 3815 3121 τὸνγχρόνον·

2469 3120 2542 3187 Avi
2556 3141 2643 3190 μῳ
2672 3117 2728 3174 δὲ
2757 3126 2946 3185 κοινῆς
2979 3125 3224 3200 ἡγμένης
3256 3131 3578 3198 πανδαισίας

2471 3209 2681 3277 Πτηνὸν
2716 3209 2966 3282 μιμηλὸν
2999 3217 3280 3286 ψιττακὸς,
3316 3225 3452 3287 ζῶον
3492 3221 3685 3292 λάλον,

2219 3275 2262 3344 C
2292 3297 2435 3351 26l5
2475 3275 2630 3368 Δέον,
2660 3275 2812 3366 Λέον,
2847 3275 3075 3376 κέκραγε
3108 3275 3359 3381 onyx-vii);
3390 3307 3442 3363 ἐν

2470 3386 2572 3441 Καὶ
2606 3388 2891 3452 συσσίτους
2921 3390 3157 3447 δείκνασι
3189 3398 3424 3470 πλήρεις
3454 3396 3725 3475 δακρύων·

2472 3473 2573 3564 Καὶ
2605 3477 3002 3548 προσπεσόντες
3028 3480 3275 3559 λιπαρῶς
3307 3491 3386 3556 τῷ
3412 3473 3647 3564 δεσπότῃ

2473 3563 2836 3632 Ἐξιλεοῦνται
2867 3572 2946 3637 τῷ
2968 3571 3132 3645 πατρὶ
3161 3573 3252 3626 τὸν
3279 3574 3415 3628 υἱέα·

2471 3652 2572 3708 Καὶ
2604 3651 2885 3708 σπένδεταί
2915 3658 2965 3710 οἱ
2995 3660 3086 3712 καὶ
3114 3660 3279 3716 πάλιν
3303 3665 3453 3736 νέμει
3485 3668 3704 3743 κράτος.

2292 3742 2434 3796 2620
2473 3746 2663 3815 Θηρῶν
2695 3742 2879 3822 ἐλάφῳ
2909 3747 3163 3820 βασιλεὺς
3196 3749 3514 3828 ἐντυγχάνει

2471 3832 2758 3909 Ὑπερφυεῖ
2787 3855 2845 3888 τε
2875 3837 2963 3890 καὶ
2996 3834 3118 3890 λίαν
3150 3843 3494 3917 κερασφόρὼ,

2473 3921 2589 3996 Ἐφ’
2621 3921 2677 3973 ὃν
2709 3925 2946 3997 ξιφήρης
2966 3926 3234 3982 κατέτεινε
3257 3931 3349 3984 τὸν
3385 3928 3614 4007 δρόμον,

2471 4009 2574 4064 Καὶ
2607 4011 2741 4086 φθὰς
2770 4010 2938 4086 ἐπῆρε
2966 4013 3028 4067 τὸ
3052 4017 3206 4092 ξίφος
3235 4019 3439 4089 πλῆξαι
3472 4020 3664 4085 θέλων.

2471 4098 2531 4154 Ὁ
2564 4095 2611 4151 δ’
2643 4098 2988 4177 ἀνθυποφθάς
3019 4109 3136 4165 τοῖς
3165 4106 3351 4179 κέρασι
3393 4111 3595 4186 σφαγέα

2292 4188 2435 4242 2625
2472 4189 2637 4259 ’Ἄρας
2667 4188 2829 4261 ἀπῄει
2862 4191 2996 4245 κατὰ
3027 4187 3306 4250 δυσϐάτων
3335 4198 3545 4255 τόπων.

2474 4276 2572 4329 Καί
2595 4297 2678 4338 τις
2710 4275 3008 4353 προλαϐών
3041 4280 3483 4357 ἕξομαρτούντων
3516 4289 3648 4344 νέων

2472 4363 2656 4435 Ζώνην
2690 4369 2870 4439 τεμὼν
2904 4371 3108 4424 σέσωκε
3135 4373 3227 4426 τὸν
3265 4374 3513 4449 βασιλέα.

2471 4455 2570 4518 "Oc
2601 4459 2813 4531 σῶστρα
2843 4457 2986 4513 καλά
3018 4465 3092 4532 τῷ
3125 4463 3387 4519 σεσωκότι
3409 4464 3560 4538 νέμει

2471 4545 2663 4616 Τομήν
2695 4546 2962 4624 κεφαλῆς·
2998 4553 3093 4626 φεῦ
3124 4547 3283 4622 δίκης
3305 4560 3406 4622 τῆς
3435 4552 3626 4610 ἀδίκου
3653 4558 3665 4613 ί

2214 4633 2260 4698 D
2693 4665 2874 4719 ΛΕΩΝ
2916 4665 2959 4721 0
3002 4667 3237 4723 ΣΟΦΟΣ
3279 4671 3392 4726 ΕΤ.
3436 4672 3556 4728 KE'.

2293 4768 2433 4822 2630
2476 4766 2767 4822 Βασιλείου
2795 4768 2851 4824 δὲ
2879 4771 2970 4824 τὸν
3005 4772 3120 4846 βίον
3153 4771 3480 4840 λελοιπότος

2475 4854 2745 4931 Διάδοχος
2776 4865 2904 4921 παῖς
2936 4859 3304 4918 ἀναδείκνυται
3337 4867 3569 4940 κράτους

2477 4948 2625 5001 Λέων
2659 4949 2849 5022 σοφίας
2874 4957 3145 5023 κοσμικῆς
3177 4954 3355 5023 πάσης
3387 4953 3550 5030 ἴδρις,

2475 5038 2588 5104 Τῆς
2611 5038 2936 5112 τετρακτύος
2963 5045 3068 5094 τῶν
3103 5047 3282 5120 σοφῶν
3320 5056 3463 5116 μαθη
3477 5067 3684 5118 ματων,

2475 5127 2570 5180 Θαὶ
2601 5135 2865 5198 μαντικῆς
2895 5128 3062 5198 αὐτῆς
3097 5131 3414 5208 ἀπορρήτου
3444 5133 3615 5190 πλέον

2226 5209 2230 5215 ’
2294 5218 2437 5272 2630
2473 5218 2578 5279 Τῆς
2611 5213 2678 5269 δι’
2713 5214 2936 5290 ἐπῳδῶν
2969 5220 3059 5273 καὶ
3092 5219 3303 5295 δρόμου
3333 5227 3438 5276 τῶν
3475 5225 3739 5301 ἀστέρων,

3872 446 3979 504 108

2475 5303 2713 5366 Μύσταις
2746 5303 3002 5378 διδούσης
3031 5310 3129 5378 τήν
3164 5310 3469 5387 πρόγνωσιν
3498 5317 3607 5368 τῶν
3640 5313 3787 5373 ὅλων

2298 5448 2531 5505 sissime
2587 5452 2912 5507 tradantur.
2963 5457 3037 5508 Ex
3085 5469 3151 5509 eo
3203 5455 3484 5512 nimirum
3544 5459 3745 5516 codice
3795 5462 3954 5518 frac-

2297 5526 2497 5602 menta
2535 5523 2648 5577 tria
2688 5524 2904 5602 Juliani
2955 5526 3338 5602 Laodicensis
3381 5545 3572 5602 nuper
3619 5547 3725 5602 ego
3769 5523 3927 5592 edidi

2295 5593 2442 5648 Nota
2469 5601 2863 5676 quoquesunt
2883 5596 3142 5669 oracula,
3166 5615 3297 5672 quae
3320 5593 3532 5658 Leon-is
3563 5593 3709 5676 imp.
3733 5593 3951 5668 nomen

2295 5682 2410 5740 prae
2441 5682 2503 5722 se
2537 5667 2750 5723 ferunt.
