4208 6430
173 388 280 445 109

345 511 536 568 Τᾶλλα
568 514 663 587 μὶν
699 515 856 578 οὗτος
887 510 1114 583 εὐσεϐὴς
1142 513 1231 583 ἦν,
1264 512 1573 588 ὀρθόφρων,

351 602 566 657 Κοινῶν
596 623 654 657 τε
685 600 958 672 διοίκησιν
985 603 1122 677 ἦγεν
1155 602 1231 658 ὡς
1264 597 1402 655 δέον·

351 690 698 765 Τιτραγαμίᾳ
727 688 775 745 δ’
804 691 1112 764 ὡμιληκὼς
1143 689 1384 764 συζύγων

166 779 314 834 2640
354 780 453 832 Καὶ
487 779 621 853 πρὸς
650 779 838 852 νόμων
870 777 1106 851 κώλυμα
1139 780 1215 851 μὴ
1249 779 1426 855 φέρειν
1460 777 1635 850 λέγων

351 863 633 939 Κυδοιμὸν
665 867 906 937 ἐντίθησι
937 865 1268 943 προστάταις
1294 865 1502 938 νόμων

351 955 456 1010 Καὶ
489 955 874 1030 ποιμενάρχην
908 954 1166 1024 ἔνστάτην
1199 951 1540 1027 δεδειγμένον

349 1042 601 1115 Ποίμνης
638 1042 832 1098 ἰλαύνε
861 1044 1182 1118 καταγαγὼν
1213 1046 1310 1096 τοῦ
1341 1039 1554 1116 θρόνου.

350 1132 584 1205 Πρώτην
617 1129 676 1187 δὶ
702 1153 881 1205 τιμων
901 1132 1141 1208 συξύγων
1179 1127 1436 1206 βασιλίδα

162 1221 310 1276 26⁴5
348 1223 465 1288 Τήν
504 1222 840 1294 μακαριστήν
874 1223 1131 1298 Θεοφανὼ
1159 1221 1260 1288 τὴν
1293 1221 1433 1274 πάνυ

349 1311 627 1384 Ἀγχιοτα
654 1315 785 1364 ναοῦ
814 1309 1069 1385 κηρύκων
1103 1307 1426 1364 ἀποστόλων
1460 1308 1572 1381 (40)

352 1399 504 1456 Νιὼν
538 1398 725 1469 ἀνιστᾷ
753 1397 886 1472 τῇδε
913 1403 1022 1454 τῶν
1056 1397 1324 1469 ἐξαισίων,

344 1488 433 1542 Ἐν
465 1488 510 1558 ᾤ
541 1487 702 1562 σορὸν
730 1488 946 1557 τίθησιν
977 1487 1144 1556 αὐτῆς
1178 1484 1473 1559 λειψάνων.

343 1575 451 1630 Καὶ
487 1574 651 1629 πάλιν
683 1574 858 1631 ἄλλον
889 1575 1131 1637 καινίσας
1161 1580 1304 1640 θεῖον
1339 1571 1508 1645 δόμον

161 1666 304 1720 2650
344 1665 580 1738 Χριστοῦ
612 1663 768 1720 οάλιν
801 1669 925 1736 ζωῷ
952 1686 1011 1738 γε
1041 1666 1274 1738 Ααζάρῳ
1304 1661 1452 1739 φίλῳ

346 1753 437 1809 Ἐν
471 1749 600 1823 τῷδ’
630 1751 956 1828 ἐθησαύρισε
986 1753 1239 1807 κάκείνου
1275 1751 1467 1823 ὁὶμας,

351 1841 450 1895 Καὶ
485 1837 857 1915 Μαγδαληνῆς
888 1840 1094 1917 Μαρίας
1120 1847 1218 1909 τῆς
1250 1834 1465 1900 ὀλϐίας.

348 1929 495 2003 Πρὸς
519 1926 693 1984 τοῖσδ’
723 1929 912 2000 ἀνιστᾷ
942 1930 1033 1984 καὶ
1069 1929 1241 2002 μονὴν
1277 1923 1662 1997 Κωνσταντίνῳ

348 2019 440 2074 Ἐν
472 2023 590 2080 ταῖς
617 2024 860 2082 νοσσιαῖς
889 2023 972 2090 τῷ
1004 2016 1316 2095 Παφλαγόνι
1347 2016 1499 2092 γινος

161 2111 306 2166 2655
348 2109 449 2164 Καὶ
475 2107 765 2185 θηλυδρίᾳ,
792 2105 952 2178 πλὴν
975 2107 1020 2163 δ’
1049 2110 1204 2182 ὅμως
1236 2105 1578 2182 πεφιλμένῳ,

345 2199 445 2256 ’Όν
475 2199 768 2270 ἀποκείρας
799 2203 1018 2273 πρῶτον
1057 2197 1136 2260 εἷς
1171 2194 1497 2274 ῥακενδύτην

345 2286 548 2361 Δόγοις
572 2287 877 2361 προαχθεὶς
906 2289 1143 2359 Βαμωνᾶ
1166 2291 1281 2347 τοῖς
1316 2284 1628 2360 βασκάνοις·

346 2376 459 2430 Εἶτ’
493 2374 721 2440 ἐκδύσας
752 2377 930 2453 ἄμφια
952 2376 1022 2430 τὰ
1054 2377 1413 2450 μονοτρόπων

345 2464 525 2535 "Agin,
554 2470 692 2538 τιμᾷ
723 2469 817 2520 τοῦ
846 2465 1376 2536 παρακοιμωμὲνου,

162 2556 308 2610 2660
351 2555 418 2632 ’ῼ
444 2554 533 2608 καὶ
569 2555 742 2626 μονὴν
773 2552 963 2629 ἤγειρε
989 2555 1089 2623 τὴν
1125 2552 1444 2628 εἰρημένην.

345 2644 454 2698 Τὸν
487 2640 532 2696 δ’
566 2641 618 2697 ἰν
646 2646 754 2714 νεῷ
787 2642 1067 2718 μάρτυρος
1099 2637 1226 2696 ὄντα
1259 2640 1507 2708 Μωκίου,

346 2731 587 2786 Ἐστῶτα
615 2729 663 2786 δ’
690 2733 866 2808 ἀγχοῦ
886 2729 1168 2808 κιγκλίδος
1199 2729 1350 2785 θείου
1377 2727 1572 2802 δόμοῦ,

352 2819 692 2898 Δορυφορίας
729 2818 1024 2894 βασιλικῆς
1052 2819 1304 2895 ἧγμὲνης

350 2910 499 2964 Κατὰ
524 2909 694 2982 κάρας
726 2907 956 2981 ἴπληξεν
989 2911 1126 2984 ἀνήρ
1153 2930 1238 2970 τις
1277 2909 1513 2984 βάκτρῳ·

161 3002 308 3058 2665
350 2999 457 3055 Καὶ
485 3000 613 3074 τάχ’
642 2997 702 3053 ἂν
731 3000 900 3066 αὐτὴν
934 2999 1246 3072 συνέτριψεν
1278 2996 1550 3071 ἐσχάτως,

348 3088 409 3145 El
437 3088 513 3161 μὴ
546 3087 918 3164 προσαῤῥάξαν
949 3109 1010 3162 γε
1043 3089 1274 3163 βάκτρον
1308 3085 1510 3161 λυχνίᾳ

346 3178 428 3235 Τὸ
460 3175 716 3232 πλεῖστον
747 3176 1002 3253 ἀφῄρητο
1040 3175 1219 3250 βιαίας
1255 3174 1456 3252 ῥύμηςο

357 3267 430 3324 Ὃ
461 3261 670 3338 συμϐὰν
704 3264 986 3340 εἰργάσατο
1017 3267 1176 3340 θροῦν
1205 3269 1322 3327 τοῖς
1357 3263 1407 3319 ἐν
1440 3263 1605 3318 τέλει’

356 3358 690 3430 Προήγορος
715 3352 773 3409 δὲ
801 3355 898 3409 κάν
936 3354 1302 3429 μονοτρόποις
1338 3355 1501 3429 μὲγας

161 3447 307 3502 2670
349 3444 572 3515 Μάρκος
601 3445 791 3520 παρὼν
821 3440 984 3521 ἔφησε
1021 3448 1099 3516 τῷ
1132 3443 1482 3520 πεφηφόρῳ.

348 3535 409 3592 Ὀ
443 3535 743 3612 σονυφήνας
774 3534 853 3605 τῴ
881 3532 1104 3609 μεγάλῳ
1137 3527 1406 3605 Σαϐϐάτῳ

349 3621 536 3686 Μάλος
569 3619 900 3697 τετραῷδιον
929 3621 1325 3697 εύφυεστάτως,

350 3714 449 3769 Ἐκ
474 3716 572 3767 τοῦ
601 3711 876 3785 παρόντος
909 3711 963 3774 ις
989 3711 1145 3765 νέωτ’
1171 3709 1478 3786 ἀραρότως,

354 3799 586 3855 Δέκατον
618 3798 816 3875 ἄρξων,
853 3799 1100 3875 βασιλεῦ,
1133 3798 1240 3864 ἴσθι
1276 3799 1499 3874 χρόνον⁸

165 3892 314 3949 2675
354 3888 453 3945 Καὶ
483 3887 790 3964 σύνδρομον
821 3890 1035 3966 γὲνοιτο
1063 3886 1297 3964 τοῦργον
1324 3891 1404 3960 τῷ
1433 3885 1608 3961 λόγῳ.

239 3979 711 4036 AAEEANAPOZ
744 3983 784 4033 Ο
814 3979 1145 4036 ΑΔΕΛΦΟΣ
1182 3977 1409 4035 ΑΥΤΟΥ
1439 3977 1620 4033 ΜΒΝ.
1649 3974 1751 4030 1Γ’.

355 4083 588 4147 Λέοντος
613 4083 795 4162 ἀρχὴν
827 4085 917 4140 καὶ
953 4083 1070 4162 βίον
1105 4082 1491 4153 λελοιπόντος,

348 4176 640 4248 Ὅμαιμος
671 4171 1028 4248 Ἀλέξανδρος
1062 4169 1190 4248 ἔσχε
1218 4175 1282 4228 τὸ
1317 4174 1540 4245 κράτος,

352 4265 520 4341 Ἀνὴρ
546 4263 812 4339 ἀσελγὴς,
836 4261 1122 4338 ὲκδεδίῃτη
1135 4265 1320 4337 μένος,

353 4355 592 4428 ’Δθυρμ⁹
617 4353 861 4428 ἐρώτων,
894 4353 1187 4416 ἀκολασίας
1220 4352 1409 4429 φίλος,

166 4446 316 4502 ΰὸο
354 4441 600 4516 Κώμοις,
641 4443 833 4515 μὲθαις
865 4442 1137 4518 χαίρουσα
1170 4439 1452 4517 χοιρώδης
1486 4440 1664 4519 φύσις,

354 4534 576 4599 Ῥἑκτης
606 4531 850 4606 κρυφίων
878 4529 1207 4610 Ἀφροδίτης
1242 4531 1460 4608 ὀργίων,

359 4621 632 4690 Φαύλοις,
654 4621 931 4698 ἀγύρταις,
963 4618 1216 4695 ἀνδράσιν
1250 4618 1606 4696 εὐτραπὲλοις

353 4707 833 4788 Τριωϐολιμαίοις
860 4731 918 4765 τε
945 4710 1212 4786 χιιρίζωγ
1249 4710 1466 4784 κράτος·

357 4805 549 4864 Ὅστις
578 4802 983 4877 κατωρχήσατο
1011 4806 1114 4870 τῆς
1143 4798 1480 4874 κραταρχίας

177 4895 322 4951 2585
355 4894 456 4952 Ὠς
486 4890 749 4966 συγγόνου
780 4887 1084 4964 πρόρῥησις
1112 4885 1166 4943 ἓν
1200 4890 1252 4964 γ’
1283 4887 1402 4950 ἔτος
1438 4884 1627 4961 μόνον,

362 4983 560 5052 Μηνας
592 4976 868 5054 δεκατρεῖς
901 4975 1364 5053 δυστυχεστάτους
1395 4978 1600 5053 φέρων.

185 5070 745 5130 ΚΩΝΣΤΑΝΤΙΝΟΣ
799 5070 842 5126 Ο
896 5069 1055 5126 ΥΙΟΣ
1116 5069 1446 5125 ΛΕΟΝΤΟΣ
1501 5072 1541 5121 Ο
1584 5067 1836 5123 ΗΟΡΦΥ-

254 5160 727 5218 POI‘ENNHTOE
816 5158 950 5216 2m
1040 5160 1132 5234 Τῼ
1211 5159 1534 5234 ΠΕΝΘΕΡῼ
1617 5157 1840 5213 ΑΥΤΟΥ

302 5251 600 5327 ΡΩΜΑΝῼ
636 5254 722 5326 τᾳ
761 5248 1172 5325 “unum.
1213 5248 1407 5304 omor
1446 5248 1557 5304 ET.
1600 5249 1709 5316 xc.

355 5359 572 5415 Τοῦτου
599 5355 1074 5432 καταστρέψαντος
1106 5353 1350 5431 αἶ’ςχρῶς
1381 5355 1471 5409 τὸν
1510 5354 1624 5428 βίον

399 5511 1058 5596 ιοευιίοροῐοΙηαηςίω
1089 5509 1574 5596 ἀροξιοιιιςςιλᾳιιω
1633 5513 1724 5596 est
1781 5509 1840 5565 in

192 5579 441 5642 editione
483 5583 722 5640 Eusebii
761 5579 1260 5649 Meridionale’nsi,
1295 5597 1352 5654 p.
1384 5579 1481 5648 70,
1529 5581 1838 5652 reprehen-

192 5657 270 5713 dit
298 5661 365 5714 ut
393 5653 825 5724 incredibilem,
857 5653 1373 5724 abjiciendamque
1415 5652 1728 5724 judicavit,
1781 5654 1840 5708 in

192 5657 270 5713 dit
298 5661 365 5714 ut
393 5653 825 5725 incredibilem,
857 5653 1373 5726 abjiciendamque

1700 383 2064 440 CMB.

1845 508 1899 574 Α
1932 507 2033 562 Hic
2063 508 2415 580 ceteroquin
2439 509 2571 580 pius
2601 514 2659 566 et
2686 511 3047 570 orthodoxus

1934 611 2054 649 rem
2087 596 2378 667 dirigebat
2407 614 2570 668 isquo
2593 601 2729 670 jure
2751 600 3079 672 publicam;

1935 684 2037 737 sed
2066 689 2263 740 tamen
2297 687 2522 756 quartis
2552 687 2863 744 celebratis
2895 690 3139 762 nuptiis.

1935 791 2038 829 nec
2070 775 2267 847 legum
2299 776 2405 836 hac
2437 778 2493 832 in
2527 784 2692 848 parte
2723 780 2954 835 frenum
2987 779 3235 851 patiens,

1935 865 2191 918 tumultu
2217 867 2573 936 perturbavit
2597 869 2868 923 custodes
2886 869 3076 938 juris;

1933 955 1992 1005 et
2023 953 2414 1021 patriarcham
2443 955 2846 1010 adversantem
2880 957 2995 1012 sibi

1933 1056 2104 1112 grege
2135 1042 2338 1112 procul
2370 1043 2595 1115 pepulit
2625 1045 2952 1100 detractum
2985 1045 3216 1100 throno.

1935 1129 2085 1183 Tum
2120 1134 2182 1184 ut
2210 1146 2379 1186 suam
2405 1133 2654 1202 primam
2685 1135 2997 1204 conjugem
3032 1135 3296 1204 reginam

1932 1218 2425 1290 Theophanonem
2465 1228 2757 1278 mortuam
2791 1224 3123 1292 honoraret,

1934 1307 2179 1363 delubro
2210 1310 2537 1380 proximam
2571 1312 2971 1384 apostolorum

1933 1397 2114 1453 aedem
2150 1398 2286 1454 huic
2316 1401 2604 1455 exstruxit
2638 1401 2894 1473 ingentis
2928 1401 3100 1458 molis

1934 1485 2131 1554 ibique
2153 1486 2429 1558 reliquias
2451 1489 2580 1559 ejus
2603 1490 2658 1544 in
2679 1507 2814 1545 arca
2844 1491 3060 1562 posuit.

1928 1573 2278 1647 Rursusque
2304 1577 2476 1632 aliam
2507 1578 2843 1634 instaurans
2865 1596 3093 1635 sacram
3124 1580 3326 1636 aedem.

1935 1662 2122 1718 amico
2149 1664 2366 1720 Christi
2397 1667 2650 1722 redivivo
2680 1668 2914 1735 Lazaro,

1933 1749 2152 1807 ibidem
2185 1768 2398 1824 corpus
2433 1754 2562 1824 ejus
2603 1755 2815 1811 clausit
2844 1755 3060 1826 loculo,

1851 1864 1900 1930 Β
1932 1854 2038 1896 nec
2067 1857 2181 1897 non
2215 1842 2398 1898 beatae
2429 1844 2778 1914 Magdalenaa
2811 1845 3026 1901 Mariae.

1927 1930 2265 1986 Cmnobium
2297 1932 2541 2004 insuper
2571 1935 2788 1989 struxit
2816 1936 3205 1991 Constantino

1929 2018 2287 2091 Paphlagoni
2320 2021 2378 2076 in
2411 2038 2477 2077 eo
2506 2023 2631 2078 loco
2659 2024 2756 2093 qui
2788 2025 2974 2079 Nidus
3015 2025 3252 2094 dicitur,

1929 2107 2090 2180 turpi
2111 2109 2256 2178 viro,
2284 2112 2382 2166 sed
2407 2115 2600 2166 tamen
2618 2112 2829 2168 dilecto
2861 2113 2974 2167 sibi
3001 2131 3015 2181 ;

1930 2211 2103 2266 quem
2127 2215 2293 2254 coma
2320 2200 2681 2270 tonsajussit
2705 2217 2834 2256 esse
2858 2201 3214 2257 monachum

1929 2285 2124 2341 verbis
2154 2286 2472 2343 instinctus
2503 2290 2770 2345 Samonaa
2803 2289 3120 2346 invidentis
3155 2307 3168 2346 :

1932 2378 2134 2444 postea
2155 2375 2416 2430 detracta
2447 2377 2775 2432 monachali
2807 2383 2964 2433 veste
3027 2413 3035 2423 -

1931 2461 2275 2517 cubicularii
2306 2463 2525 2520 honore
2555 2467 2963 2522 condecoravit

1931 2550 2100 2607 illum
2132 2552 2224 2607 cui
2257 2556 2702 2624 monasterium,
2727 2560 2791 2610 ut
2821 2556 2960 2626 dixi,
2995 2560 3308 2612 struxerat.

1931 2641 2073 2696 Exin
2105 2642 2518 2713 imperatorem
2543 2644 2601 2699 in
2635 2645 2850 2716 templo
2881 2647 3156 2716 martyris

1929 2730 2096 2785 Mocil
2124 2737 2478 2797 versantem,
2512 2733 2651 2788 dum
2683 2735 2826 2806 regii
2858 2734 3134 2790 satellites

1928 2819 2204 2876 cancellis
2236 2821 2696 2892 propinquarent
2725 2823 2933 2878 divinae
2969 2825 3198 2890 domus,

1930 2908 2126 2964 nescio
2158 2910 2292 2980 quis
2325 2910 2479 2965 fuste
2502 2913 2794 2982 percussit
2823 2911 2882 2966 in
2915 2912 3132 2983 capite;

1930 2999 2083 3069 quod
2115 2999 2348 3069 quidem
2383 2998 2467 3054 illi
2501 3016 2743 3071 prorsus
2775 3002 3181 3074 confregisset,

1929 3087 2041 3141 nisi
2070 3088 2342 3158 pendenti
2374 3087 2584 3160 lychno
2615 3088 2806 3145 illisus
2837 3091 3009 3146 fustis

1927 3175 2182 3232 multum
2214 3178 2284 3232 de
2315 3175 2371 3230 vi
2401 3176 2601 3232 lethali
2635 3178 3004 3250 perdidisset.

1854 3232 1897 3297 δ
1930 3267 2119 3338 Atque
2149 3266 2204 3320 id
2239 3281 2506 3336 proceres
2540 3232 2706 3322 valde
3024 3267 3271 3326 facinus.

1934 3354 2230 3411 Fatidicus
2251 3359 2449 3410 autem
2482 3360 2539 3411 et
2567 3355 2762 3411 clarus
2794 3357 2948 3412 inter
2978 3358 3293 3413 monachos

1934 3446 2184 3511 Marcus,
2213 3443 2313 3514 qui
2347 3443 2551 3513 panxit
2580 3460 2816 3500 carmen
2848 3445 3204 3501 tetraodinm

1933 3531 2172 3587 Sabbati
2206 3533 2402 3604 magni
2433 3538 2782 3604 pervenusto
2817 3544 3024 3604 metro,

1934 3621 2080 3676 forte
2107 3621 2186 3675 ibi
2221 3638 2476 3693 praesens
2499 3638 2696 3694 regem
2730 3623 2813 3678 sic
2845 3629 2934 3680 est
2964 3625 3172 3681 affatus
3210 3642 3224 3681 :

1933 3710 2214 3782 Tempore
2241 3726 2310 3766 ex
2340 3711 2446 3766 hoc
2478 3718 2698 3767 certum
2730 3717 2786 3768 te
2815 3729 2943 3769 esse
2975 3713 3121 3770 volo.

1934 3800 2132 3856 decem
2157 3800 2348 3855 adhuc
2378 3817 2564 3856 annos
2591 3801 2712 3857 fore
2742 3807 3125 3874 regnaturum
3162 3820 3174 3858 :

1935 3889 2165 3960 fuitque
2193 3890 2385 3945 verbis
2417 3906 2621 3961 reapse
2652 3897 2895 3947 eventus
2926 3909 3240 3948 consonus.

2007 3979 2442 4035 ALEXANDER
2481 3980 2739 4036 LEONIS
2779 3981 3063 4037 FRATER
3101 3982 3322 4039 MENS.
3357 3982 3505 4040 XIII.

1935 4086 2124 4142 Leone
2151 4087 2453 4141 deserente
2482 4102 2615 4142 cum
2639 4087 2755 4142 vita
2787 4087 3126 4160 imperium,

1935 4176 2114 4231 frater
2141 4173 2397 4230 obtinuit
2427 4180 2724 4248 sceptrum
2757 4176 3105 4246 Alexander,

1933 4265 2023 4320 vir
2053 4263 2390 4335 impudicus
2421 4265 2782 4336 perditisque
2811 4266 3096 4333 moribus,

1938 4370 2142 4409 servus
2171 4352 2506 4422 libidinum,
2540 4354 2980 4411 incontinentiae
3011 4356 3266 4423 deditus,

1939 4447 2320 4508 comessator,
2353 4443 2641 4511 ebriosus,
2675 4443 2976 4516 ingenium
3010 4445 3277 4510 brutum,

3474 394 3578 450 110

1942 4536 2113 4602 atque
2144 4547 2492 4587 arcanorum
2528 4532 2764 4588 Veneris
2796 4534 3094 4604 orgiorum
3120 4535 3364 4592 assecla.

1866 4596 1911 4662 Π
1945 4622 2236 4694 Improbis
2275 4621 2370 4678 hic
2400 4621 2621 4676 scurris
2652 4621 3136 4680 circumforaneis

1943 4711 2276 4783 vilibusque
2308 4727 2428 4765 rem
2462 4711 2779 4781 gerendam
2811 4713 3083 4767 tradebat
3113 4713 3437 4784 publicam.

1945 4800 2051 4865 Qui
2079 4805 2393 4872 postquam
2416 4798 2474 4853 in
2507 4799 2754 4870 imperio
2788 4801 3181 4856 debacchatus
3211 4807 3300 4857 est

1946 4906 2120 4957 anno,
2154 4895 2218 4945 ut
2249 4890 2428 4944 frater
2452 4889 2819 4960 prtedixerat,
2855 4890 3008 4946 haud
3045 4890 3177 4962 plus
3209 4907 3352 4962 uno,

1947 4996 2150 5035 mense
2181 4978 2392 5034 misere
2415 4979 2640 5034 interiit
2667 4979 2840 5033 tertio
2871 4980 3119 5036 decimo.

1946 5067 2493 5125 CONSTANTINUS
2545 5068 2797 5123 LEOle
2852 5069 3132 5124 FRATER
3183 5070 3596 5126 PORPHYRO-

2019 5155 2322 5212 GENITUS
2369 5155 2513 5211 CUM
2555 5155 2828 5211 SOGERO
2878 5155 3008 5211 SUO
3050 5156 3359 5214 ROMANO
3399 5160 3600 5213 LACA—

2022 5245 2208 5304 PENO
2246 5245 2416 5302 ΔΝΝ.
2457 5244 2657 5300 XXVI.

1951 5352 2060 5408 Ubi
2091 5351 2418 5408 Alexander
2447 5349 2698 5422 turpiter
2718 5348 2896 5405 vitam
2930 5348 3166 5419 clausit,

1950 5507 2062 5564 Sed
2094 5521 2226 5562 ecce
2284 5503 2392 5560 tibi
2447 5501 2616 5575 κήρυξ
2671 5500 2979 5563 απόστολος
3035 5503 3270 5575 nuntius
3328 5505 3607 5575 apostolus

1952 5580 2107 5652 apud
2139 5574 2564 5652 Ephraemium.
2598 5575 2786 5652 Quare
2838 5576 2923 5630 sic
2956 5590 3177 5652 _rs_apse_
3207 5574 3437 5652 legerat
3465 5577 3607 5634 olim

1950 5647 2243 5725 interpres
2273 5648 2579 5706 Armenius
2611 5647 2788 5704 etiam
2821 5648 2975 5720 apud
3007 5647 3352 5705 Eusebium.

189 5729 305 5788 suis
335 5724 954 5787 animadversionibus
1003 5727 1208 5783 doctus
1238 5724 1484 5798 quidam
1514 5727 1603 5783 vir
1632 5724 1839 5784 Italus.
