4208 6430
606 411 630 468 4
645 412 708 466 11
1811 408 2188 465 ΒΡΗΒΕΙΗΙ
2223 407 2268 463 C

2346 404 2795 462 ιοκοαιιΔΡΗι
3904 405 4008 462 112

606 534 1034 590 Constantinus
1067 550 1338 606 purpurae
1368 549 1607 606 germen
1641 535 1898 606 primum

2277 537 2331 602 Α
2540 531 2942 588 Κωνσταντῖνος
2974 525 3267 602 βλάστημα
3295 532 3511 604 πρῶτος
3549 529 3829 606 πορφύρας

607 623 812 680 Leonis
846 621 1005 677 ﬁlius
1035 622 1349 694 imperium
1383 623 1657 688 obtinuit,

2539 613 2770 676 Λέοντος
2804 615 2922 676 υἱὸς
2952 611 3371 690 παραλαμϐάνει
3401 617 3599 691 κράτος

606 717 826 767 aetatem
858 727 1101 783 prorsus
1132 717 1393 766 teneram
1427 711 1618 767 adhuc
1650 712 1887 782 degens.

1842 727 1887 765 s.
2359 706 2503 760 2690
2542 706 2673 766 Νέος
2702 703 2909 778 κομιδῆ
2938 707 3225 780 τυγχάνων
3257 705 3499 775 ἡλικίαν.

611 802 754 856 Dum
787 801 835 856 is
870 817 1002 855 cum
1038 805 1224 855 matre
1251 801 1328 856 rei
1361 801 1701 872 praesideret
1729 798 1994 870 publice,

1939 815 1994 866 ιε,
2539 793 2644 848 Σὺν
2682 794 2849 869 μητρὶ
2882 792 3121 850 διέποντι
3149 792 3289 866 τῷδε
3315 795 3378 849 τὸ
3407 795 3601 868 κράτος

612 889 913 945 Romanus
939 890 1182 960 quidam
1220 890 1559 960 Lacapenus
1593 891 1801 960 patria,

2540 882 2814 959 Ἐπιφυείς
2843 885 3116 955 Ῥωμανὸς
3150 882 3209 938 ἐκ
3236 885 3495 954 Λακάπης

605 979 722 1033 dux
752 978 1112 1034 exercituum
1147 994 1390 1034 munere
1422 978 1804 1050 drungarius,

2539 969 2732 1025 Πέλων
2767 971 3084 1046 στολάρχης
3119 971 3477 1048 δρουγγάριος
3506 972 3678 1045 ἀξίαν,

605 1067 814 1122 fefellit
847 1082 1027 1139 puero
1059 1066 1357 1138 regnatori
1389 1067 1586 1122 ﬁdem.

2539 1059 2910 1130 Ἀπεστάτησε
2939 1065 3035 1114 τοῦ
3061 1062 3185 1116 νέου
3218 1062 3561 1139 στεφηφόρου
3593 1080 3606 1095 ·

606 1160 738 1211 Mox
769 1156 838 1210 ad
876 1155 1038 1227 regni
1061 1157 1398 1210 societatem
1433 1156 1726 1210 admissus
1761 1152 1892 1208 fuit

2357 1149 2500 1203 2695
2536 1148 2761 1221 Ὀρκοις
2797 1147 3113 1226 φρικαλέοις
3143 1146 3200 1203 δὲ
3224 1151 3512 1219 συνθήκαις
3545 1151 3592 1214 θ’
3623 1152 3735 1224 ἅμα

609 1261 722 1300 non
756 1245 883 1299 sine
914 1244 1072 1316 gravi
1098 1245 1486 1315 jurejurando
1516 1250 1798 1314 pactoque
1826 1240 1972 1296 inito

2535 1235 2632 1300 Εἰς
2663 1235 2942 1312 βασιλείας
2974 1235 3332 1312 προσδεχθεὶς
3359 1239 3671 1311 κοινωνίαν,

609 1333 730 1389 fore
761 1339 828 1388 ut
866 1338 1254 1401 conregnaret
1282 1349 1414 1388 cum
1451 1348 1584 1404 rege
1615 1347 1816 1402 puero,

2535 1325 2623 1385 Ὠς
2652 1324 2946 1400 συνανάσσῃ
2970 1325 3050 1397 τῷ
3080 1327 3185 1397 νέῳ
3206 1326 3554 1404 στεφηφόρῳ,

611 1422 963 1494 imperiique
985 1427 1042 1477 et
1071 1422 1238 1493 pueri
1272 1421 1447 1476 simul
1491 1420 1735 1476 tutelam
1761 1421 2007 1491 gereret,

2537 1412 2643 1467 Καὶ
2674 1411 2931 1486 κηδεμὼν
2963 1413 2999 1488 ᾖ
3027 1419 3123 1468 τοῦ
3155 1415 3278 1469 νέου
3303 1414 3394 1468 καὶ
3423 1419 3520 1469 τοῦ
3549 1417 3803 1493 κράτους,

611 1519 789 1582 atque
820 1511 959 1567 huic
991 1511 1350 1566 incolumem
1383 1515 1642 1565 servaret
1673 1511 2043 1580 potentatum

1775 1511 2043 1562 entatum
2539 1501 2643 1556 Kal
2673 1500 2816 1574 τῷδε
2845 1505 3073 1575 τηρήσει
3104 1502 3437 1578 κραταρχίαν

607 1601 777 1670 cujus
807 1616 1009 1669 reapse
1042 1599 1331 1654 heredem
1366 1604 1528 1671 pater
1559 1598 1787 1652 fecerat.

2357 1590 2500 1644 2700
2538 1589 2622 1650 Ὡς
2656 1588 2864 1664 κλῆρον
2895 1588 3065 1652 ὅντως
3093 1593 3357 1663 πατρόθεν
3392 1590 3700 1668 δεδεγμένῳ
3728 1613 3739 1627 ·

606 1690 713 1744 Sed
749 1705 860 1743 non
897 1689 1148 1743 servavit
1180 1688 1515 1759 Lacapenus
1551 1688 1758 1741 fmdera
1794 1703 1806 1739 :

2537 1677 2614 1734 Οὐ
2645 1678 2799 1733 πάντ’
2830 1678 3129 1756 έφυλάξατο
3157 1685 3265 1735 τῶν
3299 1684 3687 1755 συγκειμένων,

606 1777 746 1847 quin
783 1777 924 1832 adeo
957 1777 1107 1832 ﬁlios
1138 1782 1257 1832 tres
1289 1776 1614 1847 designavit
1643 1777 1895 1830 Caesares
1925 1791 1938 1841 ;

2537 1763 2694 1823 Ἀλλ’
2725 1767 2873 1829 υἱέας
2900 1774 3046 1842 τρεῖς
3078 1768 3157 1830 εἲς
3193 1769 3450 1844 βασιλέας
3482 1771 3684 1846 στέφει,

606 1866 841 1937 sibique
872 1866 1193 1921 vindicavit
1223 1866 1589 1936 publicarum
1625 1879 1823 1918 rerum

2280 1909 2324 1937 η
2537 1854 2698 1927 Αὖτῷ
2729 1856 3090 1932 ἀπεκλήρωσε
3119 1863 3318 1913 κοινῶν
3350 1859 3687 1934 πραγμάτων

606 1909 841 1937 υ..,..,..ν
885 1909 1193 1921 ........,.....
1223 1909 1589 1936 ,..-..--......
1625 1909 1823 1918 .--_---

605 1972 806 2010 curam
843 1956 1176 2010 universam
1212 1955 1561 2025 imperiique
1591 1953 1873 2024 regimen.

2539 1909 2573 1911 ‘7
2673 1909 2683 1927 I
2792 1909 2877 1911 ’7"?
2930 1909 3084 1932 II‘V"'
3123 1909 3310 1913 V-‘_""
3358 1909 3682 1934 "r“|l"""'"

2280 1909 2326 1975 Β
2537 1942 2806 2018 Φροντίδα
2834 1952 3005 2000 πᾶσαν
3038 1949 3126 2001 καὶ
3155 1944 3422 2018 διοίκησιν
3454 1950 3705 2020 κράτους.

609 2046 842 2098 Interim
877 2050 1074 2098 tamen
1107 2044 1524 2098 Constantinus
1557 2057 1790 2112 quoque

2357 2033 2500 2088 2705
2536 2033 2686 2095 Τέως
2718 2032 2774 2089 δὲ
2801 2036 3040 2099 συνίθυνε
3067 2037 3156 2090 καὶ
3191 2043 3594 2100 Κωνσταντῖνος

604 2149 735 2188 cum
770 2150 908 2188 sene
937 2134 1179 2204 ejusque
1212 2132 1410 2188 liberis
1441 2131 1788 2202 imperabat.

2541 2124 2636 2193 Τῷ
2667 2119 2940 2198 πρεσϐύτῃ
2968 2125 3058 2178 καὶ
3089 2131 3205 2188 τοῖς
3237 2127 3523 2202 νεωτέροις
3551 2130 3774 2204 κράτος,

603 2224 791 2294 Atque
815 2223 892 2276 ita
917 2226 1151 2292 tempus
1183 2221 1411 2293 lapsum
1444 2226 1533 2276 est
1563 2219 1896 2285 diutinum;

2545 2211 2646 2266 Καὶ
2682 2211 2886 2285 μακρὸς
2921 2211 3176 2282 ἐξήνυστο
3205 2219 3283 2286 τῷ
3316 2216 3464 2288 μέσῳ
3493 2218 3695 2293 χρόνος

615 2312 895 2366 nimirum
924 2311 1128 2382 viginti
1160 2317 1217 2365 et
1247 2327 1346 2365 sex
1379 2310 1673 2364 ﬂuxerunt
1702 2307 1863 2364 anni.

2543 2299 2684 2374 Πρὸς
2719 2298 2916 2355 εἷ’κοσιν
2943 2301 2998 2372 ἓξ
3029 2303 3448 2380 παραρρυέντων
3477 2309 3715 2382 χρόνων.

884 2443 1424 2500 CONSTANTINUS
1464 2440 1686 2499 SOLUS
1725 2440 1821 2495 AN
1854 2439 1977 2494 XV.

2639 2438 3168 2495 ΚΩΝΣΤΑΝΤΙΝΟΣ
3209 2445 3447 2497 ΜΟΝΟΣ
3488 2446 3589 2498 ΕΤ.
3635 2445 3734 2500 lE'.

604 2579 768 2633 Tunc
799 2578 1032 2632 demum
1066 2576 1521 2653 comprehensos
1553 2573 1973 2631 Constantinus

2547 2570 2641 2624 Καὶ
2673 2576 2969 2642 τηνικαῦτα
3001 2570 3290 2630 συλλαϐὼν
3324 2582 3724 2642 Κωνσταντῖνος

614 2671 786 2722 cauto
820 2666 1064 2721 artiﬁcio
1096 2667 1421 2737 idoneoque
1447 2672 1708 2734 tempore

2369 2659 2512 2714 2710
2549 2659 2636 2721 Ὠς
2662 2666 2941 2737 νουνεχῶς
2971 2685 3029 2718 τε
3058 2665 3150 2718 καὶ
3180 2662 3299 2719 λίαν
3330 2662 3623 2738 ἑπηόόλως

613 2761 831 2824 patrem
867 2772 1000 2810 cum
1033 2755 1169 2809 ﬁliis
1203 2755 1440 2825 regibus
1473 2743 1726 2808 insi'tivis

2549 2748 2716 2804 Φίτυν
2747 2771 2805 2806 τε
2836 2751 3034 2816 παῖδας
3060 2753 3289 2819 ἄνακτας
3321 2753 3739 2838 παρεγγράφους

608 2843 868 2899 dominio
899 2844 1058 2899 exuit
1087 2842 1368 2914 solusque
1401 2842 1711 2914 imperium
1744 2839 1953 2896 tenuit.

2547 2839 2804 2903 Καθεῖλεν
2837 2841 3015 2918 ἀρχῆς
3047 2845 3135 2898 καὶ
3171 2852 3443 2922 μοναρχεῖ
3469 2853 3566 2903 τοῦ
3589 2853 3847 2926 κράτους.

608 2934 754 2989 IIuic
785 2934 918 3004 pius
948 2937 1072 2987 erat
1101 2936 1156 2987 et
1186 2931 1507 2987 orthodoxo
1539 2931 1758 2993 animo,

2547 2931 2788 3004 Ὑπῆρχε
2819 2929 2865 2984 δ’
2899 2933 3058 2995 οὗτος
3090 2930 3313 3006 εὐσεϐής
3342 2958 3446 3007 τις,
3481 2938 3788 3016 όρθόφρων,

607 3029 665 3077 et
698 3021 844 3077 nihil
877 3022 935 3076 in
972 3020 1239 3076 Ecclesiaa
1269 3021 1563 3075 institutis
1592 3022 1899 3086 innovans,

2544 3016 2726 3088 Μηδὲν
2759 3028 3010 3096 νεοχμῶν
3039 3030 3147 3079 τῶν
3179 3026 3312 3080 ἐθῶν
3344 3029 3698 3105 Ἑκκλησίας,

611 3114 730 3166 imo
764 3112 898 3166 huic
932 3111 1156 3165 dilectae
1190 3127 1292 3164 ceu
1330 3110 1500 3190 n‘iatri
1535 3109 1837 3171 obediens,

2366 3110 2509 3163 2715
2548 3107 2727 3164 Εἷ’κων
2761 3109 2818 3166 δὲ
2842 3113 3009 3188 ταύτῃ
3042 3117 3180 3178 καθὰ
3215 3119 3381 3194 μητρὶ
3415 3118 3675 3195 φιλτάτη,

608 3205 664 3256 et
694 3201 1026 3256 divinorum
1053 3200 1397 3270 dogmatum
1432 3198 1722 3265 defensor,

2297 3266 2336 3281 κ
2544 3203 2908 3280 Ὑπερμαχῶν
2936 3227 2993 3260 τε
3025 3204 3311 3281 δογμάτων
3345 3215 3451 3265 τῶν
3481 3211 3673 3277 ἐνθέων

606 3295 662 3344 et
687 3290 842 3361 juris
871 3289 1302 3345 observantiam
1338 3287 1396 3342 in
1433 3286 1640 3359 primis
1672 3287 1931 3356 exigens.

2675 3259 2724 3278 ιι
2793 3259 2831 3280 νκ.
2951 3259 2987 3260 η
3033 3259 3303 3281 "Ir‘"""
3356 3259 3445 3265 ""
3481 3259 3698 3285 "V'W'I

2293 3266 2338 3334 θ
2547 3290 2646 3345 Καὶ
2678 3291 2853 3348 πάντα
2882 3299 3055 3350 ποιῶν
3086 3298 3223 3372 πρὸς
3252 3297 3499 3376 φυλακὴν
3529 3307 3636 3356 τῶν
3668 3304 3856 3379 νόμων
3891 3328 3904 3343 ’

610 3380 763 3435 [dem
799 3379 1083 3434 doctrinis
1115 3378 1398 3449 praeditus
1429 3376 1795 3447 sapientibus

2546 3381 2645 3437 Ἥν
2679 3379 2732 3436 ἐν
2767 3385 2971 3458 μεθέξει
3002 3387 3092 3440 καὶ
3125 3394 3304 3464 σοφῶν
3340 3392 3678 3465 μαθημάτων

610 3469 990 3540 profanisque
1024 3466 1237 3522 litteris
1267 3466 1474 3521 eximie
1507 3466 1858 3530 instructus,

2547 3467 2885 3535 Παιδεύσεώς
2913 3495 2971 3528 τε
3000 3483 3098 3544 τῆς
3128 3477 3351 3552 θύραθεν
3385 3479 3460 3542 εἷς
3492 3482 3655 3555 ἄκρον
3691 3503 3703 3515 ·

608 3559 820 3613 harum
854 3574 1088 3629 quoque
1119 3556 1303 3628 gessit
1335 3571 1569 3627 semper
1597 3552 2012 3627 patrocinium,

2366 3559 2509 3614 2720
2549 3561 2642 3614 Ὧν
2669 3561 2758 3615 καὶ
2792 3565 3109 3638 προμηθεὺς
3144 3563 3294 3623 ὦπτο
3328 3552 3570 3626 συνεῖναι.
3597 3574 3722 3649 βίῳ,

608 3648 826 3718 quibus
856 3646 1154 3702 tradendis
1182 3644 1493 3714 magistros
1525 3644 1863 3715 praeposuit.

2546 3655 2658 3739 Τῇς
2690 3657 2839 3726 σφῶν
2863 3653 3176 3730 ἐπιστήμης
3205 3681 3268 3734 γε
3296 3659 3453 3730 τάξας
3486 3644 3737 3739 τεχνίτας
3771 3688 3784 3701 ·

608 3738 827 3792 Tamen
865 3736 1118 3807 indigna:
1153 3735 1399 3804 imperio
1433 3735 1600 3789 dotes
1634 3733 1864 3788 inerant
1899 3749 1910 3786 :

2549 3738 2702 3808 Πλὴν
2735 3742 2879 3817 εἶχεν
2913 3745 3044 3800 ἄττα
3076 3747 3152 3818 μή
3186 3733 3773 3828 προσήκοντάκράτει.

606 3842 863 3896 namque
896 3824 1320 3895 rempublicam
1355 3823 1675 3878 socorditer
1712 3822 1970 3893 regebat,

2547 3828 2859 3905 Αύταρχίαν
2892 3835 2992 3908 γὰρ
3030 3833 3289 3907 μαλακῶς
3320 3839 3385 3907 ἦν
3423 3822 3616 3897 ἰθύνων
3651 3862 3664 3876 °

606 3915 784 3969 nimis
807 3914 1170 3969 irascebatur
1206 3912 1691 3983 delinquentibus

2547 3917 2740 3991 Ὠρᾶτο
2771 3921 2861 3974 καὶ
2895 3919 3160 4000 δύσοργος
3191 3927 3595 4003 ἡμαρτηκόσιν,

608 4003 914 4076 pomisque
946 4007 1070 4057 erat
1100 4001 1407 4056 sumendis
1438 3999 1841 4056 inexorabilis.

2367 4008 2511 4062 2725
2549 4008 2690 4102 llpoc
2723 4005 2770 4062 δ’
2800 4009 2865 4064 αὖ
2895 4011 3170 4102 κολαστής
3202 3999 3810 4102 ἀπαραίτητόςσφισιν,

608 4093 766 4147 ldem
803 4092 1183 4163 magistratus
1217 4091 1662 4162 senatoriosque
1692 4093 1912 4160 gradus

2549 4098 3012 4172 Ἀρχαιρεσιάζων
3047 4100 3103 4157 δὲ
3140 4104 3347 4179 βουλάς
3375 4109 3422 4162 τ’
3453 4091 3746 4188 ἐκφέρων,-Ῑ

611 4181 1082 4253 praeferurasque
1113 4187 1169 4234 et
1203 4178 1491 4234 militares
1523 4178 1760 4233 ordines

2551 4189 2784 4264 Ἀρχαῖς
2816 4211 2872 4246 τε
2902 4199 3112 4257 κοιναῖς
3141 4178 3229 4248 καὶ
3261 4178 3618 4274 στρατηγίαις
3652 4178 3809 4269 ὅλαις

607 4270 748 4324 viris
782 4271 1048 4323 tradebat
1081 4285 1323 4339 prorsus
1356 4267 1513 4322 haud
1546 4268 1795 4339 idoneis,

2549 4274 2780 4352 Ἀνδρας
2814 4278 3004 4354 ἐφίστα
3033 4279 3307 4357 μηδαμῶς
3327 4267 3669 4364 πεφυκότας,

609 4359 872 4431 indignis
899 4358 1180 4429 omnique
1214 4356 1354 4412 vitio
1387 4355 1819 4427 laborantibus,

2551 4364 2824 4439 Ἀναξίους
2857 4365 2914 4423 δὲ
2944 4370 3032 4424 καὶ
3064 4355 3388 4449 μοχθηροὺς
3421 4355 3670 4451 εἷ’σάπαν,

607 4445 802 4503 ot'l'lcia
833 4456 1042 4502 cuncta
1075 4463 1217 4500 auro
1248 4445 1479 4500 venalia
1508 4445 1810 4500 exhibens.

2369 4453 2514 4508 2730
2552 4454 2758 4531 Ἀρχὰς
2795 4459 3004 4524 ἁπάσας
3034 4445 3337 4535 χρημάτων
3373 4463 3514 4540 δρῶν
3555 4445 3775 4537 ὠνίους,

610 4537 716 4591 Hic
747 4553 880 4591 cum
917 4540 1177 4590 Romano
1208 4535 1346 4588 dum
1380 4541 1649 4605 regnaret
1679 4534 1895 4605 adhuc,

2553 4543 2763 4600 Τούτου
2792 4547 3065 4621 Ῥωμανῷ
3096 4551 3516 4618 συνανάσσοντος
3549 4559 3673 4616 τότε

612 4626 806 4694 imago
836 4625 1048 4678 Christi
1089 4624 1317 4677 Domini
1352 4622 1508 4677 haud
1545 4639 1724 4678 manu
1752 4624 1901 4680 facta

2287 4634 2334 4699 D
2553 4630 2734 4689 Εῗκὼν
2766 4635 3184 4710 άχειρότευκτος
3213 4643 3449 4716 Χριστοῦ
3482 4645 3747 4707 δεσπότου

613 4716 763 4768 miro
796 4713 1042 4768 artiﬁcio
1068 4712 1127 4766 in
1164 4711 1389 4767 mantili
1422 4714 1578 4784 picta

2551 4722 2637 4776 ’Ev
2670 4728 3061 4802 χειρομάκτρῳ
3087 4711 3444 4807 διαγραφεῖσα
3470 4737 3636 4807 ξένως

608 4803 829 4857 Edessa
859 4805 1002 4857 urbe
1036 4803 1369 4872 Byzantium
1402 4802 1692 4857 translata
1721 4803 1851 4858 fuit.

2551 4811 2637 4881 Ἐξ
2669 4810 2893 4884 Ἐδέσης
2925 4814 3124 4885 ἤνεκτο
3151 4802 3621 4897 πρὸςΒυζαντιδα
3654 4849 3667 4863 ⁸

605 4892 887 4947 Rossicus
918 4891 1093 4946 etiam
1128 4890 1424 4962 plurimus
1453 4893 1744 4947 exercitus

2370 4901 2513 4956 2735
2551 4903 2647 4956 Καὶ
2680 4903 2940 4968 Ῥωσικός
2965 4929 3048 4970 τις
3083 4890 3450 4987 μυριάριθμος
3477 4916 3676 4982 στόλος

606 4981 947 5053 quindecim
984 4980 1144 5035 mille
1178 4995 1352 5035 naves
1388 4980 1708 5046 onerarias,

2551 4989 2739 5065 Φὲρων
2775 4994 3007 5069 ἀριθμὸν
3043 4980 3293 5056 ὁλκάδων
3328 4980 3467 5076 πρὸς
3490 5011 3610 5073 τοῖς
3640 4980 3768 5068 δέκα

609 5076 673 5126 ut
707 5071 859 5125 fama
889 5075 1000 5136 est,
1032 5071 1275 5135 ducens,
1311 5075 1638 5141 cunctaque
1667 5071 2031 5144 depopulans

2547 5081 2643 5142 ’Ὡς
2673 5102 2822 5158 φασι,
2855 5085 3344 5162 πεντεχιλιοστύας
3372 5057 3511 5157 Ιίίλας
3585 5057 3607 5073 ἶ
3773 5057 3789 5084 ί

606 5160 678 5214 ab
709 5161 912 5216 urbem
948 5160 1165 5230 regiam
1199 5159 1410 5214 direxit
1441 5176 1705 5214 cursum.

2549 5169 2918 5243 Λεηλατήσων
2950 5159 3280 5234 κατέπλευσε
3308 5183 3446 5254 πρὸς
3475 5183 3644 5243 πόλιν
3678 5208 3691 5222 ·

604 5250 712 5304 Sed
747 5251 903 5304 enim
934 5266 1114 5321 prope
1149 5249 1460 5304 universus
1493 5251 1709 5305 auxilio
1735 5251 1833 5306 Dei

2549 5256 2757 5334 Σχεδὸν
2791 5259 2838 5316 δ’
2869 5264 3005 5326 ἅπας
3034 5259 3266 5343 ἔφθαρτο
3295 5249 3375 5342 τῶ
3405 5277 3539 5328 Θεοῦ
3567 5277 3739 5341 σθένει

605 5337 848 5410 Virgine
882 5354 1119 5410 quoque
1153 5343 1341 5392 matre
1374 5337 1593 5394 ferente
1626 5355 1794 5411 opem

2369 5347 2512 5402 2740
2685 5337 3100 5442 μητρανᾶνδρου
3132 5337 3410 5434 Παρθένου
3439 5337 3735 5442 συμμαχίᾳ

605 5428 882 5484 Romanis
915 5427 1123 5483 classis
1156 5428 1379 5500 impetu
1422 5427 1650 5484 deletus
1692 5429 1822 5486 fuit.

2549 5438 2690 5512 Πρὸς
2715 5439 3065 5518 άντιπρώρου
3095 5446 3407 5520 Ῥωμαϊκοῦ
3434 5457 3533 5507 τοῦ
3560 5427 3783 5518 στόλόυ.

721 5543 1064 5600 ROMANUS
1095 5543 1628 5599 CONSTANTINUS
1659 5545 1888 5603 FILIUS
1921 5548 2015 5604 AN
2049 5549 2147 5607 ΙΙΙ.

2111 5549 2147 5607 [,
2620 5557 2954 5616 ΡΩΜΑΝΟΣ
2992 5563 3040 5617 Ο
3078 5563 3236 5621 ΥΙΟΣ
3286 5569 3508 5626 ΑΥΤΟΥ
3556 5573 3658 5630 ΕΤ.
3702 5577 3773 5633 I".

605 5660 750 5717 Exin
784 5661 1287 5735 Porphyrogenito
1318 5662 1438 5717 vita
1471 5661 1670 5718 functo

2545 5674 2653 5764 Τοῦ
2685 5677 3100 5764 πορῗφυρανθοῦς
3131 5675 3176 5733 δ’
3207 5679 3580 5750 ἀπολιπόντος
3613 5689 3734 5763 βίον

604 5751 908 5810 Romanus
939 5751 1098 5808 ﬁlius
1130 5751 1450 5826 imperator
1477 5752 1721 5826 exstitit,

2545 5759 2608 5818 Ὀ
2637 5766 2766 5826 παῖς
2786 5763 3063 5839 Ῥωμανὸς
3095 5765 3468 5830 ἀναδείκνυται
3498 5751 3738 5858 κράτωρ,
