4208 6430
157 364 260 421 113

331 496 482 565 Ωπερ
513 495 760 559 συνῆπτο
790 490 928 561 πρὸς
956 489 1140 564 γάμου
1167 481 1452 540 κοινωνίαν

147 581 294 635 2745
331 579 592 656 Θεοφανώ
620 600 705 640 τις
737 580 797 634 εκ
823 580 1144 652 χαμερποῦς
1176 577 1270 628 τοῦ
1298 571 1508 648 γένους,

330 669 406 724 Ἦ
436 664 625 742 τάνδρῖ
655 667 823 722 τίκτει
854 663 1051 726 παῖδας
1084 662 1308 738 ἄῤῥενας
1338 658 1456 730 δύο,

331 757 437 809 Τὸν
468 755 776 828 Βασίλειον,
807 756 943 829 πρὸς
974 753 1030 808 δὲ
1059 755 1150 806 τὸν
1183 753 1610 814 Κωνσταντῖνον,

330 844 440 905 Οίῖς
475 844 734 918 βασιλικῇ
765 844 945 914 ταινίᾳ
975 845 1151 917 στέφει
1184 840 1356 917 φίτυς·

331 933 502 1007 Ἀνὴρ
531 932 836 1009 τρυφηλὸς,
866 929 1145 1004 ἑκδεδιῃτη
1157 927 1339 1001 μένος.

148 1022 291 1077 2750
329 1022 534 1082 Μέθαις
560 1041 620 1075 τε
647 1022 861 1092 κώμοις
893 1019 1278 1092 προστετηκὼς
1310 1014 1537 1088 ἐξόχως,

326 1106 714 1179 Φιληδονίαις,
747 1106 1110 1185 ἀφροδισίοις,
1136 1106 1345 1170 πότοις,

328 1197 586 1272 Ἀνδράσι
619 1198 842 1270 λοιμοῖς
877 1194 1175 1270 συνδιάγων
1208 1194 1298 1248 καὶ
1330 1192 1575 1270 φθόροις.

328 1290 541 1340 Κοινῶν
572 1283 630 1340 δὲ
661 1284 932 1355 διοίκησιν
963 1287 1030 1354 ἦν
1058 1282 1363 1358 ἐγχειρίσας

323 1379 534 1454 Ἰωσήφ
563 1399 670 1431 τινι
700 1379 799 1446 τὴν
833 1375 1121 1444 ἐπίκλησιν
1151 1374 1354 1447 Βρίγγᾳ

141 1468 284 1523 2755
325 1466 677 1539 Πραιποσίτῳ
703 1487 763 1520 τε
791 1465 881 1519 καὶ
911 1461 1414 1539 παρακοιμωμένῳο

319 1558 518 1626 ’Ὀμως
545 1559 870 1630 στρατηγοῖς
901 1551 1179 1627 ἀνδρικοῖς
1208 1547 1552 1624 κεχρημένος

323 1642 523 1714 Στόλῳ
550 1663 608 1697 τε
641 1643 798 1718 βαρεῖ
827 1644 944 1696 κατ’
975 1641 1188 1716 ἐχθρῶν
1222 1634 1557 1706 ἀντιπάλων,

320 1731 490 1793 Νίκας
520 1732 803 1804 κατώρθου
831 1730 960 1792 τοὺς
993 1729 1262 1788 ἐναντίους
1289 1727 1520 1799 τρέπων·

320 1827 522 1875 Φωκᾶν
555 1820 871 1897 Νικηφόρον
901 1821 1001 1892 γαρ
1033 1816 1201 1889 ἄνδρα
1228 1812 1484 1889 γεννάδαν

139 1910 278 1966 2760
321 1912 434 1969 Σὺν,
465 1905 706 1984 συγγόνῳ
737 1909 924 1963 Λέοντι
956 1904 1288 1982 στρατηγοὺς
1319 1899 1486 1978 ἔχων,

318 2000 478 2072 Αἱρεῖ
508 1997 576 2052 δι’
607 1998 781 2052 αὐτῶν
814 1994 1135 2052 ὑπεναντίων
1166 1995 1379 2061 πόλεις,

318 2089 421 2144 Καὶ
454 2087 648 2162 θράσος
681 2087 895 2162 ἐχθρῶν
939 2083 1219 2140 ύποκλίνει
1255 2088 1329 2153 τῷ
1359 2083 1563 2156 κράτει,

507 2177 907 2232 ΝΙΚΗΦΟΡΟΣ
942 2178 1179 2230 ΦΩΚΑΣ
1222 2174 1334 2228 ET.
1380 2177 1437 2239 ζ’.

316 2264 525 2319 Τούτου
556 2262 1022 2337 καταστρέψαντος
1055 2261 1300 2336 αἰσχρῶς
1332 2260 1424 2314 τὸν
1459 2260 1601 2334 βίον,

313 2355 418 2408 Καὶ
451 2352 648 2427 κράτος
679 2354 815 2414 υἱοῖς
844 2355 1055 2426 γαμετῇ
1087 2348 1437 2416 λελοιπότος,

135 2443 272 2498 2765
315 2447 518 2504 Φωκᾶς
549 2441 866 2519 Νικηφόρος
894 2463 976 2502 τις
1010 2440 1247 2500 ἀποστὰς
1278 2437 1506 2512 κράτους

308 2531 693 2606 Ἀνηγορεύθη
731 2528 988 2606 βασιλεὺς
1021 2527 1370 2601 αὐτοκράτωρ

305 2619 466 2694 Παρὰ
493 2623 811 2694 στρατηγῶν
843 2626 942 2687 τῆς
974 2621 1090 2675 Ἕω
1122 2619 1209 2672 καὶ
1243 2617 1558 2691 ταγμάτων.

303 2706 482 2770 Οὗτος
510 2708 832 2782 στρατεύσας
865 2709 1000 2762 κατὰ
1026 2705 1216 2780 Σύρων
1251 2705 1494 2761 Κιλίκων

308 2795 538 2860 Πολλὰς
568 2796 756 2858 πόλεις
783 2802 928 2874 σφῶν
964 2796 1074 2851 εἷλε
1103 2802 1204 2865 τῆς
1237 2796 1423 2869 μάχης
1452 2793 1626 2867 νόμῳ,

130 2885 269 2940 2770
313 2882 575 2955 Ἀδαναν,
606 2885 833 2955 Ῥωσὸν,
866 2890 1050 2959 τεῖχος
1082 2878 1478 2958 Ἀναζαρϐέων,

305 2973 454 3049 Πρὸς
487 2971 669 3028 ταῖσδε
697 2973 900 3048 Ταρσὸν
928 2973 1014 3026 καὶ
1049 2973 1241 3044 Μόψου
1272 2972 1373 3040 τὴν
1403 2969 1599 3041 ἑστίαν,

298 3064 397 3117 Ὧν
431 3063 522 3116 καί
554 3060 730 3123 πύλας
761 3059 934 3136 ἤγαγε
964 3063 1100 3134 πρὸς
1134 3057 1432 3128 Βυζαντίδα

299 3151 574 3226 Ἐχούσας
605 3152 660 3204 εὗ
689 3152 893 3224 τέχνης
923 3170 983 3205 τε
1010 3150 1099 3204 καὶ
1129 3147 1432 3210 ποικιλίαςο

299 3238 407 3295 Καὶ
439 3242 580 3294 θεῖον
611 3238 851 3311 τύπωμα
879 3242 1112 3311 Χριστοῦ
1138 3241 1234 3292 τοῦ
1267 3238 1538 3291 Δεσπότου

123 3330 262 3385 2775
298 3327 490 3402 Εὑρὼν
521 3329 747 3402 κεράμῳ
776 3327 1162 3402 προστυπωθὲν
1184 3327 1426 3401 ἀτέχνως

303 3418 389 3487 Ἐξ
422 3416 784 3491 Ἰεραπόλεως
818 3414 1006 3478 ἄστεος
1033 3416 1242 3490 Σύρων,

301 3506 399 3560 Καὶ
437 3504 741 3581 βόστρυχόν
772 3507 821 3582 γ’
852 3503 1043 3578 α’ίματι
1073 3503 1525 3582 συμπεφυρμένον

297 3596 394 3651 Ἐκ
424 3592 808 3669 προδρομικῆς
836 3592 1004 3667 κάρας
1035 3592 1457 3665 ἀνειλημμένον.

294 3683 647 3754 Ἀνακομίζει
683 3685 821 3758 πρὸς
851 3681 1013 3737 πόλιν
1052 3680 1327 3758 βασιλίδα.

117 3771 256 3829 2780
299 3771 402 3828 Καὶ
436 3770 668 3848 φρούρια
697 3770 928 3826 πλεῖστα
959 3768 1015 3825 δὲ
1043 3775 1150 3825 τῶν
1178 3769 1428 3825 ἐναντίων

300 3861 496 3936 Κράτει
524 3860 855 3930 καθυπέταξε
882 3867 981 3930 τῆς
1013 3858 1345 3933 Ῥωμαΐδος.

295 3949 402 4004 Κκὶ
434 3953 602 4004 ταῦτα
637 3950 731 4022 μὲν
764 3947 1035 4004 κάλλιστα
1065 3948 1523 4022 κατορθωμάτων.

291 4036 450 4105 Ηλήν
478 4035 639 4092 τοῦδε
669 4036 923 4113 λαμπρὸν
961 4037 1270 4106 ἐπισκιάζον
1305 4038 1419 4112 εἶχέ
1443 4059 1518 4092 τιι

297 4128 541 4196 Ἥττητο
569 4146 680 4202 χρη
694 4129 878 4198 μάτων
906 4147 963 4180 τε
992 4128 1081 4180 καῖ
1112 4125 1515 4202 χρυσαργύρου,

120 4215 258 4271 2785
299 4215 595 4278 Κάντεῦθεν
630 4216 705 4277 εἷς
737 4213 769 4268 ἃ
803 4216 878 4288 μὴ
912 4214 1032 4270 δέον
1064 4215 1398 4290 παρακλίνας

296 4309 539 4376 Δασμοῖς
566 4325 624 4359 τε
652 4310 861 4366 καινοῖς
886 4304 1240 4381 κατατρύχων
1273 4305 1361 4359 καὶ
1390 4304 1580 4381 φόροις

297 4393 565 4461 Ὑπήκοον
599 4399 704 4447 πᾶν
732 4398 851 4447 ταῖν
885 4399 1070 4468 χεροῖν
1099 4398 1207 4448 τῶν
1238 4394 1583 4469 πρακτόρων,

294 4482 469 4558 Ὠφθη
508 4483 736 4555 μισητὸς
766 4487 894 4536 πᾶσι
925 4483 1014 4536 καὶ
1045 4489 1162 4544 τοῖς
1194 4482 1246 4537 έν
1276 4483 1442 4538 τέλει·

295 4575 390 4625 Καὶ
429 4568 645 4642 μᾶλλον
679 4574 763 4634 οῖς
794 4569 953 4644 ἔθιμα
977 4578 1074 4641 τῆς
1105 4571 1440 4641 Ἐκκλησίας

119 4660 254 4716 I790
297 4661 637 4734 Ἀνατρέπειν
669 4656 892 4715 ἔσπευδε
918 4660 1006 4715 καὶ
1034 4666 1212 4723 κακῶς
1246 4659 1418 4734 λύειν,

297 4755 495 4823 Ψῆφον
527 4750 665 4824 πρὸς
696 4749 855 4804 αὐτὸν
888 4749 1096 4805 ὲλκύων
1135 4750 1469 4806 ἐπισκόπων-

296 4837 400 4896 Καὶ
430 4842 509 4911 τῷ
539 4839 751 4911 ταμείῳ
785 4840 1050 4912 ποιμένος
1080 4841 1401 4910 τεθνηκότος

297 4928 380 4986 Τὰ
408 4928 666 5002 πτωχικὰ
695 4931 986 5004 πράγματα
1013 4936 1113 4999 τῆς
1145 4928 1474 5001 Ἐκκλησίας

299 5018 673 5093 Συνεισφέρειν
705 5014 813 5072 δεῖν
848 5018 1104 5081 θεσπίσας
1133 5020 1488 5093 παρανόμως.

116 5105 255 5162 2795
291 5104 415 5179 Ούχ
441 5106 605 5174 ἦττον
640 5104 865 5179 ἐξέμηνε
894 5107 1097 5170 πάντας
1127 5108 1263 5182 πρὸς
1294 5113 1451 5180 μῖσος

296 5195 375 5252 Τὸ
407 5196 520 5249 κατ’
552 5194 757 5250 ἐκείνου
787 5201 976 5270 τεῖχος
1011 5196 1408 5273 ὑπερηρμὲνον,

294 5283 363 5340 Ὀ
393 5282 655 5338 κυκλόθεν
683 5285 904 5359 τέτευχε
933 5290 1049 5348 τοῖς
1071 5285 1415 5360 ἀνακτόροις,

295 5373 564 5446 ’Υψιτενές
592 5375 640 5428 τ’
670 5373 728 5428 ’ὸν
756 5374 842 5428 καὶ
868 5371 1206 5448 περίδρομον
1237 5373 1380 5432 λίαν.

301 5463 397 5516 Καὶ
435 5459 616 5537 δόγμα
648 5460 694 5517 δ’
727 5461 1034 5538 εἷ’σήνεγκεν
1062 5463 1220 5525 οὗτος
1253 5462 1304 5518 ἐν
1341 5465 1489 5537 μέσῳ

125 5553 261 5606 2800
299 5551 561 5620 Θεσπίζον
591 5552 667 5614 ὡς
695 5549 804 5605 δεῖν
839 5553 1173 5627 στρατιώτας
1205 5552 1380 5622 έξίσου

304 5642 548 5716 Μάρτυσι
577 5645 740 5715 τιμᾷν
771 5643 861 5696 καὶ
891 5641 1159 5716 γεραίρειν
1188 5647 1305 5705 τοῖς
1336 5642 1530 5716 ὕμνοις

1690 353 2055 412 ΟΒΒΔΒΕΒ.

1836 478 1892 546 Α
1920 481 2014 534 cui
2050 482 2408 538 matrimonii
2433 485 2568 554 jure
2600 486 2916 556 conjuncta
2946 491 3071 543 erat

1918 569 2274 642 Theophano
2309 573 2530 643 plebeio
2558 562 2846 646 prognata
2875 592 3109 647 genere.

1919 656 2047 712 llaec
2079 659 2200 714 viro
2235 661 2456 732 peperit
2487 663 2782 718 masculos
2815 663 2967 719 filios
2998 665 3168 736 duos,

1917 747 2188 803 videlicet
2218 749 2493 806 Basilium
2527 756 2584 806 et
2612 753 3083 820 Constantinum,

1917 853 2067 906 quos
2099 839 2254 908 regio
2286 855 2521 910 quoque
2552 846 2862 896 stemmate
2892 843 3118 899 ornavit
3148 846 3377 916 genitor
3408 862 3421 900 :

1916 926 2003 980 vir
2032 926 2393 998 voluptarius
2425 934 2480 983 et
2509 931 2802 1001 corruptis
2835 932 3116 998 moribus,

1918 1016 2188 1085 potando,
2221 1020 2602 1072 comessando
2634 1019 2767 1089 plus
2800 1020 2980 1075 nimio
3014 1021 3268 1090 deditus,

1915 1104 2257 1175 deliciisque
2285 1113 2341 1160 et
2372 1107 2561 1161 veneri
2594 1113 2652 1163 et
2683 1110 2984 1173 conviviis,

1914 1194 2218 1249 sodalibus
2249 1199 2418 1250 utens
2449 1197 2723 1266 pessimis
2755 1202 2811 1250 et
2841 1199 3303 1270 corruptoribus.

1915 1281 2016 1336 Rei
2049 1299 2177 1338 vero
2209 1283 2452 1354 publicae
2483 1302 2684 1339 curam
2712 1287 3024 1355 gerendam
3056 1287 3296 1342 tradidit

1909 1370 2166 1442 Josepbo
2198 1373 2454 1438 cuidam,
2488 1375 2579 1428 cui
2612 1374 2834 1444 Bringaa
2866 1392 3153 1446 agnomen
3186 1380 3329 1442 erat,

1913 1460 2204 1531 praposili
2231 1462 2455 1532 gerenti
2487 1479 2704 1518 munus
2735 1469 2792 1518 et
2821 1464 3184 1518 cubicularii.

1913 1549 1967 1602 Is
1997 1553 2192 1604 tamen
2228 1554 2497 1606 strenuos
2529 1552 2751 1607 habens
2784 1554 2841 1607 in
2874 1553 3054 1606 armis
3087 1554 3266 1608 duces

1907 1635 2099 1692 valido
2131 1655 2264 1693 cum
2296 1639 2551 1694 exercitu
2583 1641 2857 1696 victorias
2890 1641 3088 1696 retulit

1911 1726 2170 1792 feliciter,
2207 1744 2463 1799 suosque
2498 1729 2693 1784 hostes
2725 1729 2782 1783 in
2819 1731 3011 1801 fugam
3039 1729 3341 1800 compulit.

1832 1832 1880 1898 Β
1912 1815 2158 1870 Pbocam
2194 1817 2409 1888 quippe
2442 1818 2832 1890 Nicephorum
2871 1819 3075 1873 fortem
3108 1819 3298 1872 virum

1913 1905 2273 1976 Leonemque
2306 1906 2539 1960 fratrem
2577 1909 2704 1977 ejus
2736 1908 2914 1961 duces
2948 1907 3180 1974 habuit;

1906 2009 2150 2061 quorum
2184 1993 2398 2048 virtute
2430 1995 2581 2066 cepit
2611 1995 2871 2049 hostium
2905 1996 3077 2049 urbes

1907 2080 2242 2154 fastumque
2272 2083 2506 2136 illorum
2541 2085 2769 2155 imperii
2794 2085 2940 2155 jugo
2972 2084 3254 2139 subdidit.

2209 2171 2664 2228 NICEPHORUS
2697 2173 2970 2228 PHOCAS
3005 2174 3112 2227 AN.
3146 2173 3238 2228 VI.

1903 2265 2222 2333 Postquam
2258 2261 2557 2317 Romanus
2589 2263 2836 2333 turpiter
2863 2263 3037 2317 vitam
3071 2262 3304 2329 clausit,

1903 2350 2102 2406 relicto
2135 2350 2379 2422 imperio
2413 2352 2643 2423 conjugi
2679 2356 2853 2423 atque
2885 2351 3106 2419 liberis,

1902 2439 2125 2495 Phocas
2154 2439 2516 2511 Nicephorus
2548 2440 2754 2496 fallens
2787 2428 3029 2512 imperio
3063 2441 3234 2496 fidem

1900 2528 2123 2584 electus
2153 2537 2237 2585 est
2271 2531 2339 2584 ad
2375 2530 2652 2585 honorem
2687 2530 2910 2602 regium

1899 2617 1970 2671 ab
2002 2617 2256 2672 Orientis
2287 2619 2537 2673 ducibus
2570 2631 2622 2673 et
2657 2619 3024 2673 exercitibus.

1901 2706 2000 2760 Hic
2034 2706 2250 2761 bellum
2285 2723 2491 2779 gerens
2523 2712 2724 2762 contra
2751 2712 2925 2780 Syros
2952 2707 3163 2762 Cilicas

1897 2794 2117 2850 multas
2148 2795 2382 2851 illorum
2415 2796 2589 2850 urbes
2620 2796 2670 2849 vi
2707 2799 2919 2851 martia
2957 2795 3130 2867 cepit,

1894 2885 2182 2950 Adanam,
2220 2885 2460 2952 Rosum,
2493 2886 2992 2940 Anazarbensium
3027 2903 3284 2952 murum,

1894 2979 2174 3045 praaterea
2203 2974 2449 3028 Tarsum
2486 2979 2653 3043 atque
2689 2976 3126 3044 Mopsuestiam,

1894 3079 2142 3135 quarum
2176 3063 2352 3117 etiam
2395 3068 2591 3134 portas
2623 3063 2958 3131 Byzantium
2990 3065 3290 3119 transtulit

1810 3181 1854 3250 ρ
1894 3151 2110 3222 insigni
2141 3157 2265 3206 arte
2293 3155 2347 3206 et
2378 3152 2532 3206 vario
2566 3157 2857 3221 persectas
2886 3168 3076 3223 opere.

1890 3240 2157 3295 Divinam
2193 3257 2426 3312 quoque
2457 3240 2669 3294 Christi
2701 3241 2924 3295 Domini
2959 3241 3210 3312 effigiem

1891 3331 2042 3385 haud
2077 3346 2252 3385 manu
2286 3330 2496 3385 factam
2531 3334 2586 3384 et
2616 3330 2672 3382 in
2706 3329 2820 3384 olla
2853 3329 3145 3384 inventam

1887 3421 2163 3487 Syrorum
2196 3434 2263 3473 ex
2293 3419 2436 3472 urbe
2465 3417 2778 3489 Hierapoli,

1889 3505 2201 3578 capillique
2235 3511 2457 3578 partem
2492 3511 2818 3561 concretam
2854 3507 3141 3578 sanguine

1889 3611 1919 3650 e
1949 3595 2331 3651 Praecursoris
2362 3596 2547 3666 capite
2578 3596 2971 3666 desumptam,

1887 3686 1958 3741 ad
1993 3685 2194 3739 urbem
2230 3685 2450 3755 regiam
2483 3685 2806 3741 transtulit.

1888 3774 2066 3829 Locos
2097 3790 2331 3846 quoque
2361 3773 2620 3828 munitos
2650 3774 2908 3829 hostium
2943 3774 3231 3845 plurimos

1887 3863 2283 3919 Romanorum
2316 3864 2537 3934 redegit
2570 3863 2624 3917 in
2663 3863 2962 3918 ditionem.

1889 3955 1956 4007 Et
1986 3953 2105 4007 haac
2136 3952 2366 4022 quidem
2399 3951 2701 4022 splendide
2732 3952 2803 4006 ab
2836 3969 2900 4006 eo
2932 3956 3072 4008 sunt
3104 3953 3277 4020 facta,

1885 4041 2098 4097 Verum
2134 4041 2311 4111 hujus
2341 4040 2488 4094 lucis
2521 4040 2693 4095 nullae
2729 4058 2841 4096 non
2876 4046 3044 4096 erant
3072 4043 3354 4111 tenebrae;

1888 4131 2145 4201 pecuniae
2175 4129 2479 4184 laborabat
2511 4146 2577 4183 cu
2590 4130 2680 4200 pid
2693 4130 2851 4195 itate,

1887 4223 2311 4290 proptereaque
2338 4219 2408 4274 ab
2440 4235 2604 4290 aequo
2631 4218 2933 4275 declinans
2955 4221 3092 4290 jure

1886 4324 2171 4364 novorum
2204 4308 2556 4362 tributorum
2593 4308 2859 4363 molestia
2889 4308 3165 4379 imposita

1886 4403 2242 4467 quaestorum
2275 4397 2550 4452 manibus
2583 4398 2851 4452 subditos
2882 4400 3148 4454 vexabat.

1887 4486 2031 4542 Hinc
2059 4487 2213 4558 plebi
2245 4490 2301 4541 et
2333 4486 2717 4558 optimatibus
2749 4503 2958 4541 exosus
2988 4493 3146 4554 erat;

1809 4552 1856 4614 D
1886 4577 2208 4648 praesertim
2243 4576 2337 4646 qui
2371 4591 2624 4630 canones
2659 4574 2922 4629 Ecclesiae

1887 4683 1988 4739 per
2017 4665 2209 4720 scelus
2242 4664 2451 4719 violare
2484 4665 2722 4719 molitus
2753 4670 2861 4733 est,

1883 4755 2294 4826 episcoporum
2328 4753 2553 4824 aliquot
2583 4753 2884 4824 suffragiis
2915 4756 3121 4825 captis.

1887 4850 2103 4917 Nempe
2136 4846 2204 4898 ad
2239 4843 2462 4915 regium
2492 4843 2762 4897 aerarium
2796 4845 3070 4900 defuncto
3100 4847 3372 4919 episcopo

1885 4950 2022 5003 opes
2055 4933 2322 4987 Ecclesiae
2356 4933 2714 5002 pauperibus
2747 4933 2973 4988 debitas

1885 5024 2087 5090 iniqua
2121 5022 2245 5094 lege
2276 5023 2619 5076 deferendas
2648 5022 2861 5076 sanxit.

1885 5111 2000 5167 Nec
2035 5111 2231 5166 minus
2270 5111 2385 5164 odii
2425 5109 2636 5177 publici
2675 5111 2934 5164 incendit
2962 5116 3259 5168 ﬂammam

1883 5199 2132 5254 excitata
2155 5200 2326 5270 jussu
2357 5198 2485 5268 cjus
2517 5198 2670 5252 muri
2703 5198 2888 5253 moles

1883 5288 2138 5360 insignis
2172 5289 2540 5344 celsitudinis
2574 5292 2629 5341 et
2665 5289 2863 5359 magni
2896 5289 3174 5356 ambitus,

1884 5395 2011 5450 qua":
2045 5378 2350 5450 pallatium
2387 5377 2646 5448 undique
2676 5377 3180 5435 circumvallabat.

1884 5470 1938 5522 is
1967 5468 2142 5524 etiam
2173 5483 2386 5522 novum
2422 5466 2666 5536 protulit
2693 5467 2992 5522 decretum

1883 5575 1998 5630 quo
2031 5561 2351 5629 martyrum
2384 5556 2603 5611 honore
2629 5556 2875 5626 jubebat
2901 5556 3116 5614 milites

1881 5646 2015 5718 coll,
2039 5648 2338 5719 sacrisque
2366 5645 2602 5717 hymnis
2634 5645 2938 5714 celebrari,

3461 363 3568 420 414
3637 368 3644 375 ’
