4208 6430
136 414 235 471 417
1668 410 2027 466 ΟΒΒΔΒΕΒ.

135 538 276 593 2860
316 537 387 591 Ὠ
418 531 862 610 Κυριθεόδωρος,
886 533 931 587 ὦ
962 530 1329 605 στρατηλάτα,

316 624 492 696 Ἐμός
520 644 580 678 τε
610 621 697 676 καὶ
733 620 825 682 σὸς
858 618 1174 695 προσφιλὴς
1206 620 1466 689 Ἰωάννης

317 714 515 785 Βαρεῖς
545 712 755 784 ἀγῶνας
786 708 877 763 καὶ
908 705 1241 778 δυσηνῦτοος
1272 705 1409 783 ἔχει·

321 797 693 855 Σ>δ’“λλέ
844 798 890 829 ἰ
1109 795 1197 813 ἐ
1365 795 1375 813 ’

374 824 401 854 J
510 820 541 853 α
697 818 1031 872 πικουρησον
1064 817 1211 867 αυτῳ
1238 816 1496 870 ταχυνας.

316 885 441 943 Τόδ⁹
467 890 503 956 ἡ
539 886 741 960 θεωρὸς
772 890 890 947 τοῖς
922 888 1173 938 συνοῦσιν
1208 884 1418 960 ἑκᾳὲρει

138 979 284 1033 2865
322 977 533 1047 Μνήμῃ
565 971 773 1028 διδοῦσι
806 972 896 1027 καὶ
922 975 1109 1046 γραφῇ
1141 972 1238 1039 τὴν
1280 974 1515 1045 ἡμέραν.

318 1064 427 1121 Καὶ
457 1063 615 1117 πάνθ’
646 1062 865 1135 ὑπῆρχε
896 1058 1175 1133 σύνδρομα
1206 1060 1392 1133 χρόνῳ
1427 1060 1638 1131 μάχης.

315 1150 499 1212 Οὗτος
532 1155 860 1223 στρατεύσας
890 1149 980 1203 καὶ
1007 1149 1143 1203 κατὰ
1170 1147 1415 1208 Κιλικίας

320 1237 624 1312 Ηάμπολλ⁹
658 1238 995 1312 ἐχειρώσατο
1027 1236 1234 1305 ταύτης
1261 1234 1559 1312 φρουρίων·

314 1330 451 1381 Ὀσα
484 1324 529 1381 δ’
559 1325 822 1403 ἀφηνίασε
850 1330 949 1393 τῆς
980 1322 1338 1397 κραταρχίας,

131 1419 275 1473 2870
313 1417 464 1490 Πρὸς
490 1414 642 1485 τήνδ’
676 1413 984 1487 ἐπανήγαγε
1008 1418 1128 1475 ταῖς
1157 1411 1529 1485 στρατηγίαις·

313 1504 498 1567 Οὗτος
526 1504 659 1557 νεὼν
687 1502 875 1577 ἤγειρε
905 1502 1123 1575 Χριστῷ
1154 1499 1405 1572 Δεσπότῃ

316 1590 611 1660 Πολυτελῆ
636 1589 935 1645 κάλλιστον
969 1588 1022 1643 ἰν
1055 1588 1253 1661 Χαλκῇ
1287 1586 1457 1657 ξένον.

242 1711 623 1767 ΒΑΣΙΛΕΙΟΣ
664 1709 708 1765 Ο
762 1708 1399 1763 ΒΟΥΛΓΑΡΟΚΤΟΝΟΣ
1450 1705 1557 1760 ΕΤ.
1611 1703 1692 1757 Ν’.

312 1806 523 1861 Τούτου
552 1806 615 1860 τὸ
651 1806 802 1880 βιοῦν
834 1802 1268 1877 ὲκμετρήσαντος
1300 1801 1478 1874 μόρῳ,

313 1896 651 1970 Κληροῦχος
683 1893 863 1968 ἀρχῆς
891 1899 993 1961 τῆς
1022 1892 1279 1966 πατρῴας
1310 1889 1551 1963 ἐννόμως

134 1987 271 2041 2875
315 1983 603 2045 Βασίλειος
632 1979 874 2037 δὲδεικτο
904 1981 995 2035 καὶ
1030 1979 1428 2053 σκηπτοῦχίας,

314 2074 381 2132 '0
409 2073 697 2144 Ῥωμανοῦ
728 2074 857 2131 παῖς
889 2062 1378 2145 πορφυρόϐλαστος
1410 2062 1638 2132 κλάδος,

314 2161 686 2237 Αὐτοκράτωρ
716 2157 1007 2233 κράτιστος
1038 2156 1090 2211 ἐν
1125 2153 1476 2230 στρατηγίαις

312 2249 635 2324 Αὐτιρχίας
674 2247 941 2302 τάλαντον
969 2244 1201 2315 αὐξήσας
1235 2244 1387 2318 μέγαο

312 2340 404 2399 Ὠς
434 2338 651 2404 πιστὸς,
683 2336 757 2398 ὡς
792 2333 1059 2408 φρόνιμος
1090 2330 1163 2387 ὢν
1199 2333 1472 2407 ὑπηρέτης

135 2429 274 2484 2880
316 2426 393 2481 Οὐ
424 2426 561 2501 πρὸς
594 2425 798 2502 τρυφάς
829 2443 884 2477 τε
916 2423 1005 2477 καὶ
1041 2422 1178 2495 πρὸς
1210 2419 1412 2482 ἀνέσεις
1450 2417 1691 2493 βλέπων,

318 2513 455 2574 Οὐδ’
482 2513 713 2586 ἀμελείᾳ
747 2514 885 2586 μήτε
919 2513 1026 2584 μὴν
1060 2509 1313 2584 οἰκουρίᾳ

316 2609 395 2662 ’Ἡ
426 2601 673 2677 μαλακίᾳ
699 2600 1096 2675 προστετηκὼς
1129 2595 1415 2672 μηδόλως,

302 2693 489 2751 Ἀλλά
518 2694 875 2766 στραταρχῶν
909 2688 1084 2743 πάντα
1111 2690 1298 2762 καιρὸν
1324 2690 1422 2741 τοῦ
1456 2684 1580 2761 βίου

318 2783 421 2839 Καὶ
452 2787 571 2844 ταῖς
599 2781 719 2834 κατ’
750 2778 960 2853 ἐχθρῶν
996 2774 1265 2853 ἐντρυφῶν
1294 2773 1375 2828 ἀεὶ
1412 2774 1640 2847 μάχαις.

137 2877 278 2933 2885
320 2873 494 2944 Ἀνὴρ
526 2869 749 2944 ἀγαθὸς,
779 2861 1015 2922 εὐσεϐῶν
1046 2866 1228 2938 νόμων
1260 2863 1455 2941 φύλαξ,

323 2957 513 3030 Μηδὶν
542 2960 799 3031 νεοχμῶν
830 2959 938 3010 τῶν
973 2953 1107 3008 ἐθῶν
1138 2951 1467 3022 Έκκλησίας
1502 2952 1637 3024 (41),

320 3055 453 3111 Ταῖς
484 3049 688 3122 ἀρετῶν
724 3044 941 3120 χάρισιν
972 3041 1365 3117 ἠγλαϊσμένος,

1824 533 1877 601 Α
1908 531 1952 587 O
1982 529 2217 587 domine
2244 528 2565 594 Theodore,
2597 542 2629 579 ο
2660 525 2777 579 dux
2812 523 3121 589 exercitus,

1910 636 2077 675 meus
2107 619 2365 689 itemque
2394 622 2529 670 tuus
2566 615 2791 669 amicus
2822 614 3075 667 Joannes

1909 708 2069 780 gravi
2100 707 2159 762 in
2190 722 2373 779 agone
2404 705 2648 761 vertitur
2674 708 2731 757 et
2761 698 3125 772 perdifﬁcili;

1910 798 2288 867 quamobrem
2324 795 2390 849 ad
2425 793 2720 847 ferendam
2756 806 2923 861 opem
2958 804 3223 858 propera.

1912 886 2077 941 Illam
2114 902 2231 939 rem
2268 884 2448 938 visam
2484 880 2740 935 narravit
2773 878 3179 950 presentilms.

1911 975 2010 1046 qui
2043 975 2197 1028 diem
2234 971 2524 1027 memoria:
2558 970 2895 1039 scriptoque
2928 967 3371 1036 consignarunt.

1911 1064 2130 1134 Reapse
2159 1062 2301 1116 visio
2334 1060 2601 1128 congruit
2628 1074 2758 1111 cum
2795 1072 3000 1127 pugna:
3032 1060 3312 1124 tempore.

1909 1154 2087 1217 Idem,
2121 1157 2391 1222 suscepto
2422 1149 2570 1203 bello
2602 1148 2878 1202 adversus
2910 1144 3139 1212 Cilicas,

1909 1240 2229 1311 permultas
2263 1238 2414 1309 cepit
2447 1238 2653 1291 horum
2689 1237 2949 1289 munitas
2979 1248 3164 1287 arces.

1910 1332 2202 1400 Quotquot
2231 1334 2425 1383 autem
2460 1328 2753 1396 negabant
2784 1324 3025 1377 subesse
3055 1321 3321 1392 imperio,

1908 1437 2007 1476 eas
2038 1418 2219 1474 armis
2252 1418 2425 1471 motis
2455 1413 2734 1485 compulit
2766 1414 2836 1468 ad
2870 1411 3239 1481 obsequium.

1910 1509 2012 1564 Hic
2042 1506 2327 1578 templum
2360 1504 2628 1560 excitavit
2656 1502 2883 1557 Christo
2917 1499 3159 1553 Domino

1911 1598 1969 1653 in
2000 1596 2232 1662 Chalce,
2262 1595 2424 1648 dives
2456 1608 2631 1664 opum
2665 1596 2721 1645 et
2754 1590 2900 1644 miro
2933 1602 3124 1659 opere.

2176 1709 2501 1766 BASILIUS
2542 1704 3021 1762 BULGARICIDA
3059 1702 3177 1756 AN.
3221 1702 3279 1757 L.

1909 1816 2159 1867 Jornnes
2191 1808 2327 1863 fatis
2360 1808 2581 1869 functo,
2617 1803 2869 1875 patrium
2902 1805 3196 1871 sceptrum

1838 1892 1885 1955 Β
1916 1901 2163 1957 hmredis
2185 1899 2320 1969 jure
2354 1912 2418 1951 ac
2449 1894 2683 1949 nomine
2712 1892 2973 1963 legitimo

1908 1988 2163 2047 obtinuit
2190 1985 2439 2042 Basilius
2471 2000 2603 2039 cum
2638 1982 2793 2052 regio
2827 1980 2997 2035 titulo

1909 2077 2150 2135 Romani
2183 2075 2360 2141 filius,
2390 2073 2621 2143 genitus
2653 2072 2712 2126 in
2745 2086 3026 2141 purpura,

1908 2166 2178 2240 egregius
2209 2163 2568 2219 exercituum
2609 2162 2686 2215 im
2699 2165 2946 2230 perator,

1910 2255 2011 2327 qui
2044 2252 2288 2309 ditionis
2319 2252 2462 2307 fines
2488 2249 2653 2305 valde
2685 2246 3007 2318 ampliavit.

1912 2341 2126 2399 Fidelis
2156 2341 2251 2396 hic
2280 2344 2338 2395 et
2372 2338 2628 2411 prudens
2659 2336 3102 2391 administrator

1910 2432 2149 2489 delicias
2182 2430 2334 2485 haud
2367 2433 2671 2497 spectabat
2700 2426 3027 2495 requiemve
3058 2421 3339 2492 corporis,

1912 2538 2101 2592 neque
2132 2518 2460 2575 socordiam
2493 2533 2597 2571 nec
2626 2514 2781 2569 domi
2817 2499 3126 2575 desidiam,

1912 2610 2195 2681 nulloque
2225 2612 2433 2677 captus
2462 2610 2585 2660 erat
2616 2602 2931 2675 voluptatis
2963 2616 3195 2672 genere,

1914 2700 2016 2755 sed
2051 2698 2386 2753 universam
2417 2695 2635 2765 degens
2667 2693 2725 2747 in
2757 2691 2939 2749 armis
2968 2689 3144 2744 vitam

1915 2785 2221 2861 pulsandis
2253 2786 2311 2839 in
2345 2783 2539 2855 pra-lio
2571 2782 2841 2837 hostibus
2870 2779 3181 2851 gestiebat.

1918 2877 2017 2931 Vir
2047 2877 2259 2940 bonus,
2290 2874 2487 2943 legum
2522 2886 2821 2926 sacrarum
2854 2873 3076 2937 custos,

1918 2966 2064 3022 nihil
2094 2966 2416 3019 immutans
2449 2962 2505 3015 in
2538 2958 2805 3014 Ecclesiae
2838 2957 3127 3022 moribus,

1917 3056 2201 3111 virtutum
2235 3049 2597 3107 ornamentis
2628 3047 2794 3102 valde
2825 3045 3098 3112 rutilans,

3444 395 3546 451 118

325 3135 562 3197 Μᾶλλον
592 3133 636 3190 δ’
666 3133 898 3211 ἐραστὴς
932 3130 1311 3206 σωφροσύνης,
1343 3126 1611 3204 ἀνδρείας.

322 3228 494 3285 Οὗτος
523 3224 764 3297 καθάπερ
796 3222 955 3277 ἀετοῦ
987 3218 1176 3294 λαχὼν
1210 3220 1389 3297 φύσιν,

138 3321 278 3375 2890
317 3320 389 3372 ’Ἠ
424 3314 629 3385 πτηνὸς
664 3317 735 3367 ῶν
765 3310 1031 3389 φρόνησιν
1062 3310 1096 3379 ἢ
1130 3306 1459 3380 προθυμίαν,

320 3404 401 3465 Τὸ
439 3406 535 3479 μὲν
566 3404 705 3480 πρὸς
737 3401 903 3469 αὐτὴν
940 3398 1305 3475 ἐκστρατεύων
1338 3399 1437 3466 τὴν
1468 3399 1608 3465 Ἕω,

323 3497 403 3554 Τὸ
436 3492 495 3549 δὲ
524 3493 659 3569 πρὸς
692 3490 888 3552 αὐτοὺς
916 3489 1047 3551 τοὺς
1079 3490 1239 3564 δρους
1275 3494 1375 3556 τῆς
1402 3485 1663 3561 Ἐσπέρας

320 3586 388 3641 ἸΙ
422 3583 560 3659 πρὸς
595 3582 734 3656 μέρη
772 3578 961 3654 βόρεια
992 3578 1078 3632 καὶ
1118 3570 1467 3651 μεσημϐρίας

322 3674 553 3746 Χώρους
584 3668 739 3742 ἐπῄει
772 3662 1072 3743 Βαρϐάρων
1113 3662 1450 3731 ἀντιπάλων,

142 3766 285 3821 2895
325 3760 620 3831 Δεηλατῶν
657 3763 813 3837 σφᾶς,
844 3753 1171 3832 πυρπολῶν,
1199 3755 1416 3829 πορθῶν
1444 3751 1640 3814 πόλεις

324 3849 571 3926 Ἐρυμνά
596 3868 656 3904 τε
682 3845 918 3922 φρούρια
954 3850 1053 3911 τῆς
1089 3844 1276 3918 μάχης
1308 3842 1488 3915 νόμῳ·

324 3939 435 3997 Καὶ
470 3936 649 4013 δεῖγμ’
678 3935 902 4010 ἰναργὶς
931 3936 966 4003 ἡ
1000 3937 1223 3996 Σκυθῶν
1259 3930 1489 4008 ἐρημία,

328 4028 461 4085 Δεία
487 4048 547 4083 τε
576 4030 775 4082 Μυσῶν
807 4026 921 4098 (42)
945 4023 1082 4078 κατὰ
1108 4024 1208 4091 τήν
1241 4018 1570 4095 παροιμίαν,

326 4121 548 4195 Περσῶν
619 4122 665 4171 τ’
738 4108 1025 4188 Ἀϐασγῶν
1095 4106 1319 4185 ὲκτριὸὴ
1378 4114 1486 4164 τῶν
1544 4110 1594 4163 τ’
1650 4101 1817 4174 Ἀϐά-

1653 4199 1814 4281 [ρων.

146 4303 289 4359 ms
330 4302 531 4370 Ὦνπερ
564 4290 789 4357 καθεῖλε
814 4291 878 4346 τὸ
909 4293 1109 4365 θράσος
1138 4289 1277 4343 κατά
1304 4289 1524 4363 κράτος·

330 4384 565 4446 Καθεῖλε
594 4381 640 4437 δ’
671 4381 782 4456 οὐχ
810 4378 1008 4449 ἥκιστα
1036 4378 1129 4433 καὶ
1159 4375 1445 4452 τυραννίδα

332 4478 449 4544 Τὴν
480 4477 577 4529 τοῦ
604 4467 875 4544 Σαμουὴλ
906 4466 1240 4542 Βουλγάρων
1270 4466 1605 4543 ἀρχηγέτου.

335 4564 436 4622 Καὶ
468 4566 618 4638 σφῶν
651 4558 697 4615 δ’
729 4557 912 4615 ἀνεῖλε
943 4554 1307 4631 δυσαρίθμους
1336 4554 1387 4609 ἒν
1432 4553 1604 4628 μάχπ

341 4654 661 4732 Συῤῥήξεως
695 4650 800 4725 γὰρ
832 4645 1221 4720 συμπεσούσης
1251 4645 1339 4700 καὶ
1366 4646 1577 4720 μάχης,

153 4751 302 4807 2905
338 4744 544 4804 Μυσῶν
574 4740 914 4815 ἐχειρώσατο
946 4736 1273 4812 χιλιοστῦας

342 4829 618 4893 Πεντάδας
651 4828 727 4893 εἲς
754 4832 901 4902 τρεῖς
932 4825 1027 4887 τάς
1060 4824 1192 4887 ὅλας
1224 4824 1589 4896 ποσουμένας,

338 4928 435 4981 Ὧν
472 4918 680 4994 ὄμματ’
711 4916 930 4989 ἐξίκοψε
958 4914 1171 4969 πάντων
1205 4911 1452 4974 ἐνδίκωςο

342 5013 461 5074 Κάκ
489 5006 663 5065 τῶνδε
698 5007 923 5082 βραχεῖς
954 5000 1231 5078 παραδοὺς
1262 4999 1525 5074 πομποὺς
1554 4998 1702 5077 σφίσι

344 5103 449 5161 Καὶ
483 5100 707 5171 θάτερον
739 5098 873 5172 σφᾶς
909 5091 1173 5165 ὀμμάτων
1206 5086 1586 5163 ἐσδεσμὲνους,

166 5198 311 5257 2910
347 5196 561 5251 Πάντας
590 5187 795 5261 ἀφῆκεν
828 5182 963 5238 ἷὲναι
994 5184 1131 5257 πρὸς
1162 5180 1391 5238 Μυσίαν·

350 5281 458 5343 Οὔς
492 5276 779 5350 δυστυχῶς
806 5267 1036 5348 ἔχοντας
1068 5268 1200 5326 ἰδὼν
1231 5274 1380 5345 σφῶν
1409 5268 1625 5343 κράτωρ

349 5373 588 5439 τέθνηκε
615 5361 843 5437 τρωθείς
873 5364 976 5427 τῆς
1006 5362 1241 5434 ἀθυμίας
1278 5357 1448 5435 βέλει.

1920 3143 2185 3215 apprime
2212 3140 2455 3195 studens
2490 3137 2655 3191 fortis
2687 3153 2816 3190 esse
2846 3139 2904 3189 et
2933 3140 3289 3205 temperans.

1842 3246 1885 3314 ρ
1919 3233 2021 3288 Hic
2052 3230 2297 3285 sortitus
2328 3225 2503 3282 veluti
2538 3231 2807 3279 naturam
2843 3223 3073 3294 aquilas,

1921 3324 2076 3377 certe
2106 3318 2331 3373 habens
2362 3320 2614 3371 mentem
2648 3312 3087 3382 efﬁcaciamque
3118 3311 3414 3367 volucrem

1918 3426 2077 3465 nunc
2106 3408 2167 3462 in
2200 3404 2453 3462 Orientis
2484 3402 2700 3458 bellum
2733 3402 2968 3471 gerebat
3000 3400 3207 3472 plagis,

1916 3515 2072 3555 nunc
2104 3498 2162 3552 in
2196 3494 2483 3566 hesperiis
2514 3492 2754 3557 tinibus,
2790 3508 2946 3546 nunc
2978 3492 3087 3545 sub
3122 3492 3315 3556 borea,

1918 3605 2076 3644 nunc
2107 3587 2361 3657 denique
2393 3600 2491 3654 per
2522 3587 2745 3637 tractus
2776 3578 3191 3634 meridionalcs

1917 3677 2071 3734 bello
2104 3674 2407 3746 quatiebat
2440 3672 2724 3726 Barbaros
2757 3668 3144 3733 adversarios,

1919 3766 2282 3839 depraedans,
2318 3778 2518 3829 urens,
2552 3759 2919 3831 depopulans
2954 3760 3128 3813 urbes

1922 3856 2299 3923 munitaeque
2330 3868 2515 3916 arces,
2544 3854 2713 3921 prout
2746 3852 2833 3903 fas
2862 3852 2951 3902 est
2980 3846 3138 3903 belli.

1924 3945 2025 4002 Rei
2056 3943 2226 3999 testis
2252 3946 2340 3997 est
2366 3939 2615 4011 Scythia:
2648 3936 2923 4003 solitudo,

1924 4034 2233 4107 praedaque
2265 4031 2602 4095 Mmsorum,
2635 4032 2699 4082 ut
2730 4026 2812 4082 ait
2839 4024 3235 4098 proverbium,

1921 4126 2253 4190 Persarum,
2286 4122 2650 4191 Abasgorum
2684 4117 2900 4182 clades,
2927 4120 2984 4170 et
3012 4115 3357 4183 Abarorum,

1926 4318 2180 4376 quorum
2211 4298 2518 4355 audaciam
2553 4301 2754 4369 aperto
2784 4296 2969 4350 Marte
3000 4293 3192 4363 fregit.

1927 4394 2042 4450 Nec
2071 4408 2206 4448 vero
2238 4389 2430 4446 secius
2460 4388 2729 4443 contudit
2759 4385 3128 4458 tyrannidem

1930 4482 2316 4554 Bulgarorum
2349 4477 2633 4550 principis
2664 4475 2974 4540 Samuelis,

1929 4573 2177 4642 ejusque
2208 4569 2398 4642 gentis
2427 4568 2641 4623 occidit
2677 4568 3041 4629 innumeros,

1932 4661 2157 4716 Etenim
2191 4662 2340 4713 facto
2373 4672 2580 4728 pugna:
2612 4655 2884 4709 conﬂictu
2919 4653 3100 4725 gravi,

1930 4750 2240 4805 Mmsorum
2269 4752 2496 4802 tantum
2525 4744 2839 4817 captivavit
2870 4758 3184 4798 numerum

1932 4844 1998 4893 ut
2026 4855 2094 4893 ea
2124 4836 2411 4892 aestimata
2439 4835 2559 4890 sint
2591 4832 2773 4889 millia
2804 4832 3163 4903 quindecim,

1934 4930 2103 5000 queis
2135 4928 2361 4983 cunctis
2388 4926 2586 4981 oculos
2621 4928 2736 4979 lata
2766 4924 3055 4979 sententia
3084 4923 3257 4978 eruit.

1938 5020 2051 5073 Hos
2083 5022 2278 5072 autem
2311 5016 2514 5087 paucis
2544 5014 2795 5069 ducibus
2825 5013 3167 5081 instructos,

1936 5124 2086 5180 quos
2120 5123 2233 5160 uno
2264 5111 2492 5160 tanlum
2526 5104 2694 5159 oculo
2726 5106 3129 5167 exemcaverat,

1939 5196 2168 5252 remisit
2197 5200 2439 5250 cunctos
2472 5195 2687 5249 liberos
2718 5192 2775 5247 in
2812 5192 3093 5247 Moesiam.

1940 5289 2095 5351 Quos
2129 5285 2228 5339 ubi
2259 5283 2343 5338 sic
2374 5284 2611 5338 aﬂ'ectos
2643 5300 2738 5337 rex
2769 5299 2915 5351 suus
2944 5282 3112 5350 vidit,

1943 5373 2210 5429 mmroris
2241 5372 2393 5427 ictus
2422 5370 2537 5426 telo
2573 5350 2817 5425 mortem
2850 5370 3015 5426 obiit.

1852 4613 1896 4677 Β

252 5525 320 5580 44
348 5523 543 5593 Hujus
584 5513 1025 5593 religiosissimi
1086 5512 1371 5593 principis
1428 5510 1660 5582 insigne
1696 5529 1832 5593 ‘xu:

188 5595 390 5670 μήλιον
434 5581 734 5670 possidet:
757 5581 1111 5670 bibliotheca
1151 5581 1466 5670 Yaticana,
1496 5581 1833 5670 .‘menologii

188 5654 411 5726 scilicet
434 5654 636 5719 ἀι’εοί
672 5659 1028 5732 picturatum
1061 5658 1321 5732 codicem
1374 5654 1834 5732 nobilissimum,

190 5725 359 5813 cujus
390 5725 753 5795 mentionem
778 5730 883 5788 feci
906 5731 966 5786 in
992 5728 1350 5786 collectionis
1382 5742 1523 5783 meas
1543 5725 1838 5784 Vaticanis

1945 5517 2202 5574 secundo
2232 5515 2529 5570 volumine
2561 5516 2745 5586 praef“
2781 5532 2834 5584 p.
2872 5515 2922 5570 1.

2016 5590 2123 5659 (42)
2158 5589 2327 5658 Mysos
2360 5588 2501 5642 dicit
2534 5585 2652 5659 pro,
2674 5587 2847 5641 Minis
2889 5590 3166 5657 perpetuo
3201 5585 3586 5659 Ephrmmiiis.

1948 5655 2324 5716 Proverbium
2385 5664 2582 5715 tamen
2642 5655 2906 5730 loquitur
2953 5655 3025 5713 de
3072 5658 3268 5729 Mysis.
3302 5658 3490 5713 Zenob
3521 5655 3588 5725 V,

1952 5734 2045 5800 15;
2079 5732 2239 5803 Diog.
2273 5731 2365 5800 VI,
2399 5732 2485 5785 42.
