  <div class='ocr_page' id='page_1' title='image "/cluster/home/n/w/nwhite01/storage/ocr_20150623/143/nnc1.0046980733/070.png"; bbox 0 0 4208 6430; ppageno 0'>
   <div class='ocr_carea' id='block_1_1' title="bbox 135 400 2013 470">
    <p class='ocr_par' dir='ltr' id='par_1_1' title="bbox 135 400 2013 470">
     <span class='ocr_line' id='line_1_1' title="bbox 135 400 2013 470; baseline -0.009 0"><span class='ocrx_word' id='word_1_1' title='bbox 135 413 228 470; x_wconf 82' lang='grc'>125</span> <span class='ocrx_word' id='word_1_2' title='bbox 1651 400 2013 458; x_wconf 63' lang='lat' dir='ltr'>manus.</span> 
     </span>
    </p>
   </div>
   <div class='ocr_carea' id='block_1_2' title="bbox 296 527 1343 602">
    <p class='ocr_par' dir='ltr' id='par_1_2' title="bbox 296 527 1343 602">
     <span class='ocr_line' id='line_1_2' title="bbox 296 527 1343 602; baseline -0.01 -11"><span class='ocrx_word' id='word_1_3' title='bbox 296 534 414 592; x_wconf 75' lang='grc' dir='ltr'>Εἶτ’</span> <span class='ocrx_word' id='word_1_4' title='bbox 445 530 738 588; x_wconf 79' lang='grc' dir='ltr'><strong>ἀπελαύνει</strong></span> <span class='ocrx_word' id='word_1_5' title='bbox 767 530 877 585; x_wconf 84' lang='grc' dir='ltr'>τῶν</span> <span class='ocrx_word' id='word_1_6' title='bbox 904 527 1213 602; x_wconf 82' lang='grc' dir='ltr'>ἀνακτόρων</span> <span class='ocrx_word' id='word_1_7' title='bbox 1250 527 1343 602; x_wconf 89' lang='grc' dir='ltr'>βίᾳ</span> 
     </span>
    </p>
   </div>
   <div class='ocr_carea' id='block_1_3' title="bbox 300 616 1335 692">
    <p class='ocr_par' dir='ltr' id='par_1_3' title="bbox 300 616 1335 692">
     <span class='ocr_line' id='line_1_3' title="bbox 300 616 1335 692; baseline -0.006 -14"><span class='ocrx_word' id='word_1_8' title='bbox 300 623 600 678; x_wconf 73' lang='grc' dir='ltr'>Δέσποιναν</span> <span class='ocrx_word' id='word_1_9' title='bbox 628 620 794 675; x_wconf 78' lang='grc' dir='ltr'>αὐτοῦ</span> <span class='ocrx_word' id='word_1_10' title='bbox 822 618 1008 692; x_wconf 80' lang='grc' dir='ltr'>κυρίαν</span> <span class='ocrx_word' id='word_1_11' title='bbox 1044 616 1335 692; x_wconf 75' lang='grc' dir='ltr'>εὐεργέτιν.</span> 
     </span>
    </p>
   </div>
   <div class='ocr_carea' id='block_1_4' title="bbox 301 703 1447 787">
    <p class='ocr_par' dir='ltr' id='par_1_4' title="bbox 301 703 1447 787">
     <span class='ocr_line' id='line_1_4' title="bbox 301 703 1447 787; baseline -0.009 -20"><span class='ocrx_word' id='word_1_12' title='bbox 301 712 488 787; x_wconf 78' lang='grc' dir='ltr'>Κείρει</span> <span class='ocrx_word' id='word_1_13' title='bbox 522 732 579 765; x_wconf 87' lang='grc' dir='ltr'>τε</span> <span class='ocrx_word' id='word_1_14' title='bbox 605 710 805 779; x_wconf 74' lang='grc' dir='ltr'>ταύτην</span> <span class='ocrx_word' id='word_1_15' title='bbox 834 708 924 762; x_wconf 79' lang='grc' dir='ltr'>καὶ</span> <span class='ocrx_word' id='word_1_16' title='bbox 949 704 1260 761; x_wconf 76' lang='grc' dir='ltr'>κατακλείει</span> <span class='ocrx_word' id='word_1_17' title='bbox 1291 703 1447 765; x_wconf 84' lang='grc' dir='ltr'>τέλος</span> 
     </span>
    </p>
   </div>
   <div class='ocr_carea' id='block_1_5' title="bbox 132 792 1513 873">
    <p class='ocr_par' dir='ltr' id='par_1_5' title="bbox 132 792 1513 873">
     <span class='ocr_line' id='line_1_5' title="bbox 132 792 1513 873; baseline -0.009 -14"><span class='ocrx_word' id='word_1_18' title='bbox 132 804 263 859; x_wconf 79' lang='grc'><strong>3080</strong></span> <span class='ocrx_word' id='word_1_19' title='bbox 301 803 482 872; x_wconf 73' lang='grc' dir='ltr'>Νήσῳ</span> <span class='ocrx_word' id='word_1_20' title='bbox 513 798 845 873; x_wconf 85' lang='grc' dir='ltr'>Πριγκίπου,</span> <span class='ocrx_word' id='word_1_21' title='bbox 877 796 1233 872; x_wconf 79' lang='grc' dir='ltr'>συκοφαντίας</span> <span class='ocrx_word' id='word_1_22' title='bbox 1266 792 1513 853; x_wconf 74' lang='grc' dir='ltr'>πλᾶσεις.</span> 
     </span>
    </p>
   </div>
   <div class='ocr_carea' id='block_1_6' title="bbox 298 880 1281 962">
    <p class='ocr_par' dir='ltr' id='par_1_6' title="bbox 298 880 1281 962">
     <span class='ocr_line' id='line_1_6' title="bbox 298 880 1281 962; baseline -0.012 -14"><span class='ocrx_word' id='word_1_23' title='bbox 298 893 372 947; x_wconf 79' lang='grc' dir='ltr'>Ἀ</span> <span class='ocrx_word' id='word_1_24' title='bbox 401 888 582 962; x_wconf 86' lang='grc' dir='ltr'>δῆμον</span> <span class='ocrx_word' id='word_1_25' title='bbox 614 888 840 959; x_wconf 78' lang='grc' dir='ltr'>ἐξέμηνε</span> <span class='ocrx_word' id='word_1_26' title='bbox 872 885 1108 957; x_wconf 81' lang='grc' dir='ltr'>μαθόντα</span> <span class='ocrx_word' id='word_1_27' title='bbox 1135 880 1281 938; x_wconf 81' lang='grc' dir='ltr'>τάδε·</span> 
     </span>
    </p>
   </div>
   <div class='ocr_carea' id='block_1_7' title="bbox 300 971 1376 1052">
    <p class='ocr_par' dir='ltr' id='par_1_7' title="bbox 300 971 1376 1052">
     <span class='ocr_line' id='line_1_7' title="bbox 300 971 1376 1052; baseline -0.009 -18"><span class='ocrx_word' id='word_1_28' title='bbox 300 980 403 1034; x_wconf 80' lang='grc' dir='ltr'>Καὶ</span> <span class='ocrx_word' id='word_1_29' title='bbox 434 983 517 1050; x_wconf 79' lang='grc' dir='ltr'>τῷ</span> <span class='ocrx_word' id='word_1_30' title='bbox 542 977 769 1052; x_wconf 80' lang='grc' dir='ltr'>τυχόντι</span> <span class='ocrx_word' id='word_1_31' title='bbox 804 974 975 1044; x_wconf 80' lang='grc' dir='ltr'>δεξιὰν</span> <span class='ocrx_word' id='word_1_32' title='bbox 1008 978 1111 1033; x_wconf 83' lang='grc' dir='ltr'>πᾶς</span> <span class='ocrx_word' id='word_1_33' title='bbox 1145 971 1376 1031; x_wconf 81' lang='grc' dir='ltr'>ὁπλίσας</span> 
     </span>
    </p>
   </div>
   <div class='ocr_carea' id='block_1_8' title="bbox 298 1055 1470 1141">
    <p class='ocr_par' dir='ltr' id='par_1_8' title="bbox 298 1055 1470 1141">
     <span class='ocr_line' id='line_1_8' title="bbox 298 1055 1470 1141; baseline -0.008 -18"><span class='ocrx_word' id='word_1_34' title='bbox 298 1069 392 1132; x_wconf 76' lang='grc' dir='ltr'>Ὠς</span> <span class='ocrx_word' id='word_1_35' title='bbox 424 1074 634 1141; x_wconf 83' lang='grc' dir='ltr'>σμῆνος</span> <span class='ocrx_word' id='word_1_36' title='bbox 661 1068 778 1121; x_wconf 86' lang='grc' dir='ltr'>οἷον</span> <span class='ocrx_word' id='word_1_37' title='bbox 809 1066 917 1119; x_wconf 83' lang='grc' dir='ltr'>τῶν</span> <span class='ocrx_word' id='word_1_38' title='bbox 954 1060 1227 1136; x_wconf 79' lang='grc' dir='ltr'>μελισσῶν</span> <span class='ocrx_word' id='word_1_39' title='bbox 1271 1055 1470 1115; x_wconf 73' lang='grc' dir='ltr'>συνέθει</span> 
     </span>
    </p>
   </div>
   <div class='ocr_carea' id='block_1_9' title="bbox 301 1150 1355 1232">
    <p class='ocr_par' dir='ltr' id='par_1_9' title="bbox 301 1150 1355 1232">
     <span class='ocr_line' id='line_1_9' title="bbox 301 1150 1355 1232; baseline -0.009 -18"><span class='ocrx_word' id='word_1_40' title='bbox 301 1160 432 1215; x_wconf 82' lang='grc' dir='ltr'>Τῶν</span> <span class='ocrx_word' id='word_1_41' title='bbox 470 1155 760 1232; x_wconf 84' lang='grc' dir='ltr'>βασιλείων</span> <span class='ocrx_word' id='word_1_42' title='bbox 789 1152 913 1217; x_wconf 79' lang='grc' dir='ltr'>εύθί)</span> <span class='ocrx_word' id='word_1_43' title='bbox 945 1154 1037 1206; x_wconf 80' lang='grc' dir='ltr'>σὺν</span> <span class='ocrx_word' id='word_1_44' title='bbox 1058 1150 1355 1225; x_wconf 80' lang='grc' dir='ltr'>προθυμίᾳ.</span> 
     </span>
    </p>
   </div>
   <div class='ocr_carea' id='block_1_10' title="bbox 133 1240 1403 1321">
    <p class='ocr_par' dir='ltr' id='par_1_10' title="bbox 133 1240 1403 1321">
     <span class='ocr_line' id='line_1_10' title="bbox 133 1240 1403 1321; baseline -0.011 -16"><span class='ocrx_word' id='word_1_45' title='bbox 133 1250 266 1305; x_wconf 83' lang='grc'>3085</span> <span class='ocrx_word' id='word_1_46' title='bbox 303 1246 611 1321; x_wconf 75' lang='grc' dir='ltr'>’Δνερῥάγη</span> <span class='ocrx_word' id='word_1_47' title='bbox 645 1248 776 1317; x_wconf 78' lang='grc' dir='ltr'>γοῦν</span> <span class='ocrx_word' id='word_1_48' title='bbox 809 1240 1077 1319; x_wconf 71' lang='grc' dir='ltr'>ἐμφύλιός</span> <span class='ocrx_word' id='word_1_49' title='bbox 1107 1261 1188 1301; x_wconf 92' lang='grc' dir='ltr'>τις</span> <span class='ocrx_word' id='word_1_50' title='bbox 1226 1240 1403 1313; x_wconf 80' lang='grc' dir='ltr'>μάχη,</span> 
     </span>
    </p>
   </div>
   <div class='ocr_carea' id='block_1_11' title="bbox 307 1326 1570 1407">
    <p class='ocr_par' dir='ltr' id='par_1_11' title="bbox 307 1326 1570 1407">
     <span class='ocr_line' id='line_1_11' title="bbox 307 1326 1570 1407; baseline -0.005 -18"><span class='ocrx_word' id='word_1_51' title='bbox 307 1335 409 1390; x_wconf 79' lang='grc' dir='ltr'>Καὶ</span> <span class='ocrx_word' id='word_1_52' title='bbox 439 1333 653 1403; x_wconf 91' lang='grc' dir='ltr'>πλῆθος</span> <span class='ocrx_word' id='word_1_53' title='bbox 686 1332 747 1387; x_wconf 83' lang='grc' dir='ltr'>ού</span> <span class='ocrx_word' id='word_1_54' title='bbox 784 1333 1079 1407; x_wconf 76' lang='grc' dir='ltr'>βράχιστον</span> <span class='ocrx_word' id='word_1_55' title='bbox 1108 1328 1159 1383; x_wconf 74' lang='grc' dir='ltr'>ἐν</span> <span class='ocrx_word' id='word_1_56' title='bbox 1189 1326 1310 1394; x_wconf 72' lang='grc' dir='ltr'>ττῖδ’</span> <span class='ocrx_word' id='word_1_57' title='bbox 1345 1326 1570 1403; x_wconf 68' lang='grc' dir='ltr'>ἐφθάρη.</span> 
     </span>
    </p>
   </div>
   <div class='ocr_carea' id='block_1_12' title="bbox 300 1416 1357 1496">
    <p class='ocr_par' dir='ltr' id='par_1_12' title="bbox 300 1416 1357 1496">
     <span class='ocr_line' id='line_1_12' title="bbox 300 1416 1357 1496; baseline -0.009 -17"><span class='ocrx_word' id='word_1_58' title='bbox 300 1425 455 1485; x_wconf 85' lang='grc' dir='ltr'>Τέως</span> <span class='ocrx_word' id='word_1_59' title='bbox 486 1420 715 1496; x_wconf 77' lang='grc' dir='ltr'>Μιχαὴλ</span> <span class='ocrx_word' id='word_1_60' title='bbox 748 1420 1044 1495; x_wconf 78' lang='grc' dir='ltr'>ἀπορηθεὶς</span> <span class='ocrx_word' id='word_1_61' title='bbox 1063 1423 1181 1479; x_wconf 86' lang='grc' dir='ltr'>τοῖς</span> <span class='ocrx_word' id='word_1_62' title='bbox 1203 1416 1357 1477; x_wconf 79' lang='grc' dir='ltr'>ὅλοις</span> 
     </span>
    </p>
   </div>
   <div class='ocr_carea' id='block_1_13' title="bbox 301 1504 1322 1583">
    <p class='ocr_par' dir='ltr' id='par_1_13' title="bbox 301 1504 1322 1583">
     <span class='ocr_line' id='line_1_13' title="bbox 301 1504 1322 1583; baseline -0.01 -14"><span class='ocrx_word' id='word_1_63' title='bbox 301 1511 493 1569; x_wconf 68' lang='grc' dir='ltr'>Μέλαν</span> <span class='ocrx_word' id='word_1_64' title='bbox 522 1532 576 1566; x_wconf 92' lang='grc' dir='ltr'>τι</span> <span class='ocrx_word' id='word_1_65' title='bbox 604 1504 895 1583; x_wconf 81' lang='grc' dir='ltr'>τριϐώνιον</span> <span class='ocrx_word' id='word_1_66' title='bbox 927 1505 1079 1569; x_wconf 75' lang='grc' dir='ltr'>ἐνδύς</span> <span class='ocrx_word' id='word_1_67' title='bbox 1119 1506 1322 1569; x_wconf 81' lang='grc' dir='ltr'>ἀθλίως</span> 
     </span>
    </p>
   </div>
   <div class='ocr_carea' id='block_1_14' title="bbox 303 1595 1431 1675">
    <p class='ocr_par' dir='ltr' id='par_1_14' title="bbox 303 1595 1431 1675">
     <span class='ocr_line' id='line_1_14' title="bbox 303 1595 1431 1675; baseline -0.009 -17"><span class='ocrx_word' id='word_1_68' title='bbox 303 1604 471 1675; x_wconf 77' lang='grc' dir='ltr'>Μονῇ</span> <span class='ocrx_word' id='word_1_69' title='bbox 494 1596 760 1655; x_wconf 88' lang='grc' dir='ltr'>Στουδίου</span> <span class='ocrx_word' id='word_1_70' title='bbox 791 1597 1221 1672; x_wconf 84' lang='grc' dir='ltr'>προσπεφευγὼς</span> <span class='ocrx_word' id='word_1_71' title='bbox 1245 1595 1431 1663; x_wconf 74' lang='grc' dir='ltr'>ίκέτης</span> 
     </span>
    </p>
   </div>
   <div class='ocr_carea' id='block_1_15' title="bbox 134 1684 1262 1759">
    <p class='ocr_par' dir='ltr' id='par_1_15' title="bbox 134 1684 1262 1759">
     <span class='ocr_line' id='line_1_15' title="bbox 134 1684 1262 1759; baseline -0.011 -10"><span class='ocrx_word' id='word_1_72' title='bbox 134 1695 267 1749; x_wconf 82' lang='grc'><strong>3090</strong></span> <span class='ocrx_word' id='word_1_73' title='bbox 304 1687 589 1745; x_wconf 85' lang='grc' dir='ltr'>Ὑπεισέδυ</span> <span class='ocrx_word' id='word_1_74' title='bbox 611 1689 879 1757; x_wconf 81' lang='grc' dir='ltr'>τράπεζαν</span> <span class='ocrx_word' id='word_1_75' title='bbox 912 1684 1262 1759; x_wconf 81' lang='grc' dir='ltr'>ίλαστηρίου’</span> 
     </span>
    </p>
   </div>
   <div class='ocr_carea' id='block_1_16' title="bbox 302 1769 1401 1853">
    <p class='ocr_par' dir='ltr' id='par_1_16' title="bbox 302 1769 1401 1853">
     <span class='ocr_line' id='line_1_16' title="bbox 302 1769 1401 1853; baseline -0.012 -16"><span class='ocrx_word' id='word_1_76' title='bbox 302 1782 411 1841; x_wconf 85' lang='grc' dir='ltr'>Ἢς</span> <span class='ocrx_word' id='word_1_77' title='bbox 438 1772 762 1839; x_wconf 72' lang='grc' dir='ltr'>ἐκϐαλόντες</span> <span class='ocrx_word' id='word_1_78' title='bbox 790 1773 1146 1853; x_wconf 74' lang='grc' dir='ltr'>ἐκτυφλοῦσιν</span> <span class='ocrx_word' id='word_1_79' title='bbox 1178 1769 1401 1835; x_wconf 83' lang='grc' dir='ltr'>ἀθλίως·</span> 
     </span>
    </p>
   </div>
   <div class='ocr_carea' id='block_1_17' title="bbox 304 1861 1374 1941">
    <p class='ocr_par' dir='ltr' id='par_1_17' title="bbox 304 1861 1374 1941">
     <span class='ocr_line' id='line_1_17' title="bbox 304 1861 1374 1941; baseline -0.008 -17"><span class='ocrx_word' id='word_1_80' title='bbox 304 1868 614 1941; x_wconf 78' lang='grc' dir='ltr'>Χειρίζεται</span> <span class='ocrx_word' id='word_1_81' title='bbox 648 1865 706 1921; x_wconf 70' lang='grc' dir='ltr'>δὲ</span> <span class='ocrx_word' id='word_1_82' title='bbox 737 1864 864 1926; x_wconf 81' lang='grc' dir='ltr'>δυὰς</span> <span class='ocrx_word' id='word_1_83' title='bbox 893 1867 929 1933; x_wconf 77' lang='grc' dir='ltr'><strong>ἡ</strong></span> <span class='ocrx_word' id='word_1_84' title='bbox 960 1869 1066 1919; x_wconf 91' lang='grc' dir='ltr'>τῶν</span> <span class='ocrx_word' id='word_1_85' title='bbox 1099 1861 1374 1936; x_wconf 84' lang='grc' dir='ltr'>συγγόνων</span> 
     </span>
    </p>
   </div>
   <div class='ocr_carea' id='block_1_18' title="bbox 308 1951 1327 2031">
    <p class='ocr_par' dir='ltr' id='par_1_18' title="bbox 308 1951 1327 2031">
     <span class='ocr_line' id='line_1_18' title="bbox 308 1951 1327 2031; baseline -0.008 -17"><span class='ocrx_word' id='word_1_86' title='bbox 308 1961 435 2028; x_wconf 86' lang='grc' dir='ltr'>Ζωή</span> <span class='ocrx_word' id='word_1_87' title='bbox 469 1954 726 2031; x_wconf 80' lang='grc' dir='ltr'>Θεοδώρα</span> <span class='ocrx_word' id='word_1_88' title='bbox 750 1976 810 2009; x_wconf 89' lang='grc' dir='ltr'>τε</span> <span class='ocrx_word' id='word_1_89' title='bbox 837 1956 938 2022; x_wconf 74' lang='grc' dir='ltr'>τήν</span> <span class='ocrx_word' id='word_1_90' title='bbox 965 1951 1327 2026; x_wconf 89' lang='grc' dir='ltr'>κραταρχίαν.</span> 
     </span>
    </p>
   </div>
   <div class='ocr_carea' id='block_1_19' title="bbox 238 2066 1680 2132">
    <p class='ocr_par' dir='ltr' id='par_1_19' title="bbox 238 2066 1680 2132">
     <span class='ocr_line' id='line_1_19' title="bbox 238 2066 1680 2132; baseline -0.007 -1"><span class='ocrx_word' id='word_1_91' title='bbox 238 2075 798 2132; x_wconf 81' lang='grc' dir='ltr'>ΚΩΝΣΤΑΝΤΙΝΟΣ</span> <span class='ocrx_word' id='word_1_92' title='bbox 847 2077 886 2125; x_wconf 94' lang='lat'>0</span> <span class='ocrx_word' id='word_1_93' title='bbox 934 2068 1381 2127; x_wconf 79' lang='grc' dir='ltr'>ΜΟΝΟΜΔΧΟΣ</span> <span class='ocrx_word' id='word_1_94' title='bbox 1422 2067 1534 2122; x_wconf 85' lang='grc' dir='ltr'>ΕΤ.</span> <span class='ocrx_word' id='word_1_95' title='bbox 1579 2066 1680 2121; x_wconf 82' lang='grc' dir='ltr'>ΙΒ“.</span> 
     </span>
    </p>
   </div>
   <div class='ocr_carea' id='block_1_20' title="bbox 311 2166 1378 2246">
    <p class='ocr_par' dir='ltr' id='par_1_20' title="bbox 311 2166 1378 2246">
     <span class='ocr_line' id='line_1_20' title="bbox 311 2166 1378 2246; baseline -0.011 -17"><span class='ocrx_word' id='word_1_96' title='bbox 311 2173 440 2240; x_wconf 81' lang='grc' dir='ltr'>Ζωή</span> <span class='ocrx_word' id='word_1_97' title='bbox 472 2169 521 2225; x_wconf 83' lang='grc' dir='ltr'>δ’</span> <span class='ocrx_word' id='word_1_98' title='bbox 550 2170 730 2246; x_wconf 81' lang='grc' dir='ltr'>ἐρῶσα</span> <span class='ocrx_word' id='word_1_99' title='bbox 756 2166 921 2239; x_wconf 81' lang='grc' dir='ltr'>τήνδε</span> <span class='ocrx_word' id='word_1_100' title='bbox 949 2168 1200 2241; x_wconf 74' lang='grc' dir='ltr'>κατέχειν</span> <span class='ocrx_word' id='word_1_101' title='bbox 1238 2166 1378 2237; x_wconf 87' lang='grc' dir='ltr'>μόνη</span> 
     </span>
    </p>
   </div>
   <div class='ocr_carea' id='block_1_21' title="bbox 136 2253 1340 2335">
    <p class='ocr_par' dir='ltr' id='par_1_21' title="bbox 136 2253 1340 2335">
     <span class='ocr_line' id='line_1_21' title="bbox 136 2253 1340 2335; baseline -0.012 -15"><span class='ocrx_word' id='word_1_102' title='bbox 136 2264 271 2319; x_wconf 79' lang='grc'>3095</span> <span class='ocrx_word' id='word_1_103' title='bbox 310 2262 456 2335; x_wconf 85' lang='grc' dir='ltr'>Πρὸς</span> <span class='ocrx_word' id='word_1_104' title='bbox 490 2258 776 2314; x_wconf 75' lang='grc' dir='ltr'>συνάφειαν</span> <span class='ocrx_word' id='word_1_105' title='bbox 804 2258 1045 2334; x_wconf 78' lang='grc' dir='ltr'>γαμικὴν</span> <span class='ocrx_word' id='word_1_106' title='bbox 1080 2253 1340 2329; x_wconf 83' lang='grc' dir='ltr'>συνεζύγη</span> 
     </span>
    </p>
   </div>
   <div class='ocr_carea' id='block_1_22' title="bbox 310 2342 1538 2422">
    <p class='ocr_par' dir='ltr' id='par_1_22' title="bbox 310 2342 1538 2422">
     <span class='ocr_line' id='line_1_22' title="bbox 310 2342 1538 2422; baseline -0.012 -14"><span class='ocrx_word' id='word_1_107' title='bbox 310 2354 405 2422; x_wconf 81' lang='grc' dir='ltr'>Τῷ</span> <span class='ocrx_word' id='word_1_108' title='bbox 430 2347 825 2419; x_wconf 84' lang='grc' dir='ltr'>Κωνσταντίνῳ</span> <span class='ocrx_word' id='word_1_109' title='bbox 853 2343 1154 2413; x_wconf 85' lang='grc' dir='ltr'>τούπίκλην</span> <span class='ocrx_word' id='word_1_110' title='bbox 1196 2342 1538 2415; x_wconf 75' lang='grc' dir='ltr'>Μονομάχῳ,</span> 
     </span>
    </p>
   </div>
   <div class='ocr_carea' id='block_1_23' title="bbox 311 2432 1490 2514">
    <p class='ocr_par' dir='ltr' id='par_1_23' title="bbox 311 2432 1490 2514">
     <span class='ocr_line' id='line_1_23' title="bbox 311 2432 1490 2514; baseline -0.009 -19"><span class='ocrx_word' id='word_1_111' title='bbox 311 2441 422 2495; x_wconf 86' lang='grc' dir='ltr'>Καὶ</span> <span class='ocrx_word' id='word_1_112' title='bbox 453 2440 691 2514; x_wconf 74' lang='grc' dir='ltr'>κράτορα</span> <span class='ocrx_word' id='word_1_113' title='bbox 723 2436 989 2492; x_wconf 86' lang='grc' dir='ltr'>δείκνυσιν</span> <span class='ocrx_word' id='word_1_114' title='bbox 1024 2434 1183 2489; x_wconf 83' lang='grc' dir='ltr'>αὐτὸν</span> <span class='ocrx_word' id='word_1_115' title='bbox 1216 2432 1490 2488; x_wconf 71' lang='grc' dir='ltr'>Αὐσόνων*</span> 
     </span>
    </p>
   </div>
   <div class='ocr_carea' id='block_1_24' title="bbox 311 2520 1391 2602">
    <p class='ocr_par' dir='ltr' id='par_1_24' title="bbox 311 2520 1391 2602">
     <span class='ocr_line' id='line_1_24' title="bbox 311 2520 1391 2602; baseline -0.01 -17"><span class='ocrx_word' id='word_1_116' title='bbox 311 2530 465 2586; x_wconf 76' lang='grc' dir='ltr'>”Οντ’</span> <span class='ocrx_word' id='word_1_117' title='bbox 498 2527 730 2602; x_wconf 76' lang='grc' dir='ltr'>εὐγενῶν</span> <span class='ocrx_word' id='word_1_118' title='bbox 764 2547 821 2580; x_wconf 90' lang='grc' dir='ltr'>τε</span> <span class='ocrx_word' id='word_1_119' title='bbox 851 2525 939 2579; x_wconf 84' lang='grc' dir='ltr'>καὶ</span> <span class='ocrx_word' id='word_1_120' title='bbox 970 2521 1267 2600; x_wconf 78' lang='grc' dir='ltr'>περιδόξων</span> <span class='ocrx_word' id='word_1_121' title='bbox 1300 2520 1391 2575; x_wconf 76' lang='grc' dir='ltr'>ἕνα</span> 
     </span>
    </p>
   </div>
   <div class='ocr_carea' id='block_1_25' title="bbox 311 2609 1365 2690">
    <p class='ocr_par' dir='ltr' id='par_1_25' title="bbox 311 2609 1365 2690">
     <span class='ocr_line' id='line_1_25' title="bbox 311 2609 1365 2690; baseline -0.008 -19"><span class='ocrx_word' id='word_1_122' title='bbox 311 2618 399 2678; x_wconf 86' lang='grc' dir='ltr'>Ὡς</span> <span class='ocrx_word' id='word_1_123' title='bbox 434 2613 769 2689; x_wconf 70' lang='grc' dir='ltr'>εὖπατριδῶν</span> <span class='ocrx_word' id='word_1_124' title='bbox 801 2611 1061 2690; x_wconf 79' lang='grc' dir='ltr'>έκφυέντα</span> <span class='ocrx_word' id='word_1_125' title='bbox 1094 2609 1365 2685; x_wconf 88' lang='grc' dir='ltr'>πατέρων,</span> 
     </span>
    </p>
   </div>
   <div class='ocr_carea' id='block_1_26' title="bbox 139 2700 1345 2779">
    <p class='ocr_par' dir='ltr' id='par_1_26' title="bbox 139 2700 1345 2779">
     <span class='ocr_line' id='line_1_26' title="bbox 139 2700 1345 2779; baseline -0.008 -17"><span class='ocrx_word' id='word_1_126' title='bbox 139 2708 274 2762; x_wconf 86' lang='grc'><strong>3100</strong></span> <span class='ocrx_word' id='word_1_127' title='bbox 314 2705 516 2779; x_wconf 85' lang='grc' dir='ltr'>Λόγοις</span> <span class='ocrx_word' id='word_1_128' title='bbox 540 2702 887 2777; x_wconf 79' lang='grc' dir='ltr'>ὁμιλήσαντα</span> <span class='ocrx_word' id='word_1_129' title='bbox 915 2704 1055 2755; x_wconf 78' lang='grc' dir='ltr'>πάνυ</span> <span class='ocrx_word' id='word_1_130' title='bbox 1091 2700 1345 2774; x_wconf 80' lang='grc' dir='ltr'>μετρίως,</span> 
     </span>
    </p>
   </div>
   <div class='ocr_carea' id='block_1_27' title="bbox 310 2786 1661 2868">
    <p class='ocr_par' dir='ltr' id='par_1_27' title="bbox 310 2786 1661 2868">
     <span class='ocr_line' id='line_1_27' title="bbox 310 2786 1661 2868; baseline -0.007 -18"><span class='ocrx_word' id='word_1_131' title='bbox 310 2795 628 2868; x_wconf 86' lang='grc' dir='ltr'>Ἐρωτικῶς</span> <span class='ocrx_word' id='word_1_132' title='bbox 658 2790 705 2847; x_wconf 91' lang='grc' dir='ltr'>δ’</span> <span class='ocrx_word' id='word_1_133' title='bbox 733 2787 933 2867; x_wconf 81' lang='grc' dir='ltr'>ἔχοντα</span> <span class='ocrx_word' id='word_1_134' title='bbox 960 2790 1107 2858; x_wconf 73' lang='grc' dir='ltr'>πλὴν</span> <span class='ocrx_word' id='word_1_135' title='bbox 1140 2791 1277 2864; x_wconf 88' lang='grc' dir='ltr'>πρὸς</span> <span class='ocrx_word' id='word_1_136' title='bbox 1305 2787 1429 2850; x_wconf 77' lang='grc' dir='ltr'>τοὺς</span> <span class='ocrx_word' id='word_1_137' title='bbox 1462 2786 1661 2862; x_wconf 83' lang='grc' dir='ltr'>λόγους</span> 
     </span>
    </p>
   </div>
   <div class='ocr_carea' id='block_1_28' title="bbox 312 2878 1428 2955">
    <p class='ocr_par' dir='ltr' id='par_1_28' title="bbox 312 2878 1428 2955">
     <span class='ocr_line' id='line_1_28' title="bbox 312 2878 1428 2955; baseline -0.008 -16"><span class='ocrx_word' id='word_1_138' title='bbox 312 2883 586 2955; x_wconf 73' lang='grc' dir='ltr'>Ῥᾴθυμον</span> <span class='ocrx_word' id='word_1_139' title='bbox 613 2884 746 2951; x_wconf 72' lang='grc' dir='ltr'>ἦθος</span> <span class='ocrx_word' id='word_1_140' title='bbox 774 2878 1017 2954; x_wconf 82' lang='grc' dir='ltr'>μαλακόν</span> <span class='ocrx_word' id='word_1_141' title='bbox 1050 2879 1097 2933; x_wconf 87' lang='grc' dir='ltr'>τ’</span> <span class='ocrx_word' id='word_1_142' title='bbox 1125 2878 1428 2951; x_wconf 70' lang='grc' dir='ltr'>ἀνειμένον,</span> 
     </span>
    </p>
   </div>
   <div class='ocr_carea' id='block_1_29' title="bbox 312 2968 1437 3051">
    <p class='ocr_par' dir='ltr' id='par_1_29' title="bbox 312 2968 1437 3051">
     <span class='ocr_line' id='line_1_29' title="bbox 312 2968 1437 3051; baseline -0.003 -22"><span class='ocrx_word' id='word_1_143' title='bbox 312 2979 556 3051; x_wconf 74' lang='grc' dir='ltr'>Τρυφαῖς</span> <span class='ocrx_word' id='word_1_144' title='bbox 584 2972 988 3049; x_wconf 79' lang='grc' dir='ltr'>προσανέχοντσ</span> <span class='ocrx_word' id='word_1_145' title='bbox 1017 2968 1437 3045; x_wconf 87' lang='grc' dir='ltr'>γλυκυθυμίαις.</span> 
     </span>
    </p>
   </div>
   <div class='ocr_carea' id='block_1_30' title="bbox 312 3060 1297 3141">
    <p class='ocr_par' dir='ltr' id='par_1_30' title="bbox 312 3060 1297 3141">
     <span class='ocr_line' id='line_1_30' title="bbox 312 3060 1297 3141; baseline -0.009 -20"><span class='ocrx_word' id='word_1_146' title='bbox 312 3061 756 3141; x_wconf 80' lang='grc' dir='ltr'>Ἐρωτοληψίαις</span> <span class='ocrx_word' id='word_1_147' title='bbox 785 3081 844 3116; x_wconf 90' lang='grc' dir='ltr'>τε</span> <span class='ocrx_word' id='word_1_148' title='bbox 874 3080 1102 3135; x_wconf 86' lang='grc' dir='ltr'>συνισχη</span> <span class='ocrx_word' id='word_1_149' title='bbox 1115 3060 1297 3133; x_wconf 83' lang='grc' dir='ltr'>μένον,</span> 
     </span>
    </p>
   </div>
   <div class='ocr_carea' id='block_1_31' title="bbox 142 3146 1445 3224">
    <p class='ocr_par' dir='ltr' id='par_1_31' title="bbox 142 3146 1445 3224">
     <span class='ocr_line' id='line_1_31' title="bbox 142 3146 1445 3224; baseline -0.008 -12"><span class='ocrx_word' id='word_1_150' title='bbox 142 3156 279 3212; x_wconf 84' lang='grc'><strong>3105</strong></span> <span class='ocrx_word' id='word_1_151' title='bbox 316 3157 444 3211; x_wconf 90' lang='grc' dir='ltr'>Τῶν</span> <span class='ocrx_word' id='word_1_152' title='bbox 474 3152 639 3224; x_wconf 80' lang='grc' dir='ltr'>ἀξιῶν</span> <span class='ocrx_word' id='word_1_153' title='bbox 666 3152 902 3224; x_wconf 81' lang='grc' dir='ltr'>νέμοντα</span> <span class='ocrx_word' id='word_1_154' title='bbox 927 3151 1023 3211; x_wconf 71' lang='grc' dir='ltr'>τὰς</span> <span class='ocrx_word' id='word_1_155' title='bbox 1054 3149 1219 3222; x_wconf 81' lang='grc' dir='ltr'>τιμὰς</span> <span class='ocrx_word' id='word_1_156' title='bbox 1249 3146 1445 3223; x_wconf 84' lang='grc' dir='ltr'>χύδην,</span> 
     </span>
    </p>
   </div>
   <div class='ocr_carea' id='block_1_32' title="bbox 312 3235 1437 3316">
    <p class='ocr_par' dir='ltr' id='par_1_32' title="bbox 312 3235 1437 3316">
     <span class='ocr_line' id='line_1_32' title="bbox 312 3235 1437 3316; baseline -0.005 -19"><span class='ocrx_word' id='word_1_157' title='bbox 312 3244 413 3305; x_wconf 82' lang='grc' dir='ltr'>Οἷς</span> <span class='ocrx_word' id='word_1_158' title='bbox 444 3241 505 3297; x_wconf 79' lang='grc' dir='ltr'>ού</span> <span class='ocrx_word' id='word_1_159' title='bbox 537 3248 807 3315; x_wconf 70' lang='grc' dir='ltr'>προσῆκεν</span> <span class='ocrx_word' id='word_1_160' title='bbox 841 3239 1119 3316; x_wconf 82' lang='grc' dir='ltr'>ἀγοραίοις</span> <span class='ocrx_word' id='word_1_161' title='bbox 1161 3235 1437 3312; x_wconf 83' lang='grc' dir='ltr'>ἀνδράσιν,</span> 
     </span>
    </p>
   </div>
   <div class='ocr_carea' id='block_1_33' title="bbox 310 3321 1507 3405">
    <p class='ocr_par' dir='ltr' id='par_1_33' title="bbox 310 3321 1507 3405">
     <span class='ocr_line' id='line_1_33' title="bbox 310 3321 1507 3405; baseline -0.006 -18"><span class='ocrx_word' id='word_1_162' title='bbox 310 3333 417 3389; x_wconf 86' lang='grc' dir='ltr'>Καὶ</span> <span class='ocrx_word' id='word_1_163' title='bbox 450 3329 733 3405; x_wconf 79' lang='grc' dir='ltr'>δημοσίων</span> <span class='ocrx_word' id='word_1_164' title='bbox 767 3327 1072 3404; x_wconf 84' lang='grc' dir='ltr'>χρημάτων</span> <span class='ocrx_word' id='word_1_165' title='bbox 1106 3321 1308 3389; x_wconf 73' lang='grc' dir='ltr'>ὅλϐους</span> <span class='ocrx_word' id='word_1_166' title='bbox 1343 3325 1507 3390; x_wconf 79' lang='grc' dir='ltr'>ὅλους</span> 
     </span>
    </p>
   </div>
   <div class='ocr_carea' id='block_1_34' title="bbox 307 3415 1381 3493">
    <p class='ocr_par' dir='ltr' id='par_1_34' title="bbox 307 3415 1381 3493">
     <span class='ocr_line' id='line_1_34' title="bbox 307 3415 1381 3493; baseline -0.007 -17"><span class='ocrx_word' id='word_1_167' title='bbox 307 3419 501 3483; x_wconf 86' lang='grc' dir='ltr'>Ὀλαις</span> <span class='ocrx_word' id='word_1_168' title='bbox 534 3417 763 3493; x_wconf 80' lang='grc' dir='ltr'>ἀμάξαις</span> <span class='ocrx_word' id='word_1_169' title='bbox 797 3415 1152 3472; x_wconf 81' lang='grc' dir='ltr'>ἀναλίσκοντα</span> <span class='ocrx_word' id='word_1_170' title='bbox 1187 3416 1381 3489; x_wconf 76' lang='grc' dir='ltr'>μάτην,</span> 
     </span>
    </p>
   </div>
   <div class='ocr_carea' id='block_1_35' title="bbox 312 3502 1441 3584">
    <p class='ocr_par' dir='ltr' id='par_1_35' title="bbox 312 3502 1441 3584">
     <span class='ocr_line' id='line_1_35' title="bbox 312 3502 1441 3584; baseline -0.006 -19"><span class='ocrx_word' id='word_1_171' title='bbox 312 3509 431 3567; x_wconf 82' lang='grc' dir='ltr'>Οὐκ</span> <span class='ocrx_word' id='word_1_172' title='bbox 461 3508 540 3572; x_wconf 85' lang='grc' dir='ltr'>εἷς</span> <span class='ocrx_word' id='word_1_173' title='bbox 567 3508 631 3562; x_wconf 88' lang='grc' dir='ltr'>τὸ</span> <span class='ocrx_word' id='word_1_174' title='bbox 659 3510 815 3580; x_wconf 78' lang='grc' dir='ltr'>κοινῇ</span> <span class='ocrx_word' id='word_1_175' title='bbox 849 3510 1122 3584; x_wconf 78' lang='grc' dir='ltr'>συμφέρον</span> <span class='ocrx_word' id='word_1_176' title='bbox 1154 3502 1441 3577; x_wconf 77' lang='grc' dir='ltr'>Ῥωμαΐδι,</span> 
     </span>
    </p>
   </div>
   <div class='ocr_carea' id='block_1_36' title="bbox 131 3593 1489 3673">
    <p class='ocr_par' dir='ltr' id='par_1_36' title="bbox 131 3593 1489 3673">
     <span class='ocr_line' id='line_1_36' title="bbox 131 3593 1489 3673; baseline -0.007 -15"><span class='ocrx_word' id='word_1_177' title='bbox 131 3603 269 3657; x_wconf 88' lang='grc'><strong>3110</strong></span> <span class='ocrx_word' id='word_1_178' title='bbox 304 3600 379 3655; x_wconf 88' lang='grc' dir='ltr'><strong>Ἦ</strong></span> <span class='ocrx_word' id='word_1_179' title='bbox 412 3595 692 3673; x_wconf 80' lang='grc' dir='ltr'>χρήσιμόν</span> <span class='ocrx_word' id='word_1_180' title='bbox 719 3617 775 3650; x_wconf 93' lang='grc' dir='ltr'>τι</span> <span class='ocrx_word' id='word_1_181' title='bbox 798 3598 877 3667; x_wconf 83' lang='grc' dir='ltr'>τῷ</span> <span class='ocrx_word' id='word_1_182' title='bbox 906 3593 1091 3669; x_wconf 81' lang='grc' dir='ltr'>κράτει</span> <span class='ocrx_word' id='word_1_183' title='bbox 1123 3595 1489 3671; x_wconf 76' lang='grc' dir='ltr'>συνεισφέρον.</span> 
     </span>
    </p>
   </div>
   <div class='ocr_carea' id='block_1_37' title="bbox 306 3680 1275 3763">
    <p class='ocr_par' dir='ltr' id='par_1_37' title="bbox 306 3680 1275 3763">
     <span class='ocr_line' id='line_1_37' title="bbox 306 3680 1275 3763; baseline -0.008 -20"><span class='ocrx_word' id='word_1_184' title='bbox 306 3687 539 3763; x_wconf 83' lang='grc' dir='ltr'>Ἀντῆρε</span> <span class='ocrx_word' id='word_1_185' title='bbox 566 3681 709 3757; x_wconf 83' lang='grc' dir='ltr'>τῷδε</span> <span class='ocrx_word' id='word_1_186' title='bbox 743 3682 960 3759; x_wconf 86' lang='grc' dir='ltr'>βασιλεῖ</span> <span class='ocrx_word' id='word_1_187' title='bbox 988 3680 1275 3752; x_wconf 84' lang='grc' dir='ltr'>Μανιάκης</span> 
     </span>
    </p>
   </div>
   <div class='ocr_carea' id='block_1_38' title="bbox 305 3770 1372 3847">
    <p class='ocr_par' dir='ltr' id='par_1_38' title="bbox 305 3770 1372 3847">
     <span class='ocr_line' id='line_1_38' title="bbox 305 3770 1372 3847; baseline -0.006 -16"><span class='ocrx_word' id='word_1_188' title='bbox 305 3776 721 3846; x_wconf 73' lang='grc' dir='ltr'>Ἀποστατήσας</span> <span class='ocrx_word' id='word_1_189' title='bbox 751 3773 840 3828; x_wconf 81' lang='grc' dir='ltr'>καὶ</span> <span class='ocrx_word' id='word_1_190' title='bbox 872 3773 1123 3847; x_wconf 72' lang='grc' dir='ltr'>στρατιὰν</span> <span class='ocrx_word' id='word_1_191' title='bbox 1155 3770 1372 3843; x_wconf 80' lang='grc' dir='ltr'>ἁλίσας,</span> 
     </span>
    </p>
   </div>
   <div class='ocr_carea' id='block_1_39' title="bbox 308 3858 1516 3942">
    <p class='ocr_par' dir='ltr' id='par_1_39' title="bbox 308 3858 1516 3942">
     <span class='ocr_line' id='line_1_39' title="bbox 308 3858 1516 3942; baseline -0.005 -21"><span class='ocrx_word' id='word_1_192' title='bbox 308 3869 473 3942; x_wconf 78' lang='grc' dir='ltr'>’Δνήρ</span> <span class='ocrx_word' id='word_1_193' title='bbox 504 3864 807 3941; x_wconf 90' lang='grc' dir='ltr'>στρατηγὸς</span> <span class='ocrx_word' id='word_1_194' title='bbox 837 3861 1087 3930; x_wconf 79' lang='grc' dir='ltr'>εὐσθενὴς</span> <span class='ocrx_word' id='word_1_195' title='bbox 1116 3862 1204 3917; x_wconf 84' lang='grc' dir='ltr'>καὶ</span> <span class='ocrx_word' id='word_1_196' title='bbox 1236 3858 1516 3937; x_wconf 76' lang='grc' dir='ltr'>γεννὸίδας,</span> 
     </span>
    </p>
   </div>
   <div class='ocr_carea' id='block_1_40' title="bbox 310 3950 1466 4028">
    <p class='ocr_par' dir='ltr' id='par_1_40' title="bbox 310 3950 1466 4028">
     <span class='ocr_line' id='line_1_40' title="bbox 310 3950 1466 4028; baseline -0.009 -14"><span class='ocrx_word' id='word_1_197' title='bbox 310 3958 494 4027; x_wconf 81' lang='grc' dir='ltr'>Οὗπερ</span> <span class='ocrx_word' id='word_1_198' title='bbox 526 3952 690 4015; x_wconf 80' lang='grc' dir='ltr'>κλέος</span> <span class='ocrx_word' id='word_1_199' title='bbox 723 3953 973 4028; x_wconf 75' lang='grc' dir='ltr'>μέγιστον</span> <span class='ocrx_word' id='word_1_200' title='bbox 1007 3950 1058 4006; x_wconf 82' lang='grc' dir='ltr'>έν</span> <span class='ocrx_word' id='word_1_201' title='bbox 1094 3951 1466 4027; x_wconf 76' lang='grc' dir='ltr'>στρατηγίαιςο</span> 
     </span>
    </p>
   </div>
   <div class='ocr_carea' id='block_1_41' title="bbox 133 4038 1367 4118">
    <p class='ocr_par' dir='ltr' id='par_1_41' title="bbox 133 4038 1367 4118">
     <span class='ocr_line' id='line_1_41' title="bbox 133 4038 1367 4118; baseline -0.008 -15"><span class='ocrx_word' id='word_1_202' title='bbox 133 4048 271 4105; x_wconf 83' lang='grc'><strong>3115</strong></span> <span class='ocrx_word' id='word_1_203' title='bbox 306 4048 411 4107; x_wconf 89' lang='grc' dir='ltr'>Ὅς</span> <span class='ocrx_word' id='word_1_204' title='bbox 446 4041 743 4118; x_wconf 83' lang='grc' dir='ltr'>μηδοτιοῦν</span> <span class='ocrx_word' id='word_1_205' title='bbox 777 4041 829 4096; x_wconf 85' lang='grc' dir='ltr'>έν</span> <span class='ocrx_word' id='word_1_206' title='bbox 860 4038 1134 4117; x_wconf 89' lang='grc' dir='ltr'>τυραννίδι</span> <span class='ocrx_word' id='word_1_207' title='bbox 1169 4038 1367 4113; x_wconf 83' lang='grc' dir='ltr'>δράσας</span> 
     </span>
    </p>
   </div>
   <div class='ocr_carea' id='block_1_42' title="bbox 185 4128 1363 4205">
    <p class='ocr_par' dir='ltr' id='par_1_42' title="bbox 185 4128 1363 4205">
     <span class='ocr_line' id='line_1_42' title="bbox 185 4128 1363 4205; baseline -0.008 -13"><span class='ocrx_word' id='word_1_208' title='bbox 185 4140 195 4149; x_wconf 80' lang='grc'><strong>“</strong></span> <span class='ocrx_word' id='word_1_209' title='bbox 307 4133 603 4205; x_wconf 80' lang='grc' dir='ltr'>Ἐξαπίνης</span> <span class='ocrx_word' id='word_1_210' title='bbox 631 4131 887 4201; x_wconf 85' lang='grc' dir='ltr'>τέθνηκεν</span> <span class='ocrx_word' id='word_1_211' title='bbox 919 4128 1129 4204; x_wconf 87' lang='grc' dir='ltr'>ἀρτύων</span> <span class='ocrx_word' id='word_1_212' title='bbox 1154 4129 1363 4205; x_wconf 78' lang='grc' dir='ltr'>μάχην,</span> 
     </span>
    </p>
   </div>
   <div class='ocr_carea' id='block_1_43' title="bbox 308 4216 1503 4293">
    <p class='ocr_par' dir='ltr' id='par_1_43' title="bbox 308 4216 1503 4293">
     <span class='ocr_line' id='line_1_43' title="bbox 308 4216 1503 4293; baseline -0.003 -16"><span class='ocrx_word' id='word_1_213' title='bbox 308 4224 447 4286; x_wconf 74' lang='grc' dir='ltr'>Μεθ’</span> <span class='ocrx_word' id='word_1_214' title='bbox 472 4220 530 4276; x_wconf 77' lang='grc' dir='ltr'>δν</span> <span class='ocrx_word' id='word_1_215' title='bbox 560 4241 645 4282; x_wconf 91' lang='grc' dir='ltr'>τις</span> <span class='ocrx_word' id='word_1_216' title='bbox 677 4217 849 4280; x_wconf 79' lang='grc' dir='ltr'>ἄλλος</span> <span class='ocrx_word' id='word_1_217' title='bbox 876 4218 1166 4293; x_wconf 90' lang='grc' dir='ltr'>Τορνίκιος</span> <span class='ocrx_word' id='word_1_218' title='bbox 1192 4216 1503 4288; x_wconf 83' lang='grc' dir='ltr'>τούπίκλην</span> 
     </span>
    </p>
   </div>
   <div class='ocr_carea' id='block_1_44' title="bbox 298 4305 1431 4380">
    <p class='ocr_par' dir='ltr' id='par_1_44' title="bbox 298 4305 1431 4380">
     <span class='ocr_line' id='line_1_44' title="bbox 298 4305 1431 4380; baseline -0.005 -13"><span class='ocrx_word' id='word_1_219' title='bbox 298 4315 495 4373; x_wconf 67' lang='grc' dir='ltr'>’Όστις</span> <span class='ocrx_word' id='word_1_220' title='bbox 527 4308 734 4379; x_wconf 81' lang='grc' dir='ltr'>ἐπῆλθε</span> <span class='ocrx_word' id='word_1_221' title='bbox 764 4307 856 4363; x_wconf 77' lang='grc' dir='ltr'>σὺν</span> <span class='ocrx_word' id='word_1_222' title='bbox 891 4312 1119 4380; x_wconf 87' lang='grc' dir='ltr'>στρατιᾷ</span> <span class='ocrx_word' id='word_1_223' title='bbox 1145 4311 1215 4379; x_wconf 81' lang='grc' dir='ltr'>τῇ</span> <span class='ocrx_word' id='word_1_224' title='bbox 1247 4305 1431 4362; x_wconf 85' lang='grc' dir='ltr'>πόλει·</span> 
     </span>
    </p>
   </div>
   <div class='ocr_carea' id='block_1_45' title="bbox 305 4396 1449 4475">
    <p class='ocr_par' dir='ltr' id='par_1_45' title="bbox 305 4396 1449 4475">
     <span class='ocr_line' id='line_1_45' title="bbox 305 4396 1449 4475; baseline -0.005 -18"><span class='ocrx_word' id='word_1_225' title='bbox 305 4399 492 4457; x_wconf 80' lang='grc' dir='ltr'>Ἀλλὰ</span> <span class='ocrx_word' id='word_1_226' title='bbox 523 4398 813 4475; x_wconf 85' lang='grc' dir='ltr'>κρατηθεὶς</span> <span class='ocrx_word' id='word_1_227' title='bbox 845 4396 1103 4471; x_wconf 77' lang='grc' dir='ltr'>ἐστέρητο</span> <span class='ocrx_word' id='word_1_228' title='bbox 1132 4400 1231 4450; x_wconf 76' lang='grc' dir='ltr'>τοῦ</span> <span class='ocrx_word' id='word_1_229' title='bbox 1262 4397 1449 4473; x_wconf 82' lang='grc' dir='ltr'>φάους.</span> 
     </span>
    </p>
   </div>
   <div class='ocr_carea' id='block_1_46' title="bbox 134 4480 1509 4559">
    <p class='ocr_par' dir='ltr' id='par_1_46' title="bbox 134 4480 1509 4559">
     <span class='ocr_line' id='line_1_46' title="bbox 134 4480 1509 4559; baseline -0.008 -8"><span class='ocrx_word' id='word_1_230' title='bbox 134 4495 272 4551; x_wconf 82' lang='grc'><strong>3120</strong></span> <span class='ocrx_word' id='word_1_231' title='bbox 311 4491 417 4549; x_wconf 83' lang='grc' dir='ltr'>Καὶ</span> <span class='ocrx_word' id='word_1_232' title='bbox 445 4488 704 4549; x_wconf 85' lang='grc' dir='ltr'>Ῥωσικὸς</span> <span class='ocrx_word' id='word_1_233' title='bbox 736 4486 901 4541; x_wconf 60' lang='grc' dir='ltr'>πάλιν</span> <span class='ocrx_word' id='word_1_234' title='bbox 935 4483 992 4540; x_wconf 78' lang='grc' dir='ltr'>δὲ</span> <span class='ocrx_word' id='word_1_235' title='bbox 1019 4488 1089 4559; x_wconf 77' lang='grc' dir='ltr'>τῇ</span> <span class='ocrx_word' id='word_1_236' title='bbox 1122 4480 1283 4539; x_wconf 77' lang='grc' dir='ltr'>πόλει</span> <span class='ocrx_word' id='word_1_237' title='bbox 1314 4484 1509 4548; x_wconf 88' lang='grc' dir='ltr'>στόλος</span> 
     </span>
    </p>
   </div>
   <div class='ocr_carea' id='block_1_47' title="bbox 312 4574 1435 4653">
    <p class='ocr_par' dir='ltr' id='par_1_47' title="bbox 312 4574 1435 4653">
     <span class='ocr_line' id='line_1_47' title="bbox 312 4574 1435 4653; baseline -0.006 -18"><span class='ocrx_word' id='word_1_238' title='bbox 312 4577 710 4653; x_wconf 79' lang='grc' dir='ltr'>Ἐπεισέφρησε</span> <span class='ocrx_word' id='word_1_239' title='bbox 743 4577 937 4650; x_wconf 83' lang='grc' dir='ltr'>μυρίον</span> <span class='ocrx_word' id='word_1_240' title='bbox 969 4574 1196 4646; x_wconf 85' lang='grc' dir='ltr'>στρατὸν</span> <span class='ocrx_word' id='word_1_241' title='bbox 1237 4574 1435 4652; x_wconf 64' lang='grc' dir='ltr'>φέρων,</span> 
     </span>
    </p>
   </div>
   <div class='ocr_carea' id='block_1_48' title="bbox 309 4660 1393 4741">
    <p class='ocr_par' dir='ltr' id='par_1_48' title="bbox 309 4660 1393 4741">
     <span class='ocr_line' id='line_1_48' title="bbox 309 4660 1393 4741; baseline -0.007 -17"><span class='ocrx_word' id='word_1_242' title='bbox 309 4672 406 4731; x_wconf 66' lang='lat' dir='ltr'>&quot;Oc:</span> <span class='ocrx_word' id='word_1_243' title='bbox 434 4665 713 4741; x_wconf 82' lang='grc' dir='ltr'>ναυμαχίᾳ</span> <span class='ocrx_word' id='word_1_244' title='bbox 741 4669 844 4727; x_wconf 84' lang='grc' dir='ltr'>πᾶς</span> <span class='ocrx_word' id='word_1_245' title='bbox 875 4662 1072 4741; x_wconf 86' lang='grc' dir='ltr'>σχεδὸν</span> <span class='ocrx_word' id='word_1_246' title='bbox 1105 4660 1393 4739; x_wconf 80' lang='grc' dir='ltr'>διεφθάρη,</span> 
     </span>
    </p>
   </div>
   <div class='ocr_carea' id='block_1_49' title="bbox 313 4749 1467 4828">
    <p class='ocr_par' dir='ltr' id='par_1_49' title="bbox 313 4749 1467 4828">
     <span class='ocr_line' id='line_1_49' title="bbox 313 4749 1467 4828; baseline -0.006 -14"><span class='ocrx_word' id='word_1_247' title='bbox 313 4757 417 4814; x_wconf 78' lang='grc' dir='ltr'>Καὶ</span> <span class='ocrx_word' id='word_1_248' title='bbox 449 4756 782 4825; x_wconf 83' lang='grc' dir='ltr'>Πατζινάκαι</span> <span class='ocrx_word' id='word_1_249' title='bbox 809 4757 916 4808; x_wconf 89' lang='grc' dir='ltr'>τῶν</span> <span class='ocrx_word' id='word_1_250' title='bbox 951 4751 1289 4828; x_wconf 86' lang='grc' dir='ltr'>Παριστρίων</span> <span class='ocrx_word' id='word_1_251' title='bbox 1319 4749 1467 4816; x_wconf 80' lang='grc' dir='ltr'>ἔθνος</span> 
     </span>
    </p>
   </div>
   <div class='ocr_carea' id='block_1_50' title="bbox 314 4840 1491 4919">
    <p class='ocr_par' dir='ltr' id='par_1_50' title="bbox 314 4840 1491 4919">
     <span class='ocr_line' id='line_1_50' title="bbox 314 4840 1491 4919; baseline -0.006 -15"><span class='ocrx_word' id='word_1_252' title='bbox 314 4846 727 4918; x_wconf 81' lang='grc' dir='ltr'>Λεηλατοῦντες</span> <span class='ocrx_word' id='word_1_253' title='bbox 757 4840 1094 4919; x_wconf 86' lang='grc' dir='ltr'>κατέδραμον</span> <span class='ocrx_word' id='word_1_254' title='bbox 1125 4844 1225 4910; x_wconf 80' lang='grc' dir='ltr'>τὴν</span> <span class='ocrx_word' id='word_1_255' title='bbox 1255 4849 1491 4918; x_wconf 85' lang='grc' dir='ltr'>Θρᾳκην·</span> 
     </span>
    </p>
   </div>
   <div class='ocr_carea' id='block_1_51' title="bbox 142 4929 1536 5010">
    <p class='ocr_par' dir='ltr' id='par_1_51' title="bbox 142 4929 1536 5010">
     <span class='ocr_line' id='line_1_51' title="bbox 142 4929 1536 5010; baseline -0.008 -13"><span class='ocrx_word' id='word_1_256' title='bbox 142 4940 282 4997; x_wconf 82' lang='grc'>3125</span> <span class='ocrx_word' id='word_1_257' title='bbox 321 4933 571 4997; x_wconf 81' lang='grc' dir='ltr'>Σπονδάς</span> <span class='ocrx_word' id='word_1_258' title='bbox 599 4932 916 5010; x_wconf 74' lang='grc' dir='ltr'>δεδρακότες</span> <span class='ocrx_word' id='word_1_259' title='bbox 941 4929 999 4986; x_wconf 75' lang='grc' dir='ltr'>δὲ</span> <span class='ocrx_word' id='word_1_260' title='bbox 1027 4930 1327 5004; x_wconf 84' lang='grc' dir='ltr'>Ῥωμαίοις</span> <span class='ocrx_word' id='word_1_261' title='bbox 1357 4930 1536 5001; x_wconf 74' lang='grc' dir='ltr'>τέλος,</span> 
     </span>
    </p>
   </div>
   <div class='ocr_carea' id='block_1_52' title="bbox 316 5019 1430 5095">
    <p class='ocr_par' dir='ltr' id='par_1_52' title="bbox 316 5019 1430 5095">
     <span class='ocr_line' id='line_1_52' title="bbox 316 5019 1430 5095; baseline -0.006 -12"><span class='ocrx_word' id='word_1_262' title='bbox 316 5026 432 5090; x_wconf 83' lang='grc' dir='ltr'>Τὰς</span> <span class='ocrx_word' id='word_1_263' title='bbox 458 5022 766 5087; x_wconf 85' lang='grc' dir='ltr'>πανοπλίας</span> <span class='ocrx_word' id='word_1_264' title='bbox 792 5020 1072 5077; x_wconf 83' lang='grc' dir='ltr'>κατέθεντο</span> <span class='ocrx_word' id='word_1_265' title='bbox 1104 5019 1193 5074; x_wconf 78' lang='grc' dir='ltr'>καὶ</span> <span class='ocrx_word' id='word_1_266' title='bbox 1228 5019 1430 5095; x_wconf 83' lang='grc' dir='ltr'>μάχας.</span> 
     </span>
    </p>
   </div>
   <div class='ocr_carea' id='block_1_53' title="bbox 319 5107 1622 5188">
    <p class='ocr_par' dir='ltr' id='par_1_53' title="bbox 319 5107 1622 5188">
     <span class='ocr_line' id='line_1_53' title="bbox 319 5107 1622 5188; baseline -0.002 -19"><span class='ocrx_word' id='word_1_267' title='bbox 319 5117 537 5174; x_wconf 79' lang='grc' dir='ltr'>Τούτου</span> <span class='ocrx_word' id='word_1_268' title='bbox 564 5116 892 5188; x_wconf 79' lang='grc' dir='ltr'>κρατοῦντος</span> <span class='ocrx_word' id='word_1_269' title='bbox 921 5109 1153 5167; x_wconf 86' lang='grc' dir='ltr'>Ούνικὸν</span> <span class='ocrx_word' id='word_1_270' title='bbox 1183 5108 1444 5183; x_wconf 88' lang='grc' dir='ltr'>Τούρκων</span> <span class='ocrx_word' id='word_1_271' title='bbox 1470 5107 1622 5174; x_wconf 67' lang='grc' dir='ltr'>ἔθνος</span> 
     </span>
    </p>
   </div>
   <div class='ocr_carea' id='block_1_54' title="bbox 322 5198 1451 5282">
    <p class='ocr_par' dir='ltr' id='par_1_54' title="bbox 322 5198 1451 5282">
     <span class='ocr_line' id='line_1_54' title="bbox 322 5198 1451 5282; baseline -0.01 -18"><span class='ocrx_word' id='word_1_272' title='bbox 322 5206 685 5282; x_wconf 84' lang='grc' dir='ltr'>Ὀρμώμενον</span> <span class='ocrx_word' id='word_1_273' title='bbox 716 5202 843 5277; x_wconf 84' lang='grc' dir='ltr'>πρὶν</span> <span class='ocrx_word' id='word_1_274' title='bbox 880 5199 932 5272; x_wconf 69' lang='grc' dir='ltr'>ἑξ</span> <span class='ocrx_word' id='word_1_275' title='bbox 962 5200 1105 5275; x_wconf 85' lang='grc' dir='ltr'>ὀρῶν</span> <span class='ocrx_word' id='word_1_276' title='bbox 1138 5198 1451 5254; x_wconf 78' lang='grc' dir='ltr'>Καυκασίων</span> 
     </span>
    </p>
   </div>
   <div class='ocr_carea' id='block_1_55' title="bbox 326 5287 1495 5368">
    <p class='ocr_par' dir='ltr' id='par_1_55' title="bbox 326 5287 1495 5368">
     <span class='ocr_line' id='line_1_55' title="bbox 326 5287 1495 5368; baseline -0.007 -17"><span class='ocrx_word' id='word_1_277' title='bbox 326 5293 568 5360; x_wconf 81' lang='grc' dir='ltr'>Ἐπῆλθε</span> <span class='ocrx_word' id='word_1_278' title='bbox 594 5298 811 5368; x_wconf 89' lang='grc' dir='ltr'>πρῶτον</span> <span class='ocrx_word' id='word_1_279' title='bbox 839 5287 1146 5363; x_wconf 81' lang='grc' dir='ltr'>Ῥωμαίδος</span> <span class='ocrx_word' id='word_1_280' title='bbox 1175 5295 1295 5350; x_wconf 81' lang='grc' dir='ltr'>τοῖς</span> <span class='ocrx_word' id='word_1_281' title='bbox 1326 5287 1495 5362; x_wconf 75' lang='grc' dir='ltr'>ὅροις·</span> 
     </span>
    </p>
   </div>
   <div class='ocr_carea' id='block_1_56' title="bbox 146 5378 1483 5452">
    <p class='ocr_par' dir='ltr' id='par_1_56' title="bbox 146 5378 1483 5452">
     <span class='ocr_line' id='line_1_56' title="bbox 146 5378 1483 5452; baseline -0.01 -5"><span class='ocrx_word' id='word_1_282' title='bbox 146 5390 289 5445; x_wconf 79' lang='grc'><strong>3130</strong></span> <span class='ocrx_word' id='word_1_283' title='bbox 326 5386 439 5444; x_wconf 82' lang='grc' dir='ltr'>Κάκ</span> <span class='ocrx_word' id='word_1_284' title='bbox 467 5380 614 5438; x_wconf 76' lang='grc' dir='ltr'>τοῦδ’</span> <span class='ocrx_word' id='word_1_285' title='bbox 648 5381 852 5446; x_wconf 74' lang='grc' dir='ltr'>έθισθὶν</span> <span class='ocrx_word' id='word_1_286' title='bbox 878 5383 948 5445; x_wconf 82' lang='grc' dir='ltr'>τῆ</span> <span class='ocrx_word' id='word_1_287' title='bbox 976 5380 1093 5435; x_wconf 86' lang='grc' dir='ltr'>κατ’</span> <span class='ocrx_word' id='word_1_288' title='bbox 1118 5378 1288 5447; x_wconf 79' lang='grc' dir='ltr'>αὐτῆς</span> <span class='ocrx_word' id='word_1_289' title='bbox 1318 5379 1483 5452; x_wconf 86' lang='grc' dir='ltr'>μανίᾳ</span> 
     </span>
    </p>
   </div>
   <div class='ocr_carea' id='block_1_57' title="bbox 322 5468 1503 5551">
    <p class='ocr_par' dir='ltr' id='par_1_57' title="bbox 322 5468 1503 5551">
     <span class='ocr_line' id='line_1_57' title="bbox 322 5468 1503 5551; baseline -0.008 -18"><span class='ocrx_word' id='word_1_290' title='bbox 322 5476 556 5551; x_wconf 78' lang='grc' dir='ltr'>Ἐληγεν</span> <span class='ocrx_word' id='word_1_291' title='bbox 580 5470 733 5529; x_wconf 77' lang='grc' dir='ltr'>οὐδὲν</span> <span class='ocrx_word' id='word_1_292' title='bbox 763 5468 921 5541; x_wconf 84' lang='grc' dir='ltr'>τῆσδ’</span> <span class='ocrx_word' id='word_1_293' title='bbox 950 5469 1113 5546; x_wconf 75' lang='grc' dir='ltr'>ὅρους</span> <span class='ocrx_word' id='word_1_294' title='bbox 1140 5471 1503 5545; x_wconf 86' lang='grc' dir='ltr'>κατατρέχον,</span> 
     </span>
    </p>
   </div>
   <div class='ocr_carea' id='block_1_58' title="bbox 329 5558 1587 5638">
    <p class='ocr_par' dir='ltr' id='par_1_58' title="bbox 329 5558 1587 5638">
     <span class='ocr_line' id='line_1_58' title="bbox 329 5558 1587 5638; baseline -0.006 -15"><span class='ocrx_word' id='word_1_295' title='bbox 329 5567 423 5623; x_wconf 83' lang='grc' dir='ltr'>Ἐκ</span> <span class='ocrx_word' id='word_1_296' title='bbox 450 5568 557 5619; x_wconf 90' lang='grc' dir='ltr'>τῶν</span> <span class='ocrx_word' id='word_1_297' title='bbox 595 5568 772 5638; x_wconf 88' lang='grc' dir='ltr'>μερῶν</span> <span class='ocrx_word' id='word_1_298' title='bbox 807 5560 956 5624; x_wconf 77' lang='grc' dir='ltr'>ὅπως</span> <span class='ocrx_word' id='word_1_299' title='bbox 991 5558 1049 5616; x_wconf 72' lang='grc' dir='ltr'>δὲ</span> <span class='ocrx_word' id='word_1_300' title='bbox 1070 5564 1177 5616; x_wconf 88' lang='grc' dir='ltr'>τῶν</span> <span class='ocrx_word' id='word_1_301' title='bbox 1210 5559 1587 5636; x_wconf 88' lang='grc' dir='ltr'>προσαρκτίων</span> 
     </span>
    </p>
   </div>
   <div class='ocr_carea' id='block_1_59' title="bbox 331 5650 1351 5730">
    <p class='ocr_par' dir='ltr' id='par_1_59' title="bbox 331 5650 1351 5730">
     <span class='ocr_line' id='line_1_59' title="bbox 331 5650 1351 5730; baseline -0.011 -15"><span class='ocrx_word' id='word_1_302' title='bbox 331 5662 435 5719; x_wconf 83' lang='grc' dir='ltr'>Οἷα</span> <span class='ocrx_word' id='word_1_303' title='bbox 460 5656 615 5730; x_wconf 89' lang='grc' dir='ltr'>λύμη</span> <span class='ocrx_word' id='word_1_304' title='bbox 646 5676 727 5717; x_wconf 92' lang='grc' dir='ltr'>τις</span> <span class='ocrx_word' id='word_1_305' title='bbox 762 5654 822 5710; x_wconf 84' lang='grc' dir='ltr'>οὐ</span> <span class='ocrx_word' id='word_1_306' title='bbox 848 5651 1033 5714; x_wconf 87' lang='grc' dir='ltr'>καλῶς</span> <span class='ocrx_word' id='word_1_307' title='bbox 1063 5650 1351 5728; x_wconf 76' lang='grc' dir='ltr'>εἷσεφθάρη</span> 
     </span>
    </p>
   </div>
   <div class='ocr_carea' id='block_1_60' title="bbox 333 5740 1458 5818">
    <p class='ocr_par' dir='ltr' id='par_1_60' title="bbox 333 5740 1458 5818">
     <span class='ocr_line' id='line_1_60' title="bbox 333 5740 1458 5818; baseline -0.006 -14"><span class='ocrx_word' id='word_1_308' title='bbox 333 5748 427 5811; x_wconf 80' lang='grc' dir='ltr'>Εἷς</span> <span class='ocrx_word' id='word_1_309' title='bbox 457 5750 561 5818; x_wconf 81' lang='grc' dir='ltr'>τήν</span> <span class='ocrx_word' id='word_1_310' title='bbox 588 5748 706 5809; x_wconf 82' lang='grc' dir='ltr'>καθ’</span> <span class='ocrx_word' id='word_1_311' title='bbox 737 5747 884 5818; x_wconf 75' lang='grc' dir='ltr'>ἡμᾶς</span> <span class='ocrx_word' id='word_1_312' title='bbox 917 5740 1210 5818; x_wconf 87' lang='grc' dir='ltr'>γειτνίασιν</span> <span class='ocrx_word' id='word_1_313' title='bbox 1242 5741 1458 5798; x_wconf 88' lang='grc' dir='ltr'>λεκτέον</span> 
     </span>
    </p>
   </div>
   <div class='ocr_carea' id='block_1_61' title="bbox 1802 514 2801 593">
    <p class='ocr_par' dir='ltr' id='par_1_61' title="bbox 1802 514 2801 593">
     <span class='ocr_line' id='line_1_61' title="bbox 1802 514 2801 593; baseline -0.011 -13"><span class='ocrx_word' id='word_1_314' title='bbox 1802 525 1859 593; x_wconf 71' lang='grc' dir='ltr'><strong>Α</strong></span> <span class='ocrx_word' id='word_1_315' title='bbox 1889 522 2111 579; x_wconf 82' lang='lat' dir='ltr'>Deinde</span> <span class='ocrx_word' id='word_1_316' title='bbox 2141 518 2298 591; x_wconf 86' lang='lat' dir='ltr'>regio</span> <span class='ocrx_word' id='word_1_317' title='bbox 2330 516 2554 590; x_wconf 81' lang='lat' dir='ltr'>pepulit</span> <span class='ocrx_word' id='word_1_318' title='bbox 2585 514 2801 587; x_wconf 89' lang='lat' dir='ltr'>palatio</span> 
     </span>
    </p>
   </div>
   <div class='ocr_carea' id='block_1_62' title="bbox 1888 601 3066 673">
    <p class='ocr_par' dir='ltr' id='par_1_62' title="bbox 1888 601 3066 673">
     <span class='ocr_line' id='line_1_62' title="bbox 1888 601 3066 673; baseline -0.012 -6"><span class='ocrx_word' id='word_1_319' title='bbox 1888 610 2188 667; x_wconf 87' lang='lat' dir='ltr'>dominam</span> <span class='ocrx_word' id='word_1_320' title='bbox 2221 624 2390 664; x_wconf 87' lang='lat' dir='ltr'>suam</span> <span class='ocrx_word' id='word_1_321' title='bbox 2425 605 2745 661; x_wconf 78' lang='lat' dir='ltr'>beneﬁcam</span> <span class='ocrx_word' id='word_1_322' title='bbox 2779 601 3066 673; x_wconf 81' lang='lat' dir='ltr'>reginam,</span> 
     </span>
    </p>
   </div>
   <div class='ocr_carea' id='block_1_63' title="bbox 1889 692 3163 770">
    <p class='ocr_par' dir='ltr' id='par_1_63' title="bbox 1889 692 3163 770">
     <span class='ocr_line' id='line_1_63' title="bbox 1889 692 3163 770; baseline -0.012 -15"><span class='ocrx_word' id='word_1_323' title='bbox 1889 715 2138 770; x_wconf 80' lang='lat' dir='ltr'>eamque</span> <span class='ocrx_word' id='word_1_324' title='bbox 2170 701 2462 753; x_wconf 76' lang='lat' dir='ltr'>attonsum</span> <span class='ocrx_word' id='word_1_325' title='bbox 2495 692 2707 749; x_wconf 77' lang='lat' dir='ltr'>clausit</span> <span class='ocrx_word' id='word_1_326' title='bbox 2738 692 2808 746; x_wconf 89' lang='lat' dir='ltr'>ad</span> <span class='ocrx_word' id='word_1_327' title='bbox 2839 694 3163 745; x_wconf 80' lang='lat' dir='ltr'>extremum</span> 
     </span>
    </p>
   </div>
   <div class='ocr_carea' id='block_1_64' title="bbox 1888 778 3199 859">
    <p class='ocr_par' dir='ltr' id='par_1_64' title="bbox 1888 778 3199 859">
     <span class='ocr_line' id='line_1_64' title="bbox 1888 778 3199 859; baseline -0.011 -15"><span class='ocrx_word' id='word_1_328' title='bbox 1888 788 2177 859; x_wconf 79' lang='lat' dir='ltr'>Principis</span> <span class='ocrx_word' id='word_1_329' title='bbox 2206 787 2266 841; x_wconf 90' lang='lat' dir='ltr'>in</span> <span class='ocrx_word' id='word_1_330' title='bbox 2298 784 2515 849; x_wconf 86' lang='lat' dir='ltr'>insula,</span> <span class='ocrx_word' id='word_1_331' title='bbox 2541 780 2868 838; x_wconf 81' lang='lat' dir='ltr'>calumnias</span> <span class='ocrx_word' id='word_1_332' title='bbox 2898 778 3199 832; x_wconf 74' lang='lat' dir='ltr'>dictitans.</span> 
     </span>
    </p>
   </div>
   <div class='ocr_carea' id='block_1_65' title="bbox 1891 865 3123 946">
    <p class='ocr_par' dir='ltr' id='par_1_65' title="bbox 1891 865 3123 946">
     <span class='ocr_line' id='line_1_65' title="bbox 1891 865 3123 946; baseline -0.013 -12"><span class='ocrx_word' id='word_1_333' title='bbox 1891 879 2031 933; x_wconf 80' lang='lat' dir='ltr'>Rem</span> <span class='ocrx_word' id='word_1_334' title='bbox 2065 881 2128 931; x_wconf 91' lang='lat' dir='ltr'>ut</span> <span class='ocrx_word' id='word_1_335' title='bbox 2159 874 2427 946; x_wconf 85' lang='lat' dir='ltr'>cognovit</span> <span class='ocrx_word' id='word_1_336' title='bbox 2454 870 2727 943; x_wconf 85' lang='lat' dir='ltr'>populus,</span> <span class='ocrx_word' id='word_1_337' title='bbox 2762 868 2930 923; x_wconf 83' lang='lat' dir='ltr'>furiis</span> <span class='ocrx_word' id='word_1_338' title='bbox 2961 865 3123 930; x_wconf 85' lang='lat' dir='ltr'>arsit,</span> 
     </span>
    </p>
   </div>
   <div class='ocr_carea' id='block_1_66' title="bbox 1891 956 2930 1031">
    <p class='ocr_par' dir='ltr' id='par_1_66' title="bbox 1891 956 2930 1031">
     <span class='ocr_line' id='line_1_66' title="bbox 1891 956 2930 1031; baseline -0.009 -11"><span class='ocrx_word' id='word_1_339' title='bbox 1891 972 1950 1021; x_wconf 88' lang='lat' dir='ltr'>et</span> <span class='ocrx_word' id='word_1_340' title='bbox 1978 963 2381 1022; x_wconf 87' lang='lat' dir='ltr'>tumultuariis</span> <span class='ocrx_word' id='word_1_341' title='bbox 2413 960 2695 1031; x_wconf 88' lang='lat' dir='ltr'>correptis</span> <span class='ocrx_word' id='word_1_342' title='bbox 2727 956 2930 1019; x_wconf 91' lang='lat' dir='ltr'>armis,</span> 
     </span>
    </p>
   </div>
   <div class='ocr_carea' id='block_1_67' title="bbox 1890 1046 2916 1126">
    <p class='ocr_par' dir='ltr' id='par_1_67' title="bbox 1890 1046 2916 1126">
     <span class='ocr_line' id='line_1_67' title="bbox 1890 1046 2916 1126; baseline -0.013 -15"><span class='ocrx_word' id='word_1_343' title='bbox 1890 1060 1955 1111; x_wconf 91' lang='lat' dir='ltr'>ut</span> <span class='ocrx_word' id='word_1_344' title='bbox 1985 1070 2163 1126; x_wconf 90' lang='lat' dir='ltr'>apum</span> <span class='ocrx_word' id='word_1_345' title='bbox 2194 1053 2267 1109; x_wconf 91' lang='lat' dir='ltr'>ab</span> <span class='ocrx_word' id='word_1_346' title='bbox 2298 1051 2565 1107; x_wconf 80' lang='lat' dir='ltr'>examine</span> <span class='ocrx_word' id='word_1_347' title='bbox 2594 1048 2718 1103; x_wconf 78' lang='lat' dir='ltr'>fieri</span> <span class='ocrx_word' id='word_1_348' title='bbox 2751 1046 2916 1111; x_wconf 86' lang='lat' dir='ltr'>solet,</span> 
     </span>
    </p>
   </div>
   <div class='ocr_carea' id='block_1_68' title="bbox 1892 1130 3105 1215">
    <p class='ocr_par' dir='ltr' id='par_1_68' title="bbox 1892 1130 3105 1215">
     <span class='ocr_line' id='line_1_68' title="bbox 1892 1130 3105 1215; baseline -0.013 -15"><span class='ocrx_word' id='word_1_349' title='bbox 1892 1144 2119 1215; x_wconf 89' lang='lat' dir='ltr'>regium</span> <span class='ocrx_word' id='word_1_350' title='bbox 2152 1144 2221 1198; x_wconf 91' lang='lat' dir='ltr'>ad</span> <span class='ocrx_word' id='word_1_351' title='bbox 2257 1140 2541 1213; x_wconf 83' lang='lat' dir='ltr'>palatium</span> <span class='ocrx_word' id='word_1_352' title='bbox 2582 1136 2795 1209; x_wconf 85' lang='lat' dir='ltr'>raptim</span> <span class='ocrx_word' id='word_1_353' title='bbox 2827 1130 3105 1189; x_wconf 83' lang='lat' dir='ltr'>cucurrit.</span> 
     </span>
    </p>
   </div>
   <div class='ocr_carea' id='block_1_69' title="bbox 1888 1228 2927 1305">
    <p class='ocr_par' dir='ltr' id='par_1_69' title="bbox 1888 1228 2927 1305">
     <span class='ocr_line' id='line_1_69' title="bbox 1888 1228 2927 1305; baseline -0.013 -15"><span class='ocrx_word' id='word_1_354' title='bbox 1888 1240 2041 1305; x_wconf 81' lang='lat' dir='ltr'>Ergo</span> <span class='ocrx_word' id='word_1_355' title='bbox 2070 1230 2259 1287; x_wconf 89' lang='lat' dir='ltr'>civilis</span> <span class='ocrx_word' id='word_1_356' title='bbox 2292 1246 2490 1301; x_wconf 89' lang='lat' dir='ltr'>pugna</span> <span class='ocrx_word' id='word_1_357' title='bbox 2519 1229 2789 1281; x_wconf 87' lang='lat' dir='ltr'>conserta</span> <span class='ocrx_word' id='word_1_358' title='bbox 2818 1228 2927 1291; x_wconf 83' lang='lat' dir='ltr'>est,</span> 
     </span>
    </p>
   </div>
   <div class='ocr_carea' id='block_1_70' title="bbox 1890 1309 3151 1379">
    <p class='ocr_par' dir='ltr' id='par_1_70' title="bbox 1890 1309 3151 1379">
     <span class='ocr_line' id='line_1_70' title="bbox 1890 1309 3151 1379; baseline -0.015 0"><span class='ocrx_word' id='word_1_359' title='bbox 1890 1340 1998 1379; x_wconf 88' lang='lat' dir='ltr'>nec</span> <span class='ocrx_word' id='word_1_360' title='bbox 2030 1322 2217 1377; x_wconf 81' lang='lat' dir='ltr'>brevis</span> <span class='ocrx_word' id='word_1_361' title='bbox 2247 1319 2552 1375; x_wconf 89' lang='lat' dir='ltr'>hominum</span> <span class='ocrx_word' id='word_1_362' title='bbox 2586 1328 2867 1369; x_wconf 89' lang='lat' dir='ltr'>numerus</span> <span class='ocrx_word' id='word_1_363' title='bbox 2900 1309 3151 1375; x_wconf 80' lang='lat' dir='ltr'>occisus,</span> 
     </span>
    </p>
   </div>
   <div class='ocr_carea' id='block_1_71' title="bbox 1890 1397 3071 1475">
    <p class='ocr_par' dir='ltr' id='par_1_71' title="bbox 1890 1397 3071 1475">
     <span class='ocr_line' id='line_1_71' title="bbox 1890 1397 3071 1475; baseline -0.014 -6"><span class='ocrx_word' id='word_1_364' title='bbox 1890 1420 2083 1470; x_wconf 89' lang='lat' dir='ltr'>Donec</span> <span class='ocrx_word' id='word_1_365' title='bbox 2115 1410 2239 1466; x_wconf 88' lang='lat' dir='ltr'>suis</span> <span class='ocrx_word' id='word_1_366' title='bbox 2272 1408 2444 1464; x_wconf 87' lang='lat' dir='ltr'>rebus</span> <span class='ocrx_word' id='word_1_367' title='bbox 2477 1407 2796 1475; x_wconf 83' lang='lat' dir='ltr'>desperans</span> <span class='ocrx_word' id='word_1_368' title='bbox 2829 1397 3071 1454; x_wconf 84' lang='lat' dir='ltr'>Michael</span> 
     </span>
    </p>
   </div>
   <div class='ocr_carea' id='block_1_72' title="bbox 1894 1490 3003 1576">
    <p class='ocr_par' dir='ltr' id='par_1_72' title="bbox 1894 1490 3003 1576">
     <span class='ocr_line' id='line_1_72' title="bbox 1894 1490 3003 1576; baseline -0.015 -17"><span class='ocrx_word' id='word_1_369' title='bbox 1894 1501 2055 1576; x_wconf 90' lang='lat' dir='ltr'>pulla</span> <span class='ocrx_word' id='word_1_370' title='bbox 2086 1496 2500 1556; x_wconf 75' lang='lat' dir='ltr'>miserabiliter</span> <span class='ocrx_word' id='word_1_371' title='bbox 2530 1495 2773 1550; x_wconf 89' lang='lat' dir='ltr'>indutus</span> <span class='ocrx_word' id='word_1_372' title='bbox 2802 1490 3003 1545; x_wconf 88' lang='lat' dir='ltr'>tunica</span> 
     </span>
    </p>
   </div>
   <div class='ocr_carea' id='block_1_73' title="bbox 1896 1575 3130 1650">
    <p class='ocr_par' dir='ltr' id='par_1_73' title="bbox 1896 1575 3130 1650">
     <span class='ocr_line' id='line_1_73' title="bbox 1896 1575 3130 1650; baseline -0.015 -4"><span class='ocrx_word' id='word_1_373' title='bbox 1896 1575 1966 1647; x_wconf 85' lang='lat' dir='ltr'>ad</span> <span class='ocrx_word' id='word_1_374' title='bbox 1997 1588 2189 1646; x_wconf 88' lang='lat' dir='ltr'>Studii</span> <span class='ocrx_word' id='word_1_375' title='bbox 2223 1584 2647 1641; x_wconf 87' lang='lat' dir='ltr'>monasterium</span> <span class='ocrx_word' id='word_1_376' title='bbox 2680 1578 2925 1650; x_wconf 84' lang='lat' dir='ltr'>supplex</span> <span class='ocrx_word' id='word_1_377' title='bbox 2956 1575 3130 1646; x_wconf 82' lang='lat' dir='ltr'>fugit,</span> 
     </span>
    </p>
   </div>
   <div class='ocr_carea' id='block_1_74' title="bbox 1894 1666 3096 1750">
    <p class='ocr_par' dir='ltr' id='par_1_74' title="bbox 1894 1666 3096 1750">
     <span class='ocr_line' id='line_1_74' title="bbox 1894 1666 3096 1750; baseline -0.016 -14"><span class='ocrx_word' id='word_1_378' title='bbox 1894 1686 2065 1750; x_wconf 89' lang='lat' dir='ltr'>atque</span> <span class='ocrx_word' id='word_1_379' title='bbox 2096 1678 2207 1734; x_wconf 91' lang='lat' dir='ltr'>sub</span> <span class='ocrx_word' id='word_1_380' title='bbox 2239 1693 2348 1731; x_wconf 74' lang='lat' dir='ltr'>ara:</span> <span class='ocrx_word' id='word_1_381' title='bbox 2381 1673 2541 1745; x_wconf 82' lang='lat' dir='ltr'>asylo</span> <span class='ocrx_word' id='word_1_382' title='bbox 2572 1674 2757 1726; x_wconf 87' lang='lat' dir='ltr'>semet</span> <span class='ocrx_word' id='word_1_383' title='bbox 2787 1666 3051 1723; x_wconf 88' lang='lat' dir='ltr'>condidit</span> <span class='ocrx_word' id='word_1_384' title='bbox 3082 1680 3096 1718; x_wconf 90' lang='lat'><strong>:</strong></span> 
     </span>
    </p>
   </div>
   <div class='ocr_carea' id='block_1_75' title="bbox 1895 1756 2991 1839">
    <p class='ocr_par' dir='ltr' id='par_1_75' title="bbox 1895 1756 2991 1839">
     <span class='ocr_line' id='line_1_75' title="bbox 1895 1756 2991 1839; baseline -0.015 -14"><span class='ocrx_word' id='word_1_385' title='bbox 1895 1770 2050 1825; x_wconf 89' lang='lat' dir='ltr'>unde</span> <span class='ocrx_word' id='word_1_386' title='bbox 2084 1768 2414 1839; x_wconf 86' lang='lat' dir='ltr'>protractus</span> <span class='ocrx_word' id='word_1_387' title='bbox 2440 1764 2759 1817; x_wconf 67' lang='lat' dir='ltr'>excaecatur</span> <span class='ocrx_word' id='word_1_388' title='bbox 2792 1756 2991 1811; x_wconf 89' lang='lat' dir='ltr'>miser.</span> 
     </span>
    </p>
   </div>
   <div class='ocr_carea' id='block_1_76' title="bbox 1896 1846 2977 1914">
    <p class='ocr_par' dir='ltr' id='par_1_76' title="bbox 1896 1846 2977 1914">
     <span class='ocr_line' id='line_1_76' title="bbox 1896 1846 2977 1914; baseline -0.016 1"><span class='ocrx_word' id='word_1_389' title='bbox 1896 1859 2133 1914; x_wconf 88' lang='lat' dir='ltr'>Duabus</span> <span class='ocrx_word' id='word_1_390' title='bbox 2163 1859 2362 1911; x_wconf 89' lang='lat' dir='ltr'>autem</span> <span class='ocrx_word' id='word_1_391' title='bbox 2394 1850 2644 1907; x_wconf 87' lang='lat' dir='ltr'>traditur</span> <span class='ocrx_word' id='word_1_392' title='bbox 2674 1846 2977 1903; x_wconf 88' lang='lat' dir='ltr'>sororibus</span> 
     </span>
    </p>
   </div>
   <div class='ocr_carea' id='block_1_77' title="bbox 1899 1936 3096 2012">
    <p class='ocr_par' dir='ltr' id='par_1_77' title="bbox 1899 1936 3096 2012">
     <span class='ocr_line' id='line_1_77' title="bbox 1899 1936 3096 2012; baseline -0.016 -9"><span class='ocrx_word' id='word_1_393' title='bbox 1899 1950 2022 2004; x_wconf 68' lang='lat' dir='ltr'>Zoae</span> <span class='ocrx_word' id='word_1_394' title='bbox 2051 1945 2484 2012; x_wconf 74' lang='lat' dir='ltr'>Theodorreque</span> <span class='ocrx_word' id='word_1_395' title='bbox 2515 1936 2745 2009; x_wconf 88' lang='lat' dir='ltr'>imperii</span> <span class='ocrx_word' id='word_1_396' title='bbox 2774 1937 3096 2003; x_wconf 87' lang='lat' dir='ltr'>sceptrum.</span> 
     </span>
    </p>
   </div>
   <div class='ocr_carea' id='block_1_78' title="bbox 2018 2040 3422 2118">
    <p class='ocr_par' dir='ltr' id='par_1_78' title="bbox 2018 2040 3422 2118">
     <span class='ocr_line' id='line_1_78' title="bbox 2018 2040 3422 2118; baseline -0.017 1"><span class='ocrx_word' id='word_1_397' title='bbox 2018 2055 2571 2118; x_wconf 81' lang='lat' dir='ltr'>CONSTANTlNUS</span> <span class='ocrx_word' id='word_1_398' title='bbox 2603 2045 3098 2108; x_wconf 79' lang='lat' dir='ltr'>MONOMACIIUS</span> <span class='ocrx_word' id='word_1_399' title='bbox 3134 2043 3248 2099; x_wconf 86' lang='lat' dir='ltr'>AN.</span> <span class='ocrx_word' id='word_1_400' title='bbox 3290 2040 3422 2097; x_wconf 77' lang='grc' dir='ltr'>ΧΠ.</span> 
     </span>
    </p>
   </div>
   <div class='ocr_carea' id='block_1_79' title="bbox 1896 2151 3029 2224">
    <p class='ocr_par' dir='ltr' id='par_1_79' title="bbox 1896 2151 3029 2224">
     <span class='ocr_line' id='line_1_79' title="bbox 1896 2151 3029 2224; baseline -0.017 -6"><span class='ocrx_word' id='word_1_401' title='bbox 1896 2162 2005 2217; x_wconf 87' lang='lat' dir='ltr'>Sed</span> <span class='ocrx_word' id='word_1_402' title='bbox 2038 2177 2171 2216; x_wconf 91' lang='lat' dir='ltr'>cum</span> <span class='ocrx_word' id='word_1_403' title='bbox 2205 2156 2330 2213; x_wconf 90' lang='lat' dir='ltr'>sola</span> <span class='ocrx_word' id='word_1_404' title='bbox 2357 2158 2465 2211; x_wconf 92' lang='lat' dir='ltr'>Zoe</span> <span class='ocrx_word' id='word_1_405' title='bbox 2498 2166 2739 2224; x_wconf 89' lang='lat' dir='ltr'>regnare</span> <span class='ocrx_word' id='word_1_406' title='bbox 2770 2151 3029 2218; x_wconf 89' lang='lat' dir='ltr'>cuperet,</span> 
     </span>
    </p>
   </div>
   <div class='ocr_carea' id='block_1_80' title="bbox 1896 2232 3241 2315">
    <p class='ocr_par' dir='ltr' id='par_1_80' title="bbox 1896 2232 3241 2315">
     <span class='ocr_line' id='line_1_80' title="bbox 1896 2232 3241 2315; baseline -0.018 -7"><span class='ocrx_word' id='word_1_407' title='bbox 1896 2249 2342 2309; x_wconf 79' lang='lat' dir='ltr'>Constantinum</span> <span class='ocrx_word' id='word_1_408' title='bbox 2376 2246 2763 2315; x_wconf 89' lang='lat' dir='ltr'>cognomento</span> <span class='ocrx_word' id='word_1_409' title='bbox 2792 2232 3241 2292; x_wconf 86' lang='lat' dir='ltr'>Monomacbum</span> 
     </span>
    </p>
   </div>
   <div class='ocr_carea' id='block_1_81' title="bbox 1898 2325 2871 2409">
    <p class='ocr_par' dir='ltr' id='par_1_81' title="bbox 1898 2325 2871 2409">
     <span class='ocr_line' id='line_1_81' title="bbox 1898 2325 2871 2409; baseline -0.018 -12"><span class='ocrx_word' id='word_1_410' title='bbox 1898 2340 2012 2397; x_wconf 88' lang='lat' dir='ltr'>sibi</span> <span class='ocrx_word' id='word_1_411' title='bbox 2046 2336 2349 2409; x_wconf 86' lang='lat' dir='ltr'>conjunxit</span> <span class='ocrx_word' id='word_1_412' title='bbox 2378 2334 2585 2389; x_wconf 69' lang='lat' dir='ltr'>fredere</span> <span class='ocrx_word' id='word_1_413' title='bbox 2617 2325 2871 2399; x_wconf 87' lang='lat' dir='ltr'>conjugii</span> 
     </span>
    </p>
   </div>
   <div class='ocr_carea' id='block_1_82' title="bbox 1898 2415 3022 2495">
    <p class='ocr_par' dir='ltr' id='par_1_82' title="bbox 1898 2415 3022 2495">
     <span class='ocr_line' id='line_1_82' title="bbox 1898 2415 3022 2495; baseline -0.014 -7"><span class='ocrx_word' id='word_1_414' title='bbox 1898 2437 1957 2489; x_wconf 91' lang='lat' dir='ltr'>et</span> <span class='ocrx_word' id='word_1_415' title='bbox 1987 2432 2383 2486; x_wconf 76' lang='lat' dir='ltr'>Romanorum</span> <span class='ocrx_word' id='word_1_416' title='bbox 2416 2424 2828 2495; x_wconf 87' lang='lat' dir='ltr'>imperatorem</span> <span class='ocrx_word' id='word_1_417' title='bbox 2862 2415 3022 2472; x_wconf 74' lang='lat' dir='ltr'>fecit.</span> 
     </span>
    </p>
   </div>
   <div class='ocr_carea' id='block_1_83' title="bbox 1898 2509 2977 2577">
    <p class='ocr_par' dir='ltr' id='par_1_83' title="bbox 1898 2509 2977 2577">
     <span class='ocr_line' id='line_1_83' title="bbox 1898 2509 2977 2577; baseline -0.018 0"><span class='ocrx_word' id='word_1_418' title='bbox 1898 2522 2073 2577; x_wconf 90' lang='lat' dir='ltr'>Porro</span> <span class='ocrx_word' id='word_1_419' title='bbox 2105 2518 2200 2573; x_wconf 91' lang='lat' dir='ltr'>hic</span> <span class='ocrx_word' id='word_1_420' title='bbox 2232 2522 2300 2571; x_wconf 90' lang='lat' dir='ltr'>de</span> <span class='ocrx_word' id='word_1_421' title='bbox 2332 2519 2481 2570; x_wconf 82' lang='lat' dir='ltr'>coetu</span> <span class='ocrx_word' id='word_1_422' title='bbox 2514 2510 2800 2566; x_wconf 88' lang='lat' dir='ltr'>nobilium</span> <span class='ocrx_word' id='word_1_423' title='bbox 2832 2509 2977 2569; x_wconf 88' lang='lat' dir='ltr'>erat,</span> 
     </span>
    </p>
   </div>
   <div class='ocr_carea' id='block_1_84' title="bbox 1899 2596 2981 2682">
    <p class='ocr_par' dir='ltr' id='par_1_84' title="bbox 1899 2596 2981 2682">
     <span class='ocr_line' id='line_1_84' title="bbox 1899 2596 2981 2682; baseline -0.018 -16"><span class='ocrx_word' id='word_1_424' title='bbox 1899 2618 2073 2682; x_wconf 89' lang='lat' dir='ltr'>atque</span> <span class='ocrx_word' id='word_1_425' title='bbox 2106 2606 2366 2680; x_wconf 81' lang='lat' dir='ltr'>patriciis</span> <span class='ocrx_word' id='word_1_426' title='bbox 2398 2608 2560 2659; x_wconf 85' lang='lat' dir='ltr'>ortus</span> <span class='ocrx_word' id='word_1_427' title='bbox 2592 2596 2934 2671; x_wconf 89' lang='lat' dir='ltr'>parentibus</span> <span class='ocrx_word' id='word_1_428' title='bbox 2966 2608 2981 2647; x_wconf 87' lang='lat'><strong>:</strong></span> 
     </span>
    </p>
   </div>
   <div class='ocr_carea' id='block_1_85' title="bbox 1899 2688 2922 2770">
    <p class='ocr_par' dir='ltr' id='par_1_85' title="bbox 1899 2688 2922 2770">
     <span class='ocr_line' id='line_1_85' title="bbox 1899 2688 2922 2770; baseline -0.019 -14"><span class='ocrx_word' id='word_1_429' title='bbox 1899 2705 1957 2756; x_wconf 90' lang='lat' dir='ltr'>et</span> <span class='ocrx_word' id='word_1_430' title='bbox 1985 2698 2078 2754; x_wconf 86' lang='lat' dir='ltr'>vix</span> <span class='ocrx_word' id='word_1_431' title='bbox 2106 2696 2339 2770; x_wconf 88' lang='lat' dir='ltr'>quidem</span> <span class='ocrx_word' id='word_1_432' title='bbox 2374 2693 2597 2747; x_wconf 87' lang='lat' dir='ltr'>litteras</span> <span class='ocrx_word' id='word_1_433' title='bbox 2628 2688 2922 2758; x_wconf 76' lang='lat' dir='ltr'>attigerat,</span> 
     </span>
    </p>
   </div>
   <div class='ocr_carea' id='block_1_86' title="bbox 1899 2777 2998 2849">
    <p class='ocr_par' dir='ltr' id='par_1_86' title="bbox 1899 2777 2998 2849">
     <span class='ocr_line' id='line_1_86' title="bbox 1899 2777 2998 2849; baseline -0.018 -3"><span class='ocrx_word' id='word_1_434' title='bbox 1899 2789 2135 2846; x_wconf 83' lang='lat' dir='ltr'>easdem</span> <span class='ocrx_word' id='word_1_435' title='bbox 2167 2791 2366 2842; x_wconf 87' lang='lat' dir='ltr'>tamen</span> <span class='ocrx_word' id='word_1_436' title='bbox 2400 2796 2595 2838; x_wconf 87' lang='lat' dir='ltr'>amore</span> <span class='ocrx_word' id='word_1_437' title='bbox 2624 2777 2998 2849; x_wconf 86' lang='lat' dir='ltr'>dignabatur.</span> 
     </span>
    </p>
   </div>
   <div class='ocr_carea' id='block_1_87' title="bbox 1900 2857 3275 2947">
    <p class='ocr_par' dir='ltr' id='par_1_87' title="bbox 1900 2857 3275 2947">
     <span class='ocr_line' id='line_1_87' title="bbox 1900 2857 3275 2947; baseline -0.018 -13"><span class='ocrx_word' id='word_1_438' title='bbox 1900 2880 2186 2934; x_wconf 67' lang='lat' dir='ltr'>Caeterum</span> <span class='ocrx_word' id='word_1_439' title='bbox 2218 2872 2447 2947; x_wconf 84' lang='lat' dir='ltr'>ignavis</span> <span class='ocrx_word' id='word_1_440' title='bbox 2479 2868 2745 2925; x_wconf 92' lang='lat' dir='ltr'>moribus</span> <span class='ocrx_word' id='word_1_441' title='bbox 2774 2861 3101 2931; x_wconf 87' lang='lat' dir='ltr'>solutisque</span> <span class='ocrx_word' id='word_1_442' title='bbox 3129 2857 3275 2920; x_wconf 87' lang='lat' dir='ltr'>erat,</span> 
     </span>
    </p>
   </div>
   <div class='ocr_carea' id='block_1_88' title="bbox 1901 2956 2923 3026">
    <p class='ocr_par' dir='ltr' id='par_1_88' title="bbox 1901 2956 2923 3026">
     <span class='ocr_line' id='line_1_88' title="bbox 1901 2956 2923 3026; baseline -0.019 0"><span class='ocrx_word' id='word_1_443' title='bbox 1901 2968 2128 3026; x_wconf 89' lang='lat' dir='ltr'>deliciis</span> <span class='ocrx_word' id='word_1_444' title='bbox 2158 2967 2391 3021; x_wconf 88' lang='lat' dir='ltr'>deditus</span> <span class='ocrx_word' id='word_1_445' title='bbox 2422 2967 2479 3019; x_wconf 92' lang='lat' dir='ltr'>et</span> <span class='ocrx_word' id='word_1_446' title='bbox 2507 2956 2923 3019; x_wconf 88' lang='lat' dir='ltr'>hilaritatibus,</span> 
     </span>
    </p>
   </div>
   <div class='ocr_carea' id='block_1_89' title="bbox 1902 3040 3032 3129">
    <p class='ocr_par' dir='ltr' id='par_1_89' title="bbox 1902 3040 3032 3129">
     <span class='ocr_line' id='line_1_89' title="bbox 1902 3040 3032 3129; baseline -0.019 -12"><span class='ocrx_word' id='word_1_447' title='bbox 1902 3058 2120 3117; x_wconf 89' lang='lat' dir='ltr'>amoris</span> <span class='ocrx_word' id='word_1_448' title='bbox 2152 3070 2378 3129; x_wconf 89' lang='lat' dir='ltr'>quoque</span> <span class='ocrx_word' id='word_1_449' title='bbox 2408 3049 2694 3108; x_wconf 87' lang='lat' dir='ltr'>obnoxius</span> <span class='ocrx_word' id='word_1_450' title='bbox 2721 3040 3032 3102; x_wconf 83' lang='lat' dir='ltr'>illecebris.</span> 
     </span>
    </p>
   </div>
   <div class='ocr_carea' id='block_1_90' title="bbox 1903 3138 3011 3219">
    <p class='ocr_par' dir='ltr' id='par_1_90' title="bbox 1903 3138 3011 3219">
     <span class='ocr_line' id='line_1_90' title="bbox 1903 3138 3011 3219; baseline -0.019 -13"><span class='ocrx_word' id='word_1_451' title='bbox 1903 3151 2053 3206; x_wconf 91' lang='lat' dir='ltr'>Tum</span> <span class='ocrx_word' id='word_1_452' title='bbox 2086 3146 2399 3219; x_wconf 87' lang='lat' dir='ltr'>dignitates</span> <span class='ocrx_word' id='word_1_453' title='bbox 2428 3138 2761 3198; x_wconf 87' lang='lat' dir='ltr'>conferebat</span> <span class='ocrx_word' id='word_1_454' title='bbox 2792 3140 3011 3189; x_wconf 89' lang='lat' dir='ltr'>temere</span> 
     </span>
    </p>
   </div>
   <div class='ocr_carea' id='block_1_91' title="bbox 1827 3222 3075 3308">
    <p class='ocr_par' dir='ltr' id='par_1_91' title="bbox 1827 3222 3075 3308">
     <span class='ocr_line' id='line_1_91' title="bbox 1827 3222 3075 3308; baseline -0.02 -12"><span class='ocrx_word' id='word_1_455' title='bbox 1827 3236 1870 3305; x_wconf 84' lang='lat' dir='ltr'><strong><em>C</em></strong></span> <span class='ocrx_word' id='word_1_456' title='bbox 1899 3238 2036 3293; x_wconf 90' lang='lat' dir='ltr'>viris</span> <span class='ocrx_word' id='word_1_457' title='bbox 2065 3234 2407 3308; x_wconf 88' lang='lat' dir='ltr'>vulgaribus</span> <span class='ocrx_word' id='word_1_458' title='bbox 2437 3247 2503 3285; x_wconf 91' lang='lat' dir='ltr'>ac</span> <span class='ocrx_word' id='word_1_459' title='bbox 2535 3232 2743 3300; x_wconf 65' lang='lat' dir='ltr'>praeter</span> <span class='ocrx_word' id='word_1_460' title='bbox 2779 3222 3075 3278; x_wconf 89' lang='lat' dir='ltr'>meritum.</span> 
     </span>
    </p>
   </div>
   <div class='ocr_carea' id='block_1_92' title="bbox 1896 3311 3033 3398">
    <p class='ocr_par' dir='ltr' id='par_1_92' title="bbox 1896 3311 3033 3398">
     <span class='ocr_line' id='line_1_92' title="bbox 1896 3311 3033 3398; baseline -0.019 -13"><span class='ocrx_word' id='word_1_461' title='bbox 1896 3326 2104 3384; x_wconf 67' lang='lat' dir='ltr'>Erarii</span> <span class='ocrx_word' id='word_1_462' title='bbox 2137 3339 2370 3398; x_wconf 89' lang='lat' dir='ltr'>quoque</span> <span class='ocrx_word' id='word_1_463' title='bbox 2395 3319 2690 3393; x_wconf 89' lang='lat' dir='ltr'>publicam</span> <span class='ocrx_word' id='word_1_464' title='bbox 2726 3311 3033 3386; x_wconf 83' lang='lat' dir='ltr'>pecuniam</span> 
     </span>
    </p>
   </div>
   <div class='ocr_carea' id='block_1_93' title="bbox 1898 3401 2984 3474">
    <p class='ocr_par' dir='ltr' id='par_1_93' title="bbox 1898 3401 2984 3474">
     <span class='ocr_line' id='line_1_93' title="bbox 1898 3401 2984 3474; baseline -0.019 0"><span class='ocrx_word' id='word_1_465' title='bbox 1898 3418 2083 3474; x_wconf 75' lang='lat' dir='ltr'>effuso</span> <span class='ocrx_word' id='word_1_466' title='bbox 2117 3415 2253 3470; x_wconf 86' lang='lat' dir='ltr'>luxu</span> <span class='ocrx_word' id='word_1_467' title='bbox 2289 3428 2355 3468; x_wconf 92' lang='lat' dir='ltr'>ac</span> <span class='ocrx_word' id='word_1_468' title='bbox 2385 3409 2597 3466; x_wconf 83' lang='lat' dir='ltr'>stolido</span> <span class='ocrx_word' id='word_1_469' title='bbox 2629 3401 2984 3465; x_wconf 64' lang='lat' dir='ltr'>effundebat,</span> 
     </span>
    </p>
   </div>
   <div class='ocr_carea' id='block_1_94' title="bbox 1899 3482 3339 3579">
    <p class='ocr_par' dir='ltr' id='par_1_94' title="bbox 1899 3482 3339 3579">
     <span class='ocr_line' id='line_1_94' title="bbox 1899 3482 3339 3579; baseline -0.021 -16"><span class='ocrx_word' id='word_1_470' title='bbox 1899 3506 1999 3579; x_wconf 91' lang='lat' dir='ltr'>qui</span> <span class='ocrx_word' id='word_1_471' title='bbox 2028 3520 2133 3561; x_wconf 91' lang='lat' dir='ltr'>nec</span> <span class='ocrx_word' id='word_1_472' title='bbox 2164 3499 2444 3558; x_wconf 83' lang='lat' dir='ltr'>Romanis</span> <span class='ocrx_word' id='word_1_473' title='bbox 2476 3497 2651 3552; x_wconf 89' lang='lat' dir='ltr'>rebus</span> <span class='ocrx_word' id='word_1_474' title='bbox 2682 3492 3011 3565; x_wconf 82' lang='lat' dir='ltr'>quidquam</span> <span class='ocrx_word' id='word_1_475' title='bbox 3045 3482 3339 3557; x_wconf 87' lang='lat' dir='ltr'>proderat,</span> 
     </span>
    </p>
   </div>
   <div class='ocr_carea' id='block_1_95' title="bbox 1899 3580 2985 3665">
    <p class='ocr_par' dir='ltr' id='par_1_95' title="bbox 1899 3580 2985 3665">
     <span class='ocr_line' id='line_1_95' title="bbox 1899 3580 2985 3665; baseline -0.02 -12"><span class='ocrx_word' id='word_1_476' title='bbox 1899 3612 2007 3653; x_wconf 88' lang='lat' dir='ltr'>nec</span> <span class='ocrx_word' id='word_1_477' title='bbox 2036 3593 2267 3665; x_wconf 90' lang='lat' dir='ltr'>imperii</span> <span class='ocrx_word' id='word_1_478' title='bbox 2301 3588 2609 3645; x_wconf 91' lang='lat' dir='ltr'>commoda</span> <span class='ocrx_word' id='word_1_479' title='bbox 2640 3580 2985 3652; x_wconf 89' lang='lat' dir='ltr'>adaugebat.</span> 
     </span>
    </p>
   </div>
   <div class='ocr_carea' id='block_1_96' title="bbox 1898 3671 3134 3752">
    <p class='ocr_par' dir='ltr' id='par_1_96' title="bbox 1898 3671 3134 3752">
     <span class='ocr_line' id='line_1_96' title="bbox 1898 3671 3134 3752; baseline -0.021 -10"><span class='ocrx_word' id='word_1_480' title='bbox 1898 3686 2194 3741; x_wconf 80' lang='lat' dir='ltr'>Adversus</span> <span class='ocrx_word' id='word_1_481' title='bbox 2230 3694 2425 3752; x_wconf 88' lang='lat' dir='ltr'>regem</span> <span class='ocrx_word' id='word_1_482' title='bbox 2459 3677 2616 3731; x_wconf 89' lang='lat' dir='ltr'>hunc</span> <span class='ocrx_word' id='word_1_483' title='bbox 2644 3671 2938 3727; x_wconf 87' lang='lat' dir='ltr'>Maniaccs</span> <span class='ocrx_word' id='word_1_484' title='bbox 2969 3680 3134 3720; x_wconf 88' lang='lat' dir='ltr'>arma</span> 
     </span>
    </p>
   </div>
   <div class='ocr_carea' id='block_1_97' title="bbox 1898 3754 3086 3834">
    <p class='ocr_par' dir='ltr' id='par_1_97' title="bbox 1898 3754 3086 3834">
     <span class='ocr_line' id='line_1_97' title="bbox 1898 3754 3086 3834; baseline -0.021 -2"><span class='ocrx_word' id='word_1_485' title='bbox 1898 3773 2193 3832; x_wconf 90' lang='lat' dir='ltr'>rebellans</span> <span class='ocrx_word' id='word_1_486' title='bbox 2226 3766 2471 3825; x_wconf 88' lang='lat' dir='ltr'>sustulit</span> <span class='ocrx_word' id='word_1_487' title='bbox 2500 3764 2850 3834; x_wconf 88' lang='lat' dir='ltr'>congregato</span> <span class='ocrx_word' id='word_1_488' title='bbox 2883 3754 3086 3820; x_wconf 89' lang='lat' dir='ltr'>milite,</span> 
     </span>
    </p>
   </div>
   <div class='ocr_carea' id='block_1_98' title="bbox 1898 3847 3057 3930">
    <p class='ocr_par' dir='ltr' id='par_1_98' title="bbox 1898 3847 3057 3930">
     <span class='ocr_line' id='line_1_98' title="bbox 1898 3847 3057 3930; baseline -0.02 -9"><span class='ocrx_word' id='word_1_489' title='bbox 1898 3869 2180 3921; x_wconf 87' lang='lat' dir='ltr'>strenuus</span> <span class='ocrx_word' id='word_1_490' title='bbox 2209 3859 2527 3930; x_wconf 87' lang='lat' dir='ltr'>imperator</span> <span class='ocrx_word' id='word_1_491' title='bbox 2555 3856 2611 3909; x_wconf 88' lang='lat' dir='ltr'>et</span> <span class='ocrx_word' id='word_1_492' title='bbox 2641 3847 3057 3921; x_wconf 78' lang='lat' dir='ltr'>magnanimus</span> 
     </span>
    </p>
   </div>
   <div class='ocr_carea' id='block_1_99' title="bbox 1900 3936 3105 4013">
    <p class='ocr_par' dir='ltr' id='par_1_99' title="bbox 1900 3936 3105 4013">
     <span class='ocr_line' id='line_1_99' title="bbox 1900 3936 3105 4013; baseline -0.02 -3"><span class='ocrx_word' id='word_1_493' title='bbox 1900 3950 2212 4011; x_wconf 88' lang='lat' dir='ltr'>ductandia</span> <span class='ocrx_word' id='word_1_494' title='bbox 2243 3944 2595 4003; x_wconf 80' lang='lat' dir='ltr'>exercitibus</span> <span class='ocrx_word' id='word_1_495' title='bbox 2618 3938 2846 4013; x_wconf 88' lang='lat' dir='ltr'>jamdiu</span> <span class='ocrx_word' id='word_1_496' title='bbox 2880 3936 3105 3999; x_wconf 81' lang='lat' dir='ltr'>clarus;</span> 
     </span>
    </p>
   </div>
   <div class='ocr_carea' id='block_1_100' title="bbox 1900 4028 3103 4113">
    <p class='ocr_par' dir='ltr' id='par_1_100' title="bbox 1900 4028 3103 4113">
     <span class='ocr_line' id='line_1_100' title="bbox 1900 4028 3103 4113; baseline -0.021 -13"><span class='ocrx_word' id='word_1_497' title='bbox 1900 4044 1999 4100; x_wconf 84' lang='lat' dir='ltr'>sed</span> <span class='ocrx_word' id='word_1_498' title='bbox 2032 4044 2165 4113; x_wconf 82' lang='lat' dir='ltr'>post</span> <span class='ocrx_word' id='word_1_499' title='bbox 2192 4035 2560 4111; x_wconf 82' lang='lat' dir='ltr'>tyrannidem</span> <span class='ocrx_word' id='word_1_500' title='bbox 2594 4029 2757 4085; x_wconf 90' lang='lat' dir='ltr'>nulla</span> <span class='ocrx_word' id='word_1_501' title='bbox 2786 4042 2847 4082; x_wconf 90' lang='lat' dir='ltr'>re</span> <span class='ocrx_word' id='word_1_502' title='bbox 2875 4028 3103 4097; x_wconf 86' lang='lat' dir='ltr'>patrata</span> 
     </span>
    </p>
   </div>
   <div class='ocr_carea' id='block_1_101' title="bbox 1900 4114 3170 4204">
    <p class='ocr_par' dir='ltr' id='par_1_101' title="bbox 1900 4114 3170 4204">
     <span class='ocr_line' id='line_1_101' title="bbox 1900 4114 3170 4204; baseline -0.02 -15"><span class='ocrx_word' id='word_1_503' title='bbox 1900 4134 2137 4204; x_wconf 90' lang='lat' dir='ltr'>repente</span> <span class='ocrx_word' id='word_1_504' title='bbox 2168 4127 2341 4200; x_wconf 90' lang='lat' dir='ltr'>periit</span> <span class='ocrx_word' id='word_1_505' title='bbox 2369 4126 2508 4180; x_wconf 90' lang='lat' dir='ltr'>dum</span> <span class='ocrx_word' id='word_1_506' title='bbox 2544 4135 2800 4194; x_wconf 86' lang='lat' dir='ltr'>pugnam</span> <span class='ocrx_word' id='word_1_507' title='bbox 2831 4114 3170 4171; x_wconf 88' lang='lat' dir='ltr'>instrueret.</span> 
     </span>
    </p>
   </div>
   <div class='ocr_carea' id='block_1_102' title="bbox 1899 4206 3001 4291">
    <p class='ocr_par' dir='ltr' id='par_1_102' title="bbox 1899 4206 3001 4291">
     <span class='ocr_line' id='line_1_102' title="bbox 1899 4206 3001 4291; baseline -0.018 -13"><span class='ocrx_word' id='word_1_508' title='bbox 1899 4222 2045 4278; x_wconf 81' lang='lat' dir='ltr'>Exin</span> <span class='ocrx_word' id='word_1_509' title='bbox 2079 4216 2388 4291; x_wconf 82' lang='lat' dir='ltr'>tyrannide</span> <span class='ocrx_word' id='word_1_510' title='bbox 2416 4210 2725 4268; x_wconf 86' lang='lat' dir='ltr'>Tornicius</span> <span class='ocrx_word' id='word_1_511' title='bbox 2756 4206 3001 4280; x_wconf 91' lang='lat' dir='ltr'>quidam</span> 
     </span>
    </p>
   </div>
   <div class='ocr_carea' id='block_1_103' title="bbox 1900 4287 3249 4380">
    <p class='ocr_par' dir='ltr' id='par_1_103' title="bbox 1900 4287 3249 4380">
     <span class='ocr_line' id='line_1_103' title="bbox 1900 4287 3249 4380; baseline -0.019 -13"><span class='ocrx_word' id='word_1_512' title='bbox 1900 4314 2155 4380; x_wconf 90' lang='lat' dir='ltr'>arrepta,</span> <span class='ocrx_word' id='word_1_513' title='bbox 2185 4307 2255 4362; x_wconf 87' lang='lat' dir='ltr'>ad</span> <span class='ocrx_word' id='word_1_514' title='bbox 2289 4304 2494 4359; x_wconf 90' lang='lat' dir='ltr'>urbem</span> <span class='ocrx_word' id='word_1_515' title='bbox 2525 4299 2743 4369; x_wconf 87' lang='lat' dir='ltr'>regiam</span> <span class='ocrx_word' id='word_1_516' title='bbox 2774 4298 3037 4351; x_wconf 86' lang='lat' dir='ltr'>armatus</span> <span class='ocrx_word' id='word_1_517' title='bbox 3065 4287 3249 4352; x_wconf 84' lang='lat' dir='ltr'>venit,</span> 
     </span>
    </p>
   </div>
   <div class='ocr_carea' id='block_1_104' title="bbox 1900 4380 3172 4462">
    <p class='ocr_par' dir='ltr' id='par_1_104' title="bbox 1900 4380 3172 4462">
     <span class='ocr_line' id='line_1_104' title="bbox 1900 4380 3172 4462; baseline -0.019 -6"><span class='ocrx_word' id='word_1_518' title='bbox 1900 4400 2002 4458; x_wconf 88' lang='lat' dir='ltr'>sed</span> <span class='ocrx_word' id='word_1_519' title='bbox 2030 4398 2246 4462; x_wconf 87' lang='lat' dir='ltr'>victus,</span> <span class='ocrx_word' id='word_1_520' title='bbox 2276 4392 2582 4450; x_wconf 88' lang='lat' dir='ltr'>oculorum</span> <span class='ocrx_word' id='word_1_521' title='bbox 2615 4385 2900 4443; x_wconf 89' lang='lat' dir='ltr'>multatur</span> <span class='ocrx_word' id='word_1_522' title='bbox 2931 4380 3172 4437; x_wconf 89' lang='lat' dir='ltr'>lumine.</span> 
     </span>
    </p>
   </div>
   <div class='ocr_carea' id='block_1_105' title="bbox 1901 4464 3302 4557">
    <p class='ocr_par' dir='ltr' id='par_1_105' title="bbox 1901 4464 3302 4557">
     <span class='ocr_line' id='line_1_105' title="bbox 1901 4464 3302 4557; baseline -0.019 -12"><span class='ocrx_word' id='word_1_523' title='bbox 1901 4486 2143 4546; x_wconf 80' lang='lat' dir='ltr'>Rossica</span> <span class='ocrx_word' id='word_1_524' title='bbox 2182 4487 2458 4557; x_wconf 69' lang='lat' dir='ltr'>praeterea</span> <span class='ocrx_word' id='word_1_525' title='bbox 2487 4484 2689 4535; x_wconf 91' lang='lat' dir='ltr'>contra</span> <span class='ocrx_word' id='word_1_526' title='bbox 2719 4472 3062 4548; x_wconf 82' lang='lat' dir='ltr'>Byzantium</span> <span class='ocrx_word' id='word_1_527' title='bbox 3092 4464 3302 4524; x_wconf 84' lang='lat' dir='ltr'>classis</span> 
     </span>
    </p>
   </div>
   <div class='ocr_carea' id='block_1_106' title="bbox 1825 4560 3143 4668">
    <p class='ocr_par' dir='ltr' id='par_1_106' title="bbox 1825 4560 3143 4668">
     <span class='ocr_line' id='line_1_106' title="bbox 1825 4560 3143 4668; baseline -0.018 -32"><span class='ocrx_word' id='word_1_528' title='bbox 1825 4603 1872 4668; x_wconf 68' lang='grc' dir='ltr'><strong>Β</strong></span> <span class='ocrx_word' id='word_1_529' title='bbox 1904 4576 2239 4636; x_wconf 90' lang='lat' dir='ltr'>adventavit</span> <span class='ocrx_word' id='word_1_530' title='bbox 2270 4570 2590 4645; x_wconf 87' lang='lat' dir='ltr'>plurimum</span> <span class='ocrx_word' id='word_1_531' title='bbox 2620 4566 2839 4623; x_wconf 89' lang='lat' dir='ltr'>vehens</span> <span class='ocrx_word' id='word_1_532' title='bbox 2870 4560 3143 4659; x_wconf 75' lang='lat' dir='ltr'>militem,</span> 
     </span>
    </p>
   </div>
   <div class='ocr_carea' id='block_1_107' title="bbox 1905 4647 3137 4739">
    <p class='ocr_par' dir='ltr' id='par_1_107' title="bbox 1905 4647 3137 4739">
     <span class='ocr_line' id='line_1_107' title="bbox 1905 4647 3137 4739; baseline -0.018 -16"><span class='ocrx_word' id='word_1_533' title='bbox 1905 4684 2032 4739; x_wconf 70' lang='lat' dir='ltr'>qua:</span> <span class='ocrx_word' id='word_1_534' title='bbox 2061 4682 2240 4738; x_wconf 84' lang='lat' dir='ltr'>prope</span> <span class='ocrx_word' id='word_1_535' title='bbox 2268 4660 2461 4718; x_wconf 90' lang='lat' dir='ltr'>omnis</span> <span class='ocrx_word' id='word_1_536' title='bbox 2494 4656 2684 4713; x_wconf 89' lang='lat' dir='ltr'>navali</span> <span class='ocrx_word' id='word_1_537' title='bbox 2717 4652 2914 4725; x_wconf 65' lang='lat' dir='ltr'>prndio</span> <span class='ocrx_word' id='word_1_538' title='bbox 2947 4647 3137 4721; x_wconf 89' lang='lat' dir='ltr'>periit.</span> 
     </span>
    </p>
   </div>
   <div class='ocr_carea' id='block_1_108' title="bbox 1904 4739 3017 4820">
    <p class='ocr_par' dir='ltr' id='par_1_108' title="bbox 1904 4739 3017 4820">
     <span class='ocr_line' id='line_1_108' title="bbox 1904 4739 3017 4820; baseline -0.017 -7"><span class='ocrx_word' id='word_1_539' title='bbox 1904 4760 2054 4814; x_wconf 91' lang='lat' dir='ltr'>Tum</span> <span class='ocrx_word' id='word_1_540' title='bbox 2088 4752 2429 4814; x_wconf 66' lang='lat' dir='ltr'>Patzinacaa,</span> <span class='ocrx_word' id='word_1_541' title='bbox 2463 4764 2607 4820; x_wconf 86' lang='lat' dir='ltr'>gens</span> <span class='ocrx_word' id='word_1_542' title='bbox 2640 4744 2765 4801; x_wconf 89' lang='lat' dir='ltr'>Istri</span> <span class='ocrx_word' id='word_1_543' title='bbox 2800 4739 3017 4807; x_wconf 86' lang='lat' dir='ltr'>accola,</span> 
     </span>
    </p>
   </div>
   <div class='ocr_carea' id='block_1_109' title="bbox 1904 4829 3142 4913">
    <p class='ocr_par' dir='ltr' id='par_1_109' title="bbox 1904 4829 3142 4913">
     <span class='ocr_line' id='line_1_109' title="bbox 1904 4829 3142 4913; baseline -0.017 -10"><span class='ocrx_word' id='word_1_544' title='bbox 1904 4844 2212 4902; x_wconf 85' lang='lat' dir='ltr'>Thraciam</span> <span class='ocrx_word' id='word_1_545' title='bbox 2246 4840 2574 4913; x_wconf 69' lang='lat' dir='ltr'>praedantes</span> <span class='ocrx_word' id='word_1_546' title='bbox 2605 4829 3100 4891; x_wconf 88' lang='lat' dir='ltr'>concursaverunt</span> <span class='ocrx_word' id='word_1_547' title='bbox 3129 4843 3142 4882; x_wconf 93' lang='lat'>:</span> 
     </span>
    </p>
   </div>
   <div class='ocr_carea' id='block_1_110' title="bbox 1905 4918 3092 5008">
    <p class='ocr_par' dir='ltr' id='par_1_110' title="bbox 1905 4918 3092 5008">
     <span class='ocr_line' id='line_1_110' title="bbox 1905 4918 3092 5008; baseline -0.017 -17"><span class='ocrx_word' id='word_1_548' title='bbox 1905 4936 2001 5008; x_wconf 90' lang='lat' dir='ltr'>qui</span> <span class='ocrx_word' id='word_1_549' title='bbox 2034 4938 2232 4989; x_wconf 90' lang='lat' dir='ltr'>tamen</span> <span class='ocrx_word' id='word_1_550' title='bbox 2260 4929 2473 4985; x_wconf 73' lang='lat' dir='ltr'>foedere</span> <span class='ocrx_word' id='word_1_551' title='bbox 2502 4942 2635 4981; x_wconf 88' lang='lat' dir='ltr'>cum</span> <span class='ocrx_word' id='word_1_552' title='bbox 2667 4921 2946 4979; x_wconf 80' lang='lat' dir='ltr'>Romanis</span> <span class='ocrx_word' id='word_1_553' title='bbox 2974 4918 3092 4973; x_wconf 89' lang='lat' dir='ltr'>icto</span> 
     </span>
    </p>
   </div>
   <div class='ocr_carea' id='block_1_111' title="bbox 1908 5013 3092 5090">
    <p class='ocr_par' dir='ltr' id='par_1_111' title="bbox 1908 5013 3092 5090">
     <span class='ocr_line' id='line_1_111' title="bbox 1908 5013 3092 5090; baseline -0.017 -9"><span class='ocrx_word' id='word_1_554' title='bbox 1908 5040 2073 5081; x_wconf 87' lang='lat' dir='ltr'>arma</span> <span class='ocrx_word' id='word_1_555' title='bbox 2103 5020 2447 5090; x_wconf 91' lang='lat' dir='ltr'>bellumque</span> <span class='ocrx_word' id='word_1_556' title='bbox 2477 5017 2713 5071; x_wconf 90' lang='lat' dir='ltr'>demum</span> <span class='ocrx_word' id='word_1_557' title='bbox 2746 5013 3092 5084; x_wconf 88' lang='lat' dir='ltr'>posuerunt.</span> 
     </span>
    </p>
   </div>
   <div class='ocr_carea' id='block_1_112' title="bbox 1911 5102 3143 5179">
    <p class='ocr_par' dir='ltr' id='par_1_112' title="bbox 1911 5102 3143 5179">
     <span class='ocr_line' id='line_1_112' title="bbox 1911 5102 3143 5179; baseline -0.017 -8"><span class='ocrx_word' id='word_1_558' title='bbox 1911 5110 2303 5171; x_wconf 90' lang='lat' dir='ltr'>Monomacho</span> <span class='ocrx_word' id='word_1_559' title='bbox 2335 5112 2618 5179; x_wconf 89' lang='lat' dir='ltr'>regnante</span> <span class='ocrx_word' id='word_1_560' title='bbox 2648 5119 2791 5175; x_wconf 91' lang='lat' dir='ltr'>gens</span> <span class='ocrx_word' id='word_1_561' title='bbox 2819 5102 3143 5156; x_wconf 89' lang='lat' dir='ltr'>Turcarum</span> 
     </span>
    </p>
   </div>
   <div class='ocr_carea' id='block_1_113' title="bbox 1911 5189 3018 5267">
    <p class='ocr_par' dir='ltr' id='par_1_113' title="bbox 1911 5189 3018 5267">
     <span class='ocr_line' id='line_1_113' title="bbox 1911 5189 3018 5267; baseline -0.015 -9"><span class='ocrx_word' id='word_1_562' title='bbox 1911 5202 2198 5267; x_wconf 83' lang='lat' dir='ltr'>Hunnica,</span> <span class='ocrx_word' id='word_1_563' title='bbox 2231 5195 2531 5256; x_wconf 86' lang='lat' dir='ltr'>Caucasiis</span> <span class='ocrx_word' id='word_1_564' title='bbox 2559 5193 2811 5250; x_wconf 90' lang='lat' dir='ltr'>oriunda</span> <span class='ocrx_word' id='word_1_565' title='bbox 2832 5189 3018 5262; x_wconf 88' lang='lat' dir='ltr'>jugis,</span> 
     </span>
    </p>
   </div>
   <div class='ocr_carea' id='block_1_114' title="bbox 1912 5275 3173 5362">
    <p class='ocr_par' dir='ltr' id='par_1_114' title="bbox 1912 5275 3173 5362">
     <span class='ocr_line' id='line_1_114' title="bbox 1912 5275 3173 5362; baseline -0.015 -13"><span class='ocrx_word' id='word_1_566' title='bbox 1912 5291 2159 5351; x_wconf 87' lang='lat' dir='ltr'>Romani</span> <span class='ocrx_word' id='word_1_567' title='bbox 2199 5289 2456 5362; x_wconf 87' lang='lat' dir='ltr'>primum</span> <span class='ocrx_word' id='word_1_568' title='bbox 2487 5283 2721 5357; x_wconf 91' lang='lat' dir='ltr'>imperii</span> <span class='ocrx_word' id='word_1_569' title='bbox 2754 5282 2901 5337; x_wconf 82' lang='lat' dir='ltr'>ﬁnes</span> <span class='ocrx_word' id='word_1_570' title='bbox 2932 5275 3126 5349; x_wconf 88' lang='lat' dir='ltr'>attigit</span> <span class='ocrx_word' id='word_1_571' title='bbox 3158 5291 3173 5329; x_wconf 87' lang='lat'><strong>:</strong></span> 
     </span>
    </p>
   </div>
   <div class='ocr_carea' id='block_1_115' title="bbox 1912 5369 3145 5455">
    <p class='ocr_par' dir='ltr' id='par_1_115' title="bbox 1912 5369 3145 5455">
     <span class='ocr_line' id='line_1_115' title="bbox 1912 5369 3145 5455; baseline -0.015 -16"><span class='ocrx_word' id='word_1_572' title='bbox 1912 5400 2028 5455; x_wconf 91' lang='lat' dir='ltr'>quo</span> <span class='ocrx_word' id='word_1_573' title='bbox 2060 5385 2374 5454; x_wconf 90' lang='lat' dir='ltr'>postquam</span> <span class='ocrx_word' id='word_1_574' title='bbox 2402 5375 2534 5432; x_wconf 94' lang='lat' dir='ltr'>odio</span> <span class='ocrx_word' id='word_1_575' title='bbox 2566 5372 2746 5431; x_wconf 86' lang='lat' dir='ltr'>semel</span> <span class='ocrx_word' id='word_1_576' title='bbox 2778 5376 2868 5427; x_wconf 89' lang='lat' dir='ltr'>est</span> <span class='ocrx_word' id='word_1_577' title='bbox 2895 5369 3145 5434; x_wconf 89' lang='lat' dir='ltr'>imbuta,</span> 
     </span>
    </p>
   </div>
   <div class='ocr_carea' id='block_1_116' title="bbox 1913 5458 3130 5539">
    <p class='ocr_par' dir='ltr' id='par_1_116' title="bbox 1913 5458 3130 5539">
     <span class='ocr_line' id='line_1_116' title="bbox 1913 5458 3130 5539; baseline -0.015 -11"><span class='ocrx_word' id='word_1_578' title='bbox 1913 5471 2143 5528; x_wconf 91' lang='lat' dir='ltr'>nullum</span> <span class='ocrx_word' id='word_1_579' title='bbox 2170 5470 2297 5539; x_wconf 90' lang='lat' dir='ltr'>jam</span> <span class='ocrx_word' id='word_1_580' title='bbox 2331 5466 2467 5521; x_wconf 82' lang='lat' dir='ltr'>fecit</span> <span class='ocrx_word' id='word_1_581' title='bbox 2493 5464 2898 5521; x_wconf 87' lang='lat' dir='ltr'>incursionum</span> <span class='ocrx_word' id='word_1_582' title='bbox 2928 5458 3130 5513; x_wconf 79' lang='lat' dir='ltr'>finem.</span> 
     </span>
    </p>
   </div>
   <div class='ocr_carea' id='block_1_117' title="bbox 1916 5546 3203 5626">
    <p class='ocr_par' dir='ltr' id='par_1_117' title="bbox 1916 5546 3203 5626">
     <span class='ocr_line' id='line_1_117' title="bbox 1916 5546 3203 5626; baseline -0.016 -8"><span class='ocrx_word' id='word_1_583' title='bbox 1916 5563 2087 5619; x_wconf 89' lang='lat' dir='ltr'>Porro</span> <span class='ocrx_word' id='word_1_584' title='bbox 2117 5559 2176 5614; x_wconf 91' lang='lat' dir='ltr'>hi</span> <span class='ocrx_word' id='word_1_585' title='bbox 2211 5559 2282 5614; x_wconf 91' lang='lat' dir='ltr'>de</span> <span class='ocrx_word' id='word_1_586' title='bbox 2320 5558 2507 5613; x_wconf 67' lang='lat' dir='ltr'>boreae</span> <span class='ocrx_word' id='word_1_587' title='bbox 2535 5552 2831 5626; x_wconf 91' lang='lat' dir='ltr'>quomodo</span> <span class='ocrx_word' id='word_1_588' title='bbox 2861 5546 3203 5621; x_wconf 88' lang='lat' dir='ltr'>regionibus</span> 
     </span>
    </p>
   </div>
   <div class='ocr_carea' id='block_1_118' title="bbox 1914 5633 3347 5724">
    <p class='ocr_par' dir='ltr' id='par_1_118' title="bbox 1914 5633 3347 5724">
     <span class='ocr_line' id='line_1_118' title="bbox 1914 5633 3347 5724; baseline -0.016 -14"><span class='ocrx_word' id='word_1_589' title='bbox 1914 5671 2020 5710; x_wconf 87' lang='lat' dir='ltr'>ceu</span> <span class='ocrx_word' id='word_1_590' title='bbox 2055 5650 2239 5724; x_wconf 84' lang='lat' dir='ltr'>pestis</span> <span class='ocrx_word' id='word_1_591' title='bbox 2270 5648 2537 5719; x_wconf 64' lang='lat' dir='ltr'>quaedam</span> <span class='ocrx_word' id='word_1_592' title='bbox 2570 5643 2765 5699; x_wconf 90' lang='lat' dir='ltr'>omine</span> <span class='ocrx_word' id='word_1_593' title='bbox 2797 5641 2949 5698; x_wconf 90' lang='lat' dir='ltr'>tristi</span> <span class='ocrx_word' id='word_1_594' title='bbox 2982 5633 3347 5702; x_wconf 85' lang='lat' dir='ltr'>advenerint,</span> 
     </span>
    </p>
   </div>
   <div class='ocr_carea' id='block_1_119' title="bbox 1906 5726 3382 5817">
    <p class='ocr_par' dir='ltr' id='par_1_119' title="bbox 1906 5726 3382 5817">
     <span class='ocr_line' id='line_1_119' title="bbox 1906 5726 3382 5817; baseline -0.015 -17"><span class='ocrx_word' id='word_1_595' title='bbox 1906 5746 2195 5817; x_wconf 85' lang='lat' dir='ltr'>juxtaque</span> <span class='ocrx_word' id='word_1_596' title='bbox 2226 5757 2332 5797; x_wconf 91' lang='lat' dir='ltr'>nos</span> <span class='ocrx_word' id='word_1_597' title='bbox 2361 5736 2710 5804; x_wconf 87' lang='lat' dir='ltr'>assederint,</span> <span class='ocrx_word' id='word_1_598' title='bbox 2744 5732 3060 5790; x_wconf 89' lang='lat' dir='ltr'>dicendum</span> <span class='ocrx_word' id='word_1_599' title='bbox 3091 5726 3382 5799; x_wconf 86' lang='lat' dir='ltr'>superest.</span> 
     </span>
    </p>
   </div>
   <div class='ocr_carea' id='block_1_120' title="bbox 3424 378 3529 435">
    <p class='ocr_par' dir='ltr' id='par_1_120' title="bbox 3424 378 3529 435">
     <span class='ocr_line' id='line_1_120' title="bbox 3424 378 3529 435; baseline -0.019 0"><span class='ocrx_word' id='word_1_600' title='bbox 3424 378 3529 435; x_wconf 85' lang='grc'>126</span> 
     </span>
    </p>
   </div>
  </div>
