4208 6430
674 394 779 452 127
1879 397 2253 452 EPHREMII
2289 395 2860 459 CHBONOGBAPHI

672 518 931 576 Persidis
962 518 1235 592 princeps
1266 519 1639 575 Mahumetus
1672 518 1909 574 nomine

674 607 893 664 bellum
927 623 1201 663 exercens
1232 624 1365 663 cum
1386 608 1736 679 Babyloniis

674 700 847 768 atque
880 712 1013 751 cum
1049 696 1209 752 Indis
1241 696 1512 751 hostibus
1544 696 1845 751 acerrimis

672 785 999 841 Turearum
1026 784 1239 839 auxilio
1271 801 1392 839 rem
1427 785 1573 839 bene
1602 784 1803 856 gessit.

678 875 860 944 [gitur
889 874 1073 927 victor
1102 890 1237 927 cum
1272 874 1362 928 his
1391 890 1696 943 regressus

673 963 741 1017 ad
778 964 1172 1033 principatum
1206 978 1378 1015 suum
1412 962 1786 1015 Mahumetus

670 1050 859 1106 socios
892 1052 961 1105 ad
997 1050 1292 1123 propriam
1326 1066 1589 1105 remeare
1622 1051 1867 1121 patriam

672 1137 931 1207 nolebat,
962 1140 1243 1210 quoniam
1277 1139 1448 1195 utiles
1480 1143 1863 1210 compererat.

670 1226 858 1289 Quare
889 1227 947 1282 hi
984 1228 1120 1299 fuga
1150 1233 1378 1282 montes
1410 1229 1755 1298 petiverunt,

670 1314 869 1386 ibique
898 1316 1079 1370 vitam
1113 1316 1455 1387 aliquandiu
1490 1315 1816 1370 tolerarunt
1844 1332 1859 1370 :

669 1418 804 1458 mox
834 1404 1249 1475 praedabantur
1276 1404 1523 1458 vicinam
1557 1405 1875 1473 regionem,

667 1507 863 1562 agros,
897 1493 1094 1561 urbes,
1129 1508 1421 1564 pagosque
1448 1494 1869 1564 Agarenorum.

665 1580 814 1650 Ergo
845 1586 1173 1637 contractos
1207 1582 1583 1637 Mahumetus
1616 1582 1829 1637 milites

668 1668 871 1739 viginti
908 1669 1069 1724 mille
1098 1676 1301 1725 contra
1332 1672 1552 1725 Turcas
1585 1671 1789 1737 mittit;

664 1758 765 1812 sed
800 1774 918 1813 una
951 1763 1118 1815 nocte
1148 1760 1342 1815 cuncti
1376 1776 1408 1814 a
1437 1759 1640 1814 Turcis
1671 1767 1910 1831 pereunt
1948 1776 1961 1813 :

665 1846 763 1916 qui
788 1847 914 1917 jam
944 1848 1195 1903 audaces
1228 1848 1336 1903 hac
1361 1848 1603 1904 victoria
1633 1848 1846 1903 redditi

662 1941 862 2007 aperto
894 1942 1080 1993 marte
1110 1952 1309 2008 gerere
1339 1936 1557 1993 bellum
1590 1937 1899 2007 incipiunt.

658 2029 715 2079 et
744 2040 877 2079 cum
912 2025 1245 2080 Mahumeto
1276 2025 1559 2081 consertis
1590 2027 1885 2093 manibus,

654 2112 849 2184 ipsum
879 2114 1175 2185 occidunt,
1209 2115 1519 2186 potiuntur
1549 2116 1781 2182 castris,

654 2206 832 2273 atque
862 2205 1161 2274 Agarenos
1190 2203 1446 2274 spoliant
1478 2204 1744 2275 imperio,

651 2307 892 2362 suaeque
922 2293 1083 2363 genti
1116 2292 1411 2362 publicam
1446 2309 1567 2348 rem
1598 2292 1920 2361 vindicant,

646 2380 943 2449 Agarenos
976 2386 1171 2436 autem
1205 2381 1317 2436 sibi
1353 2382 1573 2436 faciunt
1605 2382 1895 2437 subditos.

648 2468 1074 2525 Monomacbus
1105 2471 1530 2542 Manganorum
1564 2471 1989 2527 monasterium

647 2558 893 2630 pulchro
924 2559 1201 2631 varioque
1232 2575 1404 2631 opere
1437 2560 1789 2632 praefulgens

647 2646 805 2703 laute
836 2648 1111 2704 excitavit
1142 2649 1412 2704 maximis
1440 2650 1727 2721 impensis

648 2737 955 2793 viotorioso
987 2739 1229 2810 martyri
1263 2739 1547 2809 Georgio;

645 2824 846 2895 ibique
875 2825 992 2881 vim
1020 2826 1306 2895 ingentem
1342 2827 1600 2897 profudit
1630 2844 1830 2901 opum,

640 2912 863 2969 talenta
895 2915 1082 2971 multa
1111 2915 1199 2970 vel
1232 2918 1430 2987 potius
1462 2917 1792 2973 innumera.

640 3003 906 3073 Cumque
938 3004 1054 3060 alia
1085 3022 1292 3061 rursus
1323 3006 1612 3078 indigeret
1642 3007 1912 3079 pecunia,

641 3093 1033 3161 periculosam
1067 3094 1249 3149 aleam
1282 3101 1531 3160 tractare
1564 3098 1759 3167 ccepit.

640 3180 1001 3245 Quibusdam
1035 3183 1192 3238 enim
1226 3185 1459 3255 pepulis
1491 3186 1615 3241 ideo
1648 3186 2015 3243 immunibus

642 3270 783 3340 quia
812 3270 1050 3327 tuendis
1082 3270 1470 3344 invigilabant
1502 3274 1742 3340 finibus,

640 3362 698 3413 et
730 3358 1016 3415 Barbaros
1047 3376 1285 3415 accessu
1322 3362 1712 3432 prohibebant

639 3446 930 3502 tributum
962 3448 1175 3503 indixit
1204 3456 1262 3504 et
1290 3451 1535 3522 vectigal
1567 3469 1830 3507 annuum
1867 3470 1879 3509 :

640 3539 699 3591 et
730 3535 809 3590 sic
842 3536 1104 3592 locorum
1138 3539 1392 3608 perdidit
1422 3542 1717 3595 custodes.

640 3628 829 3696 Atque
860 3624 997 3680 hinc
1020 3626 1294 3683 Barbarie
1324 3627 1510 3685 facilis
1543 3629 1847 3701 ingressus

640 3714 699 3769 in
743 3714 1141 3771 Romanorum
1173 3721 1360 3772 terras
1392 3718 1602 3773 deinde
1635 3721 1845 3790 patuit.

871 3830 1266 3887 THEODORA
1306 3832 1399 3886 ET
1437 3833 1762 3890 MICHAEL
1802 3837 1921 3892 AN.
1964 3838 2059 3894 ΙΙῐ.

642 3930 961 3999 Postquam
994 3930 1245 3985 excessit
1274 3945 1304 3985 e
1334 3930 1479 3986 vivis
1510 3933 1953 4001 Monomachus,

638 4033 911 4088 purpurae
943 4017 1223 4073 ﬂosculus
1255 4018 1559 4076 Theodore
1588 4023 1750 4093 virgo

640 4105 1035 4161 Romanorum
1071 4111 1366 4178 sceptrum
1399 4114 1628 4179 gestare
1659 4112 1853 4183 ccepit,

638 4195 709 4249 ad
744 4210 925 4266 quam
958 4196 1181 4267 potiore
1206 4197 1339 4267 jure
1378 4198 1730 4269 pertinebat.

640 4284 767 4338 Hec
800 4286 1160 4340 monasterio
1192 4288 1411 4342 teneris
1441 4288 1512 4343 ab
1539 4288 1709 4344 annis

636 4380 825 4429 semet
853 4374 1232 4443 concludens,
1268 4381 1555 4447 tonsaque
1584 4378 1850 4450 capillos,

636 4460 853 4517 Christi
889 4464 1230 4534 conjugium
1261 4481 1496 4520 sacrum
1528 4473 1964 4538 praeoptaverat.

635 4549 805 4607 Nunc
836 4551 1035 4622 regina
1065 4551 1399 4624 splendida,
1424 4555 1868 4625 jucundissima

632 4640 1039 4712 virtutumque
1069 4642 1380 4698 ornatibus
1412 4644 1704 4713 decorata,

628 4729 856 4799 hilaris,
890 4730 1341 4802 gloriosissima,
1378 4739 1659 4804 perpetua
1685 4736 1871 4808 virgo.

629 4820 765 4885 Qum
798 4835 928 4874 cum
960 4819 1298 4890 imperium,
1335 4826 1398 4877 ut
1422 4822 1565 4888 dixi,
1598 4824 1864 4897 adiisset,

628 4914 845 4963 cuncta
876 4925 980 4980 pro
1012 4925 1118 4964 suo
1150 4910 1377 4966 naviter
1406 4912 1643 4983 gerebat
1676 4930 1939 4985 munere,

627 4998 857 5052 virilem
894 5014 1009 5068 pre
1041 5014 1105 5054 se
1136 4999 1327 5054 ferens
1358 5000 1475 5055 vim
1508 5019 1574 5057 ac
1615 5004 1915 5074 spiritum,

627 5093 692 5142 ut
720 5087 824 5142 illa
856 5087 1022 5142 fortis
1054 5088 1348 5145 celebrata
1380 5090 1625 5147 Debora.

628 5176 691 5233 In
723 5176 1009 5232 tribunali
1042 5178 1257 5250 quippe
1288 5180 1531 5235 sedebat
1562 5183 1721 5254 regio

626 5265 817 5321 aulica
851 5282 1066 5337 pompa
1096 5268 1563 5340 custodibusque
1594 5271 1786 5328 cincta

626 5354 962 5427 reipublicae
990 5357 1258 5428 gerendas
1290 5358 1642 5427 impendens
1668 5378 1870 5419 curam

624 5444 809 5515 aquis
840 5461 977 5500 cum
1007 5443 1239 5515 legibus
1261 5447 1630 5520 judiciisque
1661 5453 1860 5524 rectis,

624 5533 819 5589 officia
850 5550 1084 5606 quoque
1116 5534 1340 5592 utiliter
1367 5538 1698 5609 conferens,

694 5711 813 5783 (45)
845 5712 991 5785 Lege
1023 5714 1305 5770 Zonaram
1345 5715 1515 5789 XVII,
1544 5717 1639 5776 20.

2346 516 2403 583 Α
2431 520 2573 577 3135
2609 523 2946 597 Μουχούμετ
2975 522 3110 598 ἀνὴρ
3142 522 3368 598 ἡγεμὼν
3397 528 3498 593 τῆς
3530 519 3795 597 Περσίδος

2603 612 2811 686 Ἤρατο
2848 614 3035 688 μάχην
3065 614 3204 668 κατὰ
3235 608 3602 668 Βαϐυλωνίων

2601 698 2786 755 Ἰνδῶν
2817 703 2866 755 θ’
2895 703 3071 774 ἑαυτῷ
3102 700 3380 773 δυσμενῶν
3421 699 3753 771 ἀντιπάλων,

2602 790 2680 842 Δι’
2713 791 2785 843 ὧν
2818 795 3115 866 τροποῦται
3141 789 3270 853 τοὺς
3299 789 3530 864 ἐχθροὺς
3551 790 3687 843 κατὰ
3710 789 3930 861 κράτος.

2600 880 2920 955 Νικηφόρος
2952 884 3086 953 γοῦν
3120 879 3211 932 σὺν
3245 880 3426 955 σφίσιν
3456 879 3748 953 ἀφιγμένος

2419 965 2563 1019 3140
2602 968 2745 1041 Πρὸς
2774 970 2874 1035 τήν
2904 968 3095 1022 ἑαυτοῦ
3123 967 3459 1041 Μουχούμετ
3490 966 3799 1039 ἐθναρχίαν,

2599 1052 3051 1128 Παλινδρομῆσαι
3083 1058 3219 1131 πρὸς
3245 1053 3482 1126 πατρίδα
3512 1054 3844 1128 συμμάχους

2596 1143 2807 1199 Οὐκοῦν
2844 1144 3033 1217 μεθῄει
3069 1144 3380 1219 χρησίμους
3412 1140 3815 1217 δεδειγμένους·

2600 1232 2753 1295 Ὅθεν
2782 1233 3035 1309 φυγόντες
3065 1230 3366 1306 ἀνέδραμον
3400 1232 3476 1292 εἷς
3508 1226 3635 1305 ὅρη,

2595 1321 2697 1376 Καὶ
2725 1320 2857 1394 τῇδε
2884 1324 2982 1391 τήν
3017 1320 3225 1376 δίαιταν
3258 1321 3409 1395 εἶχον
3444 1320 3495 1374 ἐν
3529 1320 3735 1395 χρόνῳ,

2418 1409 2559 1463 3145
2597 1412 2702 1464 Καὶ
2730 1410 3007 1471 κατιόντες
3037 1408 3333 1481 κατεδῄουν
3359 1410 3428 1463 τὰ
3454 1408 3630 1483 πέριξ,

2593 1496 2842 1572 Ἀγροὺς,
2874 1498 3089 1567 πόλεις,
3120 1500 3311 1571 κώμας
3343 1518 3402 1551 τε
3429 1500 3537 1551 τῶν
3570 1495 3630 1550 lx
3655 1501 3757 1565 τῆς
3784 1497 3982 1569 ”Αγαρ·

2595 1590 2920 1660 Στράτευμα
2946 1588 3126 1642 τοίνυν
3160 1586 3475 1661 εὐτρεπίσας
3518 1584 3859 1659 Μουχούμετ

2594 1673 2824 1730 ΣτέλΛει
2853 1677 2968 1729 κατ’
3000 1676 3175 1729 αὐτῶν
3215 1672 3480 1749 μυριάδας
3509 1695 3614 1728 που
3648 1672 3765 1727 δύο·

2590 1765 2659 1819 "0
2689 1764 2881 1824 νυκτὸς
2910 1761 3079 1838 ἄρδην
3110 1770 3227 1825 τοῖς
3257 1763 3526 1835 Τούρκοις
3556 1763 3887 1839 κατεσφάγη·

2338 1880 2385 1945 Β
2416 1851 2556 1906 3150
2594 1851 2710 1906 Κάκ
2738 1850 2897 1907 τοῦδε
2926 1854 3142 1926 θρασεῖς
3172 1856 3237 1925 τῇ
3269 1853 3395 1925 νίκῃ
3428 1848 3783 1945 δεδειγμένοι,

2595 1940 2693 1993 Καὶ
2723 1942 2822 2009 τὴν
2852 1943 2987 1995 κατὰ
3016 1942 3314 2015 πρόσωπον
3349 1940 3537 1993 ἱστῶσι
3570 1938 3779 2013 μάχην·

2593 2030 2688 2083 Καὶ
2724 2028 3129 2101 συμπλακέντες
3155 2032 3290 2084 κατὰ
3325 2030 3511 2103 μάχην
3545 2026 3925 2101 Μουχούμετ’,

2589 2118 2903 2173 Κτείνουσιν
2935 2120 3101 2173 αὐτὸν
3132 2120 3218 2173 καὶ
3252 2122 3508 2191 κρατοῦσι
3536 2120 3633 2171 τοῦ
3661 2116 3856 2173 τόπου.

2588 2210 2979 2285 ’Δποστεροῦσι
3002 2215 3102 2265 τοῦ
3132 2211 3363 2283 κράτους
3389 2210 3517 2270 τοὺς
3550 2208 3600 2279 EE
3629 2212 3815 2284 Ἅγαρ,

2407 2299 2549 2354 3155
2588 2298 2689 2354 Καὶ
2718 2303 2880 2354 τοῦτο
2910 2300 3217 2375 χειρίζουσι
3247 2304 3365 2360 τοῖς
3396 2298 3456 2353 έκ
3482 2302 3579 2353 τοῦ
3611 2298 3828 2372 γένους,

2586 2387 2729 2449 Τοὺς
2760 2385 2806 2441 δ’
2840 2388 3171 2463 Ἀγαρηνοὺς
3203 2386 3365 2463 ἔσχον
3401 2387 3477 2449 εἷς
3512 2388 3812 2456 ὑπηκόους.

2583 2476 2755 2538 Οὗτος
2789 2476 3043 2552 βασιλεὺς
3074 2476 3163 2531 καὶ
3199 2479 3370 2549 μονὴν
3402 2480 3509 2531 τῶν
3544 2473 3851 2549 Μαγγάνων

2585 2571 2858 2640 Ἔχουσαν
2892 2565 2948 2621 εὖ
2980 2564 3221 2628 κάλλους
3252 2587 3311 2620 τε
3339 2564 3428 2620 καὶ
3461 2563 3741 2627 ποικιλίας

2584 2656 2805 2729 Ἠγειρε
2837 2654 3108 2729 λαμπρῶς
3134 2653 3394 2728 ἀφθόνοις
3426 2654 3745 2728 χορηγίαις]

2402 2746 2543 2800 3160
2584 2744 2840 2818 Γεωργίῳ
2874 2746 3105 2817 μάρτυρι
3136 2748 3213 2815 τῷ
3245 2743 3574 2815 καλλινίκῳ,

2584 2832 2673 2886 Ἐν
2705 2831 2739 2903 ᾔ
2776 2831 2973 2905 μυρίας
3006 2831 3255 2885 ἀνάλωσε
3285 2828 3522 2892 δαπάνας

2579 2917 3036 2980 Πολυταλάντους
3064 2918 3152 2973 καὶ
3186 2916 3408 2994 δυσαριθ
3419 2939 3522 2991 μου
3532 2918 3713 2989 μένας.

2581 3007 2731 3065 Ἐπεὶ
2765 3005 2812 3061 δ’
2843 3004 3017 3062 ἐδεῖτο
3047 3008 3353 3082 χρημάτων
3388 3005 3575 3061 ἄλλων
3604 3004 3791 3075 πάλιν,

2578 3097 2811 3171 Ἤρξατο
2843 3102 3011 3151 κινεῖν
3044 3093 3077 3149 ἃ
3114 3101 3280 3151 κινεῖν
3310 3095 3408 3150 οὐκ
3436 3095 3503 3163 ἦν
3536 3092 3676 3149 δέον·

2399 3187 2540 3241 3165
2577 3188 2793 3260 Χώραις
2819 3187 2923 3259 γὰρ
2954 3184 3201 3239 ἀτέλειαν
3235 3183 3533 3258 αὐχούσαις
3562 3183 3770 3251 τόπων,

2324 3240 2368 3307 C
2448 3240 2453 3241 7
2484 3240 2489 3241 7
2518 3240 2527 3241 7
2574 3240 2952 3348 έῗςιφυλάκην
2985 3272 3041 3328 δὲ
3075 3240 3458 3333 συντελοίζσαις
3490 3240 3660 3325 πάλαι

2575 3362 2682 3418 Καὶ
2712 3361 3056 3424 κωλυούσαις
3090 3356 3395 3436 Βαρϐάροις
3433 3359 3528 3423 τὰς
3566 3356 3805 3429 ἐξόδους,

2577 3450 2827 3523 Δασμοὺς
2859 3450 3060 3512 ἐπιθεὶς
3090 3452 3181 3505 καὶ
3214 3450 3415 3527 φόρους
3443 3449 3572 3509 τοὺς
3604 3447 3673 3502 δι’
3705 3446 3879 3518 ἔτους,

2576 3538 2858 3615 Φρουροὺς
2889 3544 3145 3614 καταργεῖ
3178 3538 3267 3593 καὶ
3298 3544 3643 3609 κατοπτῆρας
3672 3536 3879 3592 τόπων.

2396 3630 2539 3684 3170
2576 3629 2689 3683 Κάκ
2717 3626 2878 3683 τοῦδε
2906 3628 3097 3683 λοιπὸν
3131 3625 3376 3703 πάροδος
3406 3632 3525 3688 τοῖς
3556 3620 3862 3701 Βαρϐάροις

2575 3717 2807 3794 Ὑπῆρξε
2838 3717 3005 3793 ῥᾴστη
3038 3714 3347 3790 Ῥωμαΐδος
3375 3718 3512 3792 πρὸς
3544 3715 3767 3776 τόπους.

2682 3835 2998 3890 ΘΕΟΔΩΡΑ
3054 3834 3173 3889 ΚΑΙ
3222 3834 3505 3888 ΜΙΧΑΗΑ
3543 3833 3657 3888 ET.
3698 3832 3769 3886 1".

2574 3939 2920 4013 Μονομάχου
2953 3935 3010 3992 δὶ
3037 3938 3130 3992 τὸν
3164 3937 3277 4013 βίον
3312 3934 3667 4008 λελοιπότος,

2575 4028 2650 4083 Τὰ
2679 4029 2966 4100 Ῥωμαϊκά
2996 4034 3246 4103 σκῆπτρα
3270 4021 3690 4101 παραλαμϐάνει

2576 4119 2638 4175 Ἦ
2670 4117 3057 4193 πορφυρανθής
3086 4114 3349 4191 παρθένος
3383 4114 3658 4185 Θιοδώρα,

2395 4209 2537 4265 3175
2574 4206 2761 4280 Ταύτῃ
2794 4203 3117 4283 διαφέροντα
3149 4205 3361 4278 μᾶλλον
3390 4202 3655 4279 πατρόθεν
3690 4205 3823 4277 (45)’

2571 4298 2727 4357 ’Ἡτις
2764 4299 2904 4367 μονῇ
2934 4315 2992 4349 τε
3019 4294 3110 4349 καὶ
3146 4299 3421 4368 μοναχαῖς
3458 4290 3711 4347 παιδόθεν

2574 4382 2821 4441 Ἐκδοῦσ’
2850 4385 3044 4452 έαυτήν
3077 4384 3165 4438 καὶ
3193 4384 3361 4458 τρίχα
3387 4384 3684 4458 κειραμένη

2572 4476 2789 4548 Χριστῷ
2820 4472 3121 4548 καθιέρωτο
3152 4472 3307 4543 καλῷ
3336 4472 3575 4549 νυμφίῳ,

2573 4562 2800 4624 Βασιλὶς
2830 4561 3185 4635 έκλαμπουσα
3210 4568 3329 4625 ταῖς
3357 4560 3632 4637 ἀγλαΐαις,

2395 4656 2536 4711 3180
2573 4658 2704 4714 Ταῖς
2732 4654 2936 4726 ἀρετῶν
2965 4654 3185 4727 χάρισιν
3211 4651 3550 4725 ὡραϊσμένη,

2578 4739 2811 4815 Φαιδρά,
2844 4739 3092 4813 κυδίστη,
3124 4740 3390 4815 παρθένος
3420 4738 3509 4795 διὰ
3554 4740 3694 4815 βίου.

2574 4838 2737 4905 ’Ἄρτι
2770 4829 2827 4885 δὲ
2854 4830 3076 4905 κράτος,
3108 4831 3183 4891 ὡς
3212 4827 3368 4907 ἔφην,
3404 4827 3666 4902 δεξαμένη

2574 4922 2804 4979 ’Δπαντ’
2832 4918 3004 4974 ἐποίει
3032 4920 3100 4974 τὰ
3129 4921 3477 4995 προσήκοντα
3504 4920 3713 4993 κράτει,

2576 5017 2655 5081 Λῆ
2669 5012 2723 5083 μ’
2753 5009 3059 5085 ἀρρενωπὸν
3094 5007 3412 5063 δεικνύουσα
3438 5007 3527 5063 καὶ
3560 5008 3767 5080 σθένος,

2395 5104 2537 5159 3185
2574 5102 2662 5162 Ὠς
2695 5099 3041 5177 ἀῤῥενόφρων
3070 5095 3293 5173 Δεϐώρα
3324 5098 3695 5171 θρυλουμένη.

2574 5196 2825 5258 Καθῆστο
2854 5189 2943 5243 καὶ
2974 5188 3078 5263 γὰρ
3108 5187 3160 5242 έν
3198 5186 3465 5263 βασιλείῳ
3497 5186 3677 5261 θρόνῳ

2572 5277 2909 5357 Δορυφορίας
2944 5276 3236 5352 βασιλικῆς
3264 5278 3533 5352 ἠγμένης,

2572 5371 2965 5425 Ἐπιστατοῦσα
2992 5372 3109 5428 τοῖς
3141 5364 3298 5429 ὅλοις
3327 5364 3508 5441 ὥσπερ
3540 5362 3682 5437 δέον,

2574 5458 2679 5513 Σὺν
2712 5457 2941 5530 εὐνομίᾳ
2968 5455 3057 5511 καὶ
3090 5454 3476 5531 δικαιοκρισίᾳ,

2393 5551 2535 5607 3190
2572 5548 3096 5623 Ἀρχαιρεσιάζουσα
3125 5546 3265 5621 πρὸς
3287 5546 3351 5600 τὸ
3381 5546 3680 5622 συμφέρον,

2318 4610 2365 4675 D

3972 400 4087 458 128
