4208 6430
139 379 237 436 189

314 507 556 583 Ψήφους
593 512 800 570 τιθεῖσα
830 507 920 561 καὶ
953 505 1104 568 δίκας
1133 507 1269 560 κατὰ
1299 505 1488 579 λόγον,

316 595 430 650 Καὶ
464 594 764 669 βασιλικῶς
795 595 1215 670 χρηματίζουσι
1238 594 1403 648 πάλιν

309 685 454 746 Τοῖς
487 679 772 760 πρέσϐεσιν
806 684 1031 752 ἥκουσιν
1063 685 1115 754 ἐξ
1149 685 1458 759 ἐθναρχίας.

310 772 531 829 Οὐκοῦν
560 775 690 834 Θεὸς
717 771 972 827 κύδιστον
1001 771 1257 844 εὔδαιμον
1286 774 1482 848 κράτος

130 861 269 915 3195
311 861 599 936 Παρέσχεν
633 861 770 934 αὐτῇ
803 861 1052 938 φυλακῆς
1083 863 1243 936 χάριν
1274 863 1482 933 νόμων,

309 951 504 1004 Αὐτοῦ
533 971 591 1005 τε
621 952 830 1004 σεπτῶν
864 951 1056 1005 ένΘέων
1089 951 1523 1025 προσταγμάτων

310 1038 421 1095 Καὶ
451 1035 725 1092 συνδιεῖπε
753 1037 888 1111 τῇδε
916 1039 1015 1106 τήν
1043 1038 1405 1113 κραταρχίαν,

309 1125 392 1184 Εὖ
421 1127 593 1181 πάντα
616 1128 789 1190 τιθεὶς
815 1127 892 1187 ὡς
922 1127 1052 1188 Θεὸς
1084 1128 1493 1201 παντοκράτωρ*

308 1217 392 1270 Οὐ
421 1217 524 1291 γάρ
555 1217 678 1270 ποτ’
706 1217 858 1270 ὧπτο
887 1213 1052 1284 τῆσδε
1080 1216 1385 1291 κρατούσης
1417 1215 1563 1276 ὅλως

130 1306 270 1362 3200
315 1305 663 1375 Ἀποστάτης
690 1327 775 1368 τις
870 1303 1189 1380 τυραννίδος
1223 1304 1439 1380 ῥέκτης,

309 1393 432 1451 Οὐκ
463 1392 704 1468 ἆνδρομή
738 1415 820 1455 τις
851 1393 1067 1462 ἐθνικῆς
1100 1394 1409 1468 ὁμαιχμίας

314 1481 509 1539 Ὅπλα
536 1483 795 1552 κινούσης
827 1485 962 1537 κατᾶ
993 1483 1279 1550 Ῥωμαίων
1308 1485 1560 1556 κράτους,

315 1571 392 1625 Οὐ
425 1568 686 1646 δυσχερές
719 1593 770 1625 τι
802 1573 891 1625 καὶ
923 1572 1219 1646 πρόσαντες
1249 1577 1328 1644 τῷ
1363 1573 1486 1647 βίῳ.

315 1661 501 1717 Πάντα
532 1657 590 1714 δὲ
617 1659 760 1714 καλὰ
789 1662 879 1714 καὶ
911 1659 1065 1715 πλέω
1099 1659 1392 1733 θυμηδίας,

133 1750 274 1804 3205
316 1750 492 1820 Ὠρῶν
524 1750 715 1822 κράσις
748 1750 1028 1823 εὔκρατος,
1059 1750 1331 1824 εὐετηρία,

316 1838 564 1907 Εύθηνία
590 1838 932 1912 πάγκαρπος,
963 1835 1194 1916 ἄφθονος
1221 1840 1402 1914 χύσις,

314 1927 417 1982 Καὶ
445 1933 514 2000 γῆ
553 1926 681 1998 μέλι
712 1927 907 2002 ῥέουσα
936 1927 1024 1981 καὶ
1055 1927 1181 2002 γαλ⁹
1212 1928 1482 2005 ἀφθόνως,

309 2016 420 2072 Καὶ
458 2015 571 2090 βίος
604 2015 842 2091 ἠσύχιος
874 2015 1116 2090 εὐτυχὴς
1147 2017 1300 2090 ἄγαν.

311 2105 466 2161 Ἐπεί
497 2102 554 2160 δὶ
589 2105 706 2179 βίον
741 2103 982 2159 ἐκλιπεῖν
1016 2104 1227 2166 πάντως
1256 2102 1385 2174 ἔδει,

130 2197 268 2251 3210
312 2195 458 2268 Πρὸς
487 2194 660 2266 τέρμα
696 2194 816 2267 βίου
848 2197 1084 2269 κράτορα
1122 2193 1432 2266 Ῥωμαίδος

304 2284 446 2341 Τινα
475 2283 709 2359 Μιχαὴλ
743 2285 1079 2358 στρατιώτην
1114 2283 1345 2339 δεικνύει

300 2373 539 2447 Γηραιὸν
572 2371 760 2446 ἄνδρα,
794 2377 1100 2428 παντάπασι
1132 2368 1466 2446 πρεσϐύτην,

301 2457 645 2536 ’Δὸληχρὸν,
679 2459 888 2534 άδέξιον
922 2463 997 2523 εἷς
1027 2462 1362 2537 κραταρχίαν

305 2551 402 2606 Ἐκ
424 2550 702 2625 νωχελίας
732 2555 962 2627 φυσικῆς
996 2553 1204 2625 γήρους
1235 2554 1280 2604 θ’
1313 2552 1449 2623 ἅμα,

128 2639 268 2695 3215
306 2637 580 2694 Ἕλκοντα
612 2641 792 2713 σειρὰν
825 2638 884 2693 ἐκ
915 2639 1210 2708 Βυζαντίου
1240 2641 1453 2714 γένους,

309 2728 437 2785 Ἐπὶ
472 2728 766 2803 βράχιστον
799 2732 896 2782 τοῦ
929 2730 1160 2803 κράτους
1192 2729 1518 2803 γεγευμένον

311 2819 414 2872 Καὶ
454 2814 755 2889 μηδοτιοῦν
787 2821 897 2872 τῶν
923 2816 1108 2872 καλῶν
1140 2819 1484 2893 πεπραχότα.

312 2907 429 2981 Ἐφ’
461 2906 524 2960 οὗ
557 2903 685 2967 δυάς
718 2904 934 2978 ἤκμασε
963 2912 1071 2962 τῶν
1103 2908 1387 2982 άριστεων,

310 2997 435 3051 Τῶν
467 3015 527 3048 τε
553 2999 871 3070 στρατηγῶν
904 2995 1108 3050 συνέσει
1138 2997 1184 3050 τ’
1216 2994 1474 3072 εὐανδρίᾳ

133 3085 272 3140 3220
311 3083 442 3139 Βίου
472 3103 531 3137 τε
561 3081 912 3156 λαμπρότητι
941 3085 1030 3138 καὶ
1059 3088 1128 3156 τῇ
1159 3089 1254 3138 τοῦ
1281 3086 1467 3159 γένους

308 3178 344 3225 Κ
389 3172 402 3188 “
482 3177 510 3188 ’³
673 3170 759 3226 ’δό
968 3170 990 3191 ”
1025 3170 1050 3226 δ
1157 3193 1176 3206 ·
1263 3173 1272 3189 ’

352 3193 406 3226 αι
439 3193 600 3226 πασιν
634 3193 692 3226 ευ
763 3193 932 3245 κιμος
967 3193 1018 3226 εν
1058 3173 1173 3243 οξο..
1205 3194 1344 3227 πανυ

302 3263 364 3318 Ὀ
398 3260 706 3317 Κατακαλὼ
738 3261 1044 3332 τούπίκλην
1077 3264 1404 3335 κεκασμένος
1439 3264 1572 3336 (46),

305 3352 449 3425 Πρὸς
485 3350 618 3421 τῷδ’
649 3349 915 3413 Ἰσαάκιος
950 3355 1248 3422 Κομνηνῶν
1278 3352 1488 3426 γένους,

308 3447 495 3501 Ὅστις
527 3438 762 3500 ἆποστᾶς
791 3437 1099 3516 πορφυρίδα
1124 3440 1210 3494 καὶ
1239 3442 1432 3518 στέφος

132 3529 275 3584 3225
314 3529 482 3599 Αὐτῷ
511 3528 830 3602 περιέθηκεν
864 3528 1092 3604 ἀντάρας
1121 3530 1326 3599 κράτει,

306 3616 405 3670 Καὶ
436 3617 633 3692 κράτος
664 3614 922 3687 ἀδήριτον
953 3613 1109 3692 ἔσχεν
1151 3618 1396 3675 εἰσάπαν.

304 3705 610 3776 Ἑξίσταται
640 3703 698 3760 δὶ
728 3707 965 3781 Μιχαὴλ
1004 3708 1359 3783 κραταρχίας.

354 3823 699 3879 ῙΣΑΑΚῙΟΣ
741 3825 786 3878 Ο
828 3823 1217 3879 ΚΟΜΝΗΝΟΣ
1260 3828 1367 3881 ΕΤ.
1413 3826 1472 3881 H'
1511 3845 1562 3888 ς.

303 3919 670 3995 Αὐτοκράτωρ
704 3920 793 3973 οὗν
824 3922 1107 3993 Κομνηνὸς
1136 3918 1475 3998 δεδειγμένος

304 4011 570 4071 Ἰσαάκιος
599 4009 852 4078 εὐσθενὴς
882 4015 1273 4084 στρατηγέτης,

127 4099 267 4155 3230
305 4098 387 4155 Οὐ
418 4101 499 4168 τῷ
531 4101 647 4168 Θεῷ
678 4095 910 4173 γέγραφε
935 4098 1033 4166 τὴν
1070 4097 1344 4172 εὐτυχίαν,

302 4185 470 4256 Αὐτῷ
502 4183 559 4240 δὲ
594 4183 806 4258 μᾶλλον
841 4186 989 4260 χειρί
1017 4208 1069 4241 τι
1101 4187 1411 4265 ξιφηφόρῳ.

304 4283 342 4331 Κ
388 4275 404 4296 ‘
501 4279 528 4290 “
629 4273 735 4330 δ”λ
891 4278 912 4295 “
972 4275 995 4330 ἐ
1132 4281 1158 4291 ”
1225 4278 1252 4332 ὸ
1358 4279 1372 4298 ’

351 4297 405 4331 αι
434 4296 597 4330 τουτο
662 4298 695 4344 η
743 4296 824 4342 ον,
857 4296 942 4338 οις
998 4298 1162 4331 αυτου
1191 4298 1220 4330 τ
1257 4301 1281 4332 ν
1313 4300 1483 4333 τυπον

304 4370 547 4439 Στατῆρι
576 4368 758 4418 τυπῶν
793 4361 964 4434 δεξιὰν
995 4367 1292 4439 τεταμένην

305 4454 682 4525 Ἐσπασμένην
717 4452 918 4532 ἔγραφε
941 4455 1145 4528 γυμνὸν
1177 4457 1239 4510 τὸ
1271 4454 1444 4534 ξίφος.

131 4544 271 4601 3235
305 4545 377 4600 Ἥ
411 4540 458 4596 δ’
490 4541 648 4605 οὗτος
687 4542 846 4617 ἀνὴρ,
881 4543 931 4598 ὲν
965 4544 1248 4620 κεφαλαίῳ
1280 4567 1462 4620 φαναι,

305 4635 476 4695 Ἥθος
505 4626 737 4706 σοϐαρὸς
767 4630 858 4686 καὶ
899 4635 1395 4710 κατωφρυωμένος,

305 4719 462 4793 Ὀξὺς
493 4720 629 4796 πρὸς
663 4716 814 4796 ἔργα,
845 4724 952 4797 πῦρ
985 4722 1159 4776 πνέων
1189 4722 1243 4777 ἐν
1270 4729 1389 4786 ταῖς
1423 4724 1652 4799 μάχαις,

305 4811 644 4884 Δραστήριος
680 4806 916 4882 μάλιστα
939 4811 1028 4864 καὶ
1057 4809 1391 4884 τολμητίας,

305 4895 642 4974 Στρατηγίαν
671 4894 880 4970 ἅριστο,
911 4895 1127 4973 ἀνδρεία
1157 4901 1337 4977 φύσις,

133 4987 268 5045 3240
304 4987 419 5044 Ούκ
443 4985 752 5059 ὡμιληκὼς
784 4982 932 5057 πλὴν
963 4991 1320 5066 προσανέχων
1350 4990 1565 5068 λόγοις·

301 5077 540 5150 Χάριτας
567 5075 726 5137 οὗτος
757 5075 979 5131 ἐκτίνων
1013 5077 1282 5154 ἀρχιθύτῃ

302 5168 418 5235 Τῆς
451 5164 529 5226 εἷς
561 5166 622 5220 τὸ
652 5166 850 5240 κράτος
877 5163 1192 5243 συνδρομῆς
1222 5169 1517 5244 συνεργίας,

303 5252 577 5329 Φροντίδα
604 5256 816 5310 πάντων
848 5255 1182 5332 πραγμάτων
1215 5258 1541 5330 Ἐκκλησίας

305 5348 528 5416 Ἔνειμε
556 5341 718 5416 τῷδε,
751 5343 841 5398 καὶ
873 5341 1016 5400 δυεῖν
1049 5345 1319 5425 ὀφφικίων

138 5437 271 5490 3245
306 5433 621 5505 Οἰκονόμου
650 5453 708 5487 τε
739 5432 1144 5510 σκευοφύλακός
1173 5438 1218 5500 θ’
1243 5439 1356 5511 ἅμα

308 5517 626 5599 Ηρόϐλησιν
658 5520 886 5596 ἆπέταξε
912 5524 984 5596 τῇ
1013 5524 1334 5602 Ἐκκλησία,
1439 5522 1445 5527 ’

209 5708 315 5782 (46)
343 5709 483 5765 Cod.
515 5705 872 5780 κεκαυμένος.

1676 383 2038 438 ΟΕΘΔΒΕΒ.

1827 487 1879 574 Α
1902 505 2004 574 jus
2037 509 2262 560 rectum
2292 507 2492 563 dicens
2523 512 2581 563 et
2608 509 2886 581 suffragia
2919 513 3107 568 ferens
3140 531 3153 568 ε

1903 602 2148 664 insuper
2179 597 2341 666 regia
2371 613 2505 650 cum
2539 598 2844 666 majestate
2864 600 3164 672 excipiens

1903 699 2030 750 quae
2062 684 2450 738 mittebantur
2480 688 2744 756 gentium
2779 687 3120 758 legationes.

1907 770 2052 841 Ergo
2081 772 2402 842 gloriosum
2443 773 2553 842 ipsi
2590 773 2742 828 Deus
2775 778 3057 846 regimen.

1904 861 2196 915 concessit
2226 865 2461 931 propter
2489 860 2685 932 legum
2718 863 3149 921 observantiam
3187 884 3200 921 :

1904 953 1962 1002 et
1991 950 2132 1019 quia
2162 949 2376 1004 divinis
2400 966 2514 1004 non
2549 951 2888 1007 discedebat
2919 955 3162 1026 regulis,

1906 1037 2123 1091 idcirco
2156 1043 2328 1102 Deus,
2359 1038 2626 1108 inquam,
2660 1039 2796 1095 huic
2827 1042 3140 1113 imperium

1904 1141 2249 1197 prosperum
2283 1126 2508 1191 tribuit,
2544 1133 2744 1199 utpote
2775 1132 3173 1202 omnipotens.

1906 1214 2168 1286 Namque
2202 1215 2310 1270 hac
2340 1221 2619 1287 regnante
2651 1218 2851 1273 nullus
2881 1221 3114 1276 rebellis
3146 1223 3394 1292 exstitit,

1906 1320 2077 1359 nemo
2107 1305 2474 1374 tyrannidem
2510 1308 2736 1376 uspiam
2770 1309 3055 1379 arripuit;

1906 1392 2107 1447 nullus
2135 1393 2410 1448 incursus
2441 1396 2878 1463 conjuratarum
2912 1399 3172 1463 gentium

1906 1481 2086 1536 armis
2119 1485 2444 1536 Romanum
2480 1482 2732 1552 pulsavit
2760 1485 3074 1556 imperium
3112 1506 3125 1555 ;

1906 1571 1987 1624 nil
2021 1569 2334 1626 molestum
2367 1572 2745 1626 adversamve
2777 1578 2994 1630 mundo
3029 1577 3261 1634 accidit.

1906 1659 2057 1722 Quin
2098 1660 2296 1714 omnia
2327 1660 2518 1714 fausta
2551 1659 2838 1732 plenaque
2867 1662 3100 1734 laetitia,

1905 1749 2030 1803 cmli
2063 1749 2398 1819 temperies,
2433 1749 2732 1804 fructuum
2766 1752 3058 1822 fertilitas,

1826 1863 1873 1926 Β
1906 1853 2150 1892 annona
2181 1837 2375 1890 vilitas
2405 1841 2461 1892 et
2491 1841 2657 1908 copia
2687 1855 2905 1906 rerum,

1815 4593 1865 4658 D

1899 1942 2056 1999 terra
2087 1925 2258 1980 melle
2289 1925 2477 1980 ﬂuens
2509 1931 2565 1981 et
2592 1926 2738 1982 lacte
2769 1929 3080 2000 uberrime,

1891 2017 2020 2069 vita:
2053 2016 2243 2086 quies,
2275 2014 2529 2070 felicitas
2561 2018 2896 2087 omnigena.

1891 2105 2001 2159 Sed
2033 2105 2172 2174 quia
2202 2118 2480 2175 suprema
2503 2105 2762 2160 instabat
2793 2109 3135 2175 necessitas,

1891 2197 2220 2248 Romanum
2252 2193 2502 2246 moriens
2532 2193 2947 2264 imperatorem
2979 2204 3139 2252 creat

1893 2281 2232 2338 Micbaelem
2269 2283 2586 2353 quemdam
2620 2282 2934 2354 agnomina
2964 2285 3331 2354 Stratiotam,

1892 2387 2093 2427 senem
2124 2372 2208 2425 vel
2246 2371 2441 2441 potius
2476 2387 2592 2426 aevo
2625 2372 2944 2444 decrepito,
3029 2428 3036 2437 ,

1893 2460 2167 2527 debilem,
2198 2465 2374 2530 atque
2403 2459 2671 2530 ineptum
2701 2463 2773 2516 ad
2806 2463 3121 2533 imperium

1892 2549 2141 2619 segnitie
2169 2548 2416 2603 naturali
2453 2549 2736 2619 senioque
2767 2551 2969 2621 simul,

1893 2639 1994 2709 qui
2028 2637 2342 2710 Byzantina
2371 2637 2428 2692 in
2458 2637 2602 2693 urbe
2634 2644 2808 2694 natus
2840 2646 2984 2695 erat.

1892 2729 1999 2782 Hic
2029 2728 2336 2798 degustato
2367 2726 2712 2782 brevissime
2743 2727 3016 2799 imperio,

1895 2817 2041 2871 nihil
2075 2817 2358 2871 memoria
2389 2816 2634 2886 dignum
2670 2833 2923 2888 regnans
2955 2819 3110 2875 fecit.

1894 2907 2011 2960 Sub
2043 2922 2108 2960 eo
2141 2907 2394 2960 virorum
2427 2921 2532 2976 par
2568 2905 2767 2961 ﬂoruit
2796 2908 3187 2978 egregiorum,

1895 2994 2102 3050 bellica
2127 2993 2372 3050 scientia
2401 2998 2577 3064 atque
2608 2994 2970 3062 fortitudine,

1897 3083 2209 3155 splendore
2231 3082 2407 3138 simul
2436 3084 2566 3138 vitm
2598 3085 2854 3153 avitique
2883 3087 3146 3157 generis;

1898 3172 1994 3227 ille
2024 3172 2302 3227 nimirum
2334 3172 2582 3228 celebris
2614 3189 2678 3228 ac
2711 3173 3166 3233 laudatissimus

1894 3264 1992 3333 qui
2027 3265 2412 3332 cognomento
2443 3261 2636 3316 dictus
2667 3270 2757 3318 est
2786 3264 3056 3321 Catacalo
3095 3282 3108 3320 :

1892 3351 2039 3406 alter
2061 3350 2318 3407 Isaacius
2346 3349 2777 3406 Comnenorum
2810 3367 3042 3421 genere,

1893 3442 1991 3511 qui
2024 3439 2336 3495 manifeste
2367 3441 2438 3494 ab
2472 3439 2716 3510 imperio
2764 3441 3043 3497 deﬁciens

1895 3545 2214 3601 purpuram
2251 3528 2446 3582 induit
2476 3544 2870 3600 coronamque
2903 3530 3106 3597 cinxit,

1891 3623 1951 3673 et
1980 3617 2109 3672 sine
2139 3615 2290 3673 bello
2320 3616 2529 3672 stabile
2560 3633 2806 3688 regnum
2839 3619 3054 3675 tenuit.

1891 3705 2138 3761 Michael
2173 3714 2362 3760 autem
2396 3704 2641 3775 imperio
2664 3721 2724 3760 se
2756 3706 3073 3764 abdicavit.

1963 3821 2288 3878 ISAACIUS
2327 3820 2717 3876 COMNENUS
2758 3822 2872 3876 AN.
2926 3822 3076 3889 VllI,
3117 3823 3324 3882 MENS.
3367 3825 3462 3880 VI.

1893 3921 2038 3991 Ergo
2069 3918 2385 3990 imperator
2413 3918 2696 3989 processit
2718 3922 3056 3976 Comnenus

1890 4008 2025 4064 belli
2056 4008 2416 4064 fortissimus
2448 4007 2563 4061 dux
2597 4008 2878 4077 Isaacius,

1890 4099 2190 4154 fortunam
2224 4113 2392 4151 suam
2423 4112 2796 4167 nequaquam
2833 4099 2944 4154 Deo
2976 4098 3267 4171 tribuens,

1891 4189 1992 4245 sed
2027 4187 2138 4244 sibi
2173 4187 2360 4258 magis
2394 4187 2754 4258 brachioque
2785 4189 3052 4246 ensifero.

1895 4279 1952 4333 ld
1987 4277 2325 4344 declaravit,
2357 4291 2491 4331 cum
2529 4292 2700 4330 suum
2735 4281 2938 4348 typum

1892 4373 2109 4424 statere
2137 4367 2382 4435 cudens,
2415 4369 2746 4437 protentam
2781 4369 3074 4425 dexteram

1891 4474 2147 4529 enseque
2174 4456 2333 4511 nudo
2366 4459 2651 4510 armatam
2687 4455 3006 4528 inscripsit.

1894 4547 2031 4601 Erat
2060 4545 2153 4600 hic
2183 4545 2292 4612 vir,
2324 4547 2386 4598 ut
2417 4543 2758 4599 summatim
2792 4545 3007 4617 dicam,

1897 4651 2058 4692 more
2084 4650 2304 4702 severo,
2339 4633 2592 4688 adducto
2616 4633 2949 4704 supercilio,

1891 4725 2148 4796 impigre
2176 4739 2373 4794 opera,
2403 4721 2613 4792 igneus
2645 4722 2706 4777 in
2741 4723 2981 4793 praeliis,

1893 4814 2100 4871 audaci
2132 4813 2350 4878 animo,
2385 4817 2660 4867 actuosus
2700 4812 2974 4877 maxime,

1893 4902 2161 4976 egregius
2188 4903 2326 4968 dux,
2356 4901 2567 4956 martio
2598 4902 2772 4956 corde
2807 4902 3106 4973 praditus,

1893 4993 2058 5048 rudis
2088 4992 2439 5055 litterarum,
2475 4990 2574 5044 sed
2608 4995 2802 5044 tamen
2836 4991 3160 5046 studiosus.

1891 5082 1994 5138 Hic
2026 5081 2367 5153 patriarchas
2408 5078 2667 5133 debitam
2700 5079 2946 5147 gratiam
2979 5081 3237 5137 referens

1892 5171 1995 5243 qui
2025 5172 2138 5225 sibi
2168 5169 2483 5240 imperium
2516 5168 2753 5222 adeunti
2787 5168 3027 5235 faverat,

1892 5264 2240 5316 cunctarum
2273 5257 2362 5311 illi
2391 5272 2586 5312 rerum
2622 5255 2888 5317 Ecclesiae
2921 5274 3120 5314 curam

1889 5349 2117 5417 tribuit,
2148 5353 2206 5403 et
2235 5348 2486 5402 duorum
2520 5343 2699 5400 simul
2732 5344 3058 5402 officiorum

1890 5438 2175 5495 mconomi
2203 5435 2471 5491 videlicet
2500 5439 2557 5490 et
2585 5435 3022 5508 scev0phylacis

1890 5528 2125 5585 creandi
2158 5528 2510 5601 potestatem
2543 5523 2812 5581 Ecclesia
2843 5525 3005 5581 dedit
3031 5542 3044 5594 ;

3454 395 3559 450 130
