4208 6430
632 413 737 467 135
1843 410 2216 466 ΕΡΗΒΒΜΙΙ
2250 407 2294 463 C

2393 407 2826 467 DNOGRAPHI
3946 413 4055 472 436

628 539 685 591 et
715 552 817 608 pro
848 535 1200 593 exercitibus
1232 534 1437 592 adibat
1466 533 1749 607 pericula.

2304 534 2359 600 Α
2565 531 2847 602 Ὑπηκόων
2880 530 3075 608 ἄριστα
3102 533 3193 588 καὶ
3224 530 3690 609 δτρατευμάτων··

628 624 818 696 Hujus
846 624 1108 681 diversas
1137 641 1272 679 cum
1304 625 1471 680 hoste
1502 639 1752 695 pugnas,

2572 619 2646 673 Οῦ
2672 622 2769 682 τὰς
2798 622 2916 677 κατ’
2940 619 3154 697 ἔχθρῶν
3182 620 3505 695 συμπλοκάς
3532 642 3593 678 τε
3618 624 3709 678 καὶ
3734 625 3938 700 μάχας,

625 712 919 780 victorias,
953 712 1205 784 palmas,
1236 717 1294 767 et
1321 713 1723 781 strenlitates,

2391 708 2534 764 3365
2571 707 2755 779 Νίκας,
2786 710 3059 783 ἀριστείας
3084 731 3164 780 τε,
3193 710 3471 785 γενναίους
3501 709 3722 781 ἄθλους,

624 806 832 858 cetera
860 802 1110 857 honesta
1140 801 1294 857 facta
1324 800 1514 855 verbis
1544 800 1737 855 dicere

2349 816 2353 821 '
2568 796 2667 853 Καὶ
2697 795 2877 853 τᾶλλα
2905 795 3089 852 καλῶν
3121 796 3479 873 παραδιδόναι
3499 797 3651 873 λόγῳ

622 892 947 949 summario
978 891 1038 945 in
1078 906 1250 961 opere
1284 890 1603 945 admodum
1636 886 1901 944 difficile.

2566 882 2835 960 Ἐργῷδὲς
2867 884 2977 941 ἐστι
3009 887 3275 960 συντομία
3304 886 3640 964 χρωμένοις.

622 982 677 1034 Is
708 985 913 1035 contra
942 980 1109 1035 hotes
1141 979 1434 1049 protectus
1467 978 1775 1046 Barbaros,

2565 974 2737 1035 Οὗτος
2769 975 2887 1029 κατ’
2916 973 3128 1051 ιχθρῶν
3160 975 3550 1050 ἐκστρατεύσας
3579 972 3878 1055 Βαρϐάρων

623 1070 829 1123 Persas
858 1068 1149 1133 videlicet,
1182 1070 1282 1139 qui
1315 1066 1441 1121 loca
1472 1066 1724 1120 finitima

2567 1066 2783 1136 Περσῶν
2806 1064 3120 1118 κακούντων
3148 1066 3217 1119 τὰ
3244 1064 3514 1141 πρόσοικα
3538 1066 3719 1139 χωρία

613 1155 873 1211 Ciliciam
896 1161 953 1211 et
974 1156 1311 1211 thnicem
1336 1156 1743 1223 devastabant,

2380 1151 2521 1206 3370
2559 1151 2641 1207 Τὰ
2671 1152 2807 1224 πρὸς
2837 1151 3058 1224 Κιλικίᾳ
3084 1173 3143 1208 τε
3170 1152 3261 1208 καὶ
3290 1157 3359 1227 τῇ
3392 1155 3623 1227 Φοινίκῃ

610 1244 867 1301 Orientis
901 1246 1075 1301 urbes
1104 1244 1300 1316 raptui
1332 1244 1657 1315 praedaque
1700 1243 2036 1310 habebant;

2558 1237 2986 1308 Λιηλατούντων
3014 1241 3105 1296 καὶ
3135 1241 3328 1303 πόλεις
3355 1242 3450 1305 τὶς
3482 1244 3596 1298 καθ’
3624 1246 3764 1314 Ἕω,

611 1350 747 1389 cum
780 1335 894 1403 nis,
921 1333 1188 1404 inquam,
1220 1333 1383 1404 gravi
1416 1337 1686 1388 conserto
1723 1331 1919 1403 prelio

2555 1326 2661 1384 Καί
2691 1328 3053 1405 συῤῥαγείσης
3080 1336 3342 1406 καρτερᾶς
3373 1333 3578 1409 ἀμφοῖν
3613 1334 3826 1408 μάχης,

610 1428 821 1494 captus
850 1429 940 1478 est
971 1440 1004 1477 a
1036 1422 1325 1486 Barbarie,
1359 1422 1470 1476 heu
1498 1422 1509 1475 ι
1545 1421 1630 1475 vir
1659 1426 1965 1485 strenuus,

2555 1420 2665 1470 Φεῦ
2696 1422 2795 1494 φεῦ
2820 1419 2832 1473 l
2867 1418 3016 1473 ἰάλω
3046 1414 3353 1495 Βαρϐάροις
3383 1420 3412 1475 ὁ
3441 1418 3721 1496 γεννάδας,

609 1514 698 1565 vir
727 1511 824 1581 qui
856 1510 1100 1566 hostiles
1132 1510 1390 1581 legiones
1424 1510 1849 1580 prosternebat,

2550 1504 2612 1561 Ὀ
2642 1506 2816 1560 πάντα
2847 1506 3125 1582 λαμπρὸς,
3159 1508 3187 1562 ὁ
3216 1508 3433 1564 κλονῶν
3462 1508 3677 1584 ἐχθρῶν
3707 1508 3854 1581 ἴλας,

612 1600 856 1656 Romani
889 1599 1120 1670 imperii
1152 1604 1332 1669 caput
1360 1602 1420 1653 et
1447 1599 1743 1653 defensor.

2368 1592 2510 1648 3375
2547 1593 2609 1650 Ὁ
2637 1592 2944 1666 Ῥωμαΐδος
2977 1597 3203 1670 ἡγεμὼν
3238 1598 3329 1651 καὶ
3372 1599 3707 1672 προστάτης·

610 1689 756 1760 Ergo
779 1690 849 1744 ad
882 1694 1193 1744 Persarum
1229 1678 1686 1758 regem’vinctus
1716 1686 1993 1753 trahitur,

2545 1682 2733 1756 ’Ἠχθη
2768 1703 2825 1737 τε
2856 1685 3188 1757 Περσάνακτι
3223 1682 3511 1759 δεσμώτης
3536 1684 3682 1756 ἄναξ·

608 1778 711 1832 sed
742 1776 970 1848 captivo
1000 1778 1133 1831 licet
1162 1782 1341 1842 statu,
1365 1783 1575 1831 nactus
1605 1780 1695 1830 est

2556 1771 2702 1842 Πρὸς
2735 1768 2782 1825 δ’
2812 1772 2877 1826 αὗ
2908 1769 3278 1848 δορυάλωτος,
3310 1774 3581 1850 ἀπαχθεὶς
3612 1773 3659 1830 δ’
3689 1776 3846 1849 ὁμως

605 1866 1070 1921 benevolentiam
1103 1864 1418 1937 plurimam
1453 1868 1629 1936 atque
1660 1879 1883 1919 curam.

2298 1897 2346 1962 Β
2562 1858 2985 1934 Φιλοφροσύνης
3011 1863 3103 1917 καὶ
3134 1864 3420 1935 θεραπείας
3449 1863 3605 1934 ὅσης·

610 1954 735 2010 lmo
766 1960 822 2010 et
860 1954 1080 2010 honore
1112 1954 1271 2026 regio
1304 1952 1588 2024 cultuque
1617 1957 1707 2008 est
1737 1952 1976 2007 habitus

2298 1950 2344 1962 “’
2556 1954 2736 2021 Τιμῆς
2772 1950 3056 2025 βασιλείου
3083 1971 3143 2006 τε
3165 1952 3255 2007 καὶ
3287 1950 3447 2024 δόξης
3474 1952 3640 2009 πάλιν

610 2045 844 2115 egregio
876 2042 1139 2113 exemplo
1172 2043 1329 2113 apud
1358 2046 1668 2097 Persarum
1702 2042 2011 2097 dominum

2366 2038 2510 2094 3380
2547 2038 2751 2114 Ἔτυχε
2780 2039 2966 2101 καλῶς
2997 2041 3133 2116 πρὸς
3164 2046 3494 2117 κρατοῦντος
3524 2040 3790 2117 Περσίδος

608 2134 858 2187 Azanem
890 2131 1056 2186 illum
1092 2132 1249 2185 fama
1287 2130 1760 2195 celeberrimum,

2548 2126 2704 2195 Ἀζὰν
2738 2126 2944 2183 ἐκείνου
2973 2134 3071 2183 τοῦ
3100 2130 3650 2206 περιθρυλλουμὲνου

610 2220 810 2275 animo
840 2225 897 2275 et
925 2219 1121 2274 verbis
1155 2218 1400 2274 mitibus
1433 2218 1517 2272 uti
1544 2218 1802 2287 solitum,

2544 2214 2772 2292 Ἀνδρὸς
2806 2217 3028 2293 μετρίου
3057 2219 3120 2272 τὸ
3151 2217 3408 2295 φρόνημα
3435 2222 3523 2274 καὶ
3558 2218 3728 2296 λόγον

603 2310 753 2378 aaqui
784 2314 1130 2373 amatorem,
1164 2306 1423 2362 nominis
1454 2305 1594 2361 clari
1625 2306 1931 2378 cupidum.

2540 2306 2685 2362 Ίσου
2714 2307 2762 2359 τ’
2792 2306 3020 2381 ἰραστοῦ
3048 2306 3348 2381 φιλοτίμου
3377 2309 3503 2371 τοὺς
3531 2309 3790 2384 τρόπους·

604 2397 756 2462 Quin
788 2397 964 2452 etiam
999 2394 1311 2467 splendido
1342 2411 1479 2450 mox
1504 2395 1815 2465 impetrato
1846 2394 2039 2450 reditu

2543 2391 2843 2449 Ἐπανόδου
2877 2392 2924 2450 δ’
2954 2391 3141 2451 ἔπειτα
3170 2396 3429 2471 λαμπρὰς
3458 2400 3716 2475 τυγχάνει

602 2503 738 2541 cum
780 2486 1028 2558 captivis
1060 2483 1381 2540 dimittitur
1419 2484 1758 2539 honoriﬁce.

2361 2482 2503 2539 3385
2542 2482 2647 2537 Σὺν
2679 2484 3069 2557 αἶ’χμαλώτοις
3099 2483 3394 2549 ἀπολυθεὶς
3426 2486 3676 2561 ἔντίμως.

603 2576 708 2631 Sed
737 2591 872 2631 cum
908 2574 1154 2647 Romani
1187 2574 1420 2645 imperii
1452 2574 1598 2629 ﬁnes
1625 2574 1841 2645 attigit,

2539 2570 2743 2627 Ἔπειθ’
2772 2574 3113 2647 ἐπανὲζιυξεν
3141 2575 3218 2630 εἷς
3249 2574 3551 2649 Ῥωμαΐδα,

600 2664 779 2721 veluti
810 2681 878 2720 ex
907 2681 1144 2720 summa
1173 2667 1520 2735 tempestate
1552 2662 1868 2717 incolumis

2536 2662 2931 2726 Ἐπανασωθεὶς
2967 2664 3147 2739 ὥσπερ
3173 2663 3234 2719 ἐκ
3258 2665 3550 2739 τρικυμίας

601 2754 660 2809 in
687 2760 919 2825 portum
953 2754 1111 2823 regni
1145 2754 1236 2808 sui
1269 2756 1466 2807 tutum
1499 2752 1759 2818 veniens,

2536 2750 2625 2810 Ὠς
2659 2749 2734 2811 εἰς
2764 2748 3030 2807 ἄκλυστον
3060 2751 3259 2825 λιμένα
3288 2754 3646 2829 κραταρχίαν,

599 2842 681 2897 ibi
715 2843 1114 2913 naufragium,
1147 2858 1179 2895 ο
1211 2842 1338 2896 dira
1372 2842 1473 2896 tati
1504 2839 1761 2895 invidia!
2256 2863 2261 2869 -

2256 2863 2263 2869 ι
2539 2839 2801 2895 Ἐνταῦθα
2825 2842 3106 2915 ναυάγιον,
3135 2840 3179 2896 ὣ
3211 2839 3390 2897 δεινοῦ
3419 2844 3651 2918 φθόνουΙ

601 2932 757 3001 fecit,
784 2936 843 2986 et
874 2929 1027 2986 oculi
1051 2931 1178 2985 vivo
1211 2934 1350 2985 sunt
1380 2930 1588 3000 erepti.

2358 2927 2502 2983 3390
2536 2925 2713 2999 Ἐτλη
2747 2930 3027 3004 στερηθεὶς
3056 2935 3156 2986 τοῦ
3186 2930 3355 3008 φάους
3384 2936 3495 2987 τῶν
3525 2932 3814 3006 ὀμμάτων.

597 3019 691 3075 sic
722 3035 871 3089 inger
908 3035 1046 3091 ergo
1080 3018 1225 3074 abiit
1248 3020 1305 3072 in
1342 3017 1601 3073 insulam
2020 3008 2034 3017 ’

2026 3008 2034 3017 ’
2536 3016 2691 3071 Οὕτω
2713 3014 2758 3071 δ’
2791 3016 2936 3093 ἔχων
2967 3016 3148 3074 ἄπεισι
3176 3020 3315 3093 πρὸς
3340 3018 3688 3093 καλουμὺην

592 3107 716 3177 (cui
748 3125 960 3165 nomen
993 3108 1205 3180 prima)
1236 3107 1563 3185 proximam
1593 3105 1890 3178 Byzantio,

2535 3106 2767 3179 Πρώτην
2797 3128 2857 3183 γε
2885 3114 3049 3176 νῆσον
3083 3108 3320 3179 πλησίον
3350 3107 3698 3178 Βυζαντίδος·

596 3198 655 3252 in
690 3215 808 3269 qua
840 3198 892 3253 is
921 3197 1061 3253 olim
1096 3197 1519 3252 monasterium
1555 3201 1888 3262 struxerat;

2284 3264 2318 3274 Δ
2533 3194 2699 3257 Ἔνθα
2732 3197 2904 3267 μονὴν
2938 3194 3153 3270 ἤγειρεν
3185 3197 3342 3259 οὗτος
3374 3197 3434 3253 lx
3470 3197 3707 3274 βάθρων,

590 3264 793 3356 ibique
827 3286 1084 3341 moriens
1117 3285 1379 3355 requiem
1411 3284 1675 3339 laborum
1710 3284 1936 3339 habuit.

2275 3264 2319 3331 C
2526 3281 2692 3336 Κάκεῖ
2718 3264 2945 3353 τελευτᾷ
2976 3264 3305 3348 σαϐϐατίσας
3332 3291 3441 3341 τῶν
3470 3264 3682 3342 πόνων·

590 3374 698 3430 Illo
730 3382 1032 3446 regnante,
1067 3374 1519 3429 Blachernorum
1552 3373 1841 3444 templum

2347 3369 2490 3425 3395
2529 3370 2645 3447 Ἐφ’
2678 3371 2739 3425 οὗ
2768 3371 3092 3447 Βλαχερνῶν
3126 3375 3403 3449 εὐπρεπὴς
3430 3375 3565 3438 νεὼς
3594 3376 3734 3439 ἅπας

590 3463 845 3536 insigne,
878 3464 1119 3519 ﬂamma
1149 3463 1311 3519 edaci
1342 3463 1728 3533 absumptum
1764 3462 1974 3518 fuerat.

2523 3456 2922 3532 Ἑπυρπολήθη
2954 3464 3034 3533 τῷ
3063 3463 3193 3537 πυρὶ
3222 3467 3304 3535 τῷ
3344 3465 3648 3541 παμφάγῳ.

594 3578 911 3635 MICHAEL
952 3578 1443 3635 CONSTANTINI
1492 3576 1727 3633 DUCAE
1790 3576 2021 3633 FILIUS
2076 3576 2244 3632 SIVE

2351 3574 2618 3630 IIXAHA
2684 3580 2729 3630 Ο
2790 3577 2949 3632 ΥΙΟΣ
3008 3582 3552 3637 ΚΩΝΚΤΑΝΊΊΝΟΥ
3605 3581 3742 3638 ΤΟΥ
3780 3581 4013 3641 ΔΟΥΚΔ

859 3667 1352 3723 PARAPINACES
1378 3667 1492 3721 AN.
1528 3667 1625 3721 VI.
1665 3666 1855 3724 MENS
1886 3667 1974 3722 Vl.

2625 3664 2784 3720 HTOI
2825 3666 2869 3721 0
2909 3668 3403 3724 ΠΑΡΑΠΙΝΑΚΗΣ
3446 3670 3552 3725 ET.
3598 3670 3637 3739 ξ
3676 3689 3726 3732 ς.

590 3775 807 3831 Deinde
836 3774 1106 3845 Michael,
1138 3774 1314 3847 vulgo
1350 3774 1758 3846 Parapinaces,

2527 3771 2664 3826 Εἶτα
2700 3770 2935 3847 Μιχαὴλ
2968 3772 3354 3848 Ιῐαραπινάκης
3387 3779 3529 3840 θέσιν

588 3866 959 3922 Constantini
992 3865 1147 3921 ﬁlius
1180 3865 1497 3938 imperium
1531 3865 1697 3935 adiit,

2528 3861 2936 3915 Κωνσταντίνου
2967 3868 3096 3925 παῖς
3126 3860 3543 3939 παραλαμϐάνει
3573 3865 3637 3921 τὸ
3665 3867 3887 3943 κράτος,

591 3955 897 4027 ingenium
930 3954 1052 4011 leve
1084 3954 1464 4023 dissolutum,
1496 3953 1802 4022 stolidum,

2526 3949 2736 4014 Χαὺνός
2764 3971 2847 4012 τις
2876 3952 3033 4022 ἦθος,
3069 3950 3299 4030 ἀφελὴς,
3332 3956 3632 4028 ἀνειμένος,

590 4045 868 4114 ignavum
902 4047 958 4099 et
987 4043 1253 4115 ineptum
1280 4044 1351 4098 ad
1387 4043 1726 4115 imperium,

2346 4041 2488 4096 3400
2526 4037 2796 4109 ’Ᾱπαλὸς,
2829 4038 3035 4111 ἀδέξιος
3067 4042 3143 4105 εἷς
3169 4043 3528 4120 κραταρχίαν,

585 4133 686 4205 qui
720 4150 794 4188 ne
824 4133 1109 4205 privatam
1151 4132 1387 4203 quidem
1425 4148 1544 4187 rem
1581 4148 1747 4187 suam
1784 4146 2005 4204 gerere,

1947 4148 2005 4198 'e,
2524 4128 2607 4186 Τὰ
2638 4130 2755 4193 καθ’
2786 4130 2971 4185 ἑαυτὸν
3006 4128 3209 4186 διέπειν
3239 4132 3337 4187 οὐκ
3377 4133 3609 4210 ἰσχύων,

587 4224 804 4278 nedum
840 4221 1070 4295 imperii
1104 4222 1399 4293 publicam
1428 4220 1678 4277 valebat.

2526 4218 2620 4287 Μὴ
2651 4219 2736 4273 τοί
2766 4240 2827 4294 γε
2849 4218 3045 4296 κράτος
3075 4220 3164 4275 καὶ
3198 4219 3468 4292 διοίκησιν
3498 4222 3664 4281 δλων.

576 4313 727 4384 Ergo
759 4329 890 4368 cum
922 4312 1067 4367 nihil
1094 4311 1241 4382 frugi
1274 4312 1449 4367 sciret
1478 4326 1670 4383 agere,

2526 4308 2670 4382 Πρὸς
2704 4305 2986 4363 οὐδοτιοῦν
3018 4313 3413 4388 προσπεφυκὼς
3442 4314 3788 4388 κρειττόνων,

575 4402 991 4459 aliis-habenas
1020 4400 1253 4473 imperii
1284 4401 1687 4465 committens,

2524 4395 2775 4459 ’Ἄλλους
2807 4396 3040 4475 ἐφιστων
3071 4399 3251 4469 ἡνίαις
3281 4406 3401 4463 ταῖς
3428 4407 3525 4458 τοῦ
3555 4404 3808 4480 κράτους,

579 4492 632 4547 is
663 4509 725 4548 se
757 4508 890 4548 cum
926 4490 1138 4546 litteris
1170 4490 1435 4561 quotidie
1467 4489 1821 4556 oblectabat,

2344 4485 2487 4540 3405
2526 4485 2693 4547 Αὐτὸς
2725 4493 2987 4563 προσεῖχε
3015 4493 3132 4552 τοῖς
3166 4487 3355 4565 λόγοις
3386 4491 3679 4569 ὁσημὲραι,

570 4580 911 4653 ineptisque
944 4580 1152 4636 stolide
1184 4578 1694 4652 occupationibus.

2249 4648 2283 4659 Η
2526 4576 2622 4637 Οἷς
2651 4577 2699 4631 τ’
2732 4577 2792 4631 οὗ
2826 4584 3097 4651 προσῆκεν
3133 4580 3357 4652 ἀμαθῶς
3389 4583 3758 4659 κεχρημένος.

570 4648 762 4737 Quare
794 4648 885 4727 res
921 4669 1159 4743 publica
1191 4648 1459 4725 laborare
1484 4668 1679 4741 cmpit,

2248 4648 2290 4713 ί.)
2504 4666 2662 4723 Ὅθεν
2694 4648 2877 4729 κακῶς
2910 4664 3145 4743 ἔπασχεν
3171 4648 3334 4724 ’κοινὰ
3366 4648 3726 4745 πράγμνάτων,

573 4760 927 4833 imperiique
959 4760 1122 4814 navis
1157 4758 1500 4831 periclitari,
1916 4800 1919 4803 .

2513 4753 2714 4817 Ὁλκάς
2741 4756 2787 4809 τ’
2817 4754 3119 4812 ἐκινδύνευε
3144 4764 3248 4828 τῆς
3274 4759 3609 4836 κραταρχίας

574 4865 647 4905 ne
680 4848 850 4904 saevis
883 4848 1057 4904 undis
1088 4864 1154 4903 ac
1180 4846 1659 4919 tempestatibus.

2514 4849 2720 4907 Δειναῖς
2750 4846 3067 4920 τρικυμίαις
3093 4868 3153 4903 τε
3182 4849 3269 4902 καὶ
3302 4849 3601 4925 καταιγίσιν

568 4938 627 4993 in
661 4937 1050 5010 Amphitrites
1083 4937 1357 4993 barathro
1390 4940 1773 5007 mergeretur.

2332 4932 2474 4987 3410
2513 4932 2606 4995 Εἷς
2638 4934 2999 5012 Ἀμφιτρίτης
3030 4936 3121 4990 τὸν
3152 4936 3316 5009 βυθὸν
3360 4936 3676 5013 καταδῦναι·

565 5026 835 5099 Namque
870 5034 929 5082 ut
960 5027 1180 5083 feroces
1220 5025 1428 5081 bellum
1452 5025 1834 5097 furentesque

2510 5022 2599 5083 Ὠς
2632 5019 2815 5097 ἄγριοι
2848 5023 2951 5099 γὰρ
2974 5024 3156 5080 κακίαι
3190 5026 3550 5091 πεπνευκότες

564 5116 835 5171 nonnulli
868 5116 1048 5171 duces
1079 5116 1280 5187 cupidi
1314 5115 1646 5187 tyrannidis

2508 5110 2730 5186 ’Λνδρες
2763 5114 3061 5189 στρατηγοί
3098 5114 3480 5189 βασιλειῶντες
3506 5120 3630 5174 τότε

568 5222 774 5261 navem
808 5206 1141 5276 reipublicaa
1174 5206 1521 5277 naufragam
1556 5204 1867 5259 dederunt.

2507 5200 2748 5259 Ὀλκάδα
2777 5204 3009 5279 κράτους
3040 5203 3331 5262 κατέδυσαν
3367 5208 3447 5271 εἲς
3483 5209 3668 5283 βᾴθος·

560 5299 785 5367 Nempe
817 5300 872 5351 et
903 5295 1155 5351 fecunda
1185 5294 1474 5367 capitibus
1504 5294 1713 5367 hydra,

2506 5292 2595 5353 Ὠς
2626 5292 2729 5369 γὰρ
2759 5291 3147 5373 πολυκίφαλος
3174 5294 3322 5367 ἄλλη
3354 5318 3439 5360 τις
3470 5295 3602 5372 ὗδρα

561 5386 647 5441 sic
678 5384 983 5458 apostatici
1016 5385 1336 5457 prodibant
1361 5384 1561 5441 duces.

2324 5381 2468 5437 3415
2507 5379 2697 5445 Οὕτως
2723 5382 3085 5448 ἀποστάτιδας
3117 5385 3183 5455 ἦν
3218 5387 3345 5461 ὁρᾷν
3369 5408 3558 5463 καρας.

560 5474 793 5531 Primus
824 5475 1098 5531 Ruselius
1130 5474 1370 5546 quidam
1399 5472 1668 5543 rebellat,

2502 5471 2817 5549 Ἀφίσταται
2850 5478 3041 5548 πρῶτα
3070 5479 3177 5529 τῶν
3210 5476 3519 5539 Ῥουσὲλιός
3546 5499 3650 5551 τις,

561 5565 774 5621 deinde
804 5566 1013 5636 Caesar,
1037 5571 1165 5621 tum
1201 5567 1408 5619 Nestor
1436 5563 1746 5619 vestarcha
1778 5580 1792 5618 :

2505 5561 2648 5636 Πρὸς
2668 5560 2809 5635 τῷδε
2841 5565 3047 5641 Καισαρ
3078 5564 3169 5620 καὶ
3203 5567 3427 5641 Νέστωρ
3457 5589 3542 5629 τις
3578 5568 3913 5647 βεστάρχης,

558 5655 685 5711 evin
719 5654 1083 5728 Nicephorus
1116 5653 1433 5727 agnomine
1467 5652 1816 5725 Bryennius,

2502 5652 2821 5730 Νικηφόρος
2842 5674 2901 5709 τε
2926 5655 3213 5729 Βρυέννιος
3252 5655 3559 5727 τούπίκλην

554 5744 653 5820 qui
685 5760 753 5803 ex
781 5744 1119 5803 illustribus
1150 5748 1273 5803 erat
1307 5743 1694 5817 optimatibus
1728 5760 1743 5799 :

2500 5741 2598 5804 Ὃς
2630 5744 2981 5819 παρασήμοις
3011 5742 3249 5823 ὡράϊστο
3280 5750 3377 5802 τοῦ
3407 5746 3660 5822 κράτους·
