4190 6438
185 394 271 448 137
1668 392 2026 446 cessasse.

183 518 308 575 3420
341 517 542 581 Ἀλλος
572 521 885 595 Νικηφόρος
915 541 997 581 τις
1028 519 1409 588 Βοτανειάτης,

340 609 435 671 Ὃς
460 610 549 663 καὶ
577 611 808 683 κατῆρξε
838 614 930 663 τοῦ
958 608 1187 681 κράτους
1214 612 1322 662 τῶν
1356 606 1600 663 Αὐσόνων
1638 625 1649 637 ·

342 696 444 751 Σὺν
478 701 558 758 οἷς
581 698 744 769 λιμός
773 718 831 753 τε
860 699 946 752 καὶ
984 699 1193 771 βροτῶν
1222 696 1398 773 φθίσις

338 793 531 859 Βαριῖα
557 789 852 862 κατέτρυχε
878 788 1004 847 τοὺς
1038 787 1335 856 ὑπηκόους,

342 877 438 930 Καί
464 897 548 939 τις
568 877 746 953 φόρων
774 875 1048 949 εἷ’σπραξις
1082 873 1409 944 ἀδικωτάτη.

177 968 304 1023 3425
336 970 509 1019 Ταῦτα
542 967 633 1037 μὲν
665 965 808 1019 οὕτω
839 960 1200 1036 συμϐέϐηκεν,
1234 964 1306 1024 ὡς
1336 963 1489 1035 ἔφην.

335 1054 741 1111 ΝΙΚΗΦΟΡΟΣ
781 1055 824 1109 Ο
864 1054 1343 1109 ΒΟΤΔΝΕΙΑΤΗΣ
1396 1054 1501 1107 ΕΤ.
1543 1053 1614 1107 Γ’.

339 1143 644 1214 Φημίζιται
675 1140 731 1197 δὲ
764 1143 1117 1211 Βοτανειάτης
1150 1142 1385 1213 κράτωρ,

338 1233 444 1287 Καὶ
474 1228 733 1285 διαδεῖται
768 1228 1027 1305 βασιλικῇ
1055 1230 1234 1299 ταινίᾳ
1267 1251 1278 1261 ·

337 1320 436 1374 Καὶ
464 1324 758 1388 τηνικαῦτα
789 1319 1104 1394 φιλοτιμίαν
1138 1319 1290 1389 ξένην

335 1409 447 1475 Τήν
478 1413 584 1462 τῶν
616 1413 792 1483 χρεῶν
826 1409 1018 1462 ἅπασιν
1044 1406 1282 1478 ἐκτομὴν
1314 1409 1465 1480 νέμει

172 1501 303 1555 3430
339 1498 689 1569 Χρεωκοπίαν
724 1494 990 1566 δημόσιον
1020 1497 1273 1561 θεσπίσας
1305 1514 1317 1526 ·

338 1589 507 1661 Ἀνὴρ
537 1587 747 1657 ἱλαρὸς,
780 1588 1007 1658 ἁπαλὸς,
1038 1589 1279 1662 χρηστὸς
1306 1590 1561 1663 τρόπους,

337 1676 562 1737 Ἀλλως
594 1674 649 1731 δὲ
672 1678 876 1745 νωθὴς.
905 1681 1129 1752 χαῦνος,
1160 1676 1546 1749 ἐκλελυμένος,

338 1767 479 1838 Πρὸς
510 1767 847 1839 πραγμάτιον
874 1768 1127 1839 πρόνοιαν
1162 1767 1261 1821 οὐκ
1290 1768 1346 1821 εὗ
1378 1788 1495 1829 πως
1527 1765 1671 1842 ἔχων
1710 1786 1726 1802 ·

333 1856 411 1911 Τὸ
444 1853 491 1908 δ’
521 1853 585 1909 αὖ
616 1854 748 1909 ἐτῶν
785 1856 947 1927 μήκει
969 1876 1026 1909 τε
1049 1856 1137 1909 καὶ
1169 1857 1356 1929 γήρως
1385 1856 1567 1917 νόσοις
1602 1877 1615 1889 ·

164 1946 294 2001 3435
329 1945 490 2006 ’Ὁθεν
522 1942 795 2019 παραδοὺς
826 1945 983 2013 ἡνίας
1011 1942 1206 2006 ἄλλοις
1236 1944 1488 2019 κράτους,

328 2034 513 2095 Αὐτὸς
541 2040 764 2111 τρυφαῖς
793 2032 981 2109 ἔχαιρε
1009 2035 1096 2089 καὶ
1127 2036 1440 2106 συσσιτίοις,

328 2128 597 2197 Λουτροῖς
621 2126 958 2196 πανημέροις
988 2144 1046 2178 τε
1070 2124 1159 2177 καὶ
1188 2122 1544 2188 πανδαισίαις.

328 2214 392 2268 Ὁ
424 2210 653 2286 Μιχαὴλ
687 2210 743 2267 δὶ
770 2215 971 2288 γίνεται
1007 2212 1385 2287 μελαμφόρος,

328 2302 444 2358 Εἶτ’
473 2301 777 2375 ἀρχιθύτης
802 2302 892 2355 καὶ
922 2300 1187 2375 πρόεδρός
1215 2304 1261 2375 γ’
1296 2302 1520 2378 Ἐφέσου
1552 2320 1565 2334 ·

157 2392 291 2445 3440
328 2390 545 2446 Τούτου
578 2390 812 2461 συνεύνῳ
837 2392 974 2465 πρὸς
1003 2390 1180 2464 γάμου
1206 2391 1491 2445 κοινωνίαν

328 2481 694 2548 Batava-dm;
726 2480 791 2535 οὐ
818 2481 1000 2541 καλῶς
1030 2482 1315 2554 συνεζύγη.

328 2569 690 2629 Ἀποστασίας
721 2566 767 2623 δ’
797 2568 959 2624 εἰσέτι
990 2572 1299 2642 Βρυεννίου,

326 2655 661 2733 Τυραννίδος
690 2661 736 2712 τ’
766 2658 830 2712 αὖ
862 2658 926 2713 οὐ
957 2657 1140 2719 καλῶς
1172 2657 1500 2730 ἐξημμένου,

327 2747 431 2801 Καὶ
468 2747 545 2817 μή
575 2752 740 2810 θεῖναι
773 2744 999 2819 δωρεαῖς
1023 2750 1407 2817 πεπεισμένου,

157 2838 293 2892 3545
332 2836 567 2891 Στέλλει
596 2842 710 2889 κατ’
738 2836 905 2891 αὐτοῦ
939 2834 1191 2910 βασιλεὺς
1222 2837 1316 2896 τὰς
1346 2834 1621 2907 δυνάμεις,

331 2924 567 2996 Ἀλεξίῳ
596 2922 719 2985 δοὺς
750 2929 1025 2996 Κομνηνῷ
1053 2924 1249 2985 ταύτας
1281 2926 1422 2999 ἄγειν
1456 2946 1468 2958 ·

328 3016 431 3076 Ὀς
462 3013 799 3084 συμπλακεὶς
828 3013 1031 3082 ἥττησε
1057 3014 1311 3085 τύραννον
1346 3015 1525 3088 μάχῃ,

334 3104 442 3157 Καὶ
474 3104 653 3179 φωτὸς
686 3100 966 3176 ἐπέρησεν
998 3102 1155 3157 αὐτὸν
1184 3103 1469 3175 ὀμμάτων.

335 3193 483 3264 Πρὸς
516 3191 566 3246 δ’
596 3190 660 3246 αὖ
687 3194 1089 3265 τυραννήσαντα
1116 3194 1204 3246 καὶ
1233 3191 1544 3260 Βασιλάκην

1825 518 1877 581 Α
1907 513 2157 585 denique
2186 512 2545 584 Nicephorus
2576 510 2727 566 alius
2757 508 3077 576 Botaniata,

1910 603 2008 673 qui
2039 607 2096 658 et
2124 601 2438 673 imperium
2466 601 2789 655 Romanum
2820 596 3095 651 obtinuit.

1911 690 2100 746 Pestis
2130 695 2407 761 praeterea
2437 690 2865 758 hominumque
2888 684 3015 740 lues

1909 781 2103 851 gravis
2132 779 2315 833 afﬁxit
2345 779 2593 850 populos
2625 775 2877 846 imperii,

1908 872 1965 922 et
1992 867 2385 938 injustissima
2414 866 2786 936 vectigalium
2819 862 3060 917 exactio.

1906 958 1998 1012 Sic
2023 973 2157 1028 ergo
2190 972 2280 1011 res
2316 955 2583 1011 humanae
2614 959 2753 1008 tunc
2784 968 2845 1006 se
2878 950 3188 1005 habebant.

2128 1044 2574 1100 NICEPUORUS
2616 1038 3018 1096 BOTANIATA
3061 1037 3174 1090 AN.
3219 1034 3316 1090 IlI.

1907 1134 2054 1205 Ergo
2085 1132 2411 1205 appellatur
2444 1148 2539 1187 rex
2565 1130 2869 1185 Botaniata

1904 1229 2079 1293 atque
2110 1222 2353 1278 solemni
2387 1224 2697 1276 stemmate
2726 1220 3043 1272 exornatur
3072 1230 3085 1267 :

1908 1314 2006 1383 qui
2036 1314 2126 1367 sui
2160 1311 2414 1367 nominis
2444 1308 2772 1365 celebrandi
2805 1305 3056 1375 cupidus

1904 1406 2175 1456 cunctam
2209 1400 2409 1454 aerario
2440 1399 2697 1453 debitum
2731 1394 3041 1466 pecuniam

1904 1492 2153 1559 remisit,
2184 1508 2357 1546 novas
2388 1489 2618 1545 tabulas
2642 1488 2956 1542 instiluens
2986 1501 2997 1536 :

1904 1582 1989 1635 vir
2018 1581 2183 1635 laetus
2216 1580 2403 1634 facilis
2427 1578 2805 1645 moribusque
2837 1569 3179 1637 commodis,

1904 1678 2172 1726 czelerum
2206 1668 2425 1738 segnis,
2460 1668 2621 1729 levis,
2656 1662 3004 1724 dissolutus,

1904 1774 2089 1830 neque
2120 1760 2189 1813 ad
2218 1757 2357 1828 reip.
2392 1771 2587 1810 curam
2622 1753 2900 1816 idoneus;

1826 1880 1870 1944 Β
1908 1864 2039 1903 nam
2061 1852 2118 1904 et
2142 1850 2377 1902 senecta
2407 1848 2464 1899 et
2490 1842 2709 1897 morbis
2742 1837 3114 1911 premebatur
3149 1852 3160 1888 :

1904 1938 2281 2007 quamobrem
2312 1934 2458 1989 alios
2486 1931 2626 2002 reip.
2659 1942 3025 2001 praeponens,

1903 2027 2029 2098 ipse
2058 2024 2283 2080 deliciis
2304 2021 2491 2094 epulis
2521 2037 2585 2075 ac
2618 2018 2841 2073 balneis

1904 2113 2395 2170 comissabundus
2426 2108 2687 2180 quotidie
2719 2103 3079 2175 indulgebat.

1906 2202 2149 2258 Michael
2184 2206 2378 2257 autem
2411 2198 2660 2255 clericus
2691 2195 2987 2257 tondetur,

1903 2293 2033 2347 exin
2068 2292 2133 2346 ﬁt
2155 2290 2377 2361 primas
2406 2286 2616 2359 Ephesi
2660 2284 2972 2354 episcopus
3008 2296 3019 2332 :

1903 2383 2074 2452 cujus
2100 2394 2337 2434 uxorem
2372 2377 2483 2433 sibi
2515 2370 2873 2430 consociavit

1904 2470 2063 2526 haud
2095 2466 2470 2524 laudabiliter
2500 2464 2826 2519 Botaniata.

1904 2560 2034 2614 Jam
2068 2556 2384 2613 rebellante
2417 2560 2619 2627 postea
2647 2548 2934 2622 Bryennio

1906 2648 2389 2717 tyrannidemque
2413 2643 2628 2716 perﬁde
2648 2640 2973 2704 affectante,

1907 2753 2095 2839 neque
2123 2753 2186 2791 se
2215 2733 2387 2789 donis
2413 2730 2701 2804 placidum
2739 2728 3049 2799 praebente.

1911 2819 2091 2882 mittit
2120 2826 2178 2879 in
2204 2825 2396 2895 ipsum
2429 2820 2624 2891 copias
2656 2819 2969 2886 imperator

1911 2915 2167 2985 bellique
2200 2914 2405 2966 ducem
2430 2909 2789 2963 Comnenum
2822 2901 3107 2962 Alexium,

1911 3007 2007 3078 qui
2044 3021 2238 3077 pugna
2268 3008 2579 3074 tyrannum
2616 3000 2843 3068 patrata
2875 2991 3029 3057 vicit,

1910 3101 2083 3167 atque
2114 3092 2411 3149 oculorum
2441 3088 2665 3143 lumine
2695 3082 2987 3155 spoliavit.

1916 3187 2053 3240 item
2082 3183 2363 3238 adversus
2392 3176 2696 3232 Basilicem
2730 3170 3004 3227 rebellem

163 3284 298 3338 3550
336 3244 617 3357 Πεμφθεὶς
648 3244 954 3351 Κοιίνηνὸς,
987 3244 1572 3356 συμπλακέίςοίήπρὸς
1621 3282 1803 3356 μάχην

1482 3282 1572 3356 ρὸς
1621 3282 1803 3356 μάχην
1836 3244 1879 3309 C
1922 3273 2139 3329 missus
2165 3272 2518 3331 Comnenus,
2545 3261 2829 3331 consertis
2864 3258 3134 3312 manibus

333 3373 506 3439 Ἠττᾷ
535 3374 805 3444 κραταιῶς
836 3371 925 3424 καὶ
959 3370 1217 3444 στερίσκει
1246 3375 1344 3424 τοῦ
1375 3372 1542 3447 φάους
1578 3389 1590 3402 ·

333 3462 438 3515 Καὶ
474 3461 769 3535 Βαράγγων
796 3460 1049 3532 σύστημα
1076 3464 1171 3514 τοῦ
1203 3462 1545 3537 στεφηφόρου

335 3550 737 3619 Κατεξαναστάν
771 3548 1096 3623 ηὐτρέπιστο
1127 3550 1263 3623 πρὸς
1301 3550 1487 3624 μάχην
1524 3569 1535 3580 ·

330 3638 776 3713 ’Δντιπαρατάξει
804 3636 863 3692 δὲ
890 3638 1077 3713 χειρὸς
1110 3636 1395 3712 δυσμάχου

151 3731 288 3785 3455
328 3726 725 3797 Καθυπεκλίθη
757 3728 846 3782 καὶ
879 3729 1235 3802 συνέγνωσται
1267 3727 1454 3784 πάλιν.

320 3821 594 3872 ’Υστατον
622 3816 859 3890 ἀνταίρει
893 3814 950 3871 δὲ
983 3818 1311 3889 Βοτανειάτῃ

323 3907 623 3979 Κομνηνὸς
656 3906 894 3976 ’Λλὲξιος
920 3906 1343 3977 τυραννοκτόνος
1377 3924 1389 3936 ’

320 3998 425 4057 ’ος
456 3991 785 4051 καταλαϐὼν
809 3992 1094 4071 Ἀδριανοῦ
1128 3997 1226 4062 τήν
1270 3995 1448 4061 πόλιν,

324 4086 576 4159 Στρατόδ
607 4088 652 4138 τ’
684 4084 928 4158 ἀγείρας,
956 4081 1321 4138 ἀναδείκνυται
1353 4085 1590 4157 κράτωρ,

150 4183 288 4236 3-560
326 4180 431 4234 Καὶ
471 4173 782 4250 βασιλικοῖς
810 4170 1077 4227 ἀναδεῖται
1111 4166 1434 4244 συμϐόλοις.

324 4270 468 4333 Μεθ’
490 4269 565 4322 ὧν
599 4266 803 4339 ἀπάρας
828 4265 926 4330 τὴν
962 4260 1360 4315 Κωνσταντίνου
1392 4260 1599 4337 φθάνει,

325 4360 439 4418 Καὶ
467 4352 626 4427 τήνδ’
658 4353 796 4409 ad»
835 4352 989 4426 μάχῃ
1011 4372 1069 4405 τε
1096 4352 1185 4405 καὶ
1221 4349 1516 4425 στρατηγίᾳ

316 4449 569 4507 Εῗσεισιν
599 4444 748 4503 ἐντὸς
776 4445 883 4495 τῶν
920 4438 1208 4507 βασιλείων
1238 4436 1446 4510 δόμων.

315 4545 553 4597 Ἀπεισι
588 4533 634 4589 δ’
664 4534 840 4588 αὐτῶν
874 4532 1236 4600 Βοτανειάτης
1265 4528 1460 4604 τάχος,

142 4636 277 4689 3465
318 4630 435 4688 Καὶ
464 4626 637 4702 τρίχα
666 4623 846 4696 καρεὶς
876 4620 1229 4698 ἀμφιέννυται
1262 4618 1422 4696 ῥάκος

317 4724 407 4777 Ἐν
449 4710 883 4787 Μητρανάνδρου
910 4716 978 4783 τῇ
1016 4714 1154 4782 μονῆ
1186 4704 1575 4783 περιϐλέπτου,

311 4813 495 4871 Ἔνθα
527 4805 699 4866 θανὼν
732 4801 891 4877 ἔτυχε
917 4822 1085 4872 τιμης
1116 4798 1361 4869 ἐντίμου.

440 4897 743 4953 ΑΛΕΞὊΣ
786 4894 829 4949 Ο
867 4894 1247 4947 ΚΟΜΝΗΝΟΣ
1290 4890 1399 4944 ET.
1436 4892 1551 4944 AZ’.

318 4989 495 5047 Οὕτω
530 4986 625 5059 μὲν
656 4983 898 5054 Ἀλὲξιος
928 4978 1118 5055 εὕρατο
1150 4979 1368 5051 κράτος,

318 5082 427 5137 Ὀς
461 5077 550 5130 καὶ
580 5072 899 5127 τεταινίωυο
931 5068 1057 5141 παρ’
1091 5065 1389 5140 ἀρχιθύτου
1423 5082 1437 5097 ⁶

142 5173 281 5227 3470
320 5166 565 5244 Κράτωρ
599 5161 792 5237 ἀγαθὸς
818 5159 905 5213 καὶ
941 5156 1244 5231 στρατηγὸς
1280 5152 1556 5228 γεννάδας,

317 5242 576 5330 Φρικτὸς
612 5252 706 5323 μὲν
738 5249 982 5323 ἐχθροῖς,
1016 5244 1245 5317 εὐμενὴς
1280 5242 1324 5298 δ’
1361 5242 1649 5313 ὑπηκόοις,

313 5346 501 5418 Ἀνῆρ
534 5338 856 5415 περιδέξιος,
890 5335 1011 5409 ὀξὺς
1043 5334 1093 5390 ὲν
1132 5335 1358 5408 μάχαις,

318 5433 500 5496 Εἶδος
530 5427 855 5504 προδεικνὺς
881 5428 1027 5498 ἄξιον
1050 5420 1394 5493 τυραννίδος,

313 5526 427 5583 Καὶ
462 5528 637 5598 πρᾶον
668 5520 802 5587 ἦθος
830 5517 917 5571 καὶ
954 5515 1293 5591 φιλαγάθους
1324 5512 1581 5586 τρόπους.

136 5620 285 5675 3475
321 5616 527 5673 Γὲνους
558 5610 704 5687 ἔχων
744 5607 825 5677 εὖ,
858 5604 1110 5677 σώματός
1138 5605 1185 5656 τ’
1218 5599 1534 5676 εὐρυθμίας,

323 5711 555 5782 Ἔργων
590 5697 918 5775 στρατηγίας
945 5715 1005 5750 τε
1032 5694 1124 5748 καὶ
1159 5695 1344 5767 μάχης
1374 5688 1531 5765 ἴδρις,

488 5826 750 5886 Ριτιοι.
803 5821 915 5879 Ge.
965 5815 1224 5876 CXLIII.

1916 3366 2142 3422 fortiter
2170 3361 2305 3415 vicit
2335 3358 2621 3427 illumque
2653 3349 2980 3409 excaecavit.

1913 3455 2060 3519 Quin
2092 3462 2147 3507 et
2174 3448 2426 3519 Varangi
2462 3442 2750 3515 conjurati
2783 3442 2840 3494 in
2870 3442 3151 3492 Caesarem

1915 3543 2147 3616 publice
2177 3540 2245 3595 ad
2279 3553 2444 3593 arma
2474 3534 2749 3590 seditiosa
2779 3530 3013 3583 iverunt
3046 3542 3059 3578 :

1913 3615 2011 3689 sed
2046 3648 2222 3687 manu
2253 3627 2385 3682 forti
2420 3624 2687 3695 protinus
2711 3615 3045 3691 perdomiti,

1911 3722 2137 3778 veniam
2174 3714 2498 3773 moliminis
2531 3728 2662 3766 mox
2698 3708 3105 3779 impetrarunt.

1912 3816 2108 3884 Ipsum
2144 3811 2440 3879 postremo
2472 3799 2836 3856 Botaniatam
2874 3791 3215 3865 aggreditur

1910 3897 2279 3975 tyrannicida
2308 3893 2643 3948 Comnenus
2676 3885 2899 3941 Alexius
2934 3900 2945 3937 :

1912 3997 2087 4062 atque
2117 3988 2399 4056 occupata
2430 3977 2705 4036 Hadriani
2733 3974 2877 4029 urbe

1912 4078 2287 4146 collectisque
2318 4070 2523 4142 copiis,
2558 4069 2622 4122 ﬁt
2652 4068 2993 4136 imperator,

1912 4176 2087 4240 atque
2117 4163 2415 4235 regalibus
2444 4162 2684 4213 ornatur
2714 4151 3072 4223 insignibus.

1912 4236 2007 4316 Sic
2037 4271 2172 4327 ergo
2202 4250 2483 4308 accedens
2514 4248 2584 4301 ad
2618 4238 2985 4300 Constantini
3019 4236 3246 4303 urbem,

1911 4348 2064 4419 cepit
2095 4346 2247 4399 hanc
2273 4338 2474 4413 praelio
2505 4344 2561 4391 el
2591 4332 2800 4406 peritia
2830 4328 3059 4394 bellica,

1910 4443 1967 4494 et
1991 4435 2207 4500 regiam
2242 4431 2429 4501 ipsam
2464 4421 2769 4494 occupavit
2798 4420 3038 4473 domum
3064 4440 3078 4478 ς

1911 4543 2027 4598 qua
2056 4522 2399 4578 festinanter
2428 4515 2627 4571 exiens
2659 4508 2981 4571 Botaniata,

1835 4603 1881 4666 Ι)
1914 4610 2186 4673 monachi
2218 4607 2501 4672 tunicam,
2534 4607 2704 4657 tonsa
2730 4614 2898 4654 coma
2929 4592 3122 4649 induit

1911 4708 1971 4762 in
2003 4697 2363 4759 monasterio
2393 4691 2736 4749 venerandae
2767 4683 3057 4757 Virginis,

1910 4795 2107 4865 ibique
2130 4788 2384 4844 moriens
2414 4780 2693 4853 sepelitur
2725 4774 3056 4846 magniﬁce.

2126 4875 2419 4935 ALEXIUS
2459 4864 2851 4927 COMNENUS
2894 4862 3010 4917 AN.
3054 4856 3339 4915 XXXVII.

1913 4975 2001 5029 Sic
2034 4985 2170 5041 ergo
2200 4964 2434 5021 Alexius
2466 4964 2674 5015 nactus
2697 4960 2787 5011 est
2810 4950 3146 5023 imperium,

1916 5061 2059 5135 quin
2090 5064 2147 5114 et
2174 5074 2205 5111 a
2237 5068 2446 5111 sumno
2479 5046 2729 5121 praesule
2755 5044 3068 5099 coronatus
3102 5056 3113 5093 :

1919 5153 2107 5207 bonus
2138 5145 2454 5215 imperator
2484 5143 2540 5193 et
2568 5138 2686 5191 dux
2716 5138 3015 5195 strenuus,

1919 5238 2107 5295 hostis
2137 5230 2501 5292 tremendus,
2528 5225 2754 5281 civibus
2786 5216 3110 5281 benivolus,

1921 5326 2193 5401 egregius
2214 5323 2323 5387 vir,
2357 5317 2608 5389 impiger
2636 5314 2695 5367 in
2729 5309 2969 5382 praeliis,

1921 5396 2148 5474 vultum
2183 5429 2297 5485 prae
2330 5426 2391 5465 se
2422 5408 2613 5462 ferens
2642 5399 2890 5473 imperio
2920 5396 3187 5468 dignum,

1923 5509 2122 5564 mitem
2155 5496 2641 5559 consuetudinem
2675 5492 3072 5557 honestosque
3104 5497 3318 5538 mores.

1923 5599 2117 5665 Stirpe
2148 5597 2274 5650 erat
2302 5587 2507 5651 nobili,
2535 5596 2774 5653 corpore
2806 5576 3058 5642 decenti,

1930 5687 2122 5762 operis
2153 5679 2349 5740 bellici
2383 5674 2632 5732 maxime
2663 5670 2889 5745 peritus

3448 377 3549 432 138
