4190 6438
582 423 686 478 139
1144 443 1147 445 ·
1795 411 2160 465 EPHMMI!
2207 408 2237 460 C

1144 443 1147 445 -
1795 411 2160 465 EPHMMI!
2207 407 2777 467 CHRONOGRAPHI

583 561 690 601 nec
721 558 856 599 vero
887 540 1016 596 auri
1045 537 1310 610 cupidini
1341 535 1653 600 obnoxius,

589 650 694 690 nec
727 645 935 686 rursus
966 629 1064 684 ira:
1099 625 1409 698 sanguinis
1436 622 1696 689 sitienti;

589 738 777 792 neque
808 717 1080 789 superbis
1113 715 1423 770 fastosisve
1451 711 1736 776 moribus,

597 811 687 867 vel
719 823 981 878 unquam
1015 804 1270 860 subditis
1302 803 1464 857 aditu
1499 798 1805 865 difficiliis,

576 899 666 955 vel
701 913 881 970 pcenaa
911 897 1147 950 exactor
1175 889 1554 946 inexorabilis
1580 907 1592 955 ;

585 989 686 1044 sed
721 987 778 1040 in
811 982 1238 1055 benignitatem
1273 994 1599 1050 prepensus
1633 975 1840 1046 magis,

585 1075 804 1142 suavis,
838 1073 1198 1136 moderatus,
1234 1068 1547 1139 gratiosus,
1579 1064 1790 1128 facilis,

583 1166 850 1238 prompto
881 1164 938 1216 et
964 1162 1132 1214 acuto
1164 1156 1400 1228 ingenio
1435 1168 1763 1223 arcanoque
1795 1150 1995 1219 simul,

585 1253 844 1323 optimus
875 1248 1208 1304 orthodoxae
1241 1245 1514 1299 defensor
1546 1241 1702 1306 fidei,

585 1358 692 1396 nec
723 1337 1119 1394 conviviorum
1149 1350 1356 1389 amans
1383 1347 1571 1403 neque
1601 1331 1772 1385 luxus
1807 1345 1820 1382 :

577 1436 705 1484 tum
743 1433 799 1483 et
826 1427 1060 1481 virtutis
1090 1423 1482 1492 doctrinaeque
1503 1419 1803 1475 studiosos

579 1518 736 1573 viros
767 1516 1064 1570 bonorans
1097 1515 1153 1567 et
1180 1511 1389 1566 ofﬁciis
1420 1509 1637 1564 colens.

580 1606 722 1662 Huic
744 1603 802 1658 in
840 1601 1067 1673 imperii
1096 1601 1233 1656 sede
1268 1598 1548 1654 collocato

581 1694 828 1751 nuntius
862 1691 1117 1758 advenit,
1150 1688 1359 1744 Italum
1395 1687 1712 1741 Robertum

579 1781 882 1840 Dalmatis:
910 1781 1118 1834 urbem
1149 1777 1510 1848 Epidaurum

578 1873 760 1928 armis
790 1869 1015 1942 cepisse
1048 1874 1103 1923 et
1135 1866 1408 1938 plurimis
1442 1864 1708 1936 navigiis.

575 1964 729 2032 Ergo
762 1959 1058 2030 profectus
1089 1956 1279 2011 Caesar
1310 1970 1441 2009 cum
1475 1953 1726 2008 exercitu

578 2049 742 2117 illuc,
774 2052 830 2102 et
861 2062 1059 2117 pugna
1089 2061 1223 2100 cum
1250 2043 1413 2098 hoste
1445 2045 1688 2112 patrata,

579 2143 776 2192 noster
808 2134 1066 2207 profugit
1099 2132 1295 2205 prmlio
1322 2130 1631 2185 infeciliter

579 2226 806 2281 cladem
841 2225 1101 2279 Romano
1135 2222 1418 2277 referente
1449 2219 1722 2285 exercitu,

583 2322 759 2386 atque
791 2311 1132 2386 Byzantium
1158 2315 1349 2366 Cmsar
1381 2315 1469 2364 est
1499 2324 1792 2364 reversus.

581 2404 821 2458 Barbari
853 2406 1050 2457 autem
1081 2416 1214 2455 cum
1252 2399 1499 2453 Roberto
1533 2400 1681 2451 duce

575 2491 1015 2565 populabantur
1045 2489 1260 2560 oppida
1292 2488 1577 2550 Romana,

571 2581 760 2653 captis
790 2579 1023 2634 Larissa
1052 2577 1433 2657 castoriaque
1467 2573 1734 2629 urbibus.

569 2671 783 2728 Contra
812 2668 1127 2723 Robertum
1160 2681 1366 2719 rursus
1397 2668 1488 2718 est
1518 2679 1792 2734 egressus

568 2758 825 2828 inclytus
855 2758 1044 2813 Caesar
1077 2770 1210 2810 cum
1248 2752 1473 2825 ingenti
1507 2752 1789 2816 exercitu,

571 2853 746 2919 atque
773 2845 1097 2902 Castoriam
1131 2843 1518 2914 recuperavit.

569 2938 886 2994 Robertum
916 2939 1110 2989 autem
1145 2937 1274 2987 astu
1306 2938 1394 2987 est
1417 2946 1753 3002 aggressus.

564 3026 734 3096 cujus
768 3024 1051 3079 rationem
1085 3022 1326 3075 interest
1350 3035 1609 3074 narrare.

564 3117 753 3170 Caesar
778 3118 1046 3169 ornatum
1079 3110 1302 3181 regium
1332 3108 1756 3177 circumposuit

568 3218 842 3272 germano
877 3200 1136 3272 proprio,
1169 3187 1484 3268 copiasque
1515 3196 1796 3259 tradidit;

563 3307 820 3361 cumque
845 3288 1028 3358 jussit
1052 3286 1346 3358 expositas
1379 3286 1633 3356 praebere

565 3378 625 3434 in
659 3379 802 3443 acie,
837 3393 1033 3433 coram
1067 3376 1302 3448 agmine
1334 3374 1570 3429 Roberti
1600 3389 1614 3439 ;

563 3469 664 3539 qui
697 3467 742 3522 si
778 3466 974 3538 copias
1007 3482 1144 3520 suas
1171 3469 1372 3520 contra
1402 3462 1836 3527 commovisset,

564 3560 875 3612 monuerat
906 3555 1146 3610 fratrem
1177 3553 1380 3608 cedere
1412 3552 1593 3607 effusa
1624 3552 1781 3624 fuga.

559 3646 800 3703 Interim
823 3647 1014 3702 Caasar
1048 3643 1276 3698 modico
1309 3659 1442 3697 cum
1478 3641 1665 3696 milite

555 3751 658 3807 per
687 3751 836 3790 caeca
867 3738 1105 3806 reptans
1133 3730 1405 3787 difficilia
1427 3731 1554 3786 loca

554 3829 678 3880 tota
707 3823 956 3896 diripuit
989 3821 1376 3876 Barbarorum
1411 3824 1625 3887 castra,

553 3917 844 3986 quotquot
874 3911 955 3967 ibi
988 3912 1203 3982 reperit
1234 3910 1364 3965 caesi
1399 3909 1614 3981 gladio.

555 4003 804 4074 Cognita
835 4018 897 4056 re
928 4001 1232 4065 barbarus,
1267 4004 1424 4054 metu
1456 3999 1744 4066 attonitus

552 4092 752 4147 animo
785 4091 961 4146 simul
995 4090 1338 4160 viribusque
1368 4087 1644 4158 concidit,

552 4181 864 4252 cunctique
897 4183 1037 4234 sunt
1071 4178 1289 4233 reversi
1317 4179 1376 4232 in
1409 4177 1662 4249 patriam
1697 4193 1865 4233 suam

553 4271 739 4327 risum
774 4268 1006 4335 lucrati,
1041 4267 1159 4322 imo
1191 4270 1246 4322 et
1279 4266 1686 4337 ignominiam.

549 4361 753 4416 Postea
782 4359 993 4427 Turca,
1019 4357 1111 4412 cui
1145 4372 1356 4411 nomen
1389 4356 1667 4424 Tzachas,

545 4448 818 4517 Chii'jam
853 4447 1151 4512 dominus,
1188 4446 1472 4501 adornata
1502 4446 1710 4517 classe,

545 4545 789 4595 Samum
818 4545 872 4592 et
905 4536 1158 4591 Lesbum
1188 4540 1365 4607 atque
1399 4535 1667 4590 Rhodum
1712 4537 1887 4607 capit,

541 4629 807 4698 aliasque
840 4626 1254 4698 praefecturas;
1291 4625 1391 4680 sed
1428 4626 1565 4679 inde
1606 4624 1810 4696 pulsus

545 4716 761 4789 praeliis
794 4714 1108 4771 maritimis
1139 4734 1172 4770 α
1204 4715 1485 4770 Romanis
1518 4715 1650 4770 fuit.

539 4809 706 4862 Tunc
736 4805 912 4862 etiam
946 4807 1171 4878 Cyprus
1197 4805 1409 4860 defecit
1441 4805 1512 4859 ab
1559 4804 1804 4876 imperio

539 4900 825 4968 occupata
856 4895 1126 4950 videlicet
1158 4913 1190 4949 a
1223 4895 1707 4966 Rbapsommato.

539 4987 814 5043 Fertilem
853 4986 1159 5056 insupater
1189 4985 1551 5039 Cretensium
1577 4984 1831 5040 insulam

537 5077 783 5132 rabidus
815 5076 1053 5146 quidam
1087 5074 1333 5146 Caryces
1369 5073 1601 5129 rebellis

531 5166 582 5220 vi
616 5171 868 5236 captam,
903 5164 1182 5219 dominus
1215 5163 1391 5219 veluti
1428 5163 1744 5218 insidebat.

530 5255 850 5325 Utramque
883 5259 1077 5309 tamen
1112 5253 1369 5308 insulam
1403 5252 1650 5324 imperio

527 5345 734 5400 classis
770 5345 1032 5399 Romana
1063 5344 1257 5398 denuo
1290 5342 1571 5398 restituit.

524 5435 642 5489 Hoc
675 5435 1029 5505 impetrante
1061 5437 1305 5498 Casare,
1337 5438 1505 5488 terras
1541 5436 1735 5488 motus

521 5525 845 5579 admodum
881 5522 1197 5579 vehemens
1231 5527 1403 5590 atque
1436 5524 1732 5577 terrificus

520 5613 818 5685 speciosae
849 5614 1053 5668 domos
1082 5611 1423 5683 templaque
1455 5612 1769 5683 magnifica

521 5703 705 5759 diruit
733 5703 979 5774 passim,
1006 5703 1178 5773 vique
1212 5719 1320 5757 sua
1353 5702 1642 5757 contrivit.

2261 529 2317 594 Α

2230 4625 2280 4687 D

2526 533 2602 589 Οὐ
2637 533 2941 608 χρημάτων
2971 533 3176 604 ἥττητο
3205 535 3294 588 καὶ
3325 532 3731 608 χρυσαργύρου,

2521 619 2647 675 Οότ³
2678 620 2740 675 αὖ
2773 626 2950 695 θυμοῦ
2977 642 3037 677 τε
3059 623 3146 677 καὶ
3180 620 3360 696 χόλου
3393 618 3771 698 φθισιϐρότου,

2521 708 2640 784 Οὐχ
2673 710 2984 782 ὑπερόπτης
3011 710 3100 765 καὶ
3133 705 3362 783 σοϐαρός
3391 731 3475 771 τις
3504 709 3768 784 τρόπους’

2344 798 2484 852 3480
2522 800 2587 854 Ἣ
2619 796 2982 874 δυσπρόσιτος
3006 801 3071 868 ἦν
3111 799 3372 869 ὑπηκόοις
3403 797 3568 867 ὅλως,

2520 888 2590 943 Ἢ
2620 889 2755 960 πρὸς
2785 888 3010 943 κόλασιν
3043 890 3427 963 ἀπαραιτήτως
3454 884 3599 962 ἔχων
3637 906 3649 920 ⁸

2523 975 2843 1043 Ἐπικλινὴς
2873 975 2930 1030 δὲ
2959 976 3094 1051 πρὸς
3123 975 3544 1053 φιλανθρώπους
3572 977 3834 1051 τρόπους,

2521 1066 2778 1139 Μέτριος,
2812 1063 2969 1135 ἡδὺς,
3001 1065 3342 1139 εὐπρόσιτος,
3377 1066 3615 1140 χαρίεις,

2519 1157 2732 1226 Πτηνὸς
2758 1157 3042 1232 φρόνησιν,
3075 1157 3333 1231 ἀγχίνους
3365 1156 3400 1225 ἢ
3431 1155 3738 1230 κρυψίνους,

2340 1244 2482 1300 3485
2518 1245 2863 1320 ’Υπέρμαχος
2895 1243 3191 1308 κάλλιστος
3223 1243 3561 1321 ὀρθοδοξίας,

2519 1331 2732 1389 Δίαιταν
2761 1336 2928 1409 ἀορὰν
2961 1336 3025 1389 οὗ
3056 1339 3230 1412 φιλῶν
3263 1332 3378 1389 οὐδ’
3404 1331 3469 1388 αὖ
3497 1335 3700 1396 πότους
3735 1353 3747 1366 ·

2517 1421 2753 1499 νΑνδρας
2786 1422 3010 1498 λογίους
3040 1423 3234 1499 ἀρετήν
3259 1425 3308 1476 τ’
3338 1423 3648 1494 ἠσκηκότας

2517 1507 2700 1566 Σέϐων
2735 1533 2791 1566 τε
2819 1517 2995 1585 τιμῶν
3027 1512 3115 1567 καὶ
3148 1511 3504 1588 προσανέχων
3538 1513 3736 1590 σφίσιν.

2517 1601 2786 1674 Ἥγγελτο
2811 1599 2951 1672 τῷδε
2979 1606 3076 1655 τοῦ
3105 1601 3334 1676 κράτους
3368 1599 3718 1677 δεδραγμένῳ

2338 1693 2480 1746 3490
2515 1692 2606 1751 Ὠς
2631 1711 2713 1752 τις
2743 1690 2950 1752 Ἰταλὸς
2981 1693 3311 1765 Ῥομπέρτος
3339 1691 3677 1762 κεκλημένος

2514 1779 2609 1842 Είς
2638 1778 2951 1852 Δαλματίας
2979 1781 3078 1848 τὴν
3111 1777 3446 1852 Ἐπίδαμνον
3479 1779 3639 1834 πόλιν

2515 1867 2618 1922 Σὺν
2646 1873 2867 1942 στρατιᾷ
2895 1875 3097 1941 κατῆρε
3115 1869 3204 1923 καὶ
3242 1869 3397 1944 βαρεῖ
3427 1866 3625 1941 στόλῳ.

2512 1959 2713 2028 ’Έξεισι
2742 1959 2922 2012 τοίνυν
2957 1957 3338 2033 ἐκστρατεύσας
3373 1959 3400 2012 ὁ
3430 1959 3668 2030 κράτωρ,

2515 2047 2612 2100 Καὶ
2645 2045 2764 2120 τῇδ’
2791 2046 3011 2110 ἐπιστὰς
3041 2045 3377 2119 συμπλακείς
3406 2048 3454 2100 τ’
3482 2045 3786 2118 ἀντιπάλῳ,

2334 2137 2474 2190 3495
2515 2137 2776 2213 Πὲφευγεν
2810 2136 2966 2193 οὗτος
2999 2133 3277 2198 δυσκλεῶς
3308 2134 3365 2189 ἐκ
3391 2141 3492 2203 τῆς
3525 2136 3732 2210 μάχης,

2511 2228 2623 2293 Τῆς
2652 2227 2966 2297 Ῥωμαϊκῆς
2999 2230 3248 2296 στρατιᾶς
3281 2227 3417 2293 ἡττη
3432 2225 3598 2297 μένης
3627 2243 3637 2254 ·

2509 2314 2607 2368 Καὶ
2644 2312 2898 2388 βασιλεὺς
2929 2314 3021 2386 μὲν
3051 2314 3149 2381 τήν
3183 2315 3592 2368 Κωνσταντίνου
3631 2313 3816 2387 φθάνει
3853 2333 3864 2344 ·

2507 2401 2573 2457 Οἱ
2605 2395 2878 2474 Βάρϐαροι
2914 2398 2970 2455 δὲ
3002 2400 3094 2454 σὺν
3128 2402 3440 2476 στρατάρχῃ
3467 2402 3790 2474 Ῥομπέρτῳ

2507 2487 2908 2558 Λεηλατοῦντις
2942 2491 3226 2561 Ῥωμαϊκὰ
3256 2490 3439 2564 χωρία

2330 2580 2470 2634 3500
2508 2580 2777 2652 Λάρισσαν
2808 2577 2959 2633 εἶλον
2989 2579 3080 2633 καὶ
3114 2578 3415 2653 Καστορίαν
3445 2576 3639 2640 πόλεις
3675 2599 3688 2611 ·

2507 2669 2703 2738 Ἐξεισι
2737 2666 2929 2722 λοιπὸν
2965 2668 3099 2722 κατὰ
3123 2668 3461 2740 Ῥομπέρτου
3492 2665 3657 2722 πάλιν

2503 2755 2663 2826 ’Ἀναξ
2690 2757 2717 2810 ὁ
2747 2755 2960 2817 κλεινὸς
2991 2755 3082 2809 σὺν
3119 2759 3341 2830 στρατιᾷ
3375 2755 3561 2829 μυρίᾳ,

2506 2843 2603 2898 Καὶ
2632 2844 2927 2918 Καστορίαν
2960 2839 3332 2916 ἀναλαμϐάνει
3363 2843 3550 2913 πάλιν,

2503 2932 2602 2987 Καὶ
2629 2934 2963 3006 Ῥομπέρτον
2997 2935 3202 3005 μέτεισι
3231 2931 3640 3008 δραματουργία
3673 2951 3684 2965 ·

2325 3024 2466 3078 3505
2504 3024 2694 3083 ’Ὀπως
2718 3043 2777 3076 τι
2807 3019 2988 3096 δρᾶμα
3019 3021 3436 3094 συμπέπλασται
3474 3021 3664 3096 ῥητέον
3702 3040 3713 3053 ’

2504 3117 2711 3186 Σχῆμα
2739 3111 3081 3185 περιτίθησιν
3109 3111 3336 3186 ἀρχικὸν
3369 3111 3585 3186 κράτωρ

2503 3200 2682 3255 Αὐτοῦ
2713 3201 2758 3253 τ’
2792 3196 3012 3276 ἀδελφῷ
3040 3201 3128 3252 καὶ
3161 3200 3410 3273 στρατιὰν
3441 3199 3738 3274 προσνέμει

2505 3288 2607 3343 Καί
2638 3289 2688 3340 οἱ
2719 3289 2854 3341 κατά
2885 3291 3131 3363 φάλαγγα
3160 3285 3325 3357 τήνδε
3354 3286 3694 3364 Ῥομπέρτου

2505 3380 2710 3441 Στῆσαι
2740 3375 3124 3450 παρηγγύησεν
3159 3371 3512 3446 εὐεπηϐόλως
3549 3396 3560 3408 ·

2327 3468 2468 3522 3510
2508 3463 2610 3520 Κᾶν
2650 3466 2743 3537 μὶν
2775 3467 2888 3519 κατ’
2921 3465 3082 3519 αὐτοῦ
3116 3469 3342 3539 συγκινῇ
3374 3467 3469 3527 τὰς
3505 3463 3791 3538 δυνάμεις,

2504 3553 2812 3629 Στρέψαντα
2842 3557 2984 3608 νῶτα
3009 3551 3399 3627 προτροπάδην
3434 3555 3729 3630 φυγγάνειν
3776 3573 3788 3586 ⁸

2501 3645 2579 3698 Δι’
2611 3645 2826 3721 ἀφανῶν
2861 3641 2918 3698 δὲ
2950 3638 3234 3698 δυσϐάτων
3265 3664 3324 3698 τε
3357 3642 3580 3718 χωρίων

2499 3735 2660 3806 Ἀναξ
2695 3731 2905 3796 διεκδὺς
2940 3732 3033 3787 σὺν
3066 3730 3319 3794 ὁπλίταις
3354 3733 3606 3808 βραχέσι,

2496 3823 2755 3894 Ληΐζεται
2787 3825 3005 3898 χάρακα
3030 3823 3200 3877 πάντα
3233 3817 3577 3897 βαρϐάρωνλ

2319 3914 2459 3970 3515
2497 3914 2603 3969 Καὶ
2631 3912 2760 3975 τοὺς
2792 3913 2842 3967 έν
2879 3913 3022 3985 αὐτῷ
3050 3909 3388 3988 παραδίδωσι
3421 3911 3557 3988 ξίφει
3594 3931 3605 3943 ·

2493 4003 2559 4059 ’Ὀ
2586 3998 2868 4075 Βάρϐαρος
2901 4000 3062 4076 γνοὺς
3097 4000 3374 4076 συσχεθεὶς
3408 4001 3614 4072 ἀθυμίᾳ

2494 4097 2726 4167 Παρεῖτο
2759 4096 2948 4166 χεῖρας
2980 4091 3070 4144 καὶ
3103 4089 3268 4162 δέμας
3297 4089 3386 4143 καὶ
3417 4087 3661 4166 καρδίαν,

2494 4181 2598 4236 Καὶ
2626 4181 2821 4244 πάντες
2847 4180 3140 4255 ἀπῲχοντο
3174 4180 3310 4252 πρὸς
3341 4183 3487 4257 σφῶν
3520 4176 3754 4253 πατρίδα

2493 4268 2826 4347 Ὠφληκότες
2857 4269 3092 4343 γέλωτα,
3127 4270 3263 4343 πρὸς
3298 4267 3342 4323 δ’
3375 4267 3439 4322 αὖ
3464 4267 3734 4343 αΐσχύνην
3771 4287 3780 4297 ·

2315 4360 2454 4415 3520
2493 4359 2597 4415 Καὶ
2630 4363 2878 4434 Τοῦρκος
2911 4357 3062 4422 αὖθις
3096 4362 3319 4433 Τζαχᾶς
3345 4379 3427 4420 τις
3457 4355 3802 4429 κεκλημένος

2491 4448 2623 4504 Χίον
2651 4449 2941 4524 κατασχὼν
2976 4449 3060 4503 καὶ
3091 4448 3286 4503 στόλον
3317 4447 3640 4520 καταρτίσας

2489 4540 2646 4614 Αἱρεῖ
2681 4541 2866 4612 Σάμον
2901 4532 3103 4593 Λέσϐον
3135 4559 3194 4592 τε
3218 4539 3416 4608 νήσους
3448 4536 3537 4591 καὶ
3567 4533 3782 4605 Ῥόδον,

2487 4627 2697 4689 ’Ἄλλας
2729 4649 2785 4682 τε
2819 4626 3151 4698 δεσποτείας,
3181 4625 3504 4699 ἐξελήλαται
3537 4623 3700 4680 πάλιν

2487 4722 2782 4790 Ῥωμαϊκῷ
2815 4715 2996 4790 στόλῳ
3027 4718 3116 4771 καὶ
3147 4717 3449 4791 ναυμαχίᾳ.

2308 4808 2449 4862 3525
2489 4808 2812 4861 Ἀποστατιῖ
2843 4804 2899 4860 δέ
2927 4808 3222 4877 τηνικαῦτα
3253 4806 3342 4860 καὶ
3375 4807 3598 4882 Κύπρος

2481 4900 2589 4952 Τοῦ
2620 4896 3015 4969 Ῥαψομμάτου
3044 4893 3208 4966 τήνδε
3237 4897 3669 4970 κατεσχηκότος.

2485 4985 2587 5042 Καὶ
2618 4983 2781 5039 πάλιν
2813 4984 3152 5061 ἀμφίρρυτον
3187 4981 3414 5062 εὔφορον
3449 4986 3670 5055 Κρήτην

2479 5076 2642 5148 Ἀνὴρ
2678 5076 2927 5150 Καρύκης
2963 5072 3241 5144 δυσμενὴς
3272 5074 3588 5141 ἀποστάτης

2477 5165 2573 5235 Βίᾳ
2603 5163 2917 5238 κατασχὼν,
2955 5165 3070 5238 εἶχε
3101 5164 3236 5238 πρὸς
3269 5165 3548 5217 κατοικίαν
3581 5180 3594 5193 ⁸

2296 5256 2438 5309 3530
2477 5254 2823 5322 Ἐπανεσώθη
2860 5250 2906 5306 δ’
2938 5252 3091 5316 αὖθις
3123 5247 3377 5306 Αὐσόνων
3410 5251 3594 5327 κράτει

2471 5345 2672 5413 Νήσων
2708 5339 2835 5405 δυὰς
2866 5343 2999 5411 αὕτη
3032 5363 3091 5417 γε
3123 5342 3413 5414 Ῥωμαίων
3444 5340 3642 5414 στόλῳ.

2469 5431 2672 5487 Τούτου
2702 5436 3024 5504 κρατοῦντος
3058 5432 3145 5485 καὶ
3178 5429 3376 5493 κλόνος
3408 5435 3514 5506 γῆς
3549 5425 3770 5500 συνέϐη,

2472 5522 2704 5594 Σεισμός
2735 5542 2793 5576 τε
2825 5519 3000 5582 δεινὸς
3033 5521 3122 5575 καὶ
3156 5519 3277 5575 λίαν
3311 5523 3624 5597 φρικαλέος.

2465 5613 2574 5689 Ὑφ’
2607 5612 2668 5665 οὗ
2701 5609 2866 5665 καλοὶ
2901 5607 3064 5682 δόμοι
3087 5631 3145 5665 τε
3176 5612 3265 5664 καὶ
3301 5610 3419 5664 ναοὶ
3456 5610 3596 5681 ξένοι

2289 5706 2429 5761 3535
2469 5701 2870 5762 Καταπεσόντες
2901 5695 3287 5775 συνετρίϐησαν
3326 5701 3418 5776 βίᾳ
3450 5719 3462 5731 ·

3883 412 3983 466 HO
