4208 6430
184 411 282 464 Nl

367 536 701 610 Συνηρεφεῖς
728 553 788 588 τε
814 532 904 588 καὶ
939 535 1138 609 μακραὶ
1171 535 1323 588 στοαί
1356 536 1519 587 πάΑιν

366 635 577 684 Πτῶσιν
610 635 874 693 παθοῦσαι
906 629 1216 706 συνέχωσαν
1252 629 1538 691 ἀπλέτους.

363 719 470 773 Καὶ
505 720 835 786 Πατζινάκαι
869 720 1131 782 Σκυθικὸν
1159 720 1322 774 πάλιν
1357 718 1507 783 ἔθνος

359 806 574 880 Θράκης
607 807 786 880 ἐπῄει,
815 807 1149 870 Μακεδονίας
1181 809 1361 881 ὅρους,

179 897 322 951 3540
364 894 551 949 Αὐτῶν
585 896 757 967 νομάς
786 918 844 950 τε
872 898 961 950 καὶ
992 899 1193 959 τόπους
1223 896 1564 958 λελοιπότες.

358 980 535 1039 Ἀλλά
564 986 684 1038 κατ’
712 984 886 1039 αὐτῶν
922 985 1305 1057 ἐκστρατεύσας
1336 987 1363 1039 ὁ
1403 988 1619 1059 κράτωρ

362 1071 464 1128 Καὶ
495 1071 859 1144 συμπλακεὶς,
890 1073 1096 1144 ἥττητο
1127 1074 1309 1129 τοῖσδε
1343 1070 1663 1149 Βαρϐάροις,

356 1161 443 1222 Ὠς
476 1167 820 1236 στρατιωτῶν
846 1169 962 1224 τοῖς
991 1163 1185 1224 ὅπλοις
1218 1163 1581 1229 πεποιθότων,

360 1250 457 1303 Καὶ
495 1251 570 1322 μὴ
602 1253 803 1322 νικητῇ
830 1257 907 1322 τῷ
940 1257 1056 1323 Θεῷ
1085 1251 1269 1308 καλῶν
1305 1252 1454 1325 δότῃ.

173 1339 318 1394 3545
357 1338 454 1391 Καὶ
487 1338 655 1394 πάλιν
683 1339 998 1413 ἐστράτευσε
1026 1343 1144 1394 κατ’
1175 1342 1351 1395 αὐτῶν
1385 1339 1534 1410 ἅναξ,

357 1428 454 1481 Καὶ
488 1429 768 1501 σώφρονός
798 1451 856 1503 γε
889 1436 1138 1504 στρατιᾶς
1166 1429 1516 1505 δεδειγμένης

354 1518 557 1585 Ῥοπῆς
588 1539 645 1571 τε
671 1518 815 1579 Θείας
848 1517 1072 1580 ἐλπίδας
1103 1519 1388 1592 ἐξαψάσης,

357 1606 643 1678 Συμμίξας
678 1607 862 1668 αὐτοῖς
895 1606 1077 1677 ἐκνικᾷ
1106 1609 1241 1662 κατὰ
1270 1609 1487 1681 κράτος,

356 1694 452 1747 Καὶ
487 1699 631 1770 σφῶν
664 1695 726 1748 τὸ
758 1693 973 1764 πλῆθος
1003 1697 1334 1769 ἐκθερίζουσι
1360 1697 1497 1769 ξίφει
1533 1717 1543 1727 ·

166 1785 313 1840 3550
352 1782 592 1846 ’Ἄλλους
624 1781 671 1837 δ’
702 1784 915 1846 ἑλόντες
946 1786 1342 1861 αῗχμαλώτους
1373 1785 1423 1839 ἐν
1461 1785 1612 1859 μάχῃ

344 1871 672 1945 Ἡρημένοις
702 1880 838 1950 σφᾶς
867 1873 1115 1930 ἀπέδοντ’
1147 1875 1432 1950 ἀργυρίου.

352 1962 413 2017 Ὁ
445 1959 492 2014 δ’
524 1960 874 2036 αὐτοκράτωρ
907 1963 966 2017 ἐκ
998 1965 1222 2017 Σκυθὸν
1257 1962 1551 2038 ἀποκρίνας

347 2051 512 2111 Νέους
543 2057 878 2127 σφριγῶντας
909 2052 1172 2117 εὐσθενεῖς
1197 2054 1286 2108 καὶ
1322 2053 1602 2127 μαχίμους

349 2140 434 2192 Ἐν
463 2138 756 2215 Μογλένων
791 2138 956 2212 ᾤκισε
980 2143 1194 2203 τούτοις
1227 2142 1481 2218 χωρίοις,

165 2227 310 2281 3555
349 2227 566 2282 Οἷκεῖόν
602 2229 653 2282 οἱ
680 2227 957 2302 σύνταγμα
985 2231 1208 2290 τούτους
1242 2228 1494 2297 καλέσας,

343 2318 406 2370 Οἳ
439 2319 526 2371 καὶ
566 2317 731 2392 μέχρι
765 2317 855 2373 νὺν
891 2320 996 2373 ἀπὸ
1028 2318 1314 2394 Μογλένου
1342 2320 1513 2373 τόπου

341 2411 477 2461 Ilio:
511 2404 801 2462 καλοῦνται
827 2407 1423 2482 Μογλενοπατζινάκαι.

342 2496 439 2549 Καὶ
472 2497 696 2570 στρατιά
723 2519 808 2559 τις
839 2498 1061 2553 Ἰταλῶν
1099 2499 1148 2571 ἐξ
1178 2499 1403 2574 ἑσπέρας

337 2585 542 2640 Ἀνεισι
578 2583 841 2660 βαδίσασα
869 2586 1007 2661 πρὸς
1038 2585 1358 2656 Βυζαντίδα,

166 2673 308 2727 3560
348 2675 596 2746 Ἔχουσα
623 2673 687 2728 τὸ
712 2679 997 2750 πρόθυμον
1031 2677 1105 2738 ὡς
1138 2677 1272 2751 πρὸς
1301 2679 1398 2744 τήν
1429 2674 1503 2730 ἕω
1536 2694 1548 2706 ·

341 2763 438 2823 Ἠς
471 2763 783 2837 συγκίνησιν
818 2764 1072 2841 ἐμφανῶς
1103 2765 1409 2839 προμηνύει

339 2849 560 2918 Πληθὺς
590 2849 829 2925 ἀκρίδων
863 2853 1088 2927 ἑσπέρας
1117 2856 1252 2927 πρὸς
1281 2857 1379 2923 τὴν
1411 2851 1507 2924 ἕω,

339 2937 435 2994 Διά
463 2961 522 2993 τε
553 2941 790 3015 Θρᾴκης,
821 2939 1153 3004 Μακεδονίας
1186 2943 1327 3019 ὅρων

339 3031 448 3098 Τὴν
481 3030 661 3105 ἀέριον
695 3038 892 3101 πτῆσιν
919 3033 1335 3108 ἐξεργασαμένη.

159 3121 300 3176 3565
341 3122 608 3195 Φράγγων
637 3119 791 3193 ὅμως
821 3123 1129 3195 στράτευμα
1158 3125 1402 3197 πορθμὸν
1433 3118 1611 3193 διέὸη,

343 3208 659 3285 Ἐφίσταται
693 3207 749 3263 δὶ
778 3213 847 3282 τῇ
875 3210 1118 3265 Νικαέων
1151 3209 1310 3265 πόλει

338 3299 502 3371 Χιρσὶ
537 3296 797 3368 Τούρκων
832 3295 1087 3373 αἶ’σχιστα
1113 3300 1515 3376 τυραννουμένῃ
1554 3319 1566 3332 ·

339 3386 443 3441 Καὶ
477 3385 568 3440 σὺν
603 3388 795 3462 χρόνῳ
826 3385 883 3441 δὲ
913 3388 1001 3442 καὶ
1040 3392 1194 3464 μάχῃ
1229 3388 1496 3466 φρικαλέᾳ

341 3480 530 3549 Φθορᾷ
559 3496 618 3530 τε
649 3474 837 3550 πολλῇ
869 3477 1006 3552 πρὸς
1043 3483 1220 3550 μερῶν
1253 3478 1514 3554 ἑκατέρων

156 3565 299 3620 3570
340 3566 573 3638 Αἱροῦσι
603 3566 849 3640 Φράγγοι
881 3567 979 3633 τὴν
1007 3564 1170 3620 πόλιν
1197 3568 1334 3622 κατὰ
1357 3569 1573 3642 κράτος,

342 3654 438 3708 Καὶ
472 3658 552 3724 τῷ
587 3653 803 3728 βασιλεῖ
831 3653 995 3725 τήνδε
1024 3659 1256 3711 πολλῶν
1290 3678 1398 3732 χρη
1413 3658 1594 3729 μάτων

341 3741 765 3815 Ἀπεμπολοῦσι
792 3745 879 3798 καὶ
912 3750 1272 3819 προχωροῦσι
1303 3745 1491 3821 πρόσω
1516 3766 1527 3777 ·

340 3831 446 3888 Καὶ
477 3827 884 3907 προσϐαλόντες
915 3835 1204 3908 Ἀντιόχου
1234 3840 1302 3909 τῇ
1334 3835 1496 3891 πόλει

345 3922 606 3996 Δὶροῦσιν
642 3921 811 3990 αὐτὴν
838 3930 1117 3997 μηχαναῖς
1144 3944 1202 3978 τε
1231 3926 1320 3978 καὶ
1357 3925 1510 4002 μάχῃ
1543 3945 1554 3958 .

157 4014 302 4068 3575
341 4012 474 4067 Mctl'
500 4012 562 4079 ἣν
596 4011 796 4084 ἀγῶσιν
830 4010 1078 4086 ἰσχυροῖς
1110 4033 1166 4067 τε
1195 4013 1283 4067 καὶ
1318 4015 1472 4090 μάχῃ

347 4099 444 4156 Καὶ
477 4100 575 4168 τὴν
612 4099 754 4153 Σιὼν
785 4100 995 4174 αἱροῦσι
1026 4101 1126 4170 τήν
1158 4103 1482 4158 Θεοῢσπόλιν
1520 4124 1532 4136 ·

345 4189 444 4245 Καὶ
471 4187 852 4262 Ῥαϊμοῦνδος,
883 4191 942 4245 οὗ
972 4193 1152 4262 πατὴρ
1184 4192 1249 4260 ἦν
1285 4195 1621 4270 Ρομπέρτος,

343 4277 464 4335 Τῶν
496 4280 624 4352 παρ’
651 4278 887 4341 Ἰταλοῖς
921 4280 995 4343 εἷς
1026 4278 1312 4353 ἐπισήμων
1339 4281 1542 4353 πέλων,

343 4367 556 4430 Πίστιις
590 4367 841 4440 ἐνόρκους
872 4363 999 4443 ἔδρα
1027 4371 1164 4443 πρὸς
1201 4369 1428 4445 βασιλέα

153 4461 303 4516 3580
345 4459 460 4526 Τήν
491 4455 558 4526 δὴ
586 4458 724 4531 πρὸς
757 4457 916 4512 αὐτὸν
951 4457 1289 4530 ἑμπεδούσας
1323 4460 1506 4534 φιλίαν

346 4547 450 4604 Καὶ
479 4545 745 4616 δουλικὴν
781 4543 992 4602 εὔνοιαν
1023 4547 1107 4602 ἀεῖ
1130 4550 1219 4604 καὶ
1253 4549 1461 4624 σχέσιν.

345 4639 504 4694 Ὅθεν
541 4632 727 4693 λαϐὼν
754 4638 1018 4711 χρήματα
1048 4638 1184 4711 πρὸς
1222 4639 1518 4708 βασιλέως,

348 4725 444 4782 Καὶ
477 4723 686 4799 δωρεὰς
719 4725 782 4778 αὗ
813 4724 1133 4803 φιλοτιμίας
1166 4727 1333 4798 ξένας,

346 4815 494 4888 Ηρὸς
529 4812 728 4887 Συρίαν
762 4814 1020 4888 ὥρμησεν
1053 4816 1141 4870 καὶ
1175 4815 1425 4872 Κιλικίαν
1464 4839 1476 4852 ·

160 4906 305 4960 3585
346 4905 459 4972 Τῆς
494 4899 541 4957 δ’
571 4903 867 4978 Ἀντιόχου
898 4909 1315 4978 κατακρατήσας
1351 4908 1527 4984 μάχῃ,

346 4990 448 5053 Οὓς
482 4992 631 5067 εἶχεν
666 4993 863 5068 ὅρκους
895 4992 1031 5068 πρός
1070 4993 1344 5070 βασιλέας,
1380 4995 1577 5071 δράσας

353 5081 601 5145 Σπονδάς
630 5105 688 5139 τε
721 5085 946 5160 φρικτὰς
977 5087 1264 5158 ἠΘετηκὼς
1296 5088 1508 5160 αὐτίκα,

349 5171 654 5235 Ἀσπονδος
686 5174 888 5249 ἐχθρὸς
921 5175 1110 5251 εὑρέθη
1143 5176 1472 5250 Ῥωμαίδος.

351 5263 444 5318 Ἐκ
471 5265 579 5316 τῶν
611 5262 762 5333 ὶῴων
790 5268 1076 5338 τοιγαροῦν
1105 5265 1240 5337 πρὸς
1269 5267 1493 5342 έσπέραν

165 5352 311 5407 3590
349 5348 588 5408 Μέλλων
615 5351 860 5426 ἀπαίρειν
888 5354 923 5420 ἡ
961 5347 1199 5423 βέϐηλος
1225 5352 1438 5430 καρδία,

347 5440 530 5495 Αὐτοῦ
555 5440 924 5514 κατεψεύσανο
955 5443 1183 5497 Θάνατον
1216 5439 1397 5517 φόϐῳ,

347 5529 436 5591 Ὠς
467 5529 657 5605 νεκρὸς
689 5527 782 5585 οὖν
815 5528 1047 5593 ἐντεθεὶς
1084 5531 1410 5606 ἐψευσμένος

348 5621 414 5676 Ἠ
446 5619 636 5696 νεκρὸς
667 5617 909 5693 ἔμπνους
939 5617 1280 5696 λαρνακιδίῳ
1315 5622 1445 5679 τότε

346 5709 596 5780 Ἀπῆκτο
631 5711 820 5788 χερσὶν
857 5710 1080 5766 οἰκετῶν
1115 5712 1250 5789 πρὸς
1279 5711 1513 5788 πατρίδα

1753 407 2002 463 CRM
2011 411 2109 464 ΕΒ.

1864 536 1918 596 Α
1949 532 2096 586 Τυω
2129 549 2261 588 vero
2293 550 2483 605 opacae
2517 533 2871 605 prolixaeque
2908 533 3168 604 porticus

1945 625 2141 676 strata;
2173 621 2445 678 mortales
2477 626 2897 694 oppresserunt
2920 622 3227 692 plurimos.

1943 711 2014 763 At
2043 709 2360 764 Palzinacae
2393 710 2661 779 Scythica
2695 725 2838 781 gens
2867 710 3058 764 denuo

1942 799 2249 853 Thraciam
2282 799 2593 853 vastabant
2625 804 2802 868 atque
2829 796 3225 853 Macedoniam

1944 890 2069 943 suis
2101 888 2323 945 relictis
2350 889 2559 961 patriis
2589 895 2765 960 atque
2797 890 3055 960 pascuis.

1941 981 2157 1032 Contra
2186 978 2293 1034 hos
2320 978 2602 1049 correptis
2635 978 2815 1034 armis
2843 979 3180 1047 imperator,

1944 1082 2120 1120 manu
2145 1073 2436 1129 conserta,
2467 1068 2655 1122 victus
2687 1072 2775 1120 est
2807 1083 2839 1120 a
2870 1066 3159 1131 Barbaris,

1943 1155 2082 1225 quia
2109 1155 2293 1210 nostri
2326 1155 2563 1210 millites
2594 1155 2966 1210 confidebant
2995 1155 3198 1220 armis,

1942 1260 2058 1298 non
2089 1249 2205 1299 Deo
2245 1245 2461 1300 victore
2486 1245 2894 1314 bonorumque
2922 1249 3174 1298 auctore.

1943 1333 2168 1387 Rursus
2200 1333 2494 1404 profectus
2523 1340 2726 1389 contra
2752 1334 2987 1388 eosdem
3020 1334 3210 1388 Caesar

1941 1423 2205 1476 modesto
2237 1439 2367 1477 cum
2403 1424 2659 1477 exercitu
2702 1428 2879 1492 atque
2914 1422 3006 1492 pio

1940 1513 1996 1560 et
2025 1508 2119 1576 qui
2151 1506 2452 1562 victoriam
2486 1509 2713 1561 caelitus
2742 1508 3036 1577 sperabat,

1938 1595 2081 1649 inito
2117 1597 2312 1666 praelio
2345 1597 2656 1651 debellavit
2691 1597 2910 1660 hostes,

1939 1701 2371 1755 numerumque
2415 1686 2738 1755 plurimum
2771 1685 2964 1755 gladio
2990 1684 3280 1739 messuit:

1937 1772 2225 1844 reliquam
2258 1779 2488 1845 captam
2521 1773 2653 1827 belli
2681 1775 2816 1843 jure
2848 1773 3083 1826 turbam

1858 1893 1905 1956 B
1935 1862 2118 1916 victor
2147 1862 2435 1917 exercitus
2467 1863 2577 1917 sub
2611 1879 2824 1916 corona
2857 1862 3136 1916 vendidit.

1934 1953 2005 2005 At
2035 1951 2353 2022 imperator
2379 1953 2489 2006 sibi
2525 1953 2595 2005 de
2627 1952 2859 2022 Scythis
2893 1951 3033 2021 legit

1929 2040 2171 2095 eximios
2197 2041 2444 2110 juvenes
2477 2040 2726 2106 validos,
2758 2055 3058 2111 pugnaces

1927 2147 2072 2200 quos
2096 2131 2155 2184 in
2189 2130 2421 2201 regione
2455 2131 2651 2199 posuit
2676 2129 2829 2183 dicta
2864 2128 3147 2200 Mogleno,

1927 2237 2096 2274 suam
2129 2219 2282 2274 hanc
2312 2218 2616 2290 appellans
2657 2218 3041 2290 perculiarem
3076 2234 3359 2287 manum;

1925 2310 2019 2366 hic
2056 2327 2209 2365 nunc
2241 2311 2416 2364 etiam
2448 2328 2481 2364 a
2511 2311 2763 2364 statione
2794 2310 3040 2380 Mogleni

1924 2399 2092 2469 vulgo
2123 2398 2498 2471 appellantur
2527 2397 3160 2471 Moglenopatizinacaz.

1923 2491 2001 2544 En
2035 2493 2232 2544 autem
2256 2487 2434 2544 Italus
2464 2505 2533 2542 ex
2562 2489 2862 2543 occidente
2891 2487 3176 2543 exercitus

1923 2578 2227 2651 processit,
2263 2578 2469 2632 urbem
2502 2578 2572 2632 ad
2611 2577 2996 2649 Byzantinam
3029 2578 3294 2644 tendens,

1920 2669 2021 2723 sed
2055 2667 2365 2723 orientales
2395 2683 2606 2722 cursus
2642 2672 2844 2735 petens
2871 2667 3096 2738 plagas.

1920 2758 2107 2828 Hujus
2140 2757 2436 2829 portendit
2460 2755 2769 2811 manifeste
2802 2763 3029 2812 motum

1918 2849 2005 2902 vis
2035 2846 2397 2901 locustarum
2432 2845 2639 2916 ingens
2669 2861 2736 2900 ex
2768 2845 3052 2916 hesperiis

1919 2953 2054 2991 eoos
2085 2943 2286 3006 petens
2316 2934 2496 3000 locos,
2531 2951 2596 2989 ac
2629 2933 2885 2988 volatum

1920 3041 2020 3096 per
2046 3025 2443 3080 Macedoniam
2475 3023 2904 3094 Thraciamque
2934 3023 3215 3095 dirigens.

1917 3119 2273 3169 Francorum
2306 3128 2540 3183 quoque
2572 3111 2895 3166 excercitus
2927 3112 3139 3166 fretum
3171 3114 3409 3169 transiit

1927 3209 2095 3273 atque
2127 3202 2421 3257 Nicaenam
2455 3202 2658 3256 urbem
2690 3200 3070 3255 circumsedit

1928 3294 2248 3347 Turcarum
2283 3290 2555 3346 manibus
2587 3289 2836 3361 turpiter
2864 3306 3206 3361 Oppressam
3233 3308 3247 3358 ;

1927 3398 2103 3454 quam
2135 3380 2433 3435 diuturnis
2465 3379 2838 3450 borridisque
2871 3380 3086 3451 pugnis

1928 3471 2232 3542 multoque
2262 3467 2538 3538 utrinque
2568 3467 2824 3522 militum
2867 3468 3089 3523 excidio

1925 3565 2318 3633 expugnatam
2361 3558 2566 3614 Franci
2592 3576 2692 3629 per
2721 3557 2838 3612 vim
2869 3575 3184 3629 summam,

1925 3650 2133 3707 Caisari
2165 3666 2345 3719 grazco
2370 3648 2555 3704 multo
2588 3665 2835 3718 repenso
2867 3648 3053 3719 pretio

1928 3740 2401 3806 divendiderunt,
2439 3743 2936 3808 perrexeruntque
2969 3736 3217 3795 ulterius
3247 3755 3258 3792 :

1928 3829 2222 3901 delatique
2261 3828 2332 3882 ad
2368 3827 2574 3881 urbem
2604 3825 2998 3894 Antiochiam,

1919 3908 2080 3976 hanc
2111 3916 2359 3973 artificio
2392 3920 2448 3970 et
2478 3914 2695 3986 praeliis
2725 3915 3125 3972 obtinuerunt.

1927 4008 2200 4065 Posthinc
2230 4004 2613 4062 certaminum
2649 4020 2860 4076 magno
2878 4003 3075 4060 labore

1926 4100 2161 4154 sionem
2184 4110 2413 4167 quoque
2444 4099 2726 4165 ceperunt
2756 4094 2958 4148 urbem
2994 4095 3117 4150 Dei.

1927 4191 2073 4245 Tum
2102 4191 2159 4242 et
2189 4184 2556 4240 Baimundus
2584 4183 2740 4236 ﬁlius
2773 4183 3030 4250 Roberti,

1931 4276 2144 4335 nobilis
2176 4274 2356 4332 Italus
2379 4271 2590 4329 Caesari
2623 4277 2823 4328 nostro
2843 4272 3021 4328 fidem

1921 4371 2187 4442 juratam
2219 4364 2380 4420 dedit
2405 4363 2526 4418 fore
2561 4367 2625 4417 ut
2646 4362 2966 4418 amicitiam

1931 4462 2276 4533 perpetuam
2309 4469 2508 4509 secum
2539 4452 2771 4518 coleret,
2796 4456 2855 4507 et
2885 4453 3236 4525 obsequium

1931 4545 2123 4604 devoti
2155 4544 2335 4601 animi
2367 4541 2870 4611 reverentiamque
2899 4539 3162 4598 haberet.

1858 4634 1901 4698 D
1935 4636 2018 4692 Ob
2049 4634 2106 4688 id
2137 4635 2373 4702 accepta
2403 4647 2436 4684 a
2463 4632 2686 4684 Caesare
2717 4628 2986 4699 pecunia,

1935 4724 2105 4781 donis
2136 4721 2377 4776 affectus
2398 4717 2773 4789 insolitisque
2803 4718 3150 4788 honoribus,

1937 4812 2198 4889 perrexit
2227 4810 2287 4865 in
2319 4807 2582 4865 Ciciliam
2616 4824 2872 4878 moxque
2906 4807 2965 4862 in
2996 4809 3248 4881 Syriam.

1937 4909 2036 4961 Ast
2064 4899 2373 4958 Antiochia
2403 4897 2632 4952 fortiter
2661 4897 2902 4968 potitus.

1938 5011 2117 5068 quam
2158 4990 2280 5063 regi
2313 4987 2604 5045 obtulerat
2627 4988 2888 5057 juratam
2922 4988 3098 5045 fidem

1939 5098 2292 5152 sacrumque
2324 5079 2511 5133 fcsdus
2544 5075 2696 5131 illico
2727 5075 2952 5142 fefellit,

1941 5175 2230 5249 perﬁdum
2263 5171 2488 5225 hostem
2521 5174 2704 5221 semet
2727 5165 2972 5236 imperio
3003 5168 3306 5227 exhibens.

1940 5272 2070 5323 Mox
2100 5263 2173 5317 ab
2202 5259 2424 5315 oriente
2455 5272 2662 5311 rursus
2692 5255 2751 5310 in
2783 5255 3123 5328 Hesperiam

1943 5357 2118 5412 homo
2141 5349 2423 5407 scelestus
2457 5362 2589 5400 cum
2620 5345 2918 5400 rediturus
2949 5354 3124 5416 esset,

1946 5449 2215 5503 metuens
2239 5437 2372 5508 sibi,
2407 5440 2657 5491 mortem
2691 5434 3010 5491 simulavit.

1949 5535 2096 5604 Ergo
2120 5526 2335 5596 fallaci,
2369 5529 2650 5594 tanquam
2685 5528 2973 5593 mortuus,
3006 5525 3138 5582 dolo

1950 5625 2038 5684 vel
2073 5616 2466 5676 moribundus
2500 5614 2772 5668 conditur
2801 5614 2859 5668 in
2894 5631 3071 5687 capsa

1952 5723 2128 5789 atque
2160 5711 2243 5766 ita
2274 5725 2306 5763 a
2339 5703 2580 5762 famulis
2613 5705 2874 5762 defertur
2905 5707 2963 5760 in
3007 5708 3258 5778 patriam

3492 410 3599 464 M2
