  <div class='ocr_page' id='page_1' title='image "/cluster/home/n/w/nwhite01/storage/ocr_20150623/143/nnc1.0046980733/079.png"; bbox 0 0 4190 6438; ppageno 0'>
   <div class='ocr_carea' id='block_1_1' title="bbox 795 434 2450 503">
    <p class='ocr_par' dir='ltr' id='par_1_1' title="bbox 795 435 2449 492">
     <span class='ocr_line' id='line_1_1' title="bbox 795 435 2449 492; baseline -0.001 -3"><span class='ocrx_word' id='word_1_1' title='bbox 795 436 897 490; x_wconf 72' lang='grc'>143</span> <span class='ocrx_word' id='word_1_2' title='bbox 1996 439 2368 492; x_wconf 69' lang='lat' dir='ltr'><strong>EPHRBMII</strong></span> <span class='ocrx_word' id='word_1_3' title='bbox 2407 435 2449 489; x_wconf 93' lang='lat' dir='ltr'>C</span> 
     </span>
    </p>
   </div>
   <div class='ocr_carea' id='block_1_2' title="bbox 2338 434 3993 503">
    <p class='ocr_par' dir='ltr' id='par_1_2' title="bbox 2338 434 3993 503">
     <span class='ocr_line' id='line_1_2' title="bbox 2338 434 3993 503; baseline 0.009 -14"><span class='ocrx_word' id='word_1_4' title='bbox 2338 439 2368 489; x_wconf 73' lang='grc' dir='ltr'>ξι</span> <span class='ocrx_word' id='word_1_5' title='bbox 2407 435 2500 489; x_wconf 84' lang='lat' dir='ltr'><strong>CH</strong></span> <span class='ocrx_word' id='word_1_6' title='bbox 2511 434 2980 489; x_wconf 77' lang='lat' dir='ltr'><strong>RONOGRAPHI</strong></span> <span class='ocrx_word' id='word_1_7' title='bbox 3901 445 3993 503; x_wconf 69' lang='grc'><strong>144</strong></span> 
     </span>
    </p>
   </div>
   <div class='ocr_carea' id='block_1_3' title="bbox 794 556 2449 636">
    <p class='ocr_par' dir='ltr' id='par_1_3' title="bbox 794 559 2007 617">
     <span class='ocr_line' id='line_1_3' title="bbox 794 559 2007 617; baseline 0 -2"><span class='ocrx_word' id='word_1_8' title='bbox 794 559 943 616; x_wconf 86' lang='lat' dir='ltr'><strong>falso</strong></span> <span class='ocrx_word' id='word_1_9' title='bbox 974 559 1303 617; x_wconf 87' lang='lat' dir='ltr'><strong>dicentibus</strong></span> <span class='ocrx_word' id='word_1_10' title='bbox 1336 562 1633 615; x_wconf 88' lang='lat' dir='ltr'><strong>mortuum</strong></span> <span class='ocrx_word' id='word_1_11' title='bbox 1669 559 1826 615; x_wconf 89' lang='lat' dir='ltr'><strong>hunc</strong></span> <span class='ocrx_word' id='word_1_12' title='bbox 1857 576 2007 617; x_wconf 90' lang='lat' dir='ltr'><strong>esse.</strong></span> 
     </span>
    </p>
   </div>
   <div class='ocr_carea' id='block_1_4' title="bbox 2379 556 4034 636">
    <p class='ocr_par' dir='ltr' id='par_1_4' title="bbox 2463 556 4034 636">
     <span class='ocr_line' id='line_1_4' title="bbox 2463 556 4034 636; baseline 0.003 -23"><span class='ocrx_word' id='word_1_13' title='bbox 2463 564 2518 627; x_wconf 85' lang='grc' dir='ltr'><strong>Α</strong></span> <span class='ocrx_word' id='word_1_14' title='bbox 2546 559 2687 613; x_wconf 88' lang='grc'>3595</span> <span class='ocrx_word' id='word_1_15' title='bbox 2725 557 2916 627; x_wconf 83' lang='grc' dir='ltr'>Μάτην</span> <span class='ocrx_word' id='word_1_16' title='bbox 2950 556 3299 630; x_wconf 80' lang='grc' dir='ltr'>Θρυλούντων</span> <span class='ocrx_word' id='word_1_17' title='bbox 3330 557 3483 614; x_wconf 82' lang='grc' dir='ltr'>τόνδε</span> <span class='ocrx_word' id='word_1_18' title='bbox 3514 559 3698 633; x_wconf 88' lang='grc' dir='ltr'>νεκρὸν</span> <span class='ocrx_word' id='word_1_19' title='bbox 3729 556 4034 636; x_wconf 78' lang='grc' dir='ltr'><strong>τυγχάνειν.</strong></span> 
     </span>
    </p>
   </div>
   <div class='ocr_carea' id='block_1_5' title="bbox 794 643 2449 722">
    <p class='ocr_par' dir='ltr' id='par_1_5' title="bbox 794 648 1944 719">
     <span class='ocr_line' id='line_1_5' title="bbox 794 648 1944 719; baseline -0.002 -14"><span class='ocrx_word' id='word_1_20' title='bbox 794 649 941 705; x_wconf 89' lang='lat' dir='ltr'><strong>Cum</strong></span> <span class='ocrx_word' id='word_1_21' title='bbox 973 650 1057 704; x_wconf 90' lang='lat' dir='ltr'><strong>sic</strong></span> <span class='ocrx_word' id='word_1_22' title='bbox 1090 648 1148 704; x_wconf 88' lang='lat' dir='ltr'><strong>in</strong></span> <span class='ocrx_word' id='word_1_23' title='bbox 1182 649 1431 719; x_wconf 86' lang='lat' dir='ltr'><strong>patriam</strong></span> <span class='ocrx_word' id='word_1_24' title='bbox 1464 649 1753 704; x_wconf 80' lang='lat' dir='ltr'><strong>evasisset</strong></span> <span class='ocrx_word' id='word_1_25' title='bbox 1789 654 1944 717; x_wconf 90' lang='lat' dir='ltr'><strong>astu,</strong></span> 
     </span>
    </p>
   </div>
   <div class='ocr_carea' id='block_1_6' title="bbox 2088 643 3743 722">
    <p class='ocr_par' dir='ltr' id='par_1_6' title="bbox 2724 643 3743 722">
     <span class='ocr_line' id='line_1_6' title="bbox 2724 643 3743 722; baseline 0.003 -23"><span class='ocrx_word' id='word_1_26' title='bbox 2724 647 2871 700; x_wconf 82' lang='grc' dir='ltr'>Ἐπεὶ</span> <span class='ocrx_word' id='word_1_27' title='bbox 2908 643 2966 699; x_wconf 73' lang='grc' dir='ltr'>δὲ</span> <span class='ocrx_word' id='word_1_28' title='bbox 2999 645 3177 710; x_wconf 87' lang='grc' dir='ltr'>λαθὼν</span> <span class='ocrx_word' id='word_1_29' title='bbox 3209 648 3462 716; x_wconf 80' lang='grc' dir='ltr'>ἀπεσώθη</span> <span class='ocrx_word' id='word_1_30' title='bbox 3495 645 3743 722; x_wconf 86' lang='grc' dir='ltr'>πατρίδι,</span> 
     </span>
    </p>
   </div>
   <div class='ocr_carea' id='block_1_7' title="bbox 793 733 2448 812">
    <p class='ocr_par' dir='ltr' id='par_1_7' title="bbox 793 736 1928 806">
     <span class='ocr_line' id='line_1_7' title="bbox 793 736 1928 806; baseline -0.003 -11"><span class='ocrx_word' id='word_1_31' title='bbox 793 737 1006 795; x_wconf 67' lang='lat' dir='ltr'><strong>Caesari</strong></span> <span class='ocrx_word' id='word_1_32' title='bbox 1031 736 1283 792; x_wconf 88' lang='lat' dir='ltr'><strong>multum</strong></span> <span class='ocrx_word' id='word_1_33' title='bbox 1314 736 1661 791; x_wconf 89' lang='lat' dir='ltr'><strong>ohtrectavit</strong></span> <span class='ocrx_word' id='word_1_34' title='bbox 1691 742 1928 806; x_wconf 85' lang='lat' dir='ltr'><strong>temere,</strong></span> 
     </span>
    </p>
   </div>
   <div class='ocr_carea' id='block_1_8' title="bbox 2285 733 3940 812">
    <p class='ocr_par' dir='ltr' id='par_1_8' title="bbox 2724 733 3940 812">
     <span class='ocr_line' id='line_1_8' title="bbox 2724 733 3940 812; baseline 0.002 -22"><span class='ocrx_word' id='word_1_35' title='bbox 2724 733 2916 790; x_wconf 83' lang='grc' dir='ltr'>ΙΙολλά</span> <span class='ocrx_word' id='word_1_36' title='bbox 2943 733 3217 789; x_wconf 86' lang='grc' dir='ltr'>κατειπὼν</span> <span class='ocrx_word' id='word_1_37' title='bbox 3246 739 3341 789; x_wconf 82' lang='grc' dir='ltr'><strong>τοῦ</strong></span> <span class='ocrx_word' id='word_1_38' title='bbox 3366 740 3691 810; x_wconf 79' lang='grc' dir='ltr'><strong>κρατοῦντος</strong></span> <span class='ocrx_word' id='word_1_39' title='bbox 3725 735 3940 812; x_wconf 85' lang='grc' dir='ltr'>ἀλόγως</span> 
     </span>
    </p>
   </div>
   <div class='ocr_carea' id='block_1_9' title="bbox 796 820 2451 898">
    <p class='ocr_par' dir='ltr' id='par_1_9' title="bbox 796 824 1788 897">
     <span class='ocr_line' id='line_1_9' title="bbox 796 824 1788 897; baseline -0.004 -15"><span class='ocrx_word' id='word_1_40' title='bbox 796 830 1261 897; x_wconf 83' lang='lat' dir='ltr'><strong>congregatoque</strong></span> <span class='ocrx_word' id='word_1_41' title='bbox 1292 826 1546 880; x_wconf 87' lang='lat' dir='ltr'><strong>exercitu</strong></span> <span class='ocrx_word' id='word_1_42' title='bbox 1583 824 1788 879; x_wconf 82' lang='lat' dir='ltr'><strong>Latino</strong></span> 
     </span>
    </p>
   </div>
   <div class='ocr_carea' id='block_1_10' title="bbox 2123 820 3778 898">
    <p class='ocr_par' dir='ltr' id='par_1_10' title="bbox 2728 820 3778 898">
     <span class='ocr_line' id='line_1_10' title="bbox 2728 820 3778 898; baseline -0.001 -20"><span class='ocrx_word' id='word_1_43' title='bbox 2728 824 2822 878; x_wconf 82' lang='grc' dir='ltr'>Καὶ</span> <span class='ocrx_word' id='word_1_44' title='bbox 2857 820 3141 884; x_wconf 80' lang='grc' dir='ltr'>συναλίσας</span> <span class='ocrx_word' id='word_1_45' title='bbox 3174 824 3422 898; x_wconf 76' lang='grc' dir='ltr'>στρατιὰν</span> <span class='ocrx_word' id='word_1_46' title='bbox 3452 823 3510 877; x_wconf 87' lang='grc' dir='ltr'>ἐκ</span> <span class='ocrx_word' id='word_1_47' title='bbox 3536 825 3778 879; x_wconf 81' lang='grc' dir='ltr'>Λατίνων</span> 
     </span>
    </p>
   </div>
   <div class='ocr_carea' id='block_1_11' title="bbox 796 909 2451 989">
    <p class='ocr_par' dir='ltr' id='par_1_11' title="bbox 796 913 2056 987">
     <span class='ocr_line' id='line_1_11' title="bbox 796 913 2056 987; baseline -0.002 -16"><span class='ocrx_word' id='word_1_48' title='bbox 796 917 865 971; x_wconf 84' lang='lat' dir='ltr'><strong>ad</strong></span> <span class='ocrx_word' id='word_1_49' title='bbox 899 915 1258 987; x_wconf 84' lang='lat' dir='ltr'><strong>Epidaurum</strong></span> <span class='ocrx_word' id='word_1_50' title='bbox 1293 915 1498 969; x_wconf 84' lang='lat' dir='ltr'><strong>urbem</strong></span> <span class='ocrx_word' id='word_1_51' title='bbox 1532 914 1774 968; x_wconf 81' lang='lat' dir='ltr'><strong>classem</strong></span> <span class='ocrx_word' id='word_1_52' title='bbox 1808 913 2056 985; x_wconf 83' lang='lat' dir='ltr'><strong>appulit,</strong></span> 
     </span>
    </p>
   </div>
   <div class='ocr_carea' id='block_1_12' title="bbox 2178 909 3833 989">
    <p class='ocr_par' dir='ltr' id='par_1_12' title="bbox 2724 909 3833 989">
     <span class='ocr_line' id='line_1_12' title="bbox 2724 909 3833 989; baseline 0.002 -22"><span class='ocrx_word' id='word_1_53' title='bbox 2724 909 3090 984; x_wconf 79' lang='grc' dir='ltr'>Ἐπιδαμνίων</span> <span class='ocrx_word' id='word_1_54' title='bbox 3125 914 3511 989; x_wconf 73' lang='grc' dir='ltr'>προσκαταίρει</span> <span class='ocrx_word' id='word_1_55' title='bbox 3540 915 3609 985; x_wconf 80' lang='grc' dir='ltr'>τῇ</span> <span class='ocrx_word' id='word_1_56' title='bbox 3650 911 3833 986; x_wconf 82' lang='grc' dir='ltr'>πόλει,</span> 
     </span>
    </p>
   </div>
   <div class='ocr_carea' id='block_1_13' title="bbox 794 998 2449 1079">
    <p class='ocr_par' dir='ltr' id='par_1_13' title="bbox 794 1001 1984 1075">
     <span class='ocr_line' id='line_1_13' title="bbox 794 1001 1984 1075; baseline -0.004 -16"><span class='ocrx_word' id='word_1_57' title='bbox 794 1004 1092 1075; x_wconf 78' lang='lat' dir='ltr'><strong>hujusque</strong></span> <span class='ocrx_word' id='word_1_58' title='bbox 1124 1002 1339 1057; x_wconf 70' lang='lat' dir='ltr'><strong>mwnia</strong></span> <span class='ocrx_word' id='word_1_59' title='bbox 1370 1001 1659 1057; x_wconf 82' lang='lat' dir='ltr'><strong>machinis</strong></span> <span class='ocrx_word' id='word_1_60' title='bbox 1692 1002 1984 1072; x_wconf 85' lang='lat' dir='ltr'><strong>pulsabat.</strong></span> 
     </span>
    </p>
   </div>
   <div class='ocr_carea' id='block_1_14' title="bbox 2209 998 3864 1079">
    <p class='ocr_par' dir='ltr' id='par_1_14' title="bbox 2546 998 3864 1079">
     <span class='ocr_line' id='line_1_14' title="bbox 2546 998 3864 1079; baseline 0.002 -22"><span class='ocrx_word' id='word_1_61' title='bbox 2546 1002 2687 1056; x_wconf 87' lang='grc'>3600</span> <span class='ocrx_word' id='word_1_62' title='bbox 2727 1000 2823 1057; x_wconf 84' lang='grc' dir='ltr'>Καὶ</span> <span class='ocrx_word' id='word_1_63' title='bbox 2852 998 3005 1070; x_wconf 81' lang='grc' dir='ltr'>τήνδ’</span> <span class='ocrx_word' id='word_1_64' title='bbox 3036 999 3175 1055; x_wconf 73' lang='grc' dir='ltr'>ἑλεῖν</span> <span class='ocrx_word' id='word_1_65' title='bbox 3210 999 3429 1056; x_wconf 81' lang='grc' dir='ltr'>ἔσπευδε</span> <span class='ocrx_word' id='word_1_66' title='bbox 3456 1004 3864 1079; x_wconf 87' lang='grc' dir='ltr'>τειχομαχίαις.</span> 
     </span>
    </p>
   </div>
   <div class='ocr_carea' id='block_1_15' title="bbox 794 1087 2449 1164">
    <p class='ocr_par' dir='ltr' id='par_1_15' title="bbox 794 1090 2080 1164">
     <span class='ocr_line' id='line_1_15' title="bbox 794 1090 2080 1164; baseline -0.003 -15"><span class='ocrx_word' id='word_1_67' title='bbox 794 1094 904 1149; x_wconf 87' lang='lat' dir='ltr'><strong>Sed</strong></span> <span class='ocrx_word' id='word_1_68' title='bbox 928 1110 1031 1164; x_wconf 88' lang='lat' dir='ltr'><strong>spe</strong></span> <span class='ocrx_word' id='word_1_69' title='bbox 1063 1093 1380 1147; x_wconf 79' lang='lat' dir='ltr'><strong>frustratus</strong></span> <span class='ocrx_word' id='word_1_70' title='bbox 1405 1107 1537 1145; x_wconf 93' lang='lat' dir='ltr'><strong>cum</strong></span> <span class='ocrx_word' id='word_1_71' title='bbox 1573 1090 1719 1145; x_wconf 88' lang='lat' dir='ltr'><strong>nihil</strong></span> <span class='ocrx_word' id='word_1_72' title='bbox 1754 1092 2080 1161; x_wconf 88' lang='lat' dir='ltr'><strong>proﬁceret,</strong></span> 
     </span>
    </p>
   </div>
   <div class='ocr_carea' id='block_1_16' title="bbox 2226 1087 3881 1164">
    <p class='ocr_par' dir='ltr' id='par_1_16' title="bbox 2723 1087 3881 1163">
     <span class='ocr_line' id='line_1_16' title="bbox 2723 1087 3881 1163; baseline 0.003 -19"><span class='ocrx_word' id='word_1_73' title='bbox 2723 1088 2877 1145; x_wconf 88' lang='grc' dir='ltr'><strong>Ἀλλ’</strong></span> <span class='ocrx_word' id='word_1_74' title='bbox 2907 1087 3145 1143; x_wconf 73' lang='grc' dir='ltr'>ἐλπίδων</span> <span class='ocrx_word' id='word_1_75' title='bbox 3178 1087 3403 1163; x_wconf 78' lang='grc' dir='ltr'>ἔψευστο</span> <span class='ocrx_word' id='word_1_76' title='bbox 3441 1089 3609 1163; x_wconf 72' lang='grc' dir='ltr'>μηδὲν</span> <span class='ocrx_word' id='word_1_77' title='bbox 3644 1092 3837 1154; x_wconf 75' lang='grc' dir='ltr'>ἀνύσας</span> <span class='ocrx_word' id='word_1_78' title='bbox 3870 1113 3881 1126; x_wconf 92' lang='grc'>·</span> 
     </span>
    </p>
   </div>
   <div class='ocr_carea' id='block_1_17' title="bbox 793 1173 2448 1257">
    <p class='ocr_par' dir='ltr' id='par_1_17' title="bbox 793 1180 1820 1250">
     <span class='ocr_line' id='line_1_17' title="bbox 793 1180 1820 1250; baseline -0.005 -12"><span class='ocrx_word' id='word_1_79' title='bbox 793 1183 1011 1237; x_wconf 88' lang='lat' dir='ltr'><strong>omisso</strong></span> <span class='ocrx_word' id='word_1_80' title='bbox 1042 1181 1214 1250; x_wconf 90' lang='lat' dir='ltr'><strong>bello,</strong></span> <span class='ocrx_word' id='word_1_81' title='bbox 1240 1180 1421 1234; x_wconf 77' lang='lat' dir='ltr'><strong>mittit</strong></span> <span class='ocrx_word' id='word_1_82' title='bbox 1449 1180 1820 1250; x_wconf 81' lang='lat' dir='ltr'><strong>legationem,</strong></span> 
     </span>
    </p>
   </div>
   <div class='ocr_carea' id='block_1_18' title="bbox 2317 1173 3972 1257">
    <p class='ocr_par' dir='ltr' id='par_1_18' title="bbox 2726 1173 3972 1257">
     <span class='ocr_line' id='line_1_18' title="bbox 2726 1173 3972 1257; baseline 0.001 -23"><span class='ocrx_word' id='word_1_83' title='bbox 2726 1173 3083 1251; x_wconf 68' lang='grc' dir='ltr'>Πρεσϐεύεται</span> <span class='ocrx_word' id='word_1_84' title='bbox 3112 1183 3239 1254; x_wconf 82' lang='grc' dir='ltr'>γοῦν</span> <span class='ocrx_word' id='word_1_85' title='bbox 3274 1179 3545 1254; x_wconf 75' lang='grc' dir='ltr'>ἀπογνοὺς</span> <span class='ocrx_word' id='word_1_86' title='bbox 3575 1185 3682 1235; x_wconf 90' lang='grc' dir='ltr'><strong>τῶν</strong></span> <span class='ocrx_word' id='word_1_87' title='bbox 3712 1179 3972 1257; x_wconf 61' lang='grc' dir='ltr'>ἐλπίδων,</span> 
     </span>
    </p>
   </div>
   <div class='ocr_carea' id='block_1_19' title="bbox 802 1266 2457 1347">
    <p class='ocr_par' dir='ltr' id='par_1_19' title="bbox 802 1268 1814 1341">
     <span class='ocr_line' id='line_1_19' title="bbox 802 1268 1814 1341; baseline -0.003 -15"><span class='ocrx_word' id='word_1_88' title='bbox 802 1276 859 1326; x_wconf 87' lang='lat' dir='ltr'><strong>ct</strong></span> <span class='ocrx_word' id='word_1_89' title='bbox 882 1271 1195 1341; x_wconf 88' lang='lat' dir='ltr'><strong>impetrato</strong></span> <span class='ocrx_word' id='word_1_90' title='bbox 1226 1268 1465 1323; x_wconf 80' lang='lat' dir='ltr'><strong>Caesaris</strong></span> <span class='ocrx_word' id='word_1_91' title='bbox 1498 1268 1814 1338; x_wconf 90' lang='lat' dir='ltr'><strong>colloquio,</strong></span> 
     </span>
    </p>
   </div>
   <div class='ocr_carea' id='block_1_20' title="bbox 2327 1266 3982 1347">
    <p class='ocr_par' dir='ltr' id='par_1_20' title="bbox 2722 1266 3982 1347">
     <span class='ocr_line' id='line_1_20' title="bbox 2722 1266 3982 1347; baseline 0.004 -27"><span class='ocrx_word' id='word_1_92' title='bbox 2722 1266 2817 1320; x_wconf 81' lang='grc' dir='ltr'>Καὶ</span> <span class='ocrx_word' id='word_1_93' title='bbox 2848 1271 2925 1337; x_wconf 77' lang='grc' dir='ltr'>τῷ</span> <span class='ocrx_word' id='word_1_94' title='bbox 2954 1272 3239 1341; x_wconf 71' lang='grc' dir='ltr'>κρατοῦντι</span> <span class='ocrx_word' id='word_1_95' title='bbox 3269 1270 3403 1343; x_wconf 85' lang='grc' dir='ltr'>πρὸς</span> <span class='ocrx_word' id='word_1_96' title='bbox 3435 1268 3629 1344; x_wconf 79' lang='grc' dir='ltr'><strong>Λόγους</strong></span> <span class='ocrx_word' id='word_1_97' title='bbox 3662 1270 3982 1347; x_wconf 72' lang='grc' dir='ltr'><strong>ἀφιγμένος,</strong></span> 
     </span>
    </p>
   </div>
   <div class='ocr_carea' id='block_1_21' title="bbox 795 1352 2450 1431">
    <p class='ocr_par' dir='ltr' id='par_1_21' title="bbox 795 1357 2081 1428">
     <span class='ocr_line' id='line_1_21' title="bbox 795 1357 2081 1428; baseline -0.003 -14"><span class='ocrx_word' id='word_1_98' title='bbox 795 1361 984 1415; x_wconf 78' lang='lat' dir='ltr'><strong>foedus</strong></span> <span class='ocrx_word' id='word_1_99' title='bbox 1010 1375 1143 1414; x_wconf 91' lang='lat' dir='ltr'><strong>cum</strong></span> <span class='ocrx_word' id='word_1_100' title='bbox 1177 1358 1304 1428; x_wconf 92' lang='lat' dir='ltr'><strong>ipso</strong></span> <span class='ocrx_word' id='word_1_101' title='bbox 1336 1357 1527 1411; x_wconf 91' lang='lat' dir='ltr'><strong>denuo</strong></span> <span class='ocrx_word' id='word_1_102' title='bbox 1569 1373 1894 1427; x_wconf 88' lang='lat' dir='ltr'><strong>pacemque</strong></span> <span class='ocrx_word' id='word_1_103' title='bbox 1928 1357 2081 1411; x_wconf 83' lang='lat' dir='ltr'><strong>facit.</strong></span> 
     </span>
    </p>
   </div>
   <div class='ocr_carea' id='block_1_22' title="bbox 2375 1352 4030 1431">
    <p class='ocr_par' dir='ltr' id='par_1_22' title="bbox 2725 1352 4030 1431">
     <span class='ocr_line' id='line_1_22' title="bbox 2725 1352 4030 1431; baseline 0.005 -23"><span class='ocrx_word' id='word_1_104' title='bbox 2725 1352 2971 1417; x_wconf 85' lang='grc' dir='ltr'>Σπονδάς</span> <span class='ocrx_word' id='word_1_105' title='bbox 3003 1357 3138 1430; x_wconf 87' lang='grc' dir='ltr'>πρὸς</span> <span class='ocrx_word' id='word_1_106' title='bbox 3170 1356 3327 1410; x_wconf 83' lang='grc' dir='ltr'>αὐτὸν</span> <span class='ocrx_word' id='word_1_107' title='bbox 3360 1356 3569 1412; x_wconf 84' lang='grc' dir='ltr'>ἐκτελεῖ</span> <span class='ocrx_word' id='word_1_108' title='bbox 3592 1358 3679 1412; x_wconf 89' lang='grc' dir='ltr'><strong>καὶ</strong></span> <span class='ocrx_word' id='word_1_109' title='bbox 3712 1355 4030 1431; x_wconf 75' lang='grc' dir='ltr'>συμϐάσεις.</span> 
     </span>
    </p>
   </div>
   <div class='ocr_carea' id='block_1_23' title="bbox 796 1442 2451 1521">
    <p class='ocr_par' dir='ltr' id='par_1_23' title="bbox 796 1446 1868 1520">
     <span class='ocr_line' id='line_1_23' title="bbox 796 1446 1868 1520; baseline -0.001 -19"><span class='ocrx_word' id='word_1_110' title='bbox 796 1446 1222 1520; x_wconf 81' lang='lat' dir='ltr'><strong>Bogomilarum</strong></span> <span class='ocrx_word' id='word_1_111' title='bbox 1255 1448 1363 1501; x_wconf 84' lang='lat' dir='ltr'><strong>sub</strong></span> <span class='ocrx_word' id='word_1_112' title='bbox 1399 1446 1596 1500; x_wconf 81' lang='lat' dir='ltr'><strong>Alexio</strong></span> <span class='ocrx_word' id='word_1_113' title='bbox 1630 1446 1868 1501; x_wconf 67' lang='lat' dir='ltr'><strong>haeresis</strong></span> 
     </span>
    </p>
   </div>
   <div class='ocr_carea' id='block_1_24' title="bbox 2226 1442 3881 1521">
    <p class='ocr_par' dir='ltr' id='par_1_24' title="bbox 2545 1442 3881 1521">
     <span class='ocr_line' id='line_1_24' title="bbox 2545 1442 3881 1521; baseline 0.002 -22"><span class='ocrx_word' id='word_1_114' title='bbox 2545 1446 2685 1499; x_wconf 88' lang='grc'><strong>3605</strong></span> <span class='ocrx_word' id='word_1_115' title='bbox 2724 1442 2935 1500; x_wconf 79' lang='grc' dir='ltr'>Τούτου</span> <span class='ocrx_word' id='word_1_116' title='bbox 2968 1449 3295 1519; x_wconf 81' lang='grc' dir='ltr'>κρατοῦντος</span> <span class='ocrx_word' id='word_1_117' title='bbox 3324 1444 3524 1521; x_wconf 80' lang='grc' dir='ltr'>α’ίρεσις</span> <span class='ocrx_word' id='word_1_118' title='bbox 3559 1446 3881 1521; x_wconf 79' lang='grc' dir='ltr'>Βογομίλων</span> 
     </span>
    </p>
   </div>
   <div class='ocr_carea' id='block_1_25' title="bbox 794 1532 2449 1610">
    <p class='ocr_par' dir='ltr' id='par_1_25' title="bbox 794 1534 1912 1601">
     <span class='ocr_line' id='line_1_25' title="bbox 794 1534 1912 1601; baseline -0.003 -9"><span class='ocrx_word' id='word_1_119' title='bbox 794 1537 982 1592; x_wconf 87' lang='lat' dir='ltr'><strong>invisa</strong></span> <span class='ocrx_word' id='word_1_120' title='bbox 1014 1536 1129 1591; x_wconf 91' lang='lat' dir='ltr'><strong>Deo</strong></span> <span class='ocrx_word' id='word_1_121' title='bbox 1160 1534 1395 1590; x_wconf 80' lang='lat' dir='ltr'><strong>emersit</strong></span> <span class='ocrx_word' id='word_1_122' title='bbox 1425 1541 1483 1589; x_wconf 90' lang='lat' dir='ltr'><strong>et</strong></span> <span class='ocrx_word' id='word_1_123' title='bbox 1512 1534 1912 1601; x_wconf 77' lang='lat' dir='ltr'><strong>exsecrabilis,</strong></span> 
     </span>
    </p>
   </div>
   <div class='ocr_carea' id='block_1_26' title="bbox 2070 1532 3725 1610">
    <p class='ocr_par' dir='ltr' id='par_1_26' title="bbox 2724 1532 3725 1610">
     <span class='ocr_line' id='line_1_26' title="bbox 2724 1532 3725 1610; baseline 0.003 -23"><span class='ocrx_word' id='word_1_124' title='bbox 2724 1535 3021 1607; x_wconf 68' lang='grc' dir='ltr'>θεοστυγὴς</span> <span class='ocrx_word' id='word_1_125' title='bbox 3052 1535 3258 1610; x_wconf 73' lang='grc' dir='ltr'>πέφηνε</span> <span class='ocrx_word' id='word_1_126' title='bbox 3288 1535 3375 1588; x_wconf 81' lang='grc' dir='ltr'><strong>καὶ</strong></span> <span class='ocrx_word' id='word_1_127' title='bbox 3412 1532 3725 1608; x_wconf 75' lang='grc' dir='ltr'>βδελυκτὲα,</span> 
     </span>
    </p>
   </div>
   <div class='ocr_carea' id='block_1_27' title="bbox 794 1623 2449 1699">
    <p class='ocr_par' dir='ltr' id='par_1_27' title="bbox 794 1624 1926 1697">
     <span class='ocr_line' id='line_1_27' title="bbox 794 1624 1926 1697; baseline -0.003 -16"><span class='ocrx_word' id='word_1_128' title='bbox 794 1627 962 1697; x_wconf 87' lang='lat' dir='ltr'><strong>cujus</strong></span> <span class='ocrx_word' id='word_1_129' title='bbox 992 1624 1245 1680; x_wconf 84' lang='lat' dir='ltr'><strong>Basilius</strong></span> <span class='ocrx_word' id='word_1_130' title='bbox 1277 1624 1512 1695; x_wconf 88' lang='lat' dir='ltr'><strong>quidam</strong></span> <span class='ocrx_word' id='word_1_131' title='bbox 1547 1630 1750 1678; x_wconf 87' lang='lat' dir='ltr'><strong>auctor</strong></span> <span class='ocrx_word' id='word_1_132' title='bbox 1782 1630 1926 1694; x_wconf 88' lang='lat' dir='ltr'><strong>erat,</strong></span> 
     </span>
    </p>
   </div>
   <div class='ocr_carea' id='block_1_28' title="bbox 2216 1623 3871 1699">
    <p class='ocr_par' dir='ltr' id='par_1_28' title="bbox 2721 1623 3871 1699">
     <span class='ocr_line' id='line_1_28' title="bbox 2721 1623 3871 1699; baseline 0.002 -22"><span class='ocrx_word' id='word_1_133' title='bbox 2721 1624 2819 1682; x_wconf 86' lang='grc' dir='ltr'>Ἤς</span> <span class='ocrx_word' id='word_1_134' title='bbox 2856 1623 3213 1697; x_wconf 87' lang='grc' dir='ltr'>μυσταγωγὸς</span> <span class='ocrx_word' id='word_1_135' title='bbox 3247 1623 3430 1699; x_wconf 77' lang='grc' dir='ltr'>ἰατρός</span> <span class='ocrx_word' id='word_1_136' title='bbox 3458 1645 3541 1685; x_wconf 92' lang='grc' dir='ltr'><strong>τις</strong></span> <span class='ocrx_word' id='word_1_137' title='bbox 3572 1625 3871 1695; x_wconf 74' lang='grc' dir='ltr'>τούπίκλην</span> 
     </span>
    </p>
   </div>
   <div class='ocr_carea' id='block_1_29' title="bbox 791 1710 2446 1788">
    <p class='ocr_par' dir='ltr' id='par_1_29' title="bbox 791 1711 2079 1785">
     <span class='ocr_line' id='line_1_29' title="bbox 791 1711 2079 1785; baseline -0.002 -16"><span class='ocrx_word' id='word_1_138' title='bbox 791 1715 1054 1770; x_wconf 90' lang='lat' dir='ltr'><strong>medicus</strong></span> <span class='ocrx_word' id='word_1_139' title='bbox 1078 1712 1250 1785; x_wconf 85' lang='lat' dir='ltr'><strong>vulgo</strong></span> <span class='ocrx_word' id='word_1_140' title='bbox 1285 1712 1499 1778; x_wconf 88' lang='lat' dir='ltr'><strong>dictus,</strong></span> <span class='ocrx_word' id='word_1_141' title='bbox 1536 1711 1803 1767; x_wconf 85' lang='lat' dir='ltr'><strong>minister</strong></span> <span class='ocrx_word' id='word_1_142' title='bbox 1834 1713 2079 1775; x_wconf 68' lang='lat' dir='ltr'><strong>Satanae,</strong></span> 
     </span>
    </p>
   </div>
   <div class='ocr_carea' id='block_1_30' title="bbox 2208 1710 3863 1788">
    <p class='ocr_par' dir='ltr' id='par_1_30' title="bbox 2723 1710 3863 1788">
     <span class='ocr_line' id='line_1_30' title="bbox 2723 1710 3863 1788; baseline 0.004 -25"><span class='ocrx_word' id='word_1_143' title='bbox 2723 1710 2927 1780; x_wconf 69' lang='grc' dir='ltr'>κλῆσιν</span> <span class='ocrx_word' id='word_1_144' title='bbox 2962 1710 3017 1765; x_wconf 78' lang='grc' dir='ltr'>δὲ</span> <span class='ocrx_word' id='word_1_145' title='bbox 3048 1712 3351 1783; x_wconf 84' lang='grc' dir='ltr'>Βασίλειος,</span> <span class='ocrx_word' id='word_1_146' title='bbox 3386 1714 3555 1768; x_wconf 80' lang='grc' dir='ltr'>Σατάν</span> <span class='ocrx_word' id='word_1_147' title='bbox 3589 1712 3815 1788; x_wconf 75' lang='grc' dir='ltr'>ἐργάτης</span> <span class='ocrx_word' id='word_1_148' title='bbox 3853 1736 3863 1747; x_wconf 93' lang='grc'><strong>·</strong></span> 
     </span>
    </p>
   </div>
   <div class='ocr_carea' id='block_1_31' title="bbox 791 1799 2446 1878">
    <p class='ocr_par' dir='ltr' id='par_1_31' title="bbox 791 1800 2174 1873">
     <span class='ocr_line' id='line_1_31' title="bbox 791 1800 2174 1873; baseline -0.001 -16"><span class='ocrx_word' id='word_1_149' title='bbox 791 1802 891 1873; x_wconf 89' lang='lat' dir='ltr'><strong>qui</strong></span> <span class='ocrx_word' id='word_1_150' title='bbox 921 1801 1070 1857; x_wconf 88' lang='lat' dir='ltr'><strong>clam</strong></span> <span class='ocrx_word' id='word_1_151' title='bbox 1105 1800 1419 1871; x_wconf 85' lang='lat' dir='ltr'><strong>permultis</strong></span> <span class='ocrx_word' id='word_1_152' title='bbox 1454 1806 1675 1869; x_wconf 85' lang='lat' dir='ltr'><strong>pestem</strong></span> <span class='ocrx_word' id='word_1_153' title='bbox 1710 1817 1879 1855; x_wconf 89' lang='lat' dir='ltr'><strong>suam</strong></span> <span class='ocrx_word' id='word_1_154' title='bbox 1913 1801 2174 1866; x_wconf 80' lang='lat' dir='ltr'><strong>afflabat,</strong></span> 
     </span>
    </p>
   </div>
   <div class='ocr_carea' id='block_1_32' title="bbox 2322 1799 3977 1878">
    <p class='ocr_par' dir='ltr' id='par_1_32' title="bbox 2718 1799 3977 1878">
     <span class='ocr_line' id='line_1_32' title="bbox 2718 1799 3977 1878; baseline 0.001 -22"><span class='ocrx_word' id='word_1_155' title='bbox 2718 1802 2813 1861; x_wconf 87' lang='grc' dir='ltr'><strong>Ὃς</strong></span> <span class='ocrx_word' id='word_1_156' title='bbox 2844 1799 3018 1876; x_wconf 81' lang='grc' dir='ltr'>λάθρα</span> <span class='ocrx_word' id='word_1_157' title='bbox 3046 1800 3291 1862; x_wconf 77' lang='grc' dir='ltr'>πολλοὺς</span> <span class='ocrx_word' id='word_1_158' title='bbox 3325 1802 3639 1874; x_wconf 83' lang='grc' dir='ltr'>ἀνεπίμπλα</span> <span class='ocrx_word' id='word_1_159' title='bbox 3663 1811 3760 1872; x_wconf 81' lang='grc' dir='ltr'><strong>τῆς</strong></span> <span class='ocrx_word' id='word_1_160' title='bbox 3792 1802 3977 1878; x_wconf 72' lang='grc' dir='ltr'>λύμης</span> 
     </span>
    </p>
   </div>
   <div class='ocr_carea' id='block_1_33' title="bbox 793 1888 2448 1988">
    <p class='ocr_par' dir='ltr' id='par_1_33' title="bbox 793 1889 1908 1963">
     <span class='ocr_line' id='line_1_33' title="bbox 793 1889 1908 1963; baseline -0.002 -17"><span class='ocrx_word' id='word_1_161' title='bbox 793 1899 967 1963; x_wconf 90' lang='lat' dir='ltr'><strong>atque</strong></span> <span class='ocrx_word' id='word_1_162' title='bbox 999 1890 1310 1945; x_wconf 80' lang='lat' dir='ltr'><strong>animabus</strong></span> <span class='ocrx_word' id='word_1_163' title='bbox 1339 1889 1617 1960; x_wconf 75' lang='lat' dir='ltr'><strong>dogmata</strong></span> <span class='ocrx_word' id='word_1_164' title='bbox 1645 1889 1908 1944; x_wconf 84' lang='lat' dir='ltr'><strong>exitiosa.</strong></span> 
     </span>
    </p>
   </div>
   <div class='ocr_carea' id='block_1_34' title="bbox 2443 1888 4098 1988">
    <p class='ocr_par' dir='ltr' id='par_1_34' title="bbox 2467 1888 4098 1988">
     <span class='ocr_line' id='line_1_34' title="bbox 2467 1888 4098 1988; baseline 0.002 -44"><span class='ocrx_word' id='word_1_165' title='bbox 2467 1924 2513 1988; x_wconf 85' lang='lat' dir='ltr'><strong>B</strong></span> <span class='ocrx_word' id='word_1_166' title='bbox 2543 1891 2684 1945; x_wconf 86' lang='grc'>3610</span> <span class='ocrx_word' id='word_1_167' title='bbox 2722 1888 2823 1944; x_wconf 83' lang='grc' dir='ltr'>Καὶ</span> <span class='ocrx_word' id='word_1_168' title='bbox 2854 1893 2959 1942; x_wconf 88' lang='grc' dir='ltr'><strong>τῶν</strong></span> <span class='ocrx_word' id='word_1_169' title='bbox 2987 1894 3114 1962; x_wconf 82' lang='grc' dir='ltr'>παρ’</span> <span class='ocrx_word' id='word_1_170' title='bbox 3141 1888 3304 1943; x_wconf 76' lang='grc' dir='ltr'><strong>αὐτοῦ</strong></span> <span class='ocrx_word' id='word_1_171' title='bbox 3335 1889 3621 1964; x_wconf 74' lang='grc' dir='ltr'><strong>δογμάτων</strong></span> <span class='ocrx_word' id='word_1_172' title='bbox 3662 1892 4039 1969; x_wconf 75' lang='grc' dir='ltr'>ψυχοφθόρων</span> <span class='ocrx_word' id='word_1_173' title='bbox 4086 1916 4098 1925; x_wconf 93' lang='grc'><strong>·</strong></span> 
     </span>
    </p>
   </div>
   <div class='ocr_carea' id='block_1_35' title="bbox 792 1976 2447 2058">
    <p class='ocr_par' dir='ltr' id='par_1_35' title="bbox 792 1977 2057 2048">
     <span class='ocr_line' id='line_1_35' title="bbox 792 1977 2057 2048; baseline -0.002 -13"><span class='ocrx_word' id='word_1_174' title='bbox 792 1982 895 2036; x_wconf 87' lang='lat' dir='ltr'><strong>Hic</strong></span> <span class='ocrx_word' id='word_1_175' title='bbox 926 1979 1144 2035; x_wconf 86' lang='lat' dir='ltr'><strong>multos</strong></span> <span class='ocrx_word' id='word_1_176' title='bbox 1167 1994 1351 2033; x_wconf 88' lang='lat' dir='ltr'><strong>annos</strong></span> <span class='ocrx_word' id='word_1_177' title='bbox 1378 1977 1487 2032; x_wconf 86' lang='lat' dir='ltr'><strong>hac</strong></span> <span class='ocrx_word' id='word_1_178' title='bbox 1516 1977 1762 2048; x_wconf 89' lang='lat' dir='ltr'><strong>illacque</strong></span> <span class='ocrx_word' id='word_1_179' title='bbox 1794 1995 2057 2045; x_wconf 87' lang='lat' dir='ltr'><strong>cursans,</strong></span> 
     </span>
    </p>
   </div>
   <div class='ocr_carea' id='block_1_36' title="bbox 2319 1976 3974 2058">
    <p class='ocr_par' dir='ltr' id='par_1_36' title="bbox 2467 1976 3974 2058">
     <span class='ocr_line' id='line_1_36' title="bbox 2467 1976 3974 2058; baseline 0.005 -28"><span class='ocrx_word' id='word_1_180' title='bbox 2467 1976 2511 1988; x_wconf 76' lang='grc'>”</span> <span class='ocrx_word' id='word_1_181' title='bbox 2720 1983 2954 2032; x_wconf 88' lang='grc' dir='ltr'>ΠοΛΛῶν</span> <span class='ocrx_word' id='word_1_182' title='bbox 2990 1978 3120 2032; x_wconf 85' lang='grc' dir='ltr'>ἐτῶν</span> <span class='ocrx_word' id='word_1_183' title='bbox 3153 1976 3381 2054; x_wconf 78' lang='grc' dir='ltr'><strong>δρόμοις</strong></span> <span class='ocrx_word' id='word_1_184' title='bbox 3409 2001 3467 2035; x_wconf 88' lang='grc' dir='ltr'>τε</span> <span class='ocrx_word' id='word_1_185' title='bbox 3495 1982 3583 2035; x_wconf 78' lang='grc' dir='ltr'><strong>καὶ</strong></span> <span class='ocrx_word' id='word_1_186' title='bbox 3614 1981 3974 2058; x_wconf 82' lang='grc' dir='ltr'>περιδρόμοις</span> 
     </span>
    </p>
   </div>
   <div class='ocr_carea' id='block_1_37' title="bbox 793 2066 2448 2141">
    <p class='ocr_par' dir='ltr' id='par_1_37' title="bbox 793 2066 2094 2140">
     <span class='ocr_line' id='line_1_37' title="bbox 793 2066 2094 2140; baseline -0.004 -15"><span class='ocrx_word' id='word_1_187' title='bbox 793 2070 953 2126; x_wconf 83' lang='lat' dir='ltr'><strong>orbis</strong></span> <span class='ocrx_word' id='word_1_188' title='bbox 981 2066 1307 2140; x_wconf 86' lang='lat' dir='ltr'><strong>provincias</strong></span> <span class='ocrx_word' id='word_1_189' title='bbox 1339 2082 1514 2137; x_wconf 81' lang='lat' dir='ltr'><strong>atque</strong></span> <span class='ocrx_word' id='word_1_190' title='bbox 1539 2067 1712 2120; x_wconf 73' lang='lat' dir='ltr'><strong>urbes</strong></span> <span class='ocrx_word' id='word_1_191' title='bbox 1756 2083 2094 2138; x_wconf 84' lang='lat' dir='ltr'><strong>peragrans,</strong></span> 
     </span>
    </p>
   </div>
   <div class='ocr_carea' id='block_1_38' title="bbox 2173 2066 3828 2141">
    <p class='ocr_par' dir='ltr' id='par_1_38' title="bbox 2722 2066 3828 2141">
     <span class='ocr_line' id='line_1_38' title="bbox 2722 2066 3828 2141; baseline 0 -18"><span class='ocrx_word' id='word_1_192' title='bbox 2722 2068 2915 2141; x_wconf 72' lang='grc' dir='ltr'>Χώρας</span> <span class='ocrx_word' id='word_1_193' title='bbox 2944 2066 3108 2121; x_wconf 76' lang='grc' dir='ltr'>ἐπιὼν</span> <span class='ocrx_word' id='word_1_194' title='bbox 3138 2068 3225 2122; x_wconf 83' lang='grc' dir='ltr'><strong>καὶ</strong></span> <span class='ocrx_word' id='word_1_195' title='bbox 3256 2068 3447 2131; x_wconf 87' lang='grc' dir='ltr'>πόλεις</span> <span class='ocrx_word' id='word_1_196' title='bbox 3480 2070 3828 2141; x_wconf 78' lang='grc' dir='ltr'><strong>οἰκουμένης,</strong></span> 
     </span>
    </p>
   </div>
   <div class='ocr_carea' id='block_1_39' title="bbox 798 2154 2453 2229">
    <p class='ocr_par' dir='ltr' id='par_1_39' title="bbox 798 2156 1946 2229">
     <span class='ocr_line' id='line_1_39' title="bbox 798 2156 1946 2229; baseline -0.002 -16"><span class='ocrx_word' id='word_1_197' title='bbox 798 2157 951 2214; x_wconf 85' lang='lat' dir='ltr'><strong>tristi</strong></span> <span class='ocrx_word' id='word_1_198' title='bbox 986 2162 1349 2229; x_wconf 81' lang='lat' dir='ltr'><strong>postremum</strong></span> <span class='ocrx_word' id='word_1_199' title='bbox 1389 2156 1585 2210; x_wconf 89' lang='lat' dir='ltr'><strong>omine</strong></span> <span class='ocrx_word' id='word_1_200' title='bbox 1614 2156 1946 2211; x_wconf 81' lang='lat' dir='ltr'><strong>adventavit</strong></span> 
     </span>
    </p>
   </div>
   <div class='ocr_carea' id='block_1_40' title="bbox 2079 2154 3734 2229">
    <p class='ocr_par' dir='ltr' id='par_1_40' title="bbox 2724 2154 3734 2224">
     <span class='ocr_line' id='line_1_40' title="bbox 2724 2154 3734 2224; baseline 0.004 -16"><span class='ocrx_word' id='word_1_201' title='bbox 2724 2154 3074 2224; x_wconf 83' lang='grc' dir='ltr'>Ἐπιπολάζει</span> <span class='ocrx_word' id='word_1_202' title='bbox 3108 2156 3194 2211; x_wconf 81' lang='grc' dir='ltr'><strong>καὶ</strong></span> <span class='ocrx_word' id='word_1_203' title='bbox 3226 2154 3537 2212; x_wconf 88' lang='grc' dir='ltr'>τελευταῖον</span> <span class='ocrx_word' id='word_1_204' title='bbox 3567 2159 3734 2221; x_wconf 70' lang='grc' dir='ltr'>τάλας</span> 
     </span>
    </p>
   </div>
   <div class='ocr_carea' id='block_1_41' title="bbox 796 2244 2451 2321">
    <p class='ocr_par' dir='ltr' id='par_1_41' title="bbox 796 2244 2057 2316">
     <span class='ocr_line' id='line_1_41' title="bbox 796 2244 2057 2316; baseline -0.002 -14"><span class='ocrx_word' id='word_1_205' title='bbox 796 2248 855 2303; x_wconf 91' lang='lat' dir='ltr'><strong>in</strong></span> <span class='ocrx_word' id='word_1_206' title='bbox 888 2244 1289 2316; x_wconf 86' lang='lat' dir='ltr'><strong>hancimperii</strong></span> <span class='ocrx_word' id='word_1_207' title='bbox 1323 2244 1641 2299; x_wconf 85' lang='lat' dir='ltr'><strong>maximam</strong></span> <span class='ocrx_word' id='word_1_208' title='bbox 1677 2244 2057 2316; x_wconf 90' lang='lat' dir='ltr'><strong>metropolim.</strong></span> 
     </span>
    </p>
   </div>
   <div class='ocr_carea' id='block_1_42' title="bbox 2068 2244 3723 2321">
    <p class='ocr_par' dir='ltr' id='par_1_42' title="bbox 2722 2244 3723 2321">
     <span class='ocr_line' id='line_1_42' title="bbox 2722 2244 3723 2321; baseline 0.006 -23"><span class='ocrx_word' id='word_1_209' title='bbox 2722 2244 2886 2299; x_wconf 88' lang='grc' dir='ltr'>Πόλει</span> <span class='ocrx_word' id='word_1_210' title='bbox 2924 2246 3151 2319; x_wconf 79' lang='grc' dir='ltr'>μεγίστῃ</span> <span class='ocrx_word' id='word_1_211' title='bbox 3182 2244 3316 2320; x_wconf 76' lang='grc' dir='ltr'>τῇδε</span> <span class='ocrx_word' id='word_1_212' title='bbox 3344 2248 3431 2301; x_wconf 81' lang='grc' dir='ltr'><strong>καὶ</strong></span> <span class='ocrx_word' id='word_1_213' title='bbox 3460 2246 3723 2321; x_wconf 87' lang='grc' dir='ltr'>βασιλίδι.</span> 
     </span>
    </p>
   </div>
   <div class='ocr_carea' id='block_1_43' title="bbox 796 2331 2451 2413">
    <p class='ocr_par' dir='ltr' id='par_1_43' title="bbox 796 2334 1845 2405">
     <span class='ocr_line' id='line_1_43' title="bbox 796 2334 1845 2405; baseline -0.006 -13"><span class='ocrx_word' id='word_1_214' title='bbox 796 2338 906 2393; x_wconf 85' lang='lat' dir='ltr'><strong>Sed</strong></span> <span class='ocrx_word' id='word_1_215' title='bbox 938 2336 1256 2405; x_wconf 89' lang='lat' dir='ltr'><strong>imperator</strong></span> <span class='ocrx_word' id='word_1_216' title='bbox 1286 2334 1641 2388; x_wconf 69' lang='lat' dir='ltr'><strong>orthodoxiaz</strong></span> <span class='ocrx_word' id='word_1_217' title='bbox 1674 2338 1845 2387; x_wconf 82' lang='lat' dir='ltr'><strong>tenax</strong></span> 
     </span>
    </p>
   </div>
   <div class='ocr_carea' id='block_1_44' title="bbox 2144 2331 3799 2413">
    <p class='ocr_par' dir='ltr' id='par_1_44' title="bbox 2541 2331 3799 2413">
     <span class='ocr_line' id='line_1_44' title="bbox 2541 2331 3799 2413; baseline 0.002 -23"><span class='ocrx_word' id='word_1_218' title='bbox 2541 2336 2683 2390; x_wconf 92' lang='grc'>3615</span> <span class='ocrx_word' id='word_1_219' title='bbox 2723 2331 2881 2388; x_wconf 85' lang='grc' dir='ltr'>Ἀλλ’</span> <span class='ocrx_word' id='word_1_220' title='bbox 2912 2335 2938 2388; x_wconf 88' lang='grc' dir='ltr'>ὁ</span> <span class='ocrx_word' id='word_1_221' title='bbox 2968 2337 3284 2410; x_wconf 85' lang='grc' dir='ltr'>κρατάρχης</span> <span class='ocrx_word' id='word_1_222' title='bbox 3312 2334 3621 2410; x_wconf 77' lang='grc' dir='ltr'>όρθοδοξίας</span> <span class='ocrx_word' id='word_1_223' title='bbox 3642 2336 3799 2413; x_wconf 84' lang='grc' dir='ltr'>φίλος</span> 
     </span>
    </p>
   </div>
   <div class='ocr_carea' id='block_1_45' title="bbox 791 2422 2446 2501">
    <p class='ocr_par' dir='ltr' id='par_1_45' title="bbox 791 2422 2207 2494">
     <span class='ocr_line' id='line_1_45' title="bbox 791 2422 2207 2494; baseline -0.003 -11"><span class='ocrx_word' id='word_1_224' title='bbox 791 2425 1050 2483; x_wconf 84' lang='lat' dir='ltr'><strong>hominis</strong></span> <span class='ocrx_word' id='word_1_225' title='bbox 1078 2424 1340 2479; x_wconf 81' lang='lat' dir='ltr'><strong>fraudem</strong></span> <span class='ocrx_word' id='word_1_226' title='bbox 1374 2429 1543 2477; x_wconf 87' lang='lat' dir='ltr'><strong>cauto</strong></span> <span class='ocrx_word' id='word_1_227' title='bbox 1573 2423 1820 2477; x_wconf 88' lang='lat' dir='ltr'><strong>artiﬁcio</strong></span> <span class='ocrx_word' id='word_1_228' title='bbox 1854 2422 2207 2494; x_wconf 81' lang='lat' dir='ltr'><strong>aggreditur.</strong></span> 
     </span>
    </p>
   </div>
   <div class='ocr_carea' id='block_1_46' title="bbox 2280 2422 3935 2501">
    <p class='ocr_par' dir='ltr' id='par_1_46' title="bbox 2718 2424 3935 2501">
     <span class='ocr_line' id='line_1_46' title="bbox 2718 2424 3935 2501; baseline 0.003 -25"><span class='ocrx_word' id='word_1_229' title='bbox 2718 2425 2963 2477; x_wconf 75' lang='lat' dir='ltr'><strong>Mé&#39;rsiow</strong></span> <span class='ocrx_word' id='word_1_230' title='bbox 2996 2425 3161 2479; x_wconf 76' lang='grc' dir='ltr'>αὐτοῦ</span> <span class='ocrx_word' id='word_1_231' title='bbox 3191 2425 3451 2501; x_wconf 85' lang='grc' dir='ltr'>πανσόφῳ</span> <span class='ocrx_word' id='word_1_232' title='bbox 3477 2424 3644 2500; x_wconf 69' lang='grc' dir='ltr'>τέχνη</span> <span class='ocrx_word' id='word_1_233' title='bbox 3675 2428 3885 2497; x_wconf 74' lang='grc' dir='ltr'>πλάνην</span> <span class='ocrx_word' id='word_1_234' title='bbox 3924 2447 3935 2458; x_wconf 89' lang='grc'><strong>·</strong></span> 
     </span>
    </p>
   </div>
   <div class='ocr_carea' id='block_1_47' title="bbox 790 2510 2445 2590">
    <p class='ocr_par' dir='ltr' id='par_1_47' title="bbox 790 2511 1771 2583">
     <span class='ocr_line' id='line_1_47' title="bbox 790 2511 1771 2583; baseline -0.006 -12"><span class='ocrx_word' id='word_1_235' title='bbox 790 2517 935 2571; x_wconf 88' lang='lat' dir='ltr'><strong>Nam</strong></span> <span class='ocrx_word' id='word_1_236' title='bbox 967 2512 1247 2569; x_wconf 87' lang='lat' dir='ltr'><strong>simulata</strong></span> <span class='ocrx_word' id='word_1_237' title='bbox 1275 2511 1483 2567; x_wconf 91' lang='lat' dir='ltr'><strong>callide</strong></span> <span class='ocrx_word' id='word_1_238' title='bbox 1517 2528 1771 2583; x_wconf 90' lang='lat' dir='ltr'><strong>persona</strong></span> 
     </span>
    </p>
   </div>
   <div class='ocr_carea' id='block_1_48' title="bbox 2255 2510 3910 2590">
    <p class='ocr_par' dir='ltr' id='par_1_48' title="bbox 2722 2510 3910 2590">
     <span class='ocr_line' id='line_1_48' title="bbox 2722 2510 3910 2590; baseline 0.003 -25"><span class='ocrx_word' id='word_1_239' title='bbox 2722 2510 3072 2585; x_wconf 74' lang='grc' dir='ltr'>Πλασαμενος</span> <span class='ocrx_word' id='word_1_240' title='bbox 3102 2514 3200 2588; x_wconf 84' lang='grc' dir='ltr'><strong>γάρ</strong></span> <span class='ocrx_word' id='word_1_241' title='bbox 3232 2515 3543 2589; x_wconf 81' lang='grc' dir='ltr'>ὑποκριθείς</span> <span class='ocrx_word' id='word_1_242' title='bbox 3568 2516 3614 2569; x_wconf 86' lang='grc' dir='ltr'><strong>τ’</strong></span> <span class='ocrx_word' id='word_1_243' title='bbox 3647 2514 3910 2590; x_wconf 69' lang='grc' dir='ltr'>ἐντέχνως</span> 
     </span>
    </p>
   </div>
   <div class='ocr_carea' id='block_1_49' title="bbox 789 2598 2444 2682">
    <p class='ocr_par' dir='ltr' id='par_1_49' title="bbox 789 2600 1909 2673">
     <span class='ocr_line' id='line_1_49' title="bbox 789 2600 1909 2673; baseline -0.005 -13"><span class='ocrx_word' id='word_1_244' title='bbox 789 2602 1095 2661; x_wconf 88' lang='lat' dir='ltr'><strong>credulum</strong></span> <span class='ocrx_word' id='word_1_245' title='bbox 1134 2619 1194 2673; x_wconf 82' lang='lat' dir='ltr'><strong>se</strong></span> <span class='ocrx_word' id='word_1_246' title='bbox 1228 2602 1685 2671; x_wconf 88' lang='lat' dir='ltr'><strong>benivolumque</strong></span> <span class='ocrx_word' id='word_1_247' title='bbox 1718 2600 1909 2671; x_wconf 86' lang='lat' dir='ltr'><strong>ﬁnxit,</strong></span> 
     </span>
    </p>
   </div>
   <div class='ocr_carea' id='block_1_50' title="bbox 2191 2598 3846 2682">
    <p class='ocr_par' dir='ltr' id='par_1_50' title="bbox 2724 2598 3846 2682">
     <span class='ocr_line' id='line_1_50' title="bbox 2724 2598 3846 2682; baseline 0.004 -27"><span class='ocrx_word' id='word_1_248' title='bbox 2724 2602 2910 2655; x_wconf 79' lang='grc' dir='ltr'>Πίστιν</span> <span class='ocrx_word' id='word_1_249' title='bbox 2949 2598 3188 2677; x_wconf 73' lang='grc' dir='ltr'>βεϐαίαν,</span> <span class='ocrx_word' id='word_1_250' title='bbox 3223 2603 3494 2675; x_wconf 75' lang='grc' dir='ltr'>εὐμένειάν</span> <span class='ocrx_word' id='word_1_251' title='bbox 3532 2605 3583 2657; x_wconf 76' lang='grc' dir='ltr'><strong>οἱ</strong></span> <span class='ocrx_word' id='word_1_252' title='bbox 3611 2604 3846 2682; x_wconf 72' lang='grc' dir='ltr'>τρέφειν,</span> 
     </span>
    </p>
   </div>
   <div class='ocr_carea' id='block_1_51' title="bbox 788 2689 2443 2767">
    <p class='ocr_par' dir='ltr' id='par_1_51' title="bbox 788 2689 2045 2764">
     <span class='ocr_line' id='line_1_51' title="bbox 788 2689 2045 2764; baseline -0.005 -14"><span class='ocrx_word' id='word_1_253' title='bbox 788 2709 938 2764; x_wconf 71' lang='lat' dir='ltr'><strong>saepe</strong></span> <span class='ocrx_word' id='word_1_254' title='bbox 968 2708 1035 2747; x_wconf 88' lang='lat' dir='ltr'><strong>ac</strong></span> <span class='ocrx_word' id='word_1_255' title='bbox 1068 2690 1311 2760; x_wconf 83' lang='lat' dir='ltr'><strong>benigne</strong></span> <span class='ocrx_word' id='word_1_256' title='bbox 1340 2706 1474 2745; x_wconf 91' lang='lat' dir='ltr'><strong>eum</strong></span> <span class='ocrx_word' id='word_1_257' title='bbox 1508 2689 1751 2745; x_wconf 86' lang='lat' dir='ltr'><strong>scelesto</strong></span> <span class='ocrx_word' id='word_1_258' title='bbox 1782 2706 2045 2757; x_wconf 88' lang='lat' dir='ltr'><strong>versans,</strong></span> 
     </span>
    </p>
   </div>
   <div class='ocr_carea' id='block_1_52' title="bbox 2030 2689 3685 2767">
    <p class='ocr_par' dir='ltr' id='par_1_52' title="bbox 2032 2690 3685 2767">
     <span class='ocr_line' id='line_1_52' title="bbox 2032 2690 3685 2767; baseline 0.002 -25"><span class='ocrx_word' id='word_1_259' title='bbox 2032 2733 2045 2757; x_wconf 87' lang='lat'><strong>,</strong></span> <span class='ocrx_word' id='word_1_260' title='bbox 2722 2692 2879 2764; x_wconf 88' lang='grc' dir='ltr'>Θαμά</span> <span class='ocrx_word' id='word_1_261' title='bbox 2907 2692 3130 2766; x_wconf 74' lang='grc' dir='ltr'>πρεσῄει</span> <span class='ocrx_word' id='word_1_262' title='bbox 3160 2692 3240 2763; x_wconf 81' lang='grc' dir='ltr'>τῷ</span> <span class='ocrx_word' id='word_1_263' title='bbox 3269 2690 3685 2767; x_wconf 83' lang='grc' dir='ltr'>τρισαλιτηρίῳ,</span> 
     </span>
    </p>
   </div>
   <div class='ocr_carea' id='block_1_53' title="bbox 788 2770 2443 2857">
    <p class='ocr_par' dir='ltr' id='par_1_53' title="bbox 788 2778 1879 2849">
     <span class='ocr_line' id='line_1_53' title="bbox 788 2778 1879 2849; baseline -0.005 -10"><span class='ocrx_word' id='word_1_264' title='bbox 788 2800 853 2839; x_wconf 90' lang='lat' dir='ltr'><strong>ac</strong></span> <span class='ocrx_word' id='word_1_265' title='bbox 884 2779 1155 2837; x_wconf 86' lang='lat' dir='ltr'><strong>familiari</strong></span> <span class='ocrx_word' id='word_1_266' title='bbox 1189 2778 1533 2833; x_wconf 89' lang='lat' dir='ltr'><strong>demulcens</strong></span> <span class='ocrx_word' id='word_1_267' title='bbox 1565 2778 1879 2849; x_wconf 89' lang='lat' dir='ltr'><strong>colloquio,</strong></span> 
     </span>
    </p>
   </div>
   <div class='ocr_carea' id='block_1_54' title="bbox 2216 2770 3871 2857">
    <p class='ocr_par' dir='ltr' id='par_1_54' title="bbox 2542 2770 3871 2857">
     <span class='ocr_line' id='line_1_54' title="bbox 2542 2770 3871 2857; baseline 0 -21"><span class='ocrx_word' id='word_1_268' title='bbox 2542 2783 2684 2837; x_wconf 83' lang='lat'>3620</span> <span class='ocrx_word' id='word_1_269' title='bbox 2721 2782 2888 2853; x_wconf 82' lang='grc' dir='ltr'>Ἀγαν</span> <span class='ocrx_word' id='word_1_270' title='bbox 2920 2784 3211 2854; x_wconf 81' lang='grc' dir='ltr'>προσηνῶς</span> <span class='ocrx_word' id='word_1_271' title='bbox 3243 2780 3557 2853; x_wconf 76' lang='grc' dir='ltr'>καθομιλῶν</span> <span class='ocrx_word' id='word_1_272' title='bbox 3593 2770 3871 2857; x_wconf 75' lang='grc' dir='ltr'>συχνάκις,</span> 
     </span>
    </p>
   </div>
   <div class='ocr_carea' id='block_1_55' title="bbox 785 2866 2440 2945">
    <p class='ocr_par' dir='ltr' id='par_1_55' title="bbox 785 2866 1968 2940">
     <span class='ocr_line' id='line_1_55' title="bbox 785 2866 1968 2940; baseline -0.005 -13"><span class='ocrx_word' id='word_1_273' title='bbox 785 2875 1259 2940; x_wconf 86' lang='lat' dir='ltr'><strong>servatoremque</strong></span> <span class='ocrx_word' id='word_1_274' title='bbox 1288 2868 1610 2923; x_wconf 87' lang='lat' dir='ltr'><strong>errantium</strong></span> <span class='ocrx_word' id='word_1_275' title='bbox 1645 2866 1968 2938; x_wconf 84' lang='lat' dir='ltr'><strong>appellans.</strong></span> 
     </span>
    </p>
   </div>
   <div class='ocr_carea' id='block_1_56' title="bbox 2171 2866 3826 2945">
    <p class='ocr_par' dir='ltr' id='par_1_56' title="bbox 2723 2867 3826 2945">
     <span class='ocr_line' id='line_1_56' title="bbox 2723 2867 3826 2945; baseline 0.003 -22"><span class='ocrx_word' id='word_1_276' title='bbox 2723 2876 2956 2945; x_wconf 82' lang='grc' dir='ltr'>Σωτῆρα</span> <span class='ocrx_word' id='word_1_277' title='bbox 2985 2869 3167 2924; x_wconf 91' lang='grc' dir='ltr'>καλῶν</span> <span class='ocrx_word' id='word_1_278' title='bbox 3199 2867 3354 2923; x_wconf 85' lang='grc' dir='ltr'>τόνδε</span> <span class='ocrx_word' id='word_1_279' title='bbox 3382 2868 3826 2943; x_wconf 71' lang='grc' dir='ltr'>πεπλανημένων.</span> 
     </span>
    </p>
   </div>
   <div class='ocr_carea' id='block_1_57' title="bbox 787 2955 2442 3034">
    <p class='ocr_par' dir='ltr' id='par_1_57' title="bbox 787 2956 1889 3029">
     <span class='ocr_line' id='line_1_57' title="bbox 787 2956 1889 3029; baseline -0.005 -12"><span class='ocrx_word' id='word_1_280' title='bbox 787 2961 890 3017; x_wconf 90' lang='lat' dir='ltr'><strong>His</strong></span> <span class='ocrx_word' id='word_1_281' title='bbox 922 2960 1093 3014; x_wconf 88' lang='lat' dir='ltr'><strong>homo</strong></span> <span class='ocrx_word' id='word_1_282' title='bbox 1126 2958 1345 3029; x_wconf 88' lang='lat' dir='ltr'><strong>impius</strong></span> <span class='ocrx_word' id='word_1_283' title='bbox 1377 2956 1667 3012; x_wconf 88' lang='lat' dir='ltr'><strong>delenitus</strong></span> <span class='ocrx_word' id='word_1_284' title='bbox 1696 2956 1889 3012; x_wconf 86' lang='lat' dir='ltr'><strong>verbis</strong></span> 
     </span>
    </p>
   </div>
   <div class='ocr_carea' id='block_1_58' title="bbox 2423 2955 4078 3034">
    <p class='ocr_par' dir='ltr' id='par_1_58' title="bbox 2720 2955 4078 3034">
     <span class='ocr_line' id='line_1_58' title="bbox 2720 2955 4078 3034; baseline 0.001 -21"><span class='ocrx_word' id='word_1_285' title='bbox 2720 2955 2904 3014; x_wconf 82' lang='grc' dir='ltr'>Τοῖσδ¹</span> <span class='ocrx_word' id='word_1_286' title='bbox 2937 2959 2965 3011; x_wconf 86' lang='grc' dir='ltr'>ὁ</span> <span class='ocrx_word' id='word_1_287' title='bbox 3000 2956 3263 3033; x_wconf 89' lang='grc' dir='ltr'>βδελυρὸς</span> <span class='ocrx_word' id='word_1_288' title='bbox 3296 2957 3687 3033; x_wconf 84' lang='grc' dir='ltr'>καταθελχθεὶς</span> <span class='ocrx_word' id='word_1_289' title='bbox 3716 2965 3829 3021; x_wconf 88' lang='grc' dir='ltr'>τοῖς</span> <span class='ocrx_word' id='word_1_290' title='bbox 3862 2959 4078 3034; x_wconf 72' lang='grc' dir='ltr'>λόγοις</span> 
     </span>
    </p>
   </div>
   <div class='ocr_carea' id='block_1_59' title="bbox 788 3046 2443 3123">
    <p class='ocr_par' dir='ltr' id='par_1_59' title="bbox 788 3048 1690 3115">
     <span class='ocr_line' id='line_1_59' title="bbox 788 3048 1690 3115; baseline -0.009 -8"><span class='ocrx_word' id='word_1_291' title='bbox 788 3051 1098 3107; x_wconf 89' lang='lat' dir='ltr'><strong>exitiosum</strong></span> <span class='ocrx_word' id='word_1_292' title='bbox 1132 3048 1354 3104; x_wconf 87' lang='lat' dir='ltr'><strong>vomuit</strong></span> <span class='ocrx_word' id='word_1_293' title='bbox 1379 3062 1690 3115; x_wconf 88' lang='lat' dir='ltr'><strong>venenum,</strong></span> 
     </span>
    </p>
   </div>
   <div class='ocr_carea' id='block_1_60' title="bbox 1997 3046 3652 3123">
    <p class='ocr_par' dir='ltr' id='par_1_60' title="bbox 2722 3046 3652 3123">
     <span class='ocr_line' id='line_1_60' title="bbox 2722 3046 3652 3123; baseline -0.002 -21"><span class='ocrx_word' id='word_1_294' title='bbox 2722 3048 2821 3104; x_wconf 84' lang='grc' dir='ltr'><strong>Ἰὸν</strong></span> <span class='ocrx_word' id='word_1_295' title='bbox 2854 3046 3040 3108; x_wconf 88' lang='grc' dir='ltr'>κακίας</span> <span class='ocrx_word' id='word_1_296' title='bbox 3076 3046 3253 3120; x_wconf 82' lang='grc' dir='ltr'>ἐξεμεῖ</span> <span class='ocrx_word' id='word_1_297' title='bbox 3282 3048 3652 3123; x_wconf 77' lang='grc' dir='ltr'>ψυχοφθόρον.</span> 
     </span>
    </p>
   </div>
   <div class='ocr_carea' id='block_1_61' title="bbox 790 3133 2445 3213">
    <p class='ocr_par' dir='ltr' id='par_1_61' title="bbox 790 3135 2022 3213">
     <span class='ocr_line' id='line_1_61' title="bbox 790 3135 2022 3213; baseline -0.005 -17"><span class='ocrx_word' id='word_1_298' title='bbox 790 3140 1059 3213; x_wconf 76' lang='lat' dir='ltr'><strong>pessimae</strong></span> <span class='ocrx_word' id='word_1_299' title='bbox 1091 3153 1385 3208; x_wconf 86' lang='lat' dir='ltr'><strong>exponens</strong></span> <span class='ocrx_word' id='word_1_300' title='bbox 1420 3136 1696 3212; x_wconf 85' lang='lat' dir='ltr'><strong>dogmata</strong></span> <span class='ocrx_word' id='word_1_301' title='bbox 1726 3135 2022 3190; x_wconf 66' lang='lat' dir='ltr'><strong>doctrinae.</strong></span> 
     </span>
    </p>
   </div>
   <div class='ocr_carea' id='block_1_62' title="bbox 2140 3133 3795 3213">
    <p class='ocr_par' dir='ltr' id='par_1_62' title="bbox 2720 3133 3795 3212">
     <span class='ocr_line' id='line_1_62' title="bbox 2720 3133 3795 3212; baseline 0 -21"><span class='ocrx_word' id='word_1_302' title='bbox 2720 3142 2997 3191; x_wconf 79' lang='grc' dir='ltr'>’Έκπυστα</span> <span class='ocrx_word' id='word_1_303' title='bbox 3026 3136 3193 3200; x_wconf 78' lang='grc' dir='ltr'>τιθεὶς</span> <span class='ocrx_word' id='word_1_304' title='bbox 3225 3133 3470 3211; x_wconf 82' lang='grc' dir='ltr'>δόγματα</span> <span class='ocrx_word' id='word_1_305' title='bbox 3493 3138 3762 3212; x_wconf 86' lang='grc' dir='ltr'>πονηρίας</span> <span class='ocrx_word' id='word_1_306' title='bbox 3784 3157 3795 3171; x_wconf 83' lang='grc'><em>’</em></span> 
     </span>
    </p>
   </div>
   <div class='ocr_carea' id='block_1_63' title="bbox 790 3224 2445 3302">
    <p class='ocr_par' dir='ltr' id='par_1_63' title="bbox 790 3225 1903 3299">
     <span class='ocr_line' id='line_1_63' title="bbox 790 3225 1903 3299; baseline -0.006 -14"><span class='ocrx_word' id='word_1_307' title='bbox 790 3234 923 3297; x_wconf 61' lang='lat' dir='ltr'><strong>Quae</strong></span> <span class='ocrx_word' id='word_1_308' title='bbox 960 3228 1091 3299; x_wconf 89' lang='lat' dir='ltr'><strong>pius</strong></span> <span class='ocrx_word' id='word_1_309' title='bbox 1122 3227 1313 3282; x_wconf 66' lang='lat' dir='ltr'><strong>Caesar</strong></span> <span class='ocrx_word' id='word_1_310' title='bbox 1344 3226 1521 3281; x_wconf 88' lang='lat' dir='ltr'><strong>simul</strong></span> <span class='ocrx_word' id='word_1_311' title='bbox 1554 3241 1618 3279; x_wconf 89' lang='lat' dir='ltr'><strong>ac</strong></span> <span class='ocrx_word' id='word_1_312' title='bbox 1651 3225 1903 3293; x_wconf 84' lang='lat' dir='ltr'><strong>agnovit,</strong></span> 
     </span>
    </p>
   </div>
   <div class='ocr_carea' id='block_1_64' title="bbox 2252 3224 3907 3302">
    <p class='ocr_par' dir='ltr' id='par_1_64' title="bbox 2475 3224 3907 3302">
     <span class='ocr_line' id='line_1_64' title="bbox 2475 3224 3907 3302; baseline -0.001 -20"><span class='ocrx_word' id='word_1_313' title='bbox 2475 3284 2512 3302; x_wconf 53' lang='grc' dir='ltr'><strong>Δ</strong></span> <span class='ocrx_word' id='word_1_314' title='bbox 2544 3229 2685 3282; x_wconf 78' lang='grc'>3625</span> <span class='ocrx_word' id='word_1_315' title='bbox 2722 3234 2791 3281; x_wconf 82' lang='grc' dir='ltr'><strong>““Α</strong></span> <span class='ocrx_word' id='word_1_316' title='bbox 2822 3225 2987 3299; x_wconf 76' lang='grc' dir='ltr'>γνοὺς</span> <span class='ocrx_word' id='word_1_317' title='bbox 3017 3226 3044 3279; x_wconf 89' lang='grc' dir='ltr'>ὁ</span> <span class='ocrx_word' id='word_1_318' title='bbox 3074 3230 3285 3301; x_wconf 85' lang='grc' dir='ltr'>κρατῶν</span> <span class='ocrx_word' id='word_1_319' title='bbox 3320 3225 3679 3302; x_wconf 84' lang='grc' dir='ltr'>φιλόχριστος</span> <span class='ocrx_word' id='word_1_320' title='bbox 3710 3224 3907 3300; x_wconf 85' lang='grc' dir='ltr'>καρδία</span> 
     </span>
    </p>
   </div>
   <div class='ocr_carea' id='block_1_65' title="bbox 787 3284 2442 3389">
    <p class='ocr_par' dir='ltr' id='par_1_65' title="bbox 787 3313 1832 3386">
     <span class='ocr_line' id='line_1_65' title="bbox 787 3313 1832 3386; baseline -0.01 -11"><span class='ocrx_word' id='word_1_321' title='bbox 787 3317 1016 3376; x_wconf 87' lang='lat' dir='ltr'><strong>scelesti</strong></span> <span class='ocrx_word' id='word_1_322' title='bbox 1049 3332 1257 3386; x_wconf 90' lang='lat' dir='ltr'><strong>nempe</strong></span> <span class='ocrx_word' id='word_1_323' title='bbox 1287 3315 1460 3369; x_wconf 80' lang='lat' dir='ltr'><strong>eﬁ‘ata</strong></span> <span class='ocrx_word' id='word_1_324' title='bbox 1484 3313 1832 3383; x_wconf 87' lang='lat' dir='ltr'><strong>magisterii,</strong></span> 
     </span>
    </p>
   </div>
   <div class='ocr_carea' id='block_1_66' title="bbox 1975 3284 3630 3389">
    <p class='ocr_par' dir='ltr' id='par_1_66' title="bbox 2472 3284 3630 3389">
     <span class='ocr_line' id='line_1_66' title="bbox 2472 3284 3630 3389; baseline -0.004 -18"><span class='ocrx_word' id='word_1_325' title='bbox 2472 3284 2515 3350; x_wconf 66' lang='grc' dir='ltr'><strong>Ο</strong></span> <span class='ocrx_word' id='word_1_326' title='bbox 2717 3284 2983 3389; x_wconf 33' lang='grc' dir='ltr'>Ὀλέθρια-</span> <span class='ocrx_word' id='word_1_327' title='bbox 3007 3284 3251 3389; x_wconf 75' lang='grc' dir='ltr'>δόγματα</span> <span class='ocrx_word' id='word_1_328' title='bbox 3282 3284 3630 3375; x_wconf 41' lang='grc' dir='ltr'>δι’δασκιάλίας</span> 
     </span>
    </p>
   </div>
   <div class='ocr_carea' id='block_1_67' title="bbox 786 3400 2441 3480">
    <p class='ocr_par' dir='ltr' id='par_1_67' title="bbox 786 3400 1789 3480">
     <span class='ocr_line' id='line_1_67' title="bbox 786 3400 1789 3480; baseline -0.01 -16"><span class='ocrx_word' id='word_1_329' title='bbox 786 3411 1056 3480; x_wconf 87' lang='lat' dir='ltr'><strong>protinus</strong></span> <span class='ocrx_word' id='word_1_330' title='bbox 1088 3404 1260 3475; x_wconf 88' lang='lat' dir='ltr'><strong>vulgo</strong></span> <span class='ocrx_word' id='word_1_331' title='bbox 1293 3401 1553 3474; x_wconf 85' lang='lat' dir='ltr'><strong>pateﬁeri</strong></span> <span class='ocrx_word' id='word_1_332' title='bbox 1584 3400 1789 3467; x_wconf 88' lang='lat' dir='ltr'><strong>voluit,</strong></span> 
     </span>
    </p>
   </div>
   <div class='ocr_carea' id='block_1_68' title="bbox 2277 3400 3932 3480">
    <p class='ocr_par' dir='ltr' id='par_1_68' title="bbox 2717 3401 3932 3477">
     <span class='ocr_line' id='line_1_68' title="bbox 2717 3401 3932 3477; baseline 0 -20"><span class='ocrx_word' id='word_1_333' title='bbox 2717 3403 2923 3473; x_wconf 85' lang='grc' dir='ltr'>Γόητος</span> <span class='ocrx_word' id='word_1_334' title='bbox 2956 3401 3168 3475; x_wconf 81' lang='grc' dir='ltr'>ἀνδρὸς,</span> <span class='ocrx_word' id='word_1_335' title='bbox 3206 3404 3569 3477; x_wconf 80' lang='grc' dir='ltr'>μισοχρίστου</span> <span class='ocrx_word' id='word_1_336' title='bbox 3599 3404 3688 3457; x_wconf 74' lang='grc' dir='ltr'><strong>καὶ</strong></span> <span class='ocrx_word' id='word_1_337' title='bbox 3720 3401 3932 3457; x_wconf 77' lang='grc' dir='ltr'>πλάνου</span> 
     </span>
    </p>
   </div>
   <div class='ocr_carea' id='block_1_69' title="bbox 780 3488 2435 3568">
    <p class='ocr_par' dir='ltr' id='par_1_69' title="bbox 780 3488 2125 3567">
     <span class='ocr_line' id='line_1_69' title="bbox 780 3488 2125 3567; baseline -0.005 -15"><span class='ocrx_word' id='word_1_338' title='bbox 780 3488 1282 3567; x_wconf 86' lang='lat' dir='ltr'><strong>impostoremque</strong></span> <span class='ocrx_word' id='word_1_339' title='bbox 1316 3491 1612 3545; x_wconf 89' lang='lat' dir='ltr'><strong>hominem</strong></span> <span class='ocrx_word' id='word_1_340' title='bbox 1645 3490 1863 3545; x_wconf 88' lang='lat' dir='ltr'><strong>Christi</strong></span> <span class='ocrx_word' id='word_1_341' title='bbox 1896 3491 2125 3546; x_wconf 87' lang='lat' dir='ltr'><strong>hostem</strong></span> 
     </span>
    </p>
   </div>
   <div class='ocr_carea' id='block_1_70' title="bbox 2293 3488 3948 3568">
    <p class='ocr_par' dir='ltr' id='par_1_70' title="bbox 2719 3488 3948 3568">
     <span class='ocr_line' id='line_1_70' title="bbox 2719 3488 3948 3568; baseline -0.002 -20"><span class='ocrx_word' id='word_1_342' title='bbox 2719 3492 2820 3548; x_wconf 89' lang='grc' dir='ltr'><strong>Καὶ</strong></span> <span class='ocrx_word' id='word_1_343' title='bbox 2855 3492 3160 3563; x_wconf 65' lang='grc' dir='ltr'>πηλιτεπόει</span> <span class='ocrx_word' id='word_1_344' title='bbox 3190 3494 3277 3547; x_wconf 81' lang='grc' dir='ltr'><strong>καὶ</strong></span> <span class='ocrx_word' id='word_1_345' title='bbox 3314 3488 3630 3567; x_wconf 77' lang='grc' dir='ltr'>θριαμϐεύει</span> <span class='ocrx_word' id='word_1_346' title='bbox 3660 3494 3948 3568; x_wconf 75' lang='grc' dir='ltr'>πρόφρων,</span> 
     </span>
    </p>
   </div>
   <div class='ocr_carea' id='block_1_71' title="bbox 783 3579 2438 3659">
    <p class='ocr_par' dir='ltr' id='par_1_71' title="bbox 783 3582 1955 3654">
     <span class='ocr_line' id='line_1_71' title="bbox 783 3582 1955 3654; baseline -0.004 -12"><span class='ocrx_word' id='word_1_347' title='bbox 783 3587 1027 3642; x_wconf 86' lang='lat' dir='ltr'><strong>tradidit</strong></span> <span class='ocrx_word' id='word_1_348' title='bbox 1057 3584 1311 3640; x_wconf 85' lang='lat' dir='ltr'><strong>ﬂammis</strong></span> <span class='ocrx_word' id='word_1_349' title='bbox 1344 3584 1641 3637; x_wconf 90' lang='lat' dir='ltr'><strong>communi</strong></span> <span class='ocrx_word' id='word_1_350' title='bbox 1675 3582 1955 3654; x_wconf 73' lang='lat' dir='ltr'><strong>suffragio</strong></span> 
     </span>
    </p>
   </div>
   <div class='ocr_carea' id='block_1_72' title="bbox 2206 3579 3861 3659">
    <p class='ocr_par' dir='ltr' id='par_1_72' title="bbox 2717 3579 3861 3659">
     <span class='ocr_line' id='line_1_72' title="bbox 2717 3579 3861 3659; baseline 0.002 -24"><span class='ocrx_word' id='word_1_351' title='bbox 2717 3584 2898 3659; x_wconf 82' lang='grc' dir='ltr'>Ψήφῳ</span> <span class='ocrx_word' id='word_1_352' title='bbox 2929 3603 2987 3635; x_wconf 87' lang='grc' dir='ltr'>τε</span> <span class='ocrx_word' id='word_1_353' title='bbox 3017 3586 3174 3654; x_wconf 81' lang='grc' dir='ltr'>κοινῇ</span> <span class='ocrx_word' id='word_1_354' title='bbox 3204 3587 3283 3653; x_wconf 80' lang='grc' dir='ltr'>τῷ</span> <span class='ocrx_word' id='word_1_355' title='bbox 3313 3582 3445 3656; x_wconf 81' lang='grc' dir='ltr'>πυρὶ</span> <span class='ocrx_word' id='word_1_356' title='bbox 3474 3579 3627 3636; x_wconf 86' lang='grc' dir='ltr'>τόνδε</span> <span class='ocrx_word' id='word_1_357' title='bbox 3654 3580 3861 3656; x_wconf 70' lang='grc' dir='ltr'>φλέγει.</span> 
     </span>
    </p>
   </div>
   <div class='ocr_carea' id='block_1_73' title="bbox 782 3670 2437 3746">
    <p class='ocr_par' dir='ltr' id='par_1_73' title="bbox 782 3671 1907 3745">
     <span class='ocr_line' id='line_1_73' title="bbox 782 3671 1907 3745; baseline -0.005 -14"><span class='ocrx_word' id='word_1_358' title='bbox 782 3675 999 3731; x_wconf 87' lang='lat' dir='ltr'><strong>Multos</strong></span> <span class='ocrx_word' id='word_1_359' title='bbox 1031 3681 1310 3745; x_wconf 62' lang='lat' dir='ltr'><strong>presterea</strong></span> <span class='ocrx_word' id='word_1_360' title='bbox 1338 3671 1685 3726; x_wconf 69' lang='lat' dir='ltr'><strong>Manichmos</strong></span> <span class='ocrx_word' id='word_1_361' title='bbox 1716 3672 1907 3726; x_wconf 63' lang='lat' dir='ltr'><strong>Caesar</strong></span> 
     </span>
    </p>
   </div>
   <div class='ocr_carea' id='block_1_74' title="bbox 2191 3670 3846 3746">
    <p class='ocr_par' dir='ltr' id='par_1_74' title="bbox 2537 3670 3846 3746">
     <span class='ocr_line' id='line_1_74' title="bbox 2537 3670 3846 3746; baseline -0.001 -21"><span class='ocrx_word' id='word_1_362' title='bbox 2537 3674 2680 3727; x_wconf 87' lang='grc'>3630</span> <span class='ocrx_word' id='word_1_363' title='bbox 2717 3672 2884 3733; x_wconf 85' lang='grc' dir='ltr'>Οὗτος</span> <span class='ocrx_word' id='word_1_364' title='bbox 2922 3670 3173 3745; x_wconf 84' lang='grc' dir='ltr'>βασιλεὺς</span> <span class='ocrx_word' id='word_1_365' title='bbox 3206 3672 3294 3725; x_wconf 82' lang='grc' dir='ltr'><strong>καὶ</strong></span> <span class='ocrx_word' id='word_1_366' title='bbox 3324 3673 3649 3746; x_wconf 78' lang='grc' dir='ltr'>Μανιχαίων</span> <span class='ocrx_word' id='word_1_367' title='bbox 3682 3671 3846 3725; x_wconf 78' lang='grc' dir='ltr'>πάλιν</span> 
     </span>
    </p>
   </div>
   <div class='ocr_carea' id='block_1_75' title="bbox 784 3756 2439 3838">
    <p class='ocr_par' dir='ltr' id='par_1_75' title="bbox 784 3760 2025 3835">
     <span class='ocr_line' id='line_1_75' title="bbox 784 3760 2025 3835; baseline -0.005 -15"><span class='ocrx_word' id='word_1_368' title='bbox 784 3772 907 3821; x_wconf 91' lang='lat' dir='ltr'><strong>tum</strong></span> <span class='ocrx_word' id='word_1_369' title='bbox 942 3763 1279 3835; x_wconf 89' lang='lat' dir='ltr'><strong>magisterio</strong></span> <span class='ocrx_word' id='word_1_370' title='bbox 1312 3768 1437 3815; x_wconf 92' lang='lat' dir='ltr'><strong>tum</strong></span> <span class='ocrx_word' id='word_1_371' title='bbox 1471 3762 1617 3815; x_wconf 88' lang='lat' dir='ltr'><strong>catis</strong></span> <span class='ocrx_word' id='word_1_372' title='bbox 1649 3760 2025 3815; x_wconf 88' lang='lat' dir='ltr'><strong>suasionibus</strong></span> 
     </span>
    </p>
   </div>
   <div class='ocr_carea' id='block_1_76' title="bbox 2222 3756 3877 3838">
    <p class='ocr_par' dir='ltr' id='par_1_76' title="bbox 2717 3756 3877 3838">
     <span class='ocr_line' id='line_1_76' title="bbox 2717 3756 3877 3838; baseline 0.002 -23"><span class='ocrx_word' id='word_1_373' title='bbox 2717 3759 2970 3825; x_wconf 77' lang='grc' dir='ltr'>Πολλοὺς</span> <span class='ocrx_word' id='word_1_374' title='bbox 2997 3762 3130 3836; x_wconf 88' lang='grc' dir='ltr'>πρὸς</span> <span class='ocrx_word' id='word_1_375' title='bbox 3161 3756 3431 3816; x_wconf 72' lang='grc' dir='ltr'>εὐσέϐειαν</span> <span class='ocrx_word' id='word_1_376' title='bbox 3462 3762 3528 3830; x_wconf 83' lang='grc' dir='ltr'>ἦν</span> <span class='ocrx_word' id='word_1_377' title='bbox 3564 3760 3877 3838; x_wconf 74' lang='grc' dir='ltr'>ἐφελκύσας.</span> 
     </span>
    </p>
   </div>
   <div class='ocr_carea' id='block_1_77' title="bbox 785 3846 2440 3925">
    <p class='ocr_par' dir='ltr' id='par_1_77' title="bbox 785 3851 1797 3924">
     <span class='ocr_line' id='line_1_77' title="bbox 785 3851 1797 3924; baseline -0.008 -14"><span class='ocrx_word' id='word_1_378' title='bbox 785 3855 855 3910; x_wconf 91' lang='lat' dir='ltr'><strong>ad</strong></span> <span class='ocrx_word' id='word_1_379' title='bbox 889 3853 1227 3924; x_wconf 86' lang='lat' dir='ltr'><strong>religionem</strong></span> <span class='ocrx_word' id='word_1_380' title='bbox 1262 3867 1454 3905; x_wconf 90' lang='lat' dir='ltr'><strong>veram</strong></span> <span class='ocrx_word' id='word_1_381' title='bbox 1488 3851 1797 3905; x_wconf 88' lang='lat' dir='ltr'><strong>revocavit.</strong></span> 
     </span>
    </p>
   </div>
   <div class='ocr_carea' id='block_1_78' title="bbox 2211 3846 3866 3925">
    <p class='ocr_par' dir='ltr' id='par_1_78' title="bbox 2719 3846 3866 3925">
     <span class='ocr_line' id='line_1_78' title="bbox 2719 3846 3866 3925; baseline 0.001 -21"><span class='ocrx_word' id='word_1_382' title='bbox 2719 3848 3110 3911; x_wconf 86' lang='grc' dir='ltr'>Διδασκαλίαις</span> <span class='ocrx_word' id='word_1_383' title='bbox 3141 3851 3231 3905; x_wconf 86' lang='grc' dir='ltr'><strong>καὶ</strong></span> <span class='ocrx_word' id='word_1_384' title='bbox 3260 3856 3450 3925; x_wconf 79' lang='grc' dir='ltr'>σοφαῖς</span> <span class='ocrx_word' id='word_1_385' title='bbox 3481 3846 3866 3923; x_wconf 75' lang='grc' dir='ltr'>συμϐουλίαις.</span> 
     </span>
    </p>
   </div>
   <div class='ocr_carea' id='block_1_79' title="bbox 785 3938 2440 4017">
    <p class='ocr_par' dir='ltr' id='par_1_79' title="bbox 785 3939 1864 4014">
     <span class='ocr_line' id='line_1_79' title="bbox 785 3939 1864 4014; baseline -0.006 -16"><span class='ocrx_word' id='word_1_386' title='bbox 785 3941 1077 4014; x_wconf 90' lang='lat' dir='ltr'><strong>Orphanis</strong></span> <span class='ocrx_word' id='word_1_387' title='bbox 1110 3956 1342 4011; x_wconf 91' lang='lat' dir='ltr'><strong>quoque</strong></span> <span class='ocrx_word' id='word_1_388' title='bbox 1377 3939 1569 4009; x_wconf 88' lang='lat' dir='ltr'><strong>pueris</strong></span> <span class='ocrx_word' id='word_1_389' title='bbox 1594 3940 1864 3994; x_wconf 90' lang='lat' dir='ltr'><strong>attribuit</strong></span> 
     </span>
    </p>
   </div>
   <div class='ocr_carea' id='block_1_80' title="bbox 2263 3938 3918 4017">
    <p class='ocr_par' dir='ltr' id='par_1_80' title="bbox 2722 3938 3918 4017">
     <span class='ocr_line' id='line_1_80' title="bbox 2722 3938 3918 4017; baseline -0.001 -21"><span class='ocrx_word' id='word_1_390' title='bbox 2722 3942 2818 3996; x_wconf 83' lang='grc' dir='ltr'>Καὶ</span> <span class='ocrx_word' id='word_1_391' title='bbox 2851 3941 3003 3994; x_wconf 90' lang='grc' dir='ltr'>παισὶ</span> <span class='ocrx_word' id='word_1_392' title='bbox 3036 3939 3083 3995; x_wconf 86' lang='grc' dir='ltr'>δ’</span> <span class='ocrx_word' id='word_1_393' title='bbox 3114 3942 3394 4015; x_wconf 76' lang='grc' dir='ltr'>ἀνήγειρεν</span> <span class='ocrx_word' id='word_1_394' title='bbox 3432 3940 3687 4017; x_wconf 76' lang='grc' dir='ltr'>ὀρφανοῖς</span> <span class='ocrx_word' id='word_1_395' title='bbox 3721 3938 3918 4013; x_wconf 86' lang='grc' dir='ltr'>δόμον,</span> 
     </span>
    </p>
   </div>
   <div class='ocr_carea' id='block_1_81' title="bbox 787 4028 2442 4103">
    <p class='ocr_par' dir='ltr' id='par_1_81' title="bbox 787 4028 1992 4097">
     <span class='ocr_line' id='line_1_81' title="bbox 787 4028 1992 4097; baseline -0.005 -9"><span class='ocrx_word' id='word_1_396' title='bbox 787 4033 1029 4088; x_wconf 86' lang='lat' dir='ltr'><strong>domum</strong></span> <span class='ocrx_word' id='word_1_397' title='bbox 1064 4034 1121 4085; x_wconf 92' lang='lat' dir='ltr'><strong>et</strong></span> <span class='ocrx_word' id='word_1_398' title='bbox 1152 4030 1369 4085; x_wconf 90' lang='lat' dir='ltr'><strong>victum</strong></span> <span class='ocrx_word' id='word_1_399' title='bbox 1403 4028 1723 4097; x_wconf 76' lang='lat' dir='ltr'><strong>assignavit</strong></span> <span class='ocrx_word' id='word_1_400' title='bbox 1754 4029 1992 4083; x_wconf 89' lang='lat' dir='ltr'><strong>uberem</strong></span> 
     </span>
    </p>
   </div>
   <div class='ocr_carea' id='block_1_82' title="bbox 2158 4028 3813 4103">
    <p class='ocr_par' dir='ltr' id='par_1_82' title="bbox 2718 4028 3813 4103">
     <span class='ocr_line' id='line_1_82' title="bbox 2718 4028 3813 4103; baseline -0.004 -15"><span class='ocrx_word' id='word_1_401' title='bbox 2718 4031 2889 4103; x_wconf 79' lang='grc' dir='ltr'>Τάξας</span> <span class='ocrx_word' id='word_1_402' title='bbox 2921 4033 3158 4101; x_wconf 85' lang='grc' dir='ltr'>σιτήσεις</span> <span class='ocrx_word' id='word_1_403' title='bbox 3190 4028 3436 4103; x_wconf 79' lang='grc' dir='ltr'>δαψιλεῖς</span> <span class='ocrx_word' id='word_1_404' title='bbox 3464 4030 3513 4085; x_wconf 81' lang='grc' dir='ltr'>ἐν</span> <span class='ocrx_word' id='word_1_405' title='bbox 3546 4036 3623 4101; x_wconf 80' lang='grc' dir='ltr'>τῷ</span> <span class='ocrx_word' id='word_1_406' title='bbox 3657 4028 3813 4102; x_wconf 79' lang='grc' dir='ltr'>δόμῳ</span> 
     </span>
    </p>
   </div>
   <div class='ocr_carea' id='block_1_83' title="bbox 784 4117 2439 4195">
    <p class='ocr_par' dir='ltr' id='par_1_83' title="bbox 784 4117 1840 4176">
     <span class='ocr_line' id='line_1_83' title="bbox 784 4117 1840 4176; baseline -0.004 -1"><span class='ocrx_word' id='word_1_407' title='bbox 784 4121 877 4176; x_wconf 91' lang='lat' dir='ltr'><strong>his</strong></span> <span class='ocrx_word' id='word_1_408' title='bbox 909 4125 967 4175; x_wconf 92' lang='lat' dir='ltr'><strong>et</strong></span> <span class='ocrx_word' id='word_1_409' title='bbox 996 4118 1225 4175; x_wconf 90' lang='lat' dir='ltr'><strong>alendis</strong></span> <span class='ocrx_word' id='word_1_410' title='bbox 1256 4124 1312 4173; x_wconf 92' lang='lat' dir='ltr'><strong>et</strong></span> <span class='ocrx_word' id='word_1_411' title='bbox 1343 4117 1585 4171; x_wconf 87' lang='lat' dir='ltr'><strong>curandi</strong></span> <span class='ocrx_word' id='word_1_412' title='bbox 1619 4117 1840 4172; x_wconf 88' lang='lat' dir='ltr'><strong>sedulo.</strong></span> 
     </span>
    </p>
   </div>
   <div class='ocr_carea' id='block_1_84' title="bbox 2258 4117 3913 4195">
    <p class='ocr_par' dir='ltr' id='par_1_84' title="bbox 2539 4120 3913 4195">
     <span class='ocr_line' id='line_1_84' title="bbox 2539 4120 3913 4195; baseline -0.002 -20"><span class='ocrx_word' id='word_1_413' title='bbox 2539 4122 2680 4176; x_wconf 89' lang='lat'>3635</span> <span class='ocrx_word' id='word_1_414' title='bbox 2720 4121 3071 4193; x_wconf 76' lang='grc' dir='ltr'>Ἐπιμελείας</span> <span class='ocrx_word' id='word_1_415' title='bbox 3104 4120 3192 4174; x_wconf 86' lang='grc' dir='ltr'><strong>καὶ</strong></span> <span class='ocrx_word' id='word_1_416' title='bbox 3222 4127 3433 4195; x_wconf 79' lang='grc' dir='ltr'>τροφῆς</span> <span class='ocrx_word' id='word_1_417' title='bbox 3465 4121 3670 4173; x_wconf 80' lang='grc' dir='ltr'>τούτων</span> <span class='ocrx_word' id='word_1_418' title='bbox 3704 4120 3862 4193; x_wconf 75' lang='grc' dir='ltr'>χάριν</span> <span class='ocrx_word' id='word_1_419' title='bbox 3902 4138 3913 4150; x_wconf 94' lang='grc'><strong>·</strong></span> 
     </span>
    </p>
   </div>
   <div class='ocr_carea' id='block_1_85' title="bbox 781 4205 2436 4284">
    <p class='ocr_par' dir='ltr' id='par_1_85' title="bbox 781 4205 1947 4279">
     <span class='ocr_line' id='line_1_85' title="bbox 781 4205 1947 4279; baseline -0.003 -15"><span class='ocrx_word' id='word_1_420' title='bbox 781 4209 931 4275; x_wconf 90' lang='lat' dir='ltr'><strong>Quin</strong></span> <span class='ocrx_word' id='word_1_421' title='bbox 963 4214 1021 4263; x_wconf 90' lang='lat' dir='ltr'><strong>et</strong></span> <span class='ocrx_word' id='word_1_422' title='bbox 1050 4206 1445 4279; x_wconf 73' lang='lat' dir='ltr'><strong>grammatica:</strong></span> <span class='ocrx_word' id='word_1_423' title='bbox 1482 4205 1683 4260; x_wconf 85' lang='lat' dir='ltr'><strong>ludum</strong></span> <span class='ocrx_word' id='word_1_424' title='bbox 1718 4206 1947 4276; x_wconf 88' lang='lat' dir='ltr'><strong>aperuit</strong></span> 
     </span>
    </p>
   </div>
   <div class='ocr_carea' id='block_1_86' title="bbox 2167 4205 3822 4284">
    <p class='ocr_par' dir='ltr' id='par_1_86' title="bbox 2716 4207 3822 4284">
     <span class='ocr_line' id='line_1_86' title="bbox 2716 4207 3822 4284; baseline -0.002 -21"><span class='ocrx_word' id='word_1_425' title='bbox 2716 4210 2814 4263; x_wconf 81' lang='grc' dir='ltr'><strong>Καὶ</strong></span> <span class='ocrx_word' id='word_1_426' title='bbox 2844 4213 3243 4284; x_wconf 79' lang='grc' dir='ltr'>γραμματικῶν</span> <span class='ocrx_word' id='word_1_427' title='bbox 3274 4210 3525 4278; x_wconf 69' lang='grc' dir='ltr'>ἀπέταξεν</span> <span class='ocrx_word' id='word_1_428' title='bbox 3560 4207 3624 4261; x_wconf 76' lang='grc' dir='ltr'>αὖ</span> <span class='ocrx_word' id='word_1_429' title='bbox 3656 4208 3822 4263; x_wconf 82' lang='grc' dir='ltr'>πάλιν</span> 
     </span>
    </p>
   </div>
   <div class='ocr_carea' id='block_1_87' title="bbox 782 4295 2437 4375">
    <p class='ocr_par' dir='ltr' id='par_1_87' title="bbox 782 4295 1987 4366">
     <span class='ocr_line' id='line_1_87' title="bbox 782 4295 1987 4366; baseline -0.002 -12"><span class='ocrx_word' id='word_1_430' title='bbox 782 4298 945 4354; x_wconf 91' lang='lat' dir='ltr'><strong>orbis</strong></span> <span class='ocrx_word' id='word_1_431' title='bbox 979 4295 1473 4362; x_wconf 85' lang='lat' dir='ltr'><strong>adolescentibus,</strong></span> <span class='ocrx_word' id='word_1_432' title='bbox 1507 4295 1597 4350; x_wconf 92' lang='lat' dir='ltr'><strong>vel</strong></span> <span class='ocrx_word' id='word_1_433' title='bbox 1631 4296 1702 4349; x_wconf 91' lang='lat' dir='ltr'><strong>de</strong></span> <span class='ocrx_word' id='word_1_434' title='bbox 1734 4312 1987 4366; x_wconf 81' lang='lat' dir='ltr'><strong>paupere</strong></span> 
     </span>
    </p>
   </div>
   <div class='ocr_carea' id='block_1_88' title="bbox 2183 4295 3838 4375">
    <p class='ocr_par' dir='ltr' id='par_1_88' title="bbox 2717 4296 3838 4375">
     <span class='ocr_line' id='line_1_88' title="bbox 2717 4296 3838 4375; baseline -0.002 -22"><span class='ocrx_word' id='word_1_435' title='bbox 2717 4304 2983 4353; x_wconf 85' lang='grc' dir='ltr'>Μουσεῖον</span> <span class='ocrx_word' id='word_1_436' title='bbox 3018 4298 3093 4363; x_wconf 81' lang='grc' dir='ltr'>εἷς</span> <span class='ocrx_word' id='word_1_437' title='bbox 3123 4296 3395 4353; x_wconf 64' lang='grc' dir='ltr'>παίδευσιν</span> <span class='ocrx_word' id='word_1_438' title='bbox 3429 4298 3677 4375; x_wconf 80' lang='grc' dir='ltr'>ὀρφανῶν</span> <span class='ocrx_word' id='word_1_439' title='bbox 3707 4298 3838 4353; x_wconf 70' lang='grc' dir='ltr'>νέων</span> 
     </span>
    </p>
   </div>
   <div class='ocr_carea' id='block_1_89' title="bbox 781 4384 2436 4465">
    <p class='ocr_par' dir='ltr' id='par_1_89' title="bbox 781 4384 2011 4459">
     <span class='ocr_line' id='line_1_89' title="bbox 781 4384 2011 4459; baseline -0.002 -16"><span class='ocrx_word' id='word_1_440' title='bbox 781 4388 965 4459; x_wconf 89' lang='lat' dir='ltr'><strong>stirpe</strong></span> <span class='ocrx_word' id='word_1_441' title='bbox 998 4385 1341 4458; x_wconf 90' lang='lat' dir='ltr'><strong>progenitis,</strong></span> <span class='ocrx_word' id='word_1_442' title='bbox 1378 4384 1710 4455; x_wconf 86' lang='lat' dir='ltr'><strong>multosque</strong></span> <span class='ocrx_word' id='word_1_443' title='bbox 1744 4386 2011 4441; x_wconf 89' lang='lat' dir='ltr'><strong>redditus</strong></span> 
     </span>
    </p>
   </div>
   <div class='ocr_carea' id='block_1_90' title="bbox 2175 4384 3830 4465">
    <p class='ocr_par' dir='ltr' id='par_1_90' title="bbox 2717 4387 3830 4465">
     <span class='ocr_line' id='line_1_90' title="bbox 2717 4387 3830 4465; baseline -0.001 -24"><span class='ocrx_word' id='word_1_444' title='bbox 2717 4388 2827 4443; x_wconf 85' lang='grc' dir='ltr'>Οὐκ</span> <span class='ocrx_word' id='word_1_445' title='bbox 2851 4387 3093 4460; x_wconf 83' lang='grc' dir='ltr'>εὐπόρων</span> <span class='ocrx_word' id='word_1_446' title='bbox 3127 4409 3183 4441; x_wconf 82' lang='grc' dir='ltr'>τε</span> <span class='ocrx_word' id='word_1_447' title='bbox 3212 4389 3456 4462; x_wconf 70' lang='grc' dir='ltr'>πατέρων</span> <span class='ocrx_word' id='word_1_448' title='bbox 3489 4388 3830 4465; x_wconf 86' lang='grc' dir='ltr'>πεφηνότων,</span> 
     </span>
    </p>
   </div>
   <div class='ocr_carea' id='block_1_91' title="bbox 744 4466 2399 4550">
    <p class='ocr_par' dir='ltr' id='par_1_91' title="bbox 744 4466 1795 4547">
     <span class='ocr_line' id='line_1_91' title="bbox 744 4466 1795 4547; baseline -0.005 -14"><span class='ocrx_word' id='word_1_449' title='bbox 744 4466 827 4534; x_wconf 67' lang='grc' dir='ltr'><strong>ὀἱ</strong></span> <span class='ocrx_word' id='word_1_450' title='bbox 858 4476 1053 4547; x_wconf 87' lang='lat' dir='ltr'><strong>largos</strong></span> <span class='ocrx_word' id='word_1_451' title='bbox 1085 4481 1362 4546; x_wconf 88' lang='lat' dir='ltr'><strong>sumptus</strong></span> <span class='ocrx_word' id='word_1_452' title='bbox 1394 4474 1795 4546; x_wconf 86' lang='lat' dir='ltr'><strong>suppeditavit</strong></span> 
     </span>
    </p>
   </div>
   <div class='ocr_carea' id='block_1_92' title="bbox 2235 4466 3890 4550">
    <p class='ocr_par' dir='ltr' id='par_1_92' title="bbox 2717 4475 3890 4550">
     <span class='ocr_line' id='line_1_92' title="bbox 2717 4475 3890 4550; baseline 0 -19"><span class='ocrx_word' id='word_1_453' title='bbox 2717 4478 2923 4549; x_wconf 89' lang='grc' dir='ltr'>Νείμας</span> <span class='ocrx_word' id='word_1_454' title='bbox 2963 4476 3239 4550; x_wconf 83' lang='grc' dir='ltr'>μαθηταῖς</span> <span class='ocrx_word' id='word_1_455' title='bbox 3259 4478 3347 4531; x_wconf 85' lang='grc' dir='ltr'><strong>καὶ</strong></span> <span class='ocrx_word' id='word_1_456' title='bbox 3381 4475 3728 4539; x_wconf 85' lang='grc' dir='ltr'>διδασκάλοις</span> <span class='ocrx_word' id='word_1_457' title='bbox 3760 4477 3890 4531; x_wconf 71' lang='grc' dir='ltr'>νέων</span> 
     </span>
    </p>
   </div>
   <div class='ocr_carea' id='block_1_93' title="bbox 771 4564 2426 4642">
    <p class='ocr_par' dir='ltr' id='par_1_93' title="bbox 771 4564 1851 4636">
     <span class='ocr_line' id='line_1_93' title="bbox 771 4564 1851 4636; baseline -0.004 -17"><span class='ocrx_word' id='word_1_458' title='bbox 771 4565 945 4621; x_wconf 82' lang='lat' dir='ltr'><strong>simul</strong></span> <span class='ocrx_word' id='word_1_459' title='bbox 978 4564 1290 4636; x_wconf 87' lang='lat' dir='ltr'><strong>discipulis</strong></span> <span class='ocrx_word' id='word_1_460' title='bbox 1316 4568 1496 4635; x_wconf 82' lang='lat' dir='ltr'><strong>atque</strong></span> <span class='ocrx_word' id='word_1_461' title='bbox 1532 4564 1851 4633; x_wconf 88' lang='lat' dir='ltr'><strong>magistris.</strong></span> 
     </span>
    </p>
   </div>
   <div class='ocr_carea' id='block_1_94' title="bbox 2236 4564 3891 4642">
    <p class='ocr_par' dir='ltr' id='par_1_94' title="bbox 2536 4565 3891 4642">
     <span class='ocr_line' id='line_1_94' title="bbox 2536 4565 3891 4642; baseline -0.002 -18"><span class='ocrx_word' id='word_1_462' title='bbox 2536 4570 2677 4623; x_wconf 82' lang='grc'>3640</span> <span class='ocrx_word' id='word_1_463' title='bbox 2714 4566 2979 4628; x_wconf 81' lang='grc' dir='ltr'>Πλείστας</span> <span class='ocrx_word' id='word_1_464' title='bbox 3014 4570 3273 4637; x_wconf 81' lang='grc' dir='ltr'>σιτήσεις,</span> <span class='ocrx_word' id='word_1_465' title='bbox 3310 4565 3567 4637; x_wconf 81' lang='grc' dir='ltr'>δαπάνας,</span> <span class='ocrx_word' id='word_1_466' title='bbox 3600 4568 3891 4642; x_wconf 79' lang='grc' dir='ltr'>χορηγίας.</span> 
     </span>
    </p>
   </div>
   <div class='ocr_carea' id='block_1_95' title="bbox 770 4648 2425 4732">
    <p class='ocr_par' dir='ltr' id='par_1_95' title="bbox 770 4653 2043 4723">
     <span class='ocr_line' id='line_1_95' title="bbox 770 4653 2043 4723; baseline -0.003 -12"><span class='ocrx_word' id='word_1_467' title='bbox 770 4656 1068 4711; x_wconf 88' lang='lat' dir='ltr'><strong>Comneno</strong></span> <span class='ocrx_word' id='word_1_468' title='bbox 1097 4654 1296 4712; x_wconf 83' lang='lat' dir='ltr'><strong>Alexio</strong></span> <span class='ocrx_word' id='word_1_469' title='bbox 1330 4653 1673 4708; x_wconf 86' lang='lat' dir='ltr'><strong>moderante</strong></span> <span class='ocrx_word' id='word_1_470' title='bbox 1706 4654 2043 4723; x_wconf 90' lang='lat' dir='ltr'><strong>imperium,</strong></span> 
     </span>
    </p>
   </div>
   <div class='ocr_carea' id='block_1_96' title="bbox 2230 4648 3885 4732">
    <p class='ocr_par' dir='ltr' id='par_1_96' title="bbox 2462 4648 3885 4732">
     <span class='ocr_line' id='line_1_96' title="bbox 2462 4648 3885 4732; baseline -0.001 -21"><span class='ocrx_word' id='word_1_471' title='bbox 2462 4648 2506 4711; x_wconf 86' lang='lat' dir='ltr'>D</span> <span class='ocrx_word' id='word_1_472' title='bbox 2714 4657 2837 4713; x_wconf 83' lang='grc' dir='ltr'>Ἐπὶ</span> <span class='ocrx_word' id='word_1_473' title='bbox 2870 4656 3084 4731; x_wconf 84' lang='grc' dir='ltr'>χρόνων</span> <span class='ocrx_word' id='word_1_474' title='bbox 3116 4657 3312 4710; x_wconf 81' lang='grc' dir='ltr'>τούτου</span> <span class='ocrx_word' id='word_1_475' title='bbox 3342 4653 3399 4710; x_wconf 71' lang='grc' dir='ltr'>δὲ</span> <span class='ocrx_word' id='word_1_476' title='bbox 3426 4663 3526 4725; x_wconf 80' lang='grc' dir='ltr'>τῆς</span> <span class='ocrx_word' id='word_1_477' title='bbox 3550 4657 3885 4732; x_wconf 81' lang='grc' dir='ltr'>κραταρχίας</span> 
     </span>
    </p>
   </div>
   <div class='ocr_carea' id='block_1_97' title="bbox 768 4742 2423 4822">
    <p class='ocr_par' dir='ltr' id='par_1_97' title="bbox 768 4742 1967 4814">
     <span class='ocr_line' id='line_1_97' title="bbox 768 4742 1967 4814; baseline -0.002 -16"><span class='ocrx_word' id='word_1_478' title='bbox 768 4745 1043 4799; x_wconf 89' lang='lat' dir='ltr'><strong>incendia</strong></span> <span class='ocrx_word' id='word_1_479' title='bbox 1072 4759 1307 4814; x_wconf 86' lang='lat' dir='ltr'><strong>quoque</strong></span> <span class='ocrx_word' id='word_1_480' title='bbox 1337 4742 1395 4795; x_wconf 88' lang='lat' dir='ltr'><strong>in</strong></span> <span class='ocrx_word' id='word_1_481' title='bbox 1434 4746 1573 4796; x_wconf 91' lang='lat' dir='ltr'><strong>urbe</strong></span> <span class='ocrx_word' id='word_1_482' title='bbox 1606 4742 1967 4807; x_wconf 87' lang='lat' dir='ltr'><strong>acciderunt,</strong></span> 
     </span>
    </p>
   </div>
   <div class='ocr_carea' id='block_1_98' title="bbox 2090 4742 3745 4822">
    <p class='ocr_par' dir='ltr' id='par_1_98' title="bbox 2710 4742 3745 4822">
     <span class='ocr_line' id='line_1_98' title="bbox 2710 4742 3745 4822; baseline 0 -20"><span class='ocrx_word' id='word_1_483' title='bbox 2710 4748 2804 4802; x_wconf 77' lang='grc' dir='ltr'><strong>Καὶ</strong></span> <span class='ocrx_word' id='word_1_484' title='bbox 2838 4748 3099 4822; x_wconf 81' lang='grc' dir='ltr'>πυρκαϊαὶ</span> <span class='ocrx_word' id='word_1_485' title='bbox 3131 4742 3427 4816; x_wconf 69' lang='grc' dir='ltr'>συνέϐησαν</span> <span class='ocrx_word' id='word_1_486' title='bbox 3462 4750 3528 4820; x_wconf 78' lang='grc' dir='ltr'>τῇ</span> <span class='ocrx_word' id='word_1_487' title='bbox 3564 4746 3745 4817; x_wconf 84' lang='grc' dir='ltr'>πόλει,</span> 
     </span>
    </p>
   </div>
   <div class='ocr_carea' id='block_1_99' title="bbox 769 4830 2424 4913">
    <p class='ocr_par' dir='ltr' id='par_1_99' title="bbox 769 4830 1995 4905">
     <span class='ocr_line' id='line_1_99' title="bbox 769 4830 1995 4905; baseline -0.001 -18"><span class='ocrx_word' id='word_1_488' title='bbox 769 4832 985 4905; x_wconf 91' lang='lat' dir='ltr'><strong>quibus</strong></span> <span class='ocrx_word' id='word_1_489' title='bbox 1018 4834 1344 4903; x_wconf 66' lang='lat' dir='ltr'><strong>absumptae</strong></span> <span class='ocrx_word' id='word_1_490' title='bbox 1377 4830 1576 4885; x_wconf 75' lang='lat' dir='ltr'><strong>multa:</strong></span> <span class='ocrx_word' id='word_1_491' title='bbox 1610 4837 1805 4901; x_wconf 88' lang='lat' dir='ltr'><strong>partes</strong></span> <span class='ocrx_word' id='word_1_492' title='bbox 1836 4838 1995 4886; x_wconf 90' lang='lat' dir='ltr'><strong>sunt.</strong></span> 
     </span>
    </p>
   </div>
   <div class='ocr_carea' id='block_1_100' title="bbox 2261 4830 3916 4913">
    <p class='ocr_par' dir='ltr' id='par_1_100' title="bbox 2708 4834 3916 4913">
     <span class='ocr_line' id='line_1_100' title="bbox 2708 4834 3916 4913; baseline -0.001 -20"><span class='ocrx_word' id='word_1_493' title='bbox 2708 4838 2811 4893; x_wconf 82' lang='grc' dir='ltr'><strong>Καὶ</strong></span> <span class='ocrx_word' id='word_1_494' title='bbox 2840 4836 3071 4892; x_wconf 85' lang='grc' dir='ltr'>πλεῖστα</span> <span class='ocrx_word' id='word_1_495' title='bbox 3095 4834 3261 4905; x_wconf 80' lang='grc' dir='ltr'>τῆσδε</span> <span class='ocrx_word' id='word_1_496' title='bbox 3290 4835 3682 4905; x_wconf 80' lang='grc' dir='ltr'>κατανήλωσαν</span> <span class='ocrx_word' id='word_1_497' title='bbox 3724 4837 3860 4913; x_wconf 73' lang='grc' dir='ltr'>μέρη</span> <span class='ocrx_word' id='word_1_498' title='bbox 3904 4857 3916 4869; x_wconf 91' lang='grc'><strong>·</strong></span> 
     </span>
    </p>
   </div>
   <div class='ocr_carea' id='block_1_101' title="bbox 767 4921 2422 5002">
    <p class='ocr_par' dir='ltr' id='par_1_101' title="bbox 767 4921 2003 4991">
     <span class='ocr_line' id='line_1_101' title="bbox 767 4921 2003 4991; baseline 0 -16"><span class='ocrx_word' id='word_1_499' title='bbox 767 4922 1097 4978; x_wconf 89' lang='lat' dir='ltr'><strong>Vehemens</strong></span> <span class='ocrx_word' id='word_1_500' title='bbox 1129 4937 1361 4991; x_wconf 91' lang='lat' dir='ltr'><strong>quoque</strong></span> <span class='ocrx_word' id='word_1_501' title='bbox 1392 4924 1655 4990; x_wconf 88' lang='lat' dir='ltr'><strong>tempore</strong></span> <span class='ocrx_word' id='word_1_502' title='bbox 1684 4921 1793 4975; x_wconf 89' lang='lat' dir='ltr'><strong>sub</strong></span> <span class='ocrx_word' id='word_1_503' title='bbox 1828 4937 2003 4975; x_wconf 89' lang='lat' dir='ltr'><strong>verno</strong></span> 
     </span>
    </p>
   </div>
   <div class='ocr_carea' id='block_1_102' title="bbox 2238 4921 3893 5002">
    <p class='ocr_par' dir='ltr' id='par_1_102' title="bbox 2706 4922 3893 5002">
     <span class='ocr_line' id='line_1_102' title="bbox 2706 4922 3893 5002; baseline 0.003 -24"><span class='ocrx_word' id='word_1_504' title='bbox 2706 4927 2965 4979; x_wconf 84' lang='grc' dir='ltr'>Ἕπνευσε</span> <span class='ocrx_word' id='word_1_505' title='bbox 2996 4922 3041 4979; x_wconf 89' lang='grc' dir='ltr'>δ’</span> <span class='ocrx_word' id='word_1_506' title='bbox 3072 4926 3209 4999; x_wconf 89' lang='grc' dir='ltr'>ἧρος</span> <span class='ocrx_word' id='word_1_507' title='bbox 3240 4925 3441 4996; x_wconf 71' lang='grc' dir='ltr'>ἀνέμου</span> <span class='ocrx_word' id='word_1_508' title='bbox 3471 4946 3553 4989; x_wconf 91' lang='grc' dir='ltr'><strong>τις</strong></span> <span class='ocrx_word' id='word_1_509' title='bbox 3584 4924 3893 5002; x_wconf 85' lang='grc' dir='ltr'>σφοδρότης</span> 
     </span>
    </p>
   </div>
   <div class='ocr_carea' id='block_1_103' title="bbox 764 5009 2419 5089">
    <p class='ocr_par' dir='ltr' id='par_1_103' title="bbox 764 5009 1781 5082">
     <span class='ocr_line' id='line_1_103' title="bbox 764 5009 1781 5082; baseline -0.004 -15"><span class='ocrx_word' id='word_1_510' title='bbox 764 5013 1011 5082; x_wconf 91' lang='lat' dir='ltr'><strong>spiritus</strong></span> <span class='ocrx_word' id='word_1_511' title='bbox 1045 5010 1231 5065; x_wconf 86' lang='lat' dir='ltr'><strong>multa</strong></span> <span class='ocrx_word' id='word_1_512' title='bbox 1261 5011 1615 5064; x_wconf 86' lang='lat' dir='ltr'><strong>detrimenta</strong></span> <span class='ocrx_word' id='word_1_513' title='bbox 1648 5009 1781 5063; x_wconf 82' lang='lat' dir='ltr'><strong>fecit</strong></span> 
     </span>
    </p>
   </div>
   <div class='ocr_carea' id='block_1_104' title="bbox 2104 5009 3759 5089">
    <p class='ocr_par' dir='ltr' id='par_1_104' title="bbox 2528 5011 3759 5089">
     <span class='ocr_line' id='line_1_104' title="bbox 2528 5011 3759 5089; baseline -0.002 -18"><span class='ocrx_word' id='word_1_514' title='bbox 2528 5017 2670 5072; x_wconf 81' lang='grc'>3645</span> <span class='ocrx_word' id='word_1_515' title='bbox 2710 5013 3056 5085; x_wconf 88' lang='grc' dir='ltr'>Βιαιοτάτου,</span> <span class='ocrx_word' id='word_1_516' title='bbox 3088 5012 3353 5088; x_wconf 78' lang='grc' dir='ltr'>προξένου</span> <span class='ocrx_word' id='word_1_517' title='bbox 3388 5036 3449 5089; x_wconf 90' lang='grc' dir='ltr'>γε</span> <span class='ocrx_word' id='word_1_518' title='bbox 3474 5011 3759 5085; x_wconf 74' lang='grc' dir='ltr'>κινδύνων,</span> 
     </span>
    </p>
   </div>
   <div class='ocr_carea' id='block_1_105' title="bbox 765 5099 2420 5182">
    <p class='ocr_par' dir='ltr' id='par_1_105' title="bbox 765 5099 1810 5171">
     <span class='ocr_line' id='line_1_105' title="bbox 765 5099 1810 5171; baseline -0.003 -14"><span class='ocrx_word' id='word_1_519' title='bbox 765 5102 930 5157; x_wconf 88' lang='lat' dir='ltr'><strong>humi</strong></span> <span class='ocrx_word' id='word_1_520' title='bbox 964 5101 1208 5171; x_wconf 86' lang='lat' dir='ltr'><strong>dejectis</strong></span> <span class='ocrx_word' id='word_1_521' title='bbox 1243 5100 1465 5170; x_wconf 85' lang='lat' dir='ltr'><strong>passim</strong></span> <span class='ocrx_word' id='word_1_522' title='bbox 1500 5099 1761 5153; x_wconf 73' lang='lat' dir='ltr'><strong>aediﬁciis</strong></span> <span class='ocrx_word' id='word_1_523' title='bbox 1797 5115 1810 5154; x_wconf 90' lang='lat'><strong>:</strong></span> 
     </span>
    </p>
   </div>
   <div class='ocr_carea' id='block_1_106' title="bbox 2197 5099 3852 5182">
    <p class='ocr_par' dir='ltr' id='par_1_106' title="bbox 2705 5102 3852 5182">
     <span class='ocr_line' id='line_1_106' title="bbox 2705 5102 3852 5182; baseline 0.002 -25"><span class='ocrx_word' id='word_1_524' title='bbox 2705 5110 2767 5182; x_wconf 72' lang='grc' dir='ltr'><strong>ᾮ</strong></span> <span class='ocrx_word' id='word_1_525' title='bbox 2794 5102 2981 5158; x_wconf 85' lang='grc' dir='ltr'>πολλά</span> <span class='ocrx_word' id='word_1_526' title='bbox 3008 5106 3302 5179; x_wconf 86' lang='grc' dir='ltr'>κατήρειπε</span> <span class='ocrx_word' id='word_1_527' title='bbox 3332 5108 3436 5159; x_wconf 87' lang='grc' dir='ltr'><strong>τῶν</strong></span> <span class='ocrx_word' id='word_1_528' title='bbox 3471 5102 3809 5178; x_wconf 86' lang='grc' dir='ltr'>δομημάτων</span> <span class='ocrx_word' id='word_1_529' title='bbox 3841 5125 3852 5137; x_wconf 91' lang='grc'><strong>·</strong></span> 
     </span>
    </p>
   </div>
   <div class='ocr_carea' id='block_1_107' title="bbox 759 5187 2414 5270">
    <p class='ocr_par' dir='ltr' id='par_1_107' title="bbox 759 5187 2099 5261">
     <span class='ocr_line' id='line_1_107' title="bbox 759 5187 2099 5261; baseline 0 -16"><span class='ocrx_word' id='word_1_530' title='bbox 759 5191 1240 5261; x_wconf 91' lang='lat' dir='ltr'><strong>quibuscumque</strong></span> <span class='ocrx_word' id='word_1_531' title='bbox 1272 5187 1491 5242; x_wconf 89' lang='lat' dir='ltr'><strong>decidit</strong></span> <span class='ocrx_word' id='word_1_532' title='bbox 1524 5188 1869 5243; x_wconf 85' lang='lat' dir='ltr'><strong>admiranda</strong></span> <span class='ocrx_word' id='word_1_533' title='bbox 1902 5194 2099 5245; x_wconf 88' lang='lat' dir='ltr'><strong>statua</strong></span> 
     </span>
    </p>
   </div>
   <div class='ocr_carea' id='block_1_108' title="bbox 2259 5187 3914 5270">
    <p class='ocr_par' dir='ltr' id='par_1_108' title="bbox 2706 5193 3914 5270">
     <span class='ocr_line' id='line_1_108' title="bbox 2706 5193 3914 5270; baseline 0.002 -23"><span class='ocrx_word' id='word_1_534' title='bbox 2706 5195 2835 5257; x_wconf 86' lang='grc' dir='ltr'><strong>Μεθ’</strong></span> <span class='ocrx_word' id='word_1_535' title='bbox 2863 5193 2934 5247; x_wconf 85' lang='grc' dir='ltr'><strong>ὧν</strong></span> <span class='ocrx_word' id='word_1_536' title='bbox 2970 5195 3147 5269; x_wconf 76' lang='grc' dir='ltr'>χαμαὶ</span> <span class='ocrx_word' id='word_1_537' title='bbox 3174 5193 3451 5249; x_wconf 71' lang='grc' dir='ltr'>πέπτωκεν</span> <span class='ocrx_word' id='word_1_538' title='bbox 3482 5194 3700 5270; x_wconf 74' lang='grc' dir='ltr'>ἄγαλμα</span> <span class='ocrx_word' id='word_1_539' title='bbox 3739 5195 3914 5267; x_wconf 71' lang='grc' dir='ltr'>ξένον,</span> 
     </span>
    </p>
   </div>
   <div class='ocr_carea' id='block_1_109' title="bbox 756 5276 2411 5361">
    <p class='ocr_par' dir='ltr' id='par_1_109' title="bbox 756 5276 1816 5350">
     <span class='ocr_line' id='line_1_109' title="bbox 756 5276 1816 5350; baseline -0.004 -15"><span class='ocrx_word' id='word_1_540' title='bbox 756 5280 1034 5350; x_wconf 85' lang='lat' dir='ltr'><strong>imposito</strong></span> <span class='ocrx_word' id='word_1_541' title='bbox 1066 5278 1354 5333; x_wconf 79' lang='lat' dir='ltr'><strong>columnae</strong></span> <span class='ocrx_word' id='word_1_542' title='bbox 1390 5276 1816 5347; x_wconf 75' lang='lat' dir='ltr'><strong>porphyreticae</strong></span> 
     </span>
    </p>
   </div>
   <div class='ocr_carea' id='block_1_110' title="bbox 2069 5276 3724 5361">
    <p class='ocr_par' dir='ltr' id='par_1_110' title="bbox 2704 5284 3724 5361">
     <span class='ocr_line' id='line_1_110' title="bbox 2704 5284 3724 5361; baseline 0.002 -24"><span class='ocrx_word' id='word_1_543' title='bbox 2704 5285 2944 5347; x_wconf 79' lang='grc' dir='ltr'>Ἀνωθεν</span> <span class='ocrx_word' id='word_1_544' title='bbox 2974 5284 3165 5353; x_wconf 70' lang='grc' dir='ltr'>ἑστὼς,</span> <span class='ocrx_word' id='word_1_545' title='bbox 3196 5284 3379 5346; x_wconf 84' lang='grc' dir='ltr'>κίονος</span> <span class='ocrx_word' id='word_1_546' title='bbox 3414 5286 3724 5361; x_wconf 65' lang='grc' dir='ltr'>πορφυρέου</span> 
     </span>
    </p>
   </div>
   <div class='ocr_carea' id='block_1_111' title="bbox 754 5364 2409 5449">
    <p class='ocr_par' dir='ltr' id='par_1_111' title="bbox 754 5364 1911 5438">
     <span class='ocr_line' id='line_1_111' title="bbox 754 5364 1911 5438; baseline -0.003 -14"><span class='ocrx_word' id='word_1_547' title='bbox 754 5370 925 5438; x_wconf 85' lang='lat' dir='ltr'><strong>cujus</strong></span> <span class='ocrx_word' id='word_1_548' title='bbox 960 5370 1018 5423; x_wconf 88' lang='lat' dir='ltr'><strong>in</strong></span> <span class='ocrx_word' id='word_1_549' title='bbox 1052 5366 1286 5421; x_wconf 84' lang='lat' dir='ltr'><strong>Placoto</strong></span> <span class='ocrx_word' id='word_1_550' title='bbox 1321 5364 1483 5419; x_wconf 89' lang='lat' dir='ltr'><strong>basis</strong></span> <span class='ocrx_word' id='word_1_551' title='bbox 1516 5371 1641 5419; x_wconf 90' lang='lat' dir='ltr'><strong>erat</strong></span> <span class='ocrx_word' id='word_1_552' title='bbox 1672 5365 1866 5436; x_wconf 89' lang='lat' dir='ltr'><strong>posita</strong></span> <span class='ocrx_word' id='word_1_553' title='bbox 1901 5383 1911 5420; x_wconf 93' lang='lat'>:</span> 
     </span>
    </p>
   </div>
   <div class='ocr_carea' id='block_1_112' title="bbox 2363 5364 4018 5449">
    <p class='ocr_par' dir='ltr' id='par_1_112' title="bbox 2704 5372 4018 5449">
     <span class='ocr_line' id='line_1_112' title="bbox 2704 5372 4018 5449; baseline 0.005 -23"><span class='ocrx_word' id='word_1_554' title='bbox 2704 5377 2808 5426; x_wconf 76' lang='grc' dir='ltr'><strong>Τοῦ</strong></span> <span class='ocrx_word' id='word_1_555' title='bbox 2841 5374 2976 5447; x_wconf 87' lang='grc' dir='ltr'>πρὸς</span> <span class='ocrx_word' id='word_1_556' title='bbox 3010 5372 3292 5445; x_wconf 74' lang='grc' dir='ltr'>Πλακωτῷ</span> <span class='ocrx_word' id='word_1_557' title='bbox 3324 5376 3421 5441; x_wconf 74' lang='grc' dir='ltr'><strong>τὴν</strong></span> <span class='ocrx_word' id='word_1_558' title='bbox 3461 5374 3611 5449; x_wconf 79' lang='grc' dir='ltr'>βάσιν</span> <span class='ocrx_word' id='word_1_559' title='bbox 3647 5373 3957 5449; x_wconf 73' lang='grc' dir='ltr'>ἱδρυμένου</span> <span class='ocrx_word' id='word_1_560' title='bbox 3998 5400 4018 5412; x_wconf 86' lang='grc'><strong>·</strong></span> 
     </span>
    </p>
   </div>
   <div class='ocr_carea' id='block_1_113' title="bbox 753 5454 2408 5538">
    <p class='ocr_par' dir='ltr' id='par_1_113' title="bbox 753 5454 1953 5523">
     <span class='ocr_line' id='line_1_113' title="bbox 753 5454 1953 5523; baseline -0.003 -11"><span class='ocrx_word' id='word_1_561' title='bbox 753 5458 853 5512; x_wconf 89' lang='lat' dir='ltr'><strong>illa</strong></span> <span class='ocrx_word' id='word_1_562' title='bbox 884 5474 1017 5511; x_wconf 90' lang='lat' dir='ltr'><strong>cum</strong></span> <span class='ocrx_word' id='word_1_563' title='bbox 1051 5456 1305 5519; x_wconf 86' lang='lat' dir='ltr'><strong>caderet,</strong></span> <span class='ocrx_word' id='word_1_564' title='bbox 1342 5454 1487 5507; x_wconf 82' lang='lat' dir='ltr'><strong>forte</strong></span> <span class='ocrx_word' id='word_1_565' title='bbox 1523 5460 1840 5523; x_wconf 63' lang='lat' dir='ltr'><strong>praesentes</strong></span> <span class='ocrx_word' id='word_1_566' title='bbox 1875 5455 1953 5509; x_wconf 91' lang='lat' dir='ltr'><strong>ibi</strong></span> 
     </span>
    </p>
   </div>
   <div class='ocr_carea' id='block_1_114' title="bbox 2381 5454 4036 5538">
    <p class='ocr_par' dir='ltr' id='par_1_114' title="bbox 2526 5456 4036 5538">
     <span class='ocr_line' id='line_1_114' title="bbox 2526 5456 4036 5538; baseline 0.001 -21"><span class='ocrx_word' id='word_1_567' title='bbox 2526 5464 2667 5518; x_wconf 71' lang='grc'>3650</span> <span class='ocrx_word' id='word_1_568' title='bbox 2704 5464 2765 5515; x_wconf 90' lang='grc' dir='ltr'><strong><em>Ὃ</em></strong></span> <span class='ocrx_word' id='word_1_569' title='bbox 2796 5462 3115 5536; x_wconf 76' lang='grc' dir='ltr'>κατενεχθὲν</span> <span class='ocrx_word' id='word_1_570' title='bbox 3145 5463 3574 5538; x_wconf 86' lang='grc' dir='ltr'>παρατυχόντων</span> <span class='ocrx_word' id='word_1_571' title='bbox 3609 5465 3761 5536; x_wconf 84' lang='grc' dir='ltr'>τόπῳ</span> <span class='ocrx_word' id='word_1_572' title='bbox 3870 5456 3967 5491; x_wconf 13' lang='grc' dir='ltr'><strong>’ν”ί</strong></span> <span class='ocrx_word' id='word_1_573' title='bbox 3990 5472 4036 5499; x_wconf 60' lang='lat'><strong>&quot;</strong></span> 
     </span>
    </p>
   </div>
   <div class='ocr_carea' id='block_1_115' title="bbox 753 5542 2408 5631">
    <p class='ocr_par' dir='ltr' id='par_1_115' title="bbox 753 5542 1936 5602">
     <span class='ocr_line' id='line_1_115' title="bbox 753 5542 1936 5602; baseline -0.003 0"><span class='ocrx_word' id='word_1_574' title='bbox 753 5546 975 5602; x_wconf 88' lang='lat' dir='ltr'><strong>mu‘tos</strong></span> <span class='ocrx_word' id='word_1_575' title='bbox 1009 5544 1287 5600; x_wconf 90' lang='lat' dir='ltr'><strong>mortales</strong></span> <span class='ocrx_word' id='word_1_576' title='bbox 1323 5542 1474 5597; x_wconf 92' lang='lat' dir='ltr'><strong>mole</strong></span> <span class='ocrx_word' id='word_1_577' title='bbox 1508 5560 1615 5597; x_wconf 87' lang='lat' dir='ltr'><strong>sua</strong></span> <span class='ocrx_word' id='word_1_578' title='bbox 1646 5543 1936 5599; x_wconf 87' lang='lat' dir='ltr'><strong>contrivit.</strong></span> 
     </span>
    </p>
   </div>
   <div class='ocr_carea' id='block_1_116' title="bbox 2193 5542 3848 5631">
    <p class='ocr_par' dir='ltr' id='par_1_116' title="bbox 2704 5550 3848 5631">
     <span class='ocr_line' id='line_1_116' title="bbox 2704 5550 3848 5631; baseline 0.003 -26"><span class='ocrx_word' id='word_1_579' title='bbox 2704 5550 2957 5612; x_wconf 80' lang='grc' dir='ltr'>Πολλοὺς</span> <span class='ocrx_word' id='word_1_580' title='bbox 2989 5550 3171 5606; x_wconf 89' lang='grc' dir='ltr'>ἀνεῖλε</span> <span class='ocrx_word' id='word_1_581' title='bbox 3201 5554 3550 5631; x_wconf 88' lang='grc' dir='ltr'>συντετριφὸς</span> <span class='ocrx_word' id='word_1_582' title='bbox 3581 5553 3848 5630; x_wconf 76' lang='grc' dir='ltr'>ἐσχάτως.</span> 
     </span>
    </p>
   </div>
   <div class='ocr_carea' id='block_1_117' title="bbox 756 5631 2411 5719">
    <p class='ocr_par' dir='ltr' id='par_1_117' title="bbox 756 5631 1804 5703">
     <span class='ocr_line' id='line_1_117' title="bbox 756 5631 1804 5703; baseline -0.004 -12"><span class='ocrx_word' id='word_1_583' title='bbox 756 5635 1039 5691; x_wconf 85' lang='lat' dir='ltr'><strong>Imbrium</strong></span> <span class='ocrx_word' id='word_1_584' title='bbox 1076 5649 1304 5703; x_wconf 92' lang='lat' dir='ltr'><strong>quoque</strong></span> <span class='ocrx_word' id='word_1_585' title='bbox 1337 5631 1521 5686; x_wconf 76' lang='lat' dir='ltr'><strong>nimia</strong></span> <span class='ocrx_word' id='word_1_586' title='bbox 1544 5633 1632 5687; x_wconf 87' lang='lat' dir='ltr'><strong>vis</strong></span> <span class='ocrx_word' id='word_1_587' title='bbox 1664 5632 1804 5687; x_wconf 68' lang='lat' dir='ltr'><strong>caelo</strong></span> 
     </span>
    </p>
   </div>
   <div class='ocr_carea' id='block_1_118' title="bbox 2067 5631 3722 5719">
    <p class='ocr_par' dir='ltr' id='par_1_118' title="bbox 2703 5638 3722 5719">
     <span class='ocr_line' id='line_1_118' title="bbox 2703 5638 3722 5719; baseline 0.003 -24"><span class='ocrx_word' id='word_1_588' title='bbox 2703 5640 3023 5716; x_wconf 57' lang='grc' dir='ltr'>Κατερξἀγη</span> <span class='ocrx_word' id='word_1_589' title='bbox 3059 5638 3105 5694; x_wconf 87' lang='grc' dir='ltr'>δ’</span> <span class='ocrx_word' id='word_1_590' title='bbox 3139 5642 3340 5705; x_wconf 81' lang='grc' dir='ltr'>ἀνωθεν</span> <span class='ocrx_word' id='word_1_591' title='bbox 3378 5643 3529 5704; x_wconf 83' lang='grc' dir='ltr'>ὑετὸς</span> <span class='ocrx_word' id='word_1_592' title='bbox 3562 5642 3722 5719; x_wconf 71' lang='grc' dir='ltr'>μέγας</span> 
     </span>
    </p>
   </div>
   <div class='ocr_carea' id='block_1_119' title="bbox 758 5721 2413 5809">
    <p class='ocr_par' dir='ltr' id='par_1_119' title="bbox 758 5721 1956 5792">
     <span class='ocr_line' id='line_1_119' title="bbox 758 5721 1956 5792; baseline -0.001 -13"><span class='ocrx_word' id='word_1_593' title='bbox 758 5722 1027 5779; x_wconf 92' lang='lat' dir='ltr'><strong>conchim</strong></span> <span class='ocrx_word' id='word_1_594' title='bbox 1056 5722 1243 5777; x_wconf 78' lang='lat' dir='ltr'><strong>elIusa</strong></span> <span class='ocrx_word' id='word_1_595' title='bbox 1287 5723 1626 5792; x_wconf 88' lang='lat' dir='ltr'><strong>passimque</strong></span> <span class='ocrx_word' id='word_1_596' title='bbox 1656 5721 1956 5779; x_wconf 88' lang='lat' dir='ltr'><strong>inundans</strong></span> 
     </span>
    </p>
   </div>
   <div class='ocr_carea' id='block_1_120' title="bbox 2156 5721 3811 5809">
    <p class='ocr_par' dir='ltr' id='par_1_120' title="bbox 2698 5727 3811 5809">
     <span class='ocr_line' id='line_1_120' title="bbox 2698 5727 3811 5809; baseline 0.003 -25"><span class='ocrx_word' id='word_1_597' title='bbox 2698 5727 2877 5799; x_wconf 70' lang='grc' dir='ltr'>Χόδην</span> <span class='ocrx_word' id='word_1_598' title='bbox 2910 5731 3112 5784; x_wconf 73' lang='grc' dir='ltr'>κατιὼν</span> <span class='ocrx_word' id='word_1_599' title='bbox 3145 5731 3236 5784; x_wconf 86' lang='grc' dir='ltr'><strong>καὶ</strong></span> <span class='ocrx_word' id='word_1_600' title='bbox 3268 5730 3619 5801; x_wconf 80' lang='grc' dir='ltr'>κατακλύζων</span> <span class='ocrx_word' id='word_1_601' title='bbox 3657 5735 3811 5809; x_wconf 82' lang='grc' dir='ltr'>μέγα,</span> 
     </span>
    </p>
   </div>
  </div>
