4190 6438
636 409 738 464 117

634 531 736 604 qui
767 530 1057 586 talentum
1089 530 1320 602 imperii
1348 531 1517 586 valde
1543 532 1733 599 auxit;

633 634 870 691 semper
898 619 959 675 in
987 619 1167 675 armis
1200 636 1301 690 pro
1333 620 1520 676 salute
1550 621 1804 691 publica,

631 708 855 765 alienas
882 708 1057 763 urbes
1087 708 1389 765 vindicans
1420 709 1686 780 imperio,

630 797 897 866 consilio,
930 797 1145 864 verbis,
1178 812 1354 870 Opera
1382 802 1439 853 et
1466 804 1587 853 arte
1617 797 1839 868 bellica,

627 886 815 943 victor
844 886 1170 959 saapissime
1204 886 1460 942 hostium
1495 886 1913 957 plurimorum,

631 992 734 1031 ceu
769 976 1069 1047 quondam
1098 974 1276 1030 David
1315 975 1509 1030 hostes
1538 975 1943 1046 propulsabat~

627 1081 796 1135 prece
826 1064 940 1136 pia,
972 1064 1103 1119 forti
1140 1080 1340 1130 manu,
1372 1063 1580 1135 peritia
1602 1063 1790 1120 ducis.

632 1154 823 1225 Hujus
854 1152 1133 1208 victorias
1165 1153 1358 1208 dicere
1388 1151 1474 1207 vel
1498 1152 1695 1223 praelia

629 1242 1037 1312 virtutumque
1069 1258 1377 1296 numerum
1412 1247 1468 1296 et
1497 1247 1787 1305 ornatum,

632 1331 851 1386 rhetori
886 1347 1121 1401 quoque
1153 1346 1386 1385 summo
1417 1346 1730 1401 operosum
1764 1329 1862 1385 sit.

628 1424 748 1475 Nos
776 1436 845 1475 ex
876 1418 1102 1491 ingenti
1134 1434 1338 1474 acervo
1370 1434 1553 1488 pauca
1585 1418 1896 1473 sumimus.

629 1509 735 1565 Hic
765 1513 1053 1579 occupato
1085 1508 1327 1579 pacifice
1358 1507 1605 1578 imperio

629 1598 878 1669 largitus
908 1602 1000 1652 est
1028 1597 1280 1652 honores
1304 1601 1549 1667 cognato
1581 1596 1778 1669 generi

631 1687 977 1758 cunctisque
1008 1686 1213 1741 tribuit
1245 1703 1347 1758 pro
1382 1686 1663 1757 dignitate
1696 1702 1941 1741 munera
1974 1703 1986 1740 :

632 1793 844 1849 nempe
874 1777 1145 1849 gerendis
1177 1778 1317 1849 reip.
1354 1776 1564 1831 ofﬁciis

631 1866 996 1939 propinquos
1024 1866 1131 1920 sibi
1166 1866 1452 1937 sanguine
1486 1865 1819 1937 prmposuit.

633 1956 700 2012 Hi
728 1972 861 2010 vero
891 1955 1005 2027 ipsi
1039 1955 1326 2024 conjurati
1361 1958 1415 2010 in
1450 1970 1647 2026 regem

636 2045 912 2100 exitiosas
945 2043 1271 2099 moliuntur
1300 2044 1547 2099 insidias

630 2134 805 2205 paulo
839 2136 971 2204 post
1002 2133 1215 2188 initum
1249 2133 1320 2187 ab
1353 2132 1451 2187 illo
1483 2131 1813 2203 imperium.

632 2225 823 2294 Atque
854 2222 945 2276 bis
977 2222 1095 2276 dux
1124 2226 1249 2277 erat
1279 2222 1608 2293 peragenda
1640 2220 1798 2292 operi

638 2311 793 2382 regis
824 2327 1105 2383 germana
1135 2328 1302 2366 soror
1321 2311 1597 2382 princeps
1630 2312 1810 2365 Anna.

629 2401 888 2464 Quorum
922 2416 1058 2456 cum
1092 2404 1293 2456 essent
1326 2404 1572 2455 detectae
1605 2400 1853 2467 insidiae,

631 2488 854 2546 nullius
886 2507 1099 2561 corpus
1128 2490 1412 2544 violatum
1448 2489 1579 2553 fuit,

628 2579 731 2634 sed
766 2578 1124 2649 patrimonia
1156 2583 1385 2633 tantum
1423 2582 1563 2633 sunt
1592 2581 1794 2648 erepta
1823 2595 1835 2632 :

626 2673 803 2739 atque
834 2667 955 2722 haec
988 2661 1140 2738 ipsa'
1154 2666 1330 2738 paulo
1363 2671 1495 2738 post
1527 2665 1758 2721 restitui

629 2756 780 2813 mira
810 2756 1125 2827 imperavit
1155 2757 1344 2813 Caesar
1377 2754 1709 2811 clementia.

622 2846 856 2901 cunctis
887 2845 1198 2901 remittens
1228 2845 1495 2900 criminis
1526 2850 1757 2900 reatum
1794 2863 1807 2913 ;

623 2950 874 3007 parcens
905 2935 964 2989 in
996 2933 1203 3006 primis
1237 2933 1485 3005 principi
1521 2934 1729 3001 sorori,

622 3024 869 3096 ipsique
895 3038 1035 3095 opes
1070 3040 1171 3095 pro
1203 3022 1487 3094 dignitate
1519 3024 1792 3078 reddens.

627 3113 689 3167 Id
718 3113 1012 3183 quomodo
1044 3112 1119 3168 sit
1151 3121 1402 3183 gestum,
1434 3112 1597 3167 lubet
1629 3112 1844 3168 dicere.

628 3203 769 3257 Auri
802 3207 979 3273 atque
1011 3202 1233 3272 argenti
1265 3197 1821 3273 vasa'gemmasque
1854 3201 2072 3257 nitidas

624 3298 681 3347 et
711 3291 885 3347 multi
917 3290 1148 3362 generis
1178 3293 1397 3345 vestem
1429 3295 1604 3361 atque
1631 3290 1947 3361 insignem,

628 3379 874 3435 maximi
906 3379 1077 3450 pretii
1108 3395 1249 3451 Opes
1279 3378 1338 3433 in
1372 3379 1627 3449 quadam
1662 3380 1836 3434 domo

628 3469 851 3526 sororis
882 3486 1000 3525 suae
1036 3468 1317 3539 principis
1344 3468 1631 3539 repositas

631 3561 823 3613 Caesar
853 3556 1160 3629 spectabat
1190 3572 1322 3611 cum
1351 3560 1579 3611 Joanne
1619 3555 1823 3611 Axuch
1850 3573 1864 3624 ;

623 3647 775 3711 Quin
797 3644 974 3703 etiam
1005 3651 1146 3701 tunc
1178 3646 1261 3701 sic
1291 3645 1487 3700 ferunt
1513 3645 1774 3700 locutum
1809 3662 1822 3700 :

620 3740 766 3792 Hem
801 3740 864 3791 ut
893 3735 1125 3807 generis
1158 3734 1273 3791 mei
1305 3751 1432 3790 sors
1464 3739 1554 3790 est
1594 3734 1911 3790 conversa!

626 3831 808 3897 utque
840 3824 1077 3881 inimica
1110 3824 1256 3879 mihi
1283 3839 1439 3881 nunc
1465 3828 1553 3880 est
1583 3824 1875 3896 cognatio,

622 3919 681 3972 et
713 3915 814 3987 qui
846 3914 1098 3971 benivoli
1129 3913 1289 3980 olim,
1326 3930 1482 3969 nunc
1514 3918 1655 3969 sunt
1685 3911 1981 3969 malivoli!

623 4005 1016 4072 Quamobrem
1040 4004 1220 4074 jubeo
1252 4007 1567 4074 praesentes
1597 4020 1735 4074 opes

622 4100 687 4150 ut
718 4094 826 4150 tibi
856 4110 1082 4158 sumas,
1118 4093 1315 4148 Axucb
1346 4093 1714 4150 dulcissime.

620 4186 677 4239 Is
709 4183 940 4239 liberali
969 4183 1092 4254 regi
1122 4186 1315 4252 grates
1346 4182 1466 4251 agit
1500 4203 1515 4250 ;

619 4274 722 4329 sed
749 4273 906 4341 licet,
939 4272 1155 4343 inquit,
1190 4287 1402 4327 sensus
1437 4286 1597 4327 meos
1629 4271 1859 4327 dicere!

621 4363 777 4435 Rege
808 4366 1126 4422 annuente.
1161 4359 1243 4417 sic
1278 4377 1449 4416 orsus
1476 4367 1565 4417 est
1592 4360 1755 4432 loqui
1790 4376 1803 4414 :

620 4454 971 4523 Quanquam
1002 4450 1288 4521 injustam
1319 4451 1436 4505 vim
1471 4454 1528 4505 et
1557 4450 1806 4505 insidias

621 4546 827 4597 contra
856 4546 935 4609 te,
968 4542 1178 4605 Caesar,
1211 4556 1377 4595 soror
1406 4543 1495 4594 est
1520 4538 1744 4607 molita,

621 4633 678 4685 et
704 4628 997 4685 abdicavit
1028 4626 1197 4683 factis
1228 4627 1679 4695 fraternitatem,

622 4723 837 4774 natura
866 4721 1065 4773 tamen
1096 4716 1235 4771 facit
1265 4716 1784 4787 consanguineam.

620 4807 886 4863 Vincesis
916 4806 1096 4879 igitur
1125 4805 1461 4862 Christiana
1491 4805 1805 4861 clementia

621 4897 845 4954 malum
878 4896 1098 4952 sororis
1124 4895 1393 4951 animum
1426 4900 1483 4951 et
1513 4895 1835 4966 injurium;

618 4987 822 5059 illique
854 4986 973 5041 haec
1005 4984 1204 5041 omnia
1234 4985 1446 5057 largire
1478 4984 1742 5041 benivole

616 5077 689 5134 ad
722 5092 902 5147 quam
935 5080 1175 5147 paterno
1210 5074 1399 5145 magis
1424 5075 1558 5145 jure
1590 5073 1907 5146 pertinent.

616 5166 725 5222 His
758 5182 983 5221 morem
1016 5180 1229 5237 gerens
1253 5164 1493 5219 monitis
1522 5166 1716 5220 Caesar

613 5259 826 5310 cuncta
853 5253 1105 5310 libenter
1133 5252 1342 5308 tribuit
1380 5254 1584 5309 sorori.

612 5344 863 5414 Etenim,
896 5344 1109 5415 inquit,
1140 5359 1319 5414 regno
1351 5344 1463 5398 sim
1498 5343 1799 5416 indignus,

612 5435 661 5491 si
694 5451 822 5491 meo
855 5433 1053 5506 generi
1089 5432 1289 5488 minus
1322 5434 1436 5488 sim
1469 5432 1797 5500 benivolus,

613 5541 791 5597 quam
825 5529 913 5594 tu,
948 5523 1048 5596 qui
1081 5522 1229 5578 lucri
1260 5522 1544 5595 prodigus
1574 5526 1943 5594 contemptor

686 5660 794 5731 (49)
827 5658 1228 5731 Simultatem_
1253 5674 1423 5731 suam
1482 5660 1764 5731 adversus
1797 5654 2255 5731 fratremtdolo-

609 5724 913 5803 laremque
943 5730 1099 5803 quod
1132 5729 1184 5785 is
1214 5729 1529 5802 imperium
1560 5728 1832 5787 exstincti
1862 5724 2121 5801 parentis
2152 5741 2250 5785 oc-

1836 411 2209 465 EPHBEMII
2257 408 2824 465 CHRONOGRAPHI

2303 531 2358 597 Α
2387 529 2529 585 3710
2566 534 2910 605 Κραταρχιας
2932 530 3194 586 τάλαντον
3227 533 3465 603 αὐξήσας
3500 534 3659 607 μέγα,

2554 618 2665 673 Ἀεὶ
2699 623 3076 694 στραταρχῶν,
3111 620 3428 690 ύπεραθλῶν
3460 624 3557 675 τοῦ
3585 621 3843 694 κράτους,

2554 704 2751 770 Πόλεις
2780 705 2988 770 έθνικάς
3020 708 3333 763 ὑποτάσσων
3365 713 3444 781 τῷ
3474 708 3679 785 κράτει,

2549 796 2769 866 Γνώσει,
2802 794 2977 869 λόγῳ,
3012 798 3310 871 πράγματι,
3343 797 3432 851 καὶ
3465 796 3623 872 πείρᾳ
3658 794 3865 872 μάχης,

2554 882 2886 956 Μυριόνικος
2915 883 3228 947 πλειστάκις
3259 882 3619 961 δεδιιγμένος,

2377 971 2517 1027 3715
2554 972 2641 1033 Ὧς
2672 973 2798 1045 πρὶν
2831 974 2859 1027 ὁ
2891 968 3057 1027 Δαϐὶδ
3086 975 3203 1028 κατ’
3235 974 3447 1049 ἐχθρῶν
3473 974 3794 1049 ἀντιμάχων

2552 1063 2763 1131 Λιταῖς,
2787 1062 3136 1135 στρατηγίαις
3168 1083 3226 1116 τε
3256 1063 3349 1116 σὺν
3382 1061 3686 1137 εὐανδρίαις
3721 1084 3733 1095 ·

2558 1149 2634 1205 Οὗ
2658 1147 2786 1210 τοὺς
2820 1150 3029 1225 ἀγῶνας
3059 1153 3147 1205 καὶ
3181 1152 3331 1212 νίκας
3360 1151 3704 1225 καταλέγειν,

2557 1240 2677 1294 Τῶν
2710 1238 2911 1312 ἀρετῶν
2946 1241 2992 1294 θ’
3024 1238 3224 1313 ὅμιλον
3255 1243 3341 1304 αἷς
3368 1241 3435 1310 ἧν
3468 1240 3774 1314 έκπρέπων,

2559 1327 2655 1380 Καὶ
2693 1325 2883 1403 ῥήτορι
2916 1327 3112 1402 γένοιτ’
3144 1327 3203 1383 ἃν
3236 1325 3389 1405 ἔργον
3418 1328 3619 1404 έξόχῳ.

2380 1417 2521 1472 3720
2550 1416 2712 1492 Μίκρ’
2742 1414 2873 1472 ἅττα
2904 1415 2950 1472 δ’
2981 1421 3117 1491 ἡμῖν
3152 1418 3211 1474 ἐκ
3241 1424 3508 1493 περιττῶν
3538 1419 3757 1474 λεκτέον
3791 1439 3804 1453 ⁸

2558 1506 2731 1568 Οὗτος
2760 1508 3049 1582 κατασχὼν
3081 1506 3339 1585 ἀσφαλῶς
3372 1508 3707 1582 κραταρχίαν

2557 1594 2737 1665 Τιμάς
2769 1590 3129 1669 έπεϐράϐευσε
3156 1601 3272 1657 τοῖς
3304 1594 3362 1650 ἐκ
3395 1600 3490 1650 τοῦ
3520 1597 3734 1673 γένους,

2558 1682 2655 1736 Καὶ
2684 1687 2845 1737 πᾶσιν
2878 1683 3067 1747 ἁπλῶς
3095 1681 3304 1759 δωρεὰς
3338 1683 3671 1758 ἀναλόγους,

2560 1775 2766 1825 Κοινῶν
2799 1778 3109 1845 προμηθεῖς
3134 1772 3399 1842 ἀποτάξας
3428 1773 3760 1849 πραγμάτων

2304 1896 2352 1961 Β
2381 1862 2523 1917 3725
2558 1862 2651 1915 Ἐκ
2676 1864 2784 1914 τῶν
2815 1863 2932 1924 καθ’
2966 1864 3101 1933 αἷμα
3128 1861 3220 1916 καὶ
3250 1863 3757 1935 προσῳκειωμένων
3788 1883 3802 1895 ⁸

2563 1949 2893 2025 Σύστρεμμα
2919 1948 3059 2022 τῶδε
3092 1951 3309 2026 βασιλεῖ
3335 1956 3438 2005 νῶν
3470 1950 3529 2006 ἐκ
3554 1954 3743 2026 γένους

2560 2042 2856 2096 Καττύεται
2889 2043 3107 2113 σκέμμα
3133 2062 3192 2095 τε
3228 2043 3604 2118 Θανατηφόρον

2559 2130 2706 2185 Μετά
2729 2151 2790 2204 γε
2823 2129 3031 2205 βραχὺν
3060 2136 3161 2200 τῆς
3188 2129 3522 2206 κραταρχίας
3552 2129 3779 2205 χρόνον,

2562 2220 2924 2295 Πρωτουργὸν
2958 2219 3069 2291 ἅμα
3098 2219 3188 2273 καὶ
3219 2219 3564 2294 στρατηγέτιν
3598 2219 3726 2294 ἔχον

2384 2309 2523 2364 3730
2562 2310 2844 2381 ’Ὀμαιμον
2878 2308 3042 2363 αὐτοῦ
3070 2311 3168 2377 τὴν
3203 2309 3561 2383 Καισάρισσαν
3593 2311 3785 2365 ’Ἄνναν
3818 2311 3931 2384 (49)

2560 2398 2663 2454 Καὶ
2692 2398 3048 2475 φωραθέντων
3079 2402 3186 2451 τῶν
3217 2397 3588 2452 συνιστώντων
3617 2396 3814 2473 λόχον,

2562 2486 2765 2547 Ἀεικὲς
2794 2484 2971 2547 οὐδεὶς
3008 2484 3083 2549 εἷς
3114 2482 3280 2557 δέμας
3311 2481 3550 2540 πέπονθέ
3578 2507 3654 2554 τι,

2563 2576 2685 2631 ’Ότι
2718 2595 2781 2649 γε
2815 2576 2890 2646 μὴ
2924 2572 3157 2646 ψίλωσιν
3192 2575 3389 2628 οὐσιῶν
3424 2574 3607 2645 μόνον,

2560 2664 2656 2725 Ἀς
2686 2661 2981 2717 ἀποδοῦναι
3018 2660 3272 2738 βασιλεὺς
3303 2682 3464 2732 κεκτη
3478 2664 3661 2735 μένοις

2387 2754 2527 2809 3735
2564 2754 2716 2809 Μετά
2744 2773 2802 2828 γε
2837 2750 3016 2827 βραχὺ
3049 2750 3417 2826 προστέταχεν
3450 2749 3663 2821 ἐνθέως,

2563 2840 2746 2904 Αἰτίας
2776 2841 2926 2919 ἀφεὶς
2958 2847 3086 2895 πᾶσι
3119 2840 3601 2917 προσκεκρουκόσι,

2564 2934 2937 3003 Σπεισάμενος
2965 2931 3247 3005 πρώτιστα
3274 2934 3343 3003 τῇ
3377 2931 3709 3005 Καισαρίσσῃ

2561 3021 2659 3073 Καὶ
2688 3018 2925 3074 πλοῦτον
2957 3020 3097 3092 αὐτῇ
3130 3015 3443 3080 συνεπιδοὺς
3472 3018 3592 3089 ἀξίᾳ
3623 3036 3637 3049 ·

2559 3109 2749 3169 ’Όπως
2780 3104 2836 3161 δέ
2864 3111 3024 3161 τοῦτο
3056 3102 3369 3180 συμϐέϐηκε
3400 3107 3689 3182 φραστέον*

2382 3198 2524 3253 3740
2561 3198 2673 3265 Τὴν
2705 3195 2756 3250 έν
2782 3195 3147 3272 χρυσαργύρῳ
3176 3217 3233 3251 τε
3264 3195 3691 3272 λιθομαργάροις

2560 3284 2864 3356 Ἐσθήμασί
2893 3306 2950 3339 τε
2979 3283 3258 3346 ποικίλοις
3287 3284 3611 3362 τιμαλφέσιν

2558 3372 2751 3427 Οὐσίαν
2786 3372 3068 3445 ἀμύθητον
3098 3372 3150 3427 ἔν
3184 3394 3291 3428 τινι
3324 3371 3509 3447 δόμων

2554 3464 2670 3527 Τῆς
2702 3464 3037 3535 κασιγνήτου
3072 3461 3438 3538 Καισαρίσσης
3464 3463 3722 3535 κειμένην

2552 3553 2715 3623 ’Άναξ
2748 3550 3061 3608 ἐπισκοπῶν
3087 3552 3155 3620 ἦν
3187 3552 3278 3606 σὺν
3312 3551 3515 3625 Ἀξοὺχ
3545 3552 3766 3626 Ἰωάννῃ
3800 3574 3813 3587 ο

2375 3641 2516 3697 3745
2552 3641 2743 3698 Ἡνίκα
2766 3638 2925 3696 τόνδε
2956 3641 3047 3695 καὶ
3072 3638 3192 3697 ταδὶ
3228 3641 3387 3720 φάναι
3422 3640 3589 3717 λόγος
3622 3664 3635 3675 ·

2553 3732 2640 3792 Ὡς
2668 3732 2817 3804 τάξις
2851 3731 3219 3806 ἀντέστραπτο
3251 3732 3420 3804 κάμοὶ
3448 3736 3545 3787 τοῦ
3577 3734 3800 3807 γένουςί

2553 3819 2649 3874 Καὶ
2683 3821 2933 3895 συγγενές
2967 3822 3061 3894 μέν
3096 3818 3395 3896 δύστροπόν
3429 3843 3522 3895 μοι
3560 3824 3847 3897 τυγχάνει,

2555 3909 2877 3984 Ἀλλότριον
2914 3908 2961 3964 δ’
2991 3908 3180 3965 εὔνουν
3210 3932 3270 3966 τε
3298 3912 3387 3966 καὶ
3419 3910 3787 3990 πεφιλμένονί

2551 4001 2711 4062 Ὀθεν
2742 3998 2952 4054 κελεύω
2977 4000 3043 4054 τὰ
3072 4000 3401 4076 προκείμενα
3428 3998 3556 4055 τάδε

2374 4090 2516 4146 3750
2554 4088 2823 4144 Φίλτατον
2855 4088 3061 4165 ’Δξοὺχ
3089 4084 3475 4166 προσλαϐόντα
3500 4092 3772 4166 κατέχειν.

2546 4179 2612 4236 ⁸0
2643 4175 2689 4232 δ’
2722 4176 3036 4252 εὐχαριστεῖ
3065 4181 3161 4247 τῆς
3199 4177 3635 4254 μεγαλοψυχίας.

2549 4267 2698 4323 Μετά
2728 4265 2785 4322 δέ
2814 4269 2863 4343 γ’
2896 4267 3064 4321 εἰπεῖν
3100 4266 3326 4343 λιπαρεῖ
3355 4266 3655 4342 δεδογμένα
3689 4288 3700 4299 ·

2551 4357 2655 4412 Καὶ
2688 4356 2782 4411 τὸν
2816 4351 3053 4411 λαϐόντα
3082 4360 3178 4411 τοῦ
3210 4355 3383 4432 λέγειν
3418 4356 3659 4427 ἐξουσίαν
3696 4377 3707 4389 ·

2552 4445 2614 4501 Et
2636 4445 2724 4499 καὶ
2762 4444 2953 4518 βιαίων
2988 4443 3190 4500 ἀδίκων
3220 4466 3278 4501 τε
3307 4448 3646 4521 πραγμάτων

2373 4538 2514 4592 3755
2552 4537 2839 4608 Κατῆρξεν,
2873 4532 3020 4607 ἅναξ,
3053 4535 3119 4603 σὴ
3151 4536 3475 4609 κασίγνητος
3517 4535 3702 4609 φάναι,

2553 4628 2779 4699 ’Έργοις
2810 4624 2858 4678 τ’
2887 4622 3220 4695 ἀπωμόσατο
3252 4621 3632 4701 φιλαδελφίαν,

2555 4710 2714 4768 Ἀλλ’
2744 4714 2778 4781 ἡ
2813 4712 2971 4788 φύσις
3005 4713 3266 4786 σύναιμον
3300 4714 3466 4783 αὐτὴν
3501 4711 3730 4769 δεικνύει
3766 4736 3777 4748 ⁸

2552 4802 2793 4871 Νίκησον
2822 4802 3019 4857 οὐκοῦν
3052 4805 3484 4877 χριστομιμήτῳ
3514 4803 3703 4880 τρόπῳ

2553 4896 2785 4964 Γνώμην
2814 4890 3057 4963 ὁμαίμου
3090 4888 3352 4965 δυσμενῆ,
3383 4894 3721 4967 κακεργάτιν,

2373 4983 2516 5038 3760
2552 4980 2651 5036 Καὶ
2673 4979 2740 5035 τὰ
2768 4980 2884 5034 κατ’
2910 4974 3032 5053 ὄψιν
3064 4982 3234 5035 πάντα
3264 4978 3355 5043 δὸς
3384 4982 3521 5036 κατὰ
3549 4981 3736 5058 χάριν,

2551 5069 2729 5143 Ταύτῃ
2761 5066 3082 5146 διαφέροντα
3116 5067 3328 5143 μᾶλλον
3362 5072 3642 5147 πατρόθεν.

2548 5160 2723 5232 Ταύτῃ
2751 5180 2813 5233 γε
2838 5160 3076 5220 πεισθεὶς
3114 5158 3371 5233 βασιλεὺς
3397 5160 3723 5238 παραιφάσει

2550 5248 2724 5302 Πάντα
2750 5247 3045 5322 προθύμως
3077 5246 3410 5323 Καισαρίσσῃ
3440 5249 3733 5324 προσνέμει

2551 5337 2681 5407 Εἶήν
2712 5336 2791 5405 ἂν,
2821 5335 3011 5409 εἰπὼν,
3039 5340 3137 5391 τοῦ
3174 5337 3453 5407 βασιλείου
3478 5338 3707 5416 κράτους

2370 5428 2512 5482 3765
2551 5427 2833 5481 Παντάπαν
2866 5424 3101 5496 ἀνάξιος,
3137 5424 3187 5479 εἷ’
3213 5426 3335 5500 περὶ
3367 5426 3524 5501 γένος

2544 5512 2765 5586 Τούμὸν
2797 5510 3045 5588 κριθείης
3078 5511 3460 5590 εὐμενέστερος
3488 5514 3551 5570 σύ
3578 5537 3658 5591 γε,

2296 4636 2343 4699 Ι)

2368 5651 2724 5724 cupavisset,
2758 5647 2903 5705 satis
2935 5649 3309 5724 demonstrat
3346 5651 3477 5723 ipsa
3511 5657 3682 5710 Anna
3719 5653 4057 5717 Comnenn

2364 5726 2426 5781 in
2445 5720 2746 5780 'Alexiadis
2776 5735 2896 5778 sua
2925 5720 3102 5778 catos.

3924 410 4025 464 148
