4208 6430
159 393 250 446 169

307 512 605 586 Ἀνώτερος
634 506 858 582 κέρδους
888 529 946 562 τε
973 511 1218 577 κτήσεως
1245 508 1434 578 τόσης.

309 599 501 660 Οὕτως
535 596 909 671 ἀμνησίκακος
943 597 1009 664 ἦν
1044 595 1169 666 ἅναξ
1201 594 1315 667 ὅδε,

310 687 523 759 Θερμός
552 687 601 740 τ’
628 685 862 758 ἐραστὴς
894 688 1354 759 χριστομιμήτων
1394 683 1610 759 τρόπων
1638 686 1648 740 !

140 778 270 835 3770
311 777 519 849 Μήτηρ
553 772 610 828 δὲ
636 771 796 828 τοῦδε
822 772 910 826 καὶ
947 771 1164 846 βασιλὶς
1199 771 1435 845 Είρτςνη,

310 863 374 918 Εἰ
406 864 494 916 καὶ
527 862 651 936 πρὶν
689 863 982 935 άπέστεργε
1011 857 1156 914 τόνδ’
1187 861 1285 914 οὐκ
1319 859 1542 924 ἐνδίκως

308 952 428 1009 Οὐκ
459 950 604 1021 ἄξιον
636 950 897 1024 κρίνουσα
926 951 1061 1024 πρὸς
1091 949 1454 1024 κραταρχίαν,

308 1043 398 1102 Ὧς
433 1045 500 1112 τῇ
535 1039 757 1114 θυγατρὶ
796 1037 1051 1110 μνωμένη
1079 1039 1146 1092 τὰ
1175 1043 1270 1092 τοῦ
1301 1040 1554 1113 κράτους,

304 1124 547 1202 Γαμὸρῷ
575 1149 631 1182 τε
659 1133 738 1198 τῷ
771 1127 989 1201 Καίσαρι
1015 1132 1095 1198 τῷ
1131 1128 1433 1200 Βρυεννίῳ,

140 1221 270 1275 3775
310 1218 500 1291 Λόχου
532 1221 806 1290 φονῶντος
836 1215 901 1268 οὗ
934 1215 1199 1290 συνίστωρ
1233 1217 1451 1289 εὑρέθη·

307 1305 538 1361 Μᾶλλον
574 1303 630 1358 δὲ
657 1309 859 1377 γνοῦσα
891 1304 964 1365 εἷς
993 1304 1179 1359 ἔπειτα
1207 1304 1267 1357 τὸ
1293 1300 1472 1376 δρᾶμα

306 1390 625 1462 Ἐπήϐολον
661 1391 848 1466 λόγιον
881 1393 1105 1462 ἐξειπεῖν
1139 1391 1322 1466 λόγος,

315 1484 551 1554 Γνώμην
578 1503 634 1536 τε
664 1479 880 1549 κεδνήν,
913 1482 1134 1547 συνετὴν
1167 1479 1298 1552 μάλ’
1329 1479 1630 1552 εὐστόχως,

309 1575 402 1632 Ὠς
436 1571 541 1645 οὐχ
573 1571 777 1625 ὑπόντα
811 1572 920 1644 χρὴ
955 1569 1110 1643 διφᾷν
1145 1569 1395 1644 βασιλέα,

141 1664 272 1718 3780
312 1661 565 1733 ΣΙαρὸντα
598 1657 655 1713 δὲ
681 1660 920 1733 στέργειν
947 1678 1004 1713 τε
1031 1663 1226 1712 τοῦτον
1251 1658 1339 1712 καὶ
1373 1651 1571 1712 σέϐειν.

307 1750 483 1810 Οὗτος
517 1768 840 1822 στρατευσας
869 1747 1002 1801 κατὰ
1032 1751 1250 1820 Περσῶν
1287 1739 1572 1820 βαρϐάρων

306 1839 413 1899 Τάς
441 1838 577 1911 πρὸς
613 1835 969 1908 Κομνηνάκτα
995 1837 1265 1904 συνθήκας
1296 1831 1465 1888 πάλαι

306 1927 712 1996 Διαλυσάντων,
744 1926 834 1978 καὶ
866 1923 1056 1984 πόλεις
1081 1921 1394 1995 Ῥωμαίδος

303 2015 416 2078 Τάς
445 2015 582 2089 πρὸς
615 2013 830 2088 Φρυγίᾳ
860 2013 948 2067 καὶ
982 2010 1282 2086 Μαιάνδρῳ
1312 2014 1562 2084 κειμένας

137 2107 267 2161 3785
306 2103 766 2178 Κατατρεχόντων
796 2103 885 2156 καὶ
917 2106 1097 2162 κακῶς
1133 2098 1385 2175 δρώντων
1421 2098 1637 2161 ὅπλοις·

303 2194 402 2247 Καὶ
435 2188 736 2265 σομϐαλὼν
771 2191 1000 2261 ἥττησεν
1035 2189 1228 2251 αὐτοὺς
1259 2189 1551 2257 πολλάκις,

300 2282 648 2357 Τρεψάμενος
673 2286 808 2358 σφᾶς
838 2279 1075 2340 εὐκλεῶς
1106 2278 1156 2334 ἐν
1189 2285 1306 2340 ταῖς
1341 2281 1568 2352 μάχαις.

300 2371 398 2425 Καὶ
432 2369 740 2425 Λαοδικέων
778 2367 833 2423 δὲ
865 2364 1134 2435 λαμϐάνει
1169 2369 1355 2437 πόλιν,

305 2460 405 2517 Καὶ
434 2457 596 2530 τήνδε
627 2464 827 2533 τειχῶν
849 2459 1242 2532 κατοχυρώσας
1272 2458 1479 2530 κράτει,

135 2551 265 2605 3790
305 2550 404 2604 Καὶ
436 2548 612 2602 πάντα
643 2548 752 2608 θεὶς
779 2546 835 2601 εὖ
867 2548 956 2601 καὶ
988 2548 1164 2610 καθὼς
1193 2550 1256 2615 ἦν
1291 2547 1586 2623 συμφέρον,

303 2639 445 2710 Πρὸς
481 2634 736 2712 βασιλίδα
760 2639 1188 2713 καθυποστρέφει
1221 2634 1408 2702 πόλιν,

301 2730 411 2782 Οἷα
446 2725 700 2801 βασιλεὺς
733 2725 954 2798 ἀγαθὸς,
986 2726 1283 2802 νικηφόρος

296 2819 432 2876 Τοῖς
471 2815 778 2890 βασιλικοῖς
812 2811 1178 2885 ἀναδούμενος
1212 2813 1450 2884 κρότοις.

299 2906 455 2962 Μετὰ
481 2902 537 2958 8t
572 2904 762 2978 μικρὸν
797 2903 1146 2957 ἀπανίσταται
1178 2902 1368 2968 πάλιν,

132 2996 262 3052 3795
300 2996 400 3049 Καὶ
426 2995 631 3068 γίνεται
665 2991 731 3060 δὴ
765 2993 899 3047 κατᾶ
927 2994 1025 3061 τήν
1059 2991 1409 3066 Παμφυλίαν,

299 3086 456 3158 Αἱρεῖ
482 3104 541 3139 τε
574 3081 898 3152 Σωζόπολιν
935 3082 1322 3157 μηχανουργίᾳ

299 3172 472 3227 Πόλιν
507 3171 744 3246 ἐρυμνὴν
778 3170 866 3225 καὶ
897 3170 1439 3247 κατησφαλισμένην,

292 3262 483 3318 Ἀλλά
511 3282 571 3315 τε
596 3261 827 3316 πλεῖστα
854 3265 962 3315 τῶν
996 3261 1107 3315 ἐκεῖ
1144 3259 1452 3334 πολιχνίων

289 3355 691 3426 Στρατηγικαῖς
721 3351 939 3424 τέχναις
969 3371 1026 3404 τε
1054 3350 1144 3404 καὶ
1172 3349 1357 3422 μάχης
1389 3347 1564 3420 νόμῳο

128 3442 256 3497 3800
294 3441 383 3496 Ἐν
417 3442 502 3501 οἷς
531 3459 629 3512 περ
662 3439 943 3514 ἠρίθμητο
973 3439 1063 3492 καὶ
1093 3435 1434 3510 κεκλημένον

296 3528 620 3598 Δύσληπτον
656 3525 826 3582 ὄντων
851 3527 1311 3604 Ἱερακορυιρίτου,

288 3620 510 3693 Ἔρυμα
541 3616 797 3692 τειχῆρές
829 3640 880 3672 τι
914 3615 1197 3690 δύσμαχον
1230 3617 1388 3670 πάνυ.

286 3704 467 3760 Πάλαι
505 3707 599 3778 μὲν
631 3702 758 3760 ὄντα
785 3711 866 3778 τῷ
895 3705 1077 3780 κράτει
1107 3703 1414 3777 Ῥωμαίδος

285 3793 534 3863 Ὑπήκοά
564 3815 620 3848 τε
648 3795 737 3848 καὶ
770 3793 1246 3869 συνηριθμημένα,

118 3884 246 3940 3805
282 3888 441 3956 Ζυγῷ
476 3881 532 3937 δὲ
564 3888 780 3958 Περσῶν
813 3885 1207 3938 καθυπείκοντα
1243 3881 1384 3936 τότε”

283 3969 463 4034 Οῦτος
495 3971 619 4046 περὶ
649 3973 897 4044 πέμπτον
926 3993 984 4046 γε
1014 3978 1111 4040 τῆς
1142 3973 1321 4046 ἀρχῆς
1353 3972 1552 4045 χρόνον

283 4063 513 4124 Ἐθνους
548 4066 816 4124 Σκυθικοῦ
846 4061 1257 4136 κατακείροντος
1291 4059 1504 4132 Θρᾴκην

288 4150 392 4204 Καὶ
424 4151 595 4204 πάντα
619 4151 820 4219 ταύτῆς
856 4152 1128 4219 Σκυθικὴν
1154 4149 1405 4225 ἐρημίαν,

283 4240 356 4295 .0
387 4259 536 4315 φασι,
570 4237 804 4313 δρῶντος
835 4237 1126 4313 ἐκδρομαῖς
1162 4237 1526 4314 πανημέροις’

117 4329 245 4384 3810
284 4333 441 4382 Κινεῖ
470 4329 585 4382 κατ’
617 4330 794 4383 αὐτῶν
823 4330 1136 4401 Ῥωμαϊκὰς
1170 4326 1446 4400 δυνάμεις,

283 4418 386 4472 Καὶ
420 4417 761 4489 συμπλακείς
795 4417 942 4490 σφίσι
972 4438 1032 4492 γε
1059 4421 1139 4488 τῷ
1170 4421 1305 4471 Θεοῦ
1349 4419 1516 4470 σθένει

284 4508 738 4580 Κατατροποῦται
763 4507 1028 4568 Σκυθικὰς
1054 4505 1223 4566 πάσας
1249 4503 1402 4575 ’ίλας,

285 4593 390 4647 Καὶ
421 4593 796 4668 τρισαριστεὺς
829 4591 1196 4648 ἀναδείκνυται
1229 4595 1444 4666 κράτωρ

282 4682 526 4744 Βουλαῖς
557 4683 905 4758 στρατηγίαις
936 4702 1014 4751 τε,
1050 4682 1228 4743 λιταῖς
1261 4681 1479 4742 ἐνθέοις·

119 4771 247 4828 3815
285 4771 367 4828 Οὐ
397 4771 498 4847 γὰρ
532 4770 657 4842 ἅναξ
690 4767 1004 4844 σύμϐουλος
1036 4771 1102 4839 ἦν
1137 4772 1378 4845 χρηστὸς
1415 4771 1578 4844 μόνον

285 4857 391 4916 Καί
422 4880 482 4934 γε
512 4860 816 4934 στρατηγὸς
839 4859 890 4914 ἐν
926 4859 1130 4934 μάχαις
1163 4859 1473 4934 ῥωμολέος,

290 4946 474 5005 Ἀλλᾶ
502 4948 638 5014 καθά
667 4971 751 5012 τις
781 4950 868 5004 καὶ
903 4955 1108 5018 Μωσῆς
1139 4946 1311 5012 ἄλλος
1346 4951 1462 5011 νέος

286 5039 482 5112 Χεῖρας
513 5039 728 5112 ἀνυψῶν
763 5039 926 5094 εἰκόνι
961 5034 1229 5111 σεϐασμίᾳ

282 5131 394 5195 Τῆς
431 5126 852 5204 μητρανάνδρου
883 5128 972 5182 καὶ
1004 5129 1358 5200 πανυμνήτου
1390 5127 1574 5202 Κόρης

117 5214 246 5271 3320
288 5218 410 5291 Σχή
426 5238 586 5288 μασιν
620 5217 861 5290 οἰκτροῖς
891 5216 980 5271 καὶ
1014 5217 1352 5290 σταλαγμοῖς
1387 5214 1630 5290 δακρύων

284 5300 648 5379 Ηαρεμῦολὰς
678 5305 855 5380 ἔκρινε
881 5305 976 5367 τὰς
1001 5310 1108 5359 τῶν
1141 5301 1428 5381 βαρϐάρων

278 5395 414 5448 Θεοῦ
442 5393 691 5459 διδόντος
723 5398 822 5465 τήν
855 5395 1009 5465 νίκην
1046 5396 1338 5471 οὐρανόθεν

282 5484 560 5561 Περιφανῆ
587 5505 643 5540 τε
673 5486 764 5541 καὶ
796 5483 1126 5559 περίπυστον
1160 5484 1300 5542 λίαν.

280 5573 386 5629 Καὶ
419 5575 524 5650 γὰρ
555 5579 812 5630 τοσοῦτον
853 5573 1218 5650 μυριάριθμον
1252 5576 1441 5652 στίφος

116 5657 245 5715 3825
283 5662 662 5737 Δορυαλώτων
697 5661 1012 5742 συνελήφθη
1052 5657 1364 5739 βαρϐαρων,

1662 391 2026 444 CBSARES.

1819 514 1871 578 Α
1903 528 2060 567 nunc
2091 516 2176 567 tot
2207 511 2435 568 oblatas
2467 513 2747 584 respuisti
2779 529 2939 584 opes.

1901 601 2057 655 Adeo
2089 599 2372 656 clemente
2404 618 2502 656 rex
2534 601 2627 656 hic
2657 607 2781 658 erat
2810 603 3029 668 animo,

1904 692 2079 759 atque
2101 689 2367 746 imitator
2396 691 2608 746 Christi
2643 691 2947 746 studiosus
2974 691 2986 746 ι

1901 780 2180 833 Caeterum
2206 784 2395 834 mater
2425 797 2490 835 ac
2519 781 2719 852 regina
2753 781 2914 835 Irene

1901 883 2237 938 quanquam
2265 867 2478 923 Joanni
2513 869 2846 924 immerenti
2878 869 3128 937 infensa,

1900 971 2071 1026 quem
2107 956 2261 1011 haud
2297 957 2539 1027 imperio
2572 958 2818 1028 dignum
2852 959 3182 1029 reputabat,

1899 1045 2072 1114 idque
2100 1046 2405 1100 studuerat
2437 1046 2575 1100 olim
2609 1048 2978 1101 committere

1900 1131 2028 1186 filiae
2062 1137 2232 1202 atque
2261 1150 2470 1202 genero
2502 1135 2710 1189 Caesari
2747 1135 3056 1205 Bryennio,

1899 1237 2055 1274 nunc
2086 1220 2434 1276 insidiarum
2469 1228 2665 1276 tamen
2699 1223 2902 1293 ignara
2934 1223 3062 1278 fuit.

1897 1308 2043 1371 Quin
2079 1309 2292 1364 certior
2326 1317 2528 1381 postea
2561 1311 2883 1365 moliminis
2925 1310 3077 1366 facta

1899 1398 2084 1451 fertur
2117 1398 2334 1453 dixisse
2365 1400 2740 1453 commodum
2775 1400 3037 1466 effatum,

1897 1491 2070 1558 atque
2103 1491 2448 1558 prudentem
2475 1491 2792 1544 admodum
2828 1490 3199 1554 sententiam,

1896 1592 2009 1631 non
2043 1592 2170 1632 esse
2201 1578 2608 1647 vestigandum
2642 1577 2913 1632 latentem
2946 1594 3160 1648 regem,

1895 1665 1994 1718 sed
2028 1665 2163 1719 huic
2188 1667 2458 1736 praesenti
2493 1672 2757 1721 amanter
2788 1668 3250 1736 obsequendum.

1893 1752 2054 1807 Idem
2088 1754 2349 1824 suscepit
2370 1758 2573 1808 contra
2606 1757 2809 1808 Persas
2838 1752 3078 1814 bellum,

1895 1842 1993 1911 qui
2018 1857 2150 1897 cum
2183 1845 2479 1898 Comneno
2513 1843 2703 1898 foedus
2734 1843 2870 1898 olim
2908 1844 3116 1898 initum

1895 1930 2206 2001 fregerant,
2243 1935 2412 2002 atque
2447 1932 2692 1986 urbibus
2725 1931 3004 1985 Romanis

1895 2018 1951 2073 in
1988 2017 2234 2090 Phrygia
2263 2023 2319 2074 et
2341 2020 2467 2090 ripa
2499 2020 2774 2074 Maeandri
2809 2019 3012 2090 positis

1894 2107 2136 2162 armatis
2162 2107 2599 2163 incursionibus
2633 2107 2865 2162 molesti
2897 2111 3081 2162 erant.

1893 2196 2039 2266 Ergo
2072 2212 2185 2250 non
2211 2196 2390 2251 semel
2422 2196 2699 2250 manibus
2733 2196 3049 2261 consertis,

1893 2285 2258 2355 proﬂigando
2285 2285 2450 2340 hoste
2481 2285 2729 2356 gloriam
2765 2284 2983 2339 retulit.

1892 2372 2103 2428 Urbem
2133 2374 2274 2444 quin
2309 2375 2451 2428 adeo
2486 2375 2640 2445 cepit
2679 2374 3041 2436 Laodiceam,

1891 2478 2068 2533 quam
2102 2478 2235 2517 mox
2268 2462 2518 2517 munivit
2550 2463 2834 2517 moenium
2871 2461 3162 2532 prasidio,

1891 2551 2239 2622 cunctisque
2269 2551 2416 2607 bene
2447 2555 2512 2605 ut
2540 2568 2687 2622 opus
2720 2551 2831 2605 fuit
2864 2549 3194 2621 dispositis,

1892 2640 1962 2694 ad
1997 2640 2198 2694 urbem
2231 2640 2450 2712 regiam
2484 2641 2673 2695 reditu
2699 2657 2759 2694 se
2787 2641 3042 2708 recepit;

1893 2728 2092 2799 ibique
2116 2727 2291 2783 veluti
2325 2744 2422 2783 rex
2452 2730 2800 2784 victoriosus

1892 2816 2100 2888 plausu
2134 2817 2384 2873 solemni
2419 2818 2617 2889 populi
2651 2822 2739 2872 est
2773 2820 3059 2886 receptus.

1893 2905 2058 2960 Brevi
2090 2906 2414 2973 intervallo,
2449 2906 2721 2961 discessit
2751 2906 2943 2959 denuo

1893 2998 1949 3048 et
1980 3010 2111 3048 cum
2145 2995 2399 3050 exercitu
2435 3011 2682 3066 pergens
2717 2995 2775 3048 in
2808 2993 3214 3066 Pamphyliam

1894 3082 1946 3135 vi
1982 3084 2415 3154 strategematis
2443 3084 2596 3154 cepit
2627 3084 2958 3154 Sozopolim

1894 3173 2097 3226 urbem
2126 3172 2414 3228 excelsam
2448 3173 2711 3244 undique
2743 3172 3056 3227 munitam.

1811 3248 1851 3313 C
1889 3259 2048 3315 Alias
2079 3277 2313 3332 quoque
2346 3259 2632 3332 plurimas
2669 3259 2978 3316 urbeculas

1887 3350 2100 3420 partim
2135 3351 2354 3404 astutia
2386 3349 2598 3421 partim
2629 3351 2681 3404 vi
2717 3349 2927 3404 bellica

1885 3439 2057 3509 cepit,
2092 3455 2240 3509 quas
2269 3438 2420 3494 inter
2452 3439 2611 3494 aditu
2648 3438 2887 3493 difficile

1883 3531 2165 3594 castrum,
2199 3527 2288 3582 cui
2323 3543 2537 3582 nomen
2575 3525 3098 3597 Hieracoryphites,

1883 3616 2174 3672 mmnibus
2203 3616 2425 3672 celsum
2458 3621 2514 3672 et
2545 3615 3021 3688 inexpugnabile.

1878 3709 2016 3770 Quae
2047 3711 2268 3761 cunctae
2301 3723 2462 3761 arces
2495 3706 2552 3761 in
2587 3707 2829 3760 Romani
2862 3705 3092 3776 imperii

1881 3796 2097 3851 ﬁnibus
2127 3796 2328 3866 positae
2362 3795 2670 3865 eidemque
2703 3795 2963 3850 obnoxiae

1879 3889 2182 3939 Persarum
2208 3885 2422 3955 jugum
2466 3888 2670 3955 postea
2701 3883 3025 3938 subierant.

1879 3977 2045 4028 Anno
2076 3972 2322 4028 Joannis
2356 3973 2705 4042 imperantis
2735 3972 2964 4042 quinto,

1875 4061 2144 4134 Scythica
2176 4077 2310 4117 cum
2343 4078 2484 4131 gens
2516 4061 2825 4116 Thraciam
2860 4065 3134 4127 vastaret,

1877 4157 1933 4205 et
1963 4151 2369 4218 solitudinem,
2403 4155 2463 4204 ut
2496 4155 2586 4205 est
2617 4151 2675 4204 in
2707 4151 3035 4221 proverbio,

1876 4239 2206 4313 Scythicam
2241 4241 2453 4295 faceret
2485 4240 2784 4310 perpetuis
2830 4239 3210 4304 incursibus;

1879 4330 2173 4385 Romanas
2199 4332 2398 4400 copias
2428 4329 2618 4383 Caesar
2645 4333 2846 4383 contra
2876 4327 3076 4383 eduxit
3102 4344 3113 4380 :

1876 4419 2094 4490 Deique
2126 4435 2232 4490 ope
2264 4417 2461 4489 pralio
2494 4417 2813 4472 commisso

1875 4506 2173 4578 Scythicas
2203 4511 2445 4561 cunctas
2479 4505 2710 4576 disjecit
2739 4505 3084 4576 phalanges,

1876 4599 1934 4652 et
1963 4595 2312 4650 victoriosus
2340 4595 2660 4665 imperator
2694 4594 2920 4648 exstitit

1879 4683 2147 4753 consilio,
2181 4701 2384 4748 manu,
2420 4684 2690 4755 precibus
2724 4683 2792 4737 ad
2825 4683 3031 4737 Deum.

1877 4773 2005 4828 Non
2037 4772 2193 4828 enim
2227 4777 2459 4829 tantum
2486 4788 2582 4826 rex
2614 4770 2969 4826 consiliosus
3000 4776 3126 4827 erat

1879 4866 2055 4933 atque
2087 4878 2191 4933 per
2221 4879 2452 4934 pugnas
2483 4861 2650 4916 fortis
2684 4861 3027 4931 imperator,

1879 4951 1982 5006 sed
2005 4951 2163 5006 velut
2187 4951 2334 5006 alter
2365 4955 2592 5022 Moyses
2625 4948 2889 5004 novellus

1880 5057 2093 5095 manus
2125 5039 2398 5097 attollens
2431 5042 2500 5095 ad
2535 5043 2851 5110 augustam
2884 5037 3206 5110 imaginem

1878 5128 2300 5186 laudatissima:
2331 5129 2587 5200 Virginis
2620 5129 2877 5198 Deiparae

1877 5218 2131 5290 supplici
2165 5226 2334 5291 gestu
2364 5219 2740 5292 profusisque
2772 5216 3052 5289 lacrymis

1877 5311 2219 5367 barbaricos
2252 5311 2541 5367 exercitus
2576 5327 2640 5363 su
2654 5309 2898 5380 peravit,

1877 5401 2180 5456 victoriam
2214 5401 2442 5458 ccelitus
2474 5401 2731 5456 donante
2760 5399 2904 5467 Deo,

1879 5489 2252 5562 splendidam
2290 5507 2527 5563 prorsus
2559 5492 2617 5545 et
2646 5487 3112 5545 celeberrimam.

1880 5578 2108 5633 Etenim
2142 5585 2343 5636 tantus
2376 5579 2770 5634 Barbarorum
2804 5593 3089 5634 numerus

1879 5667 1938 5723 in
1973 5674 2324 5740 potestatem
2357 5669 2575 5726 decidit
2605 5666 2860 5734 victoris,

3446 389 3550 442 150
