4190 6438
650 447 743 501 151
1852 441 2222 495 EPHRBMII
2260 437 2827 498 CBRONOGRAPHI

641 575 702 622 ut
725 567 785 621 in
819 566 1097 622 Romanis
1130 564 1300 620 terris
1333 563 1593 618 occiduis

639 655 775 727 pagi
806 660 863 710 et
892 653 1132 709 colonia:
1155 658 1295 707 tunc
1328 652 1397 707 de
1434 651 1519 706 his
1566 651 1837 706 Barbaris

642 744 905 799 conﬂata
939 743 1177 798 fuerunt
1206 748 1263 797 et
1296 757 1449 795 nunc
1482 741 1672 795 adhuc
1705 743 2001 807 maneant,

642 834 860 904 quibus
892 837 949 888 et
977 831 1169 903 gentis
1201 830 1455 885 inditum
1489 835 1578 884 est
1603 845 1837 884 nomen.

644 920 756 976 Alii
787 920 1102 991 conscripti
1136 924 1275 975 sunt
1296 918 1604 974 auxiliares

649 1016 824 1082 atque
856 1010 1133 1065 Romanis
1166 1008 1402 1063 admisti
1436 1006 1809 1063 exercitibus.

643 1098 917 1171 Magnam
947 1099 1065 1153 vim
1096 1114 1329 1169 quoque
1353 1097 1462 1152 sub
1493 1113 1706 1151 corona
1736 1093 2017 1150 vendidit.

642 1188 829 1242 victor
858 1187 1149 1242 exercitus
1177 1203 1319 1241 auro
1349 1186 1731 1242 licitantibus.

642 1276 823 1331 Paulo
851 1282 983 1347 post
1012 1275 1204 1330 Caesar
1235 1274 1416 1329 armis
1446 1290 1653 1328 rursus
1688 1272 1862 1327 motis

644 1370 847 1419 contra
876 1364 1161 1419 Triballos
1193 1364 1472 1418 barbaros
1500 1367 1589 1417 est
1620 1362 1936 1432 profectus,

644 1455 819 1509 [idem
842 1456 1106 1524 juratam
1142 1453 1361 1523 perﬁde
1392 1453 1690 1517 tallentes;

640 1560 790 1613 quos
823 1541 1143 1598 debellatos
1173 1542 1428 1596 violento
1462 1545 1645 1595 marte

639 1632 831 1687 denuo
864 1647 1066 1702 pacem
1100 1634 1287 1686 tacere
1320 1630 1507 1701 coegit
1541 1648 1552 1683 :

639 1735 894 1790 cumque
945 1720 1253 1775 manubias
1286 1719 1447 1773 illinc
1478 1718 1785 1789 abegisset,

643 1807 893 1863 militem
927 1808 1227 1878 pr0prium
1263 1808 1457 1877 praeda
1487 1805 1747 1876 replevit,

641 1893 846 1964 spoliis
883 1894 1227 1955 innumeris,
1262 1894 1472 1965 Opibus
1504 1893 1776 1963 copiosis.

641 1983 949 2054 Captivum
983 1988 1173 2038 autem
1205 1983 1413 2055 vulgus
1451 1982 1601 2037 ultra
1634 1983 1846 2037 fretum

644 2072 947 2127 transtulit
980 2073 1038 2127 in
1073 2072 1431 2143 Bythiniam,
1466 2073 1637 2142 eique
1666 2072 1833 2126 sedes

641 2158 799 2215 haud
831 2161 1030 2232 procul
1068 2162 1208 2216 urbe
1237 2161 1574 2215 Nicomedia
1622 2160 1909 2215 attribuit.

642 2250 924 2319 Idemque
957 2251 1167 2319 partim
1200 2250 1414 2305 milites
1448 2249 1818 2319 conscripsit,

639 2339 858 2409 partim
892 2341 1035 2410 reip.
1062 2340 1197 2394 fecit
1227 2339 1561 2410 vectigales.

640 2431 857 2484 Istrum
890 2432 1089 2485 aestivo
1121 2434 1383 2501 tempore
1430 2429 1781 2500 transgressi

637 2516 833 2573 Hunni
867 2525 1148 2589 ceperunt
1179 2520 1383 2573 urbem
1417 2518 1822 2587 Branitzoben,

638 2607 809 2676 cujus
840 2606 1085 2677 dejectis
1111 2607 1341 2663 cunctis
1374 2607 1652 2676 aediﬁciis,

636 2694 862 2765 lapides
893 2699 1071 2751 etiam
1101 2689 1416 2767 Zeugmion
1449 2696 1713 2751 tulerunt
1747 2712 1759 2749 :

638 2877 765 2928 tum
797 2874 972 2929 etiam
1006 2891 1209 2944 agrum
1242 2874 1623 2930 incursarunt
1652 2874 1919 2930 Sardicaa.

642 2962 828 3033 Igitur
859 2962 952 3019 his
987 2980 1300 3019 occurrens
1332 2964 1651 3035 imperator

638 3051 792 3106 inter
821 3052 1066 3123 paludes
1099 3053 1283 3108 valido
1314 3070 1448 3109 cum
1482 3053 1665 3108 milite

634 3140 790 3197 haud
822 3143 1025 3214 procul
1059 3144 1205 3199 Istro
1237 3144 1505 3200 hostibus
1537 3160 1889 3215 congressus

633 3229 851 3286 claram
880 3233 950 3286 de
979 3232 1251 3288 Barbaris
1284 3222 1483 3287 retulit
1514 3233 1853 3301 victoriam;

630 3324 687 3373 et
717 3319 1069 3376 Chrasmum
1101 3323 1254 3392 cepit
1283 3339 1417 3377 cum
1455 3323 1899 3390 Francochorio,

631 3425 746 3479 que
778 3426 913 3481 pars
946 3412 1187 3467 Paeoniae
1221 3413 1578 3483 prestantior
1605 3418 1747 3467 erat.

630 3498 779 3553 Tum
811 3500 988 3555 etiam
1020 3500 1283 3571 Zeugmii
1316 3503 1532 3557 mmnia
1562 3504 1936 3575 expugnavit.

630 3586 913 3659 illincque
944 3591 1202 3660 predam
1237 3591 1483 3646 abstulit
1511 3593 1906 3661 innumeram,

632 3678 929 3733 manubiis
963 3679 1087 3749 ipse
1113 3678 1382 3750 plurimis
1414 3682 1634 3737 ditatus

632 3765 932 3838 simulque
963 3770 1156 3824 omnis
1182 3769 1479 3825 Romanus
1512 3772 1820 3827 exercitus.

634 3855 777 3911 Pace
804 3873 937 3912 cum
971 3858 1200 3914 Hunnis
1244 3859 1508 3915 barbaris
1539 3862 1881 3932 composita,

632 3944 692 3999 in
724 3946 1004 4003 orientem
1038 3949 1341 4004 transtulit
1369 3950 1687 4006 exercitum
1716 3969 1729 4020 ;

632 4050 852 4106 perque
887 4037 1163 4109 Bithynos
1195 4039 1489 4094 transiens
1521 4046 1577 4094 et
1606 4040 2013 4112 Paphaglonas

632 4122 803 4179 celeri
835 4141 1009 4181 cursu
1048 4127 1307 4197 pervenit
1339 4131 1774 4196 Castamonem,

630 4211 899 4285 hancque
931 4217 1191 4271 Romano
1223 4217 1540 4271 vindicavit
1571 4224 1826 4289 sceptro,

629 4301 831 4371 (quam
851 4306 1243 4360 Persarmenii
1263 4305 1620 4377 jampridem
1652 4308 1951 4378 tenebant)

628 4390 803 4446 scalis
834 4397 893 4447 et
924 4394 1212 4449 machinis
1245 4394 1633 4451 arietantibus

630 4480 703 4534 ad
727 4480 878 4537 hanc
918 4484 1263 4554 capiendam
1299 4486 1522 4540 naviter
1555 4502 1719 4541 usus.

631 4574 770 4625 Post
798 4571 941 4642 hac,
977 4576 1233 4644 captivos
1269 4573 1554 4644 plurimos
1598 4576 1819 4630 ducens

633 4675 732 4714 rex
762 4666 941 4732 atque
972 4664 1230 4733 pra’dam
1266 4664 1779 4733 innumerabilem,

632 4750 855 4821 regiam
890 4752 959 4805 ad
996 4752 1197 4805 urbem
1234 4752 1431 4808 retulit
1463 4754 1667 4824 pedem

630 4844 907 4911 exceptus
938 4840 1239 4911 plausibus
1271 4842 1370 4913 qui
1403 4843 1611 4897 decent
1639 4843 1917 4899 victorem
1954 4860 1966 4898 :

630 4933 805 4999 atque
838 4932 909 4985 ob
944 4935 1235 4985 recentem
1270 4948 1437 4985 suam
1470 4932 1770 4987 victoriam

631 5020 821 5075 media
852 5020 1094 5075 deduxit
1123 5021 1265 5076 urbe
1294 5021 1688 5092 triumphum.

625 5110 932 5166 Adornans
959 5111 1110 5166 enim
1145 5110 1388 5167 artiﬁcio
1423 5112 1660 5166 insolito

625 5216 864 5255 currum
900 5205 1140 5273 argento
1172 5218 1432 5272 auroque
1465 5201 1775 5272 fulgidum,

630 5306 804 5361 quem
840 5291 1140 5345 niveorum
1172 5291 1465 5363 quadriga
1488 5308 1777 5363 equorum

625 5385 758 5450 apte
790 5384 845 5434 et
876 5381 1149 5436 decenter
1174 5382 1512 5450 junctorum
1547 5381 1837 5449 trahebat,

624 5469 761 5524 huic
794 5471 1188 5526 venerandam
1230 5472 1516 5541 imposuit
1544 5470 1735 5527 Caesar

624 5558 915 5615 inviolatae
946 5560 1210 5631 Deiparai
1241 5560 1597 5633 imaginem;

700 5742 813 5813 (50)
851 5742 911 5797 In
943 5741 1163 5798 codicis
1196 5741 1461 5815 margine
1491 5760 1577 5815 γρ.
1612 5739 1897 5817 Ζεύγμιον.

2314 564 2365 622 Α

2316 1919 2363 1984 Β

2300 4651 2348 4717 D

2573 558 2662 619 Ὧς
2692 562 2825 616 κατὰ
2868 560 3077 635 δυσμήν
3107 566 3441 637 Ῥωμαϊκοῖς
3470 566 3522 620 ἐν
3554 569 3743 630 τόποις

2570 646 2663 700 Ἐκ
2691 648 2858 704 τῶνδε
2888 653 3078 723 κώμας
3108 653 3195 706 καὶ
3228 655 3494 715 συνοικίας
3528 654 3658 717 ὅλας

2571 734 2671 788 Καὶ
2705 740 3029 807 συσταθῆναι
3063 742 3151 794 καὶ
3182 745 3506 814 παραμένειν
3539 740 3639 811 ἔτι,

2570 824 2911 897 Ἐπωνυμίαν
2948 828 2996 900 ἐξ
3030 828 3213 892 ἔθνους
3244 852 3405 899 κεκτη
3420 834 3602 904 μὲνας.

3940 449 4039 502 152

2389 910 2529 965 3830
2570 913 2824 985 Τάγμασι
2855 913 2899 968 δ’
2932 916 3137 982 ἄλλους
3168 920 3496 994 συμμάχους
3532 921 3581 975 ἐν
3613 928 3730 983 ταῖς
3764 922 3969 997 μάχαις

2569 1001 2943 1076 Καταλεγῆναι
2970 1006 3297 1079 Ῥωμαϊκοῖς
3326 1009 3414 1063 καὶ
3448 1011 3680 1085 στίχαις’

2568 1089 2777 1162 Μοιρας
2812 1088 2868 1145 δὲ
2898 1091 3113 1156 πολλάς
3144 1095 3443 1161 ἀποδόσθαι
3470 1099 3701 1173 χρυσίου

2566 1177 2694 1231 Ὑπὸ
2723 1188 2973 1254 στρατιᾶς
3008 1185 3155 1260 σφῶν
3186 1186 3351 1241 πάλιν
3384 1186 3708 1263 ᾑρημένοις.

2566 1267 2714 1319 Μετὰ
2745 1264 2801 1322 δὶ
2835 1272 3029 1345 μικρὸν
3064 1272 3281 1347 ὕστερον
3314 1275 3479 1330 πάλιν
3507 1278 3630 1347 ἄναξ

2389 1352 2531 1406 3835
2570 1353 3018 1428 Ἐπιστρατεύσας
3050 1368 3167 1425 τοῖς
3195 1360 3487 1437 Τριϐαλοῖς
3518 1361 3813 1442 βαρϐάροις

2565 1443 2758 1517 ’Ὁρκια
2791 1448 3112 1522 συγχέουσιν
3147 1451 3203 1505 ἐκ
3232 1454 3553 1528 κακουργίας

2567 1536 2715 1607 Σιρᾶς
2742 1532 3029 1604 ἐκνικήσας
3064 1538 3113 1591 ἐν
3152 1540 3302 1612 μάχῃ
3331 1543 3466 1594 κατὰ
3495 1544 3690 1615 κράτος

2563 1619 2631 1672 Τὸ
2669 1616 2940 1695 βάρϐαρον
2974 1626 3187 1695 τίθησιν
3219 1625 3507 1683 ἔνσπονδον
3541 1632 3725 1686 πάλιν·

2565 1708 2725 1761 Λείαν
2759 1707 2806 1762 δ’
2836 1710 3034 1775 ἐκεῖθεν
3068 1715 3337 1778 ἀπελάσας
3373 1718 3564 1792 μυρίαν

2388 1794 2529 1849 3840
2569 1795 2787 1866 Πλήσας
2818 1821 2875 1854 τε
2902 1801 2965 1855 τὸ
2995 1803 3300 1877 στράτευμα
3327 1810 3433 1860 τῶν
3469 1808 3857 1881 σκυλευμάτων

2566 1882 2773 1942 ’Όλϐου
2803 1910 2859 1943 τε
2892 1889 3106 1945 πολλοῦ
3138 1895 3225 1947 καὶ
3257 1893 3514 1972 λαφύρων
3560 1899 3786 1971 μυρίων·

2573 1973 2796 2043 Πλῆθος
2827 1976 3173 2053 δορυάλωτον
3209 1982 3284 2047 εἰς
3314 1983 3578 2060 ἐπαρχίαν

2568 2065 2675 2132 Τῆν
2706 2070 2812 2119 τῶν
2848 2070 3086 2124 Βιθυνῶν
3116 2073 3249 2125 κατά
3277 2074 3374 2143 τὴν
3407 2075 3762 2149 Νικομήδους

2570 2148 2893 2218 Διαϐιϐάσας
2924 2156 3276 2232 ἐγκατοικίζει
3310 2163 3507 2237 φέρων.

2390 2241 2532 2297 3845
2570 2242 2671 2297 Καὶ
2701 2244 2873 2299 τῶνδε
2896 2248 3021 2308 τοὺς
3056 2251 3148 2321 μὶν
3179 2258 3400 2325 στρατιᾷ
3428 2251 3736 2330 καταλέγει,

2567 2334 2711 2394 Τοὺς
2743 2331 2790 2387 δ’
2820 2336 2884 2389 αὗ
2916 2345 3127 2411 παρῆκε
3159 2342 3429 2396 συντελεῖν
3460 2350 3627 2416 κοινῷ
3658 2342 3877 2421 φόρους.

2564 2420 2759 2476 Οὗννοι
2792 2425 2881 2477 τὸν
2916 2428 3121 2500 Ἴστρον
3152 2429 3533 2502 ἐκπεράσαντες
3567 2436 3754 2509 θέρους

2566 2512 3001 2585 Κατακρατοῦσιν
3028 2514 3228 2580 ὁίστεως
3256 2518 3646 2594 Βρανιτζόϐης,

2565 2600 2663 2652 Καὶ
2693 2600 2856 2670 τῆσδε
2887 2606 3058 2670 πάσας
3087 2608 3493 2683 κατερείψαντες
3532 2612 3711 2687 βάρεις

2389 2688 2529 2743 3850
2567 2692 2887 2767 Μετήγαγον
2937 2696 3071 2765 πρὸς
3123 2698 3409 2771 Ζεύγμινον
3622 2704 3708 2757 καὶ
3767 2704 3896 2766 τοὺς
3958 2706 4047 2761 λί-

2566 2864 2993 2942 Ἐπιδραμόντες
3027 2872 3114 2926 καὶ
3150 2872 3424 2949 Σαρδικῆς
3464 2880 3665 2954 χωρία.

2568 2956 2782 3011 Οὐκοῦν
2810 2958 2895 3012 ἐπὶ
2928 2968 3060 3037 σφᾶς
3090 2961 3475 3039 ἐκστρατεύσας
3516 2970 3542 3021 ὁ
3574 2972 3786 3045 κράτωρ

2567 3044 2654 3100 Ἐν
2694 3048 3014 3123 ὑγροχὲρσῳ
3045 3055 3157 3124 (51)
3190 3055 3277 3107 καὶ
3311 3057 3535 3131 σθεναρᾷ
3568 3044 3789 3132 δυνάμει

2567 3136 2714 3189 Κατὰ
2743 3139 2833 3191 τὸν
2867 3141 3073 3214 Ἵστρον
3108 3144 3447 3215 συμπλακεὶς
3480 3146 3803 3212 ἀντιπάλοις

2386 3224 2527 3278 2855
2564 3225 2774 3294 Ἵστησι
2810 3227 3060 3303 λαμπρὰν
3094 3233 3228 3287 κατὰ
3262 3230 3547 3310 βαρϐάρων
3580 3238 3757 3308 νίκην⁸

2566 3315 2661 3367 Καὶ
2696 3317 2955 3389 Χράσμον
2986 3318 3095 3374 εἷλε
3128 3320 3217 3374 σὺν
3249 3328 3329 3395 τῷ
3360 3329 3803 3401 Φραγγοχωρίῳ,

2562 3408 2668 3471 Γῆς
2702 3407 2945 3460 Παιόνων
2980 3409 3263 3480 κράτισσον
3304 3414 3548 3489 ὑπάρχον
3586 3417 3771 3491 μὲρος’

2564 3492 2706 3561 Πρὸς
2736 3491 2781 3548 δ’
2811 3496 2875 3548 αὖ
2906 3500 3280 3570 παρεστήσατο
3310 3508 3497 3577 τεῖχος
3527 3506 3843 3579 Ζευγμίνου,

2563 3584 2681 3636 Κάκ
2711 3582 2868 3639 τοῦδε
2900 3584 3046 3640 λείαν
3084 3588 3329 3659 ἀπήλασι
3364 3594 3578 3666 μυρίαν,

2384 3670 2525 3724 3860
2566 3672 2665 3727 Καὶ
2701 3672 2894 3750 λάφυρ’
2925 3675 3185 3747 ἐκτήσατο
3218 3681 3305 3733 καὶ
3339 3681 3567 3737 πλεῖστα
3598 3684 3790 3757 σκύλα,

2561 3761 2737 3823 Αὐτός
2765 3783 2821 3817 τε
2849 3766 2936 3817 καὶ
2970 3768 3277 3841 στράτευμα
3306 3771 3590 3843 Ῥωμαίων
3625 3774 3759 3827 ἅπαν

2567 3852 2935 3924 Σπεισάμενος
2962 3852 3007 3909 δ’
3037 3854 3219 3911 ἔπειτα
3256 3855 3547 3935 βαρϐάροις
3578 3860 3804 3926 Οὕννοις

2567 3942 2708 4013 Πρὸς
2739 3944 2837 4010 τὴν
2869 3940 2941 3998 ἕω
2975 3948 3278 4021 στράτευμα
3302 3945 3639 4021 διαϐιϐάσας,

2565 4032 2661 4084 Διά
2696 4035 2929 4087 Βιθυνῶν
2965 4038 3207 4110 χωρίων,
3239 4037 3605 4115 Παφλαγόνων

2384 4120 2529 4174 3865
2568 4120 2877 4197 Ἐιρίσταται
2909 4123 3141 4199 τάχιστα
3170 4130 3237 4199 τῇ
3272 4128 3604 4201 Κασταμόνι,

2563 4210 2662 4265 Καὶ
2693 4210 2839 4281 τήνδ’
2874 4212 3172 4269 ἐπανέσωσε
3208 4217 3279 4286 τῆ
3308 4217 3569 4290 Ῥωμαίδι

2559 4303 2979 4373 Περσαρμενίοις
3011 4324 3241 4375 κεκρατη
3255 4306 3421 4377 μένην
3454 4308 3645 4381 πάλαι,

2560 4389 2914 4463 Χρησάμενος
2944 4390 3190 4465 κλίμαξι,
3223 4398 3616 4472 τειχομαχίαις

2562 4479 2656 4539 Εἷς
2686 4478 2851 4547 τῆσδε
2876 4482 2972 4547 τήν
3008 4480 3212 4537 ἅλωσιν
3254 4484 3327 4545 ὡς
3356 4485 3708 4561 εὐμηχάνως.

2382 4568 2522 4622 3870
2557 4568 2789 4623 Τοιαῦτα
2819 4567 3015 4645 δράσας
3046 4570 3421 4646 αἰχμαλώτων
3452 4596 3509 4628 τε
3541 4575 3727 4654 στίφος

2558 4659 2659 4711 Καὶ
2693 4656 2838 4712 λείαν
2868 4659 3144 4730 ἀμύθητον
3179 4660 3421 4739 εἰληφὼς
3453 4665 3577 4735 ἄναξ

2562 4748 2703 4822 Πρὸς
2738 4748 2991 4823 βασιλίδα
3020 4752 3119 4818 τήν
3151 4750 3310 4805 πόλιν
3354 4754 3672 4834 ὑποστρέφει

2558 4839 2661 4891 Οἷα
2690 4839 2919 4907 νικητής
2949 4836 3317 4910 ἀναδούμενος
3346 4842 3581 4916 κρότοις”

2559 4926 2695 4979 Κάπὶ
2728 4928 2975 5001 τροπαίῳ
3004 4928 3300 5000 προσφάτῳ
3332 4930 3420 4984 καὶ
3449 4935 3516 5002 τῇ
3550 4933 3670 5007 νίκῃ

2380 5016 2519 5069 3875
2559 5017 2840 5091 Κατήγαγε
2868 5012 3133 5090 θρίαμϐον
3169 5018 3219 5071 ὲν
3252 5016 3384 5090 μέση
3410 5020 3591 5077 πόλει.

2557 5104 2757 5174 Τεύξας
2787 5105 2889 5180 γάρ
2922 5107 3067 5179 ἅρμα
3094 5106 3183 5159 σὺν
3216 5109 3543 5183 τεχνουργίᾳ
3570 5109 3714 5182 ξένον

2556 5196 2935 5270 Χρυσαργύρῳ
2966 5195 3233 5251 κάλλιστα
3262 5194 3655 5271 διειλημμένον

2556 5286 2625 5339 «ιο
2658 5283 2936 5359 χιονώδης
2968 5285 3259 5356 τετρακτὺς
3294 5290 3582 5364 συστοιχία

2555 5374 2758 5425 Ἵππων
2790 5395 2870 5434 τις
2902 5373 3074 5428 εἷλκεν
3109 5374 3315 5451 εὐφυῶς
3350 5377 3739 5451 ζευγνυμένων·

2378 5464 2517 5516 3880
2559 5463 2642 5517 Ἐν
2676 5460 2815 5532 τῷδε
2848 5464 3047 5530 σεπτήν
3083 5459 3394 5533 ἀναϐιϐάζει
3428 5467 3645 5541 κράτωρ

2552 5556 2657 5619 Τῆς
2695 5550 3105 5628 μητρανάνδρου
3138 5554 3410 5626 Παρθένου
3436 5556 3536 5623 τήν
3569 5556 3750 5613 εἰκόνα

2447 5740 2560 5813 (51)
2586 5738 2666 5795 De
2692 5738 2799 5796 hoc
2830 5737 3109 5795 vocabulo
3130 5737 3402 5809 judicent
3433 5738 3773 5797 hellenistaa.

3863 2798 4048 2867 [θους,
