4208 6430
110 382 197 438 153
1604 382 1970 435 CBSAREB.

264 508 348 561 Ἐν
446 506 723 565 πεποιθὼς
754 507 839 558 καὶ
873 510 1148 579 κατορθῶν
1182 507 1274 565 τας
1305 503 1451 562 νίκας

259 595 345 654 Ὠς
378 592 825 669 συπρατηγέτιδι
856 595 972 647 κατ’
1006 595 1217 668 ἐχθρῶν
1253 594 1438 665 μάχης

263 684 512 758 Προσῆγε
536 684 634 751 τὴν
665 684 972 756 πρέπουσαν
1008 680 1383 757 εὐχαριστίαν,

106 772 226 826 3385
260 775 360 830 Ἠς
391 771 479 824 καὶ
511 778 728 845 προῆγε
758 771 850 824 σὺν
886 770 991 843 ὅλῃ
1024 770 1276 845 γερουσίᾳ

262 861 395 913 Ποσί
435 858 667 934 βαδίζων
696 861 981 933 σταυρικὸν
1015 867 1289 932 σκῆπτρον
1326 857 1520 934 φέρων.

262 950 272 968 9
368 946 384 959 ‘
417 948 428 965 κ
622 949 632 963 ι
733 948 743 967 ι
1042 951 1056 972 ς
1116 950 1142 969 τ
1360 946 1370 963 I

277 948 439 1004 ΑλΑα
470 950 680 1023 βραχυς
708 950 909 1017 ἤνυστο
940 971 1037 1003 κατ
1089 970 1232 1002 οικον
1267 966 1493 1021 χρονος,

260 1039 365 1092 Καὶ
401 1038 563 1091 πάλιν
598 1038 940 1113 ἐστράτευσεν
974 1036 1098 1107 ἅναξ
1125 1037 1342 1111 χαρίεις

260 1126 407 1180 Μετᾶ
432 1132 682 1200 στρατιᾶς
711 1127 933 1201 ἀρεϊκῆς
962 1128 1287 1200 προφρόνως

102 1216 221 1270 3390
254 1215 378 1270 Ἐπὶ
408 1218 772 1286 Τανισμάνιον
801 1216 874 1277 είς
908 1215 1235 1286 Κασταμόνα

229 1306 539 1378 Στρατηγὸν
569 1302 738 1376 ἄνδρα
763 1306 907 1379 παρὰ
938 1307 1386 1377 Περσαρμενίοις,

258 1392 468 1461 Ταύτην
504 1391 695 1446 ἑλόντα
724 1393 1065 1467 τειχομαχίᾳ
1090 1390 1277 1456 πόλιν,

259 1480 357 1533 Καὶ
394 1478 638 1557 φύλακας
666 1482 945 1535 κτείναντα
974 1480 1281 1552 Ῥωμαίους
1316 1478 1457 1556 ξίφει

262 1568 371 1622 Καὶ
401 1566 553 1637 τήνδ’
585 1569 891 1623 ἰπανὲσωσε
922 1572 1217 1641 Ῥωμαίων
1249 1570 1456 1641 κράτει·

106 1659 225 1712 3895
264 1658 407 1729 Πρὸς
433 1654 617 1711 τοῖσδε
650 1659 892 1731 Γάγγραν
926 1663 1257 1730 καταπορθεῖ
1285 1658 1384 1723 τὴν
1418 1656 1582 1709 πόλιν

262 1747 353 1800 Ἐν
452 1766 512 1819 γε
543 1746 815 1821 φρουροὺς
843 1747 1110 1816 ἀποτάξας
1144 1745 1374 1807 ὁπλίτας

265 1836 364 1889 Ἐκ
395 1835 710 1906 Ῥωμαϊκῆς
742 1842 991 1909 στρατιᾶς
1027 1834 1342 1909 δισχιλίους

271 1923 367 1977 Καὶ
399 1924 575 1977 πάντα
606 1929 716 1987 θεῖς
752 1925 828 1993 εὖ,
862 1925 937 1985 εἷς
968 1922 1130 1978 πόλιν
1168 1923 1509 1998 ὑποστρέφευ

266 2010 364 2063 Καὶ
396 2008 529 2083 τῇδε
563 2013 755 2085 μικρὸν
790 2010 1131 2085 ἐνδιατρίψας
1161 2014 1359 2085 χρόνον

108 2100 232 2154 3900
270 2104 750 2173 Κατακρατοῦντος
777 2101 1065 2174 Ἀρμενίας
1095 2097 1373 2155 Λεϐούνου

268 2189 671 2261 Ἐπιστρατεύει
703 2190 954 2261 στρατιὰν
988 2189 1251 2259 πλείστην
1287 2187 1456 2261 ἄγων,

268 2279 597 2348 Κατηκόους
626 2279 869 2341 σίνοντος
902 2280 1156 2335 Αὐσόνων
1190 2278 1402 2349 πόλεις,

266 2367 477 2423 Οὐκοῦν
509 2364 703 2429 ἐπιϐὰς
734 2368 1229 2443 Ἀρμενοκιλικίας,

261 2458 465 2527 Ταρσὸν
493 2459 869 2528 παρεστήσατο
903 2461 1125 2535 φαεινὴν
1162 2458 1347 2525 πόλιν,

111 2547 235 2599 3905
273 2546 370 2599 Καὶ
399 2548 499 2613 τὴν
532 2544 769 2616 Ἀδάνην
800 2549 888 2601 καὶ
922 2555 1085 2617 Βακᾶ,
1123 2545 1435 2622 στρατηγίᾳ.

266 2636 476 2689 Ἐπειτ’
508 2634 713 2709 ὀχυρὰν
751 2631 1085 2707 Ἀναξάρϐην
1118 2636 1209 2689 σὺν
1248 2636 1337 2707 βίᾳ

262 2721 595 2796 Περικλυτόν
628 2746 687 2778 τε
715 2724 805 2777 καὶ
839 2724 1154 2780 Κολώνειαν
1197 2726 1382 2778 πόλιν’

265 2811 369 2867 Καὶ
401 2810 468 2879 δὴ
506 2814 780 2884 μετελθὼν
814 2834 911 2874 τας
941 2813 1093 2888 πέριξ
1118 2813 1314 2874 ταύτας
1342 2810 1533 2874 πόλεις

267 2901 512 2973 Έρυμνά
539 2922 597 2955 τε
629 2901 861 2978 φρούρια
886 2902 974 2955 καὶ
1016 2904 1207 2974 κώμας
1238 2900 1390 2968 ὅλας,

108 2989 231 3043 3910
269 2989 584 3065 Ἐιρίσταται
618 2988 674 3044 δὲ
702 2996 820 3052 τοῖς
845 2991 1036 3054 τόποις
1064 2998 1161 3060 τῆς
1209 2992 1428 3066 Συρίας,

271 3077 375 3132 Καὶ
405 3079 505 3145 τήν
534 3077 699 3133 πόλιν
733 3078 927 3155 εἷ’φεισι
952 3082 1051 3147 τὴν
1085 3080 1398 3153 Ἀντιόχου,

267 3165 636 3238 Ῥαϊμούνὸου
660 3168 956 3243 πρίγκιπος
990 3170 1101 3240 ἅμα
1130 3174 1244 3229 τοῖς
1276 3166 1429 3229 ὅλοις

277 3255 352 3310 Εὖ
380 3258 567 3330 χερσὶν
601 3256 759 3310 αὐτὸν
796 3256 1009 3318 ὑπτίαις
1044 3255 1393 3331 δεδεγμένου,

277 3344 382 3398 Καὶ
413 3350 543 3399 πᾶσι
574 3348 908 3417 τιμήσαντος
943 3347 1103 3400 αὐτὸν
1135 3346 1358 3402 εἰκόσιν.

110 3432 234 3487 3915
272 3434 392 3491 Ἐφ’
421 3434 654 3510 ἡμέραις
684 3436 776 3489 οὗν
809 3433 1155 3508 ἐνδιατρίψας
1185 3434 1367 3504 πόλει,

274 3523 443 3594 Αὐτῷ
474 3545 533 3577 τε
560 3526 649 3578 τὸν
683 3525 949 3598 πρίγκιπα
980 3524 1153 3593 λίζιον
1188 3524 1406 3600 δράσας,

280 3611 389 3666 Σὺν
419 3611 561 3683 τῷδε
592 3612 916 3684 Τριπόλεως
944 3619 1243 3687 κρατοῦντα
1272 3616 1415 3684 τότε,

276 3704 443 3772 ’Λναξ
470 3705 857 3777 χαριτώνυμος
890 3702 1047 3776 ἔξεισι
1078 3704 1266 3771 πάλιν,

274 3793 383 3845 Καὶ
416 3793 553 3865 πρὸς
585 3790 1019 3868 παρευφράτιέτις
1055 3793 1229 3847 ἄπεισι
1256 3793 1470 3859 πόλεις,

109 3879 233 3934 3930
278 3883 407 3955 ΙΙαρ¹
441 3887 745 3957 Αγαρηνῶν
774 3881 834 3936 οὐ
868 3880 1053 3945 καλῶς
1080 3883 1451 3957 κρατουμένας

276 3970 382 4025 Καὶ
412 3968 583 4025 τῶνδε
604 3976 799 4045 πορθεῖ
826 3970 1221 4045 τειχομαχίαις
1251 3970 1446 4033 ὅπλοις

274 4060 441 4130 ΙΙεζά,
474 4058 687 4129 Χαλεπ,
724 4060 997 4136 Νίστριον,
1036 4064 1322 4136 Καρφαρᾶ,
1357 4062 1556 4134 Φέρεπ·

280 4151 375 4203 Ἐκ
402 4154 507 4202 τῶν
539 4147 595 4203 δὲ
623 4148 831 4203 λοιπῶν
866 4151 1067 4204 ἀστέων
1102 4148 1251 4222 δῶρα
1282 4151 1400 4221 ξὲνα

273 4240 376 4292 Καὶ
406 4237 637 4293 πλεῖστα
664 4235 846 4293 λαϐὼν
880 4240 966 4293 οιαὶ
998 4239 1185 4300 λίθους
1216 4240 1305 4293 καὶ
1341 4238 1650 4315 μαργαίρους

110 4326 234 4381 3925
274 4326 457 4380 Πολύν
490 4348 545 4381 τε
578 4328 780 4401 χρυσὸν
812 4327 901 4381 καὶ
932 4327 1376 4403 λαερυραγωγίαν,

278 4416 384 4473 Καὶ
416 4415 681 4492 λυχνίτην
714 4418 947 4491 φέροντα
976 4421 1206 4490 σταυροῦ
1235 4416 1327 4471 τὸν
1369 4416 1536 4471 τύπον

278 4512 394 4578 Χρῆ
408 4506 481 4579 μά
505 4528 555 4561 τι
589 4507 1027 4579 πανθαῦμαστον,
1060 4505 1391 4577 ἔκπληκτον,
1425 4507 1593 4577 ξένον

281 4598 429 4669 Πρὸς
464 4594 511 4649 δ’
542 4596 605 4649 αὗ
636 4616 699 4671 γε
729 4596 819 4650 καὶ
849 4596 1115 4670 τράπεζαν
1144 4595 1463 4671 ἔκλαμπρον
1495 4598 1633 4652 πάνυ

278 4685 369 4754 Ἐξ
400 4684 686 4757 ἀμιμήτου
719 4684 1131 4757 συντεθειμὲνην
1160 4685 1358 4760 τέχνης

112 4775 239 4829 3930
279 4772 569 4843 Πολυτελῆ
601 4795 659 4828 τε
688 4773 1109 4849 χρυσότευκτον,
1151 4775 1433 4845 ποικίλην·

274 4866 339 4920 ’Ἃ
374 4866 546 4918 πάντα
578 4862 907 4933 συνείληπτο
936 4869 1054 4926 τοῖς
1086 4865 1311 4937 Πέρσαις
1341 4864 1510 4920 πάλαι

282 4958 591 5028 Σνδσχοῦσιν
622 4953 925 5008 αὐτάνακτα
953 4954 1045 5006 τὸν
1076 4953 1352 5028 Διογένην·

281 5043 430 5117 Πρὸς
463 5045 562 5111 τὴν
595 5042 983 5118 βασιλεύουσαν
1022 5041 1241 5118 ἔρχεται
1274 5041 1436 5097 πόλιν

280 5139 465 5205 ’Ἃγων
500 5134 615 5204 μεθ’
644 5133 834 5186 ἑαυτοῦ
863 5132 1184 5207 κασίγνητον
1218 5132 1310 5186 σὺν
1340 5132 1485 5209 γόνῳ

114 5223 244 5280 3935
282 5224 391 5280 Τὸν
422 5217 891 5297 σεϐαστοκράτορα
918 5224 1011 5277 τὸν
1044 5225 1168 5297 πρὶν
1202 5220 1433 5299 φυγάδα,

280 5316 374 5386 Τῷ
401 5316 701 5383 τηνικαῦτα
729 5314 1065 5387 προσρυέντα
1092 5312 1334 5387 γνησίως

277 5405 509 5458 ’Ἃνακτι
535 5400 679 5474 τῷδε
708 5403 799 5456 καὶ
830 5405 1145 5476 κασιγνήτῳ
1175 5402 1341 5479 φίλῳ·

277 5496 372 5557 Ὃς
400 5492 645 5548 ἐκλιπὼν
680 5492 805 5567 πρὶν
840 5487 1119 5566 διατριϐὰς
1148 5491 1402 5548 Αὐσόνων

284 5582 482 5658 Σχὲσιν
518 5583 788 5658 ὁμογνίου
818 5603 875 5636 τε
903 5580 992 5635 καὶ
1029 5580 1299 5656 βασιλέως

114 5672 246 5729 3940
285 5674 425 5746 Πρὸς
454 5675 803 5749 Περσάνακτα
828 5672 1000 5749 φυγὰς
1032 5670 1273 5741 ἐκλυπὴς
1312 5671 1518 5747 τρέχεν

1764 513 1815 575 Α
1847 504 1937 558 cui
1969 504 2103 574 quia
2131 505 2388 559 confisus
2418 504 2601 557 victor
2631 501 2947 557 exstiterat.

1845 608 2003 647 nunc
2032 609 2134 648 ceu
2169 592 2303 648 belli
2336 592 2502 649 sociis
2535 595 2593 647 et
2626 589 2892 646 auxiliari

1846 682 2253 736 convenientes
2285 683 2566 737 reddebat
2596 685 2830 752 grates;

1848 770 2180 839 praecedens
2213 771 2335 841 ipse
2367 787 2499 824 cum
2535 775 2652 823 toto
2688 772 2894 823 senatu

1849 859 2135 927 pedester,
2170 873 2463 930 sceptrum
2498 865 2735 929 gestans
2767 855 3140 911 cruciferum.

1847 949 1949 1000 Sed
1985 947 2139 1001 brevi
2168 948 2322 1001 domi
2360 954 2619 1017 tempore
2652 945 3013 1017 permansit;

1851 1052 2176 1106 rursusque
2208 1038 2277 1090 ad
2314 1036 2531 1090 bellum
2569 1053 2662 1089 rex
2698 1033 2970 1088 amabilis

1848 1126 2141 1195 profectus
2174 1125 2421 1195 impigre
2454 1140 2585 1178 cum
2619 1124 2811 1177 valido
2843 1121 3094 1177 exercitu

1851 1213 2007 1267 venit
2034 1214 2442 1267 Castamonem
2474 1218 2675 1267 contra
2703 1210 3175 1278 Tanismanium,

1853 1300 1952 1371 qui
1986 1302 2101 1355 dux
2129 1302 2389 1356 delectus
2422 1319 2450 1355 a
2486 1299 2872 1355 Persameniis

1854 1391 2187 1459 praedictam
2223 1392 2425 1446 urbem
2460 1393 2917 1463 eXpugnaverat,

1852 1478 2045 1547 gladio
2078 1479 2407 1533 Romanum
2442 1480 2667 1533 candens
2701 1477 3063 1549 praesidium.

1852 1568 2011 1622 Hanc
2044 1584 2179 1639 ergo
2210 1570 2403 1623 Caesar
2435 1568 2815 1639 recuperavit.

1856 1657 2105 1729 Insuper
2135 1658 2366 1729 Gangra
2400 1663 2681 1728 occupata
2714 1657 2875 1721 urbe,

1854 1747 2051 1817 ibique
2084 1748 2377 1818 impositis
2410 1747 2663 1818 praesidii
2690 1763 2865 1799 causa

1854 1836 1923 1889 de
1959 1840 2156 1891 nostro
2188 1837 2442 1891 exercitu
2478 1836 2568 1890 bis
2600 1836 2757 1889 mille
2791 1833 3055 1898 armatis,

1854 1925 2079 1978 cunctis
2111 1925 2353 1995 pacatis,
2389 1923 2730 1997 Byzantium
2766 1922 2958 1977 rediit.

1854 2016 2124 2067 Attamen
2157 2014 2407 2068 breviter
2438 2014 2531 2067 hic
2564 2017 2981 2074 commoratus,

1854 2102 2147 2173 protectus
2179 2107 2267 2158 est
2298 2119 2429 2157 cum
2466 2102 2687 2174 ingenti
2718 2101 3031 2167 excercitu,

1854 2192 2225 2261 imperitante
2255 2193 2529 2247 Armenis
2564 2198 2815 2258 Levuno,

1854 2287 2199 2352 nostrasque
2233 2282 2405 2337 urbes
2440 2282 2675 2336 damnis
2708 2280 3021 2335 afﬁciente.

1852 2369 2001 2440 Ergo
2035 2386 2383 2441 progressus
2416 2370 2474 2424 in
2515 2367 3066 2429 Armeno-Ciliciam

1854 2458 2216 2529 splendidam
2251 2459 2454 2513 urbem
2490 2460 2792 2531 occupavit
2823 2458 3098 2525 Tarsum,

1853 2547 2059 2601 Bacam
2091 2553 2146 2602 et
2179 2549 2431 2603 Adanem
2466 2548 2676 2619 peritia
2706 2546 2935 2601 bellica.

1852 2636 1979 2690 Mox
2006 2637 2336 2692 Anazabum
2373 2654 2603 2692 summa
2634 2637 2685 2691 vi
2718 2634 3090 2706 expugnavit,

1854 2729 1910 2779 et
1938 2724 2245 2780 Coloneam
2280 2732 2335 2782 et
2367 2726 2715 2794 Periclytum
2750 2725 2941 2779 urbes.

1855 2815 2140 2870 Proximis
2172 2832 2403 2886 quoque
2436 2816 2765 2886 subjugatis
2799 2813 3052 2885 oppidis,

1858 2920 1989 2957 cum
2026 2904 2270 2959 munitis
2303 2904 2557 2959 castellis
2589 2903 2933 2974 cunctisque
2966 2901 3149 2973 pagis,

1856 2992 2015 3047 venit
2048 2993 2105 3046 in
2138 2993 2313 3064 Syriae
2348 3010 2534 3064 usque
2567 2992 2834 3063 regiones

1861 3086 2036 3152 atque
2066 3082 2412 3137 Antochiam
2448 3084 2647 3138 urbem
2677 3081 3025 3152 ingreditur,

1864 3170 2196 3227 Raimundo
2229 3172 2492 3243 principe
2522 3187 2656 3226 cum
2685 3174 2894 3225 cuncto
2922 3167 3135 3240 populo

1867 3260 2020 3313 hunc
2053 3260 2374 3332 excipiente
2406 3260 2601 3316 studio
2634 3258 2873 3330 proclivi

1866 3348 2143 3419 omnique
2176 3349 2369 3404 debito
2402 3366 2535 3403 cum
2571 3348 2809 3403 honore.

1868 3438 1928 3491 In
1961 3436 2068 3492 hac
2103 3438 2399 3511 paulisper
2431 3440 2769 3493 demoratus
2804 3437 2946 3491 urbe

1867 3544 1999 3581 cum
2038 3528 2149 3583 sibi
2183 3528 2497 3583 obnoxium
2540 3528 2828 3583 effecisset
2860 3524 3184 3598 principem

1866 3632 2120 3686 cumque
2145 3634 2211 3673 eo
2242 3617 2541 3689 Tripoleos
2575 3618 2752 3672 etiam
2786 3616 3114 3683 dominum,

1866 3721 1966 3760 rex
1996 3707 2291 3777 gratiosus
2322 3724 2668 3779 progressus
2699 3705 2947 3761 ulterius

1868 3795 1938 3849 ad
1969 3796 2385 3867 Euphratesias
2419 3795 2710 3852 festinavit
2742 3796 2934 3862 urbes,

1868 3900 2015 3953 quas
2050 3886 2293 3956 Agareni
2322 3890 2525 3941 contra
2560 3886 2645 3939 fas
2678 3885 2977 3940 tenebant.

1866 3974 1946 4027 Ex
1980 3973 2068 4029 bis
2101 3975 2435 4046 perdomuit
2471 3974 2762 4028 machinis
2794 3978 2848 4027 et
2880 3971 3061 4026 armis

1868 4060 2071 4130 Pezan,
2106 4062 2341 4135 Caleph,
2375 4063 2658 4127 Nistrion,
2693 4061 3053 4132 Carpharan,
3082 4059 3326 4131 Pberep.

1866 4154 1949 4205 Ex
1975 4150 2106 4207 aliis
2140 4155 2334 4207 autem
2371 4152 2617 4207 urbibus
2650 4148 2893 4206 donaria
2925 4149 3075 4204 mira

1868 4241 2171 4311 multaque
2203 4241 2423 4309 retulit,
2458 4257 2744 4313 gemmas,
2779 4239 3150 4310 margaritas,

1869 4346 2139 4399 magnam
2173 4330 2292 4385 vim
2325 4330 2474 4398 auri,
2510 4331 2834 4401 prazdaeque
2867 4326 3193 4397 cumulum,

1866 4417 2185 4491 lychnitem
2223 4436 2455 4491 quoque
2488 4421 2579 4475 cui
2619 4436 2757 4474 crux
2788 4420 3077 4489 impressa
3112 4421 3257 4482 erat,

1867 4525 1986 4563 rem
2022 4509 2227 4564 miram
2262 4515 2318 4565 et
2349 4511 2699 4580 stupendam
2734 4512 2909 4578 atque
2940 4506 3238 4561 insolitam
3274 4523 3286 4560 :

1788 4593 1838 4654 D
1868 4597 2110 4669 insuper
2153 4615 2416 4654 mensam
2455 4598 2638 4654 multo
2669 4596 3217 4669 splendidissimum

1869 4686 2228 4743 elaboratam
2260 4692 2382 4743 arte
2409 4686 2773 4752 inimitabili,

1871 4776 2337 4848 pretiosissimam
2372 4793 2606 4832 auream
2640 4776 2996 4847 variegatam
3034 4792 3046 4829 :

1872 4883 1995 4936 quae
2027 4870 2232 4921 cuncta
2268 4872 2448 4922 Persas
2481 4867 2777 4937 quondam
2812 4865 3204 4935 diripuerant,

1872 4971 2002 5010 cum
2038 4956 2432 5028 captivassent
2462 4959 2744 5011 Caesarem
2777 4955 3117 5027 Diogenem.

1870 5045 1955 5099 Ad
1988 5046 2192 5102 urbem
2230 5050 2428 5101 autem
2462 5045 2636 5101 rediit
2664 5044 2921 5100 Joannes

1872 5133 2096 5190 habens
2118 5151 2464 5207 germanum
2498 5150 2629 5189 cum
2665 5138 2876 5205 nepote
2910 5148 3128 5188 secum.

1875 5226 2466 5291 sebastocratoreum,
2501 5226 2652 5292 dico,
2687 5224 2912 5296 pridem
2947 5223 3286 5295 profugum,

1874 5319 2013 5370 tunc
2042 5332 2175 5370 vero
2208 5321 2477 5370 amanter
2507 5318 2693 5370 semet
2723 5312 3158 5385 permittentem

1875 5404 1994 5476 regi
2027 5404 2239 5460 Joanni
2272 5404 2598 5476 peramanti
2632 5404 2819 5458 fratri.

1876 5494 1977 5549 Hic
2010 5494 2304 5550 derelictis
2338 5493 2619 5550 Romanis
2651 5493 2892 5559 finibus,

1874 5588 2185 5656 spretoque
2220 5584 2428 5639 affectu
2462 5583 2660 5639 fratris
2692 5586 2865 5653 atque
2898 5581 3153 5647 caasaris,

1873 5675 1943 5729 ad
1977 5679 2211 5732 Persam
2248 5690 2440 5746 regem
2477 5677 2665 5728 tactus
2694 5672 2892 5727 dolore
2926 5672 3153 5744 fugerat
3188 5687 3199 5724 :

3384 367 3486 421 154
