4208 6430
174 389 270 442 157

336 517 444 580 Τῆς
471 520 770 583 Λατινικῆς
801 514 1106 591 δυσαχθοῦς
1136 516 1479 592 τυραννίδος,

169 601 304 654 4000
345 601 443 653 Καὶ
472 599 624 668 τήνδ’
661 603 853 657 ὲνῶσαι
886 608 953 676 τῇ
985 604 1144 660 πόλει
1180 605 1612 678 Κωνσταντίνου,

337 690 563 744 Ἔπειτα
597 692 737 744 Σιὼν
770 692 1052 766 ἀφικέσθαι
1088 696 1224 767 πρὸς
1260 693 1446 766 πόλιν,

337 780 434 831 Καὶ
471 778 791 854 φιλοτίμοις
824 779 1087 849 ἀναδῆσαι
1122 785 1210 837 καὶ
1244 785 1414 854 ξένοις

341 871 574 938 Δώροις,
607 869 915 942 ἀναθήμασι
948 873 1220 926 Δεσπότου
1254 874 1440 948 τάφον,

339 958 417 1012 Τὸ
450 955 494 1011 δ’
525 957 576 1012 ἐν
609 958 800 1031 κύκλῳ
831 966 934 1014 πᾶν
965 960 1297 1036 βαρϐαρικὸν
1326 969 1574 1036 καθᾶραι.

165 1047 295 1100 4005
337 1046 548 1100 Οὐκοῦν
579 1045 807 1109 ἐπιστάς
845 1052 1171 1125 Ἀντιοχέων
1205 1051 1364 1105 πόλει

335 1137 546 1207 Ταύτης
575 1136 765 1211 ἐδῄου,
792 1140 1066 1214 κατέκειρε
1096 1143 1163 1194 τὰ
1194 1143 1346 1215 πέριξ
1377 1157 1388 1170 ⁸

337 1228 488 1280 Ἐπεὶ
519 1225 576 1282 δὲ
609 1230 660 1282 οἱ
692 1228 972 1303 πρόθυμον
1005 1231 1067 1284 οὐ
1100 1232 1219 1285 κατ’
1252 1229 1479 1292 ἐλπίδας

339 1311 651 1388 Συμϐαῖνον
687 1317 987 1388 ἐσκόπησεν
1021 1320 1286 1393 ἀγχίνους
1321 1321 1440 1392 ἄναξ

338 1405 483 1478 Ηρὸς
519 1405 761 1461 Κιλίκων
799 1407 976 1462 ἄπεισι
1010 1410 1305 1483 πανστρατὶ
1345 1417 1480 1482 μιρη
1517 1429 1529 1442 ⁶

165 1494 299 1548 toto
347 1490 766 1562 Ἐνσκηνοϐατεῖ
797 1494 841 1549 δ’
874 1496 923 1550 ἐν
961 1496 1303 1573 φαραγγώδει
1335 1499 1506 1569 τόπῳ,

340 1584 508 1636 Ἔνθα
536 1585 806 1656 Κοράκων
839 1584 1046 1662 φωλεοὶ
1078 1585 1275 1653 κλῆσις
1306 1587 1478 1657 τόπῳ,

345 1671 448 1726 Καὶ
479 1674 614 1745 πρὸς
645 1674 968 1746 κυνηγέσιον
1001 1675 1144 1746 ὁρμᾷ
1183 1677 1300 1728 κατ’
1333 1674 1450 1738 ἔθος
1485 1697 1495 1706 ·

344 1761 446 1814 Eoi;
478 1757 524 1814 δ’
559 1761 767 1830 ὑπαντᾷ
798 1762 933 1816 κατά
967 1761 1192 1836 λόχμην
1227 1763 1419 1838 ἀγρίῳ,

341 1851 445 1904 Καὶ
476 1847 632 1904 τόνδε
663 1856 743 1922 τῷ
775 1849 958 1924 δόρατι
993 1853 1222 1921 πλήττει
1256 1854 1467 1927 καιρίαν
1506 1873 1518 1884 ·

169 1940 304 1994 4015
342 1942 427 2010 Τῇ
457 1936 504 1991 δ’
533 1941 825 2013 ἀντερείσει
857 1945 954 1995 τοῦ
987 1943 1112 2002 συὸς
1144 1943 1393 2013 καμοῦσά
1424 1964 1539 2004 πως

333 2028 646 2103 Δορυφόρος
681 2029 806 2103 χεὶρ
836 2029 1164 2090 αὐτάνακτος
1199 2029 1482 2093 δεσπότου,

333 2116 434 2174 Καὶ
467 2119 865 2191 παρενεχθεῖσα
894 2139 946 2170 τι
981 2120 1174 2193 μικρὸν
1204 2121 1400 2181 εὐθέως
1431 2123 1543 2192 (51)

331 2209 446 2273 Τῆς
479 2206 622 2280 παρα
660 2205 892 2280 πλευρὸν
922 2208 1226 2280 παραψαῦει
1261 2210 1546 2283 φαρέτρας,

334 2296 583 2371 Ἰοτρόφα
613 2294 851 2368 βέλεμνα
885 2301 1065 2370 θηρῶν
1101 2296 1174 2358 εἷς
1206 2298 1367 2374 φόνον

161 2385 297 2438 4020
337 2381 530 2439 Ἔνδον
567 2383 837 2460 φερούσης
874 2405 885 2416 ·
916 2384 1005 2438 καὶ
1036 2387 1316 2460 χυθὲντων
1345 2388 1645 2461 ἀτράκτων,

333 2475 424 2533 Εἷς
453 2470 627 2526 τῶνδε
659 2474 789 2548 φεῦῐ
823 2470 1026 2545 ἔπληξε
1054 2475 1322 2548 κράτορος
1357 2477 1493 2549 χέρα

333 2563 434 2616 Καὶ
459 2563 727 2636 φθαρτικὴ
764 2562 991 2634 δύναμις
1025 2566 1057 2630 ἡ
1090 2569 1185 2617 τοῦ
1227 2565 1515 2639 φαρμάκου

328 2649 474 2706 Κατά
501 2671 560 2724 γε
596 2653 789 2724 μικρὸν
825 2651 1119 2727 ἀπονεκροῖ
1149 2654 1237 2706 καὶ
1272 2654 1442 2730 φθίνει

329 2742 569 2795 Ἄνακτα
600 2741 767 2806 Θεῖον,
796 2741 1140 2814 τρισαριστὲα
1178 2743 1365 2816 μέγαν,

148 2833 281 2886 4025
321 2829 426 2884 Καὶ
460 2828 768 2883 συνελαύνει
800 2830 936 2902 πρὸς
965 2831 1026 2883 τὸ
1055 2835 1151 2884 τοῦ
1188 2831 1309 2905 βίου
1334 2833 1520 2901 πέρας.

363 2921 709 2975 ΜΑΝΟΥΗΛ
752 2920 793 2974 Ο
834 2919 1237 2976 ΚΟΜΝΗΝΟΣ
1280 2924 1390 2978 ΕΤ.
1439 2929 1563 2978 ΛΗ.

320 3009 454 3081 Πρὶν
489 3009 521 3076 ἢ
552 3004 608 3060 δὲ
641 3009 812 3060 θανεῖν
850 3008 1111 3078 Μανουήλ
1149 3009 1375 3084 βασιλέα

322 3099 584 3150 Ὕστατον
616 3097 730 3149 υἱὸν
762 3103 1204 3171 συνομαρτοῠντα
1233 3099 1432 3172 στέφει,

324 3185 427 3242 Καὶ
460 3185 702 3258 κράτορα
735 3182 969 3240 δείκνυσι
996 3194 1096 3254 τῆς
1124 3186 1452 3260 Ῥωμαίδος.

325 3274 626 3348 Στράτευμ’
659 3273 747 3328 ἇπὶ
775 3275 993 3337 τούτοις
1030 3275 1084 3330 δὲ
1115 3278 1403 3349 Ῥωμαίων
1440 3281 1574 3333 ἅπαν

152 3365 285 3419 4030
327 3363 432 3417 Σὺν
460 3369 576 3424 τοῖς
610 3370 898 3439 στατηγοῖς
931 3365 1019 3418 καὶ
1045 3366 1312 3440 λοχαγοῖς
1341 3370 1635 3441 ταγμάτων

330 3455 578 3509 Ἀνεῖπον
611 3452 769 3506 αὐτὸν
806 3452 1168 3529 Αὖσονάρχην
1203 3456 1474 3528 ἀσμένως.

319 3543 526 3596 ’Έπειτ’
558 3540 869 3613 ἐπανὲζευξε
899 3545 1034 3614 πρὸς
1066 3543 1378 3612 Βυζαντίδα

320 3630 468 3683 Μετά
495 3635 750 3702 στρατιᾶς
778 3630 1040 3698 Μανουήλ
1073 3628 1193 3703 ἅναξ
1230 3633 1370 3701 νέος,

323 3717 702 3791 ’Δνακομίζων
736 3717 824 3772 καὶ
856 3719 1057 3793 πατρὸς
1083 3721 1233 3773 ναυσὶ
1264 3721 1438 3778 νέκυν.

152 3810 284 3864 4035
329 3808 430 3863 Καὶ
461 3801 784 3862 καταλαϐὼν
815 3808 914 3875 τήν
950 3807 1205 3882 βασιλίδα
1230 3807 1392 3865 πόλιν

326 3895 624 3965 Βασιλικῆς
655 3890 816 3971 ἔτυχε
844 3903 943 3964 τῆς
977 3896 1266 3974 εὐφημίας,

325 3990 548 4059 Πρῶτον
585 3984 890 4039 σταλέντων
924 3987 1012 4040 καὶ
1045 3991 1564 4062 προηυτρεπικότων

320 4077 435 4144 Τὴν
470 4071 682 4129 εἶ’σοδον
705 4073 976 4130 κάλλιστα
1004 4077 1101 4144 τήν
1133 4076 1208 4138 είς
1238 4080 1336 4147 τήν
1368 4079 1530 4135 πόλιν

317 4163 518 4238 Ἀξοὺχ
551 4162 789 4236 μεγάλου
818 4166 915 4232 τὴν
949 4166 1115 4236 τιμὴν
1150 4163 1498 4238 δομεστίκου,

145 4257 280 4309 4040
321 4253 420 4309 Καὶ
462 4253 744 4328 βασιλείου
773 4251 1141 4324 Τζιτζιλοόκη
1170 4255 1476 4328 τούπίκλην
1511 4277 1524 4292 ⁶

317 4340 475 4410 Ηλῆν
506 4343 579 4402 ὡς
609 4339 741 4416 ἔφην
771 4344 885 4413 (52)
907 4343 1041 4419 φθὰς
1074 4345 1338 4415 Μανουὴλ
1370 4347 1536 4403 πόλιν
1564 4348 1792 4425 κράτους

320 4433 453 4504 Παρ⁹
485 4430 787 4505 ἀρχιθῦτου
816 4436 1114 4485 ταινιοῦται
1146 4434 1260 4488 κατ’
1293 4432 1435 4506 ἔθος,

316 4519 419 4577 Καὶ
452 4526 614 4574 πᾶσιν
641 4519 825 4581 ἀστοῖς
858 4518 1219 4595 προσδέδεκτο
1251 4525 1578 4601 προφρόνως

317 4608 694 4684 Διαγορευθείς
730 4609 988 4683 βασιλεὺς
1018 4610 1370 4687 αὐτοκράτωρ
1408 4634 1418 4646 ο

141 4703 274 4756 4045
312 4698 544 4760 Νεανίας
575 4695 646 4750 ὢν
681 4698 898 4763 ἀρεϊκὸς
930 4697 980 4752 ἓν
1019 4702 1249 4776 μάχαις,

310 4785 637 4856 Κάλλιστος,
669 4783 824 4854 ἡδὺς,
859 4788 1094 4860 εὐμενὴς
1129 4789 1417 4858 ὑπηκόοις,

311 4880 445 4937 Τοῖς
473 4881 634 4930 πᾶσιν
664 4874 924 4937 ἀσπάσιος
957 4877 1030 4937 ὡς
1061 4877 1419 4956 μεγαλόφρων
1451 4898 1464 4910 ⁸

313 4967 456 5039 Ηρὸς
491 4961 537 5018 δ’
562 4962 625 5018 αὖ
658 4967 956 5042 φρενήρης,
990 4966 1222 5041 χαρίεις,
1250 4968 1586 5042 πεφιλμένος

308 5057 430 5110 Τῶν
465 5051 783 5125 δημοτικῶν
815 5051 1069 5130 ἐντριϐής
1101 5078 1161 5132 γε
1187 5061 1552 5132 πραγμάτων,

137 5147 270 5202 4050
308 5148 382 5217 Τῇ
413 5147 511 5198 τοῦ
541 5143 840 5218 προσώπου
871 5144 1118 5218 καλλονῇ
1150 5148 1499 5220 κεκασμένος,

311 5233 416 5289 Καὶ
447 5237 577 5287 πᾶσι
609 5230 802 5296 καλοῖς
831 5232 1127 5308 ἐμπρέπων
1164 5233 1439 5302 θεοδότοις
1469 5241 1603 5312 (53),

307 5322 498 5396 Ῥώμῃ
527 5343 586 5376 τε
612 5325 710 5375 τοῦ
741 5322 1020 5396 σώματος,
1055 5322 1208 5394 εἷ’δει,
1242 5327 1470 5399 συνέσει,

308 5416 509 5489 Ψυχῆς
538 5413 928 5487 παραστήματι
954 5412 1347 5490 φιλοκινδῦνῳ,

309 5504 558 5567 Ἰθυτενεῖ
582 5503 830 5576 σχήματι
853 5509 953 5574 τῆς
985 5502 1232 5578 ἡλικίας,

230 5631 321 5699 51)
347 5629 487 5687 Cod.
521 5627 728 5699 εὐθέος.

230 5631 321 5699 51)
347 5631 487 5687 Cod.
521 5631 707 5690 εὐθέος

210 5631 318 5774 ί52)
346 5700 487 5760 Cod.
521 5695 712 5776 ἔφθην.

1690 397 2055 450 ΟΒΒΑΚΒΒ.

1845 519 1895 584 Α
1928 525 2201 588 praestare
2231 521 2497 592 liberam,
2533 525 2707 594 atque
2733 519 3100 576 Constantini

1930 607 2058 661 urbi
2091 609 2357 664 devotam
2384 627 2590 665 rursus
2624 610 2950 665 restituere.

1930 694 2065 750 Dein
2109 698 2339 753 Sionem
2375 700 2668 770 cogitabat
2701 699 2970 753 accedere

1926 787 1988 836 ut
2021 786 2292 853 pretiosis
2318 804 2558 857 prorsus
2581 792 2636 840 et
2669 787 2919 841 insolitis

1923 872 2136 928 Christi
2169 875 2502 946 sepulcrum
2529 877 2697 930 donis
2729 878 3054 940 exornaret,

1923 968 2280 1034 cunctosque
2301 964 2583 1018 Barbaros
2615 964 2841 1018 accolas
2873 965 3107 1017 deleret.

1927 1049 2126 1120 Itaque
2157 1068 2466 1124 aggressus
2497 1052 2863 1107 Antiochiam
2899 1052 3102 1105 urbem

1927 1141 2102 1208 hujus
2131 1143 2398 1197 vastabat
2429 1142 2612 1196 milite
2643 1141 2912 1196 viciniam
2947 1159 2958 1195 :

1926 1230 2121 1284 tamen
2155 1247 2288 1286 cum
2319 1236 2517 1286 votum
2541 1232 2650 1286 sibi
2685 1247 2796 1285 non
2833 1231 3144 1286 succedere

1925 1336 2021 1374 rex
2054 1321 2311 1390 prudens
2344 1320 2548 1386 sensit,
2583 1325 2738 1374 moto
2771 1319 2904 1372 hinc
2931 1321 3187 1374 exercitu

1925 1409 2370 1466 transtulitsese
2390 1409 2632 1463 Cilicum
2664 1409 2721 1462 in
2756 1413 2962 1462 terras.

1927 1498 2009 1552 Ibi
2039 1499 2094 1552 in
2125 1497 2339 1553 silvoso
2368 1503 2775 1568 presruptoque
2809 1497 2956 1562 loco,

1924 1589 2074 1657 quod
2107 1587 2280 1657 vulgo
2313 1588 2526 1642 dicitur
2557 1587 2867 1642 Corvorum
2903 1585 3241 1656 latibulum,

1923 1677 2115 1731 Caesar
2144 1681 2417 1730 venatum
2449 1677 2519 1731 de
2544 1693 2700 1730 more
2733 1675 3027 1746 profectus

1923 1767 2156 1821 obvium
2183 1764 2388 1820 habuit
2418 1766 2475 1819 in
2508 1767 2746 1819 dumeto
2777 1781 3005 1837 aprum,

1847 1883 1892 1948 Β
1925 1870 2098 1925 quem
2130 1853 2300 1907 hasta
2332 1853 2529 1907 statim
2565 1854 2813 1923 perculit
2845 1851 3170 1907 lethaliter:

1924 1957 2123 1995 verum
2157 1940 2385 2009 objectu
2419 1940 2746 1994 resistentis
2777 1942 2901 2010 apri

1923 2034 2148 2084 armata
2171 2045 2380 2082 manus
2406 2027 2648 2082 Caesaris
2682 2043 2971 2100 repressa,

1921 2121 2188 2188 retroque
2214 2116 2325 2171 cito
2357 2118 2557 2170 cedere
2589 2121 2784 2170 coacta

1919 2207 2235 2262 haerentem
2269 2206 2437 2261 lateri
2466 2206 2655 2277 tetigit
2700 2206 3058 2276 pharetram,

1918 2311 2044 2366 quae
2077 2301 2358 2351 venenata
2387 2295 2445 2349 in
2478 2295 2730 2349 ferarum
2766 2296 3080 2366 perniciem

1926 2384 2038 2440 tela
2064 2386 2336 2456 gestabat
2367 2383 2496 2438 :his
2529 2389 2762 2454 repente
2795 2385 3016 2450 eIYusis,

1916 2489 2100 2528 unum
2134 2473 2277 2544 prob
2310 2472 2510 2527 dolorl
2549 2473 2790 2527 Cesaris
2820 2474 2943 2527 tixit
2975 2488 3251 2541 manum;

1915 2578 2166 2633 moxque
2199 2561 2404 2616 veneni
2434 2561 2519 2616 vis
2550 2561 2863 2616 exitiabilis

1914 2655 2132 2708 sensim
2160 2655 2470 2709 dimanans
2505 2653 2882 2724 membraque
2912 2670 3316 2726 corrumpens,

1915 2757 2109 2812 regem
2138 2741 2401 2797 divinum
2431 2741 2815 2796 victoriosum
2849 2757 3131 2812 magnum

1913 2829 2042 2884 vitis
2076 2830 2338 2885 mortalis
2369 2829 2552 2900 adigit
2585 2830 2652 2883 ad
2688 2830 3032 2885 terminum.

2056 2917 2351 2972 MANUEL
2380 2917 2764 2973 COMNENUS
2798 2918 2910 2975 ΑΝ.
2943 2917 3248 2975 XXXVIII.

1912 3006 2241 3061 Manuelem
2274 3006 2527 3062 moriens
2558 3013 2722 3077 pater
2753 3007 2938 3062 edixit
2968 3023 3163 3077 regem

1912 3095 2226 3150 minimum
2267 3100 2406 3150 natu
2439 3095 2624 3151 lilium
2654 3101 3002 3167 praesentem
3034 3095 3165 3163 sibi,

1913 3189 2087 3255 atque
2120 3184 2256 3240 huic
2278 3188 2605 3240 Romanum
2639 3185 2881 3240 tradidit
2907 3186 3243 3257 imperium.

1831 3251 1873 3318 θ
1911 3281 2070 3333 Tunc
2101 3278 2273 3333 etiam
2302 3282 2549 3333 cunctus
2580 3278 2872 3334 Romanus
2916 3280 3202 3334 exercitus

1911 3383 2044 3421 cum
2078 3367 2328 3422 ducibus
2358 3375 2411 3422 et
2440 3367 2717 3422 ordinum
2750 3367 3191 3423 centurionibus

1911 3458 2106 3527 ipsum
2137 3457 2390 3512 libenter
2419 3457 2699 3512 salutavit
2747 3473 2960 3530 regem.

1909 3544 2052 3600 Dein
2083 3545 2332 3617 perrexit
2359 3546 2442 3600 ire
2474 3545 2811 3616 Byzantium

1909 3633 2138 3691 Manuel
2172 3651 2306 3690 cum
2341 3634 2523 3706 copiis
2556 3635 2875 3706 imperator
2907 3651 3110 3707 novus,

1911 3725 2093 3796 patris
2126 3726 2424 3780 adducens
2457 3741 2601 3780 nave
2631 3725 2897 3780 cadaver.

1908 3814 2172 3886 Cumque
2202 3815 2273 3870 ad
2308 3813 2559 3885 regalem
2581 3816 2938 3885 pervenisset
2967 3816 3196 3886 urbem,

1908 3901 2138 3973 plausu,
2173 3902 2274 3974 qui
2306 3902 2470 3958 decet
2501 3918 2714 3973 regem,
2748 3907 2838 3957 est
2868 3907 3142 3974 exceptus
3179 3924 3193 3972 ;

1907 3992 2228 4063 praemissis
2277 3991 2497 4047 scilicet
2519 3994 2618 4063 qui
2651 3997 2806 4048 recto
2835 3992 3037 4048 ordine

1907 4082 2070 4137 urbis
2099 4082 2428 4151 ingressum
2461 4081 2582 4152 regi
2605 4086 2976 4152 appararent,

1907 4169 2133 4225 Azucho
2164 4185 2375 4239 magno
2399 4169 2457 4223 in
2491 4168 2628 4224 aula
2659 4169 2980 4225 domestico

1905 4262 1962 4313 et
1990 4257 2204 4314 Basilio
2235 4257 2388 4313 dicto
2417 4257 2746 4313 Tzitziluca.

1903 4352 2212 4419 Ingressus
2243 4351 2440 4402 autem
2472 4346 2702 4402 Manuel
2737 4346 3109 4419 metropolim

1905 4452 1938 4491 a
1960 4434 2292 4508 patriarcha
2323 4434 2431 4490 rite
2456 4440 2792 4503 coronatur,

1904 4522 2247 4596 cunctisque
2279 4541 2311 4578 a
2339 4523 2564 4578 civibus
2596 4522 2825 4579 volente
2883 4525 3082 4581 animo

1818 4626 1869 4690 Β
1899 4631 1997 4669 rex
2027 4604 2319 4670 salutatur
2345 4616 2519 4682 atque
2550 4611 2889 4682 imperator.

1899 4704 2034 4760 Erat
2063 4703 2158 4758 hic
2187 4700 2417 4773 juvenis
2449 4706 2728 4758 strenuus
2759 4702 2820 4758 in
2851 4703 3088 4775 praliis,

1897 4793 2180 4866 Egregius
2206 4807 2656 4863 usquequaque,
2694 4792 2876 4858 mitis,
2908 4793 3081 4859 lenis,

1897 4885 2123 4940 cunctis
2155 4888 2450 4955 acceptus,
2486 4887 2688 4954 utpote
2739 4885 3176 4955 magnanimus,

1896 4974 2170 5030 cordatus
2192 4973 2453 5044 insuper,
2487 4970 2744 5043 elegans,
2768 4973 3062 5042 amabilis,

1894 5068 1951 5120 et
1980 5063 2341 5136 publicorum
2365 5063 2625 5134 prudens
2657 5063 3047 5134 negotiorum,

1892 5153 2092 5208 vultus
2125 5152 2344 5225 insigni
2375 5157 2678 5207 venustate
2701 5153 3004 5225 praeditus,

1895 5247 2066 5312 atque
2097 5241 2310 5297 divinis
2339 5240 2507 5296 donis
2537 5240 3014 5313 ﬂorentissimus,

1893 5332 2154 5404 corporis
2188 5333 2414 5398 robore,
2440 5331 2646 5399 forma,
2681 5331 2986 5403 sapientia,

1892 5425 2160 5494 prompto
2189 5421 2260 5476 ad
2293 5420 2552 5492 pericula
2582 5421 2892 5478 subeunda
2934 5425 3151 5494 animo,

1889 5519 2125 5570 artuum
2148 5529 2386 5585 procero
2421 5529 2526 5584 pro
2555 5516 2724 5568 astate
2756 5513 2982 5586 habitu,

1960 5641 2071 5712 (53)
2105 5639 2244 5697 Cod.
2277 5634 2605 5708 θεοσδότοις,
2641 5643 2704 5695 ut
2725 5655 2778 5698 v.
2823 5642 2983 5698 3721.

3471 395 3570 448 458
