4208 6430
176 373 248 429 161

318 492 424 547 Σὺν
456 494 527 564 τῇ
560 490 784 564 στρατιᾷ
812 484 904 541 καὶ
935 482 1046 554 λεῲ
1075 478 1334 549 κατηκόῳ

170 585 283 640 4115
324 577 512 649 Μηδὶν
544 576 869 650 νεοχμώσας
898 593 949 627 τι
981 570 1088 625 τῶν
1125 567 1491 641 συγκειμένων
1522 584 1535 598 ·

322 672 443 745 Ἀφ’
478 669 538 723 οὗ
568 688 629 741 γε
659 664 908 739 πορθμὸν
944 659 1332 745 έκπεράσαντες
1364 655 1535 745 τάχος

320 744 554 814 ’Ἡνυτον
576 755 750 809 αὐτῶν
782 752 873 806 τὸν
909 748 1264 823 προκείμενον
1293 744 1520 818 δρόμον.

324 850 390 904 Ὀ
422 844 467 900 δ’
495 843 868 917 αὐτοκράτωρ.
900 838 1169 912 κεκρικὼς
1204 836 1334 890 εἶναι
1369 830 1485 887 δέον

332 937 413 991 Δι’
446 934 783 1009 ὑγροχὲρσου
818 931 927 999 (54)
961 930 1212 1000 στρατιᾶς
1247 920 1536 998 ῥωμαλέας

178 1030 295 1085 1120
336 1025 782 1096 Ἐπιστρατεῡσαι
810 1021 879 1090 τῇ
912 1012 1260 1088 Κερκυραίων
1292 1012 1448 1085 ἄκρᾳ,

331 1116 425 1167 Ἐκ
462 1108 695 1173 Σικελῆς
723 1106 1051 1182 προσφάτως
1081 1100 1379 1174 ναυαρχίας

334 1200 641 1271 ἰ’ποστάσῃ
674 1195 944 1270 πόρθησιν
974 1192 1025 1262 ἐξ
1057 1186 1341 1258 ἀϐουλίας,

327 1290 473 1362 Πρὸς
500 1288 647 1343 τοῦτ’
678 1281 1040 1358 ἀπησχόλητο
1073 1279 1261 1339 νυκτὸς
1297 1276 1506 1351 ἡμέρας
1542 1293 1555 1306 ·

327 1378 434 1435 Καὶ
466 1374 757 1434 συναλίσας
790 1372 1041 1443 στρατιὰν
1074 1366 1411 1440 πανταχόθεν

173 1472 291 1526 4123
334 1468 683 1540 Φρίσσουσαν
716 1461 949 1535 αἰχμαῖς
984 1458 1347 1530 μυριάριθμον
1382 1454 1558 1523 ξένην,

334 1554 632 1611 Χιλιόναυν
663 1550 857 1605 στόλον
888 1569 947 1603 τε
977 1548 1113 1620 πρὸς
1139 1550 1261 1606 τοῖς
1291 1541 1335 1597 δ’
1367 1540 1595 1602 ὁπλίτας

334 1643 479 1716 Πρὸς
510 1648 673 1709 νῆσον
709 1637 1021 1710 ἐστράτευσε
1047 1635 1146 1700 τὴν
1176 1636 1286 1686 τῶν
1318 1632 1594 1693 Φαιάκων,

338 1733 439 1786 Καὶ
471 1726 592 1801 τῇδ’
624 1728 812 1804 ἐφιστᾷ
841 1726 938 1785 τας
966 1722 1222 1795 δυνάμεις
1250 1718 1534 1788 κυκλόθεν,

336 1820 441 1877 Καὶ
477 1820 802 1890 κατακρατεῖ
828 1810 993 1881 τῆσδε
1018 1811 1171 1883 λιμῷ
1200 1810 1287 1863 γαὶ
1318 1807 1410 1883 βίᾳ
1442 1827 1454 1839 ·

180 1912 301 1966 4130
340 1910 451 1964 Καὶ
475 1903 844 1980 τρισαριστεὺς
870 1900 1203 1975 Πελαγονίαν
1235 1898 1419 1975 φθάνει
1458 1916 1469 1928 ·

343 1998 461 2073 Ἀφ’
493 1998 557 2063 ἧς
588 1990 829 2048 ἐπελθὼν
863 1985 1160 2065 Τριϐαλοῖς
1190 1988 1370 2056 ὥσπερ
1405 1984 1541 2039 λέων

338 2082 586 2144 Σπονὸας
619 2079 903 2136 ὃιαλύσασι
932 2080 1025 2139 τὰς
1060 2076 1427 2152 συγκειμένας,

342 2174 442 2230 Καὶ
472 2170 786 2243 Ῥωμαϊκὰς
817 2166 1143 2240 καταδῃοῦσι
1174 2161 1385 2225 πόλεις.

343 2264 675 2337 Βρυχήματι
710 2262 842 2335 σςρᾶς
874 2254 1179 2325 κατέπληξε
1206 2254 1296 2308 καὶ
1333 2254 1481 2325 μόνῳ
1513 2270 1525 2281 ·

183 2355 308 2411 4135
350 2353 508 2407 Λείαν
544 2353 588 2413 θ’
622 2346 817 2408 ἐλάσας
845 2346 932 2401 καὶ
962 2344 1380 2421 λαφυραγωγίαν

352 2444 587 2503 Ἐκεῖθεν
623 2437 904 2509 ἀμύθητον
940 2435 1034 2506 ἅμ’
1066 2429 1441 2507 ἀνδραπόδοις,

350 2528 495 2600 Πρὸς
513 2530 612 2596 τὴν
650 2523 1040 2600 βασιλεύουσαν
1074 2519 1492 2594 ἀνθυποστρέυει
1523 2539 1534 2550 ·

352 2617 499 2675 Κάπὶ
528 2613 775 2689 τροπαίῳ
804 2612 1103 2687 προσφάτῳ
1134 2610 1219 2663 καὶ
1252 2614 1320 2682 τῇ
1350 2608 1471 2682 νίκῃ

356 2708 644 2778 Κατήγαγε
676 2696 947 2775 θρίαμϐον
976 2699 1028 2754 ἐν
1059 2698 1193 2772 μέσῃ
1226 2699 1407 2755 πόλει.

187 2801 315 2855 4140
353 2799 514 2870 ’Ἄρτι
547 2790 591 2847 δ’
624 2788 1079 2861 ὑπεκλάμποντος
1108 2788 1244 2861 ἦρος
1276 2787 1365 2841 καὶ
1396 2786 1580 2855 πάλμν,

358 2884 522 2953 Ἀναξ
554 2880 751 2951 ἐπέστη
788 2876 1122 2953 Πελαγονίας
1154 2878 1370 2947 τόποις,

356 2976 454 3029 Καὶ
490 2966 930 3047 Τριϐαλλάρχην
963 2964 1189 3042 Οὔρεσιν
1220 2967 1558 3041 κακεργάτην

357 3064 617 3119 Μέτεισεν
648 3056 799 3121 αὖθις
828 3058 965 3111 κατά
984 3055 1268 3128 Ῥωμαίων
1303 3052 1447 3109 ὅπλα

361 3155 633 3207 Κινοῦντα
662 3152 843 3208 κακῶς
878 3143 1125 3200 Παιόνων
1159 3142 1451 3218 συμμαχίᾳ
1485 3164 1495 3176 ·

187 3245 318 3299 4145
354 3242 507 3295 Ἵλατ’
532 3238 979 3311 ἀναθαρσήσαντα
1008 3234 1142 3288 κατὰ
1175 3231 1441 3301 συστάδην

356 3331 466 3397 Τὴν
499 3327 634 3400 πρὸς
664 3329 967 3399 κρατοῦντα
1001 3324 1077 3394 μὴ
1110 3329 1439 3389 κατοκνῆσαι
1479 3323 1685 3395 μάχην.

362 3418 515 3479 Τέως
552 3413 812 3490 βασιλεὺς
850 3410 1189 3483 συμπλακείς
1216 3432 1365 3489 σφισι
1403 3411 1555 3485 μάχῃ

364 3506 641 3581 Τρόπαιον
676 3504 798 3572 ἱστᾷ
825 3502 959 3556 κατὰ
993 3495 1280 3575 βαρϐάρων
1316 3498 1470 3575 μέγα.

362 3599 433 3653 ’Ὁ
461 3596 511 3649 τ’
545 3591 979 3669 Ἀρχιζουπάνος
1013 3611 1074 3665 γε
1104 3589 1299 3658 κλῆσιν
1337 3592 1612 3664 Βακχῖνος

194 3688 331 3742 4150
369 3684 541 3755 Μόνῳ
578 3683 793 3756 βασιλεῖ
822 3682 935 3735 κατ’
968 3676 1259 3754 έπιλέγδην
1297 3678 1461 3750 μόνος

366 3774 551 3847 Μέγας
578 3793 633 3825 τε
664 3772 802 3846 φυὴν
836 3770 924 3823 καὶ
962 3768 1290 3843 Βριαρόχειρ
1321 3768 1497 3843 γίγας,

366 3860 580 3921 ’Ἄλλος
612 3857 813 3914 Γολιὰο
847 3857 1150 3934 ὑπέροφρυς
1181 3854 1307 3917 τδὺς
1338 3856 1573 3931 τρόπους

362 3954 590 4007 ’Ἀνακτι
622 3943 787 4002 Δαϐίὸ
818 3946 954 4019 πρὸς
991 3948 1176 4021 μάχην
1212 3947 1520 4015 συνεπλάκη
1544 3964 1555 3977 ⁸

366 4039 467 4094 Καὶ
502 4036 606 4107 θλᾷ
637 4037 1033 4111 παραπέτασμα
1063 4033 1320 4107 σιδηροῦν
1352 4036 1583 4109 κράνους

190 4130 327 4185 4155
368 4129 448 4185 Τὸ
480 4126 586 4199 πρὸ
616 4126 916 4200 προσώπου
951 4118 1223 4198 βάρϐαρος
1249 4122 1463 4196 πλήξας
1487 4124 1627 4200 ξίφει
1654 4144 1666 4156 ·

371 4218 539 4288 Ἀναξ
573 4213 629 4270 δὲ
660 4213 901 4287 διέπειρε
934 4207 1213 4287 βαρϐάρου
1244 4213 1379 4287 χέρα

368 4309 592 4380 Τριχῶν
623 4324 684 4359 τε
706 4307 899 4357 τοῦτον
934 4303 1144 4378 εὐφυῶς
1177 4298 1560 4375 δεδραγμένος,

371 4398 560 4448 Ζῶντα
591 4396 814 4464 στρατιᾷ
842 4390 1056 4465 ταχέως
1089 4388 1405 4465 παριστάνει
1441 4409 1452 4420 ·

370 4484 469 4537 Καὶ
509 4476 845 4557 βαρϐαρικοῦ
876 4478 1222 4540 διαλυθέντος
1256 4478 1499 4555 στίφους,

190 4578 330 4631 4160
372 4574 553 4643 Νίκην
582 4572 959 4645 ἀπηνέγκαντο
992 4575 1255 4642 Ῥωμαῖοι
1288 4569 1470 4627 πάλιν.

377 4666 498 4719 Ἔτι
534 4659 580 4716 δ’
612 4658 850 4736 ἱδρῶτας
886 4658 1154 4727 Μανουὴλ
1190 4658 1377 4733 μάχης
1408 4660 1581 4737 (θέρων

373 4749 506 4811 Οὐδ’
538 4750 816 4822 ἐκτινάξας
845 4753 940 4803 τοῦ
972 4750 1271 4823 προσώπου
1301 4750 1399 4817 τὴν
1431 4745 1605 4817 κόνιν,

382 4842 620 4898 Ἐκεῖθεν
655 4838 939 4913 ἐξώρμησε
966 4838 1103 4892 κατὰ
1134 4838 1399 4906 Παιόνων,

370 4926 649 5004 ’Έγκλημ’
677 4925 892 5001 ἰπάγων
927 4925 1073 4995 σφίσι
1105 4927 1202 4994 τὴν
1235 4926 1555 5000 συμμαχίαν

191 5022 333 5077 4165
373 5019 488 5086 Τήν
519 5018 659 5091 πρὸς
686 5010 995 5091 Τριϐαλοὺς
1025 5015 1346 5087 Ῥωμαϊκῶν
1386 5018 1505 5079 καθ’
1526 5014 1667 5091 ὅρων
1699 5033 1711 5047 ·

377 5100 625 5162 Σάουὸον
664 5103 865 5159 οὖκοῦκ
893 5103 1189 5178 έκπερασας
1223 5104 1296 5165 ὡς
1330 5101 1449 5158 δέον

377 5193 816 5270 Φραγγοχωρίῳ
842 5190 931 5247 καί
962 5192 1248 5266 Ζευγμίνῳ
1272 5197 1343 5267 τῇ
1377 5192 1539 5248 πόλει

383 5284 752 5340 Ἐπεισπεσὼν
787 5278 960 5357 ἔκειρε
984 5283 1158 5338 πάντα
1183 5283 1247 5336 τὰ
1276 5282 1452 5357 πέριξ,

379 5375 637 5436 Κάκεῖθεν
671 5369 954 5441 ἀπήλασεν
988 5370 1137 5427 λείαν
1175 5371 1395 5447 μυρίαν,

186 5466 333 5521 4170
376 5464 483 5520 Καὶ
515 5460 761 5516 πλοῦτον
795 5459 910 5515 εἷλε
938 5461 1027 5515 καὶ
1055 5458 1271 5537 λάφυρα
1301 5460 1391 5516 καὶ
1425 5459 1600 5517 σκύλα
1630 5483 1643 5496 ’

261 5592 386 5661 (54)
417 5590 495 5646 De
528 5590 711 5660 hujus
741 5589 1009 5643 vocabuli
1060 5590 1310 5645 novitate
1362 5596 1418 5645 et
1480 5591 1864 5661 ambiguitate

182 5664 315 5737 jam
350 5664 557 5720 monui
594 5665 871 5717 leelorem
922 5677 976 5714 v.
1039 5662 1220 5731 3875;
1291 5662 1387 5718 ubi
1445 5662 1860 5736 etymologiam

1662 356 2025 410 CESARES.

1825 481 1878 545 Α
1910 490 2044 529 cum
2079 472 2205 528 suis
2234 472 2417 545 copiis
2440 472 2773 545 populoque
2807 474 3069 545 subdito,

1905 578 2010 617 nec
2043 566 2248 633 praeter
2279 561 2467 617 fcedus
2497 563 2821 634 quidquam
2845 568 2931 620 est
2963 566 3220 623 molitus.

1904 652 2092 721 Atque
2122 650 2255 703 hinc
2288 650 2534 719 trajeeto
2567 653 2691 706 sine
2726 668 2887 707 mora
2918 652 3087 719 freto,

1906 743 2248 809 susceptum
2283 756 2453 810 porro
2486 740 2905 795 continuarunt
2938 742 3069 797 iter.

1904 828 2038 882 Jam
2071 827 2391 897 imperator
2421 829 2820 883 necessarium
2848 832 3126 901 judicans

1909 931 2040 972 cum
2072 922 2426 987 praepotente
2456 916 2764 989 validoque
2795 921 3048 975 exercitu

1909 1010 2058 1061 ferre
2089 1005 2393 1076 suppetias
2420 1006 2534 1059 arci
2559 1007 2890 1079 Corcyraraa,

1911 1110 2041 1165 quae
2069 1110 2256 1164 nuper
2286 1094 2513 1149 cladem
2548 1112 2581 1149 a
2612 1096 2809 1151 Sicula
2839 1097 3026 1154 classe

1911 1184 1982 1239 ob
2010 1182 2240 1238 consilii
2272 1183 2729 1255 imprudentiam
2766 1203 2935 1257 passa
2962 1189 3151 1244 fuerat
3183 1210 3197 1256 ;

1913 1272 2049 1326 huic
2082 1288 2236 1326 curas
2267 1272 2366 1327 diu
2398 1278 2692 1344 noctuque
2724 1278 2986 1332 intentus
3018 1284 3141 1333 erat
3176 1296 3188 1331 :

1914 1367 1971 1416 et
2002 1366 2352 1433 congregato
2387 1363 2773 1434 undecunque
2805 1367 3060 1421 exercitu

1916 1450 2095 1505 armis
2127 1449 2399 1504 horrifico
2433 1450 2744 1507 innumero
2778 1455 2925 1509 miro

1916 1543 1972 1594 et
1998 1537 2159 1593 mille
2190 1538 2429 1593 navium
2463 1539 2648 1596 classe
2681 1542 2854 1612 plena
2884 1543 3101 1613 milite;

1916 1644 2047 1682 cum
2072 1626 2164 1681 his
2198 1628 2445 1683 accessit
2476 1629 2545 1682 ad
2579 1629 2883 1685 Phaeacum
2912 1633 3165 1689 insulam

1916 1734 2164 1789 eamque
2195 1718 2417 1772 viribus
2440 1719 2697 1790 undique
2725 1721 3136 1793 circumdedit,

1919 1814 1975 1862 et
2004 1807 2154 1861 fame
2185 1807 2420 1861 demum
2456 1808 2626 1879 vique
2655 1809 2981 1865 debellavit.

1919 1896 2042 1950 Mox
2071 1896 2252 1950 victor
2286 1896 2439 1951 venit
2473 1898 2527 1950 in
2564 1897 2962 1969 Pelagoniam,

1923 1984 2075 2038 unde
2105 1982 2391 2039 Triballos
2420 1985 2633 2039 invasit
2665 2003 2768 2040 ceu
2802 1987 2912 2057 leo,

1922 2071 2020 2142 qui
2055 2071 2244 2127 fmdus
2274 2078 2406 2128 ante
2438 2072 2646 2128 initum
2678 2073 3066 2145 irritaverant,

1924 2167 2097 2233 atque
2130 2160 2406 2217 Romanis
2441 2163 2684 2219 urbibus
2720 2167 2949 2220 molesti
2983 2173 3171 2223 erant.

1929 2252 2041 2305 llos
2063 2266 2198 2321 ergo
2230 2253 2433 2306 terruit
2466 2252 2550 2305 vel
2584 2252 2705 2308 solo
2740 2255 2933 2326 rugitu
2962 2274 2975 2322 ;

1928 2349 1980 2395 et
2014 2340 2261 2410 praedam
2297 2340 2429 2394 inde
2457 2341 2710 2396 referens
2736 2359 2801 2398 ac
2835 2346 3147 2401 manubias

1933 2427 2391 2484 innumerabiles
2422 2446 2555 2483 cum
2592 2432 2925 2504 mancipiis,

1933 2534 2139 2572 rursus
2171 2519 2243 2571 ad
2276 2516 2489 2587 regiam
2524 2519 2727 2574 urbem
2763 2522 2967 2592 pedem
3002 2523 3200 2580 retulit
3235 2544 3248 2594 ;

1937 2612 2109 2678 atque
2141 2608 2212 2661 ob
2246 2612 2536 2663 recentem
2572 2607 2827 2665 nobilem
2859 2612 3166 2669 victoriam

1940 2697 2048 2751 rite
2082 2695 2450 2767 triumphum
2487 2698 2681 2753 media
2712 2699 2855 2755 urbe
2886 2702 3023 2773 egit.

1941 2786 2091 2841 Tum
2125 2801 2352 2852 rursus,
2388 2802 2516 2841 vere
2548 2786 2639 2841 vix
2670 2804 2730 2842 se
2763 2791 3078 2862 aperiente,

1943 2873 2131 2931 adfuit
2156 2874 2348 2929 Caesar
2377 2874 2699 2947 Pelagoniae
2733 2879 2907 2934 terris

1943 2970 2000 3020 et
2027 2962 2417 3019 Triballorum
2451 2963 2778 3038 principem
2811 2967 3092 3038 injurium

1949 3052 2170 3109 Uresim
2204 3052 2455 3123 impetit,
2489 3054 2585 3124 qui
2611 3072 2797 3127 nuper
2827 3073 2992 3112 arma

1947 3141 2120 3197 sociis
2150 3142 2459 3198 Pmonibus
2482 3143 2540 3198 in
2576 3143 2869 3201 Romanos
2902 3154 3194 3204 moverat:

1865 3213 1906 3278 C
1947 3245 2126 3302 quare
2156 3236 2214 3285 et
2242 3230 2496 3285 audebat
2529 3232 2839 3289 manifesto
2874 3242 3056 3291 marte

1948 3336 2081 3374 cum
2111 3323 2310 3374 nostro
2340 3320 2563 3375 Caesare
2598 3337 2854 3392 pugnam
2892 3340 3006 3379 non
3040 3340 3335 3394 respuere.

1947 3408 2159 3463 Verum
2194 3414 2421 3479 patrato
2454 3425 2587 3463 cum
2624 3409 2898 3467 Barbaris
2930 3412 3152 3484 prazlio,

1948 3497 2272 3569 trophaaum
2307 3498 2514 3569 ingens
2544 3504 2745 3554 Caasaer
2779 3504 3113 3573 reportavit.

1950 3588 2060 3643 Sed
2083 3586 2550 3659 Archizupanus,
2587 3588 2758 3661 vulgo
2793 3592 3146 3658 Bacebinus,

1950 3676 2250 3748 singulare
2282 3693 2417 3732 cum
2448 3681 2670 3734 Caesare
2704 3685 2999 3737 certamen

1950 3766 2229 3839 suscepit,
2266 3782 2476 3839 magna
2508 3768 2785 3839 praaditus
2823 3771 3219 3828 membrorum

1952 3855 2123 3926 mole,
2151 3861 2207 3911 et
2237 3855 2471 3912 Briareo
2504 3874 2609 3928 par
2640 3859 2992 3930 centimano,

1952 3945 2040 4001 vel
2067 3946 2233 4017 gigas
2260 3944 2490 4001 Goliath
2525 3947 2872 4017 superbiens
2902 3954 2962 4005 in
2994 3952 3296 4008 Davidem.

1953 4035 2243 4091 Barbarus
2273 4051 2410 4107 ergo
2442 4036 2877 4093 munimentum
2908 4044 3108 4113 galeae.

1953 4124 2037 4180 ori
2069 4128 2417 4195 praetentum
2450 4125 2715 4194 Caesaris,
2749 4144 2887 4184 ense
2920 4130 3179 4204 frangit;

1953 4217 2013 4267 at
2043 4229 2281 4267 manum
2316 4213 2549 4269 barbari
2582 4215 2775 4271 Cesar
2804 4219 3067 4290 conligit,

1953 4318 2206 4373 eumque
2238 4318 2407 4358 coma
2438 4304 2663 4359 fortiter
2693 4311 3050 4377 correptum,

1955 4390 2240 4463 pertrahit
2285 4392 2479 4447 vivum
2513 4394 2582 4448 ad
2617 4400 2885 4451 nostrum
2916 4397 3262 4452 exercitum.

1956 4482 2143 4546 Quare
2179 4481 2479 4537 barbarico
2512 4483 2799 4539 dissoluto
2828 4487 3083 4556 agmine,

1884 4581 1931 4647 D
1964 4570 2205 4625 Romani
2240 4571 2430 4628 denuo
2455 4572 2715 4628 referunt
2748 4573 3072 4632 victoriam.

1965 4658 2196 4715 Manuel
2228 4660 2421 4715 adhuc
2455 4677 2663 4733 pugnae
2696 4664 2967 4719 sudorem
3004 4681 3235 4736 gerens,

1966 4750 2214 4803 necdum
2247 4749 2317 4804 de
2349 4749 2492 4805 facie
2526 4751 2765 4821 pulvere
2798 4753 3050 4820 deterso,

1966 4838 2126 4893 illinc
2161 4839 2217 4892 in
2250 4838 2488 4893 Paeonas
2524 4840 2827 4896 transtulit
2858 4844 3178 4899 exercitum

1964 4930 2184 4984 crimen
2220 4934 2452 4983 ulturus
2479 4929 2776 4986 societatis
2809 4931 3031 4987 bellicae

1968 5034 2144 5089 quam
2178 5034 2313 5072 cum
2344 5018 2618 5075 Triballis
2643 5026 2846 5075 contra
2879 5037 2983 5077 nos
3016 5022 3294 5079 inierant.

1967 5107 2116 5179 Ergo
2147 5108 2390 5178 trajecto
2420 5124 2554 5163 cum
2589 5109 2775 5180 copiis
2806 5110 2979 5176 Savo,

1968 5202 2027 5253 et
2061 5195 2544 5252 Francochorium
2568 5198 3031 5272 Zegminumque
3065 5202 3269 5257 urbem

1970 5301 2286 5357 occupans,
2318 5302 2488 5357 agros
2521 5303 2969 5359 quaquaversus
2999 5295 3262 5357 vastans,

1971 5375 2253 5448 illincque
2284 5374 2555 5432 abductis
2590 5375 2861 5448 plurimis
2897 5380 3220 5449 manubiis,

1972 5466 2184 5538 opibus
2216 5468 2424 5521 auctus
2456 5466 2768 5537 praedaque
2799 5472 3074 5536 onustus,

1971 5595 2208 5646 secutus
2241 5590 2300 5645 in
2354 5589 2794 5660 interpretando
2825 5608 2957 5648 sum
2989 5609 3002 5647 :
3038 5609 3195 5649 nunc
3236 5598 3431 5649 tamen
3482 5592 3628 5650 mihi

1975 5678 2215 5734 prorsus
2249 5661 2478 5718 videtur
2499 5663 2827 5733 epithetum
2862 5665 3217 5735 adjectivum
3239 5665 3625 5723 fortitudinis.
