4190 6438
631 398 734 454 163
1830 397 2201 453 ΒΡΗΒΒΜΠ
2240 393 2285 448 C

1830 397 2201 453 EPHBBUII
2240 393 2808 456 CHRONOGRAPHI

627 539 894 580 reversus
923 527 980 577 et
1007 520 1079 577 ad
1105 519 1335 592 imperii
1363 520 1754 591 metropolim,

628 611 880 667 nobilem
913 625 1090 682 agens
1121 625 1224 681 per
1252 609 1458 664 urbem
1491 609 1882 680 triumphum,

624 705 826 773 captos
857 699 1137 754 Triballos
1170 702 1524 768 llunnosque
1550 699 1772 754 ducens

621 788 944 862 splendidis
973 787 1126 859 togis
1158 787 1430 842 decenter
1459 786 1719 857 indutos,

619 877 872 950 insignis
892 893 1117 949 pompa:
1144 877 1361 931 mirum
1395 881 1830 932 ornamentum.

619 967 780 1021 Brevi
812 964 1114 1021 intervallo
1144 965 1204 1022 in
1236 966 1378 1021 urbe
1399 966 1759 1034 demoratus,

619 1071 825 1110 rursus
855 1053 1144 1126 paenium
1179 1052 1398 1109 bellum
1431 1057 1525 1109 est
1551 1068 1828 1125 egressus

618 1144 828 1209 Caesar,
854 1146 910 1197 et
932 1141 1228 1197 Serdicam
1264 1142 1466 1196 urbem
1501 1158 1692 1213 usque
1721 1140 1902 1208 venit,

616 1232 812 1303 ibique
842 1245 1041 1302 pacem
1075 1229 1346 1286 hostibus
1375 1235 1465 1285 est
1493 1229 1763 1302 largitus.

615 1321 783 1377 Illinc
813 1320 1109 1391 profectus
1137 1325 1338 1375 contra
1366 1319 1688 1374 Triballum
1713 1323 2030 1391 satrapam,

611 1410 762 1464 hunc
793 1409 851 1464 in
885 1410 1090 1463 itinere
1117 1413 1420 1480 tantopere
1450 1409 1752 1475 exterruit,

613 1503 675 1553 ut
704 1498 1068 1554 obedientem
1099 1498 1300 1553 fecerit
1326 1498 1571 1568 imperio
1596 1518 1610 1566 ;

612 1593 668 1644 et
700 1589 784 1644 sic
815 1587 1156 1659 Byzantium
1180 1587 1362 1641 redux
1390 1589 1548 1641 venit
1578 1586 1787 1642 Caesar.

606 1680 716 1736 Sed
749 1693 880 1733 vere
911 1681 1127 1745 exorto,
1159 1676 1371 1731 iterum
1395 1692 1668 1748 egressus

610 1769 680 1822 ad
712 1765 1033 1838 Pelagonia:
1063 1771 1249 1821 terras
1276 1770 1462 1820 semet
1493 1763 1836 1820 transtulit:

605 1856 805 1928 ibique
833 1854 1168 1928 intelligens
1199 1854 1390 1911 moliri
1418 1854 1808 1926 tyrannidem,

603 1946 964 2016 Hunnosque
995 1945 1065 1999 ad
1094 1944 1315 1998 bellum
1346 1943 1723 1999 exstimulare

601 2035 965 2089 Comnenum
999 2033 1396 2088 Andronicum
1432 2037 1572 2086 tunc
1595 2034 1890 2101 regentem

602 2123 953 2179 Brenitzobze
985 2122 1186 2178 thema
1208 2125 1264 2176 et
1295 2120 1643 2192 Bellegradi,

600 2213 792 2269 ofﬁcio
823 2212 1056 2283 spoliat,
1092 2211 1434 2281 catenisque
1465 2213 1745 2264 onustum

599 2301 782 2356 mittit
811 2300 1179 2370 Byzantium,
1213 2299 1412 2369 ibique
1446 2298 1690 2353 mandat

594 2407 770 2462 quam
799 2390 1099 2446 tutissimo
1131 2403 1360 2443 carcere
1392 2386 1698 2442 custodiri.

594 2479 830 2535 Interim
854 2479 1127 2551 princeps
1156 2481 1456 2546 Paeonum,
1491 2474 1702 2531 violato

592 2569 824 2639 foedere,
857 2573 1044 2624 terras
1065 2566 1407 2645 incursabat
1435 2579 1641 2620 omnes

595 2657 946 2715 Branitzobaz
970 2662 1145 2729 atque
1175 2655 1497 2727 Bellegradi
1535 2670 1547 2708 :

593 2749 692 2804 sed
721 2748 914 2803 Caesar
944 2762 1203 2818 praesens
1233 2747 1519 2800 damnum
1547 2743 1844 2816 perpessis

589 2837 723 2892 tulit
752 2836 1056 2908 suppetias
1081 2852 1214 2890 cum
1246 2833 1517 2890 vindiciis
1543 2849 1555 2886 :

590 2943 723 2982 mox
755 2927 824 2981 ad
859 2926 1227 2996 metropolim
1262 2924 1467 2996 pedem
1502 2921 1803 2989 referebat,

589 3015 932 3089 compositis
965 3014 1190 3069 cunctis
1217 3014 1276 3068 in
1310 3011 1608 3068 occidente
1640 3011 1835 3067 rebus.

587 3109 792 3163 Postea
820 3103 1120 3160 transtulit
1153 3101 1366 3158 bellum
1401 3102 1459 3182 in
1485 3099 1748 3158 Ciliciam
1779 3117 1794 3167 ;

584 3198 1003 3268 pervectusque
1031 3194 1291 3249 Adanam
1325 3197 1502 3263 atque
1523 3191 1795 3257 Tarsum,

584 3286 791 3342 harum
824 3281 1061 3339 castella
1087 3281 1438 3337 instauravit
1467 3280 1595 3345 rite,

582 3391 710 3448 quas
736 3374 998 3429 Romano
1030 3371 1275 3442 imperio
1299 3369 1548 3425 obnoxia
1571 3371 1759 3436 erant,

580 3465 683 3520 sed
717 3479 903 3534 nuper
933 3480 965 3516 a
994 3463 1212 3516 Toruse
1244 3463 1445 3515 vexata
1477 3459 1748 3524 fuerant;

579 3558 637 3610 et
665 3550 1033 3608 Antiochiam
1067 3566 1253 3621 usque
1282 3563 1630 3621 progressus
1659 3550 1767 3615 est,

578 3643 637 3697 in
673 3658 851 3714 quam
883 3656 1017 3695 cum
1046 3639 1170 3695 suis
1201 3637 1549 3694 custodibus
1574 3638 1664 3691 est
1693 3637 1962 3705 receptus

577 3736 637 3787 et
666 3747 799 3787 cum
829 3728 1056 3785 vexillis
1081 3727 1258 3800 regiis
1288 3732 1353 3782 ut
1383 3727 1723 3798 imperator,

576 3821 780 3877 effusis
812 3819 1041 3875 obviam
1073 3823 1236 3874 extra
1264 3821 1464 3888 portas
1495 3816 1744 3882 civibus,

573 3909 744 3982 eique
764 3908 928 3965 valde
959 3907 1274 3979 gloriosam
1298 3905 1644 3961 curantibus

572 4001 875 4073 ingressus
909 4013 1182 4070 pompam
1207 4012 1342 4051 cum
1376 3995 1657 4051 secundis
1693 3993 2022 4066 plausibus.

576 4095 837 4161 Dumque
871 4087 951 4142 ibi
984 4091 1182 4142 manet
1212 4086 1442 4142 Manuel
1478 4084 1799 4156 imperator

570 4179 630 4234 in
663 4177 934 4234 ludorum
969 4190 1155 4248 agone
1187 4173 1447 4230 ostendit
1476 4173 1702 4228 civibus

570 4268 778 4324 valida:
809 4283 1022 4322 manus
1051 4281 1226 4337 opera
1258 4262 1450 4319 virilia

571 4357 820 4413 heroicae
850 4356 1027 4429 digna
1058 4369 1471 4428 generosaque
1502 4350 1739 4419 indolis,

567 4437 877 4503 contorum
903 4443 1336 4500 certaminibus
1363 4444 1603 4497 vincens
1635 4442 1870 4514 equites

567 4535 802 4592 Italicos
830 4535 1138 4591 hastarum
1174 4531 1346 4588 laude
1369 4530 1641 4603 inclytos.

567 4627 661 4682 Sic
694 4623 1060 4680 fortitudinis
1091 4621 1334 4678 indiciis
1366 4619 1541 4676 editis

567 4719 745 4788 atque
768 4713 1074 4787 prudentis
1105 4712 1161 4766 in
1196 4711 1410 4784 praaliis
1442 4709 1682 4781 peritiae,

568 4806 780 4876 suique
812 4803 1203 4859 admiratione
1234 4801 1548 4867 concitata,

567 4897 638 4951 ad
672 4893 1040 4951 Constantini
1074 4891 1247 4948 rediit
1268 4890 1469 4946 urbem
1503 4888 1777 4961 patriam.

566 4985 726 5040 Idem
760 4986 1090 5040 consortem
1126 4981 1238 5036 tori
1271 4978 1700 5051 atqueimperii

568 5074 813 5129 duxerat
845 5073 1033 5127 forma
1055 5069 1334 5143 inclytam
1368 5068 1626 5141 puellam

569 5163 886 5219 Antiochiae
925 5167 1164 5234 satrapa
1196 5163 1545 5232 prognatam

567 5254 842 5308 Petebino
877 5253 1071 5324 equite
1103 5267 1172 5307 ex
1203 5248 1374 5304 Italia
1406 5266 1419 5304 :

568 5357 778 5412 nempo
809 5342 947 5414 quia
979 5340 1230 5412 primum
1265 5339 1576 5410 conjugem
1609 5337 1887 5394 amiserat

565 5448 635 5486 ex
667 5431 1011 5488 Alamannis
1043 5429 1304 5502 genitam
1331 5426 1718 5499 principibus.

564 5523 755 5594 Atque
782 5521 904 5576 hac
930 5519 1272 5592 hujusmodi
1307 5517 1517 5573 sortita
1550 5521 1691 5572 sunt
1721 5517 1967 5574 exitum.

2298 518 2348 581 A

2279 1879 2325 1944 Β

2251 3246 2293 3311 C

2256 4616 2305 4679 υ

2559 522 2653 576 Καὶ
2686 521 3004 580 παλινοστεῖ
3033 525 3168 601 πρὸς
3199 523 3454 601 βασιλίδα
3483 526 3670 598 πόλιν,

2547 610 2647 665 Καὶ
2681 612 2896 688 κατάγει
2929 609 3199 687 θρίαμϐον
3227 611 3357 684 ὤση
3371 635 3469 686 μον
3501 615 3662 671 πόλει

2547 699 2936 773 Δορυαλώτους
2970 698 3308 776 Τριϐαλοὺς,
3341 701 3581 765 Οὕννους
3613 705 3780 778 ἄγων,

2548 786 2758 850 Στολὰς
2781 788 3074 867 τιμαλφεῖς
3105 791 3314 866 εὐφυῶς
3342 791 3686 864 ἡσθημένους

2367 874 2509 930 4175
2546 879 2780 947 Πομπήν
2815 879 2860 932 θ’
2895 879 3277 955 ὐπεξαίροντας
3303 880 3478 935 αὐτῶν
3509 885 3576 952 τῇ
3610 880 3702 951 θέᾳ
3729 899 3742 912 ·

2545 966 2742 1040 Καιρὸν
2776 964 2833 1022 δὲ
2866 969 3074 1043 βραχὺν
3108 966 3447 1042 ἐνδιατρίψας
3478 968 3639 1024 πόλει

2545 1054 2945 1129 Ἐπιστρατεύει
2980 1057 3200 1112 Παίοσιν
3232 1056 3386 1120 αὖθις
3418 1055 3565 1129 ἄναξ,

2541 1144 2647 1198 Καὶ
2678 1145 2812 1217 πρὸς
2846 1143 3118 1219 Σαρδικήν
3150 1146 3451 1222 ἀφικνεῖται
3483 1145 3670 1214 πόλιν,

2540 1232 2704 1287 Κάκεῖ
2732 1236 2919 1308 παρὼν
2947 1236 3149 1290 τέθεικε
3179 1230 3474 1306 συμϐάσεις
3504 1234 3706 1308 σφίσιν.

2361 1323 2501 1378 4180
2540 1327 2726 1396 Χωρεῖ
2756 1319 2800 1376 δ’
2832 1321 3029 1377 ἐκεῖθεν
3060 1324 3195 1397 πρὸς
3227 1317 3520 1398 Τριϐαλῶν
3555 1325 3851 1396 σατράπην,

2540 1411 2643 1466 Καὶ
2674 1406 2822 1465 τόνδ’
2852 1409 2982 1465 ὁδοῦ
3012 1413 3283 1485 πάρεργον
3317 1410 3578 1486 ἴντρομον
3614 1409 3830 1485 δράσας,

2539 1499 2822 1569 Πειθήνιόν
2848 1520 2907 1554 τε
2935 1504 3014 1571 τῷ
3043 1501 3224 1573 κράτει
3254 1505 3364 1554 τῶν
3394 1501 3648 1556 Αὐσόνων

2535 1590 2678 1662 Πρὸς
2706 1590 2806 1657 τὴν
2839 1587 3230 1662 βασιλεύουσαν
3266 1588 3451 1642 εἴσεισι
3483 1587 3649 1643 πόλιν
3681 1605 3695 1620 ⁸

2533 1679 2708 1752 Ἦρος
2741 1674 2789 1731 δ’
2818 1675 3225 1751 ὶπιλάμποντος
3257 1674 3414 1747 ἔξεισι
3447 1676 3637 1744 πάλιν,

2356 1767 2494 1822 4185
2533 1767 2633 1823 Καὶ
2667 1766 2803 1840 πρὸς
2833 1763 2994 1821 πεδία
3020 1766 3351 1840 Πελαγονίας
3379 1765 3563 1843 φθάνει
3594 1786 3609 1799 ο

2533 1854 2698 1909 Κάκεῖ
2728 1852 2982 1929 διαγνοὺς
3015 1853 3375 1929 βασιλειῶντα
3406 1852 3556 1926 δόλῳ

2531 1941 2772 2004 Οὕννους
2795 1946 2842 1997 τ’
2873 1941 3231 2020 ἐπαλείφοντα
3259 1944 3399 2018 πρὸς
3425 1940 3742 2021 ξιφουλκίαν

2529 2033 2812 2104 Κομνηνὸν
2846 2030 3188 2104 Ἀνδρόνικον
3219 2033 3464 2108 ἄρχοντα
3489 2033 3618 2087 τότε

2526 2117 2890 2196 Βρανιτζόϐης
2922 2120 3155 2194 θέματος
3187 2122 3277 2176 καὶ
3308 2119 3734 2196 Βελλαγράδων,

2349 2214 2489 2268 4190
2527 2213 2792 2268 Ἐπαυσεν
2817 2212 3019 2286 ἀρχῆς,
3053 2210 3141 2265 καὶ
3169 2210 3444 2286 καθείρξας
3477 2209 3529 2264 ἓν
3561 2207 3750 2272 πέδαις

2524 2299 2750 2373 Δέσμιον
2782 2298 3095 2355 ἀπέστειλεν
3122 2299 3175 2354 ἐν
3208 2296 3513 2367 Βυζαντίδι,

2521 2389 2620 2443 Καὶ
2652 2387 2868 2466 φυλακῇ
2901 2386 3130 2444 δέδωκεν
3164 2388 3568 2464 ἆσφαλεστάτῃ.

2519 2479 2617 2534 Καὶ
2648 2483 2947 2548 τηνικαῦτα
2977 2477 3227 2533 Παιόνων
3259 2477 3576 2551 ἀρχηγέτης

2523 2566 2770 2630 Σπονδὰς
2803 2566 3051 2630 λελυκὼς
3083 2564 3389 2644 κατέδραμε
3421 2567 3602 2643 χωρία

2343 2661 2482 2715 4195
2519 2652 2892 2732 Βρανιτζόϐης
2918 2657 3198 2730 ξύμπαντα
3226 2657 3317 2710 καὶ
3345 2653 3740 2731 Βελλεγράδων
3775 2673 3788 2686 ⁸

2522 2746 2673 2809 Τέως
2697 2747 2917 2808 ἐπιστὰς
2949 2745 3204 2821 βασιλεὺς
3234 2745 3616 2817 κακουμένοις,

2514 2839 2753 2908 ’Ήμυνεν
2785 2835 2970 2898 αὐτοῖς
3003 2836 3078 2896 ὡς
3111 2834 3162 2890 ἐν
3191 2834 3480 2908 παρουσίᾳ,

2516 2925 2616 2981 Καὶ
2648 2925 2784 2998 πρὸς
2817 2923 3203 2999 βασιλεύουσαν
3235 2921 3684 2996 ἀνθυποστρέφει,

2514 3012 2590 3071 Εὐ
2619 3013 2914 3088 πράγματα
2945 3013 3056 3074 θεὶς
3084 3013 3257 3066 πάντα
3280 3012 3349 3066 τὰ
3376 3013 3514 3086 πρὸς
3545 3007 3768 3084 ὶσπέραν
3789 3028 3802 3040 ’

2334 3106 2476 3160 4200
2512 3103 2608 3157 Καὶ
2641 3103 2832 3158 λοιπὸν
2867 3102 3179 3176 ἐστράτευσε
3207 3101 3344 3176 πρὸς
3375 3100 3627 3157 Κιλικίαν
3661 3119 3674 3131 ·

2512 3192 2576 3248 Ε»
2635 3199 2657 3215 ,ι
2935 3190 2961 3210 ν
3092 3191 3107 3210 κ
3297 3190 3312 3208 ς
3389 3190 3402 3208 ,

2561 3215 2605 3255 ις
2660 3190 2866 3248 Αδαναν
2901 3213 2992 3245 ουν
3021 3212 3109 3245 και
3140 3193 3350 3265 Ταρσον
3378 3188 3678 3266 αφιγμένος

2509 3281 2606 3336 Καὶ
2630 3278 2817 3336 ταῖσδε
2843 3281 2910 3335 τὰ
2937 3281 3205 3353 πρόσοικα
3235 3277 3445 3352 θάλψας
3477 3280 3552 3341 ὡς
3583 3276 3700 3333 δέον

2505 3372 2745 3441 ’Υπήκοα
2776 3368 3008 3447 φρούρια
3034 3368 3322 3440 Ῥωμαίων
3354 3368 3539 3443 κράτει

2511 3462 2799 3536 Πάσχοντα
2829 3464 3009 3521 κακῶς
3042 3461 3178 3533 πρὸς
3209 3457 3464 3534 Τορούοῃ
3500 3459 3608 3532 (55)
3639 3457 3717 3529 τῷ
3747 3458 3872 3511 τότε

2330 3554 2470 3609 4205
2507 3552 2604 3605 Καὶ
2641 3549 2805 3625 μέχρι
2839 3548 3094 3622 λαμπρᾶς
3127 3547 3463 3621 Ἀντιοχείας
3491 3548 3695 3621 φθάνει,

2506 3642 2606 3701 Ἥς
2638 3637 2787 3694 ἔνδον
2824 3637 3085 3708 εῗσήλασε
3113 3638 3204 3691 σὺν
3239 3634 3566 3713 δορυφόροις

2508 3730 2613 3785 Καὶ
2642 3730 2993 3803 παρασήμοις
3027 3728 3336 3803 βασιΑικοῖς
3369 3727 3442 3787 ὡς
3481 3726 3698 3798 κράτωρ

2507 3818 2906 3894 Διεκχυθέντων
2940 3815 2999 3870 ἐκ
3027 3815 3217 3871 πυλῶν
3250 3815 3555 3888 οίκητόρων

2506 3908 2604 3963 Καὶ
2636 3906 3009 3962 σκευασάντων
3039 3901 3332 3982 φιλότιμόν
3370 3904 3422 3958 οἱ
3455 3903 3576 3959 λίαν

2330 4002 2469 4056 4210
2508 3995 2802 4069 Πομπαίαν
2838 3993 3130 4050 εἷ’σέλευσιν
3163 3993 3435 4071 εὐφήμοις
3465 3992 3706 4068 κρότοις.

2505 4087 2672 4144 Ἔνθα
2704 4082 2902 4161 διάγων
2937 4081 3206 4150 Μανουήλ
3236 4080 3587 4156 αὐτοκράτωρ

2507 4179 2593 4234 Ἐν
2617 4173 2839 4236 παιδιᾶς
2871 4170 3110 4246 δέδειχεν
3139 4171 3303 4246 ἀγῶνι
3336 4170 3513 4248 σφίσιν

2504 4262 2776 4340 Ἀνδρείας
2805 4256 2940 4338 ἔργα
2968 4261 3058 4316 καὶ
3089 4260 3253 4336 χερὸς
3276 4257 3590 4336 ῥωμαλέας,

2505 4357 2751 4428 Ἡρωϊκῇ
2784 4353 3060 4427 πρέποντα
3087 4348 3307 4426 γενναίᾳ
3336 4348 3490 4427 φύσει

2329 4449 2426 4504 421
2510 4447 2738 4502 Κοντῶν
2772 4439 3038 4514 ἁμίλλαις
3065 4439 3353 4508 έκνικήσας
3383 4436 3618 4500 ἱππότας

2505 4532 2824 4594 Ἰταλιώτας
2854 4530 3173 4606 ἀγερώχους
3205 4529 3341 4603 πρὸς
3371 4526 3524 4602 δόρυ.

2512 4619 2806 4696 Εὐανδρίας
2840 4618 2983 4674 οὕτω
3010 4616 3067 4672 δὲ
3099 4615 3270 4687 δείξας
3297 4617 3361 4670 τὸ
3395 4614 3582 4679 σθένος

2508 4710 2831 4785 Ἐμπειρίαν
2863 4730 2919 4764 τε
2949 4708 3170 4776 συνετὴν
3203 4708 3302 4775 τήν
3330 4704 3382 4760 έν
3421 4710 3627 4780 μάχαις

2507 4802 2604 4860 Καὶ
2637 4799 2912 4872 θαύματος
2944 4797 3254 4870 ξύμπαντας
3286 4793 3576 4867 ἐμπλήσας
3607 4792 3732 4865 ἄναξ

2327 4894 2468 4950 4220
2505 4886 2690 4948 Οἷ¹καδ’
2725 4885 3030 4955 έπανέζευξε
3059 4883 3195 4960 πρὸς
3221 4881 3654 4940 Κωνσταντίνου.

2505 4980 2771 5037 Κοινωνὸν
2805 4978 2962 5038 οὗτος
2988 4980 3084 5030 τοῦ
3115 4974 3318 5050 λέχους
3349 4973 3439 5028 καὶ
3467 4978 3563 5028 τοῦ
3601 4971 3836 5045 κράτους

2503 5075 2645 5147 ’Έγη
2658 5091 2723 5143 με
2747 5065 2958 5130 κάλλος
2987 5063 3422 5140 εὐπρεπεστάτην
3454 5062 3622 5138 κόρην

2507 5158 2845 5234 Ἀντιοχείας
2878 5157 3154 5231 σατράπου
3187 5157 3456 5229 θυγατέρα

2508 5248 2827 5309 Ἰταλιώτου
2853 5240 3143 5302 Πετεϐίνου
3173 5243 3410 5298 ἱππότου
3447 5261 3460 5274 ·

2333 5345 2472 5400 4225
2513 5341 2742 5414 Πρώτην
2774 5336 3022 5393 σύνευνον
3055 5328 3350 5389 ἀποϐαλὼν
3377 5331 3591 5404 θανάτῳ

2512 5431 2599 5501 Ἐξ
2634 5425 2960 5500 Ἀλαμανῶν
2993 5425 3238 5498 ἀρχικῶν
3272 5420 3434 5476 οὖσαν
3467 5420 3679 5496 γένους.

2512 5520 2696 5574 Ταῦτα
2730 5516 2824 5590 μὲν
2855 5511 2963 5570 ὧδε
2993 5511 3328 5586 συνέκυρσεν,
3357 5512 3431 5573 ὡς
3459 5507 3591 5591 ἔφην
3620 5527 3633 5544 ’

635 5748 748 5824 (55)
773 5748 854 5805 De
883 5747 1105 5805 Toruse
1134 5742 1410 5801 Armenio
1449 5741 1684 5800 Nicetas
1704 5742 1988 5802 Cboniata
2015 5745 2164 5805 Hist.
2200 5767 2288 5821 III,
2319 5751 2372 5808 1.

3914 407 4004 460 itii
