4208 6430
131 408 216 463 165

287 541 589 611 Κομνηνός
611 541 961 618 ’Δνδρόνικος
992 545 1038 602 δ’
1068 547 1523 627 ἐγκαθειργμένος

285 628 367 680 Δι’
395 626 457 691 εις
487 651 589 705 περ
621 632 904 707 ἱστόρησεν
937 635 1114 700 αἰτίας
1145 626 1335 712 λόγος,

129 716 251 770 4230
289 717 531 789 Εἱρκτῆς
563 717 786 795 διαδρὰς
822 729 1048 799 μηχανῇ
1081 725 1418 802 πολυτρόπῳ

286 805 384 865 Εἷς
416 806 679 877 Γάλιτζαν
713 807 914 884 ἔδραμε
944 813 1210 884 Ῥωσικὴν
1245 817 1432 887 πόλιν,

283 893 385 946 Καὶ
414 900 492 966 τῷ
526 899 916 972 σατραπεύοντι
946 901 1150 972 ταύτης
1182 904 1428 978 ἀσμένως

291 985 538 1056 Δεχθεῖς,
571 988 700 1061 παρ’
731 988 878 1060 αὐτῷ
907 990 1164 1046 πλεῖστον
1199 991 1417 1066 ἐμμένει
1450 998 1671 1072 χρόνον.

285 1070 448 1126 Οὕτω
479 1070 537 1128 δὶ
565 1073 850 1145 συνέδησεν
877 1078 1041 1133 αὐτοῦ
1071 1083 1206 1154 πρὸς
1235 1083 1404 1146 πόθον

129 1159 255 1214 4235
297 1159 398 1213 Καὶ
429 1161 613 1234 φιλίαν
648 1165 836 1239 σχέσιν
867 1187 925 1220 τε
955 1171 1234 1243 σατράπην
1269 1172 1476 1247 χρόνῳ,

284 1249 375 1309 Ὡς
406 1248 741 1324 συνεδρεύειν
776 1263 1092 1331 συναριστᾷν
1129 1261 1372 1334 σατράπῃ

289 1337 395 1392 Καὶ
426 1339 564 1410 τῷδε
597 1343 872 1398 συνέστιον
901 1344 981 1400 ἀεὶ
1010 1349 1322 1423 τυγχάνειν.

285 1428 481 1497 Ὅμως
509 1430 711 1503 κρίνων
745 1429 952 1496 ὄνειδος
982 1434 1183 1490 οἷ’κεῖον
1217 1439 1434 1514 κράτωρ

287 1516 752 1593 Πρωτεξαδὲλφου
781 1523 879 1589 τὴν
914 1526 1091 1598 φυγὴν
1121 1524 1476 1600 ’Δνδρονίκου

123 1602 248 1658 4240
288 1602 617 1679 Ἀπόδρασίν
649 1630 708 1663 τε
740 1610 870 1665 κάπὶ
903 1615 999 1681 τῆς
1033 1613 1185 1684 ξένης
1217 1615 1356 1686 ἄλην

281 1694 580 1766 Ἐπιμελὲς
610 1697 823 1768 τίθησιν
861 1699 1014 1776 ἔργον
1043 1703 1133 1756 καὶ
1168 1704 1327 1778 λόγον

286 1783 438 1836 Ὠστ’
468 1781 770 1840 ἀπολαϐεῖν
802 1787 958 1843 τόνδε
988 1789 1221 1864 πατρίδα
1250 1792 1414 1847 πάλιν
1451 1814 1464 1826 '

283 1871 381 1924 Καὶ
422 1871 636 1943 μᾶλλον
671 1878 753 1939 οἷς
781 1875 1019 1952 ἤγγελλε
1053 1883 1212 1956 φήμῃ
1245 1882 1334 1936 καὶ
1365 1881 1492 1938 τάδε

282 1961 406 2016 Ὅτι
432 1965 705 2032 Σκυθικὴν
741 1967 991 2038 στρατιὰν
1024 1971 1310 2043 παροξύνει

125 2046 252 2101 4245
289 2049 504 2120 Θρᾴκης
534 2049 782 2114 ἐπελθεῖν
811 2053 1144 2118 Μακεδονίας
1177 2059 1344 2132 ὅροις.

285 2136 521 2200 Ἐκεῖθεν
552 2139 748 2194 οὐκοῦν
774 2141 1014 2214 εὐμενῶς
1047 2144 1394 2222 αὐτοκράτωρ

284 2223 500 2287 Πίστεις
529 2230 828 2304 παρασχὼν
860 2232 947 2285 καὶ
981 2229 1167 2289 λαϐὼν
1202 2235 1450 2310 ἐπανάγει

289 2315 576 2385 Κομνηνὸν
604 2315 950 2391 Ἀνδρόνικον
984 2323 1121 2396 πρὸς
1153 2325 1249 2392 νήν
1283 2324 1514 2401 πατρίδα
1551 2347 1561 2357 ·

282 2404 409 2455 Καθ’
439 2404 498 2456 ’ὀν
531 2405 731 2480 χρόνον
767 2408 991 2474 Παίονες
1020 2413 1344 2483 ἠθετηκότες

123 2491 246 2545 4250
281 2496 378 2554 Ἀς
407 2491 546 2562 πρὸς
577 2501 878 2568 κρατοῦντα
909 2501 1184 2556 συνέθεντο
1216 2498 1528 2575 ξυμϐάσεις,

277 2581 496 2653 Χώραις
528 2582 764 2651 ἐπῆλθον
800 2587 1054 2642 Αὐσόνων
1084 2592 1430 2666 παριστρίοις
1465 2616 1475 2626 ·

282 2669 388 2724 Καὶ
420 2671 754 2752 Ῥωμαϊκοῖς
780 2671 1157 2747 συμϐαλόντες
1190 2681 1425 2755 τάγμασι

283 2758 454 2827 Νίκην
484 2749 854 2836 ἀπηνέγκαντο
883 2766 973 2818 καὶ
1004 2764 1218 2836 πλῆθος
1248 2768 1485 2826 σκύλων.

282 2847 469 2900 Τοίνυν
502 2847 720 2913 ἐπιστὰς
754 2853 1010 2924 βασιλεὺς
1036 2860 1114 2927 τῷ
1139 2859 1418 2933 Ζευγμίνῳ

116 2934 242 2990 4255
277 2934 552 2991 Ἡλωκότι
588 2939 804 2994 Παίοσιν
839 2939 957 3017 ἄρτι
996 2939 1312 3021 βαρϐάροις,

278 3026 649 3095 Ἐπανασώζει
680 3030 769 3082 καὶ
801 3029 964 3085 πάλιν
1002 3032 1267 3106 Ῥωμαίδι

277 3108 610 3176 Εὐϐουλίαις
641 3116 811 3178 νίκαις
840 3138 898 3171 τε
928 3120 1017 3172 καὶ
1051 3123 1420 3198 στρατηγίαις.

276 3201 375 3254 Καὶ
411 3205 522 3273 μὴν
553 3206 902 3277 περιώνυμον
933 3205 1087 3284 ἔργον
1120 3212 1206 3266 καὶ
1238 3211 1364 3268 τόδε

283 3291 680 3368 ’Δναπὲφανται
709 3299 806 3348 τοῦ
835 3301 1006 3350 καλοῦ
1035 3303 1379 3379 στεφηφόρου
1414 3325 1425 3336 ·

115 3376 239 3433 4260
277 3377 478 3442 Πόλεις
508 3381 810 3445 Ἀσιάτιδες
843 3376 1149 3460 εὕχρηστοιτ
1176 3376 1276 3462 βίῳ

274 3465 489 3543 Χλιαρὰ
517 3470 608 3523 καὶ
643 3471 927 3548 Πέργαμος
960 3473 1122 3530 ἄλλαι
1153 3480 1202 3532 τ’
1233 3478 1297 3533 αὖ
1328 3482 1540 3556 πόλεις,

268 3567 364 3620 Ὧν
391 3567 459 3620 τὰ
487 3567 640 3642 πὲριξ
671 3568 951 3645 πάσχοντα
980 3575 1209 3648 Πέρσαις
1245 3576 1541 3658 βαρϐάροις

269 3653 551 3727 Δῃούμενά
579 3677 657 3728 τε,
691 3659 1122 3734 πυρπολούμενά
1152 3687 1300 3744 σφισι

277 3741 549 3816 Κωμηδὸν
584 3748 658 3810 ὡς
685 3745 884 3822 ἔχοντα
911 3752 1010 3820 τήν
1047 3741 1344 3826 συνοικίαν,

118 3831 244 3888 4265
280 3834 445 3903 Ἀναξ
475 3831 767 3908 περιὲϐαλε
791 3840 1027 3914 τείχεσιν
1059 3841 1187 3898 τάδε
1221 3865 1234 3877 ·

280 3922 378 3976 Καὶ
411 3919 689 3980 ὃιαλαόὼν
721 3928 1006 4004 φρουρίοις
1033 3931 1295 4007 ἀσφαλέσι

279 4013 386 4068 Τὸν
420 4017 629 4088 χῶρον,
662 4015 948 4088 ἀπήλλαξε
978 4026 1244 4095 Περσικῆς
1276 4022 1480 4099 λύμης.
1542 4026 1549 4030 ’

273 4099 595 4177 Οίκητόρων
627 4104 768 4160 οὕτω
801 4103 857 4160 δὲ
888 4107 1166 4178 πλήθουσι
1195 4111 1322 4168 τάδε

274 4189 374 4243 Καὶ
406 4196 537 4244 πᾶσι
568 4191 750 4255 καλῶς
781 4201 896 4256 τοῖς
926 4198 1062 4252 κατὰ
1096 4200 1210 4274 βίον
1249 4203 1440 4278 βρίθει,

112 4275 237 4333 4270
275 4280 498 4354 Ἀγροῖς
527 4301 585 4335 τε
612 4284 818 4359 φυτῶσί
849 4305 925 4353 τε,
963 4289 1149 4362 χάρισι
1183 4275 1374 4363 ξέναις,

275 4367 524 4443 Φρούρια
548 4375 718 4426 ταῦτα
749 4374 837 4427 καὶ
871 4374 1065 4438 πόλεις
1097 4378 1379 4453 εἶρημίναι

271 4457 362 4520 Ὠς
389 4463 496 4512 τῶν
536 4460 788 4535 μεγάλων
815 4473 1167 4541 κατακρατεῖν
1196 4471 1420 4529 ἀστέων.

270 4551 446 4601 Ταῦτα
475 4549 571 4621 μὲν
602 4549 746 4605 οὕτω
778 4549 1146 4626 συμϐέϐηκεν,
1179 4559 1254 4623 ὼς
1278 4556 1411 4636 ἔφην
1449 4585 1460 4597 ·

267 4638 502 4710 Ὀρκους
540 4636 596 4692 δὲ
627 4637 794 4694 πάλιν
828 4646 1175 4718 συγχεάντων
1209 4649 1479 4725 Παιόνων,

111 4722 235 4778 4275
274 4729 506 4799 Ἔξεισιν
542 4729 665 4802 ἅναξ
696 4735 804 4784 τῶν
839 4732 1128 4805 βασιλείων
1164 4734 1374 4811 δόμων,

271 4814 369 4868 Καί
394 4817 534 4891 πρὸς
564 4816 838 4892 Σαρδικήν
871 4821 1175 4898 ἀφικνεῖται
1206 4829 1303 4895 τήν
1339 4829 1521 4901 πόλιν,

266 4905 340 4960 Οὗ
374 4902 674 4977 συμϐαλεῖν
709 4910 942 4965 τὲτακτπ
970 4915 1254 4987 Ῥωμαίων
1290 4917 1456 4982 ἴλαις.

269 4995 418 5052 Ἐπεὶ
451 4992 509 5049 δὲ
540 4999 898 5071 συνήθροιστο
929 5007 1034 5056 πᾶν
1066 5007 1481 5080 στρατευμάτων

266 5082 452 5154 Κρίσει
491 5089 809 5161 στρατηγῶν
846 5087 1102 5175 βασιλεὺς
1140 5093 1527 5175 βουληφόρων,

104 5168 228 5225 4280
266 5172 705 5250 Κοντοστέφανον
737 5174 1087 5251 Ἀνδρόνικον
1123 5179 1376 5260 δεικνύει,

264 5259 452 5336 ”Ανδρ’
484 5261 726 5336 ἀρεϊκὸν,
759 5264 1032 5338 ἂπτόητον
1066 5269 1118 5325 ἐν
1157 5274 1386 5350 μάχαις,

272 5352 368 5405 Καὶ
399 5352 498 5420 τήν
531 5356 645 5406 κατ’
680 5352 938 5430 Ούγγρων
971 5358 1254 5432 ἀνατίθησι
1290 5366 1476 5441 μάχην
1516 5389 1526 5400 ·

267 5441 356 5501 Ὃς
386 5438 720 5516 παρολαϐὼν
753 5446 1064 5518 Ῥωμαϊκὰς
1097 5448 1354 5525 δυνάμεις

259 5528 432 5602 Ὀρμᾷ
465 5530 599 5586 κατά
633 5537 777 5609 σφῶν
813 5534 904 5588 σὺν
939 5542 1055 5609 Θεῷ
1088 5539 1246 5610 νίκης
1279 5539 1408 5619 δότῃ
1442 5565 1455 5578 ο

99 5615 228 5672 4285
264 5618 366 5674 Καὶ
398 5617 465 5691 δὴ
490 5621 727 5694 περάσας
762 5620 1008 5681 Σάουϐον
1041 5630 1250 5700 Ἵστρον
1287 5633 1335 5686 θ’
1360 5615 1474 5709 ἇίμα

262 5706 536 5765 ’Υπεισὲδυ
568 5709 863 5784 Ζεύγμινον
897 5715 1157 5774 Αὐσόνων
1190 5720 1378 5791 πόλιν,

1624 435 1986 494 GBSARBS.

1790 565 1846 630 Α
1876 562 2209 622 Comnenus
2240 572 2434 626 autem
2465 571 2701 632 habitus
2735 575 2793 633 in
2822 579 3074 640 vinculis

1865 652 1939 707 ob
1964 654 2088 722 jam
2123 661 2390 714 narratas
2419 677 2628 719 causas
2657 667 3050 742 Andronicus,

1865 746 2099 797 versuto
2131 749 2258 798 astu
2295 763 2523 806 carcere
2555 769 2615 808 se
2648 757 2978 829 proripiens

1865 827 1924 882 in
1956 829 2259 888 Russicam
2295 839 2556 910 confugit
2584 827 2865 901 Galitzam
2902 851 3130 915 urbem.

1867 919 2065 990 ibique
2097 938 2129 976 a
2159 930 2394 998 satrapa
2425 946 2608 1000 prono
2638 935 2832 992 animo
2863 947 3166 1012 exceptus,

1866 1006 2038 1081 longo
2069 1017 2392 1082 permansit
2423 1021 2577 1090 apud
2611 1022 2805 1094 ipsum
2839 1006 3122 1101 tempore.

1867 1097 2054 1153 Tanta
2085 1104 2278 1157 autem
2313 1105 2422 1160 sibi
2447 1107 2647 1176 junxit
2680 1116 2944 1172 amicitia

1865 1190 1920 1240 et
1949 1188 2303 1256 quotidianis
2333 1199 2635 1268 satrapam
2669 1202 2900 1271 ofﬁciis,

1865 1277 1929 1328 ut
1958 1274 2041 1329 illi
2074 1292 2307 1351 semper
2337 1282 2393 1337 in
2427 1287 2697 1344 convictu
2731 1291 2963 1350 adesset

1863 1363 2107 1433 ejusque
2139 1383 2343 1425 mensa
2373 1374 2612 1432 assidue
2642 1383 2921 1438 uteretur.

1863 1453 1936 1506 At
1961 1451 2152 1509 Caesar
2181 1458 2292 1512 sibi
2325 1462 2667 1530 probrosam
2701 1471 3044 1530 existimans

1868 1542 2182 1600 Andronici
2215 1547 2413 1619 fugam
2446 1556 2732 1623 patruelis

1867 1635 1924 1685 et
1951 1632 2011 1687 in
2044 1631 2233 1690 alieno
2265 1638 2389 1694 solo
2420 1657 2625 1714 vagam
2655 1647 2858 1718 vitam,
2949 1718 2954 1720 _

1867 1722 2041 1790 ccepit
2071 1728 2276 1794 putare
2307 1743 2423 1798 qua
2454 1733 2679 1790 ratione
2711 1748 2904 1808 posset

1867 1807 2165 1867 hominem
2199 1814 2256 1868 in
2294 1818 2536 1886 patriam
2572 1840 2738 1880 suam
2772 1831 3065 1888 retrahere
3101 1852 3112 1889 :

1788 1917 1835 1981 Β
1867 1902 2187 1970 presertim
2221 1904 2359 1973 quia
2385 1909 2572 1965 didita
2604 1912 2758 1970 fama
2789 1922 2913 1972 erat

1867 2003 2031 2043 arma
2059 1991 2404 2059 Scytharum
2434 1998 2504 2052 ab
2537 1999 2632 2056 illo
2665 2011 3035 2079 commoveri,

1863 2078 2327 2152 Macedoniaeque
2359 2089 2414 2139 et
2444 2087 2704 2145 Thraciae
2745 2095 2951 2154 adesse
2982 2078 3220 2159 ﬁnibus.

1864 2165 2012 2235 Ergo
2044 2167 2309 2224 benivola
2341 2173 2536 2230 oblata
2569 2180 2679 2235 (ide

1864 2255 2051 2310 Casar
2081 2261 2136 2311 et
2168 2264 2400 2331 recepta
2430 2263 2700 2333 invicem,
2736 2274 2965 2330 reduxit

1864 2343 2244 2402 Commenum
2277 2352 2669 2412 Andronicum
2706 2362 2776 2416 ad
2810 2361 2960 2421 lares
2995 2371 3234 2440 patrios.

1864 2433 1982 2487 Sub
2012 2433 2163 2490 idem
2196 2441 2430 2509 tempus
2463 2443 2695 2501 Paeones
2726 2451 2966 2510 effracta

1865 2538 2038 2591 quam
2072 2524 2327 2581 Manueli
2360 2536 2797 2603 sp0ponderant
2827 2541 2960 2612 ﬁde,

1865 2616 2095 2668 nostras
2128 2615 2200 2669 ad
2230 2618 2442 2674 Istrum
2477 2622 2861 2686 incursabant
2889 2638 3096 2705 terras,

1863 2704 1918 2754 et
1947 2717 2080 2757 cum
2113 2704 2387 2763 Romanis
2419 2717 2715 2785 congressi
2749 2719 3038 2780 militibus

1862 2789 2102 2846 victoria
2132 2798 2190 2848 et
2220 2794 2424 2867 spoliis
2453 2800 2724 2871 plurimis
2756 2815 2893 2866 sunt
2925 2815 3110 2878 potiti.

1862 2983 2039 3040 quam
2070 2971 2273 3028 urbem
2305 2991 2491 3047 nuper
2522 2979 2756 3042 Pisones
2785 2971 3233 3064 occupaverant,

1862 3073 2068 3113 rursus
2095 3059 2356 3119 Romano
2383 3068 2640 3127 vindicat
2671 3073 2918 3148 imperio

1859 3145 2120 3203 victoriis
2149 3153 2206 3205 et
2236 3153 2499 3212 consiliis
2529 3164 2586 3215 et
2617 3167 2738 3218 arte
2758 3145 2993 3225 bellica.

1786 3282 1830 3350 α
1863 3233 2150 3307 Inclytum
2182 3239 2339 3297 aliud
2371 3249 2426 3299 et
2460 3247 2867 3321 famigeratum

1860 3325 2119 3394 praeclari
2153 3331 2308 3402 regis
2339 3349 2488 3405 opus
2519 3337 2810 3400 inclaruit.

1860 3410 2042 3470 Urbes
2070 3419 2360 3476 Asiaticae
2388 3424 2562 3482 utiles
2594 3430 2923 3502 reipublica

1855 3500 2146 3559 chliaram
2179 3507 2523 3581 Pergamum
2559 3500 2823 3593 aliasque
2852 3525 3098 3598 aliquot,

1858 3588 2134 3660 (quarum
2167 3611 2303 3667 ager
2333 3600 2542 3660 misere
2573 3611 2766 3666 Persis
2797 3613 3066 3675 barbaris

1856 3680 2162 3753 obnoxius,
2199 3686 2332 3758 igne
2361 3697 2417 3746 et
2449 3693 2598 3752 ferro
2629 3703 2987 3773 vastabatur,

1858 3776 2162 3871 propterea
2192 3780 2349 3872 quod
2383 3786 2640 3856 pagatim
2673 3788 3115 3872 habitabantur)

1858 3861 2154 3918 manibus
2186 3864 2375 3925 Caesar
2404 3880 2647 3933 cunctas
2677 3879 3083 3944 circumclusit
3110 3906 3124 3946 :

1857 3953 1914 4003 et
1943 3957 2366 4014 communitam
2400 3962 2610 4022 validis
2644 3971 2902 4030 castellis

1858 4040 2237 4112 provinciam,
2271 4048 2486 4107 damno
2516 4055 2744 4114 Persico
2778 4063 3099 4132 prohibuit.

1856 4128 1947 4184 Sic
1977 4136 2173 4188 autem
2206 4139 2386 4194 crevit
2414 4141 2740 4204 incolarum
2773 4167 3076 4223 numerus,

1858 4217 1940 4273 sic
1969 4220 2246 4294 ampliala
2277 4234 2417 4284 sunt
2446 4232 2673 4291 vivendi
2703 4245 3015 4301 commoda

1857 4310 2034 4379 agris,
2058 4312 2388 4384 arboribus,
2414 4326 2855 4401 peregrinisque
2885 4332 3072 4402 bonis,

1858 4401 1920 4451 ut
1943 4397 2064 4455 haec
2085 4404 2324 4461 castella
2357 4397 2774 4487 pradiclaaque
2793 4421 2964 4479 urbes

1856 4487 1943 4540 vel
1976 4488 2121 4559 ipsis
2153 4496 2383 4566 magnis
2416 4501 2663 4560 urbibus
2693 4510 2998 4569 antistent.

1858 4575 1956 4631 His
1989 4578 2068 4633 ita
2095 4583 2307 4651 gestis;
2347 4586 2579 4646 interim
2612 4599 2917 4655 Paeonibus

1780 4657 1823 4722 D
1853 4663 2028 4720 ﬁdem
2053 4669 2310 4738 juratam
2342 4676 2533 4734 denuo
2565 4690 2998 4758 rumpentibus,

1857 4753 2056 4811 relicta
2089 4761 2246 4831 regia
2279 4768 2468 4838 pergit
2498 4753 2814 4843 imperator

1855 4845 2154 4903 Serdicam
2190 4866 2377 4923 usque
2410 4859 2636 4931 urbem,
2672 4879 2787 4934 quo
2821 4871 3124 4930 condictus

1855 4933 2132 4992 Romanis
2165 4941 2492 5010 legionibus
2522 4933 2844 5013 conventus
2873 4965 3014 5017 erat.

1857 5021 1959 5078 Ubi
1995 5026 2277 5085 universae
2309 5047 2707 5097 convenerunt
2729 5048 2926 5117 copiae.

1854 5113 2068 5170 ducum
2104 5120 2481 5190 prudentium
2509 5130 2698 5188 Casar
2730 5113 3075 5198 de-consilio

1854 5204 2250 5264 Andronicum
2283 5219 2441 5270 creat
2470 5224 3027 5300 contostephanum,

1852 5293 2040 5350 virum
2071 5302 2422 5358 mavortium
2455 5308 2670 5377 preliis
2697 5313 3005 5385 invictum,

1853 5382 2025 5454 eique
2054 5386 2276 5446 bellum
2309 5398 2622 5455 committit
2653 5382 3078 5477 Hungaricu—m.

1853 5471 1906 5527 Is
1937 5489 2067 5530 vero
2097 5490 2401 5552 assumpto
2431 5488 2683 5545 exercitu
2717 5495 2982 5553 Romano

1853 5563 2045 5635 pergit
2074 5567 2132 5622 in
2162 5566 2360 5626 hostes
2392 5587 2525 5630 cum
2553 5581 2671 5634 Deo
2703 5584 2977 5656 propitio,

1850 5654 2232 5729 trajectisque
2263 5659 2410 5717 Savo
2440 5668 2496 5719 et
2530 5665 2678 5725 Istro
2711 5654 2907 5731 fluviis

1850 5741 2178 5816 ingreditur
2207 5749 2593 5823 Zeugminum
2626 5760 2832 5821 urbem
2866 5772 3160 5840 nostram;

3409 468 3506 520 166
