4208 6430
158 393 243 447 169
1659 371 2025 428 οδεΑΒΒε.
3436 371 3539 425 17o

1816 491 1869 558 Α
1898 493 2110 567 Sicque
2140 497 2397 553 Venetiis
2431 497 2662 553 interim
2696 503 3058 552 manserunt.

1901 583 2084 639 Multo
2116 590 2249 656 post
2281 591 2476 641 tamen
2506 586 2778 640 ordinata
2807 585 3020 654 classe,

1903 671 2058 727 facili
2088 689 2263 729 cursu
2295 673 2653 730 infestabant
2681 674 2904 731 insulas
2938 690 2952 730 :

1902 777 2104 816 verum
2133 763 2404 834 opposita
2434 764 2830 820 Romanorum
2863 763 3072 819 classis

1903 849 2212 907 cohibebat
2240 851 2372 907 illos
2402 871 2434 908 a
2463 869 2569 908 suo
2604 851 2928 909 latrocinio.

1903 947 2092 1012 Quare
2121 949 2370 1006 dimisso
2399 951 2734 1007 decertandi
2766 950 2962 1006 studio

1907 1051 2093 1108 neque
2115 1038 2239 1108 jam
2273 1039 2428 1094 hosti
2461 1041 2707 1096 navibus
2741 1044 3036 1108 nocentes,

1905 1141 2037 1180 cum
2071 1143 2205 1198 rege
2235 1128 2430 1183 Siculo
2460 1129 2841 1185 conventione
2873 1131 3025 1183 facta

1908 1214 2080 1270 tidem
2107 1217 2363 1286 juratam
2397 1224 2663 1290 pangant
2689 1217 2978 1274 amicitiae.

1903 1303 2147 1374 Cognita
2176 1321 2257 1374 re,
2289 1310 2479 1362 Ctesar
2506 1306 2734 1378 imperii
2768 1311 2943 1373 tutor,

1906 1393 1977 1447 ad
2014 1393 2410 1450 Romanorum
2443 1397 2660 1452 damna
2684 1396 3048 1466 conjuratam

1905 1480 2246 1537 deliberavit
2271 1483 2493 1539 solvere
2519 1483 2780 1540 amicitia

1907 1585 2085 1640 quam
2117 1571 2313 1626 studio
2349 1572 2586 1629 ultionis
2618 1590 2751 1628 cum
2787 1589 2917 1641 rege
2949 1573 3309 1644 pepigerant.

1907 1657 2126 1730 Nempe
2157 1660 2460 1732 patienter,
2494 1661 2721 1729 callide,
2755 1661 3028 1716 benevole

1907 1745 2040 1804 illos
2073 1750 2142 1803 ad
2173 1754 2425 1806 veterem
2457 1752 2635 1806 traxit
2662 1751 3006 1818 amicitiam,

1909 1835 2047 1892 facti
2079 1838 2344 1909 cujusvis
2375 1840 2669 1911 impertita
2699 1841 2886 1896 venia.

1833 1906 1881 1969 Β
1913 1906 2168 1998 Insuper
2191 1928 2380 2000 prisca
2409 1906 2709 2000 privilegia
2741 1929 2989 1985 indulsit
3021 1946 3034 1984 :

1913 2020 1970 2070 et
1999 2015 2287 2088 quidquid
2319 2017 2550 2074 Venetae
2585 2019 2665 2074 rei
2697 2023 2934 2091 captum
2969 2018 3156 2074 fuerat

1915 2108 1973 2158 et
2003 2105 2060 2159 in
2095 2107 2406 2176 quaestorio
2437 2107 2778 2163 servabatur
2808 2108 2990 2180 regio,

1916 2193 2173 2249 reddidit
2203 2192 2350 2267 ipsis
2379 2196 2578 2251 animo
2609 2195 2847 2252 libente.

313 513 421 570 Kal
452 516 587 587 σφᾶς
622 511 716 582 μὶν
749 509 893 582 εἶχεν
922 508 958 576 ἢ
990 503 1204 563 Βενετία
1227 502 1368 558 τότε⁸

319 601 475 658 Μετὰ
501 596 564 654 δε
593 598 800 673 μακρὸν
836 592 1240 670 ηὖτρεπικότες
1269 591 1465 646 στόλον

316 691 536 758 Νήσους
566 686 794 741 έκάκουν
823 681 1144 744 ἐκπλέοντες
1175 678 1481 756 εὐδρόμως⁸

313 774 483 834 Ἀλλ’
508 775 856 849 ἀντίπρωρος
888 771 1145 829 Αὐσόνων
1178 768 1394 832 σταλεὶς
1422 764 1617 826 στόλος

155 869 278 925 4350
317 863 472 921 Ι]λοῦ
502 863 889 938 σφᾶςξάπῖρᾷ
917 863 1236 936 πειρατικοῦ
1262 857 1352 912 καὶ
1389 855 1598 931 μάχης.

314 953 511 1012 Τοίνυν
542 951 874 1013 ἀποστάντες
906 971 966 1023 γε
993 953 1092 1004 τοῦ
1133 945 1220 1002 διὰ
1253 948 1442 1021 μὶχης

313 1042 584 1118 Ἐχθροὺς
610 1045 794 1102 κακῶς
823 1037 951 1116 δρᾷν
986 1037 1283 1110 ἀμύνεσθαι
1312 1037 1361 1090 τ’
1388 1034 1452 1088 αὖ
1482 1028 1688 1102 στόλῳ,

312 1132 458 1205 Πρὸς
490 1129 629 1206 ῥῆγα
657 1129 942 1192 συνέθεντο
972 1133 1072 1196 τῆς
1105 1123 1360 1185 Σικελίας

310 1221 511 1293 Ὀρκια
538 1219 703 1272 πιστᾶ
733 1211 1031 1288 συμϐάσεις
1059 1235 1119 1269 τε
1148 1211 1353 1290 φιλίας.

152 1311 273 1365 4355
309 1309 380 1365 Ὀ
405 1306 566 1381 γνοὺς
602 1303 861 1381 βασιλεὺς
893 1305 922 1358 ό
953 1300 1274 1378 προμηθεὺς
1307 1297 1563 1356 Αὐσόνων

317 1395 417 1451 Kal
446 1397 543 1456 τὰς
571 1393 660 1449 ἰπὶ
693 1391 933 1466 λύμῃξγε
961 1398 1059 1460 τῆς
1101 1386 1409 1461 Ῥωμαίδος

319 1482 655 1561 Συμφωνίας
683 1485 830 1548 σφῶν
867 1477 1220 1552 ἐννοούμενος
1263 1475 1422 1530 λῦσαι

315 1574 416 1635 Ἀς
446 1571 575 1646 ῥηγί
607 1571 936 1642 συνέπραξαν
966 1566 1181 1641 ἀμύνης
1209 1566 1392 1640 χάριν,

322 1660 706 1732 ’Δνεξικάκως,
737 1659 1004 1732 εὐμενῶς,
1043 1655 1376 1729 εὐμηχάνως

153 1761 278 1816 4360
316 1759 462 1832 Πρὸς
496 1756 685 1835 φιλίαν
719 1754 963 1812 ε’ίλκυσεν
997 1751 1192 1816 αὐτοὺς
1218 1753 1319 1820 τὴν
1344 1749 1538 1806 πάλαι.

316 1849 378 1903 Ἀ
392 1845 658 1920 μνηστίαν
692 1842 819 1906 δοὺς
848 1849 956 1899 τῶν
991 1841 1140 1920 σφίσι
1172 1839 1588 1915 πεπραγμένων·

323 1937 469 2011 Πρὸς
500 1933 546 1989 δ’
577 1935 644 1988 αὖ
674 1929 771 2005 ἔθη
805 1929 1024 1988 δίδωσιν
1057 1929 1242 1992 αὐτοῖς
1273 1929 1340 1983 τὶ
1368 1927 1563 1982 πάλαι⁶

320 2025 422 2079 Kal
455 2027 602 2101 σφῶν
636 2021 777 2076 ὅσων
806 2019 1002 2096 εἴληφε
1028 2017 1225 2094 τοπρὶν
1265 2015 1450 2072 οὖσίαν

324 2114 424 2167 Kal
456 2109 622 2182 τήνδε
655 2109 931 2186 βασίλειος
963 2107 1214 2184 έφρούρει
1241 2106 1424 2182 στέγη,

161 2205 290 2260 4305
327 2205 458 2264 Τοῖς
489 2202 799 2261 Βενετίκοις
827 2195 1073 2253 ἀπέδωκε
1092 2195 1418 2272 προφρόνως

324 2291 576 2346 Γενναίαν
603 2291 730 2362 ἄναξ
763 2287 947 2343 οὐτοσὶ
976 2284 1236 2340 πλουτῶν
1269 2283 1449 2351 φύσιν,

321 2378 657 2456 Ὀξύρῥοπός
685 2379 731 2432 τ’
765 2375 839 2431 ὢν
873 2376 924 2432 ἰν
962 2374 1167 2450 μάχαις
1198 2369 1535 2440 ἀντιπάλων,

321 2469 659 2544 Δραστηριός
690 2488 748 2522 τε
775 2467 1195 2541 καρτερόψυχος
1229 2461 1372 2531 λίαν,

328 2559 424 2613 Kal
461 2555 749 2633 διενεργῶν
783 2553 829 2609 δ’
860 2556 1052 2610 ἑαυτοῦ
1079 2553 1173 2614 τὰς
1209 2552 1417 2626 μάχας,

161 2659 289 2713 4370
328 2661 533 2724 Δεῆσαν
559 2651 732 2708 *ίππον
763 2647 1038 2707 ἀνέϐαινεν
1069 2649 1284 2717 αὐτίκα,

327 2743 426 2798 Kal
457 2749 558 2812 τῆς
593 2746 846 2817 στρατιᾶς
877 2741 944 2809 ἦν
973 2741 1285 2814 προμαχῶν
1313 2734 1584 2808 εὐθύμως.

326 2833 530 2903 Ἔξεισι
560 2829 748 2886 τοίνυν
780 2828 915 2884 κατὰ
944 2825 1242 2883 σουλτάνου
1271 2822 1434 2879 πάλιν

327 2923 780 2996 Κατατρέχοντος
806 2925 912 2974 Ῥω
922 2918 1090 2990 μαϊκά
1119 2934 1161 2990 χ
1162 2919 1321 2990 ωρῖα,

331 3011 439 3068 Kal
466 3011 675 3086 γίνεται
707 3006 775 3078 δὴ
809 3008 945 3083 πρὸς
976 3005 1115 3079 Θέμα
1147 3003 1440 3080 Δορυλέου,

168 3105 297 3160 4375
334 3103 500 3164 Ἔνθα
528 3098 801 3176 χρονίζων
834 3095 890 3151 εὖ
917 3094 1188 3163 ἀνακτίζει
1217 3090 1343 3148 τόδε

326 3189 514 3264 Τείχει
545 3195 592 3242 τ’
624 3188 818 3262 ὀχυρῷ
844 3187 935 3241 καὶ
959 3183 1259 3258 περιτείχῳ
1289 3179 1421 3253 ξένῳ

332 3273 656 3353 Περιϐαλὼν
689 3273 746 3331 εὖ
774 3273 1166 3349 κατοχυρώσας
1198 3271 1245 3325 0’
1277 3268 1410 3343 ἅμα·

330 3367 437 3426 Kal
467 3365 593 3428 δοὺς
627 3363 874 3443 φυλακην
907 3367 985 3425 ὡς
1014 3362 1139 3432 ἐνῆν
1163 3357 1295 3432 τῷδ’
1326 3358 1496 3432 ἀξίαν,

329 3460 524 3532 Μερῶν
551 3453 880 3509 ἀπανίστατο
909 3455 1019 3507 τῶν
1053 3447 1346 3525 Δορυλέου’

1917 2291 2019 2346 llic
2049 2295 2166 2346 tam
2200 2293 2430 2365 egregio
2460 2294 2737 2366 praeditus
2769 2293 3002 2366 ingenio

1915 2382 2127 2448 Cmsar,
2161 2381 2230 2436 ad
2266 2399 2491 2453 pugnas
2523 2382 2715 2439 alacer
2747 2382 3108 2455 pangendas,

1916 2468 2142 2537 efﬁcax,
2177 2469 2374 2526 animo
2406 2471 2722 2527 admodum
2755 2475 3084 2536 constante,

1917 2562 1974 2613 et
2005 2575 2107 2631 per
2136 2576 2198 2616 se
2223 2559 2349 2633 ipse
2381 2561 2533 2616 bella
2563 2561 2901 2626 conficiens,

1920 2649 2019 2704 ubi
2051 2666 2199 2722 Opus
2228 2655 2372 2720 erat,
2407 2651 2607 2707 statim
2639 2668 2789 2723 equo
2820 2651 3092 2706 inscenso

1921 2740 2147 2811 primus
2179 2740 2236 2796 in
2269 2741 2392 2796 acie
2422 2744 2659 2797 strenue
2691 2740 3007 2812 perstabat.

1921 2828 2140 2885 Iterum
2171 2845 2307 2902 ergo
2338 2831 2527 2902 pergit
2555 2831 2614 2886 in
2648 2831 2948 2887 sultanum

1919 2936 1954 2975 a
1983 2935 2099 2991 quo
2133 2923 2400 2976 Romanae
2431 2920 2884 2976 incursabantur
2908 2923 3098 2987 terras,

1919 3012 1977 3063 et
2005 3025 2191 3080 usque
2221 3009 2293 3064 ad
2325 3009 2525 3066 thema
2555 3008 2817 3081 pervenit
2845 3007 3098 3080 Dorylei.

1921 3107 2006 3163 Ibi
2040 3107 2370 3165 subsistens
2399 3107 2750 3164 instauravit
2779 3107 2983 3163 urbem

1919 3195 2129 3252 validis
2161 3197 2453 3253 mmuibus
2485 3197 2752 3272 miroque
2778 3195 2926 3251 vallo

1843 3270 1887 3338 (ἶ
1923 3285 1976 3342 ei
2007 3285 2446 3358 circumposito,
2477 3302 2611 3342 cum
2644 3270 3134 3359 propugnaculis;

1915 3374 2312 3448 impositoque
2341 3375 2551 3432 idoneo
2584 3375 2855 3448 praesidio

1915 3482 1984 3522 ex
2015 3481 2155 3538 agro
2185 3465 2413 3538 Dorylei
2445 3470 2638 3522 castra
2670 3465 2875 3535 movit,

1915 3559 2088 3628 atque
2119 3554 2330 3612 Subleo
2362 3555 2550 3611 adtuit
2580 3554 2820 3611 castello
2852 3569 2867 3609 :

1917 3642 2162 3714 ipsoque
2194 3642 2412 3715 pariter
2439 3647 2570 3715 apte
2600 3642 2987 3709 communito,

1915 3736 1973 3787 et
2001 3731 2245 3804 reliquis
2275 3731 2602 3805 dispositis,
2635 3731 2704 3787 ad
2739 3731 2946 3787 urbem
2979 3729 3148 3786 redit.

1917 3821 2030 3876 Sed
2063 3821 2217 3877 brevi
2249 3821 2480 3894 requies
2512 3820 2815 3876 intervallo
2848 3820 2956 3875 fuit
2990 3838 3003 3876 :

161 3557 291 3612 4880
329 3553 643 3634 Ἐφίσταται
675 3549 733 3606 δε
762 3548 1007 3630 φρουρίῳ
1036 3552 1116 3621 τῷ
1148 3543 1431 3634 Σοοϐλέῳ·

330 3648 549 3702 Κακεῖν’
575 3641 785 3714 ὁμοίως
816 3639 1101 3700 ἀνακτίσας
1134 3636 1207 3698 ὡς
1237 3633 1380 3706 δέον,

329 3734 433 3790 Καὶ
468 3731 639 3787 πάντα
669 3730 780 3794 θεὶς
813 3729 890 3801 εὗ,
923 3728 1060 3803 πρὸς
1091 3723 1254 3782 πόλιν
1292 3723 1635 3800 ὑποστρέφει·

325 3821 550 3898 Βραχῦς
583 3820 772 3898 ἐφεξῆς
802 3816 1154 3891 παρελήλυθε
1187 3813 1408 3890 χρόνος⁶

331 3912 436 3968 Καὶ
469 3910 591 3973 καθ’
619 3907 840 3970 ὶαυτοὺς
874 3903 1132 3980 βασιλεὺς
1158 3903 1249 3958 καὶ
1281 3904 1577 3965 σουΑτὰνος

168 4003 303 4058 4385
338 3999 685 4072 Ὑπέσμυχον
717 3999 825 4072 πῦρ
856 3994 907 4050 έν
940 3990 1138 4064 σποδιᾷ
1164 3989 1386 4067 καρδίας

333 4091 614 4162 Ἐναυσμα
648 4086 829 4163 βραχὺ
872 4083 1227 4159 μνησικακίας
1259 4082 1461 4159 χόλου,

338 4179 445 4236 Kal
475 4177 622 4232 τοῦτ’
643 4174 843 4248 ἀνάψαι
871 4169 1231 4229 κατέσπευδον
1264 4171 1340 4234 εἷς
1371 4171 1573 4249 φλόγα’

337 4267 630 4340 Ἐκάτερος
657 4268 788 4339 γοῦν
823 4259 1073 4336 ἐγκαλῶν
1103 4259 1365 4336 ἐκατέρῳ,

331 4357 580 4430 ἰ’πῆρχε
611 4356 795 4430 σαφῶς
817 4350 910 4406 καί
941 4347 1216 4421 διηπείλει
1251 4349 1408 4424 μέγα·

169 4457 304 4513 4390
340 4455 408 4512 Ὀ
441 4452 496 4508 έν
531 4447 787 4528 βασιλεὺς
816 4448 913 4512 τὰς
942 4446 1183 4509 ὑπούσας
1213 4444 1469 4520 δυνάμεις

335 4543 521 4604 Πάσας
553 4540 811 4615 ἀθροίσας
842 4538 917 4600 ὡς
950 4536 1073 4607 ένῆν
1106 4537 1445 4612 πανταχόθεν

335 4630 557 4692 Ἀλλας
583 4631 633 4685 τ’
662 4629 744 4684 ἐπ’
778 4625 979 4688 ἄλλαις
1010 4626 1331 4702 συναγαγὼν
1363 4626 1439 4688 ὡς
1471 4623 1589 4681 δέον

339 4721 430 4792 Ἐξ
461 4717 688 4774 Ἰταλῶν
718 4736 778 4772 τε
807 4715 897 4770 καὶ
930 4719 1153 4778 Σκυθῶν
1184 4714 1519 4791 παριστρίων

344 4810 448 4866 Καὶ
480 4808 862 4883 συγκροτήσας
900 4804 1269 4881 μυριάριθμον
1289 4803 1477 4881 στίφος

175 4903 312 4960 4395
349 4899 661 4978 Ἀφανίσων
695 4892 874 4950 ἄπεισι
904 4893 1166 4967 Περσικὸν
1198 4897 1394 4969 φῦλον,

350 4989 448 5044 Kal
481 4983 818 5063 κατερείψων
849 4983 1078 5040 Ἰκόνιον
1111 4981 1189 5045 είς
1205 4979 1356 5054 ἰδος,

351 5076 499 5151 Πρὸς
532 5072 579 5130 δ’
613 5075 678 5129 αὗ
705 5093 767 5150 γε
794 5072 1144 5146 Περσάνακτα
1171 5071 1410 5142 καθέξων
1445 5071 1536 5147 βίᾳ

350 5166 458 5223 Καὶ
490 5164 891 5238 συμπατήσων,
922 5161 997 5223 ὡς
1028 5158 1172 5234 ἔθος,
1201 5161 1320 5216 κατ’
1353 5159 1604 5238 αὐχένος.

351 5256 595 5332 Ἀπάρας
630 5254 836 5308 οὐκοῦν
869 5249 930 5306 lx.
957 5251 1257 5321 Βυζαντίου
1276 5251 1446 5327 τάχος

173 5352 311 5409 4400
341 5345 496 5406 Μετὰ
525 5346 779 5420 στρατιᾶς
811 5339 901 5396 διὰ
931 5340 1174 5418 Φρυγίας
1207 5340 1397 5417 μέσης,

349 5437 447 5499 El:
476 5435 670 5495 Χώνας
699 5432 870 5502 ἦλθεν
903 5431 960 5485 εὖ
989 5431 1155 5486 πόλιν
1187 5431 1518 5506 ᾠκισμένηνο

359 5526 616 5589 Κάκεῖθεν
645 5522 963 5596 έξώρμησεν
995 5519 1071 5583 είς
1101 5517 1277 5596 ἔρυμά
1302 5543 1355 5578 τι

366 5621 437 5698 ’ῼ
465 5611 884 5691 Μυριοκέφαλον
915 5613 980 5681 ἦν
1013 5610 1211 5684 κλῆσις
1227 5613 1422 5688 πάλαι,

370 5708 495 5786 Ἀφ’
528 5703 692 5780 οὗπερ
727 5701 1044 5772 εΐσήλαυνεν
1075 5701 1198 5759 εὐθὺ
1230 5703 1493 5781 Περσίδος

475 5829 750 5889 Panos.
797 5822 911 5887 Gn.
958 5824 1221 5890 CXLIII.

1918 3910 2167 3966 invicem
2201 3909 2420 3981 quippe
2448 3913 2642 3966 Caesar
2670 3913 2728 3964 et
2755 3908 3027 3965 sultanus

1920 3999 2117 4071 ignem
2151 3998 2423 4054 fovebant
2452 3998 2563 4053 sub
2593 3999 2786 4054 cordis
2817 3998 3136 4066 cineribus,

1922 4087 2186 4143 fomitem
2219 4091 2557 4161 promptum
2591 4087 2878 4143 meditata:
2913 4086 3175 4157 ultionis,

1925 4181 2098 4249 atque
2128 4185 2472 4249 erupturum
2506 4177 2776 4250 protinus
2806 4177 2865 4231 in
2898 4176 3223 4232 flammam.

1929 4267 2183 4339 Uterque
2209 4266 2436 4322 scilicet
2465 4266 2823 4322 accusabant
2848 4265 3095 4321 invicem

1927 4355 2184 4427 querelis
2213 4355 2548 4412 manifestis
2581 4354 2874 4427 minisque
2903 4355 3203 4428 gravibus.

1928 4455 2322 4521 Quamobrem
2353 4454 2545 4510 Casar
2573 4453 2726 4509 vires
2758 4453 3065 4508 universas

1930 4543 2193 4615 undique
2225 4543 2598 4613 contrahens,
2633 4542 2846 4614 hisque
2875 4541 3286 4614 supplementa

1851 4636 1901 4703 ι)
1933 4633 2048 4690 alia
2072 4636 2251 4706 atque
2281 4632 2418 4704 alia,
2450 4637 2515 4688 ut
2545 4649 2649 4704 par
2678 4637 2827 4701 erat,
2859 4632 3084 4687 addens

1940 4739 2009 4779 ex
2039 4721 2198 4779 Italis
2231 4727 2405 4794 atque
2431 4721 2666 4795 Scythis
2698 4723 2767 4777 ad
2801 4723 3017 4776 Istrum
3051 4719 3281 4792 positis,

1942 4816 2407 4884 congregatoque
2435 4813 2747 4868 innumero
2775 4810 3054 4881 exercitu,

1943 4902 2237 4959 Persicam
2268 4901 2461 4974 pergit
2487 4918 2592 4958 ceu
2616 4901 2913 4957 deleturus
2941 4903 3197 4973 gentem,

1946 4991 2330 5064 lconiumque
2359 4991 2527 5047 humi
2560 4994 2979 5063 prostraturus,

1948 5085 2195 5155 ejusque
2227 5097 2420 5154 regem
2452 5081 2697 5153 insuper
2719 5084 3024 5152 capturus,

1952 5177 2015 5230 ut
2045 5174 2192 5245 pede
2217 5172 2458 5239 collum,
2491 5171 2564 5227 de
2594 5185 2779 5235 more,
2810 5169 3080 5226 calcaret.

1952 5262 2142 5337 Igitur
2170 5260 2383 5334 raptim
2417 5261 2714 5333 profectus
2745 5257 3020 5331 Byzantio

1956 5369 2088 5408 cum
2122 5351 2248 5408 suis
2278 5339 2461 5423 copiis
2493 5348 2806 5422 Phrygiam
2840 5346 3265 5420 pertransiens,

1954 5442 2189 5499 Chonas
2218 5439 2453 5496 devenit
2480 5439 2807 5511 elegantem
2845 5437 3072 5492 urbem.

1960 5531 2129 5589 Illinc
2156 5530 2228 5587 ad
2260 5533 2520 5586 castrum
2550 5528 2846 5600 quoddam
2882 5531 2972 5582 est
3003 5541 3375 5598 progressus,

1959 5623 2055 5680 cui
2087 5636 2302 5679 nomen
2332 5623 2502 5676 vetus
2531 5622 2656 5674 erat
2683 5615 3155 5691 Myriocephalon
3194 5632 3208 5671 :

1962 5713 2118 5771 unde
2150 5707 2408 5784 pervasit
2436 5707 2496 5764 in
2529 5705 2812 5764 ditionem
2845 5705 3140 5762 Persicam

3302 5826 3344 5887 6
