4190 6448
596 478 698 534 171

601 601 855 658 tendens
886 597 957 654 ad
992 592 1206 651 moenia
1235 588 1434 660 inclyti
1469 585 1670 651 Iconii,

601 707 734 747 cum
770 686 1023 744 exercitu
1054 683 1265 750 valido,
1299 677 1618 736 fortissimo

601 787 661 837 et
689 795 825 836 cum
859 775 1110 849 expertis
1145 769 1444 845 prwliandi
1477 765 1750 831 ducibus,

603 868 828 926 itineris
861 865 1144 924 stationes
1177 860 1493 934 prudenter
1526 853 1773 911 metiens

603 962 838 1031 propter
860 956 1136 1027 jumenta
1167 945 1456 1005 machinis
1488 948 1700 1001 onusta

603 1065 737 1104 cum
771 1043 1096 1102 artiﬁcibus
1129 1041 1253 1096 suis
1287 1035 1611 1092 inermibus

606 1153 795 1210 neque
823 1132 1061 1206 gerendi
1094 1128 1231 1185 belli
1263 1125 1488 1198 peritis.

605 1232 721 1290 Nec
750 1250 885 1290 vero
916 1230 1190 1287 sultanus
1223 1242 1338 1281 non
1370 1220 1613 1294 cogebat
1645 1215 1866 1289 copias.

607 1327 726 1382 imo
757 1321 1007 1395 gentiles
1039 1315 1378 1374 accersebat
1408 1308 1731 1383 suppetias,

609 1421 668 1470 et
699 1410 1102 1469 defensionem
1136 1411 1374 1461 strenue
1405 1398 1748 1473 apparabat.

608 1509 824 1560 Tamen
859 1501 1083 1572 legatos
1117 1494 1282 1550 misit
1312 1492 1382 1547 ad
1413 1491 1696 1546 Caesarem

603 1595 872 1667 juratum
906 1587 1094 1643 foedus
1128 1584 1229 1656 qui
1262 1581 1675 1641 memorarent,

612 1685 910 1752 ﬁdemque
941 1686 1125 1733 ratam
1160 1686 1289 1728 esse
1323 1667 1710 1743 postularent.

613 1773 724 1829 Sed
758 1770 915 1825 enim
948 1764 1112 1820 irrita
1142 1761 1360 1817 foedera
1390 1772 1634 1813 cernens

613 1859 916 1923 Bultanus,
951 1854 1107 1909 locos
1138 1852 1384 1920 occupat
1412 1843 1684 1901 difficiles

617 1958 794 2021 atque
826 1947 1049 2002 viarum
1085 1940 1312 1996 obsidet
1343 1934 1668 2008 angustias,

619 2039 955 2095 clausuram
987 2033 1127 2088 olim
1162 2030 1378 2083 dictam
1410 2024 1758 2089 Tzibritzen,

621 2146 726 2201 per
758 2142 934 2198 quam
969 2123 1268 2177 Romanus
1300 2131 1433 2171 cum
1467 2115 1688 2169 Caesare
1718 2108 2006 2167 exercitus

625 2200 940 2290 gressurus
971 2219 1095 2268 erat
1123 2207 1366 2264 veniens
1400 2200 1849 2276 Myriocephalo.

634 2308 779 2363 Illuc
809 2303 1081 2360 sultanus
1115 2314 1254 2354 suae
1285 2294 1480 2366 copias
1510 2291 1749 2362 conjicit

632 2413 790 2453 more
821 2391 1124 2449 barbarico
1155 2387 1345 2442 latens
1377 2385 1434 2438 in
1466 2381 1721 2447 insidiis,

634 2493 698 2542 ut
729 2501 861 2540 mox
891 2483 1090 2537 dolose
1121 2482 1414 2532 Romanos
1444 2471 1763 2526 invaderet.

630 2586 734 2642 Est
763 2586 959 2640 autem
988 2579 1153 2634 locus
1181 2574 1443 2644 undique
1473 2574 1821 2642 praeruptus,

634 2681 937 2746 Angustus
967 2667 1220 2724 valde~et
1251 2677 1493 2735 prorsus
1524 2659 1867 2731 impervius,

634 2767 918 2821 Taenarus
948 2758 1235 2824 infernus,
1267 2748 1576 2809 Charontis
1607 2763 1872 2819 campus,

634 2853 804 2910 vallis
834 2847 1104 2906 difficiles
1135 2845 1355 2899 ducens
1387 2840 1446 2895 in
1479 2838 1800 2894 anfractus.

635 2938 1067 3014 Illapsoigitur
1095 2934 1153 2988 in
1182 2929 1484 3002 angustias
1515 2926 1792 2994 exercitu,

635 3031 841 3088 velites
872 3027 1109 3100 quidem
1141 3027 1197 3079 et
1227 3020 1500 3077 ordinum
1532 3016 1805 3088 prafecti,

640 3121 808 3194 queis
838 3113 1203 3191 precedendi
1235 3107 1459 3168 caeteris
1484 3123 1626 3163 cura
1656 3107 1813 3177 data,

640 3210 1060 3285 praetereuntes
1090 3204 1217 3259 sine
1247 3201 1462 3256 damno
1490 3197 1684 3252 locum

643 3302 715 3359 ad
747 3297 1005 3373 spatiosa
1033 3294 1144 3350 tuti
1176 3292 1556 3347 devenerunt.

639 3406 713 3462 At
740 3402 1064 3474 imperator
1091 3395 1150 3451 in
1185 3396 1440 3450 extremo
1472 3387 1727 3462 agmine,

643 3496 778 3567 post
800 3492 925 3562 jam
957 3490 1188 3544 exertos
1219 3481 1455 3538 insidiis
1487 3477 1774 3534 Barbaros

641 3583 874 3653 telaque
904 3579 963 3634 in
997 3578 1192 3650 ipsum
1223 3586 1475 3643 saxaque
1497 3568 1812 3640 jacientes,

643 3676 845 3746 utpote
875 3667 1078 3725 acclivi
1111 3681 1179 3720 ex
1211 3666 1460 3732 utroque
1490 3659 1693 3726 latere,

645 3778 753 3820 nec
782 3761 895 3816 iter
925 3754 1198 3830 persequi
1231 3750 1400 3807 facile
1431 3751 1678 3822 poterat,

645 3869 752 3910 nec
782 3846 1129 3924 propulsare
1159 3861 1192 3900 a
1222 3845 1413 3898 semet
1444 3835 1771 3912 periculum
1806 3850 1821 3894 :

649 3958 755 4000 nec
786 3923 1102 4014 quisquam
1136 3929 1359 4005 aliquid
1391 3944 1562 4002 agere
1594 3926 1654 3984 in
1684 3923 1942 3984 exercitu

651 4031 838 4089 milite
868 4030 1115 4101 dignum
1147 4028 1576 4090 strenuumque
1606 4020 1852 4089 poterat,

650 4121 945 4186 curribus,
980 4117 1190 4182 bobus,
1223 4108 1631 4179 machinisque
1661 4103 1910 4176 bellicis,

653 4210 881 4287 aggeris
913 4209 1100 4264 instar
1128 4203 1281 4260 viam
1314 4195 1800 4271 impedientibus.

649 4286 889 4374 Atergo
921 4302 1117 4354 autem
1152 4291 1423 4350 Persicus
1453 4286 1744 4344 exercitus

653 4392 991 4451 nimborum
1022 4387 1212 4441 instar
1233 4378 1436 4453 jacula
1464 4375 1785 4446 conjiciens

650 4485 903 4540 arduum
937 4491 1179 4551 prorsus
1207 4469 1491 4527 reddebat
1521 4479 1874 4538 regressum.

650 4581 907 4638 Cadebat
938 4591 1074 4647 ergo
1106 4574 1211 4629 bos
1242 4585 1375 4625 cum
1408 4563 1662 4622 bubulce
1694 4579 1824 4633 suo,

652 4687 786 4728 cum
819 4684 969 4740 equo
1000 4677 1182 4736 eques
1212 4657 1544 4731 exspirabat
1575 4654 1786 4709 misere

652 4768 964 4822 Persarum
997 4757 1129 4814 telis
1159 4752 1423 4811 conﬁxus
1455 4746 1806 4816 mortiferis;

654 4860 830 4926 atque
855 4848 1161 4908 turmatim
1195 4842 1569 4900 caedebantur
1599 4850 1825 4903 omnes,

653 4951 936 5016 tanquam
968 4941 1280 4995 brutarum
1311 4947 1451 5005 grex
1482 4927 1837 4996 belluarum,

655 5041 713 5093 et
742 5029 1114 5092 circumclusi
1149 5025 1508 5082 feriebantur
1536 5016 1733 5075 cuncti

655 5122 950 5199 imperviis
981 5120 1039 5176 in
1071 5118 1249 5174 furcis
1281 5119 1338 5171 et
1366 5111 1494 5169 sine
1525 5109 1683 5166 exitu
1717 5121 1731 5164 :

653 5222 710 5274 et
739 5197 921 5288 plenae
950 5209 1129 5267 valles
1156 5208 1326 5262 erant
1353 5197 1740 5259 cadaveribus

651 5309 968 5377 faucesque
1000 5299 1233 5356 hiantes
1265 5292 1555 5350 montium
1586 5293 1644 5346 et
1671 5301 1928 5343 caverna
1960 5299 1974 5342 :

650 5398 754 5454 rivi
789 5393 1015 5452 cruoris
1045 5386 1458 5453 decurrebant,
1491 5379 1639 5438 heul

650 5489 826 5544 misto
858 5485 1166 5541 brutorum
1199 5475 1630 5542 hominumque
1670 5466 1980 5540 sanguine,

650 5580 862 5635 cuncta
893 5575 1060 5630 erant
1092 5570 1265 5642 plena
1300 5561 1547 5621 miseriae
1576 5563 1634 5616 et
1661 5556 2015 5632 gemitnnm.

649 5671 834 5742 Atque
864 5665 988 5720 haec
1019 5662 1237 5717 flebant
1268 5657 1494 5712 Caesare
1525 5651 1827 5723 spectante

652 5759 753 5832 qui
785 5756 910 5814 suis
939 5752 1167 5810 nullam
1201 5750 1349 5804 ferre
1379 5759 1548 5816 opem
1581 5743 1828 5814 poterat.

653 5829 804 5913 Quin
836 5860 1071 5906 summo
1100 5842 1226 5914 ipse
1257 5842 1384 5896 erat
1410 5836 1471 5892 in
1503 5829 1843 5891 discrimine
1877 5836 1893 5884 ι

1839 454 2209 511 ΕΡΗΒΒΜΙΙ
2245 445 2768 504 CHONOGRAPHI

2283 573 2331 640 Α
2363 570 2504 625 4405
2543 569 2760 641 Τειχῶν
2795 561 3020 621 Ἰκονίου
3049 581 3107 617 τε
3136 563 3231 615 τοῦ
3262 556 3591 633 περικλυτοῦ

2535 657 2685 712 Μετά
2716 659 2965 731 στρατιᾶς
2997 651 3275 712 εὐσθενοῦς
3311 645 3622 725 ῥωμαλέας·

2537 744 2635 799 Καὶ
2661 744 3064 820 ταγματαρχῶν
3098 739 3328 814 ἀρεϊκῶν
3360 737 3410 792 ἐν
3450 736 3678 811 μάχαις,

2536 833 2818 910 Σταθμοὺς
2846 833 3106 908 ἀπάρσεις
3137 831 3415 904 νουνεχῶς
3446 827 3534 882 καὶ
3567 824 3658 880 σὺν
3691 823 3841 901 λόγῳ

2535 925 2644 988 Τὰς
2676 925 2792 980 καθ’
2826 921 2951 979 ὁδὸν
2983 919 3122 998 δρῶν
3158 920 3317 996 χάριν
3349 915 3654 993 ὑποζυγίων

2363 1017 2502 1072 4410
2539 1018 2603 1071 "A
2641 1013 2898 1088 μηχανάς
2930 1011 2988 1067 ἂν
3023 1011 3142 1086 εἶχε
3171 1009 3260 1064 καὶ
3293 1012 3437 1086 σφῶν
3470 1005 3718 1082 τεχνίτας

2537 1105 2734 1166 ’Όντσς
2765 1099 3006 1163 ἀόπλους
3040 1098 3221 1161 ἀδαεῖς
3249 1119 3309 1153 τε
3338 1103 3436 1167 τῆς
3473 1095 3679 1170 μάχης·

2542 1190 2693 1260 Πλὴν
2728 1188 2839 1246 οὐδ’
2871 1191 2898 1244 ὁ
2933 1187 3163 1244 σουλτᾶν
3187 1185 3385 1259 ἠμέλει
3419 1183 3856 1260 στρατευμάτων,

2545 1280 2909 1355 Συμμαχικὸν
2946 1276 2990 1333 δ’
3022 1276 3276 1351 ἤθροισεν
3311 1275 3369 1330 ἐκ
3397 1278 3503 1330 τῶν
3541 1271 3838 1351 συμφύλων

2545 1371 2686 1446 Πρὸς
2711 1367 3122 1442 ἀντιπαράταξιν
3155 1363 3607 1439 ηὐτρεπισμένον.

2370 1473 2509 1528 4415
2547 1463 2804 1545 Πρέσϐεις
2838 1465 2884 1522 δ’
2914 1466 3068 1541 ὅμως
3099 1465 3354 1542 πέπομφε
3386 1463 3520 1540 πρὸς
3559 1457 3805 1536 βασιλέα,

2546 1559 2726 1618 Αἲτῶν
2751 1557 3002 1634 ἐνόρκους
3033 1555 3216 1635 φιλίας
3251 1555 3338 1610 καὶ
3371 1548 3691 1627 συμϐάσης,

2546 1649 2824 1723 Ἐξάνυσίν
2856 1669 2914 1703 τε
2950 1645 3165 1723 βασιλεῖ
3203 1638 3542 1720 βουλητέων.

2550 1739 2698 1797 Ἐπεὶ
2733 1736 2776 1793 δ’
2810 1739 2954 1814 ἑώρα
2985 1731 3281 1811 συμϐάσεις
3314 1732 3629 1805 ἀνηνύτους,

2549 1832 2708 1905 Αἱριῖ
2737 1829 3047 1908 προφθάτας
3074 1825 3370 1886 σουλτάνος
3406 1819 3721 1898 δυσχωρίας

2377 1923 2515 1979 4420
2555 1919 2652 1978 Καὶ
2683 1918 2808 1982 τοὺς
2841 1915 3147 1978 στενωποὺς
3178 1916 3430 1992 ἀτραπῶν
3463 1909 3835 1988 πορευσίμων.

2555 2007 2888 2083 Κλεισούρας
2919 2007 2952 2075 ἢ
2985 2002 3223 2074 κέκλητο
3254 2001 3550 2076 Τζιβρίτζη
3585 1998 3774 2054 πάλαι·

2556 2105 2630 2153 Δι’
2652 2097 2720 2167 ἧς
2754 2098 2976 2172 στρατιὰ
3002 2095 3280 2168 Ῥωμαϊκή
3310 2093 3400 2146 καὶ
3420 2092 3638 2165 κράτωρ

2554 2183 2853 2243 Ἐσπευδον
2886 2184 3059 2248 ἐλθεῖν
3092 2183 3152 2237 ἐκ
3183 2177 3627 2257 Μυριοκεφάλου·

2556 2276 2629 2331 Οὗ
2660 2268 2924 2350 παραϐύει
2955 2269 3251 2334 σουλτάνος
3278 2269 3371 2331 τὰς
3406 2265 3684 2339 δυνάμεις,

2383 2371 2523 2426 4425
2555 2366 2742 2441 Λόχον
2773 2364 2995 2428 καθίσας
3025 2363 3100 2424 ὡς
3125 2359 3241 2423 ἔθος
3270 2365 3387 2421 τοῖς
3418 2351 3746 2432 Βαρϐάροις,

2559 2459 2646 2521 Ὧς
2676 2456 2736 2511 ἂν
2768 2453 3124 2511 ἐπεισπέσωσι
3155 2452 3454 2524 Ῥωμαίοις
3486 2447 3660 2520 δόλῳ.

2560 2551 2710 2606 Ἔστι
2743 2545 2790 2602 δ’
2817 2549 2844 2602 ὁ
2877 2550 3062 2623 χῶρος
3104 2543 3460 2618 ἀπόκρημνος
3497 2539 3717 2594 εἶσάπαν

2565 2640 2758 2699 Στενὸς
2787 2633 2993 2712 κομιδῆ
3030 2627 3405 2693 δυσστίϐευτός
3438 2651 3495 2685 τε
3525 2627 3719 2700 πλέον,

2563 2727 2826 2801 Ταίναρον
2859 2721 2990 2794 ᾅδου
3019 2723 3111 2778 καὶ
3138 2722 3419 2797 Χαρώνεια
3443 2716 3605 2792 πέδα,

2389 2832 2530 2888 4430
2566 2825 2766 2885 Αὐλῶν
2794 2826 3055 2899 προήκων
3087 2819 3448 2895 δυσπόρευτον
3483 2817 3559 2881 είς
3591 2811 3802 2893 τρίϐον.

2571 2916 2885 2990 Ἀψαμένης
2916 2912 3007 2968 οὗν
3042 2915 3293 2989 στρατιᾶς
3327 2907 3664 2984 δυσχωρίας,

2574 3003 2961 3083 Στρατεῦματα
2987 3003 3080 3076 μὶν
3111 2999 3200 3057 καὶ
3232 2997 3474 3074 λοχαγοὶ
3500 2995 3794 3073 ταγμάτων

2573 3099 2672 3158 Οἷς
2701 3096 2768 3163 ἦν
2796 3093 3053 3171 προάγειν
3081 3094 3334 3168 στρατιᾶς
3363 3086 3688 3162 τεταγμένον

2575 3182 3001 3260 Διεκδραμόντες
3032 3179 3253 3243 ἀπαθέἶς
3281 3183 3459 3236 κακῶν
3489 3176 3681 3244 τόπον,

2320 3310 2362 3378 C
2397 3282 2538 3337 4435
2575 3277 2669 3340 Εἲς
2701 3274 2908 3378 πλάτυς
2936 3271 3275 3344 ηὐλίσθησαν
3315 3264 3416 3342 ἔξω
3445 3265 3726 3325 κινδύνου·

2575 3370 2782 3443 Ἀγχοῦ
2812 3362 2870 3420 δὶ
2893 3365 3110 3441 κράτωρ
3141 3362 3351 3437 παριὼν
3386 3357 3645 3443 οὐραγίας

2576 3442 3036 3515 Ἐπεισπεσόντων
3071 3452 3122 3526 ἐξ
3154 3448 3399 3525 ένένδρας
3434 3442 3756 3524 Βαρϐάρων,

2578 3546 2724 3617 Βέλη
2757 3548 2802 3600 τ’
2833 3544 2916 3600 ἐπ’
2947 3543 3106 3600 αὐτὸν
3129 3541 3392 3615 ἀφιέντων
3424 3539 3513 3593 καὶ
3547 3535 3732 3600 λίθους

2579 3638 2668 3700 Ὠς
2697 3637 2834 3692 κατὰ
2861 3637 3100 3710 πρανοῦς
3133 3630 3184 3702 ἰξ
3215 3628 3470 3704 ἑκατέρου
3507 3625 3702 3703 μέρους

2404 3739 2543 3796 4440
2583 3736 2698 3795 Οὐκ
2726 3734 2842 3812 ἔχει
2885 3733 3050 3812 ῥᾷστα
3075 3732 3175 3800 τὴν
3209 3727 3334 3786 ὁδὸν
3365 3727 3635 3804 παριέναι,

2479 3897 2482 3900 ,
2581 3829 2787 3901 Ἦγουν
2818 3822 2996 3896 ἑαυτῷ
3022 3819 3386 3878 κινδυνεύοντ’
3411 3817 3656 3891 ἀμύνεινο

2579 3914 2740 3973 Ἀλλ’
2769 3911 2894 3970 οὖδὶ
2923 3911 3090 3967 πάλιν
3122 3909 3185 3966 ἐκ
3213 3913 3465 3984 στρατιᾶς
3492 3927 3575 3968 τις
3607 3902 3797 3980 δρᾶσαι

2584 4009 2828 4061 Γενναῖον
2860 3999 3098 4071 ἠδύνατο
3135 4002 3364 4074 μαχητῇ
3395 3995 3626 4073 πρέπον,

2585 4099 2757 4163 Βοῶν,
2789 4092 3033 4166 ἁμαξῶν,
3057 4090 3421 4166 τιιχομὰχων
3451 4087 3719 4163 ὀργάνων,

2409 4189 2549 4245 4445
2584 4187 2672 4247 Ὦς
2700 4183 3047 4260 ἀντίφραγμα
3074 4186 3172 4249 τῆς
3203 4177 3332 4233 ὁδοῦ
3362 4175 3758 4250 προκειμένων·

2588 4272 2686 4328 Καὶ
2714 4270 2852 4326 κατὰ
2879 4269 3054 4324 νώτου
3087 4267 3323 4340 Περσικὴ
3357 4263 3570 4339 φάλαγξ
3600 4260 3764 4318 πάλιν

2587 4361 2768 4418 Βελῶν
2803 4355 3032 4437 νιφάὸας
3061 4356 3280 4433 ἀφιεῖσα
3314 4353 3522 4427 μυρίων

2589 4447 3044 4526 ΙΙαλινδρόμησιν
3076 4444 3330 4522 χαλεπὴν
3363 4440 3494 4519 ἕδρα
3521 4440 3681 4498 πάνυ.

2588 4543 2820 4599 Ἐπιπτι
2845 4538 3028 4594 τοίνυν
3063 4536 3192 4611 βοῦς
3220 4534 3333 4607 ἅμα
3365 4530 3635 4608 βοηλάτῃ,

2413 4636 2553 4692 4450
2589 4629 2807 4692 Ἱππεὺς
2836 4627 2928 4684 σὺν
2955 4625 3112 4699 ἵππῳ
3141 4624 3522 4697 συναπίψυχον
3551 4619 3643 4696 βίᾳ

2589 4722 2674 4778 Ἐν
2707 4719 2957 4795 Περσικῷ
2989 4714 3236 4790 βλήματι
3269 4710 3653 4787 θανατηφόρῳ,

2588 4809 2688 4866 Καὶ
2717 4807 2910 4869 πάντες
2943 4805 3267 4882 ἐσφάττοντο
3299 4799 3435 4855 κατὰ
3462 4796 3714 4868 πληθύας

2586 4901 2675 4962 Ὠς
2706 4896 2876 4975 ἀγέλη
2905 4917 2990 4957 τις
3021 4893 3374 4970 Θρεμμάτων,
3408 4889 3544 4975 φεῦγέ
3578 4884 3815 4962 ἀλόγων,

2589 4989 2693 5049 Καὶ
2723 4974 2917 5049 πάντες
2947 4984 3260 5059 ιφθείροντο
3300 4974 3786 5055 συγκεκλασμένοι

2411 5095 2552 5151 4455
2589 5093 2676 5148 Ἐν
2711 5084 3066 5162 δυσπορεότῳ
3096 5076 3345 5152 δυσϐάτῳ
3366 5098 3426 5133 τε
3455 5075 3676 5162 χωρίῳέ

2587 5182 2708 5240 Τῶν
2739 5161 3070 5253 νεκριμαίων
3098 5168 3368 5244 σωμάτων
3399 5166 3454 5222 αἱ
3496 5161 3751 5226 κοιλάδες

2587 5269 2784 5343 Τέμπη
2815 5252 2874 5321 τε
2901 5264 2989 5318 καὶ
3024 5263 3291 5337 σήραγγας
3322 5259 3578 5334 ὑπῆρχον
3604 5252 3789 5343 πλέαιο

2589 5342 2948 5436 Προῧϐαινον,
2982 5350 3156 5425 οἴμοι,
3193 5348 3386 5425 etiam
3419 5345 3636 5421 λύθρων
3671 5342 3795 5398 ὅλαι

2590 5450 2680 5520 Ἐξ
2711 5445 2926 5523 ἀλόγων
2960 5440 3216 5516 αἵματος,
3249 5438 3310 5495 ἐκ
3341 5438 3552 5514 βροτῶν
3587 5436 3720 5507 ἅμα,

2414 5545 2554 5606 4460
2593 5539 2692 5596 Καὶ
2724 5537 2897 5593 πάντα
2930 5531 3101 5608 μεστὰ
3129 5532 3415 5605 συμφορᾶς
3442 5526 3510 5596 ἦν
3541 5523 3633 5580 καὶ
3664 5523 3830 5600 γόων.

2590 5629 2692 5690 Καὶ
2721 5628 2868 5683 ταῦτ’
2901 5622 3096 5699 ἐδρᾶτο
3133 5620 3406 5696 κράτορος
3431 5613 3761 5691 δεδορκότος

2591 5715 2691 5777 Καὶ
2727 5714 3132 5790 συμπαρόντος,
3169 5710 3246 5784 μὴ
3283 5707 3570 5787 σθένοντος
3597 5701 3647 5759 δ’
3673 5700 3905 5776 ἀμύνειν

2589 5810 2681 5871 Ἐν
2713 5811 2840 5885 χρῷ
2865 5803 2926 5862 ὃὶ
2958 5800 3178 5879 μᾶλλον
3209 5796 3472 5856 κινδύνου
3494 5792 3832 5874 πεφυκότος·

3900 431 4009 486 172
