4208 6430
578 438 697 499 ¹175
1814 418 2186 473 ΕΡΗΒιΕΜΙΙ
2222 416 2240 467 (

1814 418 2186 473 ΕΡΗΒιΕΜΙΙ
2222 416 2786 469 CHRONOGRAPHI

587 576 721 615 cum
754 553 1076 612 interfectis
1108 551 1285 607 variis
1316 544 1697 610 animalibus,

590 649 759 720 equis
791 663 857 702 ac
890 645 1098 712 bobus,
1133 640 1340 703 asinis,
1374 634 1672 702 mulabus,

591 736 759 809 quasi
792 736 849 789 in
884 729 1184 788 communi
1216 725 1470 783 conditis
1502 719 1792 793 sepulcro.

596 828 717 881 lmo
750 829 875 880 erat
906 819 1213 876 hominum
1246 813 1669 875 ecemeterium,

593 917 642 973 si
675 917 761 969 fas
790 915 871 968 ita
900 909 1083 980 loqui,
1117 904 1385 961 admistis
1419 899 1652 957 belluis.

595 1003 840 1061 Romani
874 1016 1015 1055 sane
1048 996 1345 1069 perierunt
1378 988 1635 1063 plurimi,

592 1120 735 1174 quos
772 1102 921 1154 inter
952 1098 1158 1167 ingens
1194 1092 1362 1163 regia:-
1397 1088 1599 1158 stirpis
1628 1098 1925 1138 numerus.

592 1196 781 1261 Atque
811 1190 926 1243 haec
960 1186 1135 1241 talem
1168 1182 1501 1237 habuerunt
1531 1175 1776 1230 exitum.

597 1282 923 1351 Imperator
954 1280 1149 1331 autem
1183 1272 1321 1325 dum
1353 1270 1601 1323 conatur
1630 1260 1866 1331 assequi

595 1369 854 1441 legiones
888 1381 1049 1427 suas,
1086 1366 1146 1416 ut
1179 1359 1317 1421 dixi,
1355 1355 1765 1427 praecedentes,

597 1476 628 1512 a
658 1439 867 1512 Turcis
897 1452 1203 1508 vetabatur
1237 1444 1482 1501 ulterius
1514 1439 1808 1512 progredi,

600 1562 704 1601 nec
735 1542 1015 1599 acervatis
1051 1540 1248 1593 minus
1282 1532 1681 1589 cadaveribus.

598 1636 817 1689 Tamen
849 1628 1123 1685 difficiles
1154 1626 1443 1680 eluctatus
1476 1620 1657 1683 locos,

602 1740 704 1778 nee
737 1724 992 1777 torrente
1023 1718 1297 1786 superato
1328 1710 1522 1774 fluvio,

599 1812 712 1866 alio
744 1816 801 1865 et
831 1809 1108 1878 adjuncto
1139 1804 1535 1857 Romanorum
1569 1793 1763 1865 globo,

599 1901 775 1965 viam,
815 1904 878 1952 ut
910 1898 1153 1967 poterat,
1188 1888 1526 1945 absolvebat
1558 1882 1867 1952 reliquam.

600 1992 782 2053 Quem
815 1986 1221 2041 transeuntem
1254 1974 1591 2043 conspicata
1618 1969 1871 2042 phalanx

603 2079 860 2135 Arabum
894 2073 1159 2145 equitum
1192 2065 1496 2140 splendide
1527 2068 1888 2123 ornatorum,

606 2167 721 2223 ruit
752 2166 807 2220 in
843 2165 1036 2234 ipsum
1070 2158 1319 2214 violento
1352 2169 1528 2210 cursu

607 2262 669 2312 ut
701 2253 870 2328 quasi
904 2251 1097 2324 praeda
1129 2246 1413 2320 potiretur
1444 2240 1619 2295 illico.

604 2349 659 2402 Is
689 2361 820 2399 vero
854 2343 1121 2396 hortatus
1154 2335 1384 2392 animos
1415 2344 1656 2387 suorum

603 2433 976 2491 barbaricum
1012 2423 1383 2496 manipulum
1415 2420 1553 2475 vicit
1580 2415 1767 2471 facile.

603 2531 894 2587 Paulatim
926 2535 1121 2581 autem
1153 2523 1428 2591 lenteque
1460 2512 1842 2588 progrediens

603 2621 774 2676 modo
806 2622 1049 2675 cruenta
1081 2627 1279 2685 pugna
1309 2610 1635 2672 decertans,

600 2712 772 2766 modo
803 2710 977 2765 etiam
1013 2691 1178 2761 hoste
1210 2701 1376 2767 liber,
1412 2698 1483 2753 ad
1514 2701 1841 2751 extremum

601 2816 812 2871 magno
844 2814 976 2852 eum
1010 2793 1223 2866 gaudio
1256 2791 1326 2845 ad
1360 2803 1500 2843 suos
1534 2780 1798 2856 pervenit
1831 2795 1842 2832 :

599 2888 699 2960 qui
729 2887 968 2959 quidem
1003 2882 1149 2938 nihil
1182 2877 1417 2952 gravius
1447 2873 1744 2935 dolebant,

602 2995 780 3050 quam
816 2976 953 3047 quia
982 2988 1114 3027 eum
1150 2968 1297 3042 ipsis
1328 2982 1443 3021 non
1475 2964 1709 3018 adesset
1738 2959 1948 3025 Cesar,

604 3080 959 3136 summoque
991 3066 1155 3117 erant
1185 3060 1341 3113 metu
1377 3050 1635 3110 solliciti.

601 3158 749 3211 Ante
779 3170 958 3226 quam
992 3154 1185 3206 autem
1219 3145 1567 3201 misceretur
1596 3137 1721 3195 suis

602 3244 831 3301 Manuel
865 3243 1019 3297 rivos
1050 3224 1427 3295 decurrentes
1458 3234 1667 3285 nactus

603 3352 757 3406 aqua
787 3332 979 3388 levare
1010 3323 1347 3399 depoposcit
1377 3320 1535 3377 sitim
1570 3334 1584 3373 :

599 3437 857 3494 cumque
886 3419 937 3474 ei
970 3415 1265 3490 quispiam
1299 3425 1511 3482 aquam
1546 3403 1878 3470 obtulisset,

606 3514 713 3567 hac
740 3509 993 3566 summis
1025 3505 1207 3561 labris
1238 3501 1442 3558 leviter
1466 3500 1723 3569 gustata,

605 3602 804 3657 statim
838 3616 907 3654 ex
938 3613 1035 3653 ore
1066 3593 1351 3664 reliquam
1388 3585 1651 3661 proiecit,

594 3708 698 3747 ceu
735 3690 783 3745 si
818 3693 991 3760 potus
1026 3684 1120 3740 ille
1155 3700 1269 3737 non
1307 3676 1688 3734 descenderet

605 3783 675 3835 ad
709 3758 895 3834 imum
924 3773 1299 3831 stomachum
1337 3767 1625 3823 renitente
1657 3758 1996 3832 mSOphago.

603 3871 734 3925 Mox
768 3868 864 3922 ubi
900 3864 1138 3938 agnovit
1168 3862 1415 3915 tinctam
1449 3870 1661 3925 aquam
1696 3850 1849 3916 tabo,

603 3956 915 4031 ingemuit,
950 3954 1060 4009 sibi
1094 3950 1249 4006 haud
1285 3945 1578 4021 placuisse
1608 3940 1810 3996 dicens

603 4064 819 4120 aquam
852 4042 1181 4100 Christiano
1214 4037 1502 4108 sanguine
1536 4031 1832 4086 foedatam.

601 4148 751 4202 Tum
785 4144 1022 4216 quidem
1060 4153 1317 4211 prtesens
1349 4133 1745 4203 importunus,
1775 4124 1995 4189 audax;

600 4235 919 4308 impudens
950 4230 1174 4286 blatero
1204 4230 1261 4280 et
1292 4224 1493 4293 lingua
1527 4219 1951 4286 intemperans,

608 4323 801 4381 Semel
835 4319 1100 4377 novellus
1132 4310 1449 4371 conviciari
1481 4308 1715 4371 solitus,

603 4415 689 4469 sic
721 4410 943 4468 cbristo
975 4406 1206 4463 Domini
1238 4401 1416 4473 coepit
1449 4396 1797 4453 maledicere
1830 4407 1843 4447 :

602 4497 769 4560 Haud
806 4516 963 4555 nunc
995 4498 1275 4570 primum,
1308 4492 1410 4546 sed
1449 4493 1623 4543 antea
1654 4499 1827 4554 saepe,

601 4593 840 4666 plenum
874 4592 1101 4645 cratera
1131 4580 1601 4640 Christianorum
1636 4570 1926 4643 sanguine

599 4664 818 4748 bibisti,
853 4676 1121 4733 subditos
1154 4673 1433 4727 divexans
1468 4664 1739 4737 populos,

604 4776 877 4825 maturus
910 4765 1091 4821 veluti
1125 4775 1396 4818 racemus
1426 4752 1864 4825 comprimitur,

601 4877 704 4931 per
732 4859 1086 4913 tributorum
1116 4850 1384 4923 gravium
1418 4844 1748 4900 exactiones

603 4954 811 5019 potans
844 4946 1077 5001 illorum
1110 4939 1483 4996 abundanter
1514 4929 1891 5002 sanguinem.

604 5047 765 5102 Tulit
796 5044 1085 5117 patienter
1114 5040 1306 5093 Caesar
1335 5036 1487 5089 hanc
1517 5026 1839 5093 vesaniam,

603 5153 706 5192 nec
738 5113 941 5191 contra
972 5130 1211 5203 quidem
1248 5125 1574 5197 quidquam
1609 5113 1949 5173 mussitavit

608 5226 765 5282 mitis
798 5220 1132 5285 monarcha,
1170 5232 1274 5272 nec
1317 5210 1643 5269 infrenduit
1672 5204 1969 5261 dentibus.

600 5319 821 5373 Iterum
854 5315 1047 5369 Caesar
1078 5311 1221 5365 dum
1252 5306 1478 5359 videret
1508 5297 1776 5355 sacculos

598 5406 821 5479 publici
856 5400 1081 5458 nummi
1118 5396 1396 5453 custodes
1428 5388 1606 5460 diripi

599 5478 632 5553 a
663 5491 1143 5568 persequentium
1172 5486 1567 5542 Barbarorum
1600 5478 1848 5547 impetu,

600 5592 776 5657 atque
811 5585 881 5639 ad
910 5579 1156 5637 tutelam
1190 5575 1525 5632 hortaretur
1556 5582 1718 5631 suos,

600 5692 813 5747 nempe
844 5680 909 5728 ut
940 5671 1135 5728 aliena
1164 5664 1340 5740 pulsa
1369 5662 1426 5716 vi
1459 5658 1761 5715 servarent

600 5766 858 5821 futuram
896 5763 1041 5833 ipsis
1076 5757 1277 5814 utilem
1313 5749 1622 5825 pecuniam
1659 5761 1673 5799 :

2266 536 2316 602 Α
2352 533 2493 591 4520
2533 532 2634 589 Καὶ
2666 532 3003 605 Ονησιμαίων
3028 528 3384 585 παντοδαπῶν
3418 530 3657 607 ἀλόγων,

2521 625 2756 691 Ἵππων,
2794 623 2960 696 βοῶν,
2995 618 3133 674 ὄνων
3163 641 3221 674 τε
3252 620 3343 674 σὺν
3377 620 3654 691 ἡμιόνοις,

2524 713 2707 788 Τάφον
2733 732 2792 765 τε
2818 711 3000 765 κοινὸν
3028 714 3147 771 τοῖς
3180 707 3338 771 ὅλοις
3370 710 3737 783 χρηματίσαι,

2526 798 2751 853 Μᾶλλον
2788 796 3179 873 πολυάνδριον,
3208 796 3254 851 εἷ
3286 798 3466 872 χρεὼν
3497 798 3680 873 φάναι,

2529 889 2624 942 Ἐκ
2653 891 2896 962 γηγενῶν
2930 888 3249 959 πάμμικτον
3278 884 3492 959 ἀλόγων
3530 887 3577 949 θ’
3606 887 3740 958 ἅμα.

2352 988 2492 1041 4525
2532 985 2853 1039 Πεπτώκασι
2883 983 3105 1045 πλείους
3129 981 3186 1037 δὲ
3215 982 3503 1055 Ῥωμαίων
3538 982 3691 1057 μάχη

2529 1073 2632 1130 Καὶ
2662 1071 2835 1127 τῶνδε
2863 1072 3087 1133 πλείους
3118 1076 3215 1125 τοῦ
3252 1070 3535 1145 βασιλείου
3565 1073 3779 1145 γένους,

2534 1164 2635 1218 Καὶ
2667 1167 2831 1215 ταῦτα
2870 1162 2963 1233 μὶν
2994 1160 3271 1235 πέπρακτο
3296 1157 3452 1213 τόνδε
3482 1159 3573 1213 τὸν
3605 1157 3807 1234 τρόπον
3835 1177 3847 1190 ·

2531 1252 2592 1307 Ὀ
2626 1248 2670 1303 δ’
2702 1248 3075 1324 αὐτοκράτωρ,
3104 1250 3177 1309 ὡς
3210 1244 3365 1325 ἔφην,
3400 1247 3727 1321 ἆπειγμένος

2532 1335 2709 1399 Ἴλαις
2741 1336 3012 1400 συνελθεῖν
3044 1340 3164 1397 ταῖς
3200 1334 3712 1409 προηγησαμέναις,

2356 1429 2492 1483 4530
2533 1426 2798 1498 Τούρκοις
2827 1426 3049 1499 πορείας
3084 1422 3319 1498 εἶ’ργεται
3347 1430 3449 1492 τῆς
3478 1423 3553 1485 εἷς
3586 1422 3798 1497 πρόσω,

2534 1512 2704 1573 Οὐδὲν
2740 1512 2798 1569 δὲ
2830 1520 2984 1587 μεῖον
3014 1514 3104 1567 καὶ
3137 1512 3413 1574 κολωνοῖς
3445 1513 3757 1585 πτωμάτων

2530 1607 2720 1677 Ὅμως
2751 1601 2982 1666 διελθὼν
3014 1600 3315 1676 δυσπόρους
3352 1600 3514 1673 μόλις
3555 1600 3757 1664 τόπους

2532 1695 2632 1750 Καὶ
2665 1694 2755 1747 τὸν
2788 1691 3164 1767 παραῤῥεοντα
3189 1689 3499 1766 χειμάρρου
3528 1689 3654 1765 ῥόον

2532 1780 2635 1839 Καὶ
2669 1781 2858 1856 στίφος
2887 1778 3028 1835 ἄλλο
3058 1778 3368 1852 Ῥωμαϊκὸν
3399 1776 3592 1839 ἁλίσας

2276 1902 2323 1966 Β
2356 1874 2496 1929 4535
2532 1876 2619 1935 Ὠς
2646 1873 2783 1946 είχε,
2817 1868 3035 1941 διήνυτε
3060 1871 3161 1937 τὴν
3193 1868 3559 1944 προκειμένην
3597 1886 3610 1898 ’

2533 1962 2630 2018 Ὃν
2652 1959 2917 2035 παριόντα
2947 1953 3253 2033 βαρϐαρική
3287 1979 3370 2020 τις
3404 1954 3612 2033 φάλαγξ

2532 2054 2751 2113 Ἵπποις
2785 2049 3085 2122 ὁπλισμοῖς
3114 2048 3388 2123 ἐκπρεπὴς
3422 2041 3735 2123 Ἀῤῥαϐίοις

2539 2138 2749 2208 Ἰδοῦσ’,
2780 2138 2861 2193 ἐπ’
2892 2138 3053 2191 αὐτὸν
3088 2137 3344 2209 έμμανῶς
3376 2156 3493 2197 πως
3523 2136 3750 2203 συνέθει,

2536 2230 2625 2291 Ὠς
2656 2230 2877 2301 θήραμα
2909 2224 3215 2281 σπεύδουσα
3244 2221 3389 2279 τόνδ’
3417 2223 3561 2279 ἑλεῖν
3596 2226 3760 2298 τάχα.

2359 2320 2499 2375 4540
2537 2320 2597 2374 Ὁ
2630 2314 2676 2371 δ’
2706 2316 3013 2393 ἀρῥενώσας
3039 2320 3146 2368 τῶν
3183 2313 3447 2368 συνόντων
3473 2313 3566 2374 τὰς
3598 2312 3794 2391 φρένας

2536 2404 2861 2468 Ὀδοσ-τάτας
2889 2404 3091 2474 ἥττησε
3123 2403 3286 2479 ῥᾷστα
3317 2397 3653 2477 Βαρϐάρους.

2539 2494 2686 2551 Κατά
2719 2493 2899 2569 βραχὺ
2932 2490 2989 2546 δὲ
3021 2490 3343 2564 συμπροϊὼν
3372 2490 3461 2544 καὶ
3499 2488 3669 2565 βάδην

2536 2587 2647 2640 Νὖν
2686 2584 2779 2655 μὲν
2814 2581 2969 2654 νόμῳ
3005 2581 3191 2655 μάχης
3217 2601 3275 2634 τε
3304 2580 3392 2634 καὶ
3418 2581 3536 2652 μεθ’
3569 2578 3834 2652 αἱμάτων,

2542 2674 2803 2746 Ἐνιαχοῦ
2832 2669 2889 2725 δὲ
2918 2669 3007 2724 καὶ
3045 2670 3233 2744 μάχης
3264 2667 3428 2723 πάλιν
3463 2665 3597 2742 δίχα

2363 2764 2505 2819 4545
2544 2760 2917 2835 Τρισάσμενος
2952 2760 3187 2831 μέμικτο
3217 2763 3333 2819 τοῖς
3362 2758 3746 2830 ποθουμένοις,
3777 2754 3779 2756 ’

2541 2850 2617 2908 Οὐ
2653 2850 2867 2924 μᾶλλον
2900 2848 3076 2903 αὐτῶν
3110 2845 3526 2923 δυσχεραίνουσι
3564 2846 3724 2922 χάριν

2541 2942 2714 3014 ’Ἠπερ
2748 2936 2815 2992 δι’
2848 2937 3007 2992 αὐτὸν
3046 2939 3121 3009 μὴ
3154 2937 3397 3011 παρόντα
3420 2940 3542 2997 ταῖς
3578 2935 3748 3003 ἴλαις,

2542 3032 2843 3103 Ἀγωνιῶσι
2874 3027 2964 3081 καὶ
2998 3024 3267 3081 δεδοικόσι
3300 3022 3527 3101 σφόδρα.

2543 3120 2729 3188 Μήπω
2761 3114 2819 3171 δὲ
2846 3121 2963 3177 τοῖς
2993 3117 3229 3189 τάγμασι
3260 3113 3529 3186 συμμίξας
3564 3114 3802 3189 κράτωρ,

2365 3219 2506 3274 4550
2544 3214 2704 3271 Ἀλλ’
2731 3213 2782 3268 ἐν
2816 3212 3180 3288 παραρρέοντι
3212 3210 3504 3287 χειμάρρῳ
3534 3209 3719 3265 πέλων

2544 3308 2690 3359 Πιεῖν
2725 3300 2871 3376 ὕδωρ
2900 3302 3072 3376 ᾕτησε
3103 3298 3335 3374 διψήσας
3369 3300 3510 3374 μέγα
3545 3319 3558 3332 ·

2537 3392 2639 3449 Καί
2670 3413 2751 3446 τις
2782 3388 2927 3465 ὕδωρ
2959 3388 3181 3465 ἤνεγκεν
3210 3387 3357 3460 αὐτῷ
3388 3389 3525 3461 πρὸς
3556 3386 3713 3441 πόσιν
3749 3406 3761 3419 ·

2541 3482 2761 3541 Σπάσας
2793 3476 2851 3533 δὲ
2872 3476 3033 3533 τοῦδε
3061 3478 3151 3532 καὶ
3184 3475 3519 3552 περικλύσας
3550 3476 3725 3547 στόμα

2537 3572 2613 3629 Τὸ
2646 3570 2841 3626 λοιπὸν
2875 3568 2934 3623 ἐκ
2965 3566 3236 3641 στόματος
3268 3567 3424 3641 ἐκχεῖ
3454 3565 3548 3620 σὺν
3578 3564 3759 3640 τάχει,

2365 3664 2505 3718 4555
2540 3662 2629 3722 Ὠς
2658 3664 2756 3715 τοῦ
2789 3660 3051 3721 ποθέντος
3090 3657 3164 3729 μὴ
3197 3654 3679 3725 κατωλισθηκότος

2536 3751 2614 3805 Δι’
2647 3747 2943 3825 οἷ’σοφάγου
2968 3748 3107 3821 πρὸς
3132 3746 3199 3800 τὰ
3229 3746 3377 3799 κάτω
3404 3742 3641 3805 κοιλίας.

2539 3840 2670 3897 Εἶτα
2698 3839 2866 3893 ποτὸν
2894 3836 3056 3913 γνοὺς
3088 3835 3541 3912 συμπεφυρμένον
3568 3830 3756 3908 λύθρῳ

2538 3930 2808 4006 ᾭμωξεν,
2841 3926 3006 3982 εἰπὼν
3042 3926 3103 3980 ού
3135 3923 3319 3986 καλῶς
3346 3922 3651 4000 γεγευκέναι

2537 4015 2945 4093 Ὑδατοφύρτων
2980 4018 3317 4091 Χριστιανῶν
3354 4011 3622 4085 αἱμάτων.

2360 4110 2502 4166 4560
2540 4105 2643 4163 Καί
2671 4128 2755 4168 τις
2784 4103 3065 4180 παρεστὼς
3098 4103 3291 4175 ῗταμὸς
3321 4099 3520 4175 θρασὺς
3548 4099 3690 4168 τότε,

2537 4198 2652 4266 Τὴν
2683 4193 2935 4271 γλῶτταν
2969 4192 3295 4259 ἀκόλαστος,
3327 4187 3577 4259 ἀναιδὴς,
3613 4187 3809 4260 λάλος,

2542 4285 2692 4341 Κατᾶ
2727 4283 2918 4355 Σεμεεὶ
2951 4281 3226 4357 λοιδορεῖν
3261 4278 3591 4351 εἰθισμένος,

2540 4378 2759 4447 Χριστῷ
2788 4372 2991 4446 Κυρίου
3022 4368 3455 4444 λοιδορούμενος
3488 4366 3635 4442 λέγει
3670 4383 3684 4396 ’

2540 4465 2650 4519 Οὔκ
2680 4465 2799 4537 ἄρτι
2832 4463 3086 4535 πρώτως,
3118 4458 3264 4514 ἀλλὰ
3293 4455 3592 4525 πολλάκις,
3626 4455 3773 4525 ἄναξ,

2364 4568 2504 4621 4565
2544 4561 2741 4638 Πλήρη
2773 4562 3020 4635 κρατῆρα
3050 4560 3388 4633 Χριστιανῶν
3420 4554 3666 4626 αἱμάτων

2287 4630 2332 4694 D
2542 4653 2812 4721 Ὑπήκοον
2844 4653 2949 4702 πᾶν
2981 4646 3389 4719 καλαμώμενος
3422 4644 3592 4705 πίνεις
3627 4663 3640 4676 ’

2545 4743 2612 4795 Ἢ
2642 4739 2731 4793 καὶ
2762 4737 3052 4813 πεπείρους
3082 4734 3217 4789 καθὰ
3244 4727 3550 4796 συνθλίϐων
3585 4731 3780 4807 βότρυς

2547 4830 2869 4903 Εἷσπράξεσι
2894 4826 3075 4903 φόρων
3106 4844 3165 4878 τε
3184 4823 3273 4877 καὶ
3303 4820 3477 4877 τελῶν
3516 4819 3670 4897 βάρει

2547 4918 2788 4991 Α’ίματος
2817 4916 2995 4970 αὐτῶν
3028 4912 3246 4991 ἐμφορῇ
3278 4911 3621 4985 κατακόρως.

2369 5013 2508 5068 4570
2544 5010 2606 5066 Ὀ
2638 5006 2685 5062 δ’
2714 5007 2941 5081 ἡμέρως
2968 5001 3168 5077 ἤνεγκε
3195 5003 3294 5071 τήν
3324 5000 3633 5075 παροινίαν,

2548 5097 2905 5167 Ἀνεξικάκως
2934 5091 3270 5167 τονθορύσας
3306 5087 3595 5162 μηδόλως,

2546 5184 2690 5257 Μηδ’
2722 5186 2811 5240 ὑπ’
2842 5181 3039 5238 ὀδόντα
3064 5181 3263 5257 γρύξας
3297 5181 3324 5234 ὁ
3355 5176 3529 5253 πραῢς
3564 5173 3713 5248 ἅναξ.

2547 5277 2647 5333 Καὶ
2682 5274 2848 5329 πάλιν
2881 5272 3045 5326 αὐτοῦ
3074 5272 3420 5344 καθορῶντος
3446 5266 3719 5331 θυλάκους

2545 5363 2687 5427 Τοὺς
2708 5367 2805 5417 τοῦ
2836 5364 3044 5436 χρυσοῦ
3074 5359 3321 5437 φύλακας
3352 5355 3789 5433 έκρηγνυμένους

2368 5460 2510 5516 4575
2548 5458 2645 5512 Ἐκ
2674 5451 3009 5528 θρασύτητος
3041 5450 3131 5504 καὶ
3169 5448 3289 5523 βίας
3312 5454 3413 5516 τῆς
3453 5439 3779 5520 Βαρϐάρων,

2547 5544 2651 5601 Καὶ
2678 5540 2807 5605 τοὺς
2837 5541 3028 5595 ἑαυτοῦ
3062 5537 3397 5614 ῥωννύοντος
3427 5533 3503 5597 ὠς
3530 5532 3649 5588 δέον

2547 5635 2919 5691 Ἐπεισπεσεῖν
2945 5630 3004 5683 τέ
3035 5648 3181 5705 σφισι
3212 5625 3301 5681 καὶ
3330 5630 3557 5687 κτᾶσθαι
3591 5620 3720 5678 τάδε

2543 5726 2807 5796 ’Ἄμεινον
2836 5718 3035 5789 αὐτῶν,
3068 5716 3485 5795 συμφερώτερον
3517 5712 3679 5787 πάνυ,

2283 3266 2326 3332 C

3891 412 4003 466 176
