4208 6430
135 398 224 452 17⁷
1647 395 2009 450 czasaaas.

286 520 452 580 Αὖθις
482 516 694 580 ἐπιδιάς
728 520 756 573 ὁ
787 518 983 594 θρασὺς
1022 514 1392 590 μωμοσκόπος

124 609 247 663 4580
285 605 668 680 Ἐλοιδορεῖτο
696 613 779 678 τῷ
806 609 1092 680 κρατάρχῃ
1119 605 1209 659 καὶ
1235 605 1422 673 πάΑιν,

285 696 514 752 Ἀνακτι
547 690 715 750 Δαὸἱδ
751 695 941 767 Σεμεεὶ
973 694 1110 749 καθά
1140 693 1331 748 πάλαι·

286 785 462 841 Ἐκὼν
491 785 616 858 πρὶν
651 784 823 858 ἰχρῆν
855 788 1021 837 ταῦτα
1049 782 1343 855 Ῥωμαίοις
1371 782 1579 853 νέμειν,

287 872 502 929 Οὔκουν
529 894 589 948 γε
613 874 752 944 νυνὶ,
786 871 1056 946 δυσχερὴς
1081 875 1270 936 κτῆσις
1304 870 1413 924 ὅτε⁶

283 961 348 1018 Εἰ
386 959 432 1015 δ’
464 961 624 1023 αὐτὸς
658 962 794 1034 ἀνὴρ
822 961 1113 1034 τυγχάνεις
1149 959 1223 1012 ὢν
1257 957 1450 1032 ίσχύος

123 1052 250 1106 4585
285 1050 627 1124 Ἠρπαγμέν“
659 1051 938 1105 ἀνάσωσον
971 1047 1174 1104 Αὕσοσι
1205 1045 1393 1100 πάλιν⁸

282 1140 345 1194 Ὀ
382 1136 424 1191 δ’
453 1137 518 1192 αὖ
547 1143 838 1210 προσηνῶς
869 1138 1144 1212 κερτόμου
1168 1138 1316 1210 φέρει
1351 1133 1553 1209 λόγους

282 1228 372 1288 Ὠς
402 1229 584 1303 κωφὸς
617 1227 951 1301 αὐτόχρημα
985 1227 1062 1298 μὴ
1095 1223 1275 1279 κλύων
1312 1225 1479 1286 ὅλως.

284 1315 434 1369 Ἐπεὶ
468 1313 523 1369 δὲ
553 1314 711 1369 παύει
741 1315 830 1384 νὺξ
861 1313 1164 1377 ἐπελθοῦσα
1199 1313 1407 1387 μάχην,

279 1404 534 1471 Καθῆστο
565 1408 670 1465 πᾶς
701 1399 997 1480 ἕμφροντις
1039 1400 1343 1476 ἀσχάλλων
1379 1399 1517 1476 μέγα

119 1503 246 1557 4590
278 1503 370 1556 Ἐν
401 1507 479 1573 νῷ
506 1507 796 1576 προαθρῶν
828 1502 919 1555 τὸν
949 1499 1531 1575 προκείμενον-μόρον.

279 1592 342 1647 Ὀ
375 1589 421 1644 δ’
451 1589 804 1663 αὐτοκράτωρ
835 1597 936 1659 τῆς
968 1592 1161 1667 φρενὸς
1196 1587 1283 1643 οιαῖ
1315 1593 1412 1644 τοῦ
1460 1590 1694 1664 κράτους

283 1679 526 1748 Ἀναξίαν
551 1674 751 1756 ἔφρασε
782 1677 990 1753 βουλὴν
1017 1674 1070 1732 ἓν
1106 1679 1274 1750 μέσῳ,

282 1769 384 1828 Οἷς
411 1768 526 1841 εἶχε
555 1766 773 1841 θαρῥεῖν
797 1765 1018 1842 ἀνδράσι
1044 1765 1438 1842 βουληφόροις’

281 1857 344 1912 Ἦ
380 1853 426 1910 δ’
456 1857 523 1925 ἦν
553 1853 789 1931 λαθραία
819 1853 1087 1924 δυσκλεὴς
1120 1857 1265 1932 φυγή
1294 1855 1528 1930 νύκτωρ,

120 1949 245 2002 4595
285 1950 494 2021 Ψυχῶν
528 1944 584 2000 δὲ
616 1946 828 2000 λοιπῶν
860 1945 1116 2021 ἐπαγωγῆ
1150 1946 1285 2019 πρὸς
1319 1945 1509 2019 μόρον,

284 2035 428 2107 Πρὸς
461 2034 846 2110 αἰχμαλωσίαν
877 2056 935 2089 τε
965 2033 1423 2110 δυστυχεστάτην,

279 2126 384 2182 Ἦν
411 2129 518 2187 πᾶς
549 2122 850 2200 διωλύγιον
880 2120 1078 2197 ᾥμῶξε
1105 2123 1315 2190 κλύων,

284 2214 390 2269 Καὶ
425 2211 636 2289 βαρέως
666 2212 861 2289 ἤνεγκε
889 2215 956 2268 τά
987 2211 1301 2288 δεδογμένα,

285 2308 773 2379 Παραφρονοῦντος
801 2303 915 2378 οὐχ
945 2304 1124 2377 ὑγιοῦς
1155 2300 1417 2357 δεσπότου

120 2404 245 2458 4600
281 2403 351 2456 Τὸ
384 2401 604 2475 σκέμμα
631 2401 816 2475 κρίνας
847 2403 936 2456 καὶ
967 2400 1293 2477 κατακρίνας
1323 2400 1512 2456 πλέον.

280 2491 507 2553 Τούτοις
544 2490 852 2566 μαλαχθεὶς
885 2491 1151 2559 Μανουήλ
1180 2493 1279 2560 τήν
1307 2487 1530 2564 καρδίαν

281 2579 382 2634 Καὶ
415 2580 568 2653 σχὼν
598 2577 865 2654 λογισμὸν
900 2581 1165 2652 ποιμένος
1197 2582 1285 2634 καὶ
1318 2577 1646 2653 προστάτου,

285 2668 454 2725 Πάντ⁹
510 2665 662 2724 ὧπτο
711 2669 802 2723 καὶ
865 2666 1005 2744 δρῶν
1064 2669 1154 2724 καὶ
1203 2667 1380 2743 λέγων
1434 2667 1569 2742 πρὸς
1624 2687 1764 2737 συμ-

1553 2755 1759 2834 [φέρον.

283 2845 414 2906 Θεὸς
447 2843 493 2900 δ’
525 2846 553 2900 ὁ
583 2849 755 2900 ποιῶν
788 2845 961 2901 πάντα
989 2847 1077 2900 καὶ
1115 2846 1488 2919 μετατρέπων,

123 2936 250 2992 4605
284 2936 351 2992 Ὀ
385 2939 660 3010 μαστιγῶν
689 2956 747 2990 τε
770 2934 862 2990 καὶ
894 2935 1203 3012 θεραπεύων
1236 2934 1424 3004 πάλιν,

283 3025 345 3076 Ὀ
377 3027 616 3088 θανατῶν
647 3044 706 3078 τε
737 3023 828 3078 καὶ
859 3025 1033 3092 πνοήν
1063 3025 1216 3085 αὖθις
1248 3025 1454 3098 νέμων,

285 3113 352 3170 Ὀ
381 3107 581 3188 ῥάϐδον
611 3113 768 3190 ἀφεὶς
799 3108 1007 3167 ἀσεϐῶν
1043 3114 1146 3168 οὐκ
1176 3113 1249 3175 εἷς
1279 3112 1437 3175 τέλος

282 3198 492 3275 Κλήρῳ
521 3197 769 3269 δικαίων,
799 3199 887 3255 καὶ
920 3199 1084 3276 λάχει
1119 3202 1545 3276 Χριστωνύμων,

282 3290 349 3347 Ὀ
373 3288 501 3364 πρὶν
531 3287 769 3344 λεόντων
800 3291 1095 3363 ἡμερώσας
1125 3291 1188 3345 τὸ
1221 3290 1437 3366 θράσος,

122 3379 246 3435 4610
280 3379 384 3434 Ἴν’
413 3377 605 3447 ἀσινὴς
626 3376 842 3452 γένοιτο
873 3376 1081 3443 δίκαιος
1108 3377 1300 3448 πάλαι,

285 3468 552 3530 Κάκεῖνος
577 3467 741 3530 οὗτος
770 3470 977 3543 ἡμεροῖ
1004 3473 1101 3523 τοῦ
1134 3463 1417 3544 Βαρϐάρου

281 3556 396 3626 Τὴν
429 3554 678 3630 θηριώδη
710 3557 794 3611 καὶ
827 3562 1076 3634 φονῶσαν
1106 3557 1356 3633 καρδίαν.

289 3639 590 3720 Πρεσῦείαν
621 3643 816 3700 οὐκοῦν
849 3645 1219 3726 ἐκπεπομφὼς
1247 3645 1533 3718 σουλτάνο,

293 3732 542 3796 Σπονδᾶς
573 3733 790 3789 ἀπαιτεῖ
815 3737 1053 3812 καθαράς
1081 3739 1170 3791 καὶ
1203 3736 1411 3813 φιλίαν·

130 3833 255 3890 4615
294 3831 397 3891 Καὶ
426 3830 708 3888 σπένδεται
740 3830 798 3888 δὶ
832 3831 1086 3909 βασιλεὺς
1124 3841 1204 3908 τῷ
1227 3835 1530 3911 σουλτάνῳ’

290 3921 408 3979 Εἶτ’
436 3922 743 3984 ἀπαναστὰς
772 3927 880 3977 τῶν
913 3929 1195 3998 στυγητῶν
1224 3927 1468 4001 χωρίων,

291 4011 373 4066 Δι’
401 4013 468 4079 ἧς
497 4017 736 4085 προῆκεν
761 4011 1009 4084 ἀσμένως
1043 4014 1417 4091 ὑποστρέφων,

290 4100 528 4174 Οίκτρὸν
565 4099 756 4175 βλέπει
787 4102 961 4174 θέαμα
995 4105 1188 4176 μεστὸν
1223 4101 1490 4181 δακρύων,

288 4189 392 4244 Καὶ
424 4189 709 4267 συμφοράν
739 4188 1011 4246 οἴκτιστον
1042 4192 1192 4263 ἀξίαν
1223 4195 1392 4269 γόων,

128 4279 256 4336 4620
289 4275 615 4353 Τραγῳδίαν
647 4280 696 4332 τ’
729 4277 968 4355 ἄρῥητον
1002 4280 1147 4355 ὤμοι
1177 4287 1275 4337 τοῦ
1299 4282 1504 4346 πάθους

291 4366 562 4442 Ἰερεμίου
589 4373 693 4436 τῆς
724 4366 1014 4445 φιλοίκτου
1042 4369 1266 4445 καρδίας

291 4455 427 4530 Τῇδ’
460 4455 518 4510 ἂν
554 4455 973 4532 ἀποχρήσοντος
1008 4459 1084 4515 εἷς
1127 4459 1434 4536 θρηνῳδιαν

291 4550 389 4608 Ὃς
420 4545 626 4614 έξισοῦν
661 4544 882 4601 κάτοιδε
912 4547 1103 4604 πάθεσι
1132 4549 1314 4626 γόους

293 4635 538 4709 Ὠρῶντο
564 4635 668 4710 γὰρ
701 4637 998 4712 φάραγγες,
1031 4635 1204 4716 ἄλφη,
1237 4637 1509 4708 κοιλάδες,

134 4723 260 4780 4652
299 4719 488 4792 Πεδία,
519 4724 730 4795 τέμπη,
763 4725 852 4779 καὶ
884 4724 1069 4795 νάπαι,
1102 4729 1188 4782 καὶ
1223 4727 1494 4803 χαράδραι

295 4813 419 4867 Τῶν
451 4811 780 4886 νεκριμαίων
814 4813 1082 4886 σωμάτων
1115 4815 1495 4889 πεπλησμέναι

301 4899 390 4962 Ὠς
419 4899 498 4961 είς
527 4897 775 4955 κολωνὸν
811 4902 1334 4977 ὑπερανῳκισμέναι.

303 4987 401 5043 Κάὶ
433 4990 702 5061 κειμένων
733 4995 838 5053 πᾶς
867 4993 933 5060 ἦν
969 4994 1281 5064 σεσειμένος
1309 4991 1465 5070 δέρας

302 5077 381 5133 Τὸ
405 5084 508 5146 τῆς
539 5085 805 5156 κορυφῆς,
836 5081 924 5134 καὶ
965 5081 1172 5159 φαλοὺς
1202 5082 1567 5157 τετμημένος’

135 5176 262 5232 4630
299 5175 387 5236 Ὧς
417 5175 485 5244 ἦν
516 5175 732 5231 ἀκούειν
771 5178 1068 5253 βαροάροις
1101 5180 1508 5256 πεπραγμένον,

298 5265 389 5326 Ὠς
421 5264 484 5318 ἂν
514 5266 576 5319 τὸ
608 5271 769 5321 νικῶν
801 5266 1099 5346 ἀμφίδοξον
1130 5272 1401 5346 τυγχάνῃ,

299 5352 662 5426 ’Βκατέρωθεν
702 5356 909 5429 μυρίων
943 5360 1335 5413 πεπτωκότωνο

303 5444 494 5514 Ὀμως
529 5442 785 5518 βασιλεὺς
821 5444 1064 5522 ἰφθακὼς
1097 5446 1283 5510 Χώνας
1314 5448 1502 5518 πόλιν,

307 5531 506 5586 Ἐκεῖσ’
532 5532 859 5602 ἐνηυλίσατο
890 5534 984 5589 σὺν
1028 5535 1228 5598 πάσαις
1260 5534 1430 5610 ἴλαις,

144 5619 272 5677 4635
313 5621 484 5677 Αὐτόν
517 5642 576 5675 τε
605 5624 832 5695 στρατὸν
865 5625 1153 5680 ἀναπαύων
1187 5625 1246 5681 ἐκ
1274 5626 1478 5682 πόνων⁶

307 5710 418 5767 Εἶτ’
454 5711 532 5775 εἷς
566 5710 967 5792 Φιλαδελφείαν
995 5717 1096 5785 ἧκε
1125 5718 1224 5786 τὴν
1253 5715 1440 5787 πόλιν,

1805 523 1853 585 Α
1889 515 2081 569 denuo
2115 518 2314 568 astans
2349 512 2442 567 ille
2473 515 2662 568 audax
2695 513 2904 569 nebulo

1885 619 2030 657 novo
2063 601 2319 656 convicio
2353 617 2540 672 regem
2576 602 2936 666 verberabat,

1879 690 2038 745 velut
2073 689 2167 744 ille
2197 689 2382 742 Semci
2415 690 2714 758 quondam
2751 691 3022 744 Davidcm
3060 709 3072 746 :

1880 789 2097 858 Sponte
2129 787 2430 855 oportebat
2462 786 2616 840 hunc
2651 787 2818 841 nobis
2851 794 3023 841 antea
3054 806 3364 863 nummum

1879 879 2037 941 dare,
2074 892 2185 929 non
2223 891 2376 928 nunc
2410 890 2558 945 {egre
2591 875 3017 945 recipiendum.

1877 965 2038 1027 Quod
2073 965 2118 1019 si
2157 969 2215 1017 tu
2247 962 2478 1017 validus
2509 963 2594 1016 vir
2624 980 2686 1017 es
2717 970 2772 1018 et
2803 964 2979 1036 frugi,

1880 1059 2107 1123 raptam
2143 1069 2420 1121 recupera
2451 1052 2620 1106 nobis
2650 1054 2980 1122 pecuniam.

1876 1144 2067 1197 Caesar
2099 1140 2412 1210 tranquille
2444 1141 2868 1196 conviciantem
2903 1143 3163 1212 pertulit,

1878 1229 2269 1300 praeteriitque
2302 1229 2477 1283 verba
2507 1229 2703 1283 surdis
2735 1230 3001 1285 auribus.

1874 1320 1984 1374 Sed
2023 1323 2330 1389 postquam
2364 1334 2619 1389 pugnam
2657 1336 2768 1373 nox
2799 1320 3060 1386 diremit,

1875 1408 2113 1462 sedebat
2144 1406 2553 1477 unusquisque
2583 1407 2749 1461 valde
2782 1425 3059 1476 moerens,

1877 1501 2068 1551 mente
2096 1500 2440 1566 praesentem
2476 1496 2574 1549 fati
2611 1495 2722 1548 vim
2761 1497 3079 1552 revolvens.

1875 1585 2024 1638 Tum
2056 1586 2244 1637 Caesar
2275 1583 2471 1636 animo
2500 1599 2564 1636 ac
2597 1582 2882 1653 dignitate
2914 1601 3022 1638 sua

1874 1660 2180 1743 indignam
2215 1688 2457 1741 prorsus
2492 1672 2733 1742 protulit
2763 1674 3115 1729 sententiam

1874 1761 2028 1815 inter
2055 1761 2357 1814 adstantes
2387 1758 2542 1813 viros
2576 1760 2988 1817 consiliarios:

1800 1879 1848 1944 Β
1875 1865 2083 1920 nempe
2118 1852 2415 1902 nocturnae
2446 1853 2651 1902 auctor
2681 1855 2804 1903 erat
2836 1850 3008 1920 fugae,

1892 1939 2008 1992 fato
2042 1937 2330 2008 permissa
2362 1936 2586 2008 reliqua
2621 1937 2997 1994 multitudine

1874 2027 2337 2097 miserrimaque
2368 2027 2690 2098 captivitati
2729 2044 2741 2082 :

1873 2141 2052 2197 quam
2085 2124 2336 2196 quisque
2366 2125 2612 2180 audiens
2645 2143 2999 2198 magnopere
3032 2127 3319 2198 ingemuit

1873 2229 2141 2285 aegroque
2173 2213 2306 2268 tulit
2337 2214 2533 2269 animo
2566 2217 2918 2270 sententiam
2948 2234 2962 2284 ;

1872 2302 2050 2375 idque
2082 2303 2391 2357 consilium
2427 2302 2604 2358 veluti
2639 2305 2986 2361 insanientis

1873 2392 2114 2448 Caesaris
2139 2392 2438 2460 judicans,
2474 2392 2626 2448 ultro
2659 2396 3006 2472 reprobavit,

1875 2483 2022 2553 Ergo
2045 2482 2172 2551 jam
2203 2487 2458 2536 mentem
2491 2482 2720 2537 Manuel
2755 2485 3077 2538 immutans

1875 2587 2054 2642 seque
2085 2575 2377 2641 pastorem
2409 2576 2582 2642 atque
2613 2573 2821 2626 ducem
2862 2574 3127 2643 praebens

1875 2660 2003 2714 exin
2039 2660 2214 2715 saluti
2249 2659 2588 2715 consulebat
2621 2661 2883 2732 publicae.

1873 2839 1978 2894 Sed
2011 2839 2165 2895 Deus
2196 2843 2399 2894 auctor
2432 2841 2804 2910 mutatorque
2838 2855 3059 2906 rerum,

1875 2928 2080 3001 plagas
2112 2928 2420 3000 imponens
2450 2928 2834 2999 vicissimque
2865 2945 3103 2999 curans,

1873 3018 2227 3074 mortiﬁcans
2256 3022 2311 3072 et
2340 3017 2521 3072 vitam
2553 3034 2760 3073 rursus
2791 3018 3089 3087 tribuens;

1875 3108 1977 3179 qui
2009 3108 2231 3178 virgam
2265 3107 2428 3179 impii
2458 3124 2570 3162 non
2603 3106 2744 3162 sinit
2774 3111 3118 3179 perpetuam

1877 3204 2079 3255 contra
2097 3198 2391 3268 justorum
2426 3200 2643 3251 sortem
2673 3195 3171 3265 Christianorum;

1792 3260 1836 3328 ο
1873 3289 2010 3345 olim
2045 3260 2278 3343 leonum
2312 3286 2411 3357 qui
2446 3284 2704 3339 inhibuit
2733 3283 3042 3353 impetum,

1873 3384 1938 3434 ut
1958 3379 2161 3450 justus
2191 3375 2290 3430 ille
2322 3378 2583 3429 maneret
2613 3372 2953 3440 incolumis;

1873 3468 2028 3523 idem
2063 3481 2218 3521 nunc
2249 3462 2482 3520 barbari
2516 3462 2759 3517 ferinam
2794 3461 2948 3534 regis

1871 3561 1930 3612 et
1959 3553 2400 3627 sanguinariam
2434 3551 2727 3622 mitigavit
2758 3550 3038 3606 indolem.

1874 3647 2071 3714 Itaque
2105 3642 2303 3698 missis
2332 3640 2604 3696 sultanus
2633 3638 2844 3711 legatis

1876 3735 2166 3790 sincerum
2201 3732 2388 3786 fmdus
2417 3728 2688 3786 amicitiae
2719 3727 2954 3784 obtulit.

1878 3835 1973 3890 Sic
2006 3834 2159 3888 inter
2185 3834 2469 3887 Caesarem
2503 3846 2612 3900 pax
2643 3827 3064 3900 sultanumque
3094 3826 3382 3883 convenit.

1883 3922 2023 3977 Inde
2054 3921 2376 3992 digressus,
2407 3935 2507 3989 per
2537 3917 2828 3972 infaustos
2859 3918 3017 3972 locos

1881 4011 2095 4082 quibus
2127 4012 2509 4082 processerat,
2544 4023 2700 4061 nunc
2730 4004 2940 4061 lubens
2973 4005 3281 4061 revertitur

1881 4099 2132 4165 Manuel,
2164 4102 2220 4153 et
2249 4096 2435 4152 cernit
2464 4095 2712 4168 lugubre
2742 4095 3168 4166 spectaculum,

1883 4193 2123 4262 dignam
2155 4187 2404 4243 infinitis
2435 4191 2689 4256 stragem
2719 4184 3014 4255 lacrymis,

1884 4281 2176 4337 malorum
2209 4274 2561 4331 ineffabilem
2594 4273 2964 4346 tragmdiam,

1886 4371 1975 4424 cui
2007 4366 2445 4440 gemebundum
2477 4363 2743 4420 Jeremiaa
2778 4369 2978 4433 pectus

1888 4476 1989 4530 pro
2024 4456 2227 4512 merito
2260 4453 2541 4509 deﬂenda:
2571 4470 2718 4523 opus
2757 4454 2922 4520 foret,

1888 4554 2059 4616 atque
2089 4543 2446 4615 exequando
2476 4540 2751 4612 lacrymis
2782 4545 2942 4596 tanto
2971 4541 3146 4595 malo.

1810 4621 1854 4686 D
1887 4637 2031 4692 Nam
2064 4635 2257 4689 videre
2287 4637 2411 4687 erat
2443 4632 2653 4699 foveas,
2689 4630 2874 4698 lucos,
2906 4630 3108 4698 valles,

1887 4741 2147 4795 campos,
2180 4722 2391 4788 saltus,
2424 4721 2748 4792 voragines,
2783 4722 2980 4775 fauces
3011 4720 3326 4784 montium,

1890 4812 2212 4870 interfectis
2242 4811 2585 4881 corporibus
2619 4808 2906 4880 Oppletas,

1890 4919 2139 4974 quorum
2172 4899 2359 4955 acervi
2387 4897 2608 4971 passim
2641 4899 3095 4970 consurgebant.

1888 4999 2221 5056 Jacentium
2250 5002 2444 5053 autem
2476 4997 2626 5051 cutis
2658 4996 2918 5051 detracta
2950 5001 3076 5051 erat

1891 5089 2209 5160 capitibus,
2241 5093 2299 5143 et
2331 5086 2516 5140 virilia
2558 5102 2792 5155 quoque
2822 5089 3085 5151 exsecta;

1894 5179 2279 5235 barbarorum
2311 5192 2480 5246 opus,
2511 5191 2581 5229 ne
2613 5174 2998 5229 circumcisus
3033 5175 3211 5229 victor

1893 5271 1936 5324 A
1968 5269 2115 5322 victo
2141 5265 2553 5321 incircumciso
2580 5263 2700 5332 jam
2737 5264 3013 5331 differret,

1896 5357 2174 5429 quoniam
2208 5353 2484 5424 utrinque
2514 5348 2809 5406 innumeri
2843 5352 3189 5407 ceciderant.

1899 5446 2157 5516 Denique
2188 5444 2379 5499 Caesar
2408 5443 2637 5497 Cbonas
2666 5442 2868 5496 urbem
2904 5442 3113 5510 tenuit,

1894 5537 2096 5607 ibique
2125 5533 2410 5604 requievit
2440 5548 2571 5587 cum
2605 5532 2764 5586 omni
2792 5530 3069 5600 exercitu,

1898 5633 2079 5682 semet
2110 5630 2165 5680 et
2196 5622 2440 5678 militem
2474 5621 2742 5677 relaxans
2771 5620 3094 5676 laboribus.

1903 5712 2368 5786 Philadelphiam
2402 5715 2603 5784 postea
2635 5727 3006 5784 progressus,

3426 397 3532 450 178
