4190 6448
660 412 766 468 179
1870 409 2243 468 ΕΡΗΗᾸΞΜΙῘ
2280 409 2315 465 C

1870 409 2243 468 EPHREMII
2280 402 2852 465 CHRONOGRAPHI

659 536 740 592 ibi
772 535 1080 607 permultis
1113 536 1367 608 perstitit
1394 536 1624 593 diebus.

663 625 830 682 lllinc
863 625 1181 697 praemissis
1213 626 1439 682 nuntiis
1471 626 1838 698 Byzantium,

661 731 894 771 omnem
928 716 1006 771 rei
1041 721 1215 788 gesta
1245 716 1508 772 ordinem
1541 716 1796 786 exponit,

660 808 717 858 et
747 804 939 860 dirum
972 820 1174 860 casum
1205 804 1399 860 verbis
1433 820 1544 860 non
1579 802 1901 859 imminuit.

658 912 805 962 Tum
839 905 976 978 quia
1008 904 1316 960 Dorilaeum
1351 921 1464 959 non
1499 904 1779 967 diruerat,

664 997 836 1066 cujus
867 996 1090 1051 eversio
1123 999 1247 1050 rata
1278 999 1402 1050 erat
1435 993 1666 1059 fcedere,

667 1085 829 1141 misit
859 1085 1080 1156 legatos
1110 1083 1382 1139 sultanus
1414 1083 1484 1138 ad
1513 1083 1822 1150 Cmsarem,

666 1175 765 1246 qui
799 1175 868 1229 de
891 1174 1091 1244 jurata
1122 1173 1500 1228 admonerent
1534 1172 1666 1228 ﬁde.

665 1270 855 1321 Ctesar
885 1262 1098 1320 coactis
1131 1279 1245 1317 non
1277 1263 1552 1317 standum
1588 1261 1806 1327 dicens,

665 1444 884 1513 legatos
920 1458 977 1496 re
1009 1441 1222 1496 infecta
1251 1440 1320 1494 ad
1356 1455 1487 1494 eum
1529 1437 1772 1494 remisit.

667 1538 843 1586 Persa
877 1534 1095 1600 furens,
1129 1530 1338 1584 iterum
1373 1527 1609 1584 collecto
1638 1528 1916 1595 exercitu,

666 1621 871 1692 viginti
906 1623 1157 1691 quatuor
1187 1623 1544 1674 armatorum
1575 1616 1838 1672 millibus

665 1729 733 1767 ex
762 1710 1041 1766 validiore
1071 1708 1428 1764 delectorum
1463 1724 1730 1778 numero,

667 1816 1008 1874 praeponens
1038 1799 1182 1870 ipsis
1215 1796 1366 1853 bello
1397 1798 1648 1868 gerendo
1684 1800 1889 1855 ducem

666 1891 735 1946 de
766 1889 890 1946 suis
921 1887 1218 1944 nobilibus
1251 1887 1502 1959 satrapis
1535 1905 1738 1958 unum,

665 1979 846 2034 mittit
875 1978 931 2033 in
966 1980 1175 2033 nostras
1208 1975 1449 2032 ditionis
1481 1976 1656 2032 urbes

660 2087 788 2142 quae
822 2068 892 2124 ad
927 2066 1285 2123 Maeandrum
1317 2065 1534 2121 flumen
1567 2072 1706 2122 sunt
1738 2066 1960 2139 positm.

662 2161 718 2216 Is
748 2161 866 2214 dux
895 2155 1119 2213 Tralles
1153 2157 1358 2210 urbem
1391 2155 1502 2210 sibi
1537 2155 1813 2226 vindicat,

664 2265 845 2313 Luma
877 2261 933 2312 et
961 2254 1328 2311 Antiochiam
1362 2253 1419 2309 in
1457 2254 1700 2326 Phrygia
1733 2255 1929 2322 sitam,

659 2353 792 2405 item
822 2346 1165 2404 Pentachira
1194 2363 1328 2402 cum
1360 2345 1618 2403 castellis
1649 2346 1895 2418 aliquot,

657 2447 832 2512 atque
866 2436 1192 2494 maritimos
1222 2435 1536 2507 populatur
1569 2453 1768 2508 pagos.

657 2531 768 2586 Sed
800 2531 986 2582 Caesar
1020 2523 1220 2581 missis
1253 2524 1376 2580 suis
1408 2525 1784 2592 exercitibus,

657 2618 861 2673 multis
895 2614 1223 2690 legionibus
1255 2630 1390 2669 cum
1417 2614 1669 2685 egregiis
1701 2614 1974 2684 ducibus,

657 2709 854 2764 hostes
886 2704 1196 2778 praevalida
1229 2720 1401 2758 manu
1435 2704 1673 2773 cecidit;

659 2814 911 2872 quorum
945 2813 1012 2851 ex
1042 2801 1203 2850 tanto
1237 2812 1480 2851 numero
1514 2796 1857 2867 paucissimi

659 2890 819 2947 necis
851 2891 1105 2942 cruentae
1140 2887 1322 2940 fatum
1357 2885 1618 2940 vitarunt
1649 2902 1662 2940 :

659 2970 1029 3040 multamque
1061 2965 1256 3023 attulit
1282 2967 1701 3022 recreationem

659 3062 838 3118 rebus
867 3056 1150 3114 Romanis
1180 3054 1408 3111 facinus
1442 3070 1720 3128 praesens,

661 3150 942 3225 quoniam
975 3147 1285 3202 Persarum
1318 3144 1492 3225 fregit
1522 3145 1848 3204 audaciam.

659 3241 770 3298 Sed
805 3243 861 3296 et
890 3233 1287 3307 Claudiopolis
1315 3236 1426 3291 sub
1460 3235 1612 3291 idem
1645 3239 1878 3308 tempus

657 3329 729 3386 ab
760 3327 1042 3400 Agarenis
1071 3327 1296 3381 tentata
1325 3328 1414 3380 est
1441 3325 1736 3380 Barbarie.

657 3427 905 3499 Cognita
935 3441 1014 3493 re,
1050 3423 1284 3480 Manuel
1316 3423 1582 3495 expedite
1610 3423 1932 3482 admodum

660 3522 834 3589 atque
865 3531 895 3571 e
924 3513 1172 3585 vestigio
1204 3513 1397 3568 itineri
1426 3529 1486 3569 se
1519 3513 1837 3583 commisit,

662 3607 790 3664 sine
823 3603 1006 3677 regali
1038 3602 1205 3674 lecto,
1241 3602 1367 3658 sine
1399 3602 1634 3672 culcita,

661 3715 733 3753 ne
766 3695 1067 3769 proprium
1104 3693 1342 3765 quidem
1380 3693 1570 3749 ferens
1602 3694 1941 3764 tentorium,

662 3790 804 3844 dum
840 3785 1178 3841 obsessores
1211 3782 1424 3855 satagit
1461 3788 1820 3856 praevertere.

663 3879 866 3950 Itaque
896 3878 1093 3932 noctes
1127 3873 1681 3946 agebatinsomnes,

665 3975 724 4025 et
751 3968 854 4022 viae
887 3967 1062 4022 duces
1095 3963 1411 4020 adhibebat
1441 3963 1747 4037 lampadas
1832 3953 1838 3958 ’

667 4075 768 4131 per
801 4056 1185 4128 Bithynorum
1218 4069 1456 4126 asperas
1489 4055 1753 4127 regiones

664 4147 832 4203 valde
865 4145 1149 4201 festinans
1180 4144 1534 4199 destinatum
1569 4144 1695 4200 iter.

666 4236 866 4294 Sicubi
898 4233 1124 4306 corpori
1157 4233 1324 4304 quies
1361 4233 1674 4289 tribuenda
1707 4238 1851 4306 erat,

666 4332 981 4383 Scamnum
1018 4324 1332 4396 praestabat
1363 4321 1431 4378 ad
1467 4321 1843 4380 residendum
1877 4323 2073 4398 tellus,

669 4416 1178 4493 stramineumque
1209 4414 1576 4486 supponebat
1608 4413 1842 4470 lectum.

670 4509 821 4579 Ergo
854 4504 1205 4577 quandoque
1240 4507 1441 4560 ruente
1475 4501 1691 4576 pluvia,

671 4596 859 4654 sicubi
894 4611 992 4650 rex
1021 4595 1349 4649 decreverat
1382 4592 1661 4659 dormire,

672 4687 930 4744 molestas
964 4685 1215 4756 desuper
1245 4684 1592 4756 perluebant
1621 4687 1796 4757 guttas

670 4783 726 4834 et
757 4777 959 4834 subter
987 4773 1145 4830 rivus
1177 4791 1339 4845 aqua;
1370 4774 1731 4831 decurrebat.

671 4881 945 4934 Attamen
977 4875 1168 4930 Caesar
1202 4873 1384 4946 magis
1415 4872 1508 4930 his
1538 4875 1851 4946 gaudebat,

669 4985 846 5042 quam
881 4966 929 5023 si
963 4964 1141 5037 regali
1174 4968 1453 5020 stromate
1479 4964 1730 5036 supinus

667 5059 945 5130 curisque
974 5055 1123 5111 liber
1151 5054 1374 5110 somnis
1405 5053 1754 5127 indulgeret.

668 5149 928 5206 Tandem
962 5160 1306 5218 progressus
1340 5161 1519 5217 prope
1551 5145 1978 5218 Claudiopolim

668 5240 951 5298 Barbaros
983 5241 1191 5291 Persas
1223 5235 1472 5306 conjecit
1505 5235 1561 5290 in
1597 5235 1819 5306 fugam,

668 5327 964 5400 simulque
995 5324 1225 5381 civibus
1258 5328 1314 5380 et
1345 5324 1466 5396 agri
1502 5323 1709 5380 incolis

667 5419 944 5476 fiduciam
976 5413 1172 5471 attulit
1203 5419 1259 5469 et
1289 5413 1487 5469 lumen
1525 5413 1756 5470 laetitia.

665 5510 773 5567 Hic
805 5509 1124 5579 imperator
1153 5503 1362 5560 struxit
1396 5505 1452 5558 in
1487 5505 1800 5577 Catascepe

668 5600 741 5656 ad
774 5599 904 5670 ipsa
935 5595 1100 5652 Ponti
1132 5593 1285 5649 ostia
1319 5593 1738 5648 monasterium

668 5687 802 5745 duci
837 5685 1098 5742 ﬁdelium
1132 5680 1398 5740 Michaeli
1431 5681 1782 5755 archangelo

670 5783 847 5850 atque
880 5775 1098 5832 militiae
1130 5772 1418 5845 spiritalis
1451 5773 1698 5845 principi
1736 5790 1748 5828 :

2327 536 2382 602 Α
2591 529 2754 584 Κάκεῖ
2784 525 3086 608 διατετριφε
3116 531 3316 605 συχνάς
3347 532 3576 608 ἡμέρας⁸

2585 620 2704 696 Ἀφ’
2728 615 2790 672 οὗ
2816 621 3124 698 πεπομφὼς
3156 620 3422 697 άγγὲλους
3457 619 3769 691 Βυζαντίοις

2585 709 2665 766 Τά
2697 704 3082 782 συμϐεϐηκότα
3110 731 3170 785 γε
3198 713 3375 766 πάντα
3409 710 3625 785 μηνύει,

2411 803 2552 858 4640
2588 800 2691 857 Καί
2719 803 2769 876 γ’
2800 798 3134 876 ἐκτραγῳδεῖ
3160 806 3441 879 συμφορᾶς
3474 802 3633 876 δγκον
3660 798 3834 874 λόγῳ.

2591 889 2740 947 Ἐπεὶ
2774 887 2831 945 δὶ
2861 889 3161 964 Δορύλαιον
3195 890 3256 946 οὐ
3287 889 3621 968 κατεσκάφη,

2592 985 2977 1055 Καταστροφῆς
3007 1000 3070 1054 γε
3095 978 3350 1054 κειμένης
3381 979 3432 1034 ἐν
3457 977 3684 1055 ὁρκίοις,

2593 1064 2947 1142 Πρεσϐεύεται
2979 1066 3045 1136 δὴ
3077 1069 3214 1142 πρὸς
3245 1071 3547 1144 κρατοῦντα
3578 1068 3893 1136 σουλτάνος,

2595 1158 2696 1215 Καὶ
2725 1162 2831 1213 τῶν
2862 1158 2998 1234 πρὸς
3030 1157 3188 1213 αὐτὸν
3223 1158 3520 1231 ἀνέμνησεν
3553 1157 3777 1232 όρκίων.

2415 1260 2556 1315 4645
2593 1259 2654 1316 Ὀ
2714 1255 2760 1313 δ’
2821 1256 2881 1312 οὗ
2931 1257 3250 1333 προσίσχειν
3298 1263 3418 1320 τοῖς
3474 1257 3590 1312 κατ’
3639 1257 3874 1332 ἀνάγκην

2596 1430 2849 1512 Πρέσϐεις
2880 1435 3185 1510 ἀπράκτους
3219 1434 3599 1507 ἐξαποστέλλει
3631 1435 3816 1492 πάλιν.

2593 1526 2792 1588 Μανεὶς
2823 1524 2870 1580 δ’
2901 1527 2928 1580 ὁ
2962 1523 3170 1601 Πέρσης
3202 1526 3452 1602 στρατιὰν
3487 1525 3782 1601 ἀποκρίναις

2595 1619 2734 1691 Πρὸς
2770 1614 2938 1671 εἴκοσι
2962 1617 3221 1691 τέτταρας
3251 1614 3660 1690 ἀριθμουμένην

2543 1730 2551 1737 ·
2591 1709 2678 1768 Ἐς
2707 1704 2968 1780 χιλιάδας
3000 1704 3219 1774 εὖσθενῆ
3254 1703 3568 1780 ρωμαλὲαν,

2417 1798 2556 1853 ⁴1650
2594 1796 2697 1852 Καὶ
2727 1793 3122 1871 ταγματάρχην
3148 1790 3269 1866 τῇδ’
3299 1793 3592 1865 ἆπιστήσας
3625 1789 3714 1849 ἕνα

2339 1894 2386 1962 Β
2591 1889 2708 1940 Τῶν
2746 1883 2832 1962 ὑφ’
2863 1880 3056 1939 ἔαυτόν
3086 1883 3365 1958 ἐκπριπῶν
3398 1883 3758 1959 μεγιστάνων,

2592 1975 2719 2032 Κατ’
2752 1972 2952 2029 ἄστεων
2984 1969 3239 2047 πέπομφε
3261 1979 3362 2042 τῆς
3391 1969 3696 2045 Ῥωμαίδος

2586 2069 2700 2118 Τῶν
2733 2063 2869 2139 πρὸς
2901 2059 3202 2139 Μαιάνδρῳ
3223 2066 3303 2134 τῷ
3333 2065 3570 2135 ποταμῷ
3598 2056 3886 2134 κειμένων.

2588 2156 2682 2218 Ὃς
2711 2154 2799 2208 καὶ
2833 2153 3208 2227 παρεστήσατο
3239 2150 3513 2226 Τράλλεις
3539 2151 3640 2220 τὴν
3670 2145 3857 2219 πόλιν,

2411 2247 2553 2303 4655
2592 2247 2783 2316 Λουμᾶ
2811 2243 2858 2297 τ’
2892 2242 3231 2317 Ἀντιόχειαν
3263 2243 3363 2310 τήν
3392 2241 3530 2315 πρὸς
3559 2235 3787 2315 Φρυγίᾳ,

2590 2332 2691 2390 Καὶ
2725 2331 3065 2407 ΙΙεντίχείί)α
3088 2329 3178 2385 σὺν
3213 2328 3473 2406 ἐρύμασιν
3506 2325 3674 2398 ὅσοιῶ

2590 2423 2797 2494 Κώμας
2827 2420 3123 2483 σκυλεύσας
3154 2421 3242 2475 καί
3276 2418 3770 2496 παραθαλαττίους.

2587 2510 2767 2567 ’Λλλὰ
2801 2508 3055 2585 βασιλεὺς
3087 2507 3461 2587 ἐκπεπομφὼς
3496 2506 3749 2581 δυνάμεις

2586 2601 2735 2665 Ἰλας
2761 2620 2816 2655 τε
2850 2599 3050 2674 συχνᾶς
3081 2599 3171 2653 καὶ
3201 2597 3405 2660 καλοὺς
3435 2597 3823 2672 στρατηγίτας,

2412 2702 2552 2757 4660
2593 2695 2854 2771 Ἠμύνατ⁹
2886 2697 3117 2772 ἐχθροὺς
3149 2695 3355 2752 ἀνελὼν
3389 2697 3526 2752 κατᾶ
3553 2693 3774 2771 κράτος·

2588 2790 2676 2852 Ὠς
2707 2789 2764 2842 ἐκ
2794 2787 3068 2842 τοσούτων
3107 2784 3325 2860 ἰσχύσαι
3363 2786 3739 2861 βραχυτάτους

2588 2879 2687 2933 Τὸν
2721 2877 2779 2932 ἐκ
2810 2874 2993 2954 ξίφους
3027 2875 3251 2939 θάνατον
3286 2874 3690 2952 ἐκπεφευγέναιο

2589 2966 2815 3036 Πολλὴν
2849 2964 2904 3022 δὲ
2933 2964 3082 3022 τουτὶ
3113 2961 3212 3034 τήν
3242 2958 3542 3043 ἆνάρῥωσιν
3577 2966 3724 3044 φέρει

2587 3060 2720 3120 Τοῖς
2752 3052 3002 3114 Αὐσόνων
3033 3053 3316 3132 πράγμσσι
3342 3059 3570 3132 τοῦργον
3603 3060 3680 3130 τῷ
3708 3050 3855 3130 τότε,

2413 3151 2553 3206 4665
2591 3148 2858 3224 Φρόνημα
2891 3150 3111 3220 Περσῶν
3145 3136 3383 3200 καταόαλ
3399 3146 3454 3200 ὸν
3487 3145 3575 3200 καὶ
3612 3147 3828 3220 θράσος.

2335 3267 2379 3332 C
2592 3237 2796 3292 Γούτου
2818 3239 3145 3312 κρατοῦντος
3174 3235 3263 3332 καὶ
3293 3233 3460 3297 πόλις
3489 3237 3522 3306 ἡ
3557 3226 3832 3332 Ιςλαυδίου

2594 3333 2840 3402 ’Έπασχι
2869 3329 3050 3388 κακῶς
3084 3319 3390 3401 Βαρϐάροις
3416 3329 3535 3387 τοῖς
3569 3319 3618 3402 ἕξ
3649 3325 3840 3400 Ἅγαρ·

2589 3419 2657 3474 ’Ὀ
2696 3401 2859 3491 me:
2893 3408 3182 3487 Μανουῆλ,
3216 3412 3492 3477 εὐσταλῶς
3529 3401 3661 3488 μάλ’
3689 3411 3878 3470 αὐτίκα

2589 3508 2677 3569 Ὠς
2711 3507 2853 3580 εἶχεν
2888 3499 3204 3580 ἐξώρμησεν
3233 3502 3358 3568 εὐθὺ
3383 3502 3671 3581 φρουρίου,

2415 3598 2554 3654 4670
2594 3587 2985 3670 Ἀνακτορικῆν
3022 3596 3086 3650 οὐ
3117 3591 3337 3665 κλίνην,
3371 3593 3434 3649 οὗ
3465 3589 3748 3667 στσιόάδα,

2595 3686 2756 3743 ’Λλλ’
2787 3684 2911 3742 οὖδὶ
2965 3674 3242 3761 βασίλειον
3276 3683 3506 3740 αὐλαίαν
3543 3683 3719 3761 φίρων

2596 3779 2680 3833 Ἐν
2713 3783 2792 3850 τῷ
2822 3774 3128 3854 προφθάσαι
3158 3780 3645 3852 τειχομαχοῦντος
3679 3773 3875 3849 θὲΑειν,

2594 3868 2804 3925 Οὐκοῦν
2835 3866 3000 3922 ίαύων
3034 3862 3270 3927 ἀΰπνους
3300 3863 3389 3920 καὶ
3419 3867 3516 3928 τὰς
3545 3865 3741 3928 νύκτας

2595 3960 2832 4034 Ἑχρῆτο
2865 3951 3003 4036 φωτὶ
3036 3955 3170 4030 πρὸς
3202 3950 3420 4032 πορείαν
3465 3944 3769 4029 λαμπάδων

2416 4059 2558 4114 4675
2597 4057 2693 4112 Διά
2724 4060 2962 4120 Βιθυνῶν
2993 4041 3368 4125 δυσστιϐήτων
3404 4052 3626 4130 χωρίων

2605 4137 3145 4228 Σφοδρῶς-ἔλαύνων
3177 4143 3266 4199 τὸν
3295 4143 3654 4218 προκείμενον
3688 4135 3922 4219 δρόμον.

2594 4239 2769 4296 Ὅπου
2798 4234 2843 4290 δ’
2877 4235 3048 4311 ἐχρῆν
3080 4256 3142 4310 γε
3175 4233 3529 4289 διαναπαῦσαι
3563 4232 3752 4307 δέμας,

2597 4331 2695 4383 Ἤν
2729 4321 2963 4400 καθέδρα
2990 4321 3267 4402 τοῦδαφος
3301 4323 3445 4396 αὖτῷ
3476 4323 3562 4379 καὶ
3594 4322 3793 4391 κλίσις,

2599 4416 2776 4473 Πάλιν
2804 4415 3038 4490 φορυτὸς
3071 4407 3418 4485 ὑπεῦἐϐλητο
3449 4410 3638 4484 κλίνη.

2422 4511 2560 4566 4680
2600 4503 3039 4582 Καταρῥαγίντος
3072 4503 3228 4558 ὑετοῦ
3261 4502 3381 4557 ποτ’
3413 4499 3506 4557 οῦν
3550 4497 3758 4579 λάϐροι)

2603 4599 2688 4654 Ἐν
2717 4594 2863 4670 ᾧπερ
2903 4596 3100 4649 ὑπνοῦν
3138 4592 3468 4669 ηὐτρέπιστο
3503 4592 3721 4668 χωρίῳ,

2602 4691 2726 4747 Ταῖς
2762 4683 3012 4759 σταγόσιν
3047 4679 3245 4737 ἄνωθεν
3281 4681 3522 4758 ὥχλεῖτο
3555 4680 3782 4762 σφόδρα,

2604 4777 2704 4832 Καὶ
2735 4774 2976 4828 κατιόντι
3011 4771 3235 4850 ῥεύματι
3268 4771 3415 4828 κάτω
3445 4771 3662 4843 κλίνης·

2601 4866 2661 4923 Ὀ
2694 4863 2740 4920 δ’
2768 4864 3042 4940 ὑπερήσθη
3079 4856 3454 4936 συμϐεϐηκότι
3484 4857 3648 4917 πλέον

2427 4966 2567 5022 4685
2601 4964 2668 5020 Ἥ
2706 4961 3005 5036 βασιλικῶν
3038 4959 3373 5034 πρωμάτῶν
3406 4960 3457 5016 οἱ
3484 4961 3748 5034 κειμένων

2605 5051 2946 5114 Ἀνακλιθεὶς
2979 5049 3246 5106 ὕπνωττεν
3284 5048 3383 5122 ἔξω
3416 5050 3740 5129 φροντίδων.

2603 5145 2793 5217 ’Ὀμως
2825 5141 3071 5222 ἰφθακὼς
3104 5139 3343 5210 πλησίον
3375 5147 3474 5211 τῆς
3505 5137 3778 5198 Κλαυδίου

2603 5230 2858 5308 Φυγάδας
2892 5227 3422 5308 εἰργάσατολΙῘέρσας
3452 5225 3784 5305 Βαρϐάρους,

2605 5320 3026 5385 Ἀστυπολίταις
3055 5321 3144 5375 καὶ
3179 5319 3496 5392 προσοίκοις
3534 5318 3581 5375 δ’
3612 5321 3675 5376 αὗ
3708 5320 3876 5377 πάλιν

2429 5416 2568 5472 4690
2609 5421 2814 5487 Θαρσος
2843 5410 3086 5486 παρέσχε
3116 5408 3204 5465 καὶ
3237 5431 3369 5488 φαος
3401 5407 3691 5482 θυμηδίας.

2605 5507 2775 5568 Οὗτος
2805 5505 2977 5578 μονὴν
3011 5501 3225 5577 ἤγειρεν
3253 5502 3304 5556 ἐν
3338 5503 3658 5575 Κατασκέπῃ

2605 5597 2734 5652 Κατ’
2770 5592 2900 5650 αὐτὸ
2930 5593 3129 5648 πόντου
3160 5594 3417 5665 κειμένην
3449 5613 3558 5647 που
3585 5593 3647 5647 τὸ
3679 5590 3858 5664 στόμα

2605 5687 2696 5756 Τῷ
2724 5689 2831 5740 τῶν
2864 5671 3046 5738 άύλων
3076 5687 3338 5755 στρατιῶν
3373 5682 3652 5758 ἀρχηγέτῃ

2606 5779 2818 5830 Πιστῶν
2854 5763 2900 5828 δ’
2932 5771 3122 5847 ὁδηγῷ
3152 5770 3386 5846 Μιχαὴλ
3418 5769 3812 5848 πρωταγγίλῳ,

2347 4645 2394 4709 D

3958 401 4065 460 180

3929 1258 4071 1335 φρά-

3926 1350 4071 1422 [σας.
