4208 6430
168 398 258 454 181

166 534 298 587 4ὃ95
338 533 468 589 Καθ’
496 533 561 601 ἤν
589 554 641 589 τι
673 534 982 605 κτησείδιον
1013 537 1164 594 οὐδὶν
1199 538 1448 600 οὐδόλως

337 620 471 676 Οῦτε
499 619 712 698 πλέθρα
741 632 845 699 γῆς
873 624 994 682 οὐδ’
1028 628 1230 703 ἀγρούς
1261 627 1322 685 οὐ
1359 629 1556 704 χωρία⁹

335 712 713 786 Μονοτρόπων
747 710 806 769 δὶ
836 715 1148 793 συναγαγὼν
1180 716 1529 793 προκρίτους.

339 802 426 857 Ἐν
449 800 583 876 τῇδε
611 803 952 876 προύνόησεν
986 804 1180 869 αὐτοὸς
1212 805 1422 863 ἀνύτειν

339 891 699 968 Ἀπράγμονά
728 914 788 950 τε
809 894 899 949 καὶ
933 895 1245 974 φιλήσυχον
1283 893 1426 974 βίον,

169 972 299 1028 4700
338 974 452 1037 Τάς
483 978 632 1049 σφῶν
659 977 898 1046 σιτήσεις
929 971 1020 1031 καὶ
1047 974 1255 1039 διαίτας
1286 971 1357 1032 δι’
1387 971 1538 1039 ἔτους

335 1069 533 1121 Κοινοῦ
553 1067 778 1139 ταμείου
811 1068 1064 1131 θεσπίσας
1097 1064 1563 1143 προσλαμϐάνειν.

335 1157 488 1228 Παρὰ
509 1153 566 1210 δὲ
593 1157 885 1229 Ῥωμαίοις
916 1179 980 1226 γε
1010 1163 1218 1232 θεσμοῦ
1248 1158 1501 1232 κειμένου

335 1245 700 1319 Κρατοῦντος,
734 1248 908 1320 οἶμαι,
941 1245 1100 1303 τοῦδε
1128 1248 1258 1303 κάπί
1288 1243 1588 1323 Βαρϐάροις

333 1335 468 1395 Τοῖς
496 1336 853 1408 στρατιώταις
880 1337 973 1399 τὰς
1007 1335 1184 1399 δόσεις
1219 1335 1470 1411 ὀψωνίων

163 1425 292 1480 4705
332 1425 428 1480 Ἐκ
456 1429 552 1478 τοῦ
580 1426 808 1497 ταμείου
841 1425 1174 1502 παρέχεσθαι
1209 1425 1279 1482 δι’
1310 1423 1463 1491 ἔτους

334 1516 436 1571 Καὶ
465 1513 648 1570 τούσδ’
677 1511 935 1591 ἀκριϐοῦν
969 1518 1016 1572 εἴ
1046 1519 1395 1593 πεπείρανται
1430 1517 1638 1594 μάχης,

334 1603 399 1658 Ei
427 1604 582 1674 τόξον
615 1603 672 1659 εῦ
704 1602 911 1660 οἴδασιν
945 1606 1191 1662 ἐντείνειν
1228 1605 1398 1679 μάλα,

331 1692 471 1763 Δόρυ
501 1713 558 1747 τε
588 1699 756 1748 κινεῖν
788 1693 878 1748 καὶ
909 1692 1216 1770 κραδαίνειν
1242 1695 1524 1772 ἐντέχνως,

330 1781 391 1834 Εἰ
426 1783 681 1855 σώματος
715 1782 935 1861 φέροντι
970 1784 1163 1859 ῥώμην
1202 1785 1290 1839 καὶ
1340 1784 1549 1853 σθένος,

163 1870 291 1924 4710
331 1874 533 1944 Ψυχῆς
556 1892 615 1926 τε
645 1873 978 1944 παράστημα
1007 1873 1144 1948 πρὸς
1170 1871 1297 1936 τοὺς
1328 1871 1628 1946 κινδύνους,

329 1960 454 2014 εἰτ’
485 1959 837 2038 ἐγγράφεσθαι
869 1960 959 2016 σὺν
995 1958 1146 2038 λόγῳ
1173 1963 1522 2039 καταλόγοις”

329 2047 497 2111 Οὗτος
530 2050 811 2126 σιτηρέσια
833 2055 941 2106 τῶν
966 2052 1380 2128 στρατευμάτων

329 2139 575 2215 Κατέσχε
606 2139 788 2196 λαϐὼν
821 2139 895 2203 ὡς
926 2138 1047 2196 λίαν
1071 2140 1424 2221 ἀσυμφόρως⁸

332 2230 576 2286 Ἐπινοεῖ
606 2227 664 2284 δὲ
680 2229 778 2292 τάς
808 2229 1084 2306 παροίκων
1110 2231 1207 2294 τὰς
1238 2229 1435 2295 δόσεις.

159 2321 290 2376 4715
328 2319 431 2375 Καὶ
460 2315 645 2374 ταῖσδε
676 2316 834 2394 δίψος
863 2325 1010 2382 σφῶν
1045 2333 1350 2396 θεραπεεειν
1383 2321 1550 2386 θέλει.

324 2410 597 2464 Ἐντεῦθεν
628 2408 825 2465 οὐκοῦν
855 2410 956 2465 οὐκ
988 2407 1281 2486 ἐπιλέγδην
1315 2413 1454 2474 ἅπας

322 2500 571 2572 Τάγμασι
602 2498 918 2554 κατείλεκτο
947 2503 1054 2554 τῶν
1085 2503 1525 2574 στρατευμάτων,

323 2584 501 2642 Ἀλλὰ
526 2584 760 2657 θελήσας
791 2587 1057 2665 ἐγκριθεὶς
1085 2591 1153 2659 ἦν
1186 2589 1396 2645 αὐτίκα·

318 2676 484 2731 Ταῦτ’
506 2676 590 2750 ἄρ’
623 2677 993 2752 άνατέτραπτο
1024 2679 1090 2732 τὰ
1119 2683 1225 2734 τῶν
1265 2679 1543 2753 Αὐσόνων,

157 2764 284 2820 4720
323 2764 428 2820 Καὶ
460 2766 732 2838 χειρόνως
764 2767 1087 2842 πάσχουσιν,
1123 2769 1198 2833 ὡς
1227 2765 1338 2824 ἔστι
1375 2769 1617 2846 βλέπειν.

316 2855 594 2930 Ἐμφυτον
628 2852 750 2926 ἄναξ
783 2856 1026 2932 εὐτυχῶν
1062 2859 1222 2934 χάριν
1257 2857 1438 2934 λόγων

324 2942 678 3017 Εὐγλωττίας
708 2943 868 3007 κλέος
896 2967 954 3001 τε
980 2947 1068 3001 καὶ
1102 2951 1308 3024 φρενῶν
1347 2948 1535 3024 βάθος,

315 3030 393 3087 Οὐ
431 3029 700 3106 )αμπρῶς
733 3035 799 3104 ἦν
832 3035 1095 3100 συντιθεὶς
1128 3037 1349 3115 γράφων
1386 3039 1570 3112 μόνον.

319 3120 660 3177 Ἐπιστολῶν
696 3125 924 3200 χάριτας
959 3128 1041 3188 οἷς
1075 3123 1298 3182 δέδοκτό
1330 3129 1402 3199 οἱ,

151 3211 278 3270 4725
314 3209 476 3268 Ἀλλ’
503 3209 714 3267 ὠδίνων
745 3235 808 3289 γε
832 3215 920 3269 καὶ
950 3216 1403 3291 κατηχητηρίους

318 3303 388 3370 ᾜ
422 3298 618 3363 παῖδας
648 3301 927 3358 ἆπέτικτεν
964 3304 1196 3379 εὐγενεῖς
1229 3303 1451 3382 λόγους,

307 3391 418 3453 Οὕς
452 3413 580 3470 φασι
612 3391 878 3462 σελέντια,
916 3394 1166 3458 συνετοὺς
1201 3393 1357 3471 ἄγαν.

310 3478 456 3552 Ὀδῷ
484 3482 697 3555 προϊὼν
728 3483 974 3557 ἡμμένος
1008 3485 1096 3539 καὶ
1130 3482 1421 3560 δογμάτων

313 3569 445 3644 Περὶ
471 3575 607 3626 Θεοῦ
640 3569 815 3646 λέγειν
846 3593 905 3630 τε
934 3575 1022 3628 καὶ
1053 3574 1236 3629 κλύειν
1261 3574 1428 3630 θέλειο

150 3661 274 3715 4730
314 3663 459 3714 Νοῦν
488 3660 835 3737 γυσεφίκτοις
864 3657 1101 3739 δόγμασι
1135 3661 1182 3718 δ’
1213 3663 1507 3742 έφιστάνων

312 3749 538 3811 Πεύσεις
571 3757 815 3827 προσῆγε
843 3753 932 3806 καὶ
966 3749 1150 3818 λύσεις
1171 3752 1377 3809 τούτων
1411 3755 1556 3831 πέρι.

308 3839 400 3902 Ὧς
431 3837 489 3893 ἄν
526 3839 756 3912 μυηθεὶς
790 3841 924 3916 πρὸς
954 3843 1191 3916 Χριστοῦ
1218 3844 1427 3900 τούτων
1460 3847 1605 3922 πέρι.

309 3930 603 3997 Ζητήσεως
635 3929 724 3983 οὗν
757 3935 1056 4000 τηνικαῦτα
1089 3926 1374 4006 συμϐάσης
1403 3937 1515 4009 (57)

309 4017 630 4087 Διεξιόντων
661 4023 929 4094 γραφικοῦ
963 4019 1131 4096 ῥητοῦ
1161 4023 1287 4096 πέρι

146 4108 272 4166 4735
309 4111 405 4170 Ὠς
437 4105 835 4184 προσδέχεσθαι
869 4112 1192 4188 προσφέρειν
1222 4133 1281 4167 τε
1312 4113 1525 4191 σύναμα

312 4202 504 4274 Σάρκα
534 4194 776 4256 λαϐόντα
805 4201 894 4257 τὸν
929 4203 1058 4258 Θεόν
1091 4223 1150 4260 τε
1177 4205 1267 4260 καὶ
1299 4206 1498 4282 Λόγον,

308 4288 411 4344 Καὶ
438 4293 546 4344 τῶν
578 4289 692 4345 τότ’
725 4287 935 4365 ἀνδρῶν
970 4291 1023 4346 έν
1057 4291 1244 4369 λόγοις
1271 4295 1664 4372 τεθραμμένων

307 4380 753 4455 Ἀποκριθέντων
781 4380 858 4443 εἷς
890 4379 1102 4436 ἐναντία
1135 4382 1296 4460 μέρη,

304 4468 486 4543 Λόγοι
517 4468 800 4544 προῆλθον
835 4468 886 4540 ἐξ
917 4470 1173 4546 ἐκατέρου
1207 4472 1404 4548 μέρους

141 4560 263 4614 4740
303 4560 708 4634 ’Δντιφατικῶς
738 4558 1108 4635 άντερίζοντος
1141 4559 1353 4637 λόγοις.

300 4652 370 4723 τῇ
399 4647 669 4721 κρείττονι
703 4645 828 4722 δόξῃ
860 4645 916 4703 δὲ
941 4653 1392 4724 προστεθειμένου

303 4737 406 4792 Καὶ
439 4740 679 4810 πατρικῇ
710 4735 981 4792 κάλλιστα
1009 4741 1105 4791 τοῦ
1131 4736 1419 4812 βασιλέως,

300 4825 584 4901 Καθῃρέθη
597 4846 690 4880 σαν
722 4826 870 4900 ἱερᾶς
901 4823 1271 4902 λειτουργείας

297 4913 531 4992 ’Ἄνδρες
558 4915 785 4992 λογάδες
820 4915 1050 4973 λευϊτῶν
1082 4919 1434 4992 Ἐκκλησίας,

139 5011 265 5067 4745
303 5007 657 5086 ’Λντίφρονες
695 5007 970 5080 μείναντες
1002 5007 1431 5088 ἇνεπιστρόφως,

300 5098 632 5173 Σωτήριχός
668 5118 750 5160 τις
786 5096 1150 5174 Παντεύγενος
1176 5100 1486 5172 τούπίκλην

299 5190 494 5249 Τελῶν
530 5191 842 5268 ὑποψήφιος
868 5191 1212 5266 Ἀντιοχείας
1245 5196 1354 5266 (58)

198 5393 303 5461 (57)
331 5393 418 5447 Ex
446 5391 557 5446 boc
580 5405 753 5445 versu
803 5405 992 5460 usque
1037 5390 1110 5444 ad
1143 5406 1195 5443 ν.
1250 5391 1414 5456 4764,
1463 5397 1655 5450 exstat
1685 5394 1769 5453 lo.

136 5479 225 5518 cus
253 5465 410 5537 apud
444 5462 725 5537 Allatium
758 5467 959 5517 contra
988 5461 1233 5537 qreygb.
1266 5465 1478 5537 p.526,

195 5533 309 5601 (58)'
363 5535 609 5590 Wolﬁus
667 5533 1227 5606 interpreaniceta
1267 5533 1583 5594 Cboniatte
1629 5538 1767 5596 hist.

133 5623 222 5672 vu,
248 5611 301 5669 5.
337 5609 498 5664 haud
531 5606 654 5663 scio
703 5623 774 5662 an
825 5604 1224 5678 signiﬁcatum
1277 5608 1627 5666 intellexerit
1664 5629 1769 5669 vo-

135 5682 310 5736 cabuli
344 5680 695 5755 ὐποψήφιος,
714 5680 868 5755 quod
898 5685 1093 5755 tamen
1118 5679 1368 5755 explicat
1388 5683 1663 5755 Cangius,
1687 5683 1769 5739 ci-

132 5757 236 5808 talo
269 5755 395 5826 ipso
427 5750 629 5810 uestro
661 5750 1011 5823 prraemio,
1045 5750 1214 5824 cujus
1255 5750 1586 5827 fragmen—ta
1615 5750 1767 5827 lege-

1679 406 2042 461 CESARES.

1833 531 1886 596 Α
1919 527 2000 582 nil
2036 532 2230 584 tamen
2264 545 2498 601 prorsus
2530 526 2949 601 possidendum
2982 528 3211 595 tribuit,

1916 635 2032 673 non
2064 618 2184 690 agri
2218 617 2452 689 praedia,
2489 633 2602 672 non
2634 615 2904 672 villarum
2939 616 3164 672 reditus
3199 635 3213 684 ;

1914 708 2014 764 sed
2038 708 2456 764 monachorum
2491 706 2824 762 selectiores
2857 722 3222 779 congregans

1913 795 2032 852 illic
2063 813 2161 852 eos
2183 796 2360 852 voluit
2391 796 2447 851 in
2480 795 2740 852 coenobio
2774 796 2982 866 degere

1912 886 2067 942 curis
2098 892 2392 958 expertem
2421 891 2477 942 et
2507 885 2766 957 quietam
2797 885 2977 940 vitam
3016 902 3029 940 :

1911 976 2090 1030 annui
2123 992 2292 1047 porro
2313 977 2500 1031 victus
2533 975 2801 1030 subsidia

1912 1065 2143 1137 publico
2167 1065 2351 1136 jussit
2381 1081 2448 1120 ex
2479 1065 2680 1120 aerario
2712 1064 2994 1136 accipere.

1906 1155 2036 1210 Jam
2066 1171 2196 1209 cum
2231 1154 2508 1211 Romanis
2541 1169 2702 1225 aeque
2735 1154 3122 1225 Barbarisque

1913 1261 2096 1316 usque
2127 1246 2198 1300 ad
2230 1245 2386 1299 hunc
2418 1245 2699 1299 Caesarem
2736 1243 2904 1297 firma
2937 1243 3026 1298 lex
3059 1243 3266 1299 fuisbet

1911 1339 1973 1388 ut
2005 1334 2354 1389 cibariorum
2390 1334 2668 1388 demensa
2702 1332 2982 1388 militibus

1906 1424 2315 1480 exhiberentur
2343 1440 2408 1478 ex
2440 1422 2638 1477 mrario
2665 1440 2898 1489 annua;

1905 1519 2080 1584 atque
2113 1513 2319 1568 horum
2355 1513 2558 1584 peritia
2590 1513 3010 1584 explm'arclur,

1905 1619 2043 1657 num
2078 1619 2276 1657 arcum
2310 1607 2441 1673 apte
2468 1603 2526 1655 in
2560 1603 2766 1672 primis
2799 1601 3019 1656 scirent
3057 1601 3314 1668 tendere,

1903 1707 2133 1747 movere
2165 1692 2389 1747 hastam
2424 1698 2476 1745 et
2509 1690 2735 1746 vibrare
2769 1705 2836 1744 ex
2869 1693 3030 1756 arte;

1903 1797 2041 1836 num
2075 1798 2286 1853 corpus
2321 1781 2554 1834 ﬁrmum
2589 1779 2968 1848 validumque
3000 1778 3301 1848 haberent,

1829 1901 1873 1967 Β
1906 1887 2009 1926 nec
2041 1887 2152 1925 non
2186 1871 2463 1925 audacem
2495 1868 2560 1923 ad
2599 1867 2854 1939 pericula
2885 1867 3176 1935 animum,

1906 1961 2173 2031 atqueita
2206 1959 2263 2013 in
2297 1957 2426 2013 albo
2455 1956 2592 2012 scite
2626 1956 3061 2024 scriberentur;

1903 2048 1995 2105 hic
2028 2049 2343 2121 imperator
2373 2047 2630 2102 militum
2663 2044 2884 2101 cibaria

1903 2138 2168 2205 sustulit,
2201 2138 2361 2194 lucro
2395 2137 2538 2209 reip.
2573 2137 2854 2191 damnoso
2889 2153 2901 2204 ;

1903 2229 2115 2300 bisque
2147 2227 2468 2284 incolarum
2490 2226 2798 2299 pensiones
2830 2224 3159 2293 substituit,

1904 2320 2118 2390 quibus
2148 2315 2462 2390 ingluviem
2499 2314 2750 2371 militum
2785 2314 3046 2371 satiaret.

1904 2409 2048 2465 Hinc
2082 2426 2249 2465 nemo
2283 2406 2385 2464 rite
2411 2408 2530 2478 jam
2567 2406 2733 2461 miles
2765 2406 3134 2478 conscriptus

1903 2499 2266 2572 allegebatur
2290 2498 2347 2552 in
2381 2497 2685 2569 copiarum
2719 2495 2993 2562 ordines;

1902 2591 2002 2646 sed
2035 2587 2399 2645 voluntarius
2429 2587 2678 2659 quisque
2710 2586 2885 2641 {lebat
2917 2584 3086 2642 miles
3118 2602 3131 2641 :

1899 2684 1957 2738 ct
1976 2681 2062 2736 sic
2083 2683 2343 2735 Romana
2378 2693 2615 2750 pessum
2648 2692 2740 2731 res
2772 2680 2860 2730 est
2890 2676 3049 2743 data,

1899 2774 1956 2827 et
1980 2785 2154 2840 quam
2187 2768 2452 2824 videmus
2485 2766 2704 2839 patitur
2730 2765 2986 2821 ruinam.

1899 2861 2088 2916 Casar
2118 2857 2399 2913 doctrinis
2432 2873 2464 2911 a
2492 2855 2738 2928 pueritia
2769 2855 3058 2921 imbutus,

1899 2949 2206 3004 verborum
2239 2945 2444 3019 gloria,
2474 2961 2757 3000 sensuum
2792 2942 3121 3012 altitudine,

1898 3056 2012 3095 non
2046 3035 2236 3094 solum
2269 3035 2573 3107 splendido
2597 3033 2745 3105 stylo
2779 3033 3167 3105 componebat

1894 3128 2280 3201 epistolarum
2303 3142 2406 3198 pro
2436 3124 2602 3180 libito
2625 3124 2896 3196 gratiam,

1898 3219 1999 3274 sed
2028 3215 2414 3273 catecheticos
2445 3215 2621 3270 etiam
2656 3228 2958 3269 sermones

1896 3323 2000 3364 ceu
2033 3306 2351 3380 genuinam
2384 3304 2746 3376 parturiebat
2776 3301 3060 3372 sobolem,

1896 3397 2067 3470 vulgo
2099 3395 2331 3453 silentia
2361 3395 2537 3462 dicta,
2572 3399 2696 3449 cate
2725 3393 3069 3448 admodum.

1896 3487 2039 3542 Hinc
2063 3489 2300 3559 sumpta
2323 3483 2588 3549 audacia,
2615 3483 2788 3538 etiam
2823 3483 2893 3537 de
2923 3481 3301 3554 dogmatibus

1895 3576 2107 3632 divinis
2139 3573 2319 3630 voluit
2349 3574 2541 3629 dicere
2567 3577 2623 3628 et
2652 3571 2894 3628 audire:

1895 3670 2268 3736 mentemque
2299 3663 2594 3719 abstrusis
2625 3662 2890 3717 inserens
2915 3661 3210 3733 mysteriis

1893 3756 2104 3812 borum
2137 3754 2488 3826 quaestiones
2522 3752 2821 3808 ambiebat
2852 3750 3074 3807 solvere

1892 3849 2173 3917 tanquam
2204 3845 2444 3901 edoctus
2467 3847 2622 3899 esset
2654 3859 2686 3896 a
2716 3841 2944 3897 Christo
2975 3841 3284 3915 interpres.

1891 3937 2040 4009 Ergo
2072 3940 2214 3990 tunc
2246 3937 2372 3989 orta
2404 3933 2658 4005 quadam
2690 3931 3090 3988 controversia

1892 4042 2070 4098 super
2100 4024 2421 4096 Scriptura:
2443 4022 2568 4079 loco
2600 4020 3062 4093 disputantium,

1891 4117 1950 4171 in
1982 4132 2096 4188 quo
2129 4119 2187 4170 et
2216 4114 2477 4184 accipere
2498 4113 2672 4166 simul
2705 4115 2761 4166 et
2791 4112 2996 4167 otl'erre

1889 4206 2103 4262 dicitur
2131 4204 2504 4259 incarnatum
2535 4202 2788 4258 Verbum
2826 4201 2920 4256 Dei
2949 4219 2963 4270 ;

1890 4313 2026 4352 cum
2057 4295 2186 4365 ejus
2221 4294 2502 4366 temporis
2536 4292 2752 4349 eruditi
2784 4291 3052 4348 homines

1891 4385 2191 4440 discordes
2224 4384 2441 4438 ferrent
2471 4381 2579 4437 hac
2613 4383 2682 4437 de
2715 4397 2774 4437 re
2802 4380 3150 4450 sententias,

1888 4475 2064 4530 verba
2086 4473 2303 4528 ﬁebant
2333 4487 2401 4527 ex
2435 4475 2678 4542 utraque
2711 4475 2874 4542 parte

1889 4566 2030 4621 dum
2064 4579 2240 4618 suum
2273 4562 2525 4633 quisque
2557 4562 2858 4633 oppugnat
2891 4559 3315 4616 adversarium.

1808 4661 1852 4726 D
1885 4656 2149 4727 Cumque
2168 4651 2396 4708 meliori
2428 4650 2716 4707 calculum
2743 4650 3022 4722 adjiceret

1887 4745 2125 4801 Patrum
2158 4742 2482 4808 sententia},
2519 4747 2581 4797 ut
2615 4758 2717 4813 par
2740 4745 2885 4811 erat,
2919 4745 3111 4798 Cmsar
3140 4757 3153 4797 :

1886 4851 2050 4890 sacro
2074 4832 2302 4905 depulsi
2337 4836 2479 4887 sunt
2511 4830 2833 4887 ministerio

1886 4924 1990 4979 viri
2019 4923 2294 4997 praecipui
2329 4923 2383 4976 in
2420 4920 2688 4977 Ecclesiae
2719 4921 2950 4992 ofﬁciis,

1887 5014 1984 5086 qui
2020 5013 2349 5086 pertinaces
2380 5009 2440 5067 in
2464 5010 2754 5067 sententia
2787 5016 3143 5068 manserant.

1883 5103 2216 5160 Sotericbus
2249 5103 2511 5175 quidam,
2544 5101 2715 5173 vulgo
2752 5103 3175 5174 Panteugenus,

1885 5194 2286 5250 Antiochenus
2318 5193 2539 5249 electus
2571 5191 2883 5265 episcopus
2919 5210 2930 5248 :

3460 403 3560 460 182

1884 5398 1973 5449 rat
2002 5393 2156 5464 apud
2192 5391 2492 5447 Allatium.
2531 5391 2756 5464 Rursus
2807 5390 2958 5464 idem
3006 5392 3322 5449 nescivisse
3372 5395 3529 5452 vide-

1884 5472 2002 5531 tur,
2025 5462 2367 5536 Tbeopolim
2384 5479 2511 5520 esse
2539 5469 2572 5515 A
2587 5462 2900 5536 ntiochiam
2923 5463 3133 5536 ipsum.
3150 5467 3333 5530 Quare
3351 5470 3530 5525 verba

1883 5537 1911 5591 ὁ
1946 5532 2266 5612 ὑποψήφίος-
2293 5543 2392 5604 τῆς
2440 5539 2572 5612 Θεοῦ
2621 5532 2852 5612 πόλεως.
2888 5532 3134 5612 μεγάλης
3185 5537 3366 5612 ’ᾼντιο

3416 5540 3527 5602 είας

3373 5558 3429 5666 ii

1884 5608 2215 5683 Σωτηριχος
2247 5609 2274 5664 ὁ
2308 5608 2683 5683 Παντεύγενος,
2713 5609 2885 5663 vertit
2917 5610 3331 5683 Hypnpsephius
3373 5608 3525 5669 theo-

1879 5682 2119 5755 politan;
2141 5682 2476 5737 Sotericbus
2499 5753 2506 5755 _
2529 5686 2906 5752 Panteugenus
2955 5682 3274 5755 Antiochea,
3305 5699 3326 5744 ,·
3357 5688 3522 5755 quasi

1883 5753 2283 5828 hypopsephius
2315 5753 2614 5827 proprium
2651 5770 2864 5809 nomen
2899 5759 3053 5810 esset
3082 5754 3190 5810 viri
3230 5753 3522 5829 theopoli-
