4190 6448
611 410 716 465 183
1817 414 2187 470 ΕΡΗΒΛΕΜῙΙ
2226 414 2307 468 ΟΕ

2442 415 2800 469 FIOGRAPHI
3900 405 4000 459 184

607 535 748 589 item
772 536 1113 590 Eustathius
1147 536 1420 607 Epidauri
1454 540 1687 609 praesul,

611 631 667 677 et
696 624 1110 679 Thessalorum
1144 625 1386 680 Michael
1420 631 1561 682 tunc
1594 629 1811 697 rhetor,

615 729 678 765 ac
713 712 1004 767 Basilaces
1033 714 1386 783 sapientium
1423 715 1581 770 Pauli

615 802 906 871 interpres
938 800 1262 857 litterarum
1287 820 1352 857 ac
1382 803 1574 860 levita.

619 891 754 944 Post
785 906 970 944 annos
1002 890 1225 961 aliquot
1256 891 1410 947 idem
1446 895 1766 950 monarcha

620 978 777 1032 aliud
812 980 1118 1049 proposuit
1146 980 1556 1050 explicandum
1591 984 1793 1038 thema
1827 1002 1839 1038 :

617 1067 900 1122 Dominus
933 1067 1077 1121 dixit
1108 1070 1400 1139 passionis
1438 1076 1721 1142 tempore,

619 1155 788 1225 Major
817 1172 902 1209 me
928 1160 1084 1225 pater
1106 1162 1185 1211 est
1218 1160 1256 1211 ί.
1290 1157 1437 1214 Tum
1472 1176 1679 1230 parum
1712 1177 1929 1216 curans

622 1244 960 1312 Caesarjam
993 1244 1258 1315 cognitas
1291 1245 1526 1301 Patrum
1561 1249 1904 1315 sententias,

626 1333 922 1404 propriam
950 1334 1216 1403 procudit
1247 1334 1811 1406 interpretationem,

582 1429 597 1438 ’
630 1426 687 1474 et
718 1426 1121 1491 tempestatem
1149 1424 1465 1478 concitavit
1495 1425 1810 1480 maximam

625 1510 896 1564 Ecclesiae
924 1508 1100 1564 simul
1124 1514 1180 1565 et
1210 1512 1395 1566 doctis
1427 1513 1797 1583 praesulibus,

628 1600 775 1670 Ergo
805 1603 1005 1653 coacta
1035 1599 1391 1655 delectorum
1425 1603 1645 1673 synodo

626 1688 863 1759 impulit
893 1688 1103 1753 Caesar,
1135 1689 1189 1743 vi
1221 1706 1454 1761 quoque
1486 1692 1770 1759 adhibita,

629 1794 835 1832 omnes
870 1777 1064 1837 libello
1096 1782 1161 1833 ut
1192 1779 1275 1833 ita
1307 1780 1784 1837 aubscriberent:

627 1866 933 1921 Assentior
959 1883 1063 1937 ego
1092 1872 1331 1922 Patrum
1362 1870 1692 1939 sententiis,

630 1973 778 2027 quas
811 1955 1081 2026 inspirati
1105 1958 1173 2011 de
1200 1956 1387 2012 Verbo
1421 1958 1805 2029 scripserunt,

629 2044 859 2100 Christo
890 2046 1170 2114 majorem
1208 2044 1432 2102 scilicet
1459 2064 1587 2103 esse
1610 2052 1862 2119 Patrem,

631 2134 692 2189 Id
721 2138 916 2188 autem
950 2133 1039 2188 aio
1065 2135 1311 2202 dictum,
1347 2136 1484 2208 quia
1515 2142 1765 2194 creatam

626 2222 1087 2294 passibilemque
1118 2240 1351 2279 carnem
1384 2225 1639 2282 Verbum
1675 2228 1949 2300 sumpsit.

626 2313 722 2367 Sic
754 2328 925 2383 porro
954 2313 1320 2383 supponebat
1351 2314 1561 2369 Filium
1596 2317 1749 2371 Patri

631 2407 941 2472 postquam
977 2402 1161 2455 nostri
1196 2402 1384 2471 gratia
1416 2420 1648 2459 carnem
1682 2411 2037 2478 sumpserat.

631 2494 763 2544 Haec
797 2489 1141 2561 consignata
1172 2489 1379 2545 litteris
1413 2494 1722 2564 purpureis

631 2578 1001 2649 lapideisque
1027 2578 1247 2633 tabulis
1267 2580 1564 2653 insculpta

632 2666 880 2739 pulchro
912 2663 1177 2735 artificio,
1210 2669 1267 2729 in
1296 2670 1519 2741 templo
1551 2671 1783 2744 Sepbim

632 2756 822 2811 instar
850 2756 1245 2828 ephigrapbes
1277 2760 1595 2828 spectanda
1623 2760 1911 2832 exposuit.

634 2844 824 2900 Aliam
859 2862 1067 2901 rursus
1093 2847 1548 2903 controversiam
1583 2850 1783 2917 movit,

634 2949 847 3006 nempe
878 2938 941 2988 ut
970 2935 1285 2991 anathema
1312 2936 1703 2994 Mohametbis
1737 2942 1847 2994 Deo

637 3022 993 3079 eximeretur
1012 3023 1305 3095 dyptichis
1326 3026 1630 3094 suadebat,

639 3129 711 3169 ne
744 3112 889 3169 forte
911 3113 1265 3169 contumelia
1294 3115 1458 3171 fieret
1477 3115 1717 3172 Numini

638 3203 902 3259 omnium
938 3202 1181 3257 Domino
1214 3207 1389 3275 atque
1418 3199 1737 3272 regnatori.

640 3291 781 3347 Rem
800 3289 1188 3361 judicandam
1220 3291 1435 3347 obtulit
1464 3293 1778 3366 episoOpis,

642 3378 745 3450 qui
778 3378 1106 3447 rejecerunt
1136 3395 1341 3436 omnes
1372 3384 1436 3435 ut
1464 3381 1917 3453 blasphemiam,

642 3470 833 3523 Iratus
863 3471 1057 3523 Caesar
1086 3473 1324 3524 renovat
1343 3468 1610 3526 libellum

645 3554 804 3611 falsa:
832 3555 1229 3612 Mohametbis
1261 3558 1548 3615 faventem
1574 3560 1730 3628 fidei,

644 3662 710 3701 ac
743 3644 1073 3716 superiores
1105 3648 1486 3717 castigantem
1520 3651 1777 3706 Caesares

644 3740 931 3806 tanquam
966 3734 1175 3790 inscite
1208 3735 1651 3794 maledixissent
1681 3738 1830 3808 Deo;
1933 3772 1937 3779 -

648 3828 826 3894 atque
858 3822 1016 3878 hunc
1050 3822 1313 3879 libellum
1348 3826 1531 3881 edidit
1559 3826 1895 3899 legendum.

652 3912 761 3968 Sed
790 3912 1123 3983 patriarcha
1154 3913 1371 3968 restitit
1402 3916 1703 3982 audacter,

649 4006 708 4055 et
736 4016 871 4055 cum
904 4005 1136 4071 pastore
1163 4002 1581 4072 conspiraruut
1611 4020 1853 4073 omnes;

650 4088 1083 4145 Thessalonica!
1124 4091 1335 4161 praesul
1368 4091 1520 4147 inter
1542 4094 1767 4165 primos

648 4178 737 4233 vir
767 4178 1096 4234 celebratus
1122 4178 1334 4235 virtute
1365 4196 1431 4235 ac
1461 4182 1672 4237 litteris
1697 4200 1711 4251 ;

654 4273 828 4339 atque
860 4273 1163 4340 pastorum
1197 4269 1384 4341 gloria
1414 4271 1762 4328 Eustathius

653 4356 777 4413 zelo
802 4358 998 4413 divino
1036 4358 1262 4413 viscera
1295 4366 1569 4429 perustus

656 4463 871 4502 novum
904 4464 969 4501 ac
1000 4447 1269 4518 spurium
1303 4448 1653 4521 improbavit
1685 4451 1920 4521 dogma,

658 4536 859 4591 dicens
893 4554 905 4591 :
942 4537 1246 4591 Enimvero
1280 4537 1458 4591 forem
1492 4554 1597 4607 ego
1630 4538 1913 4611 indignus

658 4625 972 4697 episcopali
1005 4625 1157 4681 stola
1188 4631 1364 4697 atque
1396 4626 1566 4695 solio,

659 4730 1020 4786 prorsusque
1053 4716 1296 4770 insanus
1338 4717 1545 4772 merito
1576 4718 1920 4775 aastimarer.

659 4805 709 4860 si
743 4822 776 4859 a
808 4804 1129 4875 pederasta
1158 4805 1318 4859 vafro
1348 4805 1605 4861 mulione

664 4892 949 4965 magistro
981 4891 1173 4948 omnis
1205 4898 1370 4949 actus
1399 4896 1738 4950 exsecrandi

660 4986 717 5039 et
739 4982 1141 5037 doctrinarum
1166 4980 1548 5037 scelestarum
1584 4990 1796 5055 mysta,

664 5072 763 5143 qui
798 5074 1128 5126 monstrum
1150 5072 1444 5143 quoddam
1481 5074 1648 5127 ﬁnxit
1677 5073 2074 5146 holosphyron

738 5181 751 5212 ¹
784 5177 953 5232 Joan.
982 5192 1098 5245 xxv,
1130 5177 1226 5234 28.

2278 542 2331 606 Α
2540 534 2839 595 Εὐστάθιος
2871 529 3137 607 πρόεδρος
3168 527 3563 602 Ἐπιδαμνίων,

2542 624 2603 679 Ὀ
2631 627 2741 677 τῶν
2772 621 3057 676 Θετταλῶν
3090 620 3325 694 Μιχαὴλ
3358 620 3542 694 ῥήτωρ
3575 618 3719 684 τότε,

2368 715 2507 769 4750
2546 712 2643 766 Καὶ
2675 710 2989 780 Βασιλάκης
3020 714 3129 764 τῶν
3161 714 3339 786 σοφῶν
3373 706 3594 763 Ηαύλου
3618 705 3794 780 λόγων
3822 707 3935 777 (59)

2319 802 2336 810 ”
2547 798 2882 862 Διδάσκαλός
2912 820 2998 859 τις
3032 797 3320 872 τυγχάνων
3353 797 3445 852 καὶ
3478 794 3721 865 λευῖτης.

2546 891 2698 947 Μετὰ
2728 888 2785 943 δὲ
2811 883 3149 948 λυκάϐαντας
3180 887 3337 947 οὗτος
3360 888 3388 939 6
3418 884 3634 959 κράτωρ

2546 979 2737 1047 Ῥητὸν
2769 976 3046 1051 προτιθεὶς
3078 976 3152 1037 εἷς
3192 974 3477 1046 ἀνάπνυειν
3509 973 3701 1040 πάλιν,

2546 1068 2607 1124 Ὀ
2638 1066 2913 1136 Δεσπότης
2944 1062 3131 1140 εἴρηκε
3156 1068 3332 1139 καιρῷ
3359 1068 3454 1118 τοῦ
3484 1064 3712 1134 πάθους,

2370 1158 2508 1213 4755
2539 1155 2757 1224 Μείζων
2788 1154 2923 1227 ἰμοῦ
2954 1155 3160 1230 πέφυκε
3190 1154 3378 1226 Πατήρ
3414 1173 3539 1225 μου,
3572 1150 3747 1224 λέγων

2547 1243 2753 1319 Μικρόν
2780 1264 2838 1298 τε
2867 1243 3163 1316 προσσχὼν
3197 1240 3479 1312 ἆναπτύξει
3511 1241 3762 1315 ιιατὲρων
3793 1242 3904 1312 (61)

2550 1334 2764 1390 Οἷκείαν
2800 1331 3051 1407 ἐξήγησιν
3084 1330 3509 1407 ἀντεπιισφὲρει,

2552 1421 2653 1479 Καὶ
2682 1421 2972 1496 τρικυμίας
3005 1418 3330 1493 ἀναπιμπλᾷ
3358 1418 3447 1473 καὶ
3483 1418 3652 1487 ζάλης

2551 1508 2876 1580 Ἐκκλησίαν
2902 1530 2961 1564 τε
2984 1509 3074 1563 καὶ
3107 1507 3307 1581 σοφοὺς
3336 1506 3655 1583 άρχιθύτας·

2374 1602 2514 1656 4760
2554 1600 2859 1673 Ὀμήγυριν
2889 1598 2982 1652 οὗν
3013 1596 3072 1651 ἐκ
3101 1594 3349 1670 λογάδων
3382 1594 3570 1656 ἁλίσας

2554 1689 2772 1761 Ἐνῆγεν
2806 1685 2930 1759 ἅναξ
2960 1685 3268 1761 προστιθείς
3296 1706 3347 1739 τι
3377 1685 3468 1738 καὶ
3504 1684 3625 1759 βίας

2550 1777 2907 1853 ’Υπογράφειν
2932 1772 3157 1831 ἕκαστον
3190 1772 3367 1837 οὕτως
3397 1773 3451 1827 ἰν
3479 1773 3656 1845 τόμῳ·

2300 1903 2348 1969 Β
2555 1869 2745 1939 Στιχῶ
2780 1865 2873 1937 μὶν
2905 1864 3062 1925 αὐτὸς
3094 1863 3281 1938 ρήσεσι
3307 1862 3397 1915 καὶ
3428 1863 3679 1937 Πατέρων

2554 1956 2574 1969 ιι
2592 1957 2605 1969 Α
2703 1953 2727 1969 ν
2862 1951 2875 1969 ν
2944 1959 2982 1969 -ι
3060 1952 3073 1969 Ι
3301 1948 3325 1969 Η
3500 1954 3515 1969 Δ
3549 1949 3560 1969 Ι

2554 1956 2651 2015 "Ac
2677 1953 2828 2007 εἶπον
2858 1951 2918 2007 ἐκ
2942 1952 3255 2025 Πνεόματος
3281 1948 3456 2004 εἵνεκα
3485 1949 3666 2025 Λόγου

2378 2045 2484 2099 476
2554 2047 2661 2097 Τοῦ
2695 2040 2895 2114 μείζον’
2927 2042 3055 2096 εἶναι
3085 2044 3187 2094 τοῦ
3215 2042 3454 2114 Χριστοῦ
3485 2040 3577 2093 τὸν
3609 2040 3840 2112 Πατέρα.

2555 2133 2713 2205 Αὲγω
2748 2127 2804 2184 δὲ
2830 2134 2995 2184 τοῦτο
3026 2128 3115 2182 καὶ
3143 2126 3405 2202 λελέχθαι
3436 2127 3625 2182 καθότι

2558 2212 3072 2289 Κτιστήνπαθητήν
3105 2217 3275 2292 σάρκα
3305 2212 3575 2289 λαμϐάνει
3607 2218 3803 2292 Λόγος.

2555 2310 2709 2363 Τοῦθ⁹
2730 2308 2912 2386 ὕφεσιν
2942 2309 3091 2385 φέρει
3124 2304 3180 2361 δὲ
3209 2306 3344 2382 πρὸς
3372 2308 3464 2360 τὸν
3490 2307 3701 2380 Πατέρα

2524 2400 2635 2471 Υἱῷ
2667 2392 2890 2452 λαϐόντι
2924 2396 3091 2471 σάρκα
3118 2399 3227 2450 τῶν
3264 2397 3475 2470 βροτῶν
3508 2394 3693 2469 χάριν.

2384 2491 2523 2545 4770
2561 2485 3057 2562 Ἐρυθροσημάντῳ
3088 2483 3144 2539 δὲ
3177 2483 3303 2545 δοὺς
3334 2488 3515 2559 γραφῇ
3547 2482 3675 2539 τάδε

2565 2573 2661 2629 Καί
2691 2574 2853 2644 πλαξὶ
2879 2571 3064 2634 καλῶς
3098 2571 3394 2647 ἐγχαράξας
3428 2570 3661 2633 λιθίναις

2564 2663 2687 2721 Ἐπὶ
2714 2661 2915 2740 Σοφίας
2945 2666 3042 2715 τοῦ
3071 2662 3171 2715 νεὼ
3199 2664 3332 2715 Θεοῦ
3365 2660 3542 2733 Λόγου

2565 2754 2878 2828 Ἀνάγραφα
2898 2750 3109 2821 τίθησιν
3140 2748 3215 2812 ὡς
3242 2743 3353 2803 ἔστι
3387 2748 3633 2823 βλέπειν.

2567 2843 2686 2898 Ἔτι
2713 2846 2851 2895 κινεῖ
2879 2841 3099 2911 ζήτημα
3128 2837 3217 2893 καὶ
3248 2836 3413 2892 πάλιν
3440 2834 3585 2891 τόὸεο

2392 2933 2533 2988 4775
2572 2930 2825 3002 Ἀνάθιμ’
2856 2927 2939 2999 εἴη
2972 2932 3052 3000 τῷ
3082 2931 3199 2998 Θεῷ
3226 2930 3323 2981 τοῦ
3354 2926 3622 2998 Μωάμεθ,

2570 3017 2698 3075 Τόδ⁹
2722 3015 3021 3090 ἀπαλεῖψαι
3055 3015 3292 3071 πυκτίων
3328 3015 3646 3089 παρηγγύα,

2569 3114 2654 3169 Ὠς
2691 3108 2765 3180 μή
2797 3100 3205 3179 καθυϐρίζοιτο,
3239 3104 3392 3181 φησὶ,
3424 3108 3533 3157 τῶν
3565 3102 3710 3159 ὅλων

2570 3202 2631 3253 Ὁ
2658 3191 3035 3267 παμϐασιλεὺς
3066 3193 3155 3247 καὶ
3186 3194 3315 3255 Θεὸς
3345 3192 3435 3247 καὶ
3468 3192 3768 3263 Δεσπότης.

2317 3255 2362 3322 c
2574 3255 2771 3354 Τίθηάι
2804 3280 2979 3351 δῆλον
3009 3283 3234 3354 ποιμὲσι
3268 3282 3486 3354 σκέμμα
3512 3278 3659 3336 τόδε’

2395 3378 2534 3434 4780
2572 3370 2926 3448 Ἀπαγορεόει
2951 3376 3054 3433 πᾶς
3086 3368 3268 3425 κλύων
3306 3368 3645 3445 βλαφημίαν.

2575 3461 2773 3523 Μανεὶς
2806 3462 2833 3514 6
2863 3465 3074 3535 κρατῶν
3106 3465 3414 3514 καινοποιεῖ
3444 3457 3510 3529 δὴ
3540 3459 3711 3533 τόμον

2578 3553 2996 3625 ΣυνηγοροῖΝτα
3026 3546 3330 3621 λαοπλάνῳ
3356 3547 3621 3621 Μωάμεθ,

2579 3642 2702 3696 Τῶν
2724 3638 2850 3714 πρὶν
2885 3634 2931 3692 δ’
2960 3637 3201 3692 ἀνάκνων
3230 3636 3653 3709 καθικνούμενον
3689 3635 3835 3710 μάλα

2581 3730 2669 3789 Ὠς
2703 3724 3108 3799 λοιδορούντων
3139 3726 3361 3798 ἀμαθῶς
3393 3729 3510 3797 Θεῷ
3538 3727 3723 3801 Λόγῳ.

2405 3822 2547 3878 4785
2585 3818 2675 3880 Ei:
2706 3816 2961 3893 ἀκρόάσιν
2987 3814 3241 3871 ὶκδίδωσι
3271 3818 3366 3870 τὸν
3393 3814 3590 3889 τόμον.

2584 3910 2647 3966 Ὀ
2674 3906 3026 3982 πατριάρχης
3054 3899 3247 3975 ἀντᾶϐη
3285 3902 3622 3980 θαρσαλέως,

2584 3996 2683 4051 Καὶ
2714 4002 2820 4058 πᾶς
2853 3997 3047 4049 συνιὼν
3081 3999 3410 4069 συνομαρτεῖ
3437 3994 3683 4066 ποιμένι,

2586 4085 2691 4141 Καὶ
2730 4083 2941 4156 μᾶλλον
2975 4085 3002 4137 6
3034 4080 3303 4158 πρόεδρος
3335 4080 3733 4151 Θεσσαλονίκης

2592 4169 2925 4249 Περιϐόητος
2954 4172 3148 4247 ἀρετήν
3178 4192 3237 4226 τε
3266 4171 3354 4225 καὶ
3388 4170 3575 4245 λόγον,

2412 4264 2553 4319 4790
2586 4266 2703 4316 Τῶν
2737 4264 3124 4335 ποιμεναρχῶν
3155 4259 3449 4322 Εὔστάθιος
3480 4260 3542 4313 τὸ
3571 4258 3735 4321 κλέος

2590 4353 2661 4420 Ζή
2673 4350 2755 4423 λῳ
2786 4354 2950 4421 θεϊκῷ
2980 4348 3376 4427 καταφλεχθιὶς
3406 4346 3631 4422 καρδίαν

2588 4439 2816 4515 Ἥλεγξε
2846 4436 3026 4513 δόγμα
3056 4438 3371 4515 καινοφανὲς
3402 4437 3493 4492 καὶ
3524 4438 3706 4493 νόθον.

2600 4527 2736 4597 Εἴην
2764 4534 2827 4582 ἂν
2858 4528 3091 4597 ἀνάξιος,
3127 4526 3315 4597 ιῗπὼν,
3348 4528 3627 4581 παντάπαν

2342 4612 2385 4675 [)
2595 4624 2707 4685 Τῆς
2737 4620 3128 4690 ποιμεναρχῶν
3158 4616 3249 4670 καὶ
3288 4614 3491 4680 στολῆς
3520 4616 3610 4670 καὶ
3639 4619 3737 4670 τοῦ
3770 4616 4008 4691 θρόνου,

2418 4708 2559 4763 4795
2594 4705 2841 4768 Ἠλίθιος
2872 4702 2929 4758 δὲ
2959 4704 3046 4759 καὶ
3077 4704 3409 4776 νομιζοίμην
3442 4702 3649 4759 πλάνον

2597 4795 2658 4851 Εἰ
2684 4792 3048 4866 παιδεραστὴν
3079 4794 3166 4847 καὶ
3197 4791 3510 4865 καμηλώδη
3545 4792 3751 4846 πλάνον

2598 4884 2819 4953 Μόστην
2849 4904 2908 4937 τε
2929 4885 3107 4951 πάσης
3138 4882 3382 4955 πράξεως
3418 4880 3743 4957 βδελυκτὲας

2598 4976 2701 5034 Καὶ
2737 4974 3085 5049 μυσταγωγὸν
3122 4968 3324 5027 ἀσεϐῶν
3358 4970 3705 5047 διδαγμάτων

2595 5067 2934 5143 Ὁλόσφυρόν
2964 5086 3017 5119 τι
3047 5064 3136 5118 καὶ
3166 5062 3547 5136 πεπλασμένον
3578 5065 3734 5138 τὲρας

660 5284 896 5367 tani,_et
944 5283 1184 5367 quidem
1229 5283 1528 5367 diversiha
1577 5284 2305 5367 Soterichoﬁénti‘ocheno.
2417 5284 2792 5367 t_erp_r_etando
2849 5283 3029 5367 anulo
3063 5282 3417 5367 Ioccupatna?
3476 5282 3623 5363 _Hinc
3654 5279 3957 5367 videlicet.
4004 5290 4114 5367 τοι

659 5352 1135 5427 Allatiustamen
1189 5360 1390 5409 contra
1446 5356 1689 5427 Creygh.
1744 5375 1797 5427 p.
1846 5358 1972 5426 5‘26,
2006 5358 2158 5413 ofﬁci
2204 5376 2306 5414 no-
2418 5352 2801 5415 Paulinarum
2858 5352 3250 5427 Epistolarum
3312 5352 3492 5408 ϐπ·ωοί
3538 5352 3963 5409 commentarii
4035 5358 4108 5412 in

662 5444 796 5500 men
831 5426 1083 5500 retinet:
1142 5426 1448 5500 Antiochiae
1492 5426 1912 5500 hypcpsephius,
1965 5430 2119 5485 sicut
2168 5431 2308 5487 alibi
2421 5428 2792 5487 bibliothecis
2820 5443 2963 5482 mss.
2995 5426 3165 5482 nobis
3194 5429 3527 5500 occurrunt.

660 5497 862 5573 ὕπατος
891 5498 1137 5573 vertitur
1160 5499 1258 5573 ab
1291 5501 1493 5573 eodem
1531 5497 1807 5573 ihypatiu.
1860 5502 2061 5573 Exstat
2111 5506 2308 5558 autem

2490 5501 2823 5573 (6O)7Hujus
2855 5500 2949 5573 rei
2967 5514 3147 5573 causa
3166 5497 3524 5552 celebratum
3557 5495 4112 5573 _con_cilium_(_}raa-

662 5572 883 5655 mood".
928 5573 1059 5655 ναι..
1093 5570 1272 5655 ⁸ξὶίέξὸ3
1308 5590 1361 5643 p.
1401 5572 1521 5655 12.4,
1540 5566 1833 5655 scriptum
1868 5572 2311 5655 Demetrii__Ge-
2420 5566 3246 5655 cumihectenus‘ineditutn,
3280 5584 3417 5653 ergo
3436 5569 3607 5655 .prelo
3649 5570 3773 5638 jam
3811 5566 4108 5655 subieci.

660 5640 998 5719 migtjb'ltwc
1028 5640 1056 5692 6
1087 5640 1403 5719 ὑποψήφιος
1422 5642 1499 5719 εἷς
1520 5643 1581 5696 τὸ
1614 5640 1768 5719 ἅγιον
1790 5642 2090 5719 ιῖσέρχεται
2124 5648 2306 5719 Βῆμα.

2494 5644 2604 5717 (61)
2642 5644 2756 5698 Has
2805 5643 3129 5717 sententias
3171 5640 3384 5711 legesia
3433 5640 3665 5696 interim
3718 5640 3874 5712 apud
3916 5640 4113 5700 (Ibo-

732 5714 847 5785 (59)
877 5715 1102 5785 Ergone
1133 5716 1189 5770 in
1226 5714 1369 5772 urbe
1421 5714 1694 5785 Byzantio
1740 5714 2018 5774 cathedra
2066 5717 2177 5773 fuit
2215 5714 2309 5772 'in-
2422 5714 2645 5775 niatum
2678 5731 2780 5784 vn,
2811 5715 2864 5769 5.
