4250 6432
199 404 287 460 185

193 528 316 580 4800
343 521 526 590 Ψιλῆς
561 518 803 579 έπινοίας
821 537 882 591 γε
910 514 1000 570 καὶ
1032 511 1325 587 σευγητέας

351 612 478 665 Θεὸν
511 607 740 676 καλοίην
775 606 973 679 ἀτρεκῆ
1005 602 1228 670 κτίστην
1261 600 1430 655 ὅλων.

359 701 421 755 Ὀ
455 697 498 752 δ’
528 697 603 760 ὠς
634 694 917 758 πεπονθὼς
946 692 1179 767 ἐσχάτην
1215 689 1496 756 παροινίαν

358 787 639 840 Ὀνείδεσιν
671 783 867 838 ἕπλυνε
895 781 1023 843 τοὺς
1051 779 1350 853 άρχιθύτας

353 876 578 947 Κόσμου
606 874 674 927 τά
705 873 865 946 μωρὰ
892 867 1086 925 τούσδε
1115 865 1296 922 καλῶν
1331 865 1546 940 ἀλόγως
1584 882 1596 895 ·

201 970 326 1024 4805
366 965 509 1021 Κάπὶ
546 959 790 1036 μεγάλης
821 957 1138 1021 δικάσασθαι
1171 953 1397 1010 συνόδου

359 1055 500 1127 Πρὸς
530 1047 712 1106 τούσδ’
743 1047 981 1104 ἀπειλῶν
1015 1046 1270 1119 έμμανῶς
1301 1043 1574 1116 ἐκεκράγει

360 1142 516 1197 Πάπα
547 1139 811 1215 παρόντος
838 1142 946 1191 τῶν
978 1134 1353 1211 προκειμένων
1395 1132 1576 1206 χάριν.

357 1233 549 1303 Ὅμως
579 1231 758 1301 θυμοῦ
788 1227 1079 1296 λήξαντος,
1111 1226 1138 1278 ὁ
1166 1222 1338 1290 πραῢς
1370 1218 1496 1290 ἅναξ

361 1315 585 1390 Σπουδῇ
617 1314 888 1391 προέδρου
907 1311 1074 1382 τῆσδε
1102 1319 1200 1380 τῆς
1234 1307 1666 1379 Κωνσταντίνου,

197 1413 324 1467 4810
360 1413 451 1480 Τῷ
480 1406 771 1466 Θετταλίας
801 1402 1072 1477 άρχιθύτῃ
1107 1395 1326 1469 συνέϐη,

356 1495 578 1556 Ἐνδοὺς
606 1496 674 1550 τά
700 1494 751 1548 οἱ
784 1491 1010 1564 δόξαντα
1031 1491 1189 1566 φάναι
1221 1487 1570 1563 προφρόνως.

358 1585 530 1646 Τέλος
561 1583 608 1638 δ’
639 1583 876 1638 ἐπειπὼν
907 1580 995 1635 καὶ
1023 1577 1276 1654 βασιλεὺς
1304 1573 1488 1633 τοιάδε

361 1681 444 1735 Ὡς
475 1671 558 1728 δεῖ
587 1672 753 1749 σοφόν
777 1692 834 1725 τε
867 1669 1083 1724 συνετὸν
1117 1666 1394 1744 πεφυκότα

368 1761 554 1833 Μηδὲν
587 1761 922 1835 παρακαίρια
943 1756 1132 1813 λαλεῖν
1163 1755 1401 1831 θρασέως

203 1856 332 1910 4815
371 1849 527 1921 Μηδὲ
555 1844 892 1924 προϐάλλειν
923 1847 1124 1922 ῥήματ’
1156 1844 1358 1918 αἰσχρά
1384 1839 1650 1913 καθάπαξ,

371 1944 484 1997 Τοῦ
517 1944 715 2012 μηνιᾷν
748 1934 943 1992 ἔπαυσε
973 1936 1107 2010 πρὸς
1135 1935 1229 1988 τὸν
1256 1935 1492 2003 ποιμένα
1525 1949 1537 1961 ·

365 2029 522 2086 Οὕτω
554 2029 646 2100 μὶν
681 2026 936 2097 ἐξήνυστο
964 2021 1083 2078 τάδ’
1114 2021 1190 2086 ὠς
1219 2019 1277 2076 ἂν
1310 2019 1442 2096 ἔφην
1480 2039 1492 2051 ·

367 2117 446 2172 Τά
477 2114 722 2190 δόγματα
755 2111 802 2168 δ’
834 2114 1036 2188 ὥριστο
1060 2108 1193 2184 τῇδε
1223 2106 1430 2180 συνόδῳ

365 2207 454 2267 Ὠς
483 2210 592 2260 τῶν
630 2199 863 2279 βιϐλίων
891 2201 1166 2277 ἀπαλειφῇ
1199 2199 1497 2263 παντάπαν,

197 2296 322 2350 4820
362 2320 388 2344 ‹‹
423 2293 680 2364 Ἀνάθεμ’
711 2290 794 2360 εἴη
828 2295 908 2362 τῷ
938 2295 1055 2361 Θεῷ
1081 2293 1177 2344 τοῦ
1209 2287 1454 2359 Μωάμεθ
1487 2305 1501 2319 °
1540 2311 1560 2340 s

362 2384 736 2458 Ἀντεγγραφῇ
771 2378 837 2449 δ’,
871 2405 898 2430 «
936 2380 1207 2449 Ἀνάθεμα
1235 2381 1315 2447 τῷ
1346 2376 1587 2446 Μωάμεθ

364 2471 466 2527 Καὶ
496 2474 565 2542 τῇ
597 2467 801 2543 διδαχῇ
832 2465 992 2523 τοῦδε
1021 2467 1110 2520 καὶ
1135 2468 1278 2539 πάσῃ
1312 2463 1516 2537 πλάνῃ.
1553 2488 1572 2513 ι
1602 2509 1610 2516 .

355 2562 458 2618 Καὶ
488 2565 650 2615 τοῦτο
681 2561 1021 2628 κυρώσαντες
1052 2560 1103 2612 οἱ
1133 2564 1232 2626 τῆς
1259 2553 1492 2610 συνόδου

359 2656 483 2710 Τῶν
518 2650 756 2707 συνόδων
790 2650 1026 2726 λήγουσι
1056 2650 1146 2704 καὶ
1174 2653 1283 2705 τῶν
1312 2645 1620 2721 συλλόγων.

199 2740 328 2794 4825
365 2739 682 2811 Περιπεσὼν
710 2734 768 2791 δὶ
801 2734 1058 2812 βασιλεὺς
1088 2732 1238 2808 δεινῇ
1268 2733 1413 2806 νόσῳ

367 2830 470 2886 Καὶ
501 2827 666 2903 γνοὺς
697 2828 886 2883 ἑαυτὸν
915 2825 1290 2894 πλησιάζοντα
1313 2826 1492 2901 μόρῳ,

370 2925 637 2989 Σκῆπτρα
665 2915 910 2994 παριδὼν
938 2917 1030 2972 καὶ
1061 2916 1126 2972 τά
1158 2915 1388 2994 λαμπρά
1415 2920 1511 2971 τοῦ
1545 2914 1688 2991 βίου,

361 3006 573 3074 Ἐλθών
599 3029 658 3064 τε
685 3010 864 3063 κακῶν
898 3007 974 3070 εἷς
1009 3006 1349 3077 συναίσθησιν
1385 3005 1555 3072 ὅλων,

370 3097 453 3153 Τὸ
481 3097 587 3150 τῶν
624 3099 888 3171 μοναχῶν
911 3093 1266 3172 ἀμφιέννυται
1301 3093 1465 3170 ῥάκος
1498 3110 1511 3125 ·

197 3186 325 3242 4830
361 3187 478 3241 Εἶτ’
512 3183 802 3240 ἀπολείπει
832 3183 923 3240 τόν
962 3185 1078 3260 βίον
1108 3185 1197 3240 καὶ
1229 3185 1293 3240 τὸ
1317 3184 1537 3260 κράτος,

362 3275 544 3333 Ὀκτὼ
573 3275 836 3350 κατάρξας
869 3273 958 3330 καὶ
986 3275 1276 3346 τριάκοντα
1307 3271 1564 3348 χρόνους,

361 3365 564 3439 Ταφεῖς
595 3365 823 3440 πατρῴᾳ
851 3365 989 3439 πρὸς
1023 3367 1166 3438 μονῇ
1199 3357 1464 3436 σεϐασμία

367 3453 582 3525 Κλῆσιν
617 3456 851 3531 φερούσῃ
879 3454 1324 3529 παντοκράτορος
1355 3453 1554 3530 Λόγου,

364 3543 579 3616 Ἥσπερ
609 3539 875 3617 δομήτωρ
913 3540 1168 3617 βασιλεὺς
1202 3539 1482 3611 Ἰωάννης,

197 3633 325 3687 4835
363 3631 587 3687 Γυναικὶ
620 3629 798 3685 λιπὼν
833 3630 926 3686 σὺν
958 3629 1124 3706 ἀώρῳ
1152 3629 1349 3702 τεκνίῳ

367 3718 723 3793 Κραταρχίαν
753 3738 813 3773 τε
842 3716 932 3772 καὶ
966 3714 1238 3787 διοίκησιν
1271 3715 1441 3772 ὅλων.

202 3877 641 3935 ΔΝΔΡΟΝΙΚΟΣ
701 3879 746 3934 Ο
803 3877 1191 3934 ΚΟΜΝΗΝΟΣ
1251 3879 1386 3932 ΣΥΝ
1443 3873 1662 3931 ΑΛΕΞΙ

281 3952 390 4027 ΥΙῼ
435 3950 778 4007 ΜΛΝΟΥΗΛ
815 3954 918 4006 ετ.
958 3952 1038 4020 A',
1079 3951 1198 4005 ΚΑΙ
1239 3947 1490 4005 ΜΟΝΟΣ
1530 3946 1642 4004 ET.
1682 3946 1760 4006 ιδ’.

367 4086 803 4168 Ἐπιϐεβηκότος
834 4088 892 4146 δὲ
917 4094 1017 4155 τῆς
1048 4087 1351 4166 αὖταρχίας

366 4179 575 4245 Παιδὸς
609 4181 870 4252 Μανουήλ
903 4181 996 4236 σὺν
1027 4179 1257 4256 τεκούσῃ
1290 4177 1528 4259 φιλτάτῃ

367 4266 621 4325 Ἡλικίαν
649 4264 872 4342 ἄγοντος
903 4265 1121 4334 ἁπαλὴν
1164 4263 1266 4336 ἔτι,

201 4361 330 4416 4840
373 4357 670 4430 Ἀκοσμίας
703 4355 989 4426 πέπληστο
1021 4355 1310 4428 Ῥωμαίων
1338 4355 1546 4431 πράγη,

373 4449 480 4506 Καὶ
513 4447 866 4522 πλημμελῶς
895 4445 1103 4522 ἔπασχε
1129 4447 1220 4502 καὶ
1249 4443 1437 4524 σφόδρ’
1467 4447 1732 4522 ἀτάκτως,

374 4536 481 4593 Καὶ
511 4541 698 4610 χεῖρον
731 4532 873 4610 ἤπερ
905 4536 1128 4598 Φαέθων
1163 4540 1289 4597 παῖς
1318 4531 1512 4591 Ἡλίου

379 4624 503 4680 ”Οτ’
533 4623 598 4691 ἦν
631 4618 821 4684 ἐπιϐάς
852 4621 1312 4698 χρυσοκολλήτου
1346 4619 1562 4699 δίφρου,

379 4716 469 4776 Ὠς
499 4717 667 4788 μῦθος
699 4716 863 4788 αἱρεῖ,
893 4715 982 4770 καὶ
1013 4715 1074 4770 τὸ
1107 4721 1207 4769 πᾶν
1241 4714 1571 4792 ἰφθαρκότος

210 4809 344 4866 4845
386 4803 729 4878 Ἀπαλότητι
758 4807 849 4862 καὶ
880 4805 1049 4863 πλέον
1079 4810 1130 4882 γ’
1160 4807 1401 4880 ἀπειρίᾳ,

380 4898 558 4960 Οὗτος
589 4897 693 4972 γάρ
728 4895 968 4967 Ἀλέξιος
997 4893 1206 4957 ἁπαλὸς
1234 4897 1452 4971 κράτωρ

377 4988 736 5062 Κυνηγεσίοις
765 4987 1150 5058 προστετηκὼς
1174 4983 1438 5048 έκτόπως.

379 5076 765 5147 Ἰππηλασίαι>
799 5077 887 5132 καὶ
925 5077 1115 5151 μίμοις
1145 5076 1234 5131 καὶ
1266 5076 1538 5151 παιγνίοις

375 5171 587 5228 Κοινῶν
628 5168 791 5246 ὀλίγα
822 5166 1124 5246 φροντίδων
1151 5191 1213 5246 γε
1240 5167 1521 5243 προῦνόει.

204 5257 333 5312 4850
374 5257 580 5329 Μήτηρ
613 5252 672 5309 δὶ
702 5255 867 5309 πάλιν
900 5256 990 5310 καὶ
1026 5252 1241 5330 βασιλὶς
1269 5253 1452 5329 Μαρία

377 5337 656 5412 Φροντίδα
684 5345 886 5395 κοινῶν
921 5341 1173 5394 ἀναθεῖσα
1202 5340 1536 5415 πραγμάτων

382 5419 830 5498 Πρωτοσεϐαστῷ
858 5419 1342 5501 πρωτοόεστιαρίῳ

384 5519 682 5592 Ἀοροντις
715 5515 932 5587 έεήνυεν
958 5516 1098 5585 αὐτὴ
1123 5516 1217 5570 τὸν
1254 5515 1395 5592 βίον.

385 5601 574 5658 Τοίνυν
604 5604 970 5678 ἀπεπνίγοντο
1000 5608 1118 5664 τοῖς
1147 5599 1504 5673 τελουμένοις

218 5696 350 5752 4855
389 5696 455 5753 Οἱ
480 5699 579 5765 τῆς
612 5695 900 5770 γερουσίᾶς
930 5715 989 5751 τε
1017 5695 1107 5752 καὶ
1138 5699 1245 5751 τῶν
1275 5693 1328 5749 έν
1353 5692 1522 5768 τέλει,

1763 3876 1848 3952 τφ

1698 387 1958 442 οεεη
1967 386 2071 439 ΕΒ.

1850 509 1902 574 Α
1932 505 2028 560 vili
2061 506 2276 562 mentis
2307 510 2474 578 partu
2510 513 2568 562 et
2597 509 2962 576 detestando,

1930 592 2113 647 Deum
2147 594 2401 648 dicerem
2437 596 2700 650 omnium
2736 602 3078 652 creatorem.

1930 683 2002 735 At
2028 685 2216 736 Caesar
2247 687 2424 738 (nstro
2458 685 2716 754 percitus
2749 685 2954 740 insano

1932 769 2226 840 probrosis
2254 771 2446 825 verbis
2478 773 2674 825 obruit
2703 773 3030 845 episcopos,

1933 858 2137 912 mundi
2169 858 2526 930 quisquilias
2558 861 2768 916 stolide
2800 863 3138 932 appellans;

1933 962 2111 1017 seque
2143 949 2504 1002 mcumenica
2537 948 2873 1004 minabatur
2902 952 3122 1022 synodo

1935 1034 2425 1106 disceptaturum,
2459 1037 2673 1092 furiose
2708 1037 3058 1105 inclamans,

1940 1139 2102 1194 papae
2135 1123 2478 1194 interposito
2510 1126 2580 1180 de
2615 1125 2704 1180 his
2734 1126 2980 1196 judicio.

1939 1215 2064 1265 Mox
2095 1211 2178 1265 ira
2210 1213 2453 1280 omissa,
2489 1219 2834 1271 mansuetus
2864 1216 3074 1283 Caesar,

1941 1298 2210 1369 praesulis
2241 1317 2417 1371 opera
2447 1305 2774 1373 Byzantina:
2808 1304 2969 1358 urbis

1940 1403 2075 1442 cum
2109 1388 2388 1444 Thessalo
2422 1396 2650 1459 pastore
2681 1408 2880 1462 pacem
2917 1393 3072 1461 fecit,

1943 1477 2030 1531 illi
2065 1478 2390 1532 concedens
2423 1477 2666 1534 liberam
2701 1481 3075 1536 sententiam.

1943 1566 2240 1622 Postremo
2273 1567 2327 1621 id
2363 1583 2588 1638 quoque
2619 1569 2766 1623 dixit
2797 1569 3136 1640 imperator,

1945 1653 2097 1725 frugi
2129 1659 2185 1709 et
2217 1655 2564 1725 prudentem
2592 1656 2781 1712 virum
2815 1674 2929 1712 non
2962 1659 3164 1714 decere

1945 1759 2150 1814 aspere
2179 1743 2504 1814 quidquam
2539 1744 3034 1817 inhonestumque
3065 1746 3249 1818 loqui,

1947 1847 2051 1886 nec
2078 1831 2272 1901 turpia
2298 1833 2472 1886 verba
2504 1849 2744 1904 prorsus
2775 1834 3002 1890 ell'ulire
3039 1851 3051 1890 :

1945 1925 2119 1990 atque
2151 1919 2207 1973 in
2243 1926 2535 1991 pastorem
2569 1921 2758 1976 furere
2791 1921 3020 1978 desivit.

1945 2009 2048 2063 Hic
2081 2008 2193 2062 fuit
2222 2007 2360 2062 dicti
2396 2009 2586 2062 exitus
2619 2010 2856 2081 negotii.

1944 2097 2159 2151 Tamen
2192 2095 2251 2150 in
2286 2097 2506 2168 synodo
2533 2097 2839 2153 deﬁnitum
2873 2099 2982 2154 fuit

1945 2189 2010 2239 ut
2038 2201 2068 2239 e
2097 2183 2310 2240 libellis
2342 2201 2581 2256 prorsus
2613 2186 2946 2242 delerentur

1943 2275 2138 2339 verba,
2177 2295 2198 2321 ι
2235 2274 2323 2328 Sit
2354 2274 2667 2329 anathema
2702 2275 3092 2332 Mohamethis
3127 2283 3262 2345 Deo,

1946 2363 2044 2417 sed
2081 2362 2455 2429 scriberetur,
2479 2386 2504 2410 ‹‹
2535 2363 2887 2420 Mohamethi
2923 2366 3238 2422 anathema

1945 2453 2195 2523 ejusque
2227 2453 2567 2525 magisterio
2599 2460 2656 2508 et
2683 2455 2843 2508 omni
2869 2439 3069 2510 errori.
3102 2479 3122 2504 ε

1945 2543 2129 2612 Atque
2161 2541 2269 2596 hoc
2302 2541 2622 2615 perscripto
2654 2543 2885 2599 decreto
2917 2548 3115 2600 Patres

1947 2629 2208 2685 fecerunt
2234 2634 2484 2686 cmtuum
2517 2631 2839 2704 synodique
2874 2633 3072 2689 ﬁnem.

1947 2721 2154 2774 Postea
2183 2719 2375 2775 Caesar
2403 2721 2560 2792 gravi
2588 2720 2792 2776 morbo
2823 2720 3147 2794 implicitus

1947 2823 2128 2880 seque
2151 2809 2276 2879 jam
2311 2809 2483 2864 morti
2521 2809 2853 2880 proximum
2887 2825 3271 2882 cognoscens,

1948 2901 2244 2970 sceptrum
2278 2903 2658 2954 contemnens
2688 2899 3181 2972 splendoremque
3213 2898 3420 2956 mundi

1949 2985 2373 3059 proterithus
2401 2985 2530 3042 vita:
2554 2987 2679 3057 jam
2709 2986 3025 3060 pmnitens,

1951 3090 2267 3147 pauperem
2295 3075 2490 3130 induit
2515 3075 2785 3132 monachi
2810 3076 3166 3146 tuniculam;

1953 3179 2204 3236 moxque
2237 3179 2369 3220 cum
2401 3169 2629 3237 sceptro
2659 3165 2839 3221 vitam
2870 3165 3137 3223 deseruit

1872 3227 1917 3296 θ
1954 3257 2088 3326 post
2108 3227 2301 3308 annos
2334 3227 2654 3325 regni-octo
2686 3258 2742 3308 et
2767 3253 3027 3326 triginta,

1951 3340 2220 3415 sepultus
2250 3357 2416 3398 sacro
2448 3341 2633 3413 patris
2665 3342 3047 3412 monasterio,

1951 3431 2354 3502 omnipotente
2385 3430 2478 3486 cui
2510 3447 2719 3487 nomen
2752 3447 2787 3488 a
2815 3430 3026 3503 Verbo,

1949 3519 2176 3576 Casare
2205 3524 2442 3576 auctore
2471 3519 2700 3577 aedificii
2729 3520 2973 3577 Joanne.

1954 3607 2209 3680 Reliquit
2239 3613 2436 3665 autem
2463 3608 2695 3665 Manuel
2729 3609 3045 3683 imperium

1953 3696 2120 3754 uxori
2149 3703 2209 3754 et
2237 3698 2338 3754 aavi
2365 3697 2550 3755 teneri
2581 3697 2784 3755 ﬁliolo.

2087 3866 2543 3926 ANDRONICUS
2580 3867 2973 3927 COMNENUS
3017 3867 3170 3928 CUI
3208 3867 3471 3928 Αιιχιο

1991 3938 2368 3998 MANUELIS
2427 3940 2616 3998 FlLlO
2667 3939 2784 3998 AN.
2826 3940 2872 4010 l,
2913 3939 3001 3998 ET
3047 3937 3275 3999 SOLUS
3325 3939 3444 3999 AN.
3486 3939 3561 3999 Il.

1954 4094 2100 4152 Cum
2131 4093 2417 4150 lanuelis
2441 4093 2600 4150 ﬁlius
2629 4095 2697 4150 ad
2730 4093 3046 4168 imperium

1957 4198 2091 4239 cum
2122 4198 2231 4239 sua
2259 4181 2471 4240 dilecta
2501 4188 2688 4240 matre
2718 4183 3079 4256 pervenisset

1956 4277 2218 4329 teneram
2250 4272 2443 4329 adhuc
2473 4271 2712 4345 exigens
2743 4276 2995 4341 etatem,

1959 4360 2224 4417 Romana
2253 4377 2347 4417 res
2377 4377 2480 4417 sus
2509 4361 2698 4434 deque
2730 4360 3068 4434 perturbata

1960 4449 2215 4523 pessime
2244 4449 2496 4506 habebat
2526 4450 2810 4524 valdeque
2841 4451 3256 4524 incomposite,

1963 4539 2152 4611 magis
2181 4556 2357 4611 quam
2393 4557 2524 4595 cum
2553 4540 2848 4596 Phaethon
2883 4539 3025 4596 solis
3057 4539 3215 4597 filius

1887 4597 1931 4661 D
1964 4597 2217 4684 aureum
2243 4644 2472 4699 regens,
2501 4627 2678 4684 veluti
2710 4634 2798 4684 est
2828 4628 2886 4684 in
2917 4627 3158 4700 fabulis,

1965 4733 2204 4772 currum
2239 4718 2538 4772 mundana
2567 4723 2778 4773 cuncta
2803 4719 3100 4785 exurebat,

1965 4807 2038 4861 ob
2071 4805 2353 4877 puerilem
2388 4822 2556 4861 suam
2591 4807 2971 4879 imperitiam.

1963 4894 2201 4950 Alexius
2233 4895 2328 4950 hic
2360 4900 2525 4951 tener
2551 4895 2869 4967 imperator

1967 4983 2225 5039 assiduis
2255 5000 2469 5039 vacans
2504 4984 2727 5055 perdite
2759 4984 3090 5052 venatibus,

1967 5072 2336 5144 equitationi,
2371 5072 2589 5136 mimis.
2622 5078 2678 5128 et
2707 5073 2838 5129 aliis
2868 5073 3133 5145 ludicris,

1967 5166 2202 5217 tenuem
2238 5161 2570 5234 reipublica
2602 5179 2805 5218 curam
2837 5163 3097 5236 gerebat.

1969 5251 2152 5307 Maria
2183 5252 2316 5309 item
2350 5251 2599 5324 genitrix
2634 5254 2834 5329 regina

1970 5339 2339 5412 negotiorum
2372 5339 2687 5396 commisso
2721 5340 3002 5412 regimine

1968 5429 2373 5500 protosebasto
2405 5430 2867 5500 protovcstiario,

1969 5522 2264 5590 expertem
2298 5517 2456 5573 curis
2487 5518 2662 5573 vitam
2696 5519 2975 5590 agitabat.

1970 5607 2424 5663 Suffocabantur
2455 5605 2686 5663 interim
2722 5607 2961 5664 tributis

1970 5700 2166 5752 cuncti
2199 5698 2511 5770 optimates
2542 5713 2608 5754 ac
2638 5703 2973 5768 senatores;

3471 389 3576 446 186
