4250 6432
624 394 728 450 187
1825 403 2196 458 ΕΡΗΒΒΜΙΙ
2231 399 2807 458 ΟΕΒΟΙΟΘΒΔΡΗῙ
3918 401 4020 459 188

623 525 798 592 atque
826 525 1166 592 suspectum
1198 537 1551 624 magnopere
1579 523 1876 581 habebant
2290 600 2301 623 γ

1868 543 1876 581 ι
2290 556 2346 624 Α
2556 518 3013 624 Πρωτοσεὸαστδχ
3046 519 3395 624 ὑφοριὺμενοτ
3424 521 3546 580 λίαν

621 611 1095 681 protosebastum
1125 609 1307 666 veluti
1339 615 1679 684 tyrannum.
2290 609 2299 623 ⁴

2290 609 2346 624 ’⁵
2552 614 2642 676 Ὠς
2666 612 2904 689 ἀτεχνῶς
2931 612 3188 689 τύραννον
3215 611 3276 668 ἐκ
3302 617 3410 668 τῶν
3438 614 3794 689 πραγμάτων.

622 711 953 762 Comnenus
983 712 1180 764 autem
1215 710 1586 766 Andronicus
1616 711 1893 768 habitans

2548 701 2842 775 Κομνηνὸς
2874 699 2922 757 δ’
2953 699 3301 777 Ἀνδρόνικος
3331 700 3574 772 οἰκήσεις
3605 701 3749 780 ἔχων

622 799 797 870 longa
817 798 942 868 jam
975 816 1138 854 mora
1167 799 1228 855 in
1261 799 1469 858 (Ean
1495 802 1732 874 oppido,

2549 790 2652 846 Καὶ
2684 783 2964 863 διατριϐὰς
2993 789 3131 844 κατά
3159 792 3344 865 χῶρον
3375 787 3617 862 Οίναίου,

620 893 934 960 postquam
968 889 1202 945 rescivit
1231 890 1301 946 de
1333 892 1664 948 monarchae
1693 891 1881 959 obitu,

2370 893 2511 948 4860
2550 889 2700 948 Ἐπεὶ
2725 891 2956 947 πύθοιτο
2985 894 3082 946 τοῦ
3111 895 3443 965 κρατοῦντος
3471 890 3566 947 τὸν
3603 893 3792 968 μόρον,

619 977 782 1032 illinc
813 979 1153 1050 Byzantium
1185 979 1355 1052 cmpit
1385 981 1680 1049 accedere,

2545 982 2778 1036 Ἐκεῖθεν
2812 977 2898 1054 ᾔει
2924 980 3062 1056 πρὸς
3093 979 3258 1036 πόλιν
3288 979 3712 1053 Κωνσταντίνου,

621 1082 825 1123 omnes
851 1067 1146 1140 decipiens
1177 1068 1504 1142 fallensque
1534 1072 1928 1140 sermonibus,

2548 1072 2724 1126 Πάντα
2753 1071 2972 1126 ἀπατῶν
3003 1070 3094 1126 καὶ
3127 1069 3428 1149 φενακίζων
3458 1068 3653 1147 λόγοις

622 1161 938 1230 praesentes
968 1159 1180 1225 verbis,
1214 1159 1422 1217 litteris
1451 1160 1826 1235 longinquos,

2547 1162 2644 1222 Οἷς
2677 1158 2895 1236 ἰντὺχοι
2923 1161 2974 1236 γ’
3004 1157 3088 1229 ἂν,
3118 1163 3240 1222 τοῖς
3271 1158 3316 1214 δ’
3349 1161 3542 1215 ἀποῦσι
3574 1161 3663 1216 καὶ
3701 1163 3945 1241 γράφων,

621 1263 804 1319 seque
836 1265 936 1321 pro
968 1249 1210 1305 Caesaris
1241 1248 1432 1306 salute
1466 1252 1694 1321 adesse,

2545 1249 2702 1321 ’Υπὲρ
2734 1253 3065 1319 κρατοῦντος
3093 1248 3194 1316 τὴν
3224 1243 3434 1304 ἕλωσιν
3472 1250 3696 1320 τιθέναι,

621 1343 796 1410 atque
826 1343 893 1394 ut
922 1338 1248 1410 periculum
1280 1340 1469 1397 latens
1499 1343 1777 1415 effugeret

2367 1339 2508 1395 4865
2549 1338 2650 1394 Καὶ
2678 1341 2776 1393 τοῦ
2805 1342 2991 1415 φυγεῖν
3021 1333 3268 1393 κίνδυνον
3296 1335 3532 1412 ἓρποντα
3561 1337 3760 1407 Θέλειν,

621 1444 806 1483 novus
839 1428 1154 1484 monarcha
1186 1446 1288 1500 per
1317 1447 1492 1486 suum
1527 1433 1812 1488 auxilium
1849 1448 1864 1487 :

2546 1429 2773 1483 Ἀνακτι
2800 1424 2941 1499 τῷδε
2964 1427 3124 1482 τοῦδε
3152 1431 3221 1500 τῇ
3254 1427 3546 1502 συμμαχίᾳ
3577 1446 3590 1461 ·

620 1517 874 1590 denique
906 1522 971 1572 ut
1003 1518 1176 1574 fidem
1206 1522 1470 1575 tueretur
1500 1521 1694 1576 datam

2549 1517 2646 1572 Kal
2672 1520 2773 1571 τοῦ
2803 1515 3033 1592 φυλάξαι
3070 1511 3293 1592 βιϐλίον
3324 1521 3435 1571 τῶν
3465 1516 3687 1592 ὁρκίων,

620 1607 790 1678 regiae
824 1607 1045 1674 domui,
1079 1612 1447 1665 sacramento
1476 1609 1761 1678 adhibito,

2543 1607 2610 1663 ‘0
2639 1604 2777 1678 πρὸς
2809 1604 3054 1681 βασιλεῖς
3085 1606 3152 1674 ἧν
3181 1605 3496 1679 ὀμωμοκὼς
3529 1603 3722 1674 πάλαι,

620 1711 754 1752 cum
785 1712 816 1752 e
846 1695 1102 1753 Chaldea
1129 1698 1310 1754 redux
1340 1699 1411 1755 ad
1446 1698 1641 1756 aulam
1673 1700 1848 1756 venit.

2541 1698 2667 1749 Ὅτε
2697 1693 3006 1769 προσῆλθεν
3039 1692 3222 1750 ἄνακτ’
3247 1694 3306 1750 ἐκ
3335 1702 3434 1764 τῆς
3465 1693 3711 1758 Χαλδίας
3743 1713 3757 1730 ⁸

617 1786 787 1844 Hunc
818 1786 1212 1843 Andronicum
1241 1788 1394 1844 enim
1430 1788 1529 1861 qui
1560 1790 1722 1845 exsul
1756 1789 1944 1846 fuerat

2370 1786 2509 1841 4870
2545 1788 2738 1838 τοῦτον
2768 1784 2869 1859 γὰρ
2897 1781 3246 1859 Ἀνδρόνικον
3278 1781 3407 1839 ὄντα
3437 1782 3649 1864 φυγάδα

2545 1874 2748 1930 Ἐθνῶν
2776 1892 2836 1928 τε
2863 1869 3092 1927 πολλῶν
3123 1869 3490 1946 διαμείψαντα-
3507 1873 3733 1942 τόπους,

621 1874 962 1948 multasque
989 1877 1256 1949 gentium
1292 1880 1464 1935 sedes
1491 1885 1943 1952 permutarent,
2291 1927 2299 1994 1

621 1970 793 2038 atque
823 1967 979 2038 apud
1011 1966 1325 2025 Altuchum
1357 1969 1642 2027 Cbaldeas
1673 1968 2008 2038 principem

2545 1874 2748 1930 Ἐθνῶν
2776 1892 2836 1928 τε
2863 1874 3092 1927 πολλῶν
3123 1874 3490 1946 διαμείψαντα-
3507 1874 3733 1942 τόπους,

2291 1927 2340 1994 Β
2546 1964 2698 2036 Παρά
2729 1959 2775 2017 δ’
2805 1960 3100 2037 Ἀλτούχῳ
3128 1965 3209 2035 τῷ
3237 1965 3522 2038 κρατοῦντι
3555 1961 3794 2027 Χαλδίας

616 1970 793 2038 atque
823 1967 979 2038 apud
1011 1966 1325 2025 Altuchum
1357 1969 1642 2027 Cbaldeas
1673 1968 2008 2045 principem

616 2061 914 2128 postremo
945 2057 1311 2129 versabatur,
1345 2058 1539 2130 ibique
1568 2060 1805 2116 demum

2546 2050 2716 2115 Τέλος
2739 2049 3115 2108 καταλύσαντα
3139 2051 3229 2107 καί
3261 2053 3606 2127 πεπαυμένον

617 2146 794 2203 finem
826 2145 1056 2202 molesti
1089 2147 1302 2203 erroris
1334 2163 1736 2224 cursuumque
1766 2150 2001 2223 fecerat,

2547 2141 2808 2214 Ἄληςτε
2831 2146 3027 2218 πικρᾶς
3057 2140 3147 2197 καὶ
3178 2146 3398 2216 μακρῶν
3436 2141 3806 2220 περιδρομῶν,

614 2234 842 2291 Manus]
875 2237 1194 2309 imperator
1223 2238 1533 2308 revocavit,

2372 2243 2513 2298 4875
2549 2237 2951 2300 Μετακαλεῖται
2980 2237 3247 2311 Κανουὴλ
3280 2239 3630 2317 αὐτοκράτωρ

613 2324 901 2396 donisque
933 2331 1240 2399 exceptum
1279 2327 1725 2400 perhumaniter

2548 2329 2645 2384 Kal
2678 2325 2942 2401 δεξιοῦται
2970 2325 3204 2405 δωρεαῖς
3231 2328 3605 2409 φιλοφρόνως,

613 2413 674 2468 in
708 2412 881 2471 (ane
911 2415 1056 2472 urbe
1087 2416 1371 2490 hospitari
1397 2418 1601 2489 jussit,

2549 2421 2647 2478 Kal
2681 2419 2818 2497 πρὸς
2845 2419 3006 2475 πόλιν
3042 2417 3230 2478 Οῗνεον
3265 2417 3483 2480 στέλλει
3512 2415 3737 2495 διάγειν,

608 2504 875 2573 juratum
907 2508 1104 2562 tamen
1136 2510 1306 2562 antea
1333 2507 1692 2579 promissum
1727 2507 1964 2582 exigens

2545 2513 2776 2584 Ὅρκους
2809 2510 2943 2585 πρὸς
2977 2508 3143 2565 αὐτοῦ
3173 2509 3296 2584 πρίν
3328 2530 3391 2585 γε
3419 2505 3885 2588 προσδεδεγμένος

613 2591 736 2646 fore
764 2592 823 2647 in
853 2592 1045 2650 officio
1077 2611 1143 2651 ac
1175 2595 1287 2652 fide
1320 2613 1797 2668 permansurum.

2549 2600 2747 2676 Ὀρθῆς
2777 2600 2912 2673 πρὸς
2946 2597 3104 2655 αὑτὸν
3138 2599 3348 2673 ἀγάπης
3377 2598 3466 2654 καὶ
3499 2597 3685 2677 φιλίας
3718 2618 3734 2633 ·

618 2689 786 2747 illius
819 2691 1090 2749 discessit
1119 2693 1413 2764 posthinc,
1448 2699 1514 2751 ut
1542 2695 1683 2761 dixi,

2371 2692 2509 2747 4880
2545 2687 2754 2748 ’Έπειτ’
2779 2689 3008 2764 ἀπῆρεν,
3041 2685 3115 2751 ὡς
3144 2686 3299 2764 ξ’φην,
3330 2687 3380 2760 ἐξ
3408 2687 3627 2747 Οἷναίου

617 2782 948 2838 Comnenus
979 2783 1348 2840 Andronicus
1377 2785 1636 2859 Sisyphii
1667 2786 1871 2857 moris,

2546 2780 2836 2852 Κομνηνὸς
2867 2775 3219 2855 Ἀνδρόνικος
3247 2777 3488 2857 Σίσυφος
3515 2779 3752 2855 τρόπους

618 2873 794 2942 atque
824 2871 1264 2945 Paphlagonum
1299 2875 1598 2948 occupatis
1633 2873 1798 2946 locis,

2545 2869 2737 2943 Χώρας
2771 2867 2989 2930 ἐπιστάς
3018 2872 3134 2930 τοῖς
3167 2865 3315 2941 ὅροις
3343 2865 3732 2946 Παφλαγόνων,

619 2957 938 3014 multorum
970 2959 1083 3014 sibi
1119 2961 1420 3033 suppetias
1451 2961 1720 3035 adjunxit

2547 2955 2800 3019 Πολλοὺς
2834 2954 3170 3012 ἰπεσπάσατο
3200 2956 3337 3033 πρὸς
3364 2959 3685 3034 συμμαχίαν

616 3064 854 3121 suaeque
887 3049 1283 3121 improbitatis
1313 3051 1502 3108 socios
1536 3053 1669 3109 fecit
1702 3071 1714 3109 :

2544 3050 2642 3102 Καὶ
2675 3044 2986 3122 συνερίθους
3014 3053 3112 3117 τῆς
3145 3045 3336 3102 ἑαυτοῦ
3364 3043 3554 3110 κακίας
3590 3061 3601 3081 ⁸

614 3140 833 3210 quibus
864 3141 1118 3212 stipatus
1148 3146 1357 3198 cuncta
1394 3143 1796 3214 perturbabat,

2368 3140 2509 3195 4885
2546 3138 2679 3202 Μεθ’
2711 3138 2783 3192 ῶν
2817 3134 2985 3192 ἐπιὼν
3017 3138 3191 3192 πάντα
3219 3141 3395 3192 κυκῶν
3431 3131 3697 3212 έστρόόει,

611 3228 712 3284 illa
743 3229 1065 3301 praesertim
1099 3230 1350 3288 abutens
1379 3231 1602 3300 fraude,

2294 3297 2327 3304 _
2547 3228 2645 3284 Καὶ
2679 3221 2898 3301 μᾶλλον
2932 3225 3079 3302 ᾧπερ
3113 3226 3390 3304 προύτίθει
3425 3225 3687 3302 δελητίῳ,

612 3297 768 3390 quod
802 3334 864 3374 se
895 3336 998 3391 pro
1030 3318 1162 3374 novi
1189 3319 1433 3377 Caesaris
1463 3297 1654 3378 salu-te
2282 3309 2290 3358 ⁴

2282 3297 2327 3366 c
2539 3319 2628 3382 Ὧς
2658 3297 2790 3394 ὑπέρ
2822 3297 2986 3373 αὑτοῦ
3014 3297 3110 3372 τοῦ
3141 3297 3264 3373 νέου
3289 3297 3555 3393 βασιλέως

611 3414 821 3465 cuncta
850 3409 1109 3482 fingebat
1130 3426 1309 3483 agere
1341 3416 1517 3486 atque
1549 3412 1758 3471 dicere.

2539 3411 2788 3466 Ἀπαντα
2817 3399 2906 3462 καί
2937 3401 3064 3480 δρᾷν
3102 3412 3404 3484 μηχανῷτο
3433 3407 3524 3463 καὶ
3556 3405 3758 3483 λέγειν.

607 3511 759 3565 Sane
790 3509 1232 3580 protosebastus
1264 3509 1322 3565 in
1355 3511 1488 3567 odio
1520 3517 1645 3568 erat

2540 3491 2997 3572 Ηρωτοσεὸαστὸς
3031 3488 3077 3551 δ’
3108 3494 3173 3566 ῆν
3206 3490 3370 3551 πάλιν
3407 3497 3685 3570 μισητέος,

608 3595 902 3668 vulgoque
929 3597 1295 3662 detestabilis
1325 3600 1398 3656 ob
1431 3605 1595 3658 actus
1626 3618 1787 3671 suos,

2366 3599 2506 3655 4890
2545 3597 2647 3654 Καὶ
2677 3601 2838 3651 πᾶσιν
2870 3591 3210 3671 άπόστοργος
3241 3592 3302 3650 ἐκ
3326 3591 3678 3671 δυσπραξίας.

611 3687 890 3760 quoniam
927 3687 1202 3743 mortales
1235 3693 1482 3746 cunctos
1512 3691 1890 3762 despiciebat,

2541 3687 2631 3748 Ὠς
2662 3688 2768 3740 τῶν
2800 3679 2918 3749 καθ’
2944 3683 3106 3740 αὑτὸν
3142 3683 3455 3757 ὑπερόπτης
3482 3684 3770 3761 τυγχάνων

611 3777 843 3849 sibique
876 3776 976 3831 uni
1010 3777 1436 3849 rempublicam
1469 3779 1805 3838 vindicabat
1839 3799 1852 3838 :

2547 3776 2648 3834 Καὶ
2684 3773 2966 3851 βασιλείας
2999 3773 3210 3850 ἀνέχων
3240 3774 3337 3837 τὰς
3368 3771 3660 3852 φροντίδας
3695 3795 3709 3808 ⁸

612 3866 695 3922 nil
725 3865 883 3923 enim
913 3870 1038 3922 erat
1068 3866 1125 3921 in
1159 3867 1430 3923 universo
1461 3868 1728 3941 imperio,

2541 3862 2712 3922 Οὑδὶν
2745 3866 2845 3940 γὰρ
2880 3865 3020 3934 ὑπῆν
3055 3871 3154 3934 τῆς
3186 3863 3326 3935 δΑης
3355 3865 3694 3940 κραταρχίας

612 3957 770 4030 quod
805 3957 981 4029 hujus
1013 3957 1286 4030 potestati
1320 3975 1434 4014 non
1470 3965 1719 4031 pareret.

2545 3957 2612 4012 Ὃ
2645 3955 2722 4028 μή
2756 3951 3070 4028 διεεήνυστο
3099 3951 3259 4010 τοῦδε
3288 3957 3368 4024 τῷ
3399 3953 3583 4028 κράτει
3616 3973 3628 3986 ο

615 4051 802 4114 Quare
835 4053 1046 4104 cuncta
1082 4047 1419 4120 metropolis
1452 4066 1616 4121 spem
1650 4050 1861 4108 salutis

2369 4046 2511 4102 4895
2547 4049 2634 4117 Τῷ
2662 4065 2748 4098 τοι
2769 4045 2905 4118 πρὸς
2939 4040 3287 4111 Ἀνδρόνικον
3321 4044 3500 4098 ἅπασα
3531 4042 3694 4107 πόλις

614 4140 673 4194 in
708 4138 1039 4193 Andronico
1073 4138 1390 4209 reponebat
1421 4156 1558 4210 uno,

2550 4130 2816 4195 Ἐλπίδας
2849 4131 3076 4188 ἀνέτεινε
3103 4135 3200 4202 τῆς
3232 4132 3529 4209 σωτηρίας,

613 4232 790 4298 atque
820 4226 982 4282 hunc
1014 4227 1342 4300 tyrannidis
1374 4227 1710 4300 appellabat
1741 4229 2051 4302 vindicem,

2551 4223 2656 4281 Καὶ
2683 4218 2832 4278 τόνδ’
2861 4218 3041 4299 ἐκάλει
3072 4227 3173 4292 τῆς
3201 4217 3516 4296 τυραννίδος
3547 4217 3740 4295 λὺτην,

614 4322 670 4373 et
699 4316 1084 4374 clandestinis
1116 4316 1403 4373 invitabat
1433 4317 1643 4375 litteris

2553 4313 2649 4367 Καὶ
2684 4311 2980 4389 παρεκάλει
3013 4314 3302 4388 γράμμασι
3333 4309 3639 4393 λαθριδίοις

616 4411 680 4463 ut
710 4407 781 4462 ad
816 4406 1070 4480 regalem
1103 4407 1416 4464 adventare
1451 4409 1654 4466 urbem

2551 4405 2657 4472 Τὴν
2692 4402 2768 4464 είς
2804 4399 3194 4476 βασιλεύουσαν
3230 4395 3440 4456 εἷ’σοδον
3473 4401 3635 4457 πόλιν

615 4497 769 4552 omni
803 4498 1055 4570 seposito
1090 4497 1392 4553 festinaret
1427 4503 1620 4569 metu;

2377 4494 2517 4552 4900
2554 4495 2941 4567 Καταταχῆσαι
2974 4487 3182 4564 μηδένα
3213 4486 3520 4559 δεδοικότα,

617 4605 751 4644 nam
787 4605 848 4645 se
880 4591 1148 4662 prompto
1181 4589 1335 4645 cives
1368 4588 1642 4647 dicebant
1672 4591 1866 4648 studio

2557 4581 2716 4638 Ἀλλ’
2752 4579 2989 4652 ὑπτίαις,
3018 4581 3048 4636 δ
3078 4602 3227 4659 φασι,
3262 4582 3452 4657 χερσὶν
3482 4581 3730 4653 ἀσμένως

617 4680 874 4734 urbanas
907 4679 988 4734 illi
1023 4683 1220 4752 portas
1250 4684 1578 4750 aperturos.

2297 4680 2346 4743 ί)
2556 4671 3026 4729 Ἀναπετασόντων
3053 4692 3113 4747 γε
3141 4667 3282 4743 τῷδε
3311 4670 3406 4733 τὰς
3438 4668 3636 4732 πύλας,

615 4784 729 4834 Hos
758 4778 854 4834 ille
884 4778 1160 4834 audiebat
1190 4777 1543 4849 perlibenter
1574 4778 1834 4847 nuntios,

2553 4763 2614 4822 Ὀ
2644 4761 2690 4818 δ’
2722 4761 2971 4836 ἀσμένως
3004 4761 3098 4835 μὶν
3127 4761 3216 4815 καὶ
3245 4756 3362 4816 τάδ’
3394 4761 3458 4829 ἦν
3494 4757 3838 4849 δεδεγμένος,

603 4872 850 4942 jamque
881 4839 1531 4926 affectabat-manifeste
1561 4839 1932 4943 tyrannidem

2557 4853 2671 4910 Ἀεὶ
2704 4850 2750 4908 δ’
2782 4852 2984 4928 ἐχώρει
3017 4849 3155 4926 πρὸς
3186 4856 3327 4928 σαφῆ
3360 4839 3670 4926 τυραννίδα,

611 4959 871 5016 castellis
901 4959 1260 5032 occupandis
1291 4976 1358 5014 ac
1391 4959 1727 5031 provinciis.

2375 4948 2517 5004 4905
2555 4944 2774 5018 Χώραις
2804 4938 2971 4997 ἐπιὼν
3007 4939 3292 5018 φρουρίοις
3323 4960 3380 4995 τε
3417 4939 3507 4994 καὶ
3535 4939 3746 5001 τόποις.

611 5049 876 5105 Accessit
905 5027 1081 5104 etiam
1113 5048 1366 5105 Nicaeam
1391 5027 1708 5122 bithyniae,

2553 5033 2703 5091 Ἐπεὶ
2733 5030 2779 5088 δ’
2810 5031 3007 5098 ἐπέστη
3040 5029 3129 5086 καὶ
3163 5030 3405 5087 Βιθυνῶν
3439 5027 3656 5100 Nlmzq’

611 5155 863 5211 eamque
894 5138 1127 5194 blandis
1159 5138 1406 5194 tentavit
1436 5139 1847 5208 sermonibus;

2553 5123 2650 5179 Καὶ
2672 5119 2822 5194 τήνδ’
2856 5117 2994 5176 ἑλεῖν
3029 5115 3280 5175 ἔσπευδεν
3315 5118 3574 5192 αἱμύλοις
3608 5117 3817 5196 λόγοις,

610 5230 713 5286 sed
746 5229 846 5285 illa
875 5228 1068 5286 verbis
1103 5229 1341 5285 minime
1372 5229 1556 5302 gessit
1589 5245 1834 5299 morem,

2554 5214 2668 5272 Οὐκ
2697 5208 2854 5288 ἕσχεν
2881 5209 3042 5267 αὑτοῦ
3072 5211 3188 5273 τοῖς
3221 5206 3412 5284 λόγοις
3441 5219 3632 5280 πειθην
3645 5207 3747 5281 ίαν,

608 5322 857 5392 ejusque
891 5319 1197 5375 fraudibus
1228 5319 1337 5374 fuit
1370 5296 1830 5391 insuperabilis.-

2550 5302 2710 5362 Ἀλλ’
2742 5301 2996 5382 ἐμφανῶς
3028 5299 3094 5369 ἦν
3130 5297 3410 5361 άτίνακτος
3441 5296 3691 5361 ἀπάταις.

607 5412 716 5466 Sed
752 5426 885 5465 cum
919 5409 1328 5480 occupavisset
1359 5409 1784 5478 Nicomediam,

2373 5406 2515 5463 4910
2553 5401 2715 5463 Ἀλλ’
2744 5401 2820 5464 ὡς
2851 5394 3144 5471 ἐπιϐέϐηκε
3171 5405 3272 5470 τῆς
3302 5395 3679 5472 Νικομήδους,

610 5517 859 5571 eamque
891 5500 1016 5555 suis
1040 5501 1163 5570 jam
1199 5499 1466 5570 partibus
1498 5499 1894 5570 adjunxisset;

2554 5493 2652 5548 Kal
2681 5489 2829 5562 τήνδ’
2862 5489 3202 5546 ἐπεσπάσατο
3231 5489 3370 5565 πρὸς
3403 5487 3749 5563 συμμαχίαν,

613 5590 832 5646 missus
860 5595 947 5644 est
979 5605 1115 5644 cum
1139 5589 1302 5660 justo
1335 5588 1636 5660 copiarum
1670 5605 1915 5645 numero

1842 5606 1915 5645 rro
2553 5585 2683 5647 Μεθ’
2715 5582 2907 5650 ἱκανῆς
2940 5575 3168 5636 ἔσταλτο
3199 5578 3520 5655 ταξιαρχίας

613 5681 728 5734 dux
762 5678 1130 5734 Andronicus
1163 5682 1548 5750 cognomento
1580 5678 1836 5751 Angelus

2556 5672 2868 5748 Στρατηγὸς
2898 5666 3249 5746 Ἀνδρόνικος
3281 5665 3560 5744 ’Ἄγγελος
3592 5666 3735 5722 θέσιν

614 5776 678 5826 ut
717 5770 865 5825 bell)
901 5774 1098 5841 aperto
1135 5769 1400 5825 hostibus
1433 5769 1731 5826 resisteret
1765 5787 1776 5822 :

2551 5763 2696 5836 Πρὸς
2725 5760 3138 5839 ἀντιπαράταξιν
3173 5760 3288 5832 ἅμα
3307 5758 3396 5813 καὶ
3431 5759 3618 5833 μάχην
3657 5777 3668 5790 ·
