4190 6448
120 410 227 467 189
1644 402 2002 462 ΟΒΕΔΗΕΒ.

116 536 255 591 4915
291 535 395 596 ’ος
427 528 651 604 ἰκτομίᾳ
680 528 1019 603 συμπλακεὶς
1048 527 1397 605 Ἀνδρονίκου

290 626 392 680 Ἐκ
421 620 792 699 Παφλαγόνων
825 625 1076 694 στρατιᾶς
1105 622 1397 694 ἡγουμένῳ

290 712 399 769 Καὶ
422 709 815 787 γηπονούντων
847 705 1026 764 ἀδαιῖιν
1058 707 1205 773 ὅλως
1239 710 1445 785 μάχης»

286 803 538 871 Ἠττητο
567 803 749 861 κακῶς
776 797 866 853 καὶ
895 800 1078 873 τρέχει
1108 799 1245 872 πρὸς
1269 799 1369 868 τήν
1402 796 1587 854 πόλιν.

291 892 463 959 Ἠττη
475 890 637 962 μὲνον
666 892 798 963 γοῦν
829 884 1186 963 είσδραμόντα
1213 888 1313 955 τὴν
1345 886 1534 957 πόλιν,

119 983 257 1036 4920
294 982 423 1055 Χρή
436 981 561 1052 ματ’
592 977 831 1051 ἀπῄτουν
862 976 1181 1041 καταθέσθαι
1210 975 1304 1031 σὺν
1334 978 1493 1053 τάχει

287 1070 434 1125 Ὀσι
463 1067 592 1141 πρὶν
623 1065 871 1121 ἀνάλωσε
896 1065 1033 1141 πρὸς
1069 1065 1250 1141 μάχας
1280 1065 1499 1140 φθάσας

285 1160 451 1222 Ὅθεν
487 1156 749 1228 λυπηθεὶς
775 1157 912 1230 πρὸς
940 1158 1118 1235 φυγήν
1149 1156 1304 1221 εὐθὺς
1339 1156 1527 1233 puum

291 1250 427 1311 Μεθ’
457 1247 618 1302 υίὲων
647 1245 699 1318 ’ἐξ
732 1244 975 1301 ὁπλιτῶν
1004 1244 1327 1322 ῥωμαλὲων,

294 1338 401 1393 Καὶ
425 1344 529 1405 τῆς
561 1337 696 1410 πρὸς
724 1332 1074 1410 Ἀνδρονίκου
1104 1334 1324 1391 ἅπτεται
1354 1332 1569 1410 τρίϐου²

118 1438 252 1491 4925
288 1437 394 1496 ’ος
422 1434 621 1510 θάρσος
650 1432 781 1508 ἄρας
813 1433 1072 1508 Ἀγγὲλου
1103 1432 1370 1508 παρουσίᾳ

295 1528 527 1598 Πορθεῖν
558 1521 717 1583 ἐάσας
745 1524 835 1577 καὶ
863 1522 1217 1598 κατατρέχειν
1242 1523 1447 1587 τόπους

290 1612 435 1675 Εἰμθῦ
471 1614 589 1684 μετ’
619 1611 785 1665 αὐτοῦ
814 1616 915 1680 τῆς
946 1610 1353 1666 Κωνσταντίνου
1381 1610 1591 1689 τρέχει·

286 1700 392 1758 Καὶ
425 1698 496 1768 δὴ
528 1700 816 1778 πεφθακὼς
849 1699 1088 1771 πλησίον
1121 1698 1473 1771 Χαλκηδόνος

289 1792 514 1861 Σκηνήν
548 1788 657 1844 εκεῖ
686 1791 924 1864 πήγνυσι
955 1788 1044 1844 καὶ
1076 1790 1395 1863 παραμένειο

112 1882 248 1936 4930
284 1874 749 1953 Πρωτοσεϐαστὸς
783 1876 826 1933 δ’
859 1878 1100 1951 Ἀλὲξιος
1135 1878 1233 1934 ούκ
1263 1877 1410 1955 ἔχων

289 1973 435 2043 Πεζῇ
470 1973 693 2043 στρατιᾷ
719 1966 964 2023 καθελεῖν
1005 1965 1337 2039 ἀποστᾶτην,

288 2054 453 2114 Τόνδ’
484 2056 747 2112 ἆπελᾶσαι
781 2054 889 2113 δεῖν
921 2058 1093 2134 κρίνει
1119 2057 1421 2134 ναυμαχίᾳ⁶

288 2147 564 2208 Ηλείστας
592 2148 835 2220 τριήρεις
862 2150 1150 2223 τοιγαροῦν
1181 2145 1487 2223 ἐξαρτύσας,

279 2236 382 2291 Καὶ
413 2232 603 2291 ταῖσδε
627 2235 873 2310 καλύψας
902 2257 960 2312 γε
988 2236 1085 2305 τὴν
1118 2235 1483 2311 Προποντίδα,

112 2340 240 2394 4935
278 2337 380 2392 Καὶ
409 2338 505 2392 τὸν
543 2336 796 2413 μέγιστον
829 2337 1259 2415 Κοντοστέφανον
1290 2341 1494 2392 Λοῦκαν

281 2426 473 2497 Δείξας
506 2425 821 2502 πολάρχην
852 2430 949 2481 τοῦ
982 2424 1178 2481 στόλου
1209 2426 1297 2481 καὶ
1330 2427 1661 2503 προστάτην,

282 2517 429 2592 Πρὸς
461 2516 561 2584 τὴν
620 2518 735 2571 κατ’
790 2515 992 2592 ἐχθροῦ
1040 2514 1336 2590 δυσμενοῦς
1392 2518 1591 2591 πέμπει
1652 2519 1759 2592 μά-

1533 2610 1687 2684 [χηνν

280 2698 358 2751 Ἦ
386 2695 479 2749 καὶ
513 2692 761 2772 φυλακὴν
789 2691 954 2765 τῆσδε
984 2697 1079 2764 τῆς
1111 2695 1529 2753 Κωνσταντίνου·

286 2784 438 2839 Μετᾶ
474 2785 657 2860 βραχὺ
688 2781 744 2839 δὶ
774 2777 1007 2858 πρὲσϐυς
1037 2782 1094 2839 ὲκ
1127 2783 1398 2861 βασιλέως

125 2876 252 2931 4940
291 2870 528 2935 Σταλεῖς
561 2872 696 2943 πρὸς
728 2870 1068 2947 Ἀνδρόνικον
1102 2872 1444 2953 ὀΞιφιλῖνος

290 2966 385 3027 Εἷς
412 2968 527 3017 τῶν
557 2962 784 3038 ἀρίστων
818 2960 1087 3041 ιντρόφων
1119 2961 1447 3037 Ἐκκλησίας

287 3048 661 3129 Ἐπαγγελίας
694 3052 935 3130 ἀφθόνων
961 3050 1110 3130 δωρη
1122 3052 1305 3127 μάτων

286 3142 450 3213 Αύτῷ
483 3148 753 3217 προσῆγεν
786 3142 946 3217 ἀξιῶν
978 3164 1036 3199 τε
1069 3142 1326 3219 μειζόνων

284 3232 349 3288 El
385 3230 592 3306 σκίμμ⁹
625 3232 854 3312 ἀφεικὼς
882 3233 942 3289 τὸ
974 3233 1330 3309 προκείμενον
1360 3231 1531 3313 τάχος

121 3332 247 3388 4945
286 3326 678 3406 Παλίνδρομος
706 3332 916 3406 γένοιτο
947 3330 1123 3409 χωρὶς
1154 3331 1424 3405 αἱμάτων.

283 3422 344 3473 Ὀ
376 3417 425 3475 δ’
458 3418 523 3474 οὐ
553 3416 869 3497 προσέσχει·
905 3414 1177 3497 ίμόριθῶς
1212 3417 1269 3477 δὶ
1302 3421 1493 3495 μηνύει

288 3508 631 3587 Παραιφάαει
661 3506 729 3579 δ’,
762 3509 837 3570 ὥς
867 3531 1015 3586 φασι,
1044 3510 1140 3565 τοῦ
1170 3506 1481 3588 Ξιφιλίνου,

285 3600 401 3670 Ὡς,
433 3595 511 3653 Εἴ
532 3618 632 3675 περ
665 3594 1013 3674 ’Δνδρὸνικον
1047 3599 1277 3676 ἀθρῆσαι
1308 3597 1482 3665 θὲλεις

288 3687 466 3742 nam
504 3685 839 3757 ἐπανήκοντα
869 3686 959 3741 σὺν
984 3686 1213 3763 ἡσυχίᾳ³

126 3777 251 3833 ⁴950
289 3770 751 3851 Πρωτοσεόαστὸν
784 3774 1054 3833 ἀπέλασον
1088 3776 1147 3833 ἑκ
1174 3776 1363 3852 μέσου,

289 3868 390 3922 Καὶ
422 3864 817 3940 πλημμελείας
845 3866 1068 3931 εὐθύνας
1100 3864 1411 3925 ἒκτιννύτω.

292 3956 360 4010 Σὲ
388 3953 436 4010 δ’
468 3955 506 4025 ἡ
536 3958 766 4010 τεκοῦσα
794 3956 1032 4033 βασιλὶς⁹
1066 3954 1213 4030 ἄναξ,
1246 3956 1410 4013 πάλιν

287 4046 435 4100 Κατᾶ
466 4043 748 4121 μοναχοὺς
777 4046 875 4114 τήν
905 4044 1069 4122 τρίχα
1098 4045 1417 4123 κειραμὲνη,

287 4135 414 4193 Βίον
456 4135 662 4209 βιούτω
694 4137 808 4199 καθ’
842 4136 1035 4206 ὶαυτὴν
1078 4135 1151 4199 ὡς
1181 4133 1322 4196 δέον.

132 4226 250 4283 4955
287 4226 363 4281 Σὺ
395 4223 441 4280 δ’
480 4226 556 4287 ὡς
588 4225 812 4299 πατρῴα
844 4222 1075 4297 διαθήκη
1114 4224 1391 4301 βούλεται,

286 4313 631 4390 Κληροῦχος
661 4311 733 4368 ὧν
760 4313 953 4369 ἄνασσε
980 4317 1078 4381 τῆς
1110 4316 1459 4394 κραταρχίας.

285 4403 461 4462 Οῧπω
496 4402 783 4479 παρῆλθον
816 4400 1020 4481 ἡμέραι
1049 4406 1246 4482 τυχναὶ
1278 4408 1438 4476 πάνυ,

283 4494 387 4552 Καὶ
419 4485 760 4567 παραλαϐὼν
792 4493 885 4557 τὰς
917 4494 1161 4571 τριήρεις
1197 4492 1323 4567 δοὺε
1357 4495 1523 4574 μέγας

281 4586 471 4661 Χωρεῖ
502 4582 643 4657 πρὸς
671 4580 1015 4659 Ἀνδρόνικον
1048 4584 1268 4661 ἀπτέρῳ
1306 4586 1484 4663 τάχει·

130 4675 247 4730 4⁸360
281 4676 373 4729 καὶ
404 4674 561 4729 τοῦτ’
594 4670 763 4748 ἐπῆρε
792 4677 889 4728 τοῦ
918 4672 1179 4751 τυράννου
1208 4675 1270 4729 τὸ
1302 4678 1519 4753 θράσος,

286 4756 750 4839 Πρωτοσεεαστόν
784 4759 831 4817 δ’
860 4764 1088 4842 ἠφάνισε
1115 4763 1377 4837 καθάπαξ.

282 4853 493 4911 Τοίνυν
520 4850 760 4914 ἀποστὰς
789 4849 937 4907 τοῦδ’
969 4853 1106 4916 ἅπας
1134 4858 1241 4909 τῶν
1276 4854 1327 4909 ἒν
1359 4853 1517 4911 πόλει

284 4944 481 5000 Βαλιίη
516 4962 577 4997 τε
607 4946 798 4998 τοῦτον
837 4947 955 5005 τοῖς
987 4942 1309 5017 σκώμμασιν
1337 4940 1553 5019 ἀνέδην,

282 5032 651 5109 Προστίθεται
679 5027 747 5103 δὴ
780 5036 1024 5109 φανερῶς
1059 5032 1359 5110 ἀποστάτῃ,

132 5134 247 5188 4265
282 5132 378 5188 Καέ
408 5128 578 5187 τοῦδε
607 5136 779 5205 γῆρας
805 5130 894 5185 καὶ
926 5132 1065 5207 φυὴν
1096 5132 1486 5207 ἦν’σεμνύνων.

284 5223 426 5299 Πρὸς
455 5226 579 5283 τοῖς
612 5216 659 5275 δ’
688 5219 899 5277 ἀνεῖντο
928 5218 1117 5286 παῖδες
1150 5223 1367 5300 εἱρκτῆς
1402 5223 1475 5287 ὡς
1504 5224 1680 5302 τάχος

280 5314 467 5369 Αὐτοῦ
499 5309 765 5384 τυράννου
792 5310 881 5365 καὶ
915 5309 1313 5367 κατακλείστων
1344 5312 1550 5391 στίφοςο

276 5403 672 5479 Καθεῖργνυται
706 5397 783 5469 δὲ,
817 5405 914 5478 φεῦ
942 5400 1121 5478 τύχης
1148 5409 1250 5473 τῆς
1280 5402 1511 5460 ἀστάτου
1537 5403 1549 5463 ί

273 5485 749 5569 Πρωτοσεϐαστὸς
780 5490 832 5545 ἐν
868 5491 1057 5563 μὲσοις
1086 5492 1431 5569 ἀνακτόροις,

123 5584 239 5640 4970
274 5585 371 5639 Καὶ
406 5578 701 5638 σϐέννυται
737 5577 803 5648 δὴ
829 5582 924 5643 τὰς
952 5581 1117 5653 κόρας
1144 5587 1252 5638 τῶν
1286 5582 1577 5658 ὀμμάτων,

276 5671 649 5749 Ἀνδρονίκου
680 5669 960 5741 κρίναντος
986 5669 1082 5727 ὧδ’
1113 5671 1443 5743 ἆποστάτου,

275 5767 425 5823 Μετᾶ
457 5764 699 5841 φαεινῶν
734 5760 1041 5836 προκρίτων
1072 5762 1371 5840 γερουσίας·

1799 530 1853 598 Α
1883 529 1983 601 qui
2009 544 2139 585 cum
2171 530 2444 586 eunucho
2474 528 2790 585 Andronici
2822 542 3172 599 congressus

1869 619 2015 673 duce
2046 619 2345 690 cepiarum
2375 616 2925 690 Paphlagoniarum,

1871 708 2107 763 rudium
2140 708 2408 780 quamvis
2438 708 2574 764 belli
2598 708 3010 780 agricolarum,

1874 796 2119 867 turpiter
2144 797 2487 869 proﬂigatus
2521 798 2860 869 Byzantium
2894 796 3061 869 fugit.

1870 896 2018 965 Ergo
2049 910 2183 949 eum
2218 894 2400 949 victus
2423 894 2668 949 redisset
2697 894 2767 949 ad
2802 894 3028 961 urbem,

1873 982 1945 1036 ab
1977 998 2043 1037 eo
2075 984 2381 1053 pecuniam
2415 983 2611 1037 statim
2645 981 2987 1054 repetebant

1873 1071 2228 1143 cives,quam
2260 1072 2411 1128 bello
2442 1073 2693 1145 gerendo
2726 1072 3125 1145 insumpserat
3159 1088 3172 1127 :

1874 1160 2029 1231 quod
2061 1177 2211 1232 aegre
2244 1162 2433 1217 ferens
2465 1161 2777 1217 maturavit
2810 1162 3004 1234 fugam

1874 1267 2005 1307 cum
2041 1267 2142 1306 sex
2172 1249 2412 1306 armatis
2447 1250 2814 1321 fortibusque
2845 1250 3067 1314 liberis,

1873 1346 1931 1396 et
1960 1345 2147 1395 semet
2178 1344 2334 1395 recta
2363 1341 2432 1395 ad
2460 1340 2857 1395 Andronicum
2890 1339 3135 1396 contulit
3168 1356 3180 1395 :

1875 1428 1975 1501 qui
2008 1429 2316 1484 roboratus
2346 1427 2549 1500 Angeli
2576 1428 2905 1499 prmsentia,

1874 1516 2136 1589 aliosque
2167 1517 2446 1573 omittens
2477 1533 2761 1588 occupare
2792 1516 2971 1585 loces,

1872 1622 2005 1662 eum
2038 1606 2261 1677 Angelo
2294 1606 2631 1678 Byzantium
2660 1607 2871 1662 direxit
2900 1608 3010 1663 iter
3040 1625 3054 1664 :

1874 1701 1931 1752 et
1960 1711 2093 1751 cum
2126 1693 2511 1751 Chalcedonis
2542 1700 2697 1750 esset
2727 1697 2786 1751 in
2818 1696 3051 1766 vicinia,

1872 1784 1951 1839 ibi
1984 1784 2294 1840 tentorium
2330 1783 2453 1838 fixit
2482 1784 2886 1856 substititque.

1798 1903 1845 1969 Β
1878 1873 2317 1930 Protosebastus
2349 1873 2689 1969 haudpo-tis
2721 1873 2958 1969 Alexius

1875 1963 2128 2019 exercitu
2162 1962 2414 2034 pedestri
2446 1961 2715 2018 rebellem
2749 1962 3101 2035 opprimere,

1875 2052 2129 2108 nauticis
2158 2051 2340 2125 cepiis
2371 2052 2761 2108 resistendum
2796 2052 3042 2108 censuit.

1872 2150 2010 2206 Cum
2043 2166 2178 2223 ergo
2209 2150 2495 2222 plurimas
2520 2150 2893 2206 instruxisset
2921 2150 3190 2208 triremes

1871 2240 1951 2296 ita
1983 2245 2047 2295 ut
2077 2244 2251 2296 totam
2287 2239 2595 2312 implerent
2627 2240 3062 2309 Proiiontidem,

1867 2335 1925 2386 et
1953 2330 2488 2403 Contostephanum
2522 2330 2841 2386 maximum
2876 2328 3096 2385 Ducam

1867 2419 2269 2476 scholarcham
2302 2420 2613 2476 creavisset
2640 2435 3052 2493 summumque
3084 2420 3311 2490 ducem,

1858 2602 2043 2675 jussit
2072 2617 2203 2657 cum
2235 2599 2399 2656 hoste
2430 2598 2619 2655 inviso
2653 2601 2898 2669 decerte,

1867 2692 1955 2748 vel
1977 2695 2130 2747 certe
2160 2688 2529 2762 Byzantinam
2563 2690 2740 2746 tutari
2774 2689 3000 2746 urbem.

1872 2782 2046 2840 Paulo
2079 2790 2205 2855 post
2235 2780 2456 2837 missus
2486 2780 2713 2853 legatus
2744 2798 2777 2836 a
2806 2782 3029 2838 Caesare

1870 2874 1940 2929 ad
1976 2870 2369 2927 Andronicum
2403 2869 2505 2926 ivit
2533 2869 2905 2943 Xiphilinus,

1872 2977 2025 3019 unus
2058 2959 2373 3016 illustrium
2407 2958 2672 3023 Ecclesia
2705 2956 3102 3030 alumnarum,

1872 3050 1984 3125 ipsi
2016 3050 2323 3107 oblaturus
2354 3048 2670 3121 plurimam
2703 3048 3014 3123 pecuniam

1872 3146 1929 3199 et
1958 3140 2311 3213 dignitatum
2345 3138 2545 3194 titulos
2578 3154 2964 3209 summarum,

1874 3232 1947 3299 si,
1980 3228 2134 3303 quod
2167 3231 2526 3301 susceperat,
2560 3226 2781 3284 omisso
2814 3226 3115 3285 molimine

1874 3320 2074 3379 statim
2107 3320 2449 3374 incruentus
2480 3321 2633 3373 retro
2662 3318 2908 3374 cederet.

1876 3419 2111 3486 Renuit,
2144 3434 2209 3473 ac
2240 3416 2490 3489 superbe
2522 3415 2823 3489 respondit
2855 3414 2975 3487 ille,

1877 3515 1939 3566 ut
1963 3509 2118 3566 fama
2148 3511 2237 3563 est
2264 3504 2533 3562 hortante
2559 3504 2861 3578 Xiphilino
2896 3524 2909 3563 :

1876 3600 1935 3656 Si
1968 3597 2229 3670 quidem,
2258 3597 2468 3665 Caesar,
2501 3594 2897 3651 Andronicum
2931 3610 3085 3652 aves.

1873 3694 2028 3746 retro
2061 3686 2301 3760 paelflco
2335 3684 2633 3741 cedentem
2667 3701 2925 3755 cernere,

1877 3776 2348 3853 protosebastum
2377 3772 2502 3831 loco
2524 3774 2769 3848 depelle,

1875 3865 2306 3937 criminumque
2339 3880 2541 3936 poenas
2573 3863 2645 3919 ab
2676 3879 2742 3920 eo
2764 3878 3026 3937 reposco.

1878 3954 2157 4012 Praeterea
2187 3952 2388 4026 regina
2418 3967 2629 4025 parens
2660 3956 2761 4008 tua

1878 4042 2300 4101 monacharum
2325 4041 2512 4097 instar
2540 4046 2772 4098 attonsa
2802 4057 3055 4099 comam.

1878 4135 2074 4206 vitam,
2106 4136 2169 4189 ut
2199 4150 2303 4206 par
2332 4139 2439 4201 est,
2473 4131 2797 4189 solitariam
2829 4132 3003 4206 degat
3034 4146 3051 4195 :

1878 4230 1941 4282 tu
1972 4240 2127 4291 vero,
2161 4227 2223 4279 ut
2253 4227 2345 4279 est
2372 4221 2429 4277 in
2460 4221 2644 4295 patris
2674 4221 2971 4295 supremis
3001 4221 3240 4295 tabulis,

1877 4318 2061 4374 heres
2094 4315 2320 4389 imperii
2356 4321 2594 4388 regnate
2625 4314 2945 4388 legitimus.

1877 4408 2085 4466 Paucis
2116 4405 2324 4463 deinde
2352 4404 2569 4479 elapsis
2598 4405 2808 4463 diebus

1879 4499 1995 4554 dux
2019 4512 2269 4570 magnus
2300 4494 2555 4569 sumptis
2588 4512 2788 4552 secum
2816 4494 3154 4553 triremibus

1878 4587 1948 4642 ad
1981 4584 2380 4642 Andronicum
2413 4581 2586 4639 celeri
2620 4601 2795 4640 cursu
2828 4583 2976 4658 fugit
3008 4601 3021 4639 :

1878 4692 2003 4750 qua:
2035 4692 2126 4732 res
2158 4673 2391 4748 tyranni
2418 4672 2625 4729 extulit
2657 4675 2988 4742 audaciam,

1879 4767 2343 4841 protosebastum
2374 4769 2567 4821 autem
2602 4782 2843 4838 prorsus
2876 4765 3045 4838 fregit
3080 4782 3093 4820 :

1876 4856 2216 4931 passimque
2244 4852 2495 4928 populus
2526 4854 2583 4910 in
2616 4855 2758 4911 urbe
2788 4854 3076 4911 rebellans

1878 4949 2035 5005 hunc
2057 4946 2430 5020 impudenter
2459 4946 2771 5019 appetebat
2795 4946 3093 5018 conviciis,

1877 5041 2271 5113 apostatszque
2303 5035 2570 5108 partibus
2601 5033 2953 5103 adhaerebat,

1876 5130 2005 5201 ejus
2035 5126 2332 5183 demirans
2364 5125 2607 5180 formam
2638 5130 2693 5181 et
2724 5129 3040 5183 senectam.

1876 5228 2125 5299 Insuper
2155 5224 2257 5280 filii
2289 5223 2615 5280 liberantur
2645 5240 2875 5280 carcere

1873 5316 2101 5391 tyranni
2135 5315 2419 5387 ejusdem,
2446 5311 2663 5385 aliique
2695 5312 2933 5386 plurimi
2970 5330 2982 5369 :

1874 5406 2170 5462 clauditur
2200 5407 2413 5459 autem.
2447 5420 2479 5457 0
2514 5402 2757 5458 fortuna:
2791 5402 3216 5461 inconstantia!

1875 5494 2317 5568 protosebastus
2349 5491 2505 5563 regio
2530 5491 2586 5545 in
2619 5491 2858 5563 palatio,

1874 5585 2042 5656 eique
2076 5582 2272 5637 lumen
2304 5579 2603 5635 oculorum
2639 5581 3053 5653 exstinguitur,

1877 5674 1962 5729 sic
1986 5674 2330 5729 decernente
2353 5669 2679 5725 Andronico
2705 5669 2915 5726 rebello

1885 5780 2017 5821 cum
2040 5761 2481 5834 splendidorum
2516 5776 2818 5833 procerum
2852 5778 3087 5818 corona.

3415 402 3516 459 190
