4190 6448
649 401 747 455 191
1855 405 2228 460 EPHRBMII
2265 405 2304 460 C

2397 402 2836 463 tONOGBAPHl
3944 402 4052 457 192

642 528 790 578 Tum
823 523 950 595 ipse
981 525 1050 579 ad
1078 525 1278 580 urbem
1313 525 1646 580 adventavit
1667 523 1912 597 regiam,

646 614 884 685 regique
919 613 1138 668 humile
1171 613 1385 668 obtulit
1415 613 1787 686 obsequium,

646 701 811 754 humi
846 704 1197 772 prostratus,
1235 701 1519 770 lacrymas
1544 702 1928 772 profundens.

641 789 788 844 Exin
821 789 1104 859 correptis
1137 788 1470 860 reipublicae
1503 789 1772 854 habenis,

638 877 812 948 coepit
844 878 912 932 ad
941 878 1252 932 arbitrium
1283 883 1492 932 cuncta
1514 895 1689 932 suum
1723 893 1942 950 gerere.
2055 917 2058 920 .

638 967 706 1021 Et
730 982 921 1038 regem
955 967 1190 1038 quidem
1223 967 1550 1038 occupabat
1578 967 1893 1022 venatibus

642 1059 874 1110 astutus
905 1055 1080 1111 homo
1109 1061 1165 1110 et
1189 1055 1419 1110 lusibus
1450 1054 1682 1110 idoneis

643 1143 909 1197 custodia
940 1152 1171 1214 septum
1207 1143 1363 1215 vigili
1396 1147 1452 1198 et
1484 1142 1765 1198 malevola
1796 1160 1810 1199 :

642 1232 768 1304 ipse
804 1232 1037 1302 regendi
1071 1232 1304 1303 imperii
1336 1233 1596 1303 suscepit
1625 1249 1868 1300 curam;

640 1319 974 1374 mortalium
1006 1321 1132 1375 dira
1163 1321 1433 1392 Erinnys,
1467 1326 1749 1376 cruentus
1780 1321 1965 1389 canis,

636 1408 936 1464 maleﬁcus
971 1410 1363 1479 Andronicus,
1402 1410 1545 1480 proh
1581 1409 1924 1465 calamitas!

640 1515 706 1553 ac
742 1499 1110 1552 manifestam
1143 1497 1358 1552 invasit
1387 1499 1786 1570 tyrannidem.

639 1597 708 1650 Et
740 1595 997 1666 prmmiis
1029 1595 1267 1665 quidem
1293 1595 1518 1650 ornavit
1548 1596 1777 1651 eximiis

643 1701 777 1739 cum
802 1683 946 1738 alios
980 1683 1195 1738 multos
1228 1688 1352 1738 tum
1383 1684 1644 1756 apprime
1675 1682 2082 1756 Paphlagonas

639 1772 737 1844 qui
771 1771 1075 1827 rebellanti
1110 1771 1220 1827 sibi
1256 1772 1537 1827 auxilium
1577 1771 1835 1826 tulerant
1868 1789 1880 1825 :

639 1879 705 1917 ac
739 1861 1054 1933 dignitates
1084 1861 1425 1933 splendidas
1457 1861 1750 1916 sublimes

639 1951 846 2007 amicis
878 1950 1003 2006 suis
1035 1951 1304 2005 attribuit
1334 1958 1388 2005 et
1421 1967 1582 2005 noxas
1618 1950 1817 2004 sociis.

636 2040 905 2097 Illustres
937 2043 1130 2094 autem
1165 2039 1319 2094 viros
1350 2043 1406 2094 et
1432 2039 1646 2110 stirpes
1681 2037 1926 2095 nobiles.

640 2129 856 2202 partim
889 2126 1114 2199 injusto
1145 2144 1374 2183 carcere
1408 2127 1723 2195 conclusit,

639 2217 854 2290 partim
888 2218 1084 2283 domo,
1130 2217 1417 2289 cognatis,
1472 2217 1661 2288 patria
1692 2215 1891 2289 procul

641 2306 865 2362 nullius
897 2306 1118 2379 pepulit
1147 2306 1410 2360 criminis
1439 2306 1759 2374 convictos,

644 2395 790 2451 alios
821 2396 1076 2467 denique
1107 2395 1293 2451 oculis
1324 2396 1588 2467 privavit.

642 2486 791 2556 Ergo
824 2485 1042 2556 ubique
1075 2484 1556 2556 miseria,ubique
1586 2483 1771 2555 dolor,

639 2574 894 2645 suspiria
928 2573 1166 2645 ubique,
1206 2573 1497 2645 lacrymas,
1531 2573 1805 2643 ejulatus.

636 2672 780 2728 Nam
808 2663 1156 2744 properabat
1186 2671 1554 2727 Andronicus
1585 2671 1855 2727 homines

638 2761 912 2833 (breviter
944 2767 1006 2816 ut
1035 2761 1248 2832 dicam)
1283 2760 1485 2817 tollere
1517 2762 1587 2816 de
1621 2761 1809 2816 medio

634 2852 725 2906 vel
757 2867 966 2923 genere
997 2851 1367 2921 conspicuos,
1399 2850 1484 2905 vel
1519 2850 1786 2916 consilio,

636 2939 721 2994 vel
758 2940 888 2995 forti
924 2957 1098 2994 manu
1135 2939 1410 3010 praeditos
1439 2938 1527 2994 vel
1556 2938 1865 3010 prudentia
1893 2957 1908 3008 ;

641 3029 910 3084 videlicet
941 3034 1005 3082 ut
1035 3032 1178 3094 tute,
1215 3035 1434 3082 remoto
1467 3027 1652 3095 obice,

645 3119 867 3190 regium
899 3134 1083 3189 genus
1117 3117 1381 3172 funditus
1412 3120 1717 3172 extereret.

631 3212 705 3262 At
730 3207 1014 3265 Manuelis
1046 3207 1320 3262 sultanus
1353 3199 1538 3262 morte
1570 3206 1828 3278 cognita,

632 3297 956 3369 Sozopolim
991 3296 1292 3366 occupavit
1317 3293 1582 3367 aliasque
1614 3295 1810 3362 urbes,

633 3392 689 3442 et
720 3387 1008 3458 Cotyaam
1041 3402 1236 3440 arcem
1270 3389 1497 3440 armata
1522 3401 1699 3438 manu
1737 3401 1754 3438 .-

634 3474 881 3547 insuper
914 3479 1099 3529 terras
1129 3474 1530 3529 Romanorum
1563 3471 1860 3544 proximas

636 3566 922 3639 plurimas
954 3565 1066 3620 sibi
1097 3565 1414 3618 vindicavit
1443 3562 1692 3618 bellans.

634 3657 750 3712 Nec
781 3672 914 3711 vero
941 3655 1164 3710 interea
1198 3654 1396 3708 minus
1415 3653 1765 3708 laborabant

635 3763 738 3819 per
770 3745 966 3800 Asiam
1002 3743 1135 3814 pagi
1169 3742 1374 3797 rustici
1409 3740 1724 3811 multaeque
1757 3741 1927 3795 urbes

637 3835 788 3892 civili
821 3833 1108 3889 seditione
1139 3848 1272 3887 cum
1309 3831 1486 3886 variis
1517 3830 1800 3886 caedibus.

639 3936 710 3988 At
740 3931 896 3988 enim
929 3930 1176 3986 callidus
1205 3928 1579 3984 Andronicus
1605 3927 1805 3982 volens

643 4021 947 4078 studiosus
981 4019 1135 4091 regis
1169 4035 1234 4074 ac
1267 4033 1574 4090 peramans
1604 4016 1807 4087 videri,

639 4128 672 4167 a
704 4109 1036 4182 patriarcha
1067 4125 1199 4164 mox
1231 4107 1495 4163 coronari
1518 4105 1702 4177 jussit

640 4200 1056 4271 imperatorem
1089 4202 1485 4253 Romanorum
1520 4194 1809 4263 Alexium,

2315 528 2366 596 A

2315 1886 2362 1952 Β

2573 526 2762 588 ’Ὁστις
2795 525 2974 601 ἀπῆρε
3001 526 3139 599 πρὸς
3166 524 3330 581 πόλιν
3366 523 3623 602 βασιλίδα

2569 615 2664 668 Καὶ
2697 619 2778 686 τῷ
2811 612 3030 689 βασιλεῖ
3058 613 3422 690 προσκύνησιν
3452 615 3744 687 προσνέμει

2395 704 2533 758 4975
2569 706 2817 769 Βαθεῖαν,
2850 701 2926 764 εἷς
2955 709 3058 776 γῆν
3093 703 3334 764 τανυθεὶς
3365 702 3456 756 καὶ
3487 699 3756 776 δακρύων·

2570 793 2778 842 Κοινῶν
2810 787 2995 843 ἔπειτα
3026 787 3361 862 πραγμάτιον
3396 786 3762 862 δεδραγμένος

2569 879 2813 952 Ἐχρῆτο
2842 875 3026 932 τοῖσδε
3054 877 3191 941 καθά
3217 879 3270 932 οὶ
3302 873 3652 951 δεδογμένον.

2569 966 2926 1039 Κυνηγεσίοις
2960 963 3179 1040 βασιλεῖ
3206 967 3566 1040 προσανέχειν

2569 1051 2789 1118 Ἐνδοὺς
2819 1055 2847 1109 ὁ
2880 1051 3054 1116 δεινὸς
3087 1051 3332 1115 παιδιαῖς
3361 1074 3420 1108 τε
3448 1050 3785 1128 προσφόροις

2390 1153 2532 1208 4980
2571 1152 2722 1208 Μετά
2749 1151 3006 1228 φυλάκων
3037 1150 3316 1224 δυσμενῶν
3343 1149 3721 1205 κατασκόπων·

2565 1242 2772 1296 Ἔπειτ’
2802 1238 3108 1309 ἀνεζώσατο
3135 1241 3331 1294 κοινῶν
3357 1236 3618 1317 φροντίδα

2569 1331 2792 1403 Βροτῶν
2824 1328 3033 1404 έριννὺς
3065 1330 3156 1383 καὶ
3186 1326 3517 1405 φιλαίματος
3558 1327 3724 1396 κύων,

2567 1416 2787 1488 Ῥέκτης
2815 1439 2874 1472 τε
2902 1422 3082 1471 κακῶν
3113 1415 3482 1486 Ἀνδρόνικος,
3517 1415 3560 1469 ὦ
3591 1416 3796 1479 πάθους

2567 1508 2665 1560 Καὶ
2698 1511 2940 1583 φανερῶς
2969 1503 3149 1579 {Nam
3181 1512 3281 1574 τῆς
3307 1501 3637 1579 τυραννίδος.

2393 1597 2534 1651 4985
2571 1589 2884 1666 Ἀμείόεται
2920 1595 3014 1666 μὲν
3049 1592 3279 1669 δωρεαῖς
3310 1588 3504 1665 ἁϐραῖς
3535 1591 3674 1647 πάνυ

2567 1682 2814 1744 ’Ἄλλους
2843 1703 2902 1737 τε
2929 1680 3178 1744 πολλοὺς
3210 1683 3297 1736 καὶ
3330 1680 3498 1736 πλέον
3531 1679 3892 1757 Παφλαγόνας

2572 1770 2690 1832 Iob;
2731 1769 2874 1842 τῷδε
2902 1772 3313 1846 συμπράξαντας
3336 1769 3688 1824 ἀποστασίαν·

2568 1861 2719 1932 Τιμᾷ
2750 1858 2808 1914 δὲ
2840 1858 3120 1934 λαμπραῖς
3149 1859 3238 1914 καὶ
3276 1857 3540 1932 μεγάλαις
3569 1855 3739 1928 ἀξίαις

2571 1948 2677 2010 Οὓς
2708 1949 2825 2024 εἶχε
2853 1948 3083 2010 πιστοὺς
3113 1948 3202 2003 καὶ
3236 1947 3520 2023 συνεργοὺς
3552 1944 3760 2005 κακίας·

2392 2039 2534 2094 4990
2572 2035 2805 2113 Ἀνδρῶν
2835 2036 3098 2110 ἐπιτίμων
3130 2033 3186 2090 δὲ
3211 2035 3300 2090 καὶ
3333 2033 3604 2108 λαμπρῶν
3634 2033 3797 2109 γένει,

2570 2127 2636 2183 Οἳ
2672 2127 2766 2199 μὶν
2799 2124 3064 2204 φυλακαῖς
3090 2123 3487 2200 ὶγκαθείργυντ⁹
3515 2122 3758 2197 ἀλόγως,

2569 2216 2633 2269 Οἱ
2666 2213 2714 2270 δ’
2742 2215 2917 2277 οἲκίας
2946 2235 3005 2270 τε
3029 2218 3296 2291 συγγενῶν
3325 2212 3414 2268 καὶ
3445 2208 3708 2287 πατρίδος

2572 2304 2795 2381 Μακράν
2826 2303 3209 2374 ἀπηλαύνοντο
3238 2302 3415 2378 χωρὶς
3440 2299 3637 2370 αἰτίας,

2569 2391 2773 2451 ’Ἄλλοι
2808 2390 2854 2446 δ’
2884 2386 3276 2446 ἀπεσϐέννυντο
3307 2389 3546 2465 λύχνους
3577 2385 3866 2462 ὀμμάτων,

2395 2491 2535 2546 4995
2574 2490 2675 2547 Καὶ
2706 2491 2877 2544 πάντα
2909 2490 3078 2562 μεστά
3107 2493 3390 2566 συμφορᾶς
3421 2486 3487 2556 ἦν
3518 2484 3609 2540 καὶ
3640 2485 3844 2546 πάθους

2571 2581 2768 2657 Πλήρη
2803 2580 3051 2657 δακρύων
3083 2580 3173 2636 καὶ
3203 2584 3511 2657 στεναγμῶν
3543 2580 3633 2634 καὶ
3662 2577 3828 2654 γύων·

2568 2668 2834 2728 Ἕσπευδε
2860 2671 2950 2726 καὶ
2981 2671 3084 2746 γάρ
3119 2666 3462 2741 Ἀνδρόνικος
3494 2666 3554 2723 ἐκ
3585 2668 3774 2741 μέσου,

2568 2762 2656 2822 Ὠς
2687 2757 2926 2814 συνελὼν
2955 2757 3191 2832 εἴποιμι,
3223 2762 3395 2813 θεῖναι
3426 2758 3643 2832 ταχέως
3768 2751 3772 2754 ’

2572 2847 2924 2924 Προῧχοντας
2952 2845 3148 2920 ἄνδρας
3187 2846 3444 2923 εὐγενεῖς,
3481 2842 3890 2922 βουληφόρους,

2389 2939 2533 2995 5000
2568 2937 2759 3011 Ῥώμη
2794 2933 3144 3015 διαφέροντας
3164 2935 3199 3005 ἢ
3230 2935 3321 2991 καὶ
3352 2933 3579 3002 συνέσει,

2565 3027 2656 3088 Ὠς
2686 3023 2734 3081 δ’
2765 3022 2936 3087 ἀδεως
2963 3046 3023 3080 τε
3049 3021 3324 3097 κωλύμης
3355 3024 3532 3093 πάσης
3562 3018 3692 3097 δίχα

2567 3111 2774 3189 ’Άρδην
2806 3114 2868 3169 τὸ
2903 3110 3175 3183 βασίλειον
3208 3109 3436 3186 έκτρίψῃ
3465 3110 3642 3188 γένος.

2564 3203 2627 3261 Ὀ
2659 3200 2706 3257 δ’
2734 3203 2799 3257 αὗ
2829 3200 3150 3271 σουλτάνος,
3184 3199 3453 3270 Μανουήλ
3482 3197 3643 3274 γνοὺς
3668 3198 3758 3253 τὸν
3796 3197 3995 3273 μόρον.

2568 3292 2809 3366 Κατέσχε
2841 3289 3186 3362 Σωζόπολιν,
3219 3287 3394 3351 ἄλλας
3419 3290 3466 3344 τ’
3498 3285 3563 3342 αὖ
3592 3286 3804 3354 πόλεις,

2387 3383 2532 3438 5005
2571 3381 2670 3436 Καὶ
2699 3381 2762 3436 τὸ
2793 3381 3081 3436 Κοτυάειον
3110 3376 3240 3434 ἄστυ
3268 3381 3338 3453 τῇ
3373 3378 3548 3452 μάχῃί

2567 3472 2851 3544 Ῥωμαϊκά
2876 3468 2933 3525 δὲ
2957 3469 3046 3525 καὶ
3077 3469 3349 3545 πρόσοικα
3377 3465 3562 3542 χωρία

2567 3559 2808 3616 ῙΙλεῖστα
2837 3561 3212 3634 παρεστήσατο
3241 3561 3320 3628 τῷ
3355 3556 3542 3631 μάχης
3572 3553 3750 3627 νόμῳ.

2565 3651 2846 3723 Ἐπασχον
2879 3648 2991 3722 οὐχ
3019 3647 3185 3715 ἦττον
3219 3643 3276 3701 δὲ
3306 3642 3748 3720 δυστυχεστάτως

2570 3737 2814 3795 Ἀσιαναὶ
2844 3736 3029 3810 κῶμαί
3054 3756 3113 3791 τε
3138 3735 3226 3790 καὶ
3258 3731 3465 3789 πολλαὶ
3497 3730 3709 3799 πόλεις,

2391 3840 2534 3895 5010
2574 3837 2660 3907 Ἐξ
2691 3835 2962 3915 ἐμφυλίου
2995 3836 3228 3897 στάσεως
3261 3827 3637 3912 φθισιϐρότου·

2573 3922 2778 3986 Εὔνους
2814 3924 3030 4002 βασιλεῖ
3058 3925 3146 3979 καὶ
3179 3920 3546 3998 φιλόστοργος
3575 3919 3748 3984 θέλων

2573 4019 2760 4070 Δοκεῖν
2792 4018 3097 4089 πανοῦργος
3129 4008 3479 4088 Ἀνδρόνικος
3509 4009 3826 4085 τυγχάνειν,

2573 4103 2735 4180 Χερσί
2763 4103 3054 4181 στεφθῆναι
3085 4101 3350 4175 ποιμένος
3381 4095 3598 4154 σπεύδει
3627 4096 3771 4173 τάχα

2573 4195 2679 4252 Τὸν
2711 4191 2952 4266 Ἀλέξιον
2985 4190 3338 4268 αὐτοκράτορ’
3364 4188 3638 4255 Αὐσόνων,

642 4305 821 4360 quem
855 4287 980 4359 ipse
1010 4287 1264 4358 propriis
1297 4284 1560 4340 humeris
1593 4287 1655 4339 ut
1677 4297 1870 4356 regem
1904 4280 2115 4337 extulit

607 4377 956 4454 _sublimem
990 4376 1050 4432 in
1082 4381 1428 4447 suggestum
1450 4390 1585 4429 cum
1622 4373 1772 4427 lictis
1806 4370 2084 4441 lacrymis
2117 4386 2130 4425 :

639 4465 1025 4540 quamobrem
1054 4464 1227 4536 vulgo
1258 4477 1344 4520 est
1377 4463 1637 4518 creditus
1673 4464 1835 4534 patre
1869 4460 2096 4526 melior,

1963 4460 2096 4526 lior,
2575 4462 2738 4524 Ὅθεν
2768 4459 2910 4514 τισὶν
2943 4453 3090 4529 ἔδοξε
3120 4457 3325 4532 πατρὸς
3361 4453 3618 4531 βελτίων,

640 4556 912 4627 regisque
944 4552 1331 4610 adolescentis
1362 4556 1644 4624 tanquam
1679 4555 1839 4606 tutor
1871 4566 1884 4606 :

2325 4604 2369 4627 ἢ
2581 4550 2677 4604 Καὶ
2708 4545 2967 4621 κηδεμὼν
3002 4545 3134 4601 εἶναί
3160 4567 3245 4607 τις
3273 4547 3504 4606 ἄνακτος
3535 4543 3676 4597 νέου·

643 4604 910 4627 ““ὐ“”Ί“⁷
945 4604 1327 4610 """"""“‘
1368 4604 1543 4624 ”""J“
1593 4604 1643 4606 '*‘
1688 4604 1826 4606 '"’"
1873 4604 1881 4606 ‘

642 4646 742 4702 sed
776 4645 931 4700 enim
965 4643 1124 4698 hunc
1157 4641 1398 4714 projecit
1431 4656 1564 4696 mox
1588 4641 1645 4694 in
1681 4638 2051 4702 barathrum,

2009 4653 2051 4702 l,
2323 4604 2371 4669 Β
2576 4641 2748 4715 Ἀρας
2768 4604 2831 4691 ,δὶ
2853 4604 3016 4690 ιτόνδε
3045 4604 3362 4710 κατέρέαξεν
3398 4604 3664 4708 εἱςὴχάος,

645 4740 706 4789 ut
738 4733 914 4790 David
949 4734 1031 4788 ait
1061 4731 1280 4787 alicubi
1313 4747 1409 4785 rex
1436 4729 1733 4785 fatidicus.

2395 4731 2539 4787 5020
2575 4731 2670 4790 ’Ὠς
2700 4747 2804 4782 που
2839 4723 3079 4799 μελῳδεῖ
3105 4718 3270 4778 Δαϐὶδ
3302 4724 3329 4778 ὁ
3363 4719 3732 4800 προφητάναξ,

2396 4286 2540 4344 5015
2574 4283 2780 4341 ⁹Οντιν¹
2811 4281 2894 4337 ἐπ’
2925 4277 3093 4355 ὤμων
3127 4280 3201 4342 ὡς
3233 4275 3434 4334 ἄνακτα
3469 4276 3736 4353 βαστάσας

2577 4372 2695 4429 Ἐπ’
2725 4365 3046 4446 όκρίόαντος
3076 4367 3260 4444 ἀνάγει
3285 4366 3628 4442 δακρυχέων·

639 4834 773 4888 Jam
808 4836 1120 4902 postquam
1154 4847 1357 4884 omnes
1391 4827 1636 4884 sustulit
1666 4843 1695 4881 e
1731 4825 1942 4892 medio,

644 4927 839 4978 mente
871 4921 1132 4993 agitabat
1162 4917 1366 4974 sedula
1397 4916 1660 4988 quotidie

642 5030 759 5084 quo
791 5015 959 5082 pacto
991 5014 1178 5065 totum
1214 5011 1441 5079 raperet
1468 5005 1778 5078 imperium

641 5118 866 5174 proque
899 5116 1004 5155 suo
1038 5104 1168 5154 voto
1201 5102 1428 5169 gereret
1459 5113 1524 5151 ac
1559 5095 1743 5150 libito.

645 5196 706 5248 In
746 5190 948 5262 primis
981 5188 1182 5261 igitur,
1211 5204 1243 5241 o
1276 5187 1463 5242 diram
1511 5184 1904 5241 sententiam:

644 5285 832 5336 morte
865 5278 1128 5350 reginam
1164 5277 1408 5331 damnat
1438 5273 1833 5345 injustissima

641 5369 996 5424 criminibus
1029 5365 1316 5435 confictis,
1349 5379 1599 5435 eamque
1621 5362 1830 5434 laqueo

644 5458 864 5514 crudeli
902 5456 1270 5518 suffocatam.
1295 5454 1412 5509 vita
1445 5452 1654 5523 spoliat
1689 5469 1701 5505 :

645 5553 839 5619 atque,
870 5565 900 5600 ο
937 5545 1302 5618 patientiam,
1335 5543 1564 5598 Christe
1598 5543 1746 5597 bone
1779 5546 1936 5595 tuam
1964 5541 1977 5596 ι

647 5655 821 5694 arena
841 5638 1012 5708 jubet
1042 5635 1207 5690 obrui
1241 5634 1484 5689 cadaver

642 5727 873 5784 marino
906 5727 1200 5797 abjectum
1235 5722 1429 5778 littore
1452 5723 1580 5777 sine
1607 5721 1849 5777 honore.

2577 4815 2730 4875 Μετά
2757 4813 2814 4870 δὲ
2844 4814 2905 4869 τὸ
2936 4813 3246 4887 ξύμπαντας
3279 4810 3338 4866 ἐκ
3372 4810 3538 4884 μέσού
3571 4807 3783 4884 δρᾶσαι,

2576 4907 2666 4968 Ὦς
2701 4902 2966 4980 κυριεύων
2995 4908 3096 4972 τῆς
3129 4900 3267 4970 ὅλης
3291 4900 3628 4975 κραταρχίας

2578 4996 2677 5050 Καὶ
2701 4990 2865 5063 τήνδε
2904 4992 3081 5053 καθὼς
3114 4989 3329 5046 ἰσκόπει
3363 4985 3645 5063 διεξάγων,

2579 5081 2898 5139 Ἀναπολῶν
2934 5081 2997 5150 ἧν
3026 5081 3162 5134 κατὰ
3189 5082 3313 5133 νοῦν
3345 5077 3638 5152 ὁσημέραι,

2400 5185 2544 5239 5025
2582 5182 2680 5236 Καὶ
2711 5183 2901 5253 πρῶτα
2935 5179 3054 5252 μὲν,
3088 5181 3185 5255 φεῦ
3213 5178 3310 5245 τῆς
3343 5175 3708 5248 ἀπανθρώπου
3749 5169 3902 5242 δίκης
3941 5173 3956 5228 l

2580 5269 2763 5345 Μόραν
2791 5269 3171 5342 κατακέκρικεν
3205 5262 3390 5320 ἄδικον
3430 5264 3570 5317 πάνυ

2582 5361 2698 5429 Τῆς
2730 5356 3058 5434 βασιλίσσης
3085 5352 3259 5416 αίτίας
3289 5350 3625 5417 ἀναπλάσας,

2578 5451 2684 5505 Ἠν
2714 5447 3009 5522 ἀπαγαγὼν
3041 5449 3317 5518 πνιγμονῆ
3350 5446 3519 5516 πικρᾷ
3555 5439 3695 5514 βίου,

2587 5544 2698 5606 Σῆς
2728 5536 2963 5611 ἀνοχῆς,
3000 5531 3347 5607 εῧσπλαγχνε
3375 5531 3567 5606 Χριστέ
3601 5551 3705 5601 μου
3741 5528 3916 5604 Λόγεί

2405 5629 2549 5686 5030
2587 5626 2818 5699 Ψάμμῳ
2846 5618 3114 5697 κρυϐῆναι
3141 5619 3307 5690 τῆσδε
3334 5619 3526 5694 νεκρὸν
3557 5617 3762 5690 ἀτίμως

2584 5717 2804 5776 Ἀκταῖς
2833 5709 3045 5768 κελεύει
3073 5717 3171 5781 τῆς
3199 5709 3472 5779 θαλάσσης
3511 5707 3588 5770 ὡς
3616 5705 3780 5782 τύχοι
