4250 6432
194 412 294 467 193

386 531 614 597 Σπουδῆ
647 530 695 586 δ’
724 529 910 586 ’ἔπειτα
940 530 1201 609 φρατρίας
1234 528 1613 605 Ἀνδρονίκου,

385 616 819 695 Συμϐασιλεύειν
854 617 1199 693 Ἀνδρόνικος
1230 619 1534 693 προύκρίθη

384 712 513 782 Νέῳ
547 707 764 785 βασιλεῖ
795 708 886 763 καὶ
917 710 1120 783 κράτος
1149 705 1449 763 συνδέπειν.

196 803 340 857 5035
386 802 483 853 Καὶ
518 792 845 853 καταλαϐὼν
870 798 960 852 τὸν
992 801 1125 851 Θεοῦ
1160 795 1324 869 μέγαν
1354 794 1524 868 δόμον

384 888 484 943 Καὶ
514 887 849 956 ταινιωθεὶς,
880 887 955 947 ὡς
989 884 1107 946 ἔθος
1142 886 1529 961 στεωηφόροις,

384 980 582 1050 Ἀρτον
609 973 803 1044 δεῆσαν
837 974 1086 1049 οὐράνιον
1119 970 1407 1046 λαμϐάνει·

387 1068 489 1123 Καὶ
522 1066 659 1121 κατά
689 1070 928 1142 φρικτῶν
954 1065 1143 1137 ὀμνύει
1181 1063 1494 1138 μυστηρίων

388 1159 458 1211 Ἠ
498 1156 606 1227 μὴν
644 1152 894 1231 ρυλάξειν
923 1154 999 1225 τῷ
1027 1155 1131 1225 νέῳ
1161 1148 1491 1229 στεφηιρόρῳ

201 1246 349 1301 5040
388 1242 578 1297 Ηίστιν
611 1240 901 1317 ἀκραιφνῆ,
934 1240 1026 1293 καὶ
1057 1244 1241 1312 νεμεῖν
1275 1236 1436 1293 τοῦδε
1466 1239 1650 1313 κράτει

386 1332 488 1399 τήν
524 1328 754 1397 δυνατὴν
788 1329 1065 1402 σύναρσιν,
1098 1328 1172 1389 ὡς
1201 1328 1381 1400 πατὴρ
1414 1326 1598 1401 φίλος.

391 1418 545 1475 Ἐπεὶ
578 1415 626 1471 δ’
654 1413 760 1471 ἔσω
784 1416 996 1491 γένοιτο
1024 1420 1133 1470 τῶν
1162 1416 1473 1490 ἀνακτόρων

389 1505 799 1582 ’Λναγορευθεὶς
834 1504 1089 1581 βασιλεὺς
1120 1504 1473 1581 αύτοκρατωρ

389 1597 666 1669 ’Ἐφορκος
701 1591 1044 1667 Ἀνδρόνικος
1080 1592 1319 1665 αἱμύλος
1350 1593 1525 1665 φύσει,

205 1686 352 1740 5045
391 1685 636 1756 Μνήμην
668 1678 845 1759 φέρων
879 1681 1105 1737 ἔναυλον
1130 1684 1331 1755 ὁρκίων
1360 1680 1464 1753 ἔτι,

391 1773 484 1833 Ὧς
514 1773 615 1844 θὴρ
647 1771 864 1847 ἐφορμᾷ
891 1776 971 1843 τῷ
1000 1773 1103 1843 νέῳ
1136 1772 1486 1848 πεφηφόρφν

393 1861 502 1915 Καὶ
532 1856 679 1913 τόνδ’
710 1858 1052 1928 ἐθοινήσατο,
1082 1863 1178 1935 φεῦ
1211 1859 1432 1935 οἰκτροῦ
1463 1858 1667 1923 πάθους
1706 1861 1719 1916 Ῑ

395 1948 573 2020 Τόξου
602 1949 707 2023 γάρ
736 1947 896 2002 αὐτὸν
926 1951 1197 2022 πνιγμονῆ
1218 1952 1410 2020 νευρᾶς
1438 1946 1652 2022 νύκτωρ

396 2036 529 2094 Βίου
561 2037 825 2110 παρόντος
856 2033 1138 2111 δυστυχῶς
1169 2036 1445 2111 ὑπεζάγεὶ,

214 2129 359 2183 5050
399 2127 866 2181 Ἐπεισπεσόντων
895 2122 1036 2191 τῷδέ
1062 2146 1222 2180 τινων
1255 2122 1478 2189 ἀδίκως.

396 2216 497 2271 Καὶ
536 2216 694 2287 σῶμα
729 2216 824 2286 μὶν
856 2211 1043 2269 δίδωσι
1079 2212 1352 2285 θαλάττης
1386 2217 1560 2290 βάθει,

396 2304 512 2372 Τὴν
547 2300 593 2357 δ’
628 2301 689 2357 αὖ
720 2302 961 2381 κεφαλήν
998 2304 1253 2377 σώματος
1283 2306 1634 2377 τετμημένην

400 2394 489 2449 Ἐν
523 2388 858 2468 παραϐύστῳ
888 2394 1264 2462 καταποντίζει
1298 2396 1414 2467 (62)
1443 2391 1619 2466 τόπῳ.

397 2482 589 2544 Ούτως
624 2482 879 2552 Ἀλεξίου
911 2480 967 2536 δέ
995 2481 1252 2544 λιπόντος
1290 2482 1405 2557 βίον

220 2574 365 2627 5055
404 2567 751 2646 Ἀνδρόνικος
797 2572 1077 2646 μόναρχος
1108 2568 1265 2649 ὤφθη
1297 2576 1397 2626 τοῦ
1429 2572 1678 2645 κράτους,

405 2658 609 2721 Πολιὸς
642 2660 798 2733 ἀνὴρ,
832 2661 1076 2737 ἀποφράς
1107 2666 1285 2715 κακῶν
1318 2660 1534 2736 ῥεκτης,

403 2746 643 2820 Ἀνδρῶν
680 2748 884 2824 ἐριννὺς
911 2750 1000 2804 καὶ
1032 2748 1363 2827 φιλαίματος
1394 2751 1562 2823 κύων,

403 2839 626 2912 Δράκων
662 2836 940 2915 δαφοινὸς,
971 2839 1230 2915 σκορπίος
1265 2840 1643 2914 βροτοκτόνυς,

404 2926 579 2981 Κακόν
612 2949 662 2982 τι
693 2928 1004 3003 τερμέριον,
1034 2924 1170 2998 ᾅδης
1200 2928 1515 3004 παμφάγος,

221 3018 366 3071 5060
409 3016 547 3088 Στὺξ
582 3022 878 3092 συμφορῶν
908 3016 1152 3091 γέμουσα
1182 3015 1453 3093 δακρύων,
1491 3020 1657 3094 γόων,

406 3105 602 3177 Φέναξ,
635 3100 891 3177 σοϐαρος,
919 3106 1209 3181 ἀγέρωχος
1238 3106 1328 3161 τὸν
1361 3105 1583 3181 τρόπον,

403 3194 706 3264 Ἀπατεὼν,
737 3195 879 3267 θὼψ,
909 3193 1185 3267 ποικίλος,
1218 3192 1568 3270 χαμαιλέων,

400 3283 523 3338 Τῶν
558 3288 677 3347 καθ’
708 3283 896 3337 ἒαυτὸν
937 3280 1307 3359 ὀργιλώτατος
1336 3285 1534 3359 γέρων,

405 3371 513 3426 Καὶ
551 3372 850 3449 μισοιραὴς,
886 3370 1159 3445 δυσμενὴς
1195 3373 1485 3445 ὑπηκόοις,

223 3463 369 3516 5065
408 3464 623 3533 Δήμιοθ
655 3459 865 3537 ἀνδρῶν
900 3460 1125 3536 εὐγενῶν
1159 3461 1445 3537 ἀριστέων,

412 3550 518 3604 Καὶ
557 3548 837 3623 βασιλείου
867 3555 963 3605 τοῦ
989 3552 1183 3626 γένους
1213 3550 1501 3625 ἀναιρέτης

409 3640 506 3701 Ὃς
538 3634 874 3713 παραλαϐὼν
906 3642 1004 3708 τὴν
1047 3639 1190 3695 ὅλων
1224 3640 1550 3716 αύταρχίαν,

408 3732 639 3800 Μνηστῇ
674 3730 917 3807 συνήιρθη
952 3729 1088 3803 πρὸς
1116 3728 1325 3803 γάμους
1349 3730 1597 3799 Ἀλεξίου

419 3818 551 3871 Δίαν
584 3817 833 3890 ἀθέσμως
865 3816 1199 3893 φιλόπορνος
1225 3823 1299 3872 ῶν
1333 3821 1522 3894 γέρων.

224 3908 375 3963 5070
417 3905 741 3980 Ἐκλιπαρεῖ
772 3904 829 3961 δὲ
859 3909 1203 3983 πατριάρχῃν
1234 3908 1499 3979 ποιμένας

411 3998 525 4052 Τοῦ
554 3994 694 4071 πρῦς
726 3995 992 4065 Μανουήλ
1027 3997 1213 4070 ὁρκίου
1246 3992 1436 4051 λαϐεῖν
1469 3997 1642 4052 λύσιν·

409 4083 476 4140 Οἱ
510 4080 555 4138 δ’
586 4084 663 4145 ὡς
692 4084 759 4139 τὰ
787 4085 957 4139 πάντα
994 4086 1130 4160 πρὸς
1162 4087 1325 4161 χάριν
1359 4087 1444 4141 καὶ
1482 4084 1666 4164 φιλίαν

410 4177 634 4246 Δεσμεῖν
663 4193 721 4227 τε
753 4171 901 4227 λύειν
931 4174 1066 4250 πρὸς
1097 4179 1232 4229 Θεοῦ
1274 4172 1610 4249 δεδεγμένοι,

406 4260 745 4334 Ἀμνηστίαν
779 4259 996 4334 ἔνειμαν
1026 4262 1424 4336 ἠνομημένων,

220 4353 369 4407 5075
410 4352 507 4405 Καὶ
541 4349 697 4404 λύσιν
728 4351 902 4425 ὅρκων
939 4349 1219 4407 δυσλύτων
1250 4358 1331 4424 τῷ
1360 4352 1648 4427 πεμπέλῳ”

409 4439 517 4495 Καὶ
544 4439 749 4513 φαῦλον
784 4438 948 4515 ἔσχον
982 4440 1321 4515 ἀντιμισθίαν
1354 4443 1537 4518 γέρας,

410 4533 561 4606 Σφᾶς
596 4526 949 4602 συνεδρεύειν,
983 4528 1028 4583 εί
1058 4529 1245 4606 τύχοι,
1278 4530 1596 4604 καθημένῳ.

411 4616 625 4675 Τούτου
656 4620 1112 4691 τυραννήσαντος,
1144 4620 1218 4683 ὡς
1247 4618 1345 4698 ἔφη
1383 4618 1568 4696 λόγος,

409 4708 808 4761 Ἀποστατοῦσι
840 4712 939 4761 τοῦ
970 4709 1202 4783 κράτους
1230 4713 1338 4763 τῶν
1372 4708 1647 4783 Αὐσόνων,

224 4798 374 4853 5080
414 4794 598 4853 Εἷὸιειν
628 4794 876 4869 τυράννῳ
909 4798 985 4870 μὴ
1019 4795 1274 4861 θέλουσαι
1307 4799 1441 4875 πρὸς
1469 4797 1613 4875 βίαν,

414 4886 633 4959 Προῦσά
662 4905 718 4939 τε
747 4885 838 4939 καὶ
870 4884 1063 4939 Νίκαια
1098 4887 1338 4942 Βιθυνῶν
1371 4885 1580 4950 πόλεις.

413 4975 679 5049 Στρατιάν
715 4974 906 5029 οὐκοῦν
934 4972 1286 5050 Ἀνδρόνικος
1317 4975 1566 5050 ὁπλίσας,

416 5063 560 5120 sset
589 5064 819 5127 Νικαίας
848 5060 983 5119 ἵεται
1016 5065 1195 5138 θυμοῦ
1225 5064 1420 5139 πνέων,

419 5154 517 5209 Καὶ
550 5150 705 5223 τήνδ’
731 5151 875 5208 ἑλεῖν
906 5150 1129 5209 ἔσπευδε
1157 5154 1540 5231 τειχομαχίαις

225 5244 375 5299 5085
414 5242 517 5297 Καὶ
551 5246 830 5316 μηχαναῖς
858 5262 918 5317 γε
946 5241 1036 5297 καὶ
1073 5242 1277 5318 μάχαις
1308 5242 1704 5320 πολυτρόποις.

415 5328 592 5389 Ούδὶν
623 5329 795 5386 πλέον
832 5328 877 5384 δ’
908 5328 1068 5400 ἤνυεν
1099 5332 1254 5397 ἱστὰς
1280 5335 1379 5402 τήν
1416 5335 1629 5410 μάχην,

414 5418 575 5478 Ἀλλ’
604 5420 671 5488 ἦν
702 5419 891 5488 ἀσινὴς
919 5420 1200 5484 ἀτίνακτος
1228 5425 1263 5492 ἡ
1292 5422 1477 5495 πόλις,

413 5514 553 5572 Ταῖς
590 5514 866 5584 μηχαναῖς
892 5530 951 5564 τε
979 5511 1069 5564 καὶ
1097 5506 1277 5567 ϐελῶν
1305 5518 1425 5576 ταῖς
1449 5512 1689 5591 νιφάσιν.

271 5730 386 5803 (62)
416 5725 559 5798 Cod,
588 5730 987 5796 κατακοντιζιι.

1895 1906 1943 1971 Β

1725 410 2083 466 CESARBB.

1886 545 1933 609 Β
1964 541 2091 591 Mox
2123 540 2439 609 conjuratae
2474 558 2595 596 suae
2626 540 2894 596 factionis
2929 541 3124 595 studio

1966 627 2161 681 socius
2196 628 2425 699 imperii
2462 630 2837 684 Andronicus
2868 630 3110 697 dicitur,

1967 716 2266 785 utjuvene
2297 734 2429 771 cum
2465 735 2596 789 rege
2629 735 2749 772 rem
2786 734 3080 772 summam
3115 721 3359 789 gereret.

1965 800 2149 872 Igitur
2179 806 2559 875 progrediens
2592 806 2647 859 in
2682 806 2965 875 templum
3007 804 3353 870 maximum,

1966 906 2124 946 more
2152 892 2420 960 solemni,
2457 894 2790 948 redimittur
2810 898 3143 962 stemmate,

1966 984 2139 1050 atque
2164 982 2381 1036 ccelesti
2418 983 2524 1037 rite
2557 1000 2705 1053 pane
2737 983 2993 1037 vescitur

1965 1068 2165 1139 ibique
2200 1070 2589 1125 formidandis
2623 1073 2680 1125 in
2714 1071 3011 1141 mysteriis

1962 1156 2125 1226 jurat
2156 1174 2217 1212 se
2253 1160 2427 1213 fidem
2462 1160 2819 1215 adolescenti
2853 1160 2969 1228 regi

1970 1244 2275 1301 immotam
2311 1254 2705 1313 servaturum,
2740 1248 2989 1319 ejusque
3021 1247 3267 1318 imperio

1972 1349 2073 1403 pro
2104 1334 2325 1389 viribus
2359 1335 2657 1390 fauturum
2691 1341 2753 1389 ut
2784 1341 3012 1407 patrem
3046 1337 3231 1391 decet.

1970 1420 2186 1476 Deinde
2218 1423 2445 1494 regium
2478 1424 2791 1495 ingressus
2823 1424 3109 1495 palatium

1972 1510 2447 1582 acclamatusque
2478 1528 2575 1566 rex
2603 1518 2660 1567 et
2688 1512 3007 1583 imperator

1972 1599 2213 1671 perfidis
2244 1602 2615 1656 Andronicus
2649 1600 2954 1655 blanditiis
2985 1617 3150 1665 usus,

1974 1694 2262 1744 recentem
2295 1690 2647 1745 sacramenti
2681 1690 3026 1745 memoriam
3060 1705 3292 1761 gerens,

1972 1776 2129 1833 illico
2163 1794 2356 1850 regem
2381 1779 2658 1849 juvenem
2689 1779 3047 1850 aggreditur,

1972 1882 2226 1938 eumque
2254 1873 2489 1935 mactat,
2524 1868 2665 1938 proh
2699 1868 2946 1939 lugubre
2976 1868 3202 1922 facinus
3229 1868 3240 1921 l

1979 1955 2205 2011 Etenim
2238 1973 2408 2011 arcus
2442 1971 2615 2011 nervo
2648 1961 2821 2011 noctu
2856 1954 3210 2026 strangulat,

1978 2044 2181 2115 sicque
2215 2044 2506 2100 infelicem
2539 2046 2667 2099 vita
2704 2044 3172 2117 imponitﬁnem,

1982 2150 2123 2188 usus
2156 2134 2226 2188 ad
2261 2134 2317 2188 id
2351 2134 2742 2203 quorumdam
2779 2134 2982 2204 iniquo
3014 2133 3225 2187 ofﬁcio.

1981 2222 2049 2276 Et
2082 2239 2296 2293 corpus
2324 2222 2561 2293 quidem
2596 2223 2807 2293 mergit
2838 2222 3128 2293 profundo
3161 2222 3333 2291 mari,

1980 2311 2251 2366 avulsum
2286 2317 2479 2367 autem
2512 2312 2831 2367 cervicibus
2859 2316 3036 2383 caput

1982 2405 2205 2456 secreto
2238 2400 2362 2455 loco
2395 2401 2799 2472 sepeliendum
2832 2406 3038 2473 curat.‘

1985 2490 2080 2543 Sic
2112 2507 2248 2562 ergo
2280 2490 2477 2545 Alexio
2510 2492 2815 2545 deserente
2847 2491 3048 2555 vitam,

1985 2580 2149 2634 solus
2182 2579 2494 2651 imperium
2528 2579 2719 2635 tenuit
2738 2579 3125 2647 Andronicus,

1982 2668 2069 2722 vir
2099 2684 2302 2739 canus,
2335 2669 2719 2724 detestandus
2749 2673 2807 2722 et
2830 2667 3153 2732 maleficus,

1984 2758 2197 2811 civium
2234 2757 2503 2829 Erinnys,
2536 2757 2791 2827 caedique
2824 2755 3109 2811 anhelans
3139 2755 3321 2818 canis,

1983 2847 2157 2901 draco
2190 2851 2489 2912 cruentus,
2524 2846 2909 2917 scorpiusque
2939 2844 3195 2910 lethifer,

1984 2935 2343 2991 horrendum
2377 2939 2729 3001 monstrum,
2754 2951 2925 2990 orcus
2958 2934 3335 3000 insatiabilis,

1983 3029 2119 3095 Styx
2154 3024 2325 3096 plena
2358 3024 2632 3095 miseriis,
2666 3024 3011 3096 gemitibus,
3042 3023 3341 3094 lacrymis,

1984 3112 2248 3181 dolosus,
2283 3114 2553 3179 tetricus,
2588 3113 2853 3169 moribus
2884 3112 3178 3185 superbis,

1982 3202 2274 3275 deceptor,
2307 3207 2661 3271 assentator,
2692 3201 3035 3273 versipellis,
3069 3202 3290 3269 varius,

1902 3276 1946 3343 C
1985 3307 2162 3347 senex
2193 3308 2433 3347 suorum
2466 3296 2799 3363 temporum
2835 3290 3288 3357 furiosissimus,

1987 3371 2307 3443 lucifugus,
2340 3376 2398 3427 et
2427 3370 2485 3426 in
2518 3372 2790 3427 subditos
2822 3371 2907 3426 ira
2940 3370 3168 3442 plenus,

1988 3465 2257 3516 natorum
2289 3460 2416 3516 loco
2447 3460 2629 3516 nobili
2662 3462 2919 3515 virorum
2958 3460 3238 3526 carnifex,

1989 3549 2243 3622 denique
2276 3550 2445 3622 regia:
2478 3551 2799 3606 exstinctor
2829 3550 3135 3622 prosapiae.

1990 3638 2098 3705 Qui
2133 3656 2367 3694 summo
2397 3656 2591 3695 rerum
2627 3644 2908 3711 occupato
2941 3637 3187 3710 imperio

1988 3728 2170 3784 Alexii
2203 3746 2483 3801 sponsam
2515 3728 2625 3784 sibi
2656 3729 2881 3801 nuptiis
2906 3729 3126 3799 junxit,

1992 3819 2210 3875 scelere
2242 3818 2554 3875 manifesto
2587 3823 2873 3874 scortator
2904 3833 3098 3873 senex.

1990 3908 2142 3972 Quin
2176 3908 2534 3963 sacramenti
2568 3907 2817 3963 Manueli
2852 3907 3097 3979 praestiti

1992 4013 2025 4052 ι
2057 3996 2389 4069 patriarcha
2423 3996 2587 4069 petiit
2616 4002 2789 4067 atque
2822 3995 3113 4069 episcOpis

1955 4089 1961 4094 ’
1992 4084 2420 4140 absolutionem
2459 4101 2470 4138 :
2507 4084 2605 4155 qui
2640 4084 2955 4139 servientes
2986 4081 3184 4155 gratim

1994 4190 2096 4245 pro
2129 4190 2236 4229 suo
2269 4172 2490 4245 ligandi
2522 4171 2901 4244 solvendique
2932 4172 3174 4227 arbitrio

1994 4263 2279 4318 divinitus
2310 4278 2608 4331 concesso,
2643 4263 2930 4319 dederunt
2960 4261 3212 4329 veniam,

1996 4358 2117 4408 tam
2149 4352 2313 4424 gravi
2345 4360 2716 4409 sacramento
2746 4350 3038 4407 solventes
3069 4366 3267 4406 senem
3302 4367 3315 4405 :

2002 4442 2431 4514 ridiculumque
2465 4441 2793 4497 retulerunt
2822 4440 3151 4513 premium,

1995 4547 2204 4601 nempe
2237 4537 2300 4586 ut
2331 4548 2463 4587 cum
2499 4531 2628 4602 ipso
2655 4531 2950 4586 interdum
2984 4530 3377 4585 considerent.

1996 4618 2113 4676 Hoc
2142 4625 2465 4686 exercente,
2498 4625 2562 4675 ut
2593 4619 2872 4687 diximus,
2901 4618 3294 4692 tyrannidem,

1996 4724 2030 4763 a
2059 4712 2457 4764 Romanorum
2490 4709 2750 4765 defecere
2780 4707 3051 4779 imperio,

1996 4802 2297 4869 propterea
2330 4798 2483 4869 quod
2518 4802 2766 4870 tyranno
2802 4813 3004 4868 parere
3039 4796 3281 4862 nollent,

1996 4886 2172 4943 urbes
2206 4886 2487 4959 Bythiniaa
2522 4886 2705 4943 Prusa
2733 4892 2789 4941 et
2816 4886 3028 4942 Nicaea.

1995 4975 2183 5047 Igitur
2214 4975 2583 5031 Andronicus
2615 4976 2905 5031 instructo
2937 4974 3190 5030 exercitu

1996 5065 2197 5121 statim
2229 5065 2477 5121 Nicaeam
2513 5066 2697 5137 pergit
2727 5066 2871 5121 iram
2905 5065 3161 5135 spirans,

1999 5171 2178 5227 quam
2220 5156 2517 5211 nitebatur
2547 5172 2749 5227 capere
2782 5155 2992 5210 mcenia
3025 5153 3324 5225 quatiens,

1998 5248 2057 5298 et
2089 5242 2380 5299 machinis
2412 5248 2468 5297 et
2502 5245 2657 5298 vario
2690 5259 2897 5315 pugna:
2930 5258 3160 5314 genere.

1996 5332 2111 5388 Nec
2141 5336 2341 5388 tamen
2374 5332 2520 5389 bene
2551 5334 2741 5389 evenit
2772 5332 3132 5405 Oppugnatio

1998 5422 2101 5479 sed
2134 5421 2307 5479 firma
2336 5422 2477 5478 urbs
2508 5423 2809 5495 perstabat
2838 5430 3010 5495 atque
3041 5418 3356 5476 incolumis

2000 5510 2307 5568 machinas
2337 5516 2541 5567 contra
2571 5510 2941 5583 telorumque
2973 5509 3228 5566 nimbos.

3498 416 3600 469 194
