4250 6432
169 397 266 452 197

347 515 704 589 Καλούμενος
735 514 1002 593 Στέφανος
1030 515 1165 586 έξέτι
1195 515 1336 583 νέου,

352 611 465 674 Τῆς
497 600 702 679 ὕϐρεως
734 605 992 678 στέφανος
1023 603 1290 679 αἰσχύνης
1323 604 1455 677 ἅμα,

162 698 314 753 5150
358 694 681 766 Ἐπώνυμον
718 690 763 748 δ’
794 693 1374 770 ἀγιοχριστοφορίτης,

345 786 419 841 ’Ἡ
457 781 668 856 μᾶλλον
702 782 874 839 εἰπεῖν
904 782 1480 861 ἀντιχριστοφορίτης.

351 872 540 944 Τούτῳ
575 870 829 945 βασιλεὺς
860 871 1072 947 ὀργάνῳ
1100 873 1446 946 κεχρημένος

359 961 659 1023 Πλείστους
689 960 900 1035 ἀνῄρει,
931 957 1238 1031 κατέλευεν,
1275 959 1474 1034 ἠδίκει·

364 1052 442 1106 Δι’
475 1051 535 1105 οὗ
569 1071 631 1126 γε
659 1049 974 1105 κατέλευσεν
1004 1048 1177 1122 ἀδίκῳ
1209 1051 1404 1125 κρίσει,

162 1153 305 1208 5155
349 1151 450 1207 Καὶ
488 1148 691 1204 Δούκαν
725 1146 1074 1222 Ἀνδρόνικον
1107 1150 1198 1204 σὺν
1235 1147 1618 1225 Μακροδούκᾳ,

349 1236 587 1314 ’Ἄνδρας
615 1238 887 1311 ἀρίστους,
923 1239 1155 1313 εὐγενεῖς
1189 1237 1571 1314 στρατηγίης

343 1332 560 1403 Τειχῶν
593 1329 699 1404 γὰρ
733 1327 884 1389 ἐκτὸς
915 1327 970 1382 la
1007 1326 1308 1403 βασιλείοις
1342 1326 1537 1401 δόμοις

355 1421 620 1480 Ἀνακτος
650 1413 804 1481 ὄντος
834 1418 1092 1492 Μαγκάνῃ
1118 1416 1505 1490 κεκλημένοις,

357 1509 571 1583 Ὁρμῆς
644 1506 1032 1581 τενπλείστης
1109 1505 1418 1582 συνδρομῆς
1496 1509 1698 1570 παντὸς
1749 1507 1836 1582 γέ-

1621 1599 1766 1670 [νους

175 1689 319 1744 5160
362 1686 574 1743 Ἐκεῖσε
599 1688 980 1760 προστάγματι
1015 1685 1500 1762 συνηθροισμένου,

366 1774 642 1849 Ἐξάγεται
675 1771 741 1842 δὴ
773 1779 881 1829 τῶν
913 1774 1026 1830 ἆκεῖ
1054 1795 1158 1830 που
1193 1773 1459 1848 δωμάτων

360 1861 603 1938 Ἀνδρῶν
637 1862 898 1938 λεχθεῖσα
929 1863 1056 1928 δυὰς
1085 1865 1161 1929 ὡς
1190 1867 1519 1939 Θανουμένη,

361 1953 462 2010 Καὶ
494 1953 641 2028 παρά
670 1954 884 2009 πάντων
921 1954 1350 2019 λιθολευστεῖται
1382 1957 1576 2030 τάχος,

358 2044 623 2121 Στεφάνον
647 2043 1018 2119 κατάρχοντος
1049 2044 1258 2118 ἀνόμου
1290 2045 1478 2117 φόνου,

176 2144 322 2199 5165
362 2141 466 2198 Καὶ
503 2141 668 2196 πάντα
698 2141 1062 2219 θαρῥύνοντος
1095 2142 1169 2206 sic
1203 2145 1551 2220 φονουργίαν.

361 2232 494 2288 Εἶτα
523 2232 741 2307 νεκροὺς
772 2237 940 2308 σφῶν,
975 2231 1018 2287 ὤ
1048 2234 1434 2310 μισανθρώπου
1465 2234 1670 2310 τρόπου

364 2320 574 2382 Ξύλοις
603 2320 933 2397 ἀπδώρησαν
968 2323 1155 2386 ἄστεος
1188 2325 1375 2401 πέραν,

362 2409 602 2466 Τοιοῖσδ⁴
631 2412 977 2486 ένησμένιζεν
1012 2413 1196 2490 ἔργοις
1229 2415 1452 2477 ἀτόποις

367 2507 585 2564 Ποιναῖς
620 2502 1026 2577 ἀπανθρώποις,
1055 2505 1309 2579 πράξεσιν
1340 2504 1607 2580 ὁσημέραι

182 2592 326 2646 5170
365 2589 469 2646 Καὶ
501 2592 822 2664 θανασίμοις
848 2613 905 2648 τε
933 2592 1021 2647 καὶ
1055 2595 1374 2669 στυγητέαις

363 2681 681 2755 Φονουργὸς
703 2679 1066 2754 Ἀνδρόνικος,
1098 2684 1133 2752 ἠ
1167 2681 1348 2760 φαύλη
1382 2683 1538 2760 φύσις

365 2769 577 2826 Τούτου
606 2774 934 2845 κρατοῦντος
965 2769 1335 2845 Θεσσαλονίκη
1367 2774 1556 2846 πόλις,

364 2857 535 2921 Πόλις
562 2861 909 2936 περιώνυμος
932 2861 1124 2938 ἀρίστη
1152 2861 1314 2927 κλέος

365 2946 646 3024 Πρόεδρος
677 2951 808 3005 οὖσα
840 2951 1179 3009 Θετταλικῶν
1215 2954 1414 3010 ἀστέων

187 3041 332 3096 5175
370 3042 481 3093 Φεῦ
512 3043 607 3116 φεῦ
638 3040 650 3095 ί
681 3038 829 3095 ἑάλω
860 3042 1160 3098 Σικελικῶν
1181 3043 1484 3120 ὁμαιχμίᾳ,

367 3129 470 3186 Καὶ
509 3124 827 3205 βαρϐαρικῷ
855 3130 1240 3204 κατεδουλώθη
1273 3136 1477 3212 κράτει·

375 3216 619 3289 Ἀλέξιος
649 3221 752 3295 γὰρ
779 3220 838 3275 ἐκ
868 3225 1175 3296 Κομνηνῶν
1204 3245 1287 3287 τις
1315 3225 1507 3300 γένους

371 3309 641 3372 Κάκιστὸς
666 3309 804 3387 ἀνὴρ
834 3312 923 3366 καὶ
955 3312 1184 3391 φθψεὺς
1216 3313 1524 3389 Ῥωμαΐδος

365 3402 484 3472 Παρ
517 3396 869 3475 Ἀνδρονίκου
896 3400 1247 3479 φυγαδευθεὶς
1281 3404 1357 3470 εἰς
1388 3404 1624 3481 Σκύθας,

185 3495 326 3550 5180
365 3497 549 3571 Φυγάς
578 3495 793 3573 ἀπαίρει
825 3498 962 3574 πρὸς
997 3500 1246 3557 Σικελίαν
1279 3503 1518 3580 τρέχων,

367 3583 472 3642 Καὶ
502 3589 581 3658 τῷ
607 3587 988 3664 τυραννεύοντι
1016 3588 1182 3661 τῆσδε
1203 3593 1336 3648 Λατί
1354 3615 1420 3666 ιῳ

369 3675 466 3739 Εἰς
494 3671 616 3750 ὄψιν
651 3676 827 3743 ἐλθὼν
860 3679 934 3742 είς
967 3679 1195 3754 ὁμιλίαν
1228 3681 1410 3760 λόγων

366 3765 457 3822 Ὠς
488 3766 631 3842 εἶχεν
666 3767 893 3843 ἐξέμηνε
919 3772 1037 3826 κατ’
1069 3769 1442 3849 Ἀνδρονίκουο

365 3856 521 3912 Ὅθεν
557 3857 809 3932 στρατιὰν
840 3858 1158 3934 εὐτρεπίσας
1191 3861 1383 3937 μυρίαν

184 3945 330 4001 5185
366 3945 546 4017 Πεζήν
577 3967 634 4002 τε
663 3951 924 4021 ναυτικήν
953 3971 1010 4005 τε
1042 3950 1140 4029 ρἠ
1173 3952 1425 4016 Σικελίας

372 4035 492 4092 Ἐπὶ
523 4035 716 4100 πόλεις
748 4037 1004 4118 πέπομφε
1035 4040 1222 4117 χώρας
1252 4044 1300 4097 τ’
1329 4040 1610 4099 Αὐσόνωνο

369 4126 496 4182 Ἑπί
528 4126 622 4198 μὶν
654 4125 986 4202 Ἐπίδαμνον
1020 4131 1244 4207 στρατὸν
1278 4131 1513 4208 ἱππέων,

371 4214 480 4271 Τὸν
511 4217 763 4272 ναυτικὸν
792 4214 848 4273 δὲ
878 4218 1013 4274 κατά
1042 4219 1456 4294 Θεσσαλονίκης.

371 4305 474 4361 Καὶ
505 4305 604 4374 τὴν
642 4308 739 4380 μὲν
771 4306 1126 4383 Ἐπίδαμνον,
1158 4311 1231 4374 ὡς
1260 4309 1431 4386 νόμος
1464 4313 1674 4388 μάχης,

190 4403 333 4459 5190
372 4405 614 4480 Στρατὸς
646 4409 902 4484 κατέσχε,
933 4410 1023 4466 καὶ
1055 4408 1148 4465 σὺν
1180 4410 1318 4486 αύτῇ
1349 4412 1416 4466 τὰ
1444 4412 1618 4488 πέριξο

371 4495 476 4550 Καὶ
508 4491 829 4570 διαδραμὼν
861 4498 950 4553 καὶ
983 4499 1283 4564 σκυλεύσας
1311 4501 1404 4558 τάν
1437 4502 1608 4576 μέσῳ,

365 4587 499 4646 Ταῖς
534 4591 816 4650 ναυτικαῖς
853 4586 1086 4662 μέμικτο
1117 4592 1489 4668 ταξιαρχίαις,

359 4671 766 4746 Θεσσαλονίκης
796 4677 1232 4753 προσμενούσαις
1261 4686 1381 4744 τοῖς
1413 4682 1581 4757 ὅροις·

366 4766 471 4820 Καὶ
505 4761 923 4840 συνδραμούσης
953 4774 1204 4848 στρατιᾶς
1249 4769 1500 4847 ἑκατέρας

190 4854 328 4909 5195
367 4855 503 4918 Καθ’
535 4853 661 4927 ἅλα,
692 4860 811 4912 κατ’
839 4856 1067 4936 ἤπειρον
1101 4857 1178 4924 είς
1206 4859 1539 4938 ὁμκιχμίαν,

364 4943 469 5001 Καὶ
503 4939 930 5023 προσϐαλούσης
957 4951 1026 5024 τῇ
1057 4947 1219 5006 πόλει
1249 4950 1618 5029 πανταχόθεν,

365 5039 478 5090 qna
511 5038 650 5114 φεῦ]
683 5036 828 5093 ἑάλω
860 5038 1230 5115 Θεσσαλονίκη
1262 5038 1452 5114 πόλις,

367 5123 544 5188 Πόλις
575 5123 979 5201 προεδρεύουσα
1008 5132 1116 5186 τῶν
1137 5128 1493 5205 Μακεδόνων,

368 5217 472 5273 Καὶ
507 5215 763 5282 Σικελοῖς
789 5215 971 5278 ἔκλινε
999 5222 1138 5296 πρὸς
1172 5222 1293 5299 βίαν
1323 5223 1513 5302 κάρανο

195 5305 329 5365 5200
369 5307 474 5364 Καὶ
509 5306 706 5365 λοιπὸν
740 5308 858 5375 οῗάς
885 5316 993 5370 τῶν
1027 5318 1209 5370 κακῶν
1242 5312 1481 5387 ἷλιάδας,

369 5400 472 5456 Καὶ
509 5405 804 5477 συμφορῶν
834 5398 1077 5479 πέλαγος
1105 5405 1140 5475 ἧ
1171 5402 1474 5483 τραγῳδίας

371 5485 669 5563 Πέπονθεν,
704 5488 838 5546 εἶδεν
874 5489 1083 5556 ἀθλίως
1116 5492 1251 5567 αὕτη
1283 5494 1470 5570 πόλις,

363 5579 484 5638 Ούκ
517 5577 978 5656 έκτραγῳδήσειεν
1015 5581 1073 5639 ἂν
1105 5605 1189 5648 τις
1222 5583 1401 5656 ἀξίως.

366 5671 492 5727 Τῶν
531 5668 776 5727 Σικελῶν
804 5671 904 5747 γάρ
938 5670 1262 5750 εἶσρυέντων
1297 5674 1372 5738 εἷς
1403 5673 1593 5747 πόλιν,

189 5756 327 5816 5205
368 5753 617 5832 Ἠϐηδὸν
649 5757 978 5836 ἔσφαττοντο
1009 5784 1206 5829 παντες
1233 5763 1312 5839 τῷ
1341 5761 1499 5841 ξίφει·

1697 396 2056 452 οδεηεε.

1851 521 1908 588 Α
1938 519 2316 590 Stephanum,
2353 523 2406 577 id
2441 530 2525 578 est
2555 523 2860 591 Coronam,
2896 542 2928 579 a
2959 543 3136 598 puero
3168 528 3413 601 dictum,

1935 623 2207 664 coronam
2241 627 2451 682 nempe
2481 612 2730 667 infamia
2763 619 2819 668 et
2848 617 3214 672 contumeliae
3241 636 3254 685 ;

1936 697 2211 768 martyris
2242 700 2482 769 quidem
2519 716 2730 756 nomen
2765 718 2880 772 prae
2911 719 2974 759 se
3007 705 3308 774 ferentem,

1935 786 2035 840 sed
2071 787 2414 844 Antichristi
2450 806 2626 862 opera
2657 795 3006 862 patrantem.

1936 873 2052 929 Hoc
2085 876 2453 933 Andronicus
2486 878 2878 936 instrumento
2911 887 3080 938 utens

1937 962 2225 1034 plurimos
2257 965 2424 1032 laesit,
2460 969 2759 1037 mactavit,
2793 969 3090 1039 lapidavit.

1939 1059 2044 1114 Per
2075 1059 2227 1115 hunc
2257 1061 2476 1132 injuste
2509 1063 2785 1134 lapidavit
2812 1065 2984 1121 etiam

1939 1150 2332 1204 Andronicum
2365 1151 2582 1206 Ducam
2616 1169 2748 1208 cum
2782 1155 3146 1227 Macroduca,

1939 1238 2096 1291 viros
2123 1238 2387 1309 egregios
2419 1240 2761 1311 nobilesque
2792 1242 2990 1298 duces.

1940 1326 2086 1381 Nam
2115 1343 2246 1382 cum
2283 1327 2339 1382 in
2377 1329 2537 1400 regia
2569 1337 2730 1384 extra
2763 1348 2964 1387 muros
2995 1333 3169 1389 domo

1941 1415 2228 1488 Mangane
2257 1418 2410 1474 dicta
2451 1419 2770 1491 imperator
2797 1423 3055 1493 degeret,

1943 1510 2118 1576 atque
2149 1506 2289 1561 illuc
2319 1508 2571 1578 plurima
2602 1510 2790 1582 plebis
2823 1511 3064 1567 inﬁnitae

1944 1686 2132 1758 ipsius
2156 1689 2330 1757 jussu
2364 1689 2535 1745 turba
2567 1695 2766 1747 coacta
2797 1699 2971 1763 esset,

1947 1777 2213 1847 producti
2245 1783 2384 1833 sunt
2414 1778 2712 1850 publicum
2744 1797 2812 1836 ex
2843 1782 2914 1838 iis
2945 1783 3218 1842 domibus

1870 1891 1918 1956 Β
1951 1867 2065 1921 duo
2099 1867 2356 1938 praedicti
2386 1868 2492 1923 viri
2527 1869 2596 1924 ad
2631 1870 3008 1942 supplicium,

1950 1973 2168 2028 perque
2199 1959 2463 2012 omnium
2497 1975 2708 2017 manus
2737 1966 2876 2017 sunt
2898 1961 3162 2034 lapidati,

1949 2045 2123 2100 caedis
2155 2047 2398 2102 faciente
2430 2047 2665 2105 initium
2698 2050 2914 2122 iniquae
2946 2053 3259 2126 Stephano,

1949 2138 2124 2204 atque
2157 2136 2226 2190 ad
2261 2141 2569 2192 cruentum
2604 2138 2830 2196 facinus
2858 2140 3220 2199 exhortante.

1951 2224 2169 2281 Deinde
2202 2227 2541 2294 exstinctos,
2575 2246 2607 2284 ο
2639 2229 2872 2286 crudele
2903 2232 3163 2288 facinus!

1948 2314 2126 2388 lignis
2157 2319 2588 2388 suspenderunt
2618 2336 2647 2375 e
2679 2320 2910 2392 regione
2942 2323 3126 2380 urbis.

1952 2413 2050 2467 His
2085 2429 2144 2468 se
2177 2415 2505 2470 oblectabat
2539 2416 2900 2472 immanibus
2933 2420 3235 2489 operibus,

1951 2503 2258 2574 suppliciis
2304 2503 2645 2561 inhumanis
2673 2514 2726 2561 et
2756 2509 3134 2563 exsecrandis

1950 2596 2006 2647 et
2035 2591 2295 2648 exitiosis
2328 2593 2555 2650 actibus
2587 2595 2852 2666 quotidie

1950 2681 2205 2738 crudelis
2237 2683 2547 2739 Andronici
2579 2685 2882 2757 ingenium
2926 2689 3275 2759 pessimum.

1952 2771 2069 2828 Hoc
2102 2771 2427 2845 imperante
2459 2773 2600 2829 urbs
2631 2775 3067 2848 Thessalonica,

1953 2861 2165 2916 nobilis
2192 2860 2312 2932 illa,
2345 2863 2598 2935 gloriosa
2627 2865 2853 2934 civitas,

1949 2948 2422 3007 Thessalicarum
2457 2951 2691 3008 urbium
2727 2951 2952 3025 regina,

1951 3039 2065 3095 heu
2088 3041 2100 3094 l
2123 3040 2452 3097 Siculorum
2484 3046 2654 3114 capta
2683 3047 2772 3098 est
2801 3043 3079 3110 exercitu,

1954 3134 2010 3185 et
2040 3129 2098 3184 in
2131 3130 2503 3187 barbaricum
2537 3131 2713 3188 cessit
2743 3132 3132 3192 dominatum.

1879 3267 1924 3337 c
1959 3227 2184 3330 Etenim
2218 3228 2460 3337 quidam
2491 3233 2825 3337 Campanus
2855 3231 3093 3332 Alexius

1964 3317 2260 3389 pessimus
2292 3318 2470 3375 homo
2500 3318 2823 3393 patriaeque
2854 3320 3098 3377 exitium

1959 3411 2032 3467 ab
2061 3408 2390 3467 Andronico
2420 3407 2712 3482 relegatus
2744 3410 2801 3465 in
2834 3410 3154 3484 Scythiam,

1959 3500 2244 3574 profugus
2271 3498 2435 3555 exsul
2467 3499 2625 3554 venit
2656 3501 2714 3556 in
2742 3500 3023 3570 Siciliam,

1956 3594 2133 3662 atque
2165 3589 2439 3645 Latinum
2471 3587 2677 3645 insulae
2708 3593 3024 3663 tyrannum

1958 3678 2330 3749 conveniens,
2362 3684 2538 3751 atque
2569 3679 2867 3737 admissus
2896 3681 2968 3736 ad
3000 3679 3363 3756 colloquium

1958 3770 2114 3826 hunc
2143 3767 2455 3826 Andronici
2486 3772 2649 3826 tanto
2681 3768 3068 3828 inflammavit
3097 3771 3251 3846 odio,

1960 3863 2026 3915 ut
2056 3859 2425 3932 congregatis
2455 3859 2644 3932 cepiis
2667 3859 2998 3917 innumeris

1958 3948 2211 4006 nauticis
2239 3953 2297 4005 et
2319 3949 2692 4021 pedestribus
2723 3967 2821 4007 rex
2849 3950 3058 4008 Sicilia

1959 4043 2162 4096 contra
2193 4038 2486 4096 Romanas
2525 4040 2823 4113 expediret
2853 4046 3077 4112 terras;

1960 4132 2258 4201 equestres
2290 4129 2531 4200 quidem
2565 4129 2636 4186 ad
2669 4129 3026 4203 Epidaurum
3059 4132 3282 4205 copias,

1961 4217 2231 4275 nauticas
2263 4221 2459 4274 autem
2493 4219 2564 4275 ad
2589 4217 3090 4277 Thessalonicam.

1963 4316 2030 4374 Et
2059 4316 2419 4389 Epidaurum
2451 4316 2689 4391 quidem
2719 4318 2939 4375 virtute
2967 4317 3178 4377 bellica

1961 4407 2115 4480 cepit
2143 4407 2434 4464 terrestris
2467 4406 2636 4464 miles
2667 4424 2800 4464 cum
2830 4408 3080 4479 vicinia;

1964 4497 2400 4570 populatusque
2432 4500 2616 4552 terras
2648 4495 3021 4571 interpositas

1962 4603 2139 4642 cursu
2173 4583 2435 4657 pervenit
2465 4584 2626 4642 illinc
2656 4586 2726 4642 ad
2760 4586 3009 4645 classem
3042 4605 3207 4648 suam

1884 4645 1930 4713 D
1960 4645 2389 4732 Thessalonicae
2419 4673 2477 4730 in
2512 4675 2728 4732 finibus
2760 4645 3212 4751 exspectantur;

1961 4765 2218 4838 Utroque
2249 4764 2430 4838 igitur
2459 4771 2840 4824 concurrente
2869 4769 3123 4827 exercitu

1963 4873 1996 4914 a
2025 4855 2359 4913 continente
2383 4858 2540 4911 terra
2570 4872 2781 4931 nempe
2810 4875 2876 4914 ac
2910 4859 3080 4928 mari,

1960 4952 2018 5004 et
2047 4961 2491 5019 quaquaversus
2518 4945 2723 5004 urbem
2755 4947 3180 5021 circumdante,

1963 5037 2077 5094 heu
2110 5036 2222 5093 heu
2248 5035 2261 5090 l
2296 5038 2469 5107 capta
2498 5041 2586 5093 est
2613 5037 3033 5098 Thessalonica
3063 5041 3288 5117 civitas,

1962 5127 2085 5198 illa,
2118 5127 2383 5198 inquam,
2421 5124 2806 5184 Macedonum
2841 5132 3205 5206 metropolis,

1963 5222 2022 5275 et
2049 5216 2260 5272 Siculis
2292 5219 2495 5271 coacta
2519 5217 2802 5275 cervicem
2835 5219 3015 5277 ﬂexit.

1966 5308 2248 5378 Deinceps
2281 5309 2533 5378 quantas
2563 5306 2853 5365 malorum
2894 5310 3105 5367 Iliadas

1964 5396 2371 5456 calamitatum
2403 5396 2818 5472 tragmdiaaque
2850 5398 3091 5473 pelagus

1966 5502 2246 5563 perpessa
2273 5484 2348 5540 sit
2379 5499 2446 5540 ac
2469 5484 2676 5542 viderit
2707 5486 2910 5544 infelix
2940 5489 3167 5563 civitas,

1967 5594 2139 5636 nemo
2171 5592 2276 5650 pro
2308 5573 2534 5631 meritis
2565 5591 2705 5634 sane
2734 5594 2972 5636 narrare
3003 5586 3201 5654 queat.

1965 5667 2181 5726 Siculis
2212 5664 2369 5722 enim
2401 5662 2459 5719 in
2495 5665 2703 5723 urbem
2736 5666 3230 5743 irrumpentibus,

1968 5759 2220 5834 puberes
2254 5750 2452 5813 cuncti
2482 5755 2860 5816 caedebantur
2879 5758 3097 5833 gladio,

3475 407 3576 462 198
