4250 6432
642 409 744 461 199

636 530 847 602 reliqui
880 531 1045 588 bonis
1076 533 1453 588 nudabantur
1483 529 1719 599 misere,

639 623 917 674 matrona:
946 620 1323 692 virginesque
1352 619 1897 676 deboneatabantur
1928 635 1944 676 :

646 706 842 762 omnia
873 708 1095 780 templa
1126 713 1186 763 et
1214 708 1630 781 parthenopaa

633 794 1119 866 despoliabantur
1147 795 1405 852 violenta
1433 812 1615 852 manu
1648 813 1663 851 :

638 885 841 954 platea
862 902 1090 955 omnes,
1123 886 1489 957 angiportus,
1522 884 1649 952 vis,

634 973 964 1031 morticinis
994 975 1347 1045 corporibus
1378 973 1564 1046 plenis
1593 976 1785 1039 erant,

635 1065 981 1135 cruentique
1006 1063 1125 1118 tabi
1160 1064 1298 1118 rivis
1330 1063 1765 1118 redundabant.

577 1218 581 1220 _
635 1154 780 1225 Ergo
812 1152 1080 1224 lacryme
1113 1151 1352 1222 ubique,
1378 1149 1598 1217 luctus,
1645 1149 1887 1217 clamor,

640 1242 924 1310 ululatus,
954 1245 1011 1296 et
1041 1240 1345 1295 horribilis
1376 1238 1663 1311 tragmdia
1694 1254 1708 1293 :

631 1332 711 1387 sic
742 1328 899 1386 enim
933 1330 1136 1400 paucis
1168 1328 1359 1384 dicere
1388 1344 1511 1384 rem
1542 1327 1737 1384 verbis
1759 1327 1971 1396 juvat;

642 1419 976 1489 mistusque
1007 1418 1305 1473 ferebatur
1330 1418 1403 1472 ad
1434 1416 1646 1472 ccelum
1676 1416 1916 1472 clamor.

633 1508 825 1579 Atque
854 1506 947 1561 his
972 1505 1179 1561 civitas
1211 1505 1567 1562 atterebatur
1595 1503 1786 1560 malis.

630 1606 704 1658 At
736 1602 1100 1658 Andronicus
1131 1602 1418 1657 malitiam
1452 1618 1622 1657 suam
1666 1618 1779 1656 non
1812 1600 2107 1669 desinens,

632 1692 776 1764 quin
808 1693 952 1747 adeo
986 1708 1091 1746 ceu
1124 1691 1409 1747 furiarum
1434 1691 1675 1761 quidam
1707 1688 1991 1753 famulus,

633 1784 691 1835 et
718 1780 1156 1852 lymphatorum
1188 1779 1518 1833 daemonum
1562 1777 1850 1845 minister,

630 1868 885 1925 crudelis
917 1884 1129 1940 nempe
1164 1868 1414 1923 Echetus
1444 1866 1531 1923 vel
1561 1867 1906 1939 Cambyses,

623 1957 713 2013 vel
746 1956 1009 2013 Phalaris
1042 1958 1265 2013 ferinus
1296 1955 1386 2011 vel
1432 1956 1647 2027 Scytha
1676 1954 1965 2011 Tauricue

624 2046 891 2102 subditos
918 2050 1161 2103 cunctos
1194 2045 1370 2101 miser
1399 2045 1735 2101 devorabat.

625 2134 852 2191 Etenim
889 2135 1099 2191 fratres
1131 2136 1510 2191 Sebastianos
1541 2136 1690 2190 duos

627 2224 755 2280 diro
786 2240 1107 2296 suspensos
1126 2224 1419 2279 interiecit
1449 2222 1629 2295 ligno.

627 2312 896 2369 Alexium
932 2313 1224 2369 Manuelis
1256 2312 1503 2368 nothum
1536 2311 1750 2382 ﬁlium,

626 2403 720 2458 cui
755 2402 1016 2475 spuriam
1050 2402 1230 2457 ﬁliam
1264 2418 1432 2457 suam
1460 2401 1701 2473 jugarat
1734 2399 1978 2471 nuptiis,

624 2490 810 2547 oculis
841 2508 1075 2547 cassum
1108 2491 1242 2546 iecit
1272 2490 1560 2547 sententia
1591 2489 1815 2561 iniqua,

622 2582 870 2652 ejusque
901 2580 1157 2653 potiores
1186 2578 1445 2636 asseclas
1482 2578 1808 2636 excaecavit.

621 2670 885 2727 Scribam
919 2674 1112 2725 autem
1146 2658 1463 2741 quemdam
1496 2669 1724 2724 dictum
1762 2667 2083 2725 Mamalum

624 2757 885 2815 ﬂammis
915 2759 1280 2814 exurendum
1314 2756 1373 2812 in
1407 2757 1597 2812 stadio
1628 2756 1891 2811 tradidit.

627 2859 1021 2930 Tripsychum
1050 2873 1308 2930 quoque,
1338 2874 1371 2913 ο
1398 2858 1628 2928 justum
1660 2856 1760 2912 Dei
1789 2856 2082 2927 judicium
2110 2857 2122 2912 l

625 2944 825 3015 inique
857 2944 1057 2999 multis
1087 2944 1345 3015 pessima
1374 2944 1472 3014 qui
1506 2944 1743 3011 fecerat,

623 3049 842 3088 caecum
874 3032 1135 3105 solisque
1167 3034 1350 3089 radiis
1382 3037 1677 3089 carentem
1714 3031 1874 3088 fecit.

622 3127 812 3194 Atque
844 3126 910 3177 ut
938 3121 1282 3178 summatim
1313 3122 1687 3202 breviterque
1717 3122 1954 3191 dicam,

622 3211 803 3281 hujus
835 3211 1046 3267 novelli
1078 3216 1341 3283 tempore
1372 3211 1651 3279 Timonis,

624 3318 828 3372 pinnae,
861 3300 1125 3369 tristitia,
1159 3300 1503 3357 calamitum
1529 3299 1804 3357 cumulus

628 3395 873 3445 cunctos
905 3389 1201 3459 tenebant,
1234 3388 1620 3462 lacrymaaque
1644 3390 1843 3462 juges,

624 3484 682 3536 et
714 3478 1004 3534 malorum
1038 3478 1279 3550 quidam
1310 3485 1536 3536 torrens
1564 3496 1630 3535 ac
1659 3481 2001 3551 tempestas.

623 3581 747 3642 Qua
774 3578 867 3633 die
898 3577 1053 3633 enim
1086 3578 1309 3634 nemini
1336 3578 1488 3635 male
1519 3579 1752 3649 fecerat,

627 3667 913 3723 nobilium
948 3682 1159 3738 nempe
1191 3667 1501 3724 hominum
1534 3674 1711 3741 atque
1743 3684 2071 3741 procerum,

624 3756 732 3812 hac
764 3772 825 3811 se
856 3756 1066 3812 vixisse
1098 3774 1213 3813 non
1246 3758 1491 3829 putabat
1520 3758 1634 3815 die.

633 3846 885 3902 Feminae
918 3863 1051 3916 ergo
1082 3851 1140 3903 et
1165 3847 1270 3901 viri
1305 3848 1457 3920 rapti
1488 3847 1764 3903 domibus

619 3934 852 3999 vinclis,
883 3936 1053 4003 fame,
1088 3936 1401 4005 mortibus,
1432 3936 1861 3993 vexationibus.

626 4015 928 4071 oculorum
961 4016 1209 4072 orbitate
1240 4022 1297 4072 et
1318 4018 1699 4086 cruciatibus,

627 4105 877 4177 aliisque
909 4106 1097 4177 poenis
1129 4106 1534 4178 plectebantur
1561 4106 1820 4163 innocui.

620 4195 723 4249 His
755 4210 817 4250 se
849 4194 1178 4250 oblectabat
1205 4196 1435 4251 actibus
1465 4196 1801 4268 imperator.

618 4284 725 4339 Sed
762 4284 897 4339 boni
932 4284 1210 4356 quiddam
1242 4284 1511 4357 aequique
1542 4284 1720 4341 simul
1755 4284 1943 4341 inerat
1976 4303 1989 4340 :

622 4390 758 4428 nam
792 4372 1096 4430 beneficiis
1128 4374 1427 4430 recreabat
1458 4374 1732 4445 plurimis

621 4462 912 4535 pauperes
944 4463 1214 4519 subditos
1247 4471 1586 4535 tenuesque,
1620 4464 1917 4537 siquidem

614 4568 746 4607 vere
778 4552 889 4607 sibi
922 4551 1233 4609 benevolos
1264 4552 1615 4623 comperiret
1648 4570 1663 4610 :

618 4648 685 4688 ac
718 4632 1168 4704 praepotentium
1195 4632 1449 4703 injustas
1480 4632 1860 4705 direptiones,

616 4722 1053 4793 criminumque
1088 4721 1305 4778 fontem
1340 4721 1645 4778 avaritiam

615 4816 828 4867 cuncto
855 4814 1111 4867 Romano
1144 4810 1504 4867 submovens
1534 4811 1805 4884 imperio,

616 4900 843 4957 meliori
875 4900 1198 4956 conditioni
1232 4900 1561 4973 provincias
1603 4900 1879 4958 reddidit.

612 5000 776 5055 Tunc
808 5017 1102 5074 nusquam
1134 5001 1422 5057 exactoris
1447 5000 1717 5057 audisses
1749 5000 1965 5067 minas,

616 5087 717 5160 qui
749 5090 1083 5147 tenuiorum
1117 5089 1477 5162 patrimonia
1508 5092 1778 5160 quateret

615 5178 944 5250 quamlibet
974 5181 1293 5236 ostendens
1324 5178 1561 5234 malitia
1589 5194 1827 5233 causam
1857 5196 1871 5245 ;

616 5284 807 5340 neque
837 5270 1067 5325 venatia
1099 5270 1363 5341 exposita
1391 5267 1641 5323 vidisses

612 5362 752 5412 tunc
782 5358 1091 5432 vectigalia
1121 5358 1360 5431 publica
1395 5356 1869 5429 redemptoribus
1902 5375 1915 5413 :

610 5463 810 5503 verum
845 5448 945 5524 qui
973 5448 1183 5505 Caesari
1216 5465 1338 5505 rem
1374 5448 1635 5503 dedisset
1664 5446 1932 5517 Caesarie,

612 5536 682 5593 de
714 5536 944 5610 reliquo
974 5555 1241 5594 securam
1274 5538 1486 5611 agebat
1515 5534 1717 5592 vitam.

607 5626 741 5683 Jam
777 5628 875 5698 qui
906 5627 1134 5685 tributa
1166 5626 1405 5700 publica
1432 5624 1703 5697 exigebat

612 5717 921 5789 stipendiis
954 5717 1081 5791 ipse
1112 5718 1443 5775 instructus
1474 5714 1534 5771 id
1558 5715 1725 5787 juste
1757 5716 1970 5789 agebat
2004 5734 2017 5774 :

2310 536 2365 602 Α

2307 1888 2355 1954 Β

2296 3256 2340 3324 C

2295 4628 2342 4695 D

1846 406 2218 462 EPHRBMII
2255 405 2827 462 CBBONOGRAPHI

2570 525 2773 585 ’Ἄλλοι
2808 525 2866 583 δὶ
2890 526 3055 583 πάλιν
3088 525 3435 583 ἆσκυλεύοντ⁹
3464 526 3687 592 ἀθλίως·

2570 622 2828 678 Γυναῖκες
2858 610 3148 691 ὑϐρίζοντο
3176 614 3465 691 παρθένοις
3495 616 3633 689 ἅμα.

2572 703 2669 759 Kal
2699 710 2805 767 πᾶς
2844 704 2980 768 νεώς
3004 724 3090 767 τις
3118 704 3400 779 παρθένων
3429 725 3490 759 τε
3518 704 3610 759 καὶ
3641 701 3813 777 δόμος

2571 794 2696 849 Τῶν
2728 789 2887 847 ἔνδον
2903 793 3180 867 ἠρήμωτο
3208 793 3425 848 πάντων
3453 793 3591 869 πρὸς

2387 889 2533 945 5210
2571 892 2721 945 Πᾶσα
2751 886 2797 943 δ’
2826 888 2993 962 ἀγυιὰ
3019 890 3107 946 καὶ
3141 890 3419 952 στενωπὸς
3444 888 3535 944 καὶ
3562 883 3751 963 τρίϐος

2568 976 3011 1053 Δὶματοφύρτοις
3040 977 3109 1045 ἦν
3139 978 3455 1053 κεχραμένη
3500 976 3744 1052 λύθροις,

2567 1063 2669 1120 Καὶ
2701 1065 3036 1140 νεκριμαίων
3066 1066 3335 1138 σωμάτων
3365 1066 3753 1139 πεπλησμένη·

2568 1152 2916 1228 Πανταχόθεν
2944 1157 3075 1228 γοῦν
3108 1151 3332 1229 δάκρυα,
3366 1156 3587 1229 θρῆνος,
3612 1153 3764 1230 γόος,

2567 1241 2664 1296 Καὶ
2693 1242 2940 1304 κώκυτός
2970 1262 3077 1314 τις,
3108 1243 3198 1297 καὶ
3225 1240 3501 1318 τραγῳδία
3544 1240 3689 1317 ξένῃ,

2385 1332 2531 1387 5215
2564 1331 2681 1384 Ἵνα
2707 1330 2950 1401 καθάπαξ
2982 1329 3220 1386 συνελὼν
3250 1332 3314 1385 τὸ
3342 1334 3446 1385 πᾶν
3476 1332 3687 1407 φράσω,

2564 1417 2663 1473 Καὶ
2694 1421 2982 1494 συμμιγὴς
3014 1421 3184 1492 θροῦς
3207 1420 3534 1492 άνεπέμπετ’
3564 1418 3782 1493 ἀθρόον.

2562 1505 2801 1561 Τοιοῖσδ⁹
2832 1507 3175 1583 έτετρύχωτο
3204 1512 3397 1570 κακοῖς
3424 1510 3459 1576 ἡ
3491 1507 3679 1570 πόλις.

2562 1595 2625 1652 Ὀ
2659 1592 2707 1650 δ’
2736 1592 3085 1670 Ἀνδρόνικος
3112 1601 3221 1651 τῶν
3253 1601 3432 1651 κανῶν
3455 1597 3555 1651 οὐκ
3581 1596 3802 1669 ἠμέλει·

2565 1681 2726 1739 Ἀλλ’
2753 1686 2843 1738 οἷα
2875 1682 3073 1746 δοῦλος
3103 1684 3349 1759 ἀτεχνῶς
3376 1684 3632 1761 έριννύων

2382 1774 2525 1828 5220
2561 1774 2633 1828 Ἦ
2661 1771 2931 1847 τελχίνων
2966 1770 3040 1827 ὢν
3069 1770 3347 1846 δαιμόνων
3390 1775 3689 1847 ὑπηρέτης,

2562 1862 2763 1936 Ἥγουν
2794 1862 3011 1933 άπηνής
3034 1863 3269 1937 Ἔχετος
3300 1865 3335 1933 ἧ
3370 1860 3689 1937 Καμϐύσης,

2563 1950 2633 2004 Ἦ
2664 1949 2912 2027 Φάλαρις
2934 1947 3121 2024 ἄγριος
3150 1952 3186 2022 ἢ
3219 1952 3614 2027 Ταυροσκύθης

2565 2026 2808 2110 ὑπήκοον
2840 2043 2943 2094 πᾶν
2973 2038 3290 2113 ἃκρεανόμει
3320 2040 3513 2105 τάλας·

2560 2127 2902 2202 Ὀμαίμονας
2938 2128 3032 2201 μὶν
3066 2123 3464 2191 Σεϐαστιανοὺς
3496 2126 3595 2184 δύο
3706 2172 3707 2175 η

2379 2216 2522 2271 5225
2561 2217 2757 2281 Κακῶς
2784 2216 2987 2292 ἀναρτᾷ
3015 2216 3105 2272 καὶ
3137 2223 3366 2281 θανατοῖ
3392 2223 3474 2291 τῷ
3504 2217 3674 2291 ξύλῳ·

2557 2302 2796 2375 Ἀλέξιον
2830 2302 2888 2360 δὶ
2919 2306 3186 2375 Μανουὴλ
3218 2304 3385 2362 παῖδα
3413 2306 3594 2377 νόθον,

2551 2393 2644 2451 “Ov
2677 2395 2798 2469 εἶχε
2825 2388 3073 2470 γαμϐρὸν
3108 2393 3186 2457 εἷς
3221 2395 3485 2471 θυγατέρα
3512 2394 3703 2465 νόθην,

2556 2482 2644 2553 Ἐξ
2676 2481 2943 2556 ὀμμάτων
2975 2483 3187 2553 τίθησιν
3222 2481 3400 2557 άδίλῳ
3431 2481 3582 2558 δίκῃ,

2553 2569 2661 2627 Καὶ
2687 2575 2794 2626 τῶν
2826 2572 2914 2627 ὑπ’
2945 2570 3105 2627 αὐτὸν
3137 2572 3401 2653 έκτυφλοῖ
3426 2572 3553 2636 τοὺς
3596 2572 3850 2649 βελτίους

2374 2661 2518 2719 5230
2555 2661 2691 2717 Ἕνα
2720 2657 2779 2716 δὶ
2805 2662 2896 2715 τὸν
2928 2659 3198 2735 Μάμαλον
3224 2660 3583 2739 ὑπογραφέων

2554 2750 2693 2825 Πυρὶ
2726 2746 3107 2823 παραδέδωκεν
3143 2750 3194 2806 ἰν
3224 2755 3306 2823 τῷ
3336 2749 3559 2824 σταδίῳ·

2554 2837 2659 2893 Καὶ
2690 2838 2970 2913 Τρίψυχον
3004 2836 3050 2893 δ’
3081 2840 3171 2911 αὗ,
3200 2839 3274 2900 ὡς
3304 2837 3507 2894 ἰπαινῶ
3537 2839 3605 2911 α’,
3633 2840 3679 2894 ὦ
3707 2837 3830 2909 δίκη
3858 2842 3870 2897 !

2553 2926 2653 2987 Ὃς
2684 2923 2901 3002 ἔδρασεν
2937 2928 3188 3003 χείριστα
3216 2924 3465 2989 πολλοὺς
3496 2924 3721 2996 ἀδίκως,

2553 3014 2755 3086 Ἔθηκε
2782 3015 2988 3093 τυφλὸν
3026 3016 3101 3089 μὴ
3139 3014 3409 3092 βλέποντα
3438 3015 3747 3094 φωσφόρον.

2372 3116 2515 3171 5335
2552 3115 2641 3178 Ὠς
2670 3113 2722 3170 ἐν
2754 3114 3038 3193 κεφαλαίῳ
3070 3113 3128 3171 δὲ
3154 3117 3244 3172 καὶ
3283 3118 3483 3192 βραχεῖ
3511 3118 3695 3194 φάναι,

2554 3205 2672 3282 Ἐφ’
2702 3208 2927 3281 ἡμερῶν
2954 3207 3151 3262 τούτου
3178 3228 3239 3283 γε
3268 3209 3530 3280 Τίμωνος
3554 3208 3782 3285 τρόπον,

2558 3292 2781 3368 Θλίψις,
2812 3292 3004 3368 ὀδύνη,
3037 3300 3331 3375 συμφορῶν
3364 3297 3652 3373 μυρμηκία

2554 3384 2765 3446 Πάντας
2796 3391 3045 3460 κατεῖχε,
3075 3387 3284 3461 συνοχή
3314 3406 3372 3441 τε
3402 3383 3677 3463 δακρύων,

2555 3472 2659 3530 Καὶ
2692 3471 2952 3548 χαλεπῶν
2982 3472 3208 3549 σύῤῥοια
3236 3475 3326 3529 καὶ
3354 3474 3664 3551 τρικυμίας·

2374 3563 2519 3618 5240
2558 3564 2687 3618 Καθ’
2711 3564 2772 3631 ἣν
2804 3563 2905 3638 γὰρ
2936 3564 3040 3618 οὐκ
3068 3559 3259 3639 ἔδρασε
3281 3568 3465 3626 κακῶς
3504 3565 3713 3640 ἡμέραν

2553 3652 2674 3707 Τῶν
2706 3671 2827 3705 τινα
2854 3650 3126 3728 λαμπρῶν
3156 3654 3359 3724 τιμίων
3390 3657 3498 3707 τῶν
3532 3652 3585 3707 ἐν
3613 3651 3782 3721 τέλει,

2554 3740 2841 3794 Παντάπαν
2874 3734 3107 3795 ἀϐίωτον
3138 3741 3313 3817 ἡγεῖθ’
3343 3741 3575 3817 ἡμέραν·

2550 3829 2712 3892 Ὅθεν
2740 3835 3011 3905 γυναῖκες,
3044 3826 3235 3905 ἄνδρες
3273 3832 3508 3905 ἠγμένοι
3553 3832 3644 3907 βίᾳ

2552 3920 2775 3991 Φρουρᾷ
2802 3937 2862 3971 τε
2886 3915 3079 3990 λοιμῷ
3106 3916 3197 3971 καὶ
3227 3914 3452 3972 κολάσει
3479 3919 3569 3972 καὶ
3602 3917 3779 3993 μόρῳ,

2370 4008 2516 4063 5345
2557 4006 2737 4059 Ὠπῶν
2766 3998 2947 4060 σϐέσει
2971 4026 3029 4060 τε
3050 4012 3389 4079 σωματικαῖς
3419 4005 3643 4077 αἰκίαις,

2549 4091 2791 4158 ’Ἃλλαις
2817 4114 2875 4149 τε
2906 4100 3123 4158 ποιναῖς
3146 4092 3487 4170 παριδίδοντ’
3517 4092 3737 4160 ἀδίκως.

2546 4180 2785 4237 Τοιαῖσδ⁹
2815 4181 3132 4256 ένησμένιζε
3160 4184 3402 4257 πράξεων
3438 4180 3586 4254 ἄναξ·

2548 4273 2743 4345 Ὅμως
2778 4277 3027 4349 μετεῖχεν
3060 4272 3272 4349 ἀγαθῶν
3304 4273 3393 4327 καὶ
3429 4272 3684 4347 μετρίων·

2547 4358 2791 4418 Ἔθαλπε
2819 4361 2910 4416 καὶ
2940 4361 3041 4438 γὰρ
3075 4358 3307 4438 δωρεαῖς
3341 4360 3599 4432 ὑπηκόων

2369 4462 2512 4516 5250
2549 4457 2694 4521 Τοὺς
2725 4456 2919 4521 ἰνδεεῖς
2945 4478 3005 4514 τε
3032 4459 3125 4515 καὶ
3154 4458 3392 4530 πένητας
3422 4456 3726 4521 πλουσίως.

2550 4548 2649 4605 Ἦν
2681 4547 3001 4610 εὐνοοῦντας
3028 4546 3224 4623 ᾔσθετο
3251 4552 3385 4626 σφᾶς
3419 4544 3658 4611 ἀδόλως·

2553 4636 2655 4694 Καὶ
2680 4641 2788 4691 τῶν
2819 4634 3061 4699 δυνατῶς
3095 4637 3337 4713 ἁρπαγὰς
3367 4640 3465 4700 τὰς
3494 4634 3713 4699 ἀδίκους

2552 4725 2655 4783 Καὶ
2685 4730 2890 4781 κακιῶν
2918 4723 3121 4781 πίδακα
3147 4724 3482 4797 πλειονεξίαν

2553 4815 2650 4872 Ἐκ
2676 4812 2988 4888 Ῥωμαΐδος
3018 4812 3292 4877 ἀπελάσας
3326 4815 3547 4891 χωρίων

2372 4906 2517 4963 5255
2554 4903 2858 4981 Ἐπαρχίας
2889 4903 3089 4980 ἤγαγεν
3122 4904 3202 4966 εἷς
3233 4902 3526 4970 ἰπιδόσεις·

2553 4993 2668 5051 Οὐκ
2696 4993 2764 5063 ἦν
2797 4993 3030 5064 ἀπειλὴν
3070 4995 3378 5071 πράκτορος
3407 4993 3599 5051 κλύειν
3629 4994 3754 5051 τότε

2555 5082 2659 5140 Καὶ
2690 5084 2757 5139 τὰ
2786 5085 3034 5154 πενήτων
3066 5084 3239 5139 πάντα
3268 5082 3697 5157 καλαμωμένου,

2552 5173 2639 5229 Ἐν
2670 5177 2751 5245 τῷ
2781 5172 2948 5247 μόνον
2979 5173 3248 5250 πρόφασιν
3283 5171 3455 5247 εὑρεῖν
3486 5173 3695 5243 κακίας,

2555 5261 2633 5319 Οὐ
2665 5258 2949 5334 δημοσίων
2979 5261 3175 5324 ὠνίους
3202 5263 3300 5325 τὰς
3332 5261 3561 5327 ἐκτίσεις

2374 5362 2521 5417 5260
2557 5360 2717 5434 Ὀρᾷν
2747 5358 3085 5434 τελουμένας
3112 5382 3173 5436 γε
3200 5365 3320 5423 τοῖς
3349 5359 3679 5436 ἡρημένοις,

2556 5448 2719 5507 Ἀλλ’
2753 5447 2994 5513 ἀποδούς
3018 5472 3104 5514 τις
3133 5452 3365 5527 Καίσαρι
3393 5452 3459 5506 τά
3488 5450 3772 5526 Καισάρων

2554 5540 2801 5616 ’Υπῆρχε
2831 5538 3031 5596 λοιπὸν
3063 5541 3279 5610 ἀπαθὴς
3309 5544 3490 5595 κακῶν
3523 5536 3623 5596 ἔτι·

2557 5631 2646 5694 Ὠς
2672 5627 2917 5703 δημόσια
2945 5636 3049 5693 πᾶς
3078 5651 3163 5694 τις
3194 5628 3531 5706 εἴα-πράττων
3560 5630 3685 5687 τότε

2555 5719 2845 5795 Ὀψυνίοις
2876 5721 2947 5791 ἦν
2977 5717 3096 5777 τάδ’
3124 5719 3367 5777 ἀπαιτῶν
3397 5718 3449 5775 ἰν
3479 5717 3629 5797 δίκῃ.

3936 404 4055 459 200
