4250 6432
205 389 308 443 201

206 517 356 572 5265
391 516 791 588 Ἀρχαιρεσιῶν
823 516 1024 585 προῖκα
1055 509 1490 584 παρεσχημένων

394 607 586 658 Ῑῐασῶν
619 597 932 675 ἀριστίνδην
959 619 1017 653 τε
1036 597 1126 652 καὶ
1156 597 1274 651 κατ’
1303 597 1474 668 ἀξίαν.

399 689 568 748 Οὐδὲν
601 688 658 744 δὲ
682 686 1018 758 πλουτίνδην
1051 707 1113 761 γε
1140 691 1258 749 τοῖς
1287 683 1346 739 ἐκ
1373 679 1624 758 τριόδων.

394 785 464 850 ᾝ
496 777 661 837 Δαϐἰδ
688 780 880 836 οὐκοῦν
913 777 1171 852 ἐμμελῶς
1205 773 1433 849 ψάλλων
1468 772 1644 846 λέγει,

396 871 777 940 Δικαιοσύνης,
808 869 943 944 πρὸς
976 865 1032 922 δέ
1060 868 1110 940 γ’
1143 865 1365 937 εἰρήνης
1398 861 1560 936 χάρις

212 961 360 1018 5270
398 959 696 1029 Συνῆλθον,
726 960 1039 1027 ἠσπάσαντο
1071 954 1271 1030 φιλίως
1297 952 1444 1007 τότεο

396 1049 561 1113 ’Ἐθος
589 1047 634 1104 δ’
666 1047 848 1123 ἐναγὲς
879 1046 968 1101 καὶ
998 1045 1320 1118 παράνομον
1351 1040 1471 1096 λίαν

399 1139 503 1195 Καὶ
529 1139 718 1211 πρᾶξιν
747 1137 1108 1209 ἀπάνθρωπον
1137 1129 1479 1199 ἀδικωτάτην

396 1229 520 1286 Τῶν
549 1230 895 1301 ναυαγουσῶν
920 1219 1191 1301 φορτίδων
1217 1221 1355 1275 κατά
1381 1217 1585 1278 τόπους

398 1319 498 1375 Ἐκ
525 1317 848 1389 πνευμάτων
885 1314 1003 1388 βίας
1033 1333 1091 1367 τε
1119 1312 1208 1366 καὶ
1240 1304 1554 1382 καταιγίδος

219 1408 361 1463 5275
399 1404 505 1460 Καὶ
539 1398 943 1480 συντριϐεισῶν,
975 1401 1068 1456 εἶτ’
1098 1399 1284 1461 ἀκταῖς
1313 1394 1657 1472 ἐρριμμένων

399 1493 729 1570 Ἀγωγίμων
761 1491 1066 1558 σκύλευσιν,
1099 1488 1376 1565 ἁρπαγὴν,
1409 1483 1565 1539 λύσιν

402 1585 547 1658 Πρὸς
575 1587 684 1638 τῶν
715 1582 1026 1658 προσοίκων
1055 1573 1265 1639 ἀσεϐῶς
1292 1573 1648 1644 τελουμένας.

399 1679 662 1742 Ἕστησεν
696 1672 853 1732 οὗτος
883 1666 1232 1727 ἂντιπνεύσας
1267 1666 1342 1726 ὡς
1373 1663 1587 1738 κράτωρ

404 1759 678 1840 Σφοδραῖς
708 1758 984 1831 ἀπειλαῖς,
1017 1759 1344 1832 προσταγαῖς
1383 1744 1692 1825 ἐμϐριθέσιν

220 1864 360 1919 5280
395 1862 766 1933 Ἀσυμπαθῶς
799 1859 1019 1923 θάνατον
1051 1853 1183 1927 ἕξειν
1222 1851 1444 1924 ζημίαν,

398 1953 581 2009 Πάντα
609 1944 1007 2024 παραϐαίνοντα
1031 1941 1491 2021 προστεταγμένα,

397 2030 812 2116 Παρεγγυώσαις
840 2038 930 2092 καὶ
960 2033 1249 2108 κυρούσαις
1280 2028 1501 2085 εἷσάπαν
1537 2046 1550 2057 ·

400 2129 475 2188 Ei’
495 2152 580 2192 τις
610 2129 737 2204 γάρ,
771 2129 906 2196 εἶπε,
937 2126 1164 2201 χωρίων
1196 2117 1482 2195 παραλίων

398 2220 604 2292 Κύριός
634 2219 778 2274 ἐστιν
808 2217 1068 2291 εὐγενῶκ,
1102 2211 1384 2286 ἐριτίμων,

219 2313 360 2369 5285
396 2311 464 2367 Ἠ
495 2311 622 2383 παρ’
655 2308 791 2379 ἐμοῦ
821 2307 1051 2383 πέφυκεν
1085 2301 1262 2376 ἀρχῆν
1293 2297 1492 2352 διέπων

393 2399 664 2474 Πρώτισθ’
695 2395 906 2465 ἑαυτὸν,
942 2393 1037 2456 εἶθ’
1070 2390 1326 2459 ὑπηκόων
1357 2384 1543 2460 στῖφος

396 2470 790 2564 Καταρτισάτω
821 2485 959 2560 πρὸς
992 2484 1125 2537 Θεοῦ
1159 2484 1300 2543 θεῖον
1335 2470 1504 2554 φόϐον

393 2563 734 2647 ’ϊποστολήν
763 2597 822 2630 τε
850 2577 947 2642 τῆς
979 2571 1118 2645 ἐμῆς
1149 2563 1487 2644 κραταρχίας
1522 2582 1534 2594 ·

398 2671 470 2724 Ἦ
505 2666 772 2735 δεσπότης
807 2669 906 2725 πᾶς
937 2663 1219 2734 κτήματος
1247 2653 1521 2728 παραλίου

217 2762 360 2818 5290
401 2756 707 2832 Ἐπαρχίας
740 2751 926 2828 ἄρχων
958 2771 1037 2820 τι,
1067 2749 1164 2804 κᾶν
1264 2743 1484 2832 τιμίων,

396 2848 456 2900 '0
486 2846 633 2920 παρᾶ
662 2847 805 2913 νηῶν
841 2842 1181 2917 ναυαγουσῶν
1215 2828 1513 2907 λαμϐάνων

399 2932 736 3010 Ἀγωγίμων
767 2952 818 2986 τι
850 2933 1095 3008 φανερῶς
1127 2922 1441 3010 γινωσκέτω

401 3008 716 3101 Πρ-όστιμον
741 3020 874 3092 ’έξων
904 3020 995 3074 τὸν
1029 3019 1256 3082 θάνατον
1287 3008 1530 3101 ἐνδίκῶς.

403 3097 514 3173 Κάν
615 3114 709 3186 μὲν
742 3110 900 3172 αὐτὸς
928 3107 1164 3180 καθαρὸς
1193 3107 1261 3177 τῇ
1292 3097 1508 3174 καρδίᾳ,

219 3217 365 3271 5295
403 3214 568 3288 Χερσὶ
600 3210 647 3266 δ’
676 3212 853 3275 ἀθῶος
885 3205 1183 3280 ἀμέθυκτος
1205 3203 1253 3255 τ’
1285 3198 1533 3288 εἷσάπαν,

405 3305 472 3360 Οἱ
505 3301 552 3357 δ’
585 3301 686 3356 ὑπὸ
719 3305 883 3375 χεῖρα
912 3297 1141 3369 κάτοχοι
1171 3295 1293 3353 ταῖς
1318 3287 1516 3347 αῗτίαις
1548 3304 1560 3316 ·

406 3396 668 3467 ’Ἃρχοντι
699 3374 790 3444 καὶ
821 3388 923 3462 γάρ
954 3382 1255 3457 ἐξισοῦσθαι
1284 3374 1560 3448 προστάτῃ

404 3479 614 3539 Εἴωθεν
648 3480 788 3533 ἅπαν
821 3475 1142 3550 ὑποχείριον
1182 3468 1380 3524 θέλειν.

407 3571 562 3628 Τίσει
598 3567 654 3624 δὲ
685 3566 898 3639 πότμον
931 3563 1169 3618 ἐντολῶν
1198 3551 1541 3633 παραϐάτης,

223 3666 367 3721 5300
409 3660 717 3738 Φρικαλέον
747 3679 805 3712 τε
830 3657 920 3711 καὶ
952 3653 1319 3722 δυσήκουστον
1350 3648 1516 3720 τάχα,

409 3735 601 3807 Παθὼν
633 3750 966 3825 κρεμάθραν,
999 3739 1246 3797 ἀνάτασίν
1276 3739 1324 3792 τ’
1355 3735 1569 3825 ἀθλίαν,

407 3844 563 3904 Νεὼς
591 3823 680 3917 ἐφί
703 3839 857 3892 ἱστοῦ
889 3826 1261 3908 συντριϐείσης
1292 3830 1372 3917 τῶ
1403 3823 1577 3897 σάλῳ.

408 3928 624 3986 Τοιόνδ’
656 3925 926 3985 ἐπισείσας
953 3943 1014 3997 γε
1042 3920 1284 3993 σύμπασι
1318 3913 1461 3982 δέος,

408 4019 700 4094 Θεοστυγὶς
727 4017 968 4071 πέπαυκε
997 4015 1270 4085 κρατῆσαν
1301 4002 1420 4065 ἔθος
1451 4022 1465 4035 ·

231 4123 371 4179 5303
410 4118 518 4176 Καὶ
546 4115 742 4173 λοιπὸν
768 4114 866 4168 οῦκ
893 4111 961 4180 ἦν
987 4109 1222 4183 καθορᾷν
1249 4105 1346 4165 τάς
1376 4096 1634 4177 φορτίδας

412 4204 815 4281 Περιπεσούσας
845 4201 905 4256 ἐκ
934 4197 1106 4254 σάλου
1133 4193 1392 4267 ναυαγίῳ,

414 4295 745 4372 ’Δγωγίμὼν
775 4290 1060 4346 σκύλευσιν
1098 4283 1460 4362 ὑφισταμένας
1493 4295 1506 4309 ’

413 4369 668 4453 Ἀλλ’ήῇ
700 4380 947 4456 γαλήνην
978 4377 1036 4431 ἐκ
1063 4372 1352 4450 τρικυμίας
1387 4369 1607 4446 βλέπειν

415 4472 760 4549 Διαγελῶσαν
791 4464 1147 4543 ναυαγούσαις
1177 4460 1399 4516 ὁλκάσιν
1435 4473 1451 4489 ⁸

233 4571 375 4628 5310
413 4544 637 4623 Ἧννκαῖ
669 4558 948 4625 κολαστὴς
979 4549 1316 4630 χιιροδίκαις
1349 4544 1596 4624 ἀνδράσι,

415 4655 618 4724 Ποινήν
648 4671 708 4706 τε
736 4645 900 4708 τιθεὶς
930 4642 1179 4699 ἀδικοῦσι
1206 4638 1295 4694 καὶ
1326 4635 1507 4707 δίνην,

419 4745 524 4800 Κᾶν
560 4742 628 4811 ἦν
660 4736 860 4793 ἀδικῶν
893 4726 1146 4807 εὐγενῶν,
1177 4728 1448 4801 λαμπρῶν
1473 4725 1640 4801 γένει,

419 4840 504 4896 Ὡς
541 4832 618 4906 μή
650 4829 769 4884 κατ’
797 4822 944 4899 ὄψιν,
977 4818 1124 4877 ἀλλά
1155 4816 1378 4879 δικαίως
1406 4814 1627 4889 κρίνων,

421 4924 516 4978 Καὶ
551 4921 686 4975 κατὰ
720 4915 910 4991 μικρὸν
1008 4931 1135 4989 φασι
1159 4907 1252 4963 καί
1276 4907 1367 4961 τὸν
1402 4906 1588 4980 μέγαν.

237 5027 382 5082 5315
421 5020 523 5077 Καὶ
553 5022 664 5075 τῶν
693 5014 1092 5086 τεσσαράκοντα
1123 5008 1358 5082 Χριστοῦ
1393 5001 1681 5077 μαρτύρων

427 5110 570 5166 Ναὸν
600 5106 947 5183 περιώνυμον
978 5094 1351 5174 ἠγλαϊσμένον

421 5198 619 5277 Χρόνῳ
648 5190 1030 5252 παλαιωθέντα
1057 5186 1148 5243 καὶ
1177 5183 1494 5277 κεκμηκότα

423 5270 667 5346 ’Ᾰνανεοῖ
696 5282 967 5340 κάλλιστα
996 5275 1282 5337 πλείσταις
1315 5270 1578 5334 δαπάναις
1611 5287 1623 5299 ·

421 5380 500 5438 0'3
532 5377 624 5433 καὶ
658 5373 862 5447 δόμους
892 5368 1080 5446 ἤγειρε
1108 5367 1245 5441 πρὸς
1283 5360 1584 5432 κατοικίαν,

249 5474 389 5530 5320
429 5474 636 5538 Δεῆσαν
669 5463 844 5519 ἐλθεῖν
876 5461 1014 5536 πρὸς
1043 5457 1177 5512 νεὼν
1209 5458 1317 5510 τῶν
1354 5449 1642 5526 μαρτύρων

418 5555 750 5615 Πολυτελεῖς
782 5551 872 5607 καὶ
903 5546 1194 5609 ποικίλους
1220 5545 1387 5619 τέχνῃ
1419 5541 1622 5612 ξένους.

420 5646 521 5702 Καὶ
553 5644 786 5718 πατέρας
819 5637 876 5694 δὲ
905 5641 1016 5692 τῶν
1049 5634 1230 5708 λόγων
1246 5630 1339 5686 καὶ
1371 5629 1500 5691 τοὺς
1535 5627 1738 5704 λόγους

420 5738 590 5797 Οὗτος
627 5728 882 5809 βασιλεὺς
913 5725 1095 5799 ἀξίους
1125 5722 1293 5787 τιθεὶς
1324 5720 1496 5794 λόγου

568 5857 654 5914 ΡΑ
669 5867 837 5914 reos.
888 5849 999 5910 Gn.
1046 5842 1303 5908 CXLIII.

1920 4587 1967 4652 D

1737 383 2105 437 CBBAIEB.

1889 508 1938 574 Α
1975 508 2112 578 quia
2145 505 2326 578 gratis
2359 520 2566 575 nempe
2597 505 2890 560 dabantur
2921 503 3237 575 dignitates

1974 601 2196 651 cunctae
2229 594 2443 666 cuique
2472 593 2692 665 optimo
2725 608 2791 648 ac
2820 592 3086 660 merenti,

1973 684 2193 740 nemini
2229 683 2471 754 indigno
2502 683 2603 754 qui
2635 682 2882 754 pecunia
2912 685 3150 737 emeret.

1973 776 2143 846 Ergo,
2172 777 2238 829 ut
2266 773 2628 829 carminibus
2659 771 2878 844 psaltes
2908 769 3088 827 David
3119 771 3352 840 cecinit,

1966 863 2200 934 justitia
2230 863 2408 919 simul
2439 868 2497 918 et
2524 866 2771 919 venusta
2796 878 2907 934 pax

1975 956 2116 1008 tunc
2146 953 2463 1024 conjurataa
2492 952 2677 1008 amice
2706 950 3148 1007 osculabantur.

1978 1052 2225 1122 Insuper
2255 1066 2478 1106 morem
2510 1049 2784 1121 impium,
2814 1046 3327 1117 scelestissimum,

1980 1136 2208 1194 facinus
2237 1138 2629 1194 inhumanum
2669 1136 3155 1208 injustissimum,

1978 1243 2186 1299 nempe
2218 1227 2305 1283 uti
2337 1243 2511 1283 naves
2545 1226 2759 1283 alicubi
2792 1226 3091 1296 naufraga:

1976 1321 2281 1372 ventorum
2315 1316 2587 1372 violentia
2616 1322 2673 1371 et
2701 1313 3070 1385 tempestatis

1978 1405 2301 1472 confracta,
2335 1410 2388 1460 et
2422 1420 2555 1459 mox
2585 1404 2656 1459 ad
2689 1403 2888 1458 littora
2919 1403 3186 1473 projectze

1979 1493 2220 1548 sarcinae
2251 1493 2639 1565 direptionem
2669 1507 2736 1546 ac
2767 1491 3086 1562 perniciem

1979 1585 2184 1637 contra
2215 1584 2301 1638 fas
2332 1598 2498 1638 omne
2527 1583 2598 1636 ab
2630 1580 2841 1636 accolis
2874 1583 3236 1651 paterentur,

1981 1671 2223 1726 sustulit
2253 1671 2624 1727 Andronicus
2656 1669 2816 1741 regio
2849 1673 2995 1723 nutu
3030 1683 3042 1720 :
3192 1656 3208 1662 ’

1981 1759 2079 1832 qui
2113 1759 2272 1830 gravi
2295 1760 2472 1830 jussu
2507 1776 2573 1814 ac
2604 1758 2782 1813 minis
2813 1755 3258 1812 vehementibus

1981 1853 2198 1904 certam
2231 1847 2535 1904 constituit
2565 1853 2812 1902 mortem
2845 1862 2910 1900 ac
2943 1843 3300 1916 supplicium

1981 1937 2074 1992 his
2105 1937 2205 2008 qui
2237 1938 2536 1992 decretum
2563 1933 2849 1990 violarent
2879 1949 3078 2000 suum,

1979 2027 2157 2099 idque
2186 2043 2321 2082 cum
2355 2043 2524 2098 poena
2553 2029 2835 2080 zeternum
2867 2027 3183 2093 ratumque
3211 2021 3412 2078 voluit.

1979 2117 2175 2189 Siquis
2207 2115 2490 2182 locorum,
2525 2114 2738 2185 inquit,
2770 2111 3205 2167 maritimorum

1980 2222 2286 2278 possessor
2316 2209 2405 2260 est
2434 2205 2504 2259 de
2533 2219 2743 2274 genere
2773 2201 3172 2273 optimatium,

1980 2311 2077 2351 seu
2113 2294 2525 2366 magistratum
2557 2292 2838 2346 traditum
2870 2306 2904 2344 a
2935 2306 3026 2345 me
3057 2305 3288 2361 gerens,

1981 2385 2170 2457 primo
2197 2400 2258 2440 se
2289 2384 2485 2455 ipsum
2518 2381 2650 2438 dein
2682 2379 3081 2447 subditorum,
3111 2379 3379 2434 ordinem

1983 2476 2053 2530 ad
2083 2474 2478 2543 DeiIsanctum
2513 2471 2783 2526 timorem
2816 2468 3109 2533 instituat,

1981 2570 2156 2637 atque
2188 2563 2258 2619 ad
2293 2562 2524 2634 imperii
2556 2559 2739 2616 nostri
2773 2558 3179 2614 reverentiam.

1981 2667 2127 2717 Tum
2160 2660 2360 2733 prandii
2393 2660 2622 2730 siquem
2655 2657 2963 2712 dominum
2997 2654 3280 2710 maritimi

1982 2749 2362 2824 provinciaeve
2391 2747 2724 2820 praesidem,
2759 2745 3028 2816 quamvis
3059 2741 3337 2811 nobilem,

1983 2842 2054 2897 de
2085 2839 2504 2909 naufragarum
2537 2835 2774 2891 navium
2807 2833 3114 2906 quidpiam
3150 2831 3399 2887 sarcinis

1985 2927 2314 3000 percepisse
2342 2930 2500 2982 certo
2531 2923 2826 2981 constabit
2855 2920 3098 2989 indicio,

1984 3018 2143 3074 hunc
2176 3019 2374 3072 manet
2402 3014 2598 3069 dirum
2631 3012 2838 3068 merito
2869 3008 3228 3081 supplicium
3264 3025 3278 3064 :

1986 3109 2218 3166 etiamsi
2250 3109 2397 3163 forte
2428 3107 2676 3177 ipsemet
2709 3106 2901 3159 mente
2932 3117 3116 3174 purus

1907 3225 1950 3292 Ο
1991 3213 2287 3268 manuque
2316 3211 2556 3268 prorsus
2587 3191 3086 3248 incontaminatus
3119 3188 3313 3255 luerit,

1991 3287 2041 3342 si
2073 3291 2268 3342 tamen
2301 3285 2431 3356 ejus
2461 3282 2684 3340 subditi
2717 3297 2778 3337 se
2808 3297 2938 3336 reos
2970 3277 3246 3345 fecerint;

1987 3373 2467 3447 quandoquidem
2500 3370 2706 3427 rectori
2740 3366 3195 3442 praesidentique

1988 3463 2211 3520 subditi
2240 3461 2437 3519 cuncti
2469 3458 2824 3517 conformari
2857 3457 3065 3513 solent.

1989 3563 2420 3634 Transgressor
2449 3563 2642 3613 autem
2676 3555 2824 3627 legis
2855 3554 3216 3626 perpetietur

1990 3648 2316 3704 inauditam
2347 3645 2503 3700 illico
2533 3643 2887 3701 horrendam
2923 3645 3196 3705 mortem,

1988 3737 2153 3794 triste
2184 3750 2393 3807 nempe
2425 3731 2815 3806 suspendium
2847 3730 3368 3800 extensionemque

1988 3827 2049 3881 in
2083 3825 2237 3880 malo
2270 3823 2434 3879 navis
2465 3822 2760 3893 naufraga:
2792 3819 3144 3891 experietur.

1989 3916 2134 3972 Cum
2166 3913 2344 3970 talem
2376 3910 2604 3967 cunctis
2633 3908 2983 3965 incussisset
3011 3911 3254 3977 metum,

1989 4003 2296 4060 inveterati
2328 4001 2509 4058 moris
2536 3999 2788 4057 cessavit
2818 3997 3034 4054 scelus.

1990 4094 2131 4150 Exin
2155 4093 2282 4163 jam
2316 4089 2463 4146 nulli
2493 4087 2869 4160 contingebat
2898 4087 3029 4141 navi

1991 4188 2054 4239 ut
2083 4181 2440 4254 spoliaretur
2469 4193 2644 4235 onere
2674 4193 2707 4231 a
2739 4175 3138 4248 praedonibus,

1993 4274 2044 4330 si
2076 4273 2220 4328 forte
2250 4270 2310 4325 in
2343 4267 2490 4324 mari
2524 4269 2740 4322 faceret
2771 4264 3146 4337 naufragium
3182 4280 3197 4320 :

1995 4363 2094 4420 sed
2126 4358 2464 4432 tempestati
2495 4356 2783 4413 serenitas
2814 4358 3182 4410 successerat

1996 4457 2464 4533 periclitantibus
2501 4456 2702 4510 favens
2734 4453 3041 4509 onerariis.

2002 4553 2246 4622 Insuper
2276 4544 2640 4603 Andronicus
2671 4543 2925 4613 injustos
2953 4540 3225 4598 homines

2001 4657 2171 4713 pcena
2200 4637 2492 4694 afﬁciebat
2520 4633 2832 4705 debitaque
2862 4631 3104 4700 ultione,

2001 4725 2382 4802 quantumvis
2410 4741 2545 4781 reus
2575 4722 2794 4778 nobilis
2825 4720 3136 4792 clarusque
3166 4720 3315 4777 foret
3346 4737 3360 4776 :

2002 4817 2228 4875 scilicet
2251 4815 2409 4872 haud
2444 4830 2546 4887 pro
2578 4828 2849 4886 persona,
2882 4811 2982 4867 sed
3009 4811 3170 4881 juste
3194 4809 3494 4881 judicans,

2003 4913 2060 4966 et
2088 4913 2323 4964 tenuem
2357 4909 2531 4976 atque
2561 4917 2842 4974 magnum
2875 4900 3119 4973 perinde
3149 4898 3471 4956 aestimans.

2006 4999 2065 5055 Is
2093 4997 2267 5053 etiam
2293 4993 2506 5051 Chriin
2539 4990 2930 5064 quadraginta
2958 4993 3299 5064 ‘martyrum
3382 5032 3383 5035 η

2006 5088 2232 5144 celebre
2259 5083 2428 5140 valde
2458 5080 2745 5152 templum
2776 5085 2833 5134 et
2862 5078 3334 5150 ornatissimum,

2006 5182 2147 5233 tunc
2177 5174 2451 5230 laborans
2481 5169 2766 5242 temporis
2799 5167 3040 5240 injuria,

2009 5264 2363 5322 instauravit
2391 5260 2610 5332 optime
2635 5258 2908 5328 impensa
2937 5255 3194 5328 plurima
3221 5272 3234 5312 :

2010 5356 2210 5426 ibique
2240 5352 2394 5408 aedes
2426 5350 2495 5405 ad
2528 5346 2917 5404 habitandum
2951 5344 3186 5413 struxit,

2014 5444 2304 5518 siquando
2335 5442 2406 5498 ad
2437 5440 2655 5496 dictum
2688 5436 2977 5510 templum
3008 5435 3136 5508 ipse
3166 5435 3524 5506 acccederet,

2012 5535 2175 5590 vario
2207 5529 2449 5588 artificio
2483 5531 2951 5600 sumptuosoque
2983 5526 3191 5595 miras,
3547 5533 3550 5537 '

2016 5625 2263 5694 Insuper
2293 5619 2520 5675 litteras
2549 5633 2684 5673 cum
2718 5615 2844 5672 suis
2877 5613 3311 5688 professoribus

2017 5714 2112 5771 hic
2142 5713 2461 5784 imperator
2493 5707 2731 5780 plurimi
2769 5705 3098 5776 aestimavit,

3312 5825 3344 5880 7

3509 380 3619 434 202
