4250 6432
201 421 312 475 205

392 544 659 600 ’ἹΙκουσεν
689 537 1037 615 ’Δνδρόνικος
1069 535 1311 595 πεύσεως
1347 533 1574 606 λόγους,

198 636 354 692 5380
392 631 503 688 Καὶ
534 629 725 704 καιρὸν
755 628 927 684 εῒπεῖν
959 628 1102 698 ἀειοῖ
1125 625 1242 679 καθ’
1273 625 1332 677 ὃν
1358 620 1504 677 τάδε.

396 725 592 783 Πεῦσις
621 717 885 774 τολοιπὸν
918 716 1159 791 γίγνεται
1193 711 1260 781 δὴ
1295 708 1540 786 δευτέρα,

399 811 498 865 Καὶ
527 809 722 880 πνεῦμ’
751 805 933 861 ἀνεῖλε
961 801 1030 858 δι’
1061 799 1387 875 ἄπασμάτων
1418 797 1546 854 τάδε
1579 818 1592 831 ο

394 902 485 962 Ὠς
517 900 726 971 ἡμέρας
758 890 998 950 ἔντοσθεν
1034 892 1255 968 ὑπάρξει
1286 887 1434 960 τάδε,

393 991 524 1053 Καθ’
557 989 618 1056 ἢν
645 987 709 1041 τὸ
739 979 1058 1061 τρισόλϐιον
1097 981 1327 1054 ὑψοῦται
1361 977 1520 1049 ξύλον
1559 997 1568 1009 ·

198 1083 360 1141 5385
399 1078 540 1137 Μίαν
572 1075 617 1132 δ’
649 1078 676 1130 ὁ
706 1068 1080 1146 Σεπτὲμϐριος
1105 1071 1204 1146 ἦγε
1232 1070 1367 1146 πρὸς
1399 1065 1546 1138 δέκα,

394 1170 559 1223 Ἐπᾶν
593 1164 787 1240 ἐδρᾶτο
818 1163 1008 1237 πρᾶξις
1040 1157 1442 1236 άῤῥητουργίας

391 1260 462 1314 Ἀ
491 1255 660 1330 λῆρον
689 1255 939 1329 ἡγήσατο
971 1250 1134 1326 γνοὺς
1161 1253 1328 1303 ταῦτα
1356 1244 1572 1320 κράτωρ
1606 1262 1618 1275 ’

382 1350 505 1407 Πῶς
535 1343 594 1399 ἄν
629 1345 753 1398 ποτ’
785 1340 1057 1416 ίσχύσειεν
1092 1338 1261 1393 εἰπὼν
1296 1333 1580 1410 Κυπρόθεν

391 1434 638 1497 Πλεύσας
669 1432 936 1492 Ἰσαάκιος
967 1427 1019 1483 ἐν
1057 1429 1255 1503 βραχεῖ
1287 1424 1474 1500 χρόνῳ

193 1526 348 1582 5390
387 1524 548 1583 Οὕτω
577 1521 941 1594 καταστρέψαι
976 1537 1041 1592 με
1069 1519 1169 1583 τῆς
1197 1514 1569 1590 κραταρχίας;

391 1615 500 1670 Τὸν
522 1611 784 1688 Κυπρίων
813 1609 1073 1685 τύραννον
1109 1605 1320 1675 οίηθεῖς
1351 1603 1539 1658 πίλειν

385 1705 485 1757 Τὸν
515 1703 760 1757 καθεκεῖν
798 1694 1077 1773 μέλλοντα
1104 1693 1258 1751 τόνδε
1283 1694 1382 1748 τοῦ
1411 1693 1664 1766 κράτους,

380 1789 584 1867 ’Ἄνδρα
617 1794 918 1864 Κομνηνῶν
952 1788 1012 1843 ἐκ
1039 1785 1224 1861 γένους
1256 1782 1622 1857 κατηγμινον,

385 1882 733 1950 Ἀποστάτην
767 1877 826 1933 δὲ
853 1882 952 1932 τοῦ
981 1875 1212 1952 κράτους
1246 1869 1610 1945 δεδειγμένον,

197 1974 344 2029 5395
381 1973 593 2047 Ἀρχήν
623 1990 683 2025 τε
709 1970 807 2038 τήν
842 1967 1114 2041 ὕπαρχον,
1148 1964 1224 2026 εἰς
1255 1960 1516 2037 ἀναρχίαν

381 2058 685 2136 Τυραννίδα
712 2079 770 2114 τε
801 2057 1079 2131 δυσμενῶς
1109 2054 1406 2124 τεθεικότα,

379 2151 493 2218 Τὴν
527 2151 741 2205 Ἰσάκου
772 2146 968 2217 κλῆσιν
1004 2143 1061 2199 δὲ
1083 2139 1507 2211 πεπλουτηκότα
1541 2157 1553 2171 ⁸

379 2239 539 2296 Οὕτω
568 2237 797 2310 νομίσας
829 2232 1180 2308 Ἀνδρόνικος
1208 2230 1299 2286 καὶ
1331 2230 1560 2306 φράσας,

378 2328 474 2389 Εἰς
506 2327 710 2402 ἀρχικᾶ
741 2323 967 2397 δώματα
995 2325 1063 2378 τά
1090 2323 1225 2395 πρὸς
1257 2317 1517 2389 Ἀνάπλῳ

193 2420 338 2474 5400
376 2418 522 2490 Ιῐρὸς
552 2410 838 2491 διατριϐὴν
867 2415 955 2468 καὶ
991 2411 1242 2487 διάχυσιν
1275 2403 1397 2479 ἔϐη.

374 2510 440 2564 Ὀ
471 2505 518 2561 δ’
550 2505 614 2560 αὗ
644 2508 950 2580 κακοῦργος
982 2497 1536 2576 ἀντιχριστοφορίτης

378 2596 610 2672 Τρὲχων
643 2595 838 2671 ἀφῖκτο
871 2591 966 2647 σὺν
991 2591 1202 2664 ὀλίγοις
1233 2588 1467 2648 οῐκιταις

377 2685 526 2761 Πρὸς
558 2683 730 2740 οἰκίαν
765 2681 1040 2739 εὕκτιστον
1075 2677 1366 2749 Ἰσαακίου,

379 2777 479 2829 Καὶ
507 2772 654 2830 τόνδ’
679 2773 876 2851 ἐφώνει
901 2774 1010 2826 τῶν
1043 2768 1228 2842 δόμων
1261 2767 1499 2823 κατιέναι
1536 2783 1552 2799 ο

197 2866 340 2922 5405
378 2864 476 2918 Καὶ
512 2859 642 2935 τῷδ’
668 2862 928 2936 ὁμαρτεῖν
963 2855 1025 2914 οὗ
1059 2853 1208 2912 δοκεῖ
1233 2855 1542 2929 πορευτέον.

379 2954 442 3011 Ὀ
477 2954 573 3026 μὲν
605 2949 800 3012 δεδιὼς
829 2951 930 3018 τὴν
962 2947 1212 3022 ὁμοκλὴν
1243 2945 1434 3001 αὐτίκα

377 3042 700 3099 Θεοκλυτῶν
737 3042 956 3116 ὑπῆρχε
988 3038 1248 3115 ῥυσθῆναι
1279 3036 1451 3109 μόρου
1485 3052 1501 3070 ο

379 3134 443 3190 Ὁ
474 3129 522 3187 δ’
551 3130 728 3208 ἀγρίῳ
760 3127 1042 3206 βλὲμματι
1071 3126 1163 3182 καὶ
1199 3127 1305 3202 βοῇ
1333 3122 1501 3179 πάλιν

374 3221 550 3279 Αὐτὸν
580 3219 861 3276 κατελθεῖν
897 3215 1239 3293 ἐγκελεύεται
1269 3215 1464 3288 τάχος.

193 3313 334 3369 5410
375 3309 538 3366 Ἀλλ’
569 3309 642 3372 ὠς
679 3308 824 3383 ὶώρα
855 3303 1191 3383 βραδύνοντα
1219 3303 1310 3358 καὶ
1342 3300 1535 3372 πάλιν,

374 3403 509 3460 Τοῖς
536 3398 772 3459 οἰκέταις
803 3396 869 3466 ἦν
898 3394 1177 3471 ἐγκραγὼν
1216 3393 1350 3466 μετὰ
1381 3387 1560 3467 χόλου

377 3490 655 3566 Σύροντας
684 3485 844 3542 αὐτὸν
878 3486 1126 3561 κατάγειν
1161 3482 1478 3555 οἰκημάτων
1516 3499 1532 3514 ·

378 3580 568 3640 Μόλις
600 3578 883 3633 κατελθεῖν
917 3567 1224 3638 ἆκϐιασθεὶς
1252 3575 1322 3645 τῇ
1357 3570 1450 3646 βίᾳ

375 3673 570 3725 Ἵππον
601 3671 651 3724 τ’
683 3663 886 3729 ἀναϐὰς
916 3663 1345 3741 ηὐτρεπισμένον
1367 3663 1490 3718 τότε

196 3763 339 3818 5415
503 3758 783 3835 Ἀγγὲλων
813 3759 1027 3818 ’Ίσακος
1061 3753 1499 3831 άνδρειοφρόνως

381 3849 571 3905 Σπασά
579 3869 739 3922 μενος
771 3849 1044 3926 φάσγανον
1073 3847 1249 3915 ἠκονη
1260 3843 1438 3917 μενον,

377 3937 592 4017 Ἐφάλλ
603 3959 715 3994 εται
748 3935 816 4007 δὴ
851 3930 1371 4011 ἀντιχριστοφορίτῃ
1385 3979 1399 4001 ,

383 4029 480 4084 Καὶ
512 4026 849 4104 κατενεγκὼν
875 4023 1034 4082 τοῦδε
1059 4025 1284 4100 πληγὴν
1312 4021 1548 4099 καιρίαν,

382 4125 526 4194 Διχῆ
557 4115 804 4196 κεφαλὴν
837 4113 1055 4190 διέκοψε
1078 4117 1147 4188 τῇ
1180 4115 1357 4186 σπάθῃ
1390 4132 1404 4146 ·

203 4212 340 4268 5420
377 4211 469 4263 Ὃν
502 4209 592 4264 καὶ
621 4210 942 4283 προκεῖσθαι
971 4209 1089 4267 τοῖς
1117 4202 1239 4258 κυσὶ
1273 4202 1450 4258 λιπὼν
1481 4199 1651 4278 ἕλωρ,

379 4301 540 4374 Ὀλῳ
575 4300 770 4376 ῥυτῆρι
800 4297 937 4375 πρὸς
967 4298 1103 4352 νεὼν
1135 4294 1320 4372 τρέχει
1355 4296 1525 4370 μέγαν

381 4395 463 4448 Δι’
494 4393 701 4467 ἀγορᾶς
728 4409 786 4444 τε
814 4390 900 4444 καὶ
936 4386 1222 4465 λεωφόρου
1256 4387 1425 4458 μὲσης
1459 4402 1472 4418 ·

384 4482 487 4539 Καὶ
523 4481 671 4557 χειρὶ
693 4479 903 4556 γυμνὸν
935 4478 998 4532 τὸ
1029 4475 1177 4555 ξίφος
1207 4473 1385 4554 φέρων
1413 4471 1493 4529 ἔτι

385 4578 556 4628 Πᾶσιν
585 4571 750 4646 τορὸν
778 4569 1030 4644 κέκραγε,
1059 4559 1200 4638 τῷδε
1225 4565 1307 4636 τῷ
1338 4563 1477 4642 ξίφει

205 4667 345 4724 5425
383 4664 584 4736 Τεμεῖν
616 4658 862 4735 κεφαλὴν
895 4653 1468 4731 ἀντιχριστοιρορίτου.

386 4752 539 4810 Ἐπεὶ
574 4748 631 4805 δὲ
660 4747 789 4804 ναὸν
822 4743 1111 4822 εἰσέδραμε
1133 4745 1226 4800 τὸν
1259 4743 1445 4819 μέγαν,

1743 409 2103 467 ΟΒΒΔΒΕΘ.

1897 537 1946 604 Α

1893 1890 1940 1958 Β

1892 4613 1942 4677 D

385 4844 495 4901 Τὸν
522 4844 632 4896 τῶν
665 4840 985 4918 φονουργῶν
1016 4833 1177 4910 ἔσχεν
1203 4832 1282 4898 εἷς
1313 4835 1496 4889 στάσιν
1527 4836 1694 4890 τόπον
1728 4838 1860 4910 (6i).

384 4932 518 4990 Εἶτα
551 4928 792 5006 ωνερῥει
827 4925 964 4982 κατὰ
992 4922 1314 5000 χιλιοστύας

383 5024 617 5096 Ἀπειρα
643 5016 834 5089 πλήθη
866 5015 1002 5093 πρὸς
1035 5014 1158 5079 θὲαν
1192 5012 1480 5083 Ἰσαακίου,

206 5117 345 5172 5430
384 5112 492 5175 οὓς
520 5111 614 5166 καὶ
642 5108 987 5174 καθικὲτευσε
1015 5103 1148 5178 τῷδ’
1177 5103 1467 5176 ἐπαμύνειν

1981 533 2216 590 Oraculi
2246 535 2620 592 Andronicus
2649 537 2844 591 verbis
2877 534 3148 607 cognitis,

1981 627 2218 695 tempus
2250 625 2516 696 poposcit
2546 625 2696 682 scire
2727 639 2841 696 quo
2873 626 2993 681 haec
3021 625 3246 680 flerent.

1982 711 2197 770 Iterum
2230 729 2368 786 ergo
2402 719 2646 788 rogatur
2677 715 3004 771 oraculum.

1979 801 2128 856 Tum
2161 803 2244 858 sic
2277 805 2600 876 composito
2631 807 2891 860 carmine
2922 805 3150 860 daemon
3183 803 3266 860 ait
3301 820 3312 858 :

1979 894 2110 945 Haec
2141 893 2293 948 intra
2323 894 2477 949 diem
2511 895 2734 950 exitum
2767 899 2908 949 sunt
2937 893 3214 949 habitura

1978 995 2093 1051 quo
2127 983 2522 1037 venerandum
2556 981 2705 1038 solet
2735 983 2977 1037 eXaltarl
3009 980 3231 1052 lignum
3267 997 3281 1036 :

1977 1085 2148 1140 porro
2176 1073 2534 1142 Septembris
2558 1073 2684 1142 jam
2716 1078 2842 1127 erat
2869 1072 2996 1126 dies
3028 1071 3342 1126 undecima

1975 1158 2117 1212 dum
2147 1159 2266 1214 haec
2293 1177 2505 1216 arcana
2538 1160 2817 1217 divinatio
2850 1161 3031 1215 ﬁeret.

1974 1251 2093 1303 Has
2125 1248 2442 1320 imperator
2473 1265 2662 1322 nugas
2694 1266 2822 1306 esse
2851 1249 3120 1305 credidit.

1975 1338 2276 1401 Quomodo
2308 1339 2490 1405 enim,
2520 1341 2732 1411 inquit,
2765 1341 2949 1411 Cypro
2981 1339 3196 1410 poterit

1974 1429 2088 1484 huc
2119 1428 2392 1499 navigare
2426 1429 2686 1485 lsaacius
2715 1433 2835 1484 tam
2867 1427 3024 1483 brevi
3054 1432 3336 1498 tempore.

1975 1534 2289 1589 meumque
2321 1518 2486 1590 regni
2518 1518 2732 1573 solium
2765 1522 3016 1573 evertere
3039 1517 3066 1570 ?

1971 1606 2358 1662 Existimabat
2388 1608 2546 1662 enim
2579 1612 2896 1678 tyrannum
2928 1607 3206 1678 Cyprium

1971 1701 2028 1752 et
2055 1696 2415 1751 eversionem
2450 1696 2540 1751 sui
2574 1701 2888 1751 venturum
2920 1695 3140 1763 throni,

1972 1786 2161 1840 virum
2194 1786 2491 1841 Comnena
2521 1785 2592 1840 de
2624 1791 2795 1857 gente
2825 1784 3217 1856 progenitum,

1973 1875 2072 1946 qui
2107 1874 2466 1945 perduellem
2500 1879 2684 1930 semet
2711 1873 2956 1945 imperio
2989 1873 3272 1929 exhibens

1972 1965 2177 2020 insulae
2210 1965 2616 2036 praefecturam
2650 1965 2722 2019 ad
2756 1979 2818 2019 se
2851 1966 3146 2035 rapuerat,

1970 2054 2163 2126 ibique
2197 2071 2408 2109 saevam
2435 2054 2740 2109 exercebat
2773 2052 3164 2124 tyrannidem,

1967 2149 2142 2216 atque
2175 2144 2372 2199 Isacus
2406 2143 2642 2198 nomine
2670 2141 3098 2214 appellabatur,

1965 2234 2058 2289 Sic
2089 2234 2459 2290 Andronicus
2486 2233 2688 2288 dicens
2720 2235 2893 2302 atque
2924 2230 3287 2298 existimans,

1967 2323 2037 2377 ad
2069 2322 2258 2393 regias
2288 2323 2439 2377 aedes
2473 2323 2574 2376 ivit
2606 2338 2731 2392 qua:
2764 2327 2904 2376 sunt
2935 2321 2992 2375 in
3027 2320 3242 2391 Anaplo

1965 2417 2029 2466 ut
2057 2428 2184 2467 sese
2213 2413 2266 2466 in
2301 2412 2399 2466 illo
2432 2411 2748 2467 oblectaret
2777 2410 3054 2481 hospitio:

1966 2501 2204 2556 Interim
2237 2507 2433 2556 tamen
2467 2499 2766 2556 maleﬁcus
2796 2499 3129 2570 Stephanus

1965 2607 2095 2647 cum
2128 2590 2330 2663 paucis
2362 2591 2574 2662 raptim
2602 2591 2760 2646 venit
2789 2589 3176 2645 familiaribus

1967 2681 2038 2736 ad
2070 2681 2349 2753 pulchras
2381 2681 2533 2737 aedes
2565 2681 2773 2736 Isaacii
2804 2680 3030 2749 Angeli,

1967 2784 2223 2841 eumque
2251 2786 2391 2826 voce
2422 2770 2604 2842 iussit
2634 2770 2868 2841 prodire
2898 2770 3095 2836 domo,

1970 2875 2144 2931 seque
2175 2861 2388 2916 ducem
2421 2859 2587 2931 sequi
2619 2875 2905 2931 quorsum
2938 2859 3223 2914 tenderet.

1970 2950 2071 3005 Ille
2104 2949 2321 3006 minaci
2353 2952 2764 3006 consternatus
2796 2963 2956 3018 voce,

1972 3045 2034 3095 ut
2068 3055 2124 3095 se
2155 3039 2329 3096 morti
2361 3039 2718 3095 subduceret
2746 3039 2932 3094 Deum
2966 3038 3232 3110 rogabat.

1967 3129 2300 3201 Stephanus
2331 3130 2516 3185 torvis
2546 3128 2734 3184 oculis
2765 3126 3095 3184 inclamans
3120 3128 3333 3184 iterum

1969 3223 2033 3275 ut
2064 3219 2190 3275 sine
2217 3234 2380 3274 mora
2410 3223 2756 3290 sequeretur
2777 3217 2964 3289 jubet.

1971 3309 2186 3365 Verum
2221 3314 2284 3364 ut
2311 3311 2459 3366 vidit
2487 3311 2892 3366 demorantem
2922 3311 3137 3376 adhuc,

1971 3399 2224 3455 intendit
2251 3414 2449 3456 vocem
2481 3400 2554 3455 ad
2587 3399 2869 3455 satellites
2895 3415 3056 3471 suos,

1972 3492 2037 3543 ut
2063 3504 2196 3544 eum
2227 3493 2560 3561 correptum
2593 3488 2817 3545 aedibus
2850 3490 3277 3561 protraherent.

1969 3579 2118 3633 Tum
2151 3579 2391 3634 demum
2425 3578 2526 3634 tali
2557 3577 2610 3634 vi
2642 3583 2879 3636 coactus
2910 3595 3153 3651 equum,

1972 3669 2071 3739 qui
2104 3669 2251 3724 bene
2281 3669 2611 3724 instructus
2641 3668 2862 3736 aderat,
2895 3672 3237 3726 conscendit

1971 3757 2230 3830 Angelus
2259 3759 2538 3826 Isaacius,
2571 3761 2925 3831 sumptoque
2957 3761 3155 3817 animo

1975 3854 2213 3906 acutum
2247 3849 2510 3920 gladium
2542 3849 2612 3904 de
2637 3849 2849 3921 vagina
2880 3865 3156 3921 promens

1971 3941 2198 4013 impetu
2231 3942 2435 3995 contra
2465 3937 2832 4009 Stephanum
2864 3938 3114 4013 impium
3149 3943 3286 4011 ruit,

1970 4034 2144 4102 atque
2174 4045 2302 4085 eum
2337 4027 2568 4084 mortali
2599 4031 2953 4086 consecutus
2982 4031 3126 4100 ictu,

1970 4123 2147 4192 caput
2176 4118 2448 4175 bifariam
2482 4118 2646 4174 ensis
2673 4117 2795 4174 acie
2826 4121 3040 4189 secuit;

1968 4215 2024 4267 et
2055 4211 2310 4283 praedam
2344 4208 2596 4265 canibus
2619 4207 2919 4265 hominem
2945 4210 3307 4284 relinquens,

1969 4305 2147 4362 effuso
2180 4315 2357 4357 cursu
2388 4312 2672 4370 magnum
2704 4299 2774 4355 ad
2806 4300 3093 4371 templum
3123 4303 3285 4358 venit

1969 4411 2072 4468 per
2103 4391 2255 4447 viam
2289 4387 2587 4461 publicam
2618 4401 2836 4460 perque
2867 4390 3058 4446 forum
3091 4392 3378 4463 medium;

1971 4485 2320 4552 nudumque
2349 4477 2542 4534 adhuc
2576 4493 2756 4532 manu
2789 4478 3054 4550 gladium
3091 4495 3301 4554 gerens

1971 4571 2199 4632 cunctis
2230 4567 2605 4639 inclamabat,
2628 4567 2747 4623 Hoc
2778 4583 2884 4642 ego
2916 4569 3110 4641 gladio

1973 4663 2158 4735 capite
2190 4657 2534 4717 obtruncavi
2559 4657 2878 4713 scelestum
2909 4659 3300 4733 Stephanum.

1974 4755 2045 4809 At
2073 4751 2175 4807 ubi
2204 4749 2265 4804 in
2298 4761 2578 4818 magnum
2609 4747 2872 4818 pervenit
2900 4749 3214 4822 templum,

1973 4838 2408 4898 homicidarum
2441 4834 2734 4908 pulpitum
2759 4836 3001 4896 insedit.

1975 4931 2262 5002 Deinceps
2291 4925 2623 4983 conﬂuente
2656 4927 2830 4983 turba
2859 4931 3117 4987 maxima

1977 5022 2412 5089 innumeroquc
2441 5015 2657 5087 populo
2688 5018 2760 5072 ad
2794 5018 3102 5088 Isaacium,

1976 5111 2072 5166 hic
2101 5107 2449 5166 obsecrabat
2478 5109 2543 5161 ut
2571 5106 2684 5161 sibi
2718 5109 3022 5179 suppetias

3521 412 3626 465 200

1979 5202 2198 5258 ferrent
2223 5201 2279 5253 et
2310 5194 2564 5252 validam
2594 5196 3018 5267 defensionem,

1979 5293 2039 5348 in
2071 5288 2216 5363 ipsis
2249 5301 2458 5358 nempe
2490 5284 2681 5359 posito
2711 5288 2920 5344 mortis
2945 5289 3170 5360 januis.

387 5202 492 5260 Καὶ
523 5200 624 5269 τὴν
649 5194 878 5266 δυνατὴν
907 5194 1170 5274 είσφίρειν
1205 5190 1554 5268 συμμαχίαν,

387 5293 543 5350 Ὀντι
576 5289 712 5365 πρὸς
743 5286 930 5348 αὐταῖς
960 5286 1059 5340 τοῦ
1086 5283 1317 5349 θανάτου
1345 5288 1466 5346 ταῖς
1495 5279 1696 5348 πύλαις
1731 5306 1744 5320 ο

278 5492 393 5565 (64)
427 5488 664 5567 Nicetes
696 5487 1011 5567 Choniates
1044 5481 1144 5567 lib.
1179 5496 1241 5567 ιι,
1279 5483 1347 5538 10
1371 5480 1514 5567 εηΐὸν
1567 5485 1710 5567 ρεῖον
1757 5484 1872 5567 εἷς-

1983 5510 2148 5567 ρησιν-
2176 5506 2190 5546 :
2223 5490 2488 5567 templum
2525 5489 2806 5567 ingressus
2856 5502 2978 5544 eam
3018 5489 3200 5567 sedem
3231 5485 3544 5567 conscendit
3575 5490 3637 5567 in

215 5553 306 5640 {div
359 5553 511 5640 ναὸν,
584 5562 749 5640 ἄνεισι
799 5559 928 5640 τὸν-
976 5557 1344 5640 ἀνάσταθμον,
1400 5553 1481 5640 ὃν,
1550 5555 1602 5610 oi
1660 5563 1874 5640 ⁵φονεῖς

1982 5553 2098 5640 qua
2130 5561 2424 5640 homicidae
2451 5553 2882 5640 suurn/acinus
2916 5562 3151 5640 publica
3196 5564 3539 5640 conﬁtentes,
3572 5563 3639 5618 ab

215 5625 604 5712 ἀπαρχόμενοι,
646 5630 724 5712 ’τὸ
784 5631 990 5712 οἰκεῖον
1065 5625 1598 5712 ᾀνακεξιαλυμμςνῶς
1656 5625 1874 5712 διίιτραἴ

1985 5625 2423 5712 ingredientibus
2460 5625 2868 5691 sanctissimum
2911 5625 3092 5690 focum
3129 5625 3645 5706 egredientibusque

211 5697 383 5764 νοῦσῗ
421 5697 850 5779 πλημμξλημα,
904 5701 1005 5772 τὴν
1042 5699 1122 5779 ¹ἰκ
1177 5704 1285 5755 τῶν
1341 5697 1620 5779 είσιόντων
1669 5723 1727 5758 τε
1780 5697 1873 5760 καὶ

782 5726 850 5772 ,α,
904 5701 1005 5772 τὴν
1042 5699 1122 5779 ’ἐκ
1177 5704 1285 5755 τῶν
1341 5697 1620 5779 είσξόντων
1669 5723 1727 5758 τε
1780 5697 1873 5760 καὶ
1989 5697 2207 5768 veniam
2248 5711 2460 5779 petunt.

215 5780 464 5852 ἐξιόντων
526 5769 608 5833 ταδ’
647 5769 1224 5853 ἱερῶτατοναὶμενος
1304 5769 1577 5834 αῒτοῦντες
1652 5779 1873 5854 συγχώ-
