4190 6448
152 409 257 465 209

326 532 419 591 Ὠς
449 530 581 604 peis:
613 526 744 605 ἔφην
774 526 1037 602 φεύγοντα
1066 527 1201 600 πρὸς
1240 522 1623 600 Ταυροσκῦθας

328 620 551 675 Ἀνακτι
582 616 916 685 παρέστησαν
956 614 1233 685 Ἰσαακίῳ.

148 710 292 764 5495
331 706 432 761 Καὶ
463 703 657 760 λοιπὸν
689 701 829 765 οἵαις
862 698 1129 778 ἰεέτριψεν
1155 701 1357 763 αἰκίαις

323 796 517 855 Ὀσαις
545 813 603 847 τι
632 796 846 853 ποιναῖς
879 791 1146 853 Ἱσαάκιος
1176 791 1393 864 κράτωρ

325 884 433 940 Τὸν
466 880 654 937 ἄθλιον
694 882 922 955 γέροντα
948 877 1102 935 τόνδε
1128 879 1217 934 καὶ
1264 879 1409 954 βίαις

324 973 445 1031 Οὐκ
472 970 533 1027 ἄν
564 992 645 1033 τις
680 970 951 1044 ίσχῦσιιεν
986 968 1153 1024 εἷπεῖν
1188 965 1405 1043 ῥᾳδίως·

320 1064 515 1134 Ὅμως
543 1059 802 1137 φράσαιμ’
831 1058 891 1113 ἂν
925 1057 1161 1113 συνελὼν
1190 1058 1326 1112 κατά
1349 1056 1553 1116 σθένος·

138 1162 287 1215 5500
326 1160 712 1232 Καθείργνυται
744 1159 936 1230 πρῶτα
969 1156 1064 1228 μὶν
1100 1156 1255 1215 οὗτος
1284 1152 1359 1212 εἷς
1385 1150 1547 1207 πόλιν

327 1251 559 1319 Δεσμοῖς
592 1242 839 1318 σιδηροῖς
870 1241 1097 1304 ἂνδεθεῖς
1127 1241 1310 1316 δειρήν
1343 1238 1534 1301 πόδας

328 1337 445 1393 Εἶτ’
476 1335 821 1409 ἰμφανισθεῖς
850 1331 1056 1396 ἀθλίως
1094 1331 1269 1394 οὕτως
1298 1330 1443 1405 ἔχων

323 1432 418 1497 Τῷ
452 1424 697 1498 βασιλεῖ,
719 1422 1013 1495 σκώμμασι
1048 1418 1307 1494 βάλλεται
1343 1416 1512 1480 τάλας

328 1515 437 1571 Καὶ
468 1511 859 1588 λοιδορησμῶν
891 1512 1101 1586 νιφάσιν
1125 1508 1441 1582 ἀπειρίτων,

140 1608 289 1662 5505
324 1602 631 1671 Ῥαπίζεται
665 1598 876 1672 μάστιξι
901 1596 1167 1673 γλουτοὺς
1193 1597 1281 1651 καὶ
1314 1596 1498 1672 ῥάχιν,

326 1693 512 1765 Κάραν
544 1692 800 1762 ψι.ιοῦται
830 1691 940 1741 τῶν
962 1686 1173 1761 τριχῶν
1202 1685 1291 1739 καὶ
1321 1685 1422 1751 τήν
1449 1682 1627 1758 γὲνυν,

328 1780 430 1837 Καὶ
458 1777 587 1841 τοὺς
615 1774 839 1837 ὀδόντας
869 1774 1189 1850 ἐξεκρούσθη
1220 1774 1356 1847 πρὸς
1392 1770 1533 1846 βίαν·

328 1866 635 1927 Ἑκδίδοται
663 1866 917 1941 παίγνιον
949 1863 1185 1941 ἄθυρμα,
1211 1862 1385 1938 γὶλως

326 1963 591 2015 Μισοῦσιν
623 1956 786 2012 αὐτὸν
818 1956 907 2010 καὶ
937 1958 1133 2010 κακοῦν
1166 1955 1275 2029 ᾑρη
1289 1952 1495 2024 μένοις.

138 2053 289 2107 5510
332 2050 492 2125 (“per
524 2045 805 2120 παροινίας
832 2066 911 2117 τε,
948 2044 1229 2117 μάστιγας,
1262 2037 1467 2116 ὕϐρεις,

325 2137 556 2211 Πυγμάς
584 2134 721 2189 κατά
750 2133 1043 2205 στόματος,
1074 2129 1248 2192 ἄλλας
1279 2129 1525 2199 αἰκίσεις,

321 2230 519 2282 Κακῶν
552 2221 759 2280 Ἰλιάδα
789 2242 848 2276 τε
875 2221 964 2276 καὶ
992 2217 1326 2296 τραγῳδίαν,

318 2313 431 2370 Καὶ
459 2315 755 2387 συμφορῶν
785 2310 1025 2383 πὲλαγος
1055 2308 1117 2363 οὐ
1161 2307 1549 2383 μετρούμενοψ

314 2403 417 2458 Καὶ
446 2401 585 2476 πρὸς
616 2402 885 2474 γυναικῶν
914 2397 1325 2472 ὶμπαροινεῖται
1358 2395 1551 2465 πλίον,

130 2502 279 2559 5515
316 2500 464 2574 Πρὸς
490 2494 653 2554 τοῦδε
682 2498 817 2572 φάος
851 2496 1116 2569 ὀμμάτων
1152 2489 1517 2569 ἑσῦεσμὲνων,

313 2592 389 2645 Ἦ
422 2587 513 2643 καὶ
544 2589 829 2651 παθουσῶν
866 2583 1063 2657 ζημίαν
1094 2587 1203 2639 τῶν
1234 2582 1499 2659 συζύγων,

318 2678 509 2753 Τυχὸν
544 2674 602 2731 δὲ
625 2675 715 2729 καὶ
746 2678 890 2753 σφῶν
931 2670 1270 2751 ἐκτύφλωσιν
1300 2673 1588 2746 ὀμμάτων,

322 2766 470 2838 Πρὸς
505 2767 804 2841 μισοφαοῦς
832 2759 995 2818 τοῦδε
1024 2758 1238 2839 φαύλης
1266 2759 1508 2837 καρδίας,

321 2854 496 2915 Τέλος
526 2852 828 2921 καθεσθεὶς,
860 2849 905 2905 ὣ
935 2850 1097 2921 ξενων
1123 2848 1482 2923 ἀκουσμάτων
1512 2852 1524 2906 l

144 2946 291 3003 5520
328 2942 459 3001 Ἐπὶ
485 2940 745 3014 καμήλου
775 2939 1073 3014 ψωριώσης
1094 2935 1297 3002 ἀθλίως

322 3034 386 3090 Ὁ
419 3031 551 3104 πρὶν
585 3028 835 3105 βασιλεὺς
865 3026 1214 3101 αὐτοκράτωρ
1244 3026 1527 3100 Αὐσόνων,

320 3123 385 3179 Ὀ
424 3118 731 3195 βασιλικοῖς
758 3114 1115 3189 ἀναδούμενος
1146 3118 1392 3192 κρότοις,

324 3216 406 3264 Δι’
436 3209 637 3283 ἀγορᾶς
662 3227 719 3262 τε
747 3206 836 3261 καὶ
869 3206 1038 3278 μέσης
1068 3203 1354 3282 λεωφόρου

318 3296 674 3370 Ῑῐομπεῦιται
704 3296 932 3349 κάκιστα
961 3292 1399 3368 συνελεγμένοις,

141 3388 284 3443 5525
324 3391 505 3458 Σῶμα
534 3382 827 3439 καλύπτων
858 3378 1064 3436 εὐτελεῖ
1092 3385 1171 3453 τῷ
1202 3380 1394 3456 ῥακίῳ,

324 3470 637 3549 Ἀκαλυιρές
666 3493 725 3527 τε
756 3467 1013 3525 δεικνύων
1045 3468 1108 3523 τὸ
1137 3469 1383 3543 κρανίον,

326 3560 541 3636 Οἰκτρά
568 3581 648 3621 τις
679 3555 825 3633 ὄψις,
860 3558 998 3626 ἀκοὴ
1031 3555 1320 3632 φρικαλέα,

326 3650 520 3726 Πηγάς
554 3647 799 3724 δακρύων
834 3646 1228 3719 ἐκκαλούμεναι
1257 3645 1402 3722 τάχα

324 3743 426 3801 Οἷς
458 3737 690 3812 ἡμέροις
720 3733 935 3811 ὄμμασι
964 3737 1099 3811 πρὸς
1131 3736 1502 3809 κακουμένους

145 3840 289 3896 5530
329 3840 433 3893 Καὶ
467 3838 725 3912 συγγενὲς
755 3837 985 3909 πέφυκεν
1018 3835 1196 3911 ἀθρεῖν
1232 3833 1446 3899 ἐνθέως.

332 3928 397 3985 ’0
430 3923 744 4002 ξυγκλύδων
772 3919 948 3999 ὄχλος
981 3920 1038 3978 δὲ
1074 3922 1166 3977 καὶ
1197 3926 1304 3977 τῶν
1346 3924 1631 4000 συριράκων

331 4013 817 4085 Ἀλλαντοπῶλαι,
852 4008 1181 4088 βυρσοδίψαι
1211 4010 1300 4067 καὶ
1331 4010 1527 4088 ῥάπται

332 4100 788 4179 Παλιγκαπήλων
819 4100 1105 4177 ἀλόγιστος
1138 4100 1369 4179 φρατρία

327 4196 541 4267 Πομπῇ
568 4191 828 4265 παρόντες
858 4191 955 4245 κπὶ
988 4185 1244 4265 θριάμϐῳ
1272 4192 1353 4263 τῷ
1380 4190 1523 4261 τότε,

141 4285 288 4339 5535
324 4284 687 4355 Ἀτιμοποιῷ
711 4282 799 4336 καὶ
830 4276 1120 4356 γελοιώδει
1152 4276 1349 4350 πλέον,

323 4369 498 4430 Οὐδὲν
530 4374 779 4444 παρῆκαν
812 4368 1013 4436 αἷκῖας,
1044 4368 1314 4442 τιμωρίας

325 4458 493 4523 Εἶόός
527 4482 577 4515 τι
610 4458 813 4528 λοιπῆς
845 4459 1061 4529 κακίας,
1096 4456 1407 4534 βδελυρίας,

320 4553 390 4608 Ὀ
425 4551 505 4621 μὴ
538 4551 812 4623 προσῆγον
842 4541 1051 4611 ἀσεϐῶς
1080 4543 1447 4623 Ἀνδρονίκῳέ

318 4642 389 4700 Οἱ
430 4640 528 4713 μὶν
564 4640 667 4714 γάρ
700 4637 897 4710 αὐτῶν,
930 4659 969 4691 π
1001 4643 1259 4713 περιττῆς
1296 4638 1487 4709 μανίας
1515 4638 1526 4693 !

145 4733 283 4789 5540
320 4732 624 4799 Ἔτυπτον,
658 4727 987 4801 ἐσπάραττον
1021 4726 1182 4781 αὐτοῦ
1206 4726 1424 4803 κρανίον

320 4819 427 4878 Καὶ
454 4819 586 4873 νῶτ’
618 4814 852 4892 ἀφειδῶς
882 4820 1001 4879 ταῖς
1033 4814 1286 4892 κρούναις
1312 4836 1371 4870 τε
1407 4815 1495 4869 καὶ
1528 4812 1731 4885 ξύλοιςο

228 4970 231 4973 ν
317 4910 389 4968 Οἱ
452 4905 500 4962 δ’
558 4907 621 4961 αὗ
675 4927 735 4981 γε
790 4904 1027 4979 πλευρὰς
1090 4904 1176 4959 καί
1255 4902 1483 4981 νεφροὺς
1554 4905 1803 4974 πρωκτὸν

1543 4991 1731 5065 [πάλιν

314 5083 608 5163 Ξιιριδίοις
634 5080 846 5160 ἔπειρον
880 5083 913 5153 ἢ
946 5084 1033 5138 καὶ
1066 5082 1302 5160 ῥαφίσιν·

312 5174 524 5233 ’Ἄλλοι
560 5172 611 5229 δ’
636 5173 884 5248 ἐμίνθουν
916 5175 1013 5243 τήν
1050 5172 1169 5249 ῥῖνα
1207 5177 1321 5233 τοῖς
1359 5166 1658 5244 βολϐίτοις,

148 5275 283 5331 5545
319 5278 451 5332 Τῶν
487 5270 536 5328 δ’
570 5268 744 5346 ὄψεων
777 5270 995 5345 λύματα
1024 5272 1089 5326 τά
1116 5274 1224 5326 τῶν
1254 5268 1525 5345 γαστέρων

319 5361 607 5438 Σπόγγρις
637 5356 1025 5431 κατηκὸντιζον
1052 5359 1216 5415 αὐτοῦ
1247 5360 1526 5433 συχνάκις·

317 5454 386 5510 Οἱ
416 5450 475 5507 δὲ
508 5454 723 5525 θρασεῖς
755 5472 813 5506 τε
843 5451 931 5505 καὶ
962 5448 1125 5504 πλέον
1153 5448 1451 5521 τολμητίαι

314 5540 777 5599 Ἐλιθολεόστουν
808 5539 1208 5599 ἀποκαλοῦντες
1241 5537 1375 5592 κύνα

314 5631 423 5690 Καὶ
453 5625 730 5707 Κέρϐερον
766 5633 907 5703 θῆρά
934 5651 992 5684 τε
1021 5628 1109 5683 καὶ
1155 5627 1443 5704 μιαιφόνον

144 5722 278 5794 5559
314 5721 419 5779 Καὶ
450 5717 637 5777 τοῖσδε
667 5721 734 5775 τὰ
766 5719 1050 5794 σῦστοιχα,
1084 5722 1179 5795 φεῦ
1210 5724 1309 5786 τῆς
1346 5716 1539 5789 μανίας
1568 5719 1579 5771 l

1669 393 2026 453 CESARKS.

1827 519 1881 587 Α
1910 514 2051 569 dum
2084 510 2329 582 fugeret,
2362 512 2426 563 ut
2456 507 2733 574 diximus,
2768 508 2837 562 ad
2870 507 3112 580 Scythas
3142 508 3443 579 Tauricos,

1913 598 2245 672 imperatori
2272 595 2611 653 obtulerunt
2640 595 2883 651 lsaacio.

1911 687 2158 758 Quantis
2188 685 2398 741 deinde
2427 682 2712 740 attriverit
2741 683 3097 742 cruciatibus

1911 781 2173 850 quotque
2202 772 2510 846 suppliciis
2541 772 2795 828 lsaacius
2828 772 3142 845 imperator

1912 864 2204 922 infelicem
2240 862 2398 919 hunc
2428 876 2630 917 senem
2664 866 2922 933 quotque
2954 862 3161 934 pmnis,

1910 958 2003 1011 vix
2032 959 2089 1009 et
2117 952 2375 1008 humano
2407 948 2636 1006 effabile
2668 948 2923 1022 eloquio,

1912 1048 2170 1101 attamen
2202 1041 2391 1095 dicam
2426 1038 2676 1094 breviter
2708 1054 2810 1110 pro
2840 1039 3081 1095 viribus.

1917 1133 2141 1191 Urbano
2174 1128 2431 1202 primum
2464 1126 2833 1183 concluditur
2861 1145 3113 1202 carcere,

1914 1220 2126 1279 collum
2159 1217 2380 1274 catenis
2409 1216 2639 1272 vinctus
2673 1220 2848 1288 atque
2880 1219 3097 1288 pedes;

1914 1316 2088 1381 atque
2120 1308 2225 1363 hac
2256 1305 2408 1361 tristi
2439 1303 2735 1359 exhibitus
2766 1304 2823 1359 in
2852 1307 3046 1377 specie

1912 1399 2057 1471 regi,
2088 1394 2367 1452 conviciis
2399 1392 2692 1465 appetitur
2722 1394 2903 1450 miser

1915 1485 2363 1555 maledictisque
2391 1484 2660 1539 obruitur
2684 1481 3014 1539 innumeris
3049 1502 3061 1539 :

1914 1583 2252 1641 verberibus
2283 1579 2513 1635 lumbos
2544 1578 2755 1634 teritur
2784 1583 2841 1634 et
2869 1585 3056 1649 nates,

1914 1672 2097 1729 barba
2124 1675 2181 1725 et
2211 1667 2417 1740 capillo
2448 1666 2697 1738 carptim
2731 1667 2989 1724 nudatur
3017 1675 3212 1741 caput,

1911 1762 2290 1819 excutiuntur
2319 1759 2523 1814 dentes
2555 1757 2794 1813 inﬂictis
2826 1758 3063 1827 ictibus,

1912 1850 2268 1921 ludibriique
2296 1846 2480 1919 gratia
2510 1863 2575 1903 ac
2609 1846 2764 1904 risus
2795 1849 3048 1903 traditur

1913 1941 2159 1998 suismet
2190 1935 2446 1993 inimicis
2476 1940 2534 1991 et
2563 1936 2960 1993 carnificibus.

1915 2030 2045 2086 Fert
2078 2026 2454 2100 petulantias,
2489 2025 2904 2093 contumelias,
2938 2028 3197 2095 verbera,

1914 2117 2185 2174 tunditur
2218 2133 2281 2172 os
2310 2115 2520 2187 alapis,
2548 2113 2706 2170 varie
2734 2114 3039 2187 afﬂigitur,

1915 2206 2206 2264 malorum
2236 2204 2476 2261 Iliadem
2510 2202 2974 2275 tragmdiamque
3007 2206 3225 2277 patitur

1915 2301 1972 2352 et
2002 2293 2370 2351 miseriarum
2400 2291 2700 2348 infinitum
2733 2292 2980 2365 pelagus
3015 2311 3028 2348 :

1919 2383 2240 2458 praesertim
2272 2398 2404 2438 vero
2438 2386 2679 2437 vexatur
2709 2398 2743 2437 a
2773 2381 3029 2453 feminis,

1920 2474 2137 2546 quibus
2168 2471 2473 2528 oculorum
2507 2470 2707 2527 lumen
2738 2465 3055 2543 eripuerat,

1916 2562 2004 2620 vel
2038 2562 2281 2619 maritos
2313 2560 2524 2634 partim
2559 2575 2698 2617 nece
2728 2559 3076 2632 abstulerat,

1920 2651 2133 2725 partim
2162 2650 2394 2707 etl‘ossis
2425 2648 2612 2705 oculis
2643 2654 3033 2706 excaecaverat

1917 2758 2020 2815 pro
2053 2757 2163 2797 sua
2192 2738 2414 2797 saevitia
2447 2737 2712 2794 mortalis
2742 2737 2837 2794 hic
2868 2740 3187 2810 pessimus.

1922 2835 2220 2887 Postremo
2251 2829 2589 2901 impositus,
2622 2827 2756 2883 hem
2789 2829 2993 2885 auditu
3027 2829 3341 2886 horribile!

1920 2929 2189 2985 scabioso
2218 2926 2531 2983 infeliciter
2558 2926 2802 2995 camelo,

1922 3019 2023 3090 qui
2054 3019 2446 3073 Romanorum
2480 3031 2667 3086 nuper
2691 3015 3028 3087 imperator,

1919 3124 2093 3181 quem
2127 3108 2278 3163 circa
2308 3104 2447 3176 regii
2480 3105 2837 3160 resonabant
2866 3104 3133 3177 plausus,

1921 3214 2023 3270 per
2052 3197 2242 3251 forum
2275 3194 2513 3250 ducitur
2541 3210 2759 3265 perque
2795 3193 2917 3250 vias
2948 3194 3213 3268 publicas

1920 3284 2288 3357 triumphum
2319 3282 2495 3338 turba
2524 3286 2825 3354 spectante
2854 3283 3285 3356 turpissimum,

1921 3376 2046 3447 ipse
2078 3373 2169 3428 vix
2199 3375 2388 3428 tectus
2420 3370 2519 3425 vili
2553 3370 2819 3427 tunicula

1920 3462 2176 3535 tegmine
2209 3460 2433 3517 nudum
2465 3459 2734 3516 cranium
2767 3465 3101 3531 ostentans;

1918 3552 2166 3624 lugubre
2194 3550 2323 3606 visu
2359 3554 2719 3621 narratuque
2751 3549 3032 3608 horribile

1920 3642 2129 3697 uberes
2158 3639 2447 3711 lacrymas
2479 3638 2607 3693 sine
2637 3637 2815 3694 dubio
2847 3636 3088 3697 eliciens

1921 3729 2164 3786 mitibus
2194 3744 2261 3783 ex
2293 3726 2502 3792 oculis,
2533 3727 2633 3798 qui
2668 3726 2858 3783 solent
2888 3728 3134 3784 miseros

1918 3823 2248 3889 naturaque
2274 3815 2485 3881 socios,
2518 3820 2693 3888 prout
2724 3816 2810 3871 fas
2839 3822 2948 3885 est,
2980 3818 3260 3889 aspicere.

1917 3913 1992 3964 At
2022 3907 2379 3978 plebeiorum
2411 3904 2698 3961 vilissima
2735 3904 3034 3975 colluvies,

1918 3998 2163 4053 fartores
2194 3998 2252 4050 et
2281 3993 2510 4050 coriarii
2541 4010 2607 4049 ac
2638 3998 2889 4064 sutores,

1920 4083 2405 4142 Dardanariorum
2436 4082 2653 4138 stolida
2681 4081 2948 4155 collegia.

1919 4198 2194 4255 pompam
2226 4182 2507 4237 ducentes
2538 4180 3023 4253 triumphumque
3054 4182 3417 4254 hujusmodi,

1916 4271 2002 4328 vel
2034 4271 2228 4343 potius
2260 4270 2315 4325 id
2346 4269 2668 4326 ludibrium
2702 4274 2758 4326 et
2783 4270 3197 4342 deridiculum,

1916 4361 2145 4417 nullum
2180 4360 2703 4433 praetermittebant
2728 4378 2907 4433 pinnae
2940 4377 3127 4432 genus

1915 4450 2232 4523 opprobrii,
2266 4448 2556 4517 maleficii,
2590 4448 2981 4517 contumeliae,

1916 4540 2058 4611 quin
2091 4539 2421 4595 Andronico
2454 4556 2556 4611 per
2586 4540 2749 4595 nefas
2782 4539 3192 4612 impingerent.

1913 4638 2022 4693 Alii
2056 4636 2368 4709 siquidem,
2401 4654 2433 4693 ο
2462 4654 2744 4693 vesanum
2778 4639 3032 4693 furorem
3061 4638 3074 4693 l

1916 4743 2261 4799 percussum
2294 4727 2705 4798 discerpebant
2737 4727 2925 4799 ipsius
2957 4728 3221 4784 cranium

1916 4817 2275 4888 dorsumque
2306 4816 2512 4887 ligneis
2544 4816 2927 4872 inclementer
2956 4816 3132 4873 clavis
3167 4833 3180 4873 :

1916 4905 2013 4962 alii
2048 4906 2223 4972 latus,
2255 4922 2421 4962 renes
2456 4910 2627 4977 atque
2660 4905 2925 4977 podicem

1915 5085 2309 5143 suffodiebant
2338 5084 2545 5140 cultris
2576 5088 2750 5154 atque
2782 5084 3035 5150 subtilis,

1916 5175 2010 5232 alii
2048 5173 2435 5245 iuquinabant
2468 5173 2601 5227 fimo
2636 5190 2804 5228 nares
2836 5173 3082 5244 bubulo,

1916 5263 2013 5320 alii
2044 5262 2360 5335 spurcities
2392 5278 2704 5333 corporum
2738 5262 2795 5316 in
2829 5261 3055 5317 vultum
3088 5264 3218 5334 ejus

1914 5353 2177 5425 spongiis
2208 5368 2514 5423 expressas
2546 5368 2697 5422 saepe
2729 5350 3117 5421 conjiciebant
3152 5371 3165 5409 :

1913 5443 2166 5499 audaces
2198 5448 2391 5497 autem
2427 5441 2666 5512 quidam
2701 5458 2766 5496 ac
2799 5440 3111 5497 ferociores

1911 5532 2209 5604 lapidibus
2241 5531 2614 5602 oppetebant,
2649 5530 2909 5584 dicentes
2942 5546 3146 5585 canem

1909 5628 1965 5679 et
1993 5622 2299 5678 Cerberum
2333 5626 2508 5692 atque
2541 5622 2716 5675 feram
2749 5619 3213 5690 sanguinariam,

1908 5717 2080 5785 atque
2111 5711 2203 5767 his
2230 5709 2447 5767 similia
2481 5726 2579 5782 per
2609 5726 2909 5765 summum
2946 5710 3220 5765 furorem.

3445 388 3550 442 210
