4190 6448
642 435 744 492 211
1852 418 2222 476 ΕΡΗΒΕΜΙῘ
2259 412 2826 470 ΟΗΒΟΝΟΟΒΔΡΗΙ

647 559 862 615 Verum
896 561 960 613 ut
989 555 1166 612 verba
1195 554 1264 611 ad
1298 550 1712 624 compendium
1743 547 2062 609 conferam,

651 663 822 705 nemo
852 647 912 702 in
937 645 1227 701 immenso
1258 643 1358 698 illo
1391 641 1501 696 fuit
1530 636 1881 711 spectaculo,

655 738 802 811 quin
828 734 1090 792 molestis
1122 732 1334 788 ictibus
1365 735 1420 788 et
1450 730 1725 787 conviciis

654 833 797 882 tunc
827 824 1120 880 infelicem
1152 837 1347 879 senem
1383 836 1496 876 non
1530 818 1878 874 verberaret.

657 917 926 972 Scortum
959 911 1206 983 denique
1238 910 1532 982 quoddam
1567 904 2153 981 impudentissimam

657 1009 986 1076 correptam
1019 1001 1090 1057 de
1120 999 1316 1055 culina
1346 999 1404 1054 in
1436 998 1589 1052 viam
1621 997 1886 1053 deferens

657 1093 835 1152 ollam
867 1093 1119 1147 fervente
1152 1089 1471 1144 admodum
1501 1102 1652 1160 aqua
1681 1085 1914 1159 plenam

655 1184 716 1239 in
748 1179 1067 1237 Andronici
1097 1177 1304 1234 elIudit
1329 1177 1545 1232 furiose
1575 1191 1774 1249 genas.

659 1276 847 1344 Atque
876 1270 997 1325 haec
1025 1266 1358 1341 perpetiens
1386 1264 1690 1338 mnltoque
1721 1263 1911 1336 plura,

657 1363 861 1416 contra
889 1361 975 1414 tot
1005 1355 1160 1412 mala
1190 1356 1412 1410 durans
1443 1353 1530 1408 vir
1560 1351 1975 1425 magnanimus

661 1451 728 1505 In
761 1451 846 1504 tot
878 1447 1142 1502 dolorum
1177 1444 1452 1501 fluctibus
1484 1447 1538 1498 et
1565 1441 1858 1516 procellis,

659 1542 941 1609 tantoque
972 1533 1342 1591 miseriarum
1375 1531 1683 1588 obluctans
1716 1531 1940 1604 pelago,

663 1626 952 1682 malorum
983 1625 1227 1696 inquam
1261 1622 1460 1678 nimbo
1493 1621 1762 1693 quamvis
1793 1636 2053 1692 pressus,

662 1718 887 1774 fortiter
911 1721 1107 1773 tamen
1138 1715 1383 1772 Domino
1414 1713 1625 1785 agebat
1652 1713 1893 1783 gratias,

663 1810 1032 1863 constantem
1063 1805 1122 1860 in
1158 1802 1465 1877 suppliciis
1497 1805 1753 1858 mentem
1788 1801 2062 1856 retinens.

661 1898 754 1953 Sic
785 1913 921 1970 ergo
953 1897 1012 1951 in
1045 1895 1296 1951 stadium
1330 1894 1542 1948 ductus
1575 1908 1706 1948 cum
1740 1891 2061 1962 ignominia

662 2000 976 2058 parumper
1007 1982 1198 2038 adhuc
1230 1983 1462 2053 spirans
1495 1981 1565 2035 ad
1599 1978 1942 2034 columellae

661 2077 996 2146 prostantes
1030 2072 1151 2126 illic
1182 2071 1432 2142 pedibus
1462 2073 1552 2125 est
1582 2085 1930 2140 suspensus.

659 2160 939 2216 Furiosus
971 2163 1170 2214 tamen
1203 2156 1456 2229 populus
1490 2157 1736 2211 necdum
1774 2159 1940 2211 satur

659 2248 935 2305 vorandis
967 2247 1092 2318 ejus
1120 2246 1422 2315 carnibus,
1456 2245 1732 2316 suspensi
1766 2244 1982 2300 miseri.

663 2337 946 2394 membris
978 2337 1156 2391 etiam
1188 2333 1545 2407 genitalibus
1578 2334 1901 2402 insultavit,

661 2426 927 2482 tunicula
960 2426 1221 2489 reducta,
1255 2424 1386 2479 hem
1417 2424 1696 2495 pudorem
1724 2423 1735 2477 l

664 2516 910 2581 Quidam
944 2518 1181 2569 acutum
1211 2512 1472 2584 gladium
1503 2527 1605 2584 per
1635 2516 1840 2584 guttur
1870 2513 2008 2584 egit,

665 2605 818 2661 alius
846 2604 1089 2659 Latinus
1122 2602 1387 2675 podicem
1421 2617 1559 2657 ense
1591 2602 1735 2657 fodit
1768 2618 1780 2656 :

666 2694 856 2750 Latini
886 2709 1019 2749 vero
1051 2693 1501 2748 cireumstantes
1531 2690 1742 2762 reliqui

664 2783 878 2856 gladiis
909 2781 1210 2838 caedebant
1241 2781 1523 2836 miserum
1556 2781 1971 2854 corpusculum

665 2871 1042 2945 ingeminatis
1070 2870 1434 2926 continenter
1465 2870 1701 2941 ictibus,

663 2963 980 3036 sponsione
1010 2962 1168 3017 velut
1198 2966 1407 3016 mutua
1437 2960 1550 3016 utri
1586 2961 1813 3017 acutius

664 3054 928 3110 acinaces
959 3051 1198 3107 ferirent
1227 3050 1609 3123 experientes.

661 3144 752 3200 Sic
781 3142 1147 3198 Andronicus
1180 3143 1236 3197 in
1270 3141 1579 3214 suppliciis
1610 3141 1839 3198 luctans

661 3235 720 3290 in
749 3237 1032 3304 tantoque
1059 3231 1438 3288 cruciatuum'
1460 3232 1605 3288 mari
1638 3234 1975 3306 naufragus,

664 3323 940 3396 spiritum
972 3322 1080 3378 sibi
1109 3322 1395 3377 violenter
1425 3326 1661 3393 raptum

666 3414 725 3469 in
757 3411 1087 3469 columellis
1120 3411 1236 3466 illis
1267 3411 1471 3467 effudit
1503 3412 1778 3485 turpiter.

666 3506 856 3574 Atque
887 3502 1042 3557 hunc
1071 3502 1302 3572 imperii
1333 3502 1579 3573 vitaeque
1615 3503 1787 3558 ﬁnem
1825 3503 2028 3561 habuit

668 3593 844 3649 homo
874 3607 1264 3662 aarumnosus,
1303 3595 1612 3663 postquam
1647 3592 2032 3664 imperaverat

666 3681 905 3738 biennio
939 3681 1056 3736 fere
1089 3685 1403 3736 stemmate
1436 3682 1750 3752 revinctus,

670 3789 786 3828 uno
817 3773 1098 3844 praeterea
1128 3771 1462 3828 dominatus
1495 3789 1648 3829 anno

669 3863 893 3934 absque
924 3878 1158 3930 corona,
1196 3866 1252 3918 et
1283 3879 1558 3936 purpurae
1590 3864 1812 3920 decore.

663 3953 802 4008 Erat
830 3951 889 4007 in
922 3954 1156 4024 egregia
1184 3953 1368 4009 forma
1401 3954 1682 4025 corporis,

668 4042 1015 4115 proceritate
1042 4042 1320 4113 praeditus
1352 4043 1602 4112 heroica,

670 4137 923 4204 augusta
954 4132 1098 4189 facie
1126 4137 1183 4187 et
1214 4150 1455 4204 prorsus
1487 4134 1842 4203 admirabili,

668 4222 1096 4294 praevalidaque
1127 4227 1300 4279 utens
1329 4223 1678 4279 valetudine.

668 4317 807 4368 Post
839 4312 1065 4383 aliquot
1097 4317 1288 4368 autem
1322 4314 1447 4369 dies
1479 4316 1547 4369 de
1577 4315 1898 4386 suspendio

666 4402 988 4457 detractum
1019 4403 1145 4473 ejus
1177 4404 1424 4458 cadaver
1451 4403 1509 4457 in
1544 4405 1799 4474 quodam
1833 4405 2003 4461 stadii

667 4491 884 4546 fornice
918 4491 1045 4547 sine
1076 4509 1216 4547 cura
1249 4494 1572 4564 projectum
1599 4493 1819 4563 jacuit;

670 4583 853 4637 donec
884 4583 956 4637 ad
985 4583 1196 4654 Ephori
1227 4584 1462 4638 tandem
1499 4583 1921 4640 monasterium

671 4678 1130 4744 composuerunt
1161 4674 1400 4746 quidam
1437 4674 1494 4728 in
1528 4675 1683 4730 brevi
1716 4673 1937 4742 loculo;

672 4763 770 4818 ubi
803 4763 995 4819 adhuc
1025 4781 1237 4836 corpus
1270 4769 1571 4836 spectatur
1602 4782 1634 4820 a
1665 4764 1914 4836 cupidis,

671 4853 1065 4924 integritatem
1099 4871 1268 4910 suam
1303 4873 1544 4927 prorsus
1579 4856 1862 4911 retinens.

669 4945 722 4999 Is
754 4949 948 4999 autem
986 4949 1103 5000 toto
1137 4946 1436 5016 deperibat
1465 4945 1662 5002 animo

669 5033 916 5104 apostoli
950 5033 1178 5090 divinas
1210 5035 1372 5090 Pauli
1406 5035 1716 5107 epistolas;

671 5142 704 5180 a
734 5125 974 5196 quibus,
1009 5126 1355 5182 admiranda
1385 5128 1542 5182 velut
1571 5129 1832 5182 scatebra

671 5217 728 5271 in
764 5216 1058 5272 orationes
1091 5234 1229 5274 suas
1259 5223 1314 5274 et
1344 5219 1562 5290 scripta
1587 5219 1837 5274 ducebat
1863 5218 2104 5289 rivulos,

671 5324 798 5378 quae
831 5308 1218 5379 componebat
1251 5309 1430 5364 nobili
1464 5310 1730 5365 artificio.

668 5397 816 5460 Quin
851 5416 1080 5454 sacram
1115 5399 1274 5454 Pauli
1309 5399 1621 5472 ccelispicis
1652 5400 1970 5472 imaginem

669 5507 810 5543 auro
845 5496 1205 5562 argentoque
1236 5493 1528 5564 insignem
1559 5493 1928 5548 Andronicus

670 5581 726 5634 in
761 5582 1148 5652 quadraginta
1180 5583 1500 5654 Martyrum
1534 5583 1775 5640 delubro

669 5689 700 5724 ει
728 5676 910 5727 semet
940 5673 1264 5729 dedlcatam
1298 5673 1526 5730 colebat
1556 5675 1897 5732 admodum.

673 5763 799 5818 llaec
833 5768 1025 5820 autem
1060 5765 1373 5822 Andronici
1411 5765 1666 5822 instante
1700 5765 1813 5822 fato

2321 540 2376 608 Α

2337 1904 2384 1968 Β

2584 537 2671 597 Ὠς
2703 535 2761 588 ἂν
2796 532 2852 590 δὶ
2885 534 3048 612 φαίην
3082 535 3133 592 έν
3173 536 3372 609 βραχεῖ
3398 534 3461 589 τὸ
3501 538 3604 588 πᾶν
3635 532 3802 610 λόγῳ,

2575 621 2769 685 Οὐδεὶς
2802 624 3020 698 ὑπῆρχε
3051 621 3465 692 συναλισθείσης
3489 623 3613 684 θέας

2576 717 2670 777 ’Ὀς
2699 711 2761 766 ού
2791 717 2975 773 κακοῖς
3007 707 3208 768 ἔϐαλλε
3242 711 3489 786 βλήμασι
3533 711 3733 786 λόγοις

2579 802 2685 858 Τὸν
2721 799 2962 875 δυστυχῆ
2992 800 3218 874 γέροντα
3245 804 3325 872 τῷ
3354 797 3626 870 τηνικάδε.

2401 893 2541 948 5555
2581 889 2692 948 Μία
2722 888 2778 944 δὲ
2807 890 2944 964 γυνὴ
2978 890 3210 965 πορνική
3253 887 3590 963 λαγνιστάτη

2703 977 2987 1034 ὀπτανείου
3018 982 3205 1039 σκεῦος
3239 976 3522 1052 ἀρπάσασά
3551 998 3602 1033 τι

2583 1066 2848 1146 Σφοδρῶς
2875 1088 2934 1142 γε
2963 1066 3339 1141 καχλάζοντος
3371 1064 3564 1129 ὕδατος
3595 1067 3762 1124 πλέον

2581 1157 2784 1214 Τούτου
2814 1160 3049 1233 παρειῶν
3084 1155 3347 1230 έμμανῶς
3370 1157 3650 1231 καταχέει.

2588 1247 2737 1304 Τόσα
2767 1244 2824 1301 δὶ
2853 1247 3038 1310 παθὼν
3070 1245 3160 1302 καὶ
3189 1244 3334 1302 πολὺ
3357 1244 3565 1303 τούτων
3586 1244 3741 1302 πλέω

2405 1347 2548 1402 5560
2584 1346 2691 1401 Καὶ
2720 1345 3026 1413 τηλικαῦτα
3058 1341 3341 1418 δυσχερῶν
3377 1345 3404 1398 ὁ
3435 1341 3692 1417 γεννάδας

2587 1435 2730 1510 Πρὸς
2758 1438 3050 1511 συμφορῶν
3082 1434 3297 1505 κύματα
3324 1431 3413 1487 καὶ
3445 1431 3766 1510 καταιγίδας

2588 1523 2685 1578 Καὶ
2719 1523 2977 1598 χαλεπῶν
3009 1522 3275 1597 πέλαγος,
3306 1520 3547 1596 ἀντέχων
3576 1523 3730 1596 ὅμως

2588 1614 2686 1667 Καὶ
2717 1609 2940 1689 νιφάδας
2972 1613 3148 1687 φέρων
3177 1631 3236 1666 τε
3264 1615 3442 1667 κακῶν
3477 1611 3760 1685 εὐψύχως,

2589 1704 2677 1759 Ἐν
2708 1707 2866 1758 πᾶσιν
2899 1700 3221 1776 εύχάριστος
3253 1701 3317 1769 ἦν
3351 1701 3488 1774 πρὸς
3517 1700 3817 1771 Δεσπότην,

2410 1795 2553 1849 5565
2589 1791 2933 1868 Ἐρῥωμένον
2967 1792 3224 1868 φρόνημα
3253 1790 3350 1847 κάν
3384 1789 3577 1851 δεινοῖς
3608 1788 3780 1865 ἔχων.

2591 1881 2743 1936 Οὕτω
2777 1879 2822 1936 δ’
2852 1881 3117 1956 ἀπαχθεὶς
3149 1879 3358 1953 ἀτίμως
3391 1879 3440 1936 έν
3475 1877 3678 1952 σταδίῳ

2595 1969 2784 2025 Ποδῶν
2816 1972 3114 2045 ἀπῃώρητο
3151 1969 3331 2044 βραχύ
3360 1990 3411 2022 τι
3443 1967 3618 2022 πνέων

2588 2065 2679 2118 Ἐν
2712 2065 2828 2122 τοῖς
2861 2058 2972 2115 ἐκεῖ
3001 2079 3105 2113 που
3137 2055 3553 2133 καθιδρυμένους
3588 2055 3827 2121 στύλοιςο

2589 2147 2738 2207 Μετά
2765 2147 2812 2202 δ’
2842 2147 3183 2224 ἀπαιώρησιν
3217 2145 3445 2224 ἄφρονες
3475 2145 3640 2201 πάλιν

2411 2251 2552 2304 5570
2591 2250 2679 2309 Ὠς
2716 2249 2792 2320 μὴ
2827 2242 3087 2307 λαϐόντες
3118 2242 3277 2301 τοῦδε
3304 2249 3408 2299 τῶν
3444 2248 3654 2322 σαρκῶν
3686 2242 3871 2319 κόρον,

2588 2335 2729 2395 Ατ’δ’
2968 2339 2995 2351 υ
3171 2333 3197 2388 δ
3297 2333 3320 2370 ι’
3474 2331 3590 2388 δν

2646 2383 2655 2390 .
2698 2360 2741 2390 ω
2771 2357 2827 2391 τε
2857 2356 3037 2397 κακως
3069 2356 3162 2388 παι
3207 2355 3354 2396 ικοος
3385 2355 3443 2389 τε
3511 2347 3737 2407 ιουμους

2591 2427 2791 2482 Χιτῶν¹
2822 2423 3244 2485 ἀναστέλλοντες
3277 2421 3470 2496 ἔδρων,
3506 2421 3549 2477 ὣ
3581 2424 3786 2485 πάθους
3815 2423 3826 2477 l

2593 2515 2693 2570 Καὶ
2721 2514 2858 2570 κατά
2884 2518 2981 2568 τοῦ
3015 2512 3293 2589 φάρυγγος
3335 2512 3441 2567 ὦσέ
3469 2533 3552 2575 τις
3581 2511 3750 2588 ξίφοςο

2591 2604 2689 2660 Καί
2718 2626 2802 2666 τις
2834 2602 3073 2659 Λατίνων
3105 2605 3225 2657 καθ’
3256 2600 3415 2677 ἕδρας
3448 2599 3728 2673 ἀκινάκην·

2414 2698 2554 2754 5575
2595 2696 2789 2750 Aemo?
2823 2692 3170 2767 περιστάντες
3201 2690 3258 2746 δὲ
3285 2689 3442 2747 τόνδε
3468 2693 3713 2748 Λατίνων

2594 2787 2728 2845 Τοῖς
2762 2781 2961 2861 ξίφεσιν
2992 2779 3181 2836 ἓπαιον
3215 2780 3378 2835 αὐτοῦ
3409 2779 3630 2855 σαρκίον

2597 2874 2783 2947 Συχνά
2812 2872 3202 2948 καταφέροντες
3236 2871 3406 2926 αὐτοῦ
3441 2869 3731 2934 συντόνως,

2595 2966 2793 3036 Πεῖραν
2825 2959 3061 3033 δοκιμὴν
3091 2954 3424 3033 προσλαϐεῖν
3459 2956 3731 3034 ᾑρημένοι

2590 3053 2815 3109 Ὀποῑον
2843 3050 3016 3105 αὐτῶν
3049 3049 3464 3122 τμητικώτερον
3494 3045 3674 3102 πέλει.

2417 3151 2560 3206 5580
2600 3149 2788 3212 Οὕτως
2817 3146 3057 3203 έναθλὼν
3088 3145 3140 3201 ἐν
3163 3144 3451 3207 τοσαύταις
3487 3143 3740 3220 βασάνοις

2601 3240 2702 3295 Καὶ
2735 3237 3038 3311 τηλικαύτῃ
3075 3239 3369 3314 συμφορῶν
3402 3233 3662 3309 τρικυμία

2602 3330 2802 3402 Ψυχὴν
2834 3325 3189 3402 έναπέρῥηξεν
3223 3324 3386 3378 αὐτοῦ
3413 3322 3549 3398 πρὸς
3585 3323 3705 3398 βίαν

2599 3418 2721 3474 Ἐπὶ
2755 3415 3057 3473 στυλίσκων
3092 3413 3301 3487 ἀτίμως
3331 3411 3665 3487 ἡρτημένος³

2598 3509 2831 3564 Τοιοῦτο
2861 3505 3034 3580 τέρμα
3062 3507 3158 3558 τοῦ
3187 3503 3421 3578 κράτους
3452 3500 3540 3555 καὶ
3580 3503 3675 3554 τοῦ
3710 3498 3832 3575 βίου

2419 3606 2564 3662 5585
2603 3603 2892 3666 Πολύτλας
2923 3599 3276 3677 Ἀνδρόνικος
3311 3596 3459 3674 εὗρεν
3495 3596 3546 3652 ἒν
3585 3596 3711 3674 βίῳ,

2597 3693 2834 3768 Χρόνοις
2870 3691 2962 3765 μὶν
2997 3688 3156 3767 ἄρξας
3188 3687 3306 3743 δυσί
3337 3709 3441 3742 που
3469 3684 3835 3764 στεφηφόρος,

2599 3785 2807 3839 Κοινῶν
2836 3780 2880 3836 δ’
2908 3779 2984 3835 ἑνὶ
3017 3778 3204 3854 κύριος
3229 3777 3301 3832 ὣν
3333 3783 3440 3833 τῶν
3469 3777 3805 3851 πραγμάτων

2598 3877 2756 3929 ’Ἄνευ
2787 3867 3078 3948 χλαμύδος
3108 3867 3195 3922 καὶ
3228 3866 3542 3939 ποΑυτίμου
3577 3866 3821 3942 στέφους.

2598 3963 2699 4018 Ἦν
2731 3959 2822 4015 οὖν
2854 3960 2990 4038 φυὴν
3027 3960 3280 4032 σώματος
3315 3957 3514 4036 εὐφυὴς
3548 3957 3709 4028 πάνυ,

2419 4055 2560 4110 5590
2596 4050 2864 4125 Ἡρωϊκόν
2896 4051 2944 4104 τ’
2976 4044 3159 4124 ὄρθιον
3195 4048 3250 4103 εὗ
3282 4047 3458 4126 φέρων
3494 4043 3684 4119 δέμας,

2599 4138 2833 4215 Ἀγητὸς
2865 4136 3004 4200 εἶδος
3036 4138 3125 4193 καὶ
3156 4137 3388 4214 γεγαρὸς
3419 4134 3639 4191 εἷσάπαν

2600 4234 2774 4301 Σῶμα
2803 4225 3124 4302 προδεικνὺς
3163 4224 3309 4300 ὑγιές
3339 4228 3386 4280 τ’
3421 4221 3751 4300 έῤῥωμένον.

2599 4319 2729 4374 Μεθ’
2760 4316 2972 4390 ἡμέρας
3006 4314 3063 4370 δὲ
3095 4315 3438 4388 κατενεχθεὶς
3473 4311 3666 4385 ὑψόθεν

2597 4409 2658 4465 '0
2687 4405 2845 4463 τοῦδε
2874 4407 3061 4481 νεκρὸς
3094 4404 3146 4460 έν
3182 4410 3278 4476 μιᾷ
3308 4408 3414 4458 τῶν
3441 4399 3648 4475 ἀψίδων

2421 4500 2562 4554 5595
2600 4497 3002 4569 Ἀτημελήτως
3037 4493 3229 4571 έρῥίφη
3265 4497 3358 4548 τοῦ
3391 4489 3628 4546 σταδίου·

2600 4588 2731 4644 Εἶτα
2760 4585 2883 4662 περί
2913 4607 3016 4639 που
3047 4586 3145 4652 τὴν
3179 4585 3350 4655 μον-ὴν
3383 4583 3482 4650 τὴν
3517 4581 3749 4657 Ἐφόρου

2602 4676 2692 4730 "Ev
2726 4695 2830 4728 τινι
2863 4671 3144 4736 κατέθεντό
3175 4691 3312 4731 τινες
3343 4667 3558 4745 χωρίῳ

2602 4764 2925 4826 Ὀπτάνεται
2959 4758 3014 4816 δὶ
3045 4764 3204 4832 σῶμα
3232 4756 3379 4814 τοῦδ’
3407 4757 3712 4834 ᾑρημένοις

2605 4854 2945 4930 ’Λκραιφνὶς,
2980 4846 3268 4919 ἀλώϐητον
3295 4847 3454 4903 εἰσέτι
3487 4848 3668 4920 μένον.

2425 4953 2567 5008 5600
2608 4952 2806 5026 Ψυχὴν
2842 4947 2899 5004 δὲ
2930 4949 3264 5003 παντάπασιν
3294 4947 3360 5015 ἦν
3390 4943 3768 5016 ἐκλιμπάνων,

2603 5040 2697 5102 El:
2727 5039 2854 5101 τοὺς
2881 5042 3120 5114 οεαυγεῖς
3149 5039 3386 5110 κήρυκος
3417 5031 3636 5089 Παύλου
3669 5031 3865 5107 λόγους

2606 5131 2727 5206 Ἀφ’
2754 5131 2826 5185 ὧν
2851 5125 3140 5184 ἀπαντλῶν
3174 5125 3233 5182 έκ
3263 5122 3489 5186 πίδακος
3523 5124 3595 5186 ὡς
3626 5123 3777 5193 ξένης

2609 5217 2933 5280 Ἐπιστολάς
2965 5214 3188 5291 ἤρδευεν
3223 5216 3388 5270 αὐτοῦ
3418 5215 3502 5268 καὶ
3540 5212 3760 5288 λόγους,

2608 5312 2676 5367 ’Ἀ
2706 5308 2967 5369 συντιθεὶς
2996 5311 3061 5376 ἦν
3095 5307 3303 5383 εὐφυῶς
3336 5304 3423 5358 καὶ
3457 5303 3796 5380 συγγράφων·

2433 5404 2576 5459 5605
2613 5401 2686 5455 Οὖ
2716 5401 2805 5455 καὶ
2838 5398 3069 5464 θεόπτου
3101 5393 3323 5450 Παύλου
3356 5394 3554 5461 σεπτῆν
3589 5390 3766 5448 εἰκόνα

2611 5488 2891 5550 Καλλύνας
2925 5485 3275 5561 Ἀνδρόνικος
3309 5484 3362 5539 έν
3406 5481 3766 5559 χρυσαργύρῳ

2610 5585 2728 5652 Νεῷ
2755 5579 3155 5654 τεσσαράκοντα
3187 5578 3421 5649 Χριστοῦ
3458 5572 3744 5648 μαρτύρων

2612 5669 3019 5738 Ἀνατεθεικὼς,
3053 5668 3368 5740 προσκυνῶν
3402 5665 3466 5732 ἦν
3498 5663 3585 5718 καὶ
3617 5657 3809 5716 σέϐων.

2611 5764 2766 5821 ’Ἡτις
2799 5754 3194 5813 ἀπεστάλαττεν
3230 5754 3493 5825 ὀμμάτων
3529 5751 3695 5827 δάκρυ

3943 409 4056 466 212
