4250 6432
171 387 279 441 217

358 510 595 583 Ἐπῆγον
622 506 775 571 εὐθὺς
802 509 865 562 τὸ
897 508 1049 584 ξίφος
1077 508 1212 561 κατά
1241 507 1430 580 κάρας,

364 600 476 653 Ποῦ
508 598 786 672 σύγγονος,
818 597 1137 673 φάσκοντες,
1171 595 1205 662 ἢ
1239 594 1624 672 συμφυλετης;

366 684 473 746 Οῦς
503 685 628 761 πρὶν
662 684 875 739 ἀνεῖλον
911 680 1129 754 δηλαδή
1163 684 1299 738 κατά
1328 681 1513 739 πόλιν.

362 774 586 831 Τούτων
618 771 674 828 δὲ
703 778 851 836 ναοῖς
873 772 1352 848 προσπεφευγότας
1381 769 1545 825 πάλιν

369 863 705 940 Σφάττοντες
732 861 1023 937 ἀνέγραζον
1058 860 1110 916 ἰν
1143 860 1438 937 παρρησίᾳ,

181 955 332 1010 5730
369 955 505 1023 Ποῦ,
532 954 639 1006 ποῦ
668 956 850 1012 παπᾶς
882 950 1112 1027 πέφυκεν
1137 948 1477 1024 ἀνῃρημένος
1502 970 1515 1017 ;

368 1043 477 1102 Οὐς
510 1040 562 1095 ἐν
594 1044 728 1111 νεῷς
761 1038 998 1094 ἔκτειναν
1032 1040 1084 1094 οἱ
1119 1038 1397 1115 μιαιφόνοι
1422 1056 1435 1070 ⁸

370 1130 539 1187 Ἐπάν
573 1130 793 1204 ὑπῆρχε
822 1130 1055 1200 καθορᾷν
1078 1149 1129 1182 τι
1161 1127 1249 1182 καὶ
1284 1128 1428 1198 ξένον

374 1217 519 1278 Τοὺς
551 1218 712 1279 κύνας
742 1218 803 1271 οὐ
837 1217 1082 1291 θίγοντας
1114 1217 1288 1277 ἀστῶν
1321 1218 1586 1288 σωμάτων

371 1311 488 1360 Τῶν
521 1305 848 1381 νεκριμαίων
882 1303 1153 1381 ἀμφόδοις
1186 1302 1527 1380 ἰρῥιμμὲνων
1560 1325 1570 1335 ·

186 1399 337 1453 5735
373 1398 505 1457 Τοῖς
540 1391 584 1449 δ’
619 1395 844 1450 Ἰταλῶν
874 1393 1130 1467 πτώμασι
1159 1398 1237 1465 τῷ
1264 1390 1519 1463 τηνικάδε

378 1481 766 1555 Ἐπιμανὲντας
797 1480 989 1536 ἐσθίειν
1020 1481 1159 1536 κατά
1185 1479 1347 1554 κόρον

377 1574 478 1626 Καὶ
507 1566 901 1645 τυμϐορυκτεῖν
938 1570 983 1625 εἷ
1017 1568 1197 1640 δεήσει
1230 1568 1504 1633 πολλάκις
1536 1588 1548 1601 ·

379 1658 570 1722 Οὕτως
601 1656 859 1729 ἀπηλάθη
887 1659 981 1730 μὲν
1014 1656 1073 1712 ἐκ
1102 1656 1396 1719 Θεσσαλίας

378 1750 449 1805 Ἣ
481 1746 745 1816 Σικελική
778 1746 1003 1821 στρατιά
1034 1746 1123 1800 σὺν
1158 1746 1391 1820 αἰσχύνῃ
1422 1763 1439 1778 ο

195 1840 345 1895 5740
387 1838 455 1893 Al
488 1834 547 1891 δὲ
574 1838 819 1911 τριήρεις
846 1837 900 1891 αἱ
930 1836 1069 1891 κατὰ
1101 1832 1422 1904 Βυζαντίδος

386 1926 755 1984 Ἐκπλεύσασι
784 1930 955 2004 σφῶν,
985 1927 1061 1988 ὡς
1091 1923 1292 2004 ἔφαμεν
1323 1925 1538 1997 ἀνόπιν,

386 2021 586 2078 Κακῶς
614 2019 883 2080 παθοῦσαι
914 2015 1050 2091 πρὸς
1083 2020 1334 2090 στρατιᾶς
1357 2013 1611 2071 Αὐσόνων

388 2104 686 2167 Πλείστους
712 2125 769 2159 τε
793 2108 1002 2159 ναυτῶν
1034 2098 1451 2158 ἆποϐάλλουσαι
1486 2103 1642 2177 μόρῳ

386 2195 557 2253 Οῦσαι
591 2192 716 2268 περί
744 2215 849 2249 που
882 2191 963 2254 δὶς
997 2193 1181 2248 ἑκατὸν
1215 2191 1304 2247 καὶ
1336 2190 1503 2247 πλέον

206 2287 353 2342 5745
393 2284 623 2361 ”ῼχοντ’
652 2283 907 2359 ἀγεννῶς,
932 2282 1145 2343 ἀκλεῶς
1177 2282 1314 2355 πρὸς
1346 2278 1581 2355 πατρίδα
1612 2302 1622 2314 ·

346 2378 469 2444 Ὧν,
493 2371 645 2449 φασὶ,
676 2368 886 2425 πολλαὶ
917 2367 1209 2425 κατέδυσαν
1238 2368 1312 2432 είς
1342 2371 1505 2443 βάθος

390 2462 541 2517 Κατά
568 2480 629 2534 γι
657 2460 750 2514 τὸν
778 2456 954 2513 πλοῦν
980 2461 1303 2531 πνευμάτων
1336 2460 1607 2533 καταιγίσι

391 2552 790 2624 Περιπεσοῦσαι
818 2547 908 2603 καὶ
938 2546 1180 2603 κλύδωνι
1208 2547 1295 2603 καὶ
1330 2546 1482 2621 σάλῳ
1516 2568 1528 2580 ’

384 2639 447 2692 Ὠ
478 2636 777 2701 ἀπολέσθαι
810 2639 945 2692 κατά
974 2635 1136 2692 τάσδε
1165 2636 1259 2699 τάς
1296 2636 1479 2711 μάχας

210 2731 357 2785 5750
398 2724 637 2797 Ἀνδρῶν
671 2723 895 2783 Ἰταλῶν
931 2725 1196 2800 μαχίμων
1222 2727 1357 2798 πρὸς
1386 2724 1640 2783 Αὐσόνων

404 2815 636 2879 Πλείους
663 2812 860 2890 σχεδόν
893 2835 998 2870 που
1024 2813 1359 2890 χιλιοστύων
1394 2812 1547 2870 δέκα*

396 2908 497 2965 Καὶ
533 2906 862 2981 συσχεθῆναι
891 2904 1026 2959 κατά
1058 2900 1257 2973 διπλῆν
1288 2904 1388 2971 τὴν
1425 2905 1613 2979 μάχην

396 2985 627 3070 ⁶Ανδρας
662 2992 925 3054 Σικελοὺς
953 2993 1210 3068 τέτταρας
1243 2990 1501 3068 χιλιάδας
1537 3012 1549 3025 .

402 3086 470 3144 Οἳ
504 3081 800 3157 δημοσίαις
825 3080 1093 3159 φυλακαῖς
1124 3081 1511 3158 καθειργμένοι

213 3179 362 3233 5755
400 3172 635 3229 Ὠλοντο
667 3172 821 3244 λιμῷ
850 3170 941 3225 καὶ
972 3170 1122 3247 κρύὶι
1153 3170 1243 3225 καὶ
1272 3175 1342 3245 τῇ
1374 3172 1540 3245 νόσῳ,

398 3262 649 3337 Ἠγάγεθ⁹
681 3261 839 3323 οὗτος
867 3260 957 3315 καὶ
990 3258 1238 3313 σύνευνον
1280 3257 1552 3335 δευτέραν,

396 3353 628 3427 Πρώτης
658 3350 952 3418 θανούσης,
982 3346 1151 3403 παῖδα
1182 3349 1351 3425 ῥηγὸς
1380 3349 1651 3427 Οὐγγρίας
1684 3372 1695 3385 ·

398 3440 499 3500 Ἦς
533 3438 596 3493 οὐ
630 3435 865 3506 θελήσας
895 3437 1172 3513 νυμφικήν
1202 3433 1359 3491 δαῖτα
1388 3439 1599 3513 γάμους

401 3530 494 3585 Ἐκ
516 3524 798 3599 δημοσίων
830 3524 1136 3600 χρημάτων
1170 3524 1434 3597 ὲστιάσαι,

217 3621 365 3675 5760
408 3614 600 3673 Φειδοῖ
626 3636 687 3670 τε
708 3612 918 3669 τούτων
949 3616 1039 3668 καί
1067 3611 1396 3690 φιλοχρύσῳ
1424 3616 1611 3693 τρόπῳ

400 3710 493 3763 Ἐκ
522 3709 632 3759 τῶν
666 3705 756 3759 ὐπ’
787 3703 948 3758 αὐτὸν
984 3703 1186 3758 ἀστὲων
1221 3704 1477 3775 ὑπηκόων

395 3797 605 3871 Χωρῶν
630 3814 690 3848 τε
720 3791 932 3848 λοιπῶν
963 3793 1030 3861 ἦν
1060 3790 1180 3847 τάδ’
1204 3794 1563 3868 ⁴ιῖιρανισμὲνοος
1595 3813 1611 3830 σ

400 3886 497 3939 Ὧν
528 3884 692 3959 χάριν
727 3883 929 3940 Μυσῶν
960 3880 1289 3957 ἐκταραχθὲν
1322 3903 1439 3944 πως
1468 3879 1623 3947 ἔθνος

403 3974 531 4036 Καθ’
559 3974 738 4044 Αἷμον
769 3969 973 4037 οἰκοῦν,
1008 3971 1059 4025 οἳ
1090 3967 1481 4041 κικλήσκονται
1516 3972 1754 4050 Βλάχοι,

217 4065 365 4121 5765
407 4052 803 4130 ’Δπεστάτησεν
838 4057 1094 4114 Αὐσόνων
1125 4061 1479 4136 κραταρχίας,

401 4151 708 4226 ’Δραίρεσιν
742 4152 888 4225 σφῶν
922 4148 1250 4223 θρεμμάτων
1290 4152 1608 4225 εὑρηκότες,

399 4242 518 4309 Τὴν
594 4237 945 4314 Harpe-Ilo»:
1030 4240 1147 4311 (65)
1229 4240 1548 4318 τρὸφασιλ,
1606 4243 1643 4313 ᾗ
1719 4264 1879 4320 φησιν

1526 4328 1733 4406 [λόγος.

402 4406 506 4473 Καί
533 4414 1035 4492 συνεπαλείφουσαν
1068 4415 1263 4477 αὐτοὺς
1290 4418 1427 4491 πρὸς
1458 4416 1583 4472 τόδε

403 4504 562 4562 Δυάδ“
594 4502 845 4581 ἀδελφῶν
879 4505 1109 4573 Ἀσάνην
1141 4526 1198 4561 τε
1227 4507 1316 4559 καὶ
1348 4507 1549 4581 Πέτρον
1577 4527 1589 4540 ·

219 4600 361 4654 5770
401 4594 506 4653 Καὶ
535 4590 731 4650 τούσδε
762 4592 975 4655 Μυσοὺς
1004 4595 1093 4648 καὶ
1123 4594 1274 4668 γένος
1306 4595 1395 4649 καὶ
1426 4598 1516 4650 τὸν
1552 4596 1752 4671 τρόπον
1788 4618 1799 4628 ε

404 4686 467 4739 Οἳ
501 4682 628 4756 πρὶν
662 4682 946 4745 ὀκνοῦντας
984 4678 1289 4758 βαρϐάρους
1320 4684 1664 4762 συμφυλέτας

407 4770 770 4829 Ἀποστασίαν
802 4771 893 4826 καὶ
921 4773 983 4827 τὸ
1017 4771 1244 4847 ῥα·,’ἧναι
1267 4773 1518 4847 κράτους,

408 4866 557 4938 Σιρᾶς
589 4857 1058 4935 παραθαρῥύνουσι
1091 4857 1517 4936 δραματουργία,

402 4957 467 5007 ἸΙ
508 4946 719 5022 μᾶλλον
755 4948 915 5002 εἶπεῖν
952 4945 1307 5021 δαιμονιώδει
1339 4948 1536 5024 πλάνῃ,

225 5044 365 5098 5775
404 5043 682 5115 Περιφανῆ
715 5035 988 5105 κτίζουσιν
1017 5037 1158 5109 ἱερὸν
1193 5034 1363 5109 δόμον

410 5121 753 5203 Μυροϐλύτῃ
786 5128 898 5199 (66)
933 5127 1163 5201 μάρτυρι
1194 5131 1275 5198 τῷ
1306 5127 1627 5202 Δημητρίῳ,

1709 379 2068 438 CBSAREB.

1863 502 1915 570 Α
1946 501 2101 554 recta
2131 493 2423 566 capitibus
2449 506 2620 549 enses
2650 489 3074 562 impingebant,

1948 586 2192 641 fratrum
2219 598 2462 639 suorum
2490 579 2917 651 gentiliumque
2949 576 3205 632 vindices

1950 690 2099 746 quos
2130 671 2213 726 illi
2247 686 2457 743 nempe
2486 685 2589 741 per
2621 668 2826 723 urbem
2858 669 3251 723 mactaverant

1952 762 2114 829 Quod
2146 760 2196 817 si
2228 760 2328 831 qui
2361 760 2429 814 ad
2462 774 2628 813 sacra
2657 756 2819 829 asyla
2846 755 3282 827 confugiebant,

1952 851 2061 907 llos
2084 848 2427 921 jugulantes
2456 846 2786 902 clamabant
2816 845 3100 914 ferociter,

1959 940 2205 995 Ubinam
2240 942 2332 993 est
2357 936 2586 992 occisus
2618 952 2721 1007 per
2748 950 2849 990 vos
2880 934 3193 990 sacerdos?

1958 1043 2093 1083 nam
2122 1032 2179 1082 et
2207 1040 2270 1082 se
2300 1025 2484 1082 sacris
2512 1024 2765 1079 caedibus
2796 1022 3202 1095 impiaverant.

1958 1122 2106 1174 Tum
2148 1120 2205 1171 et
2236 1115 2567 1170 mirandum
2596 1112 2876 1185 quiddam
2908 1112 3101 1167 videre
3129 1110 3313 1181 licuit,

1962 1220 2134 1261 canes
2166 1206 2469 1275 parcentes
2501 1201 2712 1256 civium
2741 1199 3103 1271 corporibus,

1963 1294 2012 1350 si
2044 1310 2170 1365 quze
2204 1293 2462 1365 projects
2482 1290 2759 1362 jacebant
2787 1289 2847 1345 in
2879 1289 3049 1355 vicis;

1966 1388 2054 1441 ast
2088 1382 2367 1439 Italorum
2396 1380 2661 1436 certatim
2688 1380 2974 1436 cadavera

1966 1471 2134 1529 avida
2164 1471 2316 1526 fame
2346 1468 2562 1525 ibidem
2595 1470 2963 1537 devorantes,

1968 1561 2108 1631 quin
2139 1564 2196 1616 et
2220 1558 2505 1631 sepulcris
2534 1574 2685 1630 saepe
2714 1558 3142 1630 protrahentes.

1968 1653 2060 1705 Sic
2091 1666 2120 1705 e
2150 1647 2504 1703 Thessalicis
2537 1647 2741 1717 pulsus
2770 1647 2878 1703 fuit
2909 1647 3131 1703 finibus

1971 1755 2106 1797 cum
2134 1735 2460 1809 ignominia
2489 1734 2724 1792 Siculus
2755 1736 3067 1791 exercitus.

1969 1826 2260 1884 Triremes
2290 1830 2509 1893 autem,
2538 1828 2603 1880 ut
2631 1824 2904 1896 superius
2932 1824 3211 1896 diximus,

1971 1916 2289 1987 Byzantina
2319 1914 2462 1970 urbe
2492 1915 2780 1987 fugientes
2818 1914 3041 1987 procul,

1974 2005 2125 2062 male
2154 2022 2188 2062 a
2219 2008 2476 2061 Romano
2510 2003 2695 2060 milite
2728 2009 2866 2060 sunt
2903 2003 3218 2072 mulctatae,

3480 362 3585 417 218

1973 2101 2149 2167 atque
2178 2094 2502 2150 amiserunt
2532 2093 2849 2166 plurimam
2880 2094 3112 2149 turbam
3145 2093 3445 2150 nauticam
3479 2110 3492 2148 :

1972 2200 2224 2256 cumque
2255 2184 2517 2238 ducenta:
2545 2186 2742 2238 essent
2766 2184 2855 2238 vel
2886 2183 3061 2239 etiam
3092 2183 3313 2255 plures,

1973 2274 2220 2346 turpiter
2248 2272 2408 2327 victas
2441 2272 2741 2342 fugiebant
2769 2272 2827 2326 in
2864 2272 3113 2344 patriam
3149 2290 3161 2327 :

1974 2377 2224 2434 quarum
2256 2360 2577 2433 permultas
2609 2362 2766 2417 fama
2794 2366 2881 2418 est
2912 2361 2969 2416 in
3002 2377 3178 2423 cursu

1973 2456 2281 2507 ventorum
2312 2451 2427 2506 vim
2459 2466 2766 2522 perpessas
2796 2455 2853 2507 et
2880 2452 3266 2524 tempestatis,

1977 2540 2295 2611 naufragus
2327 2539 2519 2595 medio
2550 2539 2792 2612 periisse
2822 2539 2991 2595 mari.

1976 2629 2166 2694 Quare
2196 2629 2255 2684 in
2288 2627 2380 2683 bis
2411 2626 2627 2701 preliis
2659 2628 2969 2687 bellatores
2995 2630 3122 2687 Itali

1977 2720 2183 2773 contra
2212 2715 2542 2773 Romanum
2581 2717 2945 2775 decertantes
2977 2718 3225 2776 militem

1979 2805 2383 2863 occubuerunt
2414 2806 2614 2862 decem
2647 2806 2830 2865 ferme
2861 2807 3020 2866 mille
3052 2824 3066 2866 :

1980 2895 2361 2967 terrestrique
2390 2894 2567 2952 simul
2597 2902 2654 2952 et
2686 2896 2980 2954 maritimo

1980 2983 2133 3041 bello
2163 2989 2304 3040 sunt
2332 2983 2486 3055 capti
2517 2989 2725 3056 quater
2756 2984 2917 3043 mille
2945 2986 3149 3054 Siculi,

1982 3072 2084 3145 qui
2116 3072 2450 3149 carceribus
2481 3072 2732 3145 publicis
2757 3074 3021 3131 conclusi

1913 3217 1945 3243 η
1980 3158 2187 3233 frigori
2218 3166 2358 3219 sunt
2387 3163 2575 3219 enecti
2605 3168 2663 3220 et
2691 3165 2896 3222 morbo
2927 3169 2985 3222 et
3013 3165 3189 3223 fame.

1902 3235 1946 3284 υ
1979 3250 2235 3307 Alteram
2266 3251 2434 3307 duxit
2460 3251 2719 3310 lsaacius
2748 3255 3083 3328 eonjugem,

1981 3343 2213 3396 mortua
2239 3340 2454 3412 priore,
2485 3338 2757 3415 Ungarici
2787 3343 2941 3417 regis
2969 3342 3151 3401 tiliam
3179 3361 3196 3401 :

1980 3443 2230 3499 quarum
2262 3430 2602 3503 nuptiarum
2633 3431 3045 3507 sponsalisqus
3075 3449 3303 3509 pompm

1982 3516 2188 3574 nolens
2218 3517 2289 3574 de
2321 3518 2461 3575 ﬁsco
2492 3519 2650 3593 regio
2680 3522 2982 3594 impensas
3013 3522 3222 3591 facere,

1980 3607 2123 3663 dum
2156 3606 2291 3663 huic
2321 3608 2505 3679 parcit
2533 3608 2721 3667 victus
2750 3611 3015 3682 avaritia,

1981 3697 2152 3768 ccepit
2179 3697 2489 3769 pecuniam
2516 3700 2773 3758 subditis
2803 3718 2872 3759 ex
2902 3703 3152 3762 urbibus

1980 3791 2039 3842 et
2068 3785 2313 3861 reliquis
2342 3788 2605 3847 castellis
2628 3806 3009 3850 coacervare:

1979 3878 2136 3939 unde
2168 3880 2445 3937 commoti
2477 3880 2679 3953 populi
2708 3881 3048 3955 Mensorum,

1980 3966 2185 4036 incolo
2217 3966 2422 4035 Hemi,
2454 3968 2555 4040 qui
2585 3969 2867 4028 dicuntur
2894 3970 3115 4045 Blacbi,

1981 4054 2157 4112 ﬁdem
2183 4059 2443 4113 Romano
2478 4063 2767 4132 negarunt
2796 4061 3064 4135 imperio.

1981 4153 2303 4217 propterea,
2335 4147 2487 4218 quod
2520 4148 2645 4205 suis
2676 4150 2950 4223 gregibus
2978 4152 3404 4226 spoliabantur,

1982 4233 2265 4292 Patroclis
2296 4237 2544 4308 occasio,
2579 4242 2642 4293 ut
2672 4244 2760 4296 est
2789 4240 2847 4297 in
2881 4243 3204 4313 proverbio.

1979 4413 2063 4468 Ad
2098 4412 2153 4467 id
2189 4418 2466 4485 praeterea
2493 4416 2720 4474 facinus
2751 4425 2887 4477 sunt
2917 4422 3207 4497 compulsi

1983 4519 2016 4557 a
2048 4502 2327 4559 fratribus
2361 4505 2594 4561 duobus
2628 4514 2818 4565 Asane
2849 4516 2907 4566 et
2937 4516 3105 4571 Petro

1905 4577 1952 4643 Ι)
1985 4591 2181 4648 Moesis
2210 4598 2268 4649 et
2297 4594 2443 4666 ipsis
2473 4612 2684 4667 genere
2712 4606 2770 4654 et
2802 4599 3056 4674 ingenio.

1984 4681 2053 4737 Hi
2086 4681 2394 4754 populares
2423 4701 2585 4755 suos,
2618 4688 2718 4760 qui
2750 4691 2995 4749 deﬁcere

1987 4792 2020 4830 a
2051 4776 2315 4847 partibus
2344 4777 2574 4850 imperii
2604 4783 3025 4854 subtimebant,

1985 4871 2342 4923 exacuerunt
2368 4868 2578 4927 callido
2606 4872 2873 4938 artificio,

1987 4971 2089 5010 seu
2121 4954 2478 5014 daamoniaca
2509 4960 2731 5030 fraude,
2763 4967 2829 5019 ut
2858 4966 3079 5023 rectius
3103 4966 3315 5026 dicam.

1988 5045 2373 5117 Splendidam
2402 5049 2493 5103 isti
2528 5051 2920 5108 condiderunt
2954 5055 3155 5114 fanum

1987 5136 2280 5192 Demetrio
2315 5140 2556 5213 martyri
2589 5142 3017 5215 unguentifluo,

1988 5329 2161 5413 etiam
2193 5331 2251 5413 in
2282 5338 2559 5413 argentea
2580 5299 2957 5413 tabellaucum
2992 5339 3083 5397 his
3108 5340 3345 5413 litteris
3374 5347 3431 5401 ln
3465 5346 3633 5403 Chri-

1988 5405 2197 5507 stiaris
2229 5405 2729 5497 inscriptionibus.
2757 5408 2898 5507 Αὶῦτη
2931 5413 2966 5479 ἡ
3023 5412 3258 5485 στάμνος
3318 5415 3466 5507 φέρει
3529 5417 3631 5490 μύ-

1990 5491 2080 5507 nm.
2188 5494 2265 5507 η...
2297 5495 2351 5507 ου
2380 5479 2475 5507 ,ΑΚ
2509 5497 2737 5507 .---....--
2811 5502 2871 5507 ___
2913 5485 3084 5507 J___,A
3146 5484 3159 5507 9
3259 5487 3288 5506 ν
3511 5493 3538 5503 -

301 5328 405 5394 (65)
432 5325 572 5381 Cod.
610 5320 945 5397 Πάτροκλος.
981 5323 1061 5379 De
1096 5324 1166 5380 iis
1198 5325 1311 5380 dici
1345 5328 1717 5397 proverbium
1752 5328 1878 5385 Dio-

238 5399 519 5468 genisnus
552 5412 651 5464 vn,
686 5397 775 5468 47,
804 5396 905 5464 ait,
932 5397 1189 5466 quicum
1224 5396 1490 5468 proprias
1517 5399 1881 5459 calamitates

230 5466 296 5561 pb
324 5476 578 5561 Enetum)
596 5466 903 5561 deplorare
923 5484 1047 5561 ἵιξοιιι
1097 5466 1461 5561 apsi'nt,;sub
1505 5470 1698 5561 alieno
1732 5490 1879 5561 prse-

1990 5491 2080 5557 ρον
2115 5472 2265 5547 ἅγιον
2377 5466 2477 5561 τοῦ
2508 5478 2737 5561 φρέατος
2777 5466 3294 5559 ἀντλήσασαίῖνήῖῖ)
3324 5466 3635 5561 Winei—,1:

232 5546 381 5631 textu
414 5557 514 5622 eas
545 5538 785 5631 d‘e‘flelnt.
812 5538 1185 5631 DfnPatroclo
1216 5542 1625 5598 sordidissimo
1655 5538 1875 5601 Aristo-

1988 5538 2082 5631 τοῦ
2144 5538 2492 5621 μυροϐλύτου
2520 5538 2688 5613 ’θείου
2724 5538 3065 5629 ’Δημητρίου
3096 5538 3287 5614 ’τοῦτό
3328 5538 3633 5631 ἀναὸλύζιδῦ

235 5612 447 5686 pbsnes
482 5612 541 5665 in
578 5610 745 5666 Pluto
778 5628 817 5674 ι,
844 5611 933 5665 28.
960 5681 972 5686 _
1198 5683 1227 5686 _
1438 5684 1446 5686 Α

1988 5610 2181 5673 κεῖται.

301 5684 407 5757 (66)
438 5686 908 5756 Cognomentum
960 5681 1066 5739 hoc
1106 5686 1159 5737 S.
1197 5683 1487 5741 Demetrio
1537 5686 1880 5744 attribuitur
