4250 6432
105 405 203 462 221
1633 394 1997 454 CBOABES.

282 525 583 583 Θεόσδοτον
616 525 852 603 δώρημα
882 527 1064 604 φανεὶς
1096 529 1174 598 τῷ
1203 526 1326 581 τότε

288 622 519 674 “Anam.
549 615 692 690 τῶδε
721 618 855 673 κατά
885 615 1048 686 τήνδε
1076 617 1175 684 τὴν
1210 614 1415 689 μάχηνο

288 711 385 769 ⁸ος
420 727 479 761 εκ
507 706 748 761 Λατίνων
783 706 1098 779 συναγείρας
1129 705 1363 765 ἱππότας

291 793 676 869 Ἀρειμανίους
708 791 791 856 δὶς
824 795 1010 850 ἑκατὸν
1045 795 1134 848 καὶ
1165 793 1356 861 πλέον,

111 889 251 943 5840
294 885 504 954 Πεζοίις
535 885 947 960 καταφράκτους
980 881 1036 938 δὲ
1057 881 1439 941 πεντακοσίους

291 977 516 1049 Ἡγεῖτο
544 971 712 1030 τῶνδε
743 973 834 1028 καὶ
864 977 1123 1047 κατορθοῖ
1150 973 1250 1039 τήν
1277 970 1453 1040 νίκην·

298 1067 486 1138 Παρῆν
515 1060 571 1117 Si
599 1064 974 1140 κατάφρακτος
1003 1060 1199 1123 ὅπλοις
1229 1062 1319 1115 καὶ
1348 1059 1562 1133 κράτωρ

294 1154 450 1211 Μετὰ
479 1156 797 1227 στρατηγῶν
830 1150 1093 1216 εὖσθενῶν
1125 1171 1181 1204 τε
1212 1147 1526 1222 ταγμάτων.

297 1242 431 1298 Επεὶ
465 1239 512 1294 δ’
546 1242 764 1315 ὖπ-ἳρχε
793 1239 1120 1313 συμπλοκῆς
1153 1239 1339 1312 καιρὸς
1374 1235 1584 1311 μάχης,

116 1344 251 1398 5845
294 1340 597 1412 Εὐώνυμον
635 1340 728 1412 μὶν
762 1340 878 1413 εἶχε
909 1338 1250 1410 Καμμύτζης
1281 1334 1439 1409 κέρας

297 1429 746 1502 Πρωτοστράτωρ
777 1427 875 1498 ὥν,
905 1426 1154 1501 εὖγεγής,
1193 1422 1563 1500 βουληφόροςο

293 1519 365 1571 Τὸ
399 1514 570 1586 δεξιὸν
605 1514 662 1569 δὲ
697 1515 950 1589 βασιλεὺς
983 1517 1047 1581 ἦν
1092 1510 1314 1567 διέπωνο

300 1605 406 1660 Σὺν
438 1604 670 1665 Ἰταλοῖς
704 1605 751 1659 δ’
778 1601 923 1667 ἴθυνε
966 1599 1240 1676 Κορράδος
1276 1601 1458 1674 μέσον.

298 1694 398 1749 Καὶ
436 1695 634 1769 βρανᾶς
664 1691 711 1748 δ’
743 1693 993 1765 ἐξήταζεν
1024 1689 1189 1745 αὐτοῦ
1221 1687 1476 1762 δυνάμεις

123 1796 260 1850 5850
301 1793 475 1848 Μέσον
515 1792 609 1864 μὶν
643 1789 804 1852 αὐτὸς
831 1789 1082 1864 κατέχων
1113 1792 1220 1843 τῶν
1253 1788 1541 1862 ταγμάτων

299 1884 374 1936 Τὰ
407 1879 451 1936 δ’
478 1878 543 1934 αὗ
575 1880 900 1955 ἑκατέρωθεν
934 1877 1163 1952 ίλάρχαι
1195 1880 1384 1931 πάλιν·

303 1972 405 2028 Καὶ
437 1967 793 2045 συρῥαγείσης
824 1968 952 2042 παρ’
981 1966 1250 2040 έκατέρων
1286 1964 1494 2040 μάχης,

299 2061 398 2114 Ἵν⁹
431 2059 504 2120 ὡς
540 2057 668 2120 ἒπος
699 2056 962 2133 φράσαιμι
998 2055 1237 2110 συνελὼν
1274 2054 1445 2130 λόγῳ,

304 2149 497 2203 Πίπτει
532 2153 730 2220 Βρανᾶς
760 2144 1015 2220 α’ίσχιστα
1046 2141 1326 2220 Κορῤάδου
1359 2143 1517 2220 ξίφει,

125 2241 262 2294 5855
303 2237 403 2291 Καὶ
433 2239 534 2304 τήν
561 2235 807 2312 κεφαλὴν
838 2235 1085 2308 τέμνεται
1117 2234 1443 2305 παραυτίκα,

308 2329 408 2385 Καὶ
442 2328 615 2400 τέρμα
651 2325 804 2400 μάχη
835 2325 926 2379 καὶ
958 2324 1208 2398 τυραννὶς
1240 2317 1529 2394 λαμϐάνει.

307 2415 457 2473 Ἐπεὶ
492 2413 540 2469 δ’
567 2411 992 2488 ἐπρεσϐεύσαντο
1024 2412 1160 2487 πρὸς
1206 2409 1432 2486 βασιλέα

311 2507 408 2568 Οἷς
490 2525 588 2578 περ
678 2509 844 2578 μετῆν
931 2503 1146 2565 σθένους
1234 2521 1290 2554 τε
1370 2500 1627 2573 Λαμπροῦ
1697 2498 1783 2551 καὶ

1507 2589 1716 2662 [γένους

311 2682 773 2758 Ἑκλιπαροῦντες
808 2680 963 2735 λύσιν
995 2680 1166 2755 εὖρεῖν
1201 2677 1576 2750 πταισμάτων,

135 2775 274 2830 5860
313 2775 478 2846 “Ave!
515 2767 766 2848 βραϐεύει
797 2777 925 2826 πᾶσι
954 2771 1053 2838 τήν
1079 2768 1399 2842 ἀμνηστίαν·

312 2864 416 2922 Καὶ
446 2859 901 2937 προσδραμόντας
933 2859 1174 2931 εὐμενῶς
1203 2855 1525 2931 δεδεγμένος

312 2957 448 3006 Πᾶσι
474 2958 779 3026 κεχρῆσθαι
809 2948 1023 3021 γνησίῳ
1054 2947 1351 3021 μεταμέλῳ

309 3041 435 3098 Ἐπῖ
466 3035 766 3115 παραϐάσει
797 3060 857 3113 γε
885 3041 1126 3116 φρικτῶν
1162 3036 1364 3112 ὁρκίων

348 3134 473 3188 Τῶν
505 3131 633 3204 πρὶν
665 3131 802 3203 πρὸς
836 3127 992 3184 αὐτὸν
1028 3126 1264 3182 ὑπετίθει
1301 3124 1392 3178 σὺν
1422 3121 1592 3199 λόγῳ·

136 3233 274 3286 5865
313 3230 478 3284 Λύσιν
512 3225 558 3283 δ’
588 3226 925 3300 ἀναθέματος
957 3226 1124 3281 αἰτεῖν
1157 3223 1222 3279 αὗ
1253 3221 1420 3278 πάλιν

306 3320 446 3394 ΙΙαρ⁹
479 3315 781 3393 ἀρχιθῦτου
808 3314 974 3381 τῆσδε
1000 3321 1102 3383 τῆς
1134 3312 1574 3381 Κωνσταντίνου,

308 3411 373 3483 ’ῼ
406 3425 539 3482 σφας
565 3399 940 3459 καθυπέϐαλον
973 3402 1125 3457 ἀστοὶ
1156 3400 1261 3478 πρὸ
1289 3399 1475 3476 τρίτης

309 3498 576 3557 Ἐστὼτες
607 3493 718 3549 ἄνω
746 3495 978 3568 τειχίων
1012 3494 1421 3569 πυργωμάτων,

316 3584 422 3644 Καὶ
454 3581 706 3658 δρώμενα
741 3582 1032 3658 βλέποντες
1062 3581 1245 3642 αὐτοῖς
1275 3579 1520 3640 ἆνόιιως.

142 3679 279 3733 5870
321 3675 421 3731 Καῖ
447 3673 619 3730 τῶνδε
649 3674 856 3729 πολλοὶ
885 3678 992 3728 τῶν
1034 3676 1215 3727 κακῶν
1246 3672 1574 3746 ᾐσθημένοι,

320 3770 548 3839 Θερμῶς
579 3763 900 3833 πηοσῆλθον
927 3768 1007 3835 τῷ
1042 3761 1263 3838 μεγάλῳ
1294 3761 1537 3834 ποιμένι·

313 3862 518 3921 ’Ἄλλοι
553 3861 610 3918 δὶ
641 3859 795 3933 δόξαν
830 3859 1092 3936 είσδοχῆς
1128 3856 1427 3923 δεδωκότες

315 3957 395 4028 Τῇ
425 3960 526 4022 τῆς
557 3951 802 4030 κεφαλῆς
835 3949 1143 4006 κατανεύσει
1177 3949 1264 4005 καὶ
1299 3944 1461 4024 μὸνῃ,

313 4049 403 4106 Ὠς
435 4043 606 4119 λῆρον
640 4045 918 4119 ἡγήσαντο
948 4044 1048 4111 τήν
1080 4036 1438 4114 συμϐουλίαν·

144 4136 286 4191 5875
324 4133 474 4191 Κατᾶ
505 4134 705 4190 Μυσῶν
740 4129 927 4206 ἔξεισιν
960 4132 1050 4186 καὶ
1081 4129 1248 4186 πάλιΛ
1278 4127 1428 4200 ἅναξ,

323 4223 427 4280 Καὶ
457 4222 554 4285 τὰς
583 4227 701 4277 κατ’
731 4220 925 4284 αὐτοὺς
956 4217 1228 4293 ἐκδρομὰς
1256 4218 1350 4282 τὰς
1380 4218 1641 4294 άσχέτους

323 4311 472 4365 Πάνυ
504 4331 554 4363 τι
592 4311 785 4385 μικρὸν
818 4308 1171 4384 ἀναχαιτίσας
1193 4307 1412 4378 ὅπλοις,

321 4401 429 4468 Τὴν
461 4395 748 4474 Ἀδριανοῦ
777 4391 1188 4471 καταλαμϐάνει
1226 4395 1412 4451 πόλιν.

322 4488 504 4548 Μυσοὶ
538 4485 594 4542 δὲ
625 4489 816 4560 κώμας
849 4486 1160 4562 κατέκειρον
1193 4486 1281 4540 καὶ
1324 4483 1488 4540 πάλιν

147 4590 285 4644 5880
320 4588 428 4651 Τάς
458 4587 596 4663 πρὸς
626 4584 1079 4642 Φιλιπποῦπολιν
1103 4585 1549 4659 κατοικουμένας·

324 4676 665 4755 Ἀφιγμένου
699 4674 744 4730 δ’
776 4672 1000 4738 ἄνακτος
1034 4675 1107 4737 εἷς
1141 4675 1362 4751 πάσχον
1394 4677 1556 4749 μέρος

325 4769 442 4843 Ἀφ’
475 4765 550 4821 ὦν
584 4766 906 4821 ἆπανίστατο
942 4765 1162 4841 χωρίων
1197 4762 1344 4836 ἄναξ,

327 4857 525 4916 Ἐκεῖσ’
556 4856 711 4930 ἐπῄει
743 4853 1045 4930 δύστροπον
1079 4857 1280 4912 Μυσῶν
1311 4852 1484 4918 ἔθνος.

328 4947 505 5009 Οὗτος
537 4945 712 5002 θέλων
743 4943 833 5000 οὖν
865 4943 1171 5018 ἀμύνασθαι
1220 4939 1528 5021 βαρϐάρους

151 5039 294 5094 5885
331 5036 643 5114 Ἑφίσταται
677 5033 744 5103 δὴ
776 5039 891 5096 τοῖς
925 5033 1076 5109 ὅροις
1110 5030 1443 5111 Τριαδίτζης

333 5126 431 5184 Καὶ
469 5123 767 5200 μηδοτιοῦν
798 5123 856 5180 έκ
885 5124 1082 5199 κρύους
1113 5121 1384 5194 διανύσας,

333 5215 584 5286 Εὖζωνος
615 5213 776 5274 αὐτὸς
806 5213 903 5282 τὴν
938 5211 1342 5271 Κωνσταντίνου
1366 5212 1571 5289 φθάνει,

337 5304 577 5380 Στρατὸν
607 5303 879 5373 παρεικὼς
911 5301 1095 5364 αὐτόθι
1127 5301 1479 5376 παραμένειν,

333 5397 539 5452 Ἵππων
576 5390 839 5463 ἁμίλλαις
874 5390 1149 5469 ἐντρυφῶν
1181 5391 1271 5444 καὶ
1313 5389 1599 5465 παιγνίοις.

160 5486 300 5540 5890
334 5485 500 5556 Ἠρος
534 5479 582 5536 δ’
613 5479 829 5554 ἀπαίρει
860 5485 959 5548 τῆς
983 5479 1388 5536 Κωνσταντίνου
1414 5476 1600 5547 παλιν,

335 5573 433 5630 Καὶ
464 5571 593 5634 τοὺς
624 5568 843 5629 Μυσοὺς
877 5570 1138 5640 μέτεισιν,
1173 5569 1324 5631 αὖθις
1353 5572 1474 5630 τοῖς
1505 5565 1727 5630 ὅπλοις·

340 5665 463 5736 Περὶ
499 5659 556 5717 δὲ
587 5660 924 5733 παράστασιν
961 5656 1196 5732 ίδρώσας
1230 5658 1369 5712 πάνυ

343 5753 503 5812 Two:
539 5744 810 5817 Λοϐιτζοῦ
837 5746 1098 5822 φρουρίου
1126 5752 1234 5802 τῶν
1267 5745 1476 5818 αὐτόθι,

1789 519 1840 588 Α
1869 534 1999 574 vere
2032 514 2262 572 caeleste
2294 529 2395 584 per
2426 511 2483 565 id
2517 515 2753 581 tempus
2787 507 3009 563 donum

1877 608 1996 678 regi
2031 618 2375 660 concessum
2409 601 2479 656 ob
2513 598 2830 654 imminens
2862 595 3198 651 discrimen.

1880 696 2098 765 Nempe
2128 693 2222 748 hic
2256 689 2474 746 Latinis
2507 687 2764 744 collectis
2797 684 3094 757 equitibus

1876 788 2116 839 Martem
2151 780 2512 853 spirantibus
2540 776 2709 849 paulo
2741 775 2874 848 plus
2906 772 3198 840 ducentis,

1879 871 2385 945 cataphractisque
2414 866 2710 940 peditibus
2742 860 3103 937 quingentis,

1879 964 2086 1017 ducem
2119 976 2180 1015 se
2211 956 2460 1030 praebuit
2491 955 2914 1024 victoriamque
2946 948 3166 1006 retulit.

1877 1064 2067 1118 Caisar
2097 1058 2239 1132 quin
2271 1058 2446 1112 etiam
2479 1054 2757 1111 loricatus
2791 1051 2980 1108 adfuit

1879 1167 2010 1207 cum
2043 1149 2293 1205 ducibus
2323 1163 2388 1202 ac
2416 1144 2666 1201 fortibus
2698 1141 3028 1198 ordinibus.

1879 1242 2141 1310 Cumque
2163 1238 2289 1309 jam
2322 1235 2475 1290 acies
2502 1235 2696 1289 essent
2726 1231 2785 1286 in
2819 1229 3142 1303 procinctu,

1879 1329 2119 1386 sinistro
2151 1341 2330 1381 cornu
2365 1321 2598 1395 praefuit
2625 1322 2986 1391 Cammytzes

1880 1419 2233 1490 protostator
2262 1418 2318 1471 et
2349 1411 2562 1468 nobilis
2589 1407 2990 1473 consiliarius;

1879 1508 2178 1564 dexterum
2209 1504 2334 1577 ipse
2364 1504 2552 1558 Caesar
2579 1515 2755 1555 cornu
2789 1497 2966 1565 rexit;

1883 1595 2142 1651 medium
2175 1593 2365 1648 tenuit
2390 1589 2681 1646 Corradus
2712 1587 3051 1642 exercitum.

1883 1685 2078 1740 Aciem
2112 1687 2168 1739 et
2199 1687 2418 1737 Branas
2449 1677 2737 1735 ordinavit
2769 1692 2961 1745 suam,

1883 1775 2137 1830 mediam
2171 1772 2297 1844 ipse
2327 1785 2619 1840 occupans
2649 1766 3028 1839 phalangem,

1812 1875 1856 1938 Β
1888 1863 2009 1920 alas
2041 1861 2294 1917 tribunis
2325 1858 2609 1930 regendas
2641 1855 2986 1912 attribuens.

1889 1956 2014 2008 Mox
2045 1949 2528 2007 concurrentibus
2561 1945 2836 2016 utrinque
2868 1942 3125 2011 aciebus,

1891 2056 1955 2106 ut
1987 2049 2188 2122 paucis
2220 2046 2410 2102 verbis
2443 2048 2668 2100 tantam
2700 2059 2822 2098 rem
2855 2039 3227 2113 complectar,

1892 2138 2128 2196 Corradi
2159 2138 2379 2192 Branas
2412 2133 2566 2190 cadit
2595 2147 2731 2188 ense
2762 2131 3010 2202 turpiter

1894 2231 2063 2302 eique
2095 2234 2269 2297 caput
2299 2225 2499 2282 statim
2530 2225 2892 2294 amputatur,

1895 2322 2074 2391 ﬁtque
2106 2316 2283 2374 simul
2315 2331 2523 2387 pugnae
2557 2311 2690 2368 ﬁnis
2721 2320 2776 2367 et
2804 2309 3123 2385 tyrannidi,

1897 2410 2113 2466 Deinde
2145 2405 2392 2471 nobiles,
2428 2403 2526 2476 qui
2560 2402 2804 2458 rebelles
2842 2401 3091 2467 fuerant,

1896 2497 2245 2570 legationem
2279 2496 2349 2550 ad
2382 2495 2665 2549 Caesarem
2700 2490 3132 2556 submiserunt,

1899 2679 2168 2736 criminis
2199 2676 2427 2732 veniam
2460 2673 2572 2731 sibi
2604 2673 3005 2744 deposcentes.

1899 2771 2090 2827 Caesar
2118 2781 2180 2824 se
2212 2763 2460 2837 prazbuit
2489 2762 2716 2818 cunctis
2745 2760 3171 2833 indulgentem,

1901 2865 2078 2930 atque
2108 2855 2448 2912 accedentes
2479 2851 2751 2908 benevole
2776 2849 3093 2922 excipiens,

1901 2947 2131 3005 cunctis
2164 2945 2478 3018 prudenter
2507 2957 2702 2998 veram
2737 2937 3140 3016 pmnitentiam

1901 3037 2252 3094 violatorum
2283 3033 2567 3089 fmdorum
2601 3029 2888 3088 suadebat
2923 3043 2938 3085 :

1904 3134 2081 3201 atque
2111 3132 2176 3183 ut
2206 3124 2355 3182 sacri
2387 3121 2594 3180 vinclis
2623 3119 3015 3179 anathematis

1823 3236 1867 3305 ο
1905 3237 1938 3277 a
1969 3215 2296 3292 patriarcha
2332 3214 2656 3305 Byzantina
2691 3212 2856 3269 urbis

1904 3311 2168 3382 peterent
2198 3305 2366 3374 solvi,
2393 3303 2609 3376 quibus
2637 3306 2768 3359 ante
2798 3301 3062 3357 triduum

1903 3418 1936 3457 a
1966 3400 2194 3458 civibus
2223 3396 2487 3454 obstricti
2520 3395 2625 3452 rite
2653 3395 2904 3462 fuerant,

1903 3491 2041 3546 dum
2077 3488 2330 3546 summis
2360 3485 2592 3543 mmniis
2624 3486 2848 3541 stantes
2880 3485 3056 3554 atque
3085 3478 3347 3538 turribus

1904 3579 2060 3635 mala
2091 3577 2394 3633 rebellium
2426 3577 2762 3649 spectarent
2792 3571 3072 3630 facinora.

1852 3706 1854 3710 τ
1905 3675 2095 3744 Atque
2123 3671 2183 3726 in
2216 3670 2308 3726 bis
2340 3667 2512 3723 multi
2543 3663 2676 3722 tacti
2709 3661 3056 3737 poenitentia

1907 3763 1976 3818 ad
2012 3776 2290 3830 magnum
2323 3756 2629 3830 praesulem
2662 3753 2876 3810 fervide
2908 3748 3265 3808 accedebant
3296 3763 3310 3804 :

1908 3863 2000 3916 ast
2026 3857 2125 3915 alii
2156 3872 2363 3914 vanam
2395 3854 2652 3929 speciem
2684 3865 3012 3910 consensus

1909 3947 2117 4022 capitis
2147 3951 2294 4003 nutu
2324 3950 2500 4002 tenus
2531 3941 2901 4009 simulantes,

1909 4036 2370 4095 exhortationem
2401 4032 2644 4091 Cesaris
2675 4030 2964 4087 ridebant.

1910 4124 2364 4200 Ipse‘profectus
2394 4122 2606 4180 iterum
2637 4120 2696 4177 in
2721 4117 2981 4176 Iuniam

1909 4218 2164 4276 hostium
2197 4215 2410 4274 effusas
2443 4212 2662 4288 passim
2691 4209 3063 4268 excursiones

1911 4322 2049 4364 sane
2080 4321 2396 4380 parumper
2426 4303 2605 4360 armis
2637 4298 3017 4374 compescuit,

1913 4409 2260 4469 progressus
2291 4409 2479 4467 usque
2509 4390 2580 4448 ad
2617 4390 2824 4448 urbem
2853 4383 3153 4444 Hadriani.

1915 4486 2152 4542 Interim
2179 4482 2338 4539 laesi
2369 4481 2755 4539 devastabant
2783 4493 2990 4535 rursus

1839 4601 1883 4665 Β
1915 4576 2068 4631 circa
2097 4573 2349 4646 Philippi
2377 4571 2673 4628 civitatem
2708 4583 2908 4642 pagos.

1919 4676 2062 4729 Dum
2096 4672 2384 4728 laboranti
2416 4687 2513 4725 rex
2545 4669 2692 4740 parti
2726 4668 3114 4735 succurreret,

1915 4763 2106 4818 locum
2141 4778 2315 4833 quem
2347 4776 2594 4816 vacuum
2627 4757 2829 4815 abiens
2862 4754 3195 4827 reliquerat,

1919 4856 2234 4908 contumax
2264 4849 2458 4907 statim
2493 4849 2673 4904 Mcnsa
2704 4863 2847 4919 gens
2877 4844 3131 4901 tenebat.

1921 4943 2206 4997 Barbaros
2235 4956 2371 5012 ergo
2403 4937 2690 4994 debellare
2718 4935 2957 4990 studens

1922 5030 1993 5084 ad
2021 5028 2323 5083 Triaditzaa
2358 5025 2605 5081 contulit
2635 5040 2696 5079 se
2726 5024 2872 5078 fines
2908 5037 2922 5076 :

1924 5119 2022 5175 sed
2057 5134 2190 5174 cum
2222 5118 2445 5189 rigente
2476 5116 2665 5170 hieme
2697 5113 2777 5169 nil
2810 5111 3134 5183 proficeret,

1925 5209 2230 5280 expeditus
2262 5207 2387 5279 ipse
2419 5203 2762 5278 Byzantium
2796 5201 2951 5258 venit
2986 5215 3000 5257 :

1926 5298 2188 5367 dumque
2218 5294 2334 5350 illic
2366 5294 2532 5349 miles
2565 5295 2764 5347 manet
2790 5288 2904 5346 sub
2934 5289 3070 5343 Jove
3101 5284 3332 5357 frigido,

1927 5386 2063 5443 circi
2096 5385 2396 5457 spectabat
2421 5381 2647 5437 ludicra
2676 5377 3014 5436 certamina.

1929 5479 2200 5531 Attamen
2231 5489 2408 5528 verno
2441 5475 2700 5542 tempore
2730 5466 3001 5540 Byzantio

1929 5582 2134 5622 rursus
2165 5563 2474 5619 discedens
2505 5563 2710 5614 Maesos
2744 5557 2923 5613 armis
2955 5553 3125 5626 petiit
3156 5570 3170 5610 :

1929 5670 2184 5727 cumque
2215 5654 2287 5708 ob
2320 5649 2667 5722 capiendum
2701 5647 3030 5702 laborasset
3059 5642 3159 5698 diu

1930 5744 2231 5802 Lobitzum
2267 5740 2559 5814 quoddam
2593 5736 2805 5794 Mnasias
2835 5734 3165 5803 castellum,

3407 372 3518 430 222
