4190 6448
1865 383 2234 438 EPHBEMII
2274 381 2843 438 CHBONOGRAPHI
3941 389 4054 441 224

656 504 1185 560 inconsummatum
1219 519 1451 576 operam
1483 505 1782 574 omittens,

2323 505 2377 572 Α
2583 505 2686 560 Καὶ
2720 509 2945 581 τοῦργον
2981 506 3238 575 ἀνήνυτον
3264 507 3501 584 ἀφεικὼς
3534 507 3695 563 πάλιν

655 594 868 647 iterum
901 591 1118 663 regiam
1152 592 1325 648 rediit
1353 593 1413 647 in
1447 594 1673 648 urbem.

2399 592 2538 647 5895
2579 593 2721 668 Πρὸς
2749 595 2847 662 τήν
2885 592 3275 668 βασιλεύουσαν
3308 593 3492 650 εἷ’σεισι
3523 596 3709 651 πόλιν·

655 680 884 736 Scilicet
913 680 1168 750 pulchm
1194 681 1384 753 gratia
1414 683 1822 752 Propontidos,

2577 684 2646 739 Αἱ
2678 681 2899 756 Χάριτες
2927 684 3030 758 γὰρ
3061 690 3161 753 τῆς
3189 681 3366 754 καλῆς
3400 684 3771 759 Κροποντίδος

656 769 1038 824 aedificiorum
1071 769 1380 824 commoda
1408 774 1465 824 et
1493 774 1756 840 ornatus,

2577 772 2646 825 Αἱ
2673 771 2937 827 καλλοναί
2969 792 3025 827 τε
3053 769 3218 842 τῆσδε
3247 773 3338 828 καὶ
3369 772 3552 844 κάλλη
3597 772 3805 847 δόμων,

657 856 888 913 venatio
917 855 1108 913 dulcis
1138 860 1198 912 et
1227 856 1406 913 simul
1437 857 1741 930 equitatio,

2579 859 2796 933 Τερπνὰ
2827 861 3125 935 κυνηγέσια
3155 859 3246 915 σὺν
3280 861 3531 933 ῖππασίᾳ,

660 945 914 1019 piscium
944 945 1158 1017 praeda,
1193 961 1326 1000 cum
1360 944 1780 1016 hilaritatibus,

2585 951 2703 1001 Σῶν
2738 948 2945 1022 ίχθύων
2978 946 3115 1023 ἄγρα
3143 970 3200 1003 τε
3229 949 3321 1004 σὺν
3365 949 3593 1024 εὐθυμία

660 1036 759 1090 diu
790 1033 1183 1106 longinquum
1217 1051 1332 1090 non
1363 1035 1635 1090 sinebant
1665 1038 1968 1105 Caesarem,

2402 1048 2545 1101 5900
2582 1045 2797 1120 Μακρὸν
2833 1051 3052 1121 θυραῖον
3084 1049 3371 1122 τυγχάνειν
3403 1046 3502 1103 ούκ
3528 1049 3701 1123 ἠφίει,

659 1126 761 1180 sed
795 1127 864 1179 ad
897 1123 1211 1179 fruendum
1246 1138 1375 1179 sese
1407 1124 1854 1196 compellebant.

2584 1134 2759 1191 Ἀλλά
2782 1133 2996 1210 τρέχειν
3030 1134 3257 1211 ἤπειγον
3291 1136 3450 1191 αὐτὸν
3480 1138 3616 1211 πρὸς
3647 1136 3793 1204 τάδε,

661 1213 870 1269 Asanis
901 1229 1132 1286 quoque
1167 1228 1402 1268 uxorem
1434 1215 1623 1268 Caesar
1653 1213 1806 1286 cepit

2584 1225 2854 1298 Κατέσχεν
2888 1225 3020 1294 ἄναξ-
3044 1225 3286 1299 γαμετὴν
3322 1225 3479 1282 Ἀσάν
3509 1226 3652 1295 τότε,

660 1303 1018 1375 tertiumque
1049 1319 1115 1358 ex
1148 1303 1278 1373 ejus
1310 1303 1589 1358 fratribus
1619 1302 1905 1360 Joannem

2585 1314 2684 1368 Καὶ
2719 1315 2940 1384 θάτερον
2972 1310 3029 1367 δὲ
3063 1313 3344 1388 συγγόνων
3374 1314 3625 1384 Ἰωάννην

660 1391 887 1447 obsidis
918 1391 1042 1447 loco
1075 1392 1356 1447 traditum
1389 1393 1632 1464 accepit.

2583 1400 2820 1479 Εἴληφε,
2857 1399 3060 1456 δόντων
3094 1401 3170 1464 εἷς
3213 1403 3474 1476 ὁμηρείας
3508 1403 3694 1479 λόγον·

662 1480 858 1536 Nihilo
889 1480 984 1534 hic
1015 1485 1211 1535 tamen
1244 1479 1441 1535 minus
1473 1484 1676 1552 postea
1709 1481 1906 1536 nocuit

2408 1493 2551 1548 5905
2587 1492 2686 1552 ’ος
2713 1489 2936 1565 ὅστερύν
2970 1488 3195 1564 δέδρακε
3224 1493 3511 1563 Ῥωμαίων
3549 1490 3737 1555 πόλεις

662 1586 765 1642 pro
799 1587 908 1625 sua
941 1568 1162 1624 malitia
1193 1569 1450 1640 pessima
1482 1569 2063 1642 Romaniszurbibus.

2588 1578 2827 1636 Κάκιστα
2854 1580 3094 1647 πάντων,
3123 1584 3221 1652 φεῦ
3257 1582 3650 1654 μισανθρώπου
3678 1581 3883 1656 τρόπου
3911 1583 3921 1636 !

660 1667 865 1722 Adhuc
896 1670 1132 1722 tenente
1164 1665 1476 1737 imperium
1511 1668 1730 1723 Isaacio

2590 1667 2803 1725 Τούτου
2835 1671 3167 1743 κρατοῦντος
3197 1672 3295 1723 τοῦ
3330 1668 3611 1744 βασιλείου
3642 1672 3891 1742 κράτους,

662 1756 868 1811 defecit
900 1756 1140 1826 quidam
1172 1756 1528 1825 Mancapbas
1559 1757 1907 1828 cognomine

2590 1757 3000 1827 Ἀποστατήσας
3031 1757 3120 1811 καὶ
3156 1759 3456 1834 Μαγκαφᾶς
3482 1757 3789 1828 τούπίκλην

662 1842 1174 1916 Philadelphensis
1205 1844 1348 1899 civis
1378 1844 1720 1900 Theodorus

2334 1853 2378 1916 Β
2588 1842 2867 1919 Θεόδωρός
2889 1866 2972 1907 τις
3001 1844 3378 1921 Φιλαδελφεὺς
3408 1851 3488 1919 τῷ
3517 1851 3685 1922 γένει,

665 1933 972 2006 Lydiaaque
1004 1938 1060 1989 et
1090 1933 1288 2006 patriae
1324 1934 1538 1989 invasit
1570 1936 1939 2004 tyrannidem

2411 1948 2553 2002 5910
2591 1947 2990 2017 Κατατυραννεῖ
3021 1943 3283 2018 πατρίδος
3309 1945 3401 1999 καί
3433 1943 3650 2016 Λυδίας,

664 2030 840 2095 atque
874 2024 1050 2079 urbes
1082 2023 1354 2094 plurimis
1382 2023 1652 2080 multavit
1682 2026 1917 2081 damnis

2597 2033 2698 2091 Καὶ
2731 2033 2964 2088 πλεῖστα
2997 2031 3186 2088 δεινῶν
3221 2034 3506 2109 εἰργάσατο
3536 2038 3633 2097 τὰς
3663 2037 3872 2104 πόλεις,

662 2129 796 2168 cum
830 2112 1039 2168 barum
1072 2113 1258 2183 pagis,
1292 2113 1511 2167 circum
1544 2130 1707 2168 arma
1739 2114 1950 2169 ferens.

2591 2123 2793 2196 Κώμας
2818 2143 2875 2177 τε
2906 2121 3102 2184 λοιπὰς
3134 2123 3218 2184 αἷς
3251 2121 3406 2195 ἐπῄει
3440 2123 3531 2178 σὺν
3566 2124 3779 2188 ὅπλοις.

665 2209 1084 2281 Philadelphia:
1114 2211 1303 2265 Caesar
1336 2210 1406 2265 ad
1442 2210 1587 2266 fines
1618 2211 1856 2268 veniens

2591 2214 2752 2282 Ἀναξ
2785 2209 2830 2265 δ’
2859 2209 3079 2272 ἐπιστάς
3112 2208 3512 2286 Φιλαδελφείας
3542 2214 3692 2287 ὅροις

665 2301 726 2355 in
761 2317 870 2355 sua
902 2299 1091 2372 patria
1120 2299 1410 2358 conclusit
1442 2299 1740 2367 rebellem,

2590 2304 2940 2378 Ἕμφρουρον
2974 2298 3132 2354 αὐτὸν
3167 2298 3454 2375 ἐγκαθιστᾷ
3483 2300 3724 2375 πατρίδι,

668 2390 769 2460 qui
802 2393 940 2444 tunc
983 2388 1257 2445 idoneum
1290 2393 1500 2446 nactus
1533 2394 1622 2445 est
1652 2405 1939 2462 agnomen

2413 2393 2555 2448 5915
2590 2388 2761 2446 Ἢνίκ’
2802 2387 3159 2461 έπωνόμαστο
3189 2388 3279 2442 καὶ
3314 2386 3444 2460 μάλ’
3487 2387 3711 2452 ἐνδίκως

665 2479 861 2536 dictus
893 2479 966 2535 ab
997 2479 1144 2536 actis
1177 2480 1377 2536 fatuus
1407 2478 1770 2537 Theodorus.

2590 2481 2652 2537 '0
2682 2476 3122 2553 Μωροθεόδωρος
3155 2476 3214 2532 ἐκ
3241 2482 3349 2532 τῶν
3383 2480 3742 2554 πραγμάτων.

666 2568 810 2624 Cum
844 2568 1212 2641 Philadelphi
1245 2577 1437 2625 tamen
1470 2569 1626 2625 haud
1662 2574 1861 2640 posset
1893 2571 2095 2627 urbem

2594 2567 2747 2638 Πλὴν
2783 2569 2860 2640 μὴ
2889 2564 3140 2637 δυνηθεὶς
3165 2567 3265 2636 τὴν
3297 2565 3648 2646 Φιλαδέλφου
3677 2567 3839 2624 πόλιν

666 2675 873 2730 capere
902 2662 1094 2716 Caesar
1124 2659 1177 2714 vi
1210 2659 1536 2732 peritiaque
1568 2658 1798 2731 bellica,

2593 2657 2756 2728 ’Ἄναξ
2787 2656 2931 2712 έλεῖν
2964 2653 3161 2718 ὅπλοις
3187 2676 3246 2710 τε
3275 2655 3366 2711 καὶ
3399 2657 3771 2734 στρατηγίαις,

664 2750 820 2821 quod
854 2750 963 2805 fuit
993 2749 1310 2822 reliquum,
1343 2749 1710 2806 conditiones
1741 2750 1954 2807 obtulit
1987 2767 2004 2808 :

2595 2748 2742 2824 Πρὸς
2769 2740 3125 2819 συμϐιϐάσεις
3147 2743 3394 2818 δεύτερον
3427 2743 3599 2801 πλοῦν
3633 2745 3850 2822 έτράπη

661 2864 868 2920 nempe
899 2854 960 2902 ut
991 2847 1277 2921 depositis
1310 2847 1543 2919 imperii
1573 2847 1912 2921 insignibus

2417 2848 2558 2902 5920
2593 2847 2682 2908 Ὦς
2715 2843 2774 2899 ἂν
2799 2845 3124 2919 Μαγκαφᾶς,
3154 2845 3456 2918 παράσημα
3481 2847 3579 2899 τοῦ
3606 2845 3836 2918 κράτους

663 2938 949 3010 privatam
979 2939 1160 2993 vitam
1193 2937 1546 3010 Mancapbas
1579 2938 1866 3009 exigeret;

2594 2932 2802 3007 Ῥίψας,
2833 2934 2950 2986 καθ’
2981 2931 3140 2987 αὐτὸν
3171 2932 3261 2987 τὸν
3299 2931 3414 3007 βίον
3448 2930 3688 3006 διανύτῃ,

666 3028 809 3084 urbs
834 3031 1036 3084 autem
1066 3031 1319 3083 veterem
1351 3027 1614 3082 ordinem
1647 3026 1948 3100 reciperet,

2597 3024 2735 3092 Ἥθη
2771 3020 2829 3076 δὶ
2856 3022 2924 3076 τὰ
2951 3020 3078 3096 πρὶν
3109 3022 3143 3090 ἠ
3175 3019 3339 3082 πόλις
3369 3016 3635 3094 ἀναλάϐῃ,

665 3133 842 3188 seque
871 3115 1051 3188 priori
1081 3115 1319 3172 domino
1347 3115 1737 3172 submitteret.

2598 3115 2698 3168 Καὶ
2726 3109 2891 3166 πάλιν
2919 3110 3315 3180 ἲθύνοιτο.παρ’
3345 3110 3408 3163 οὗ
3438 3111 3523 3163 καὶ
3559 3107 3748 3164 πάλαι.

665 3207 1022 3279 Mancaphas
1051 3211 1248 3262 tamen
1280 3205 1620 3278 profugiens
1650 3207 1723 3262 ad
1754 3205 2079 3275 sultanum,

2339 3207 2382 3274 ί]
2595 3205 2894 3276 Μαγκαφᾶς
2925 3197 3082 3260 οὗτος
3110 3198 3398 3271 πάοσρυεὶς
3426 3196 3506 3269 τῷ
3539 3197 3826 3269 σουλτάνῳ

660 3295 867 3352 Turcis
898 3295 1221 3368 assumptis
1250 3311 1453 3351 secum
1485 3295 1895 3366 auxiliaribus,

2431 3303 2558 3358 5925
2638 3299 2910 3372 Τούρκους
2984 3317 3042 3350 τε
3097 3291 3281 3351 λαϐὼν
3362 3297 3690 3371 συμμάχους
3778 3296 3893 3350 κατ’
3953 3293 4086 3351 Αὐ-

3782 3384 4010 3457 [σόνων,

660 3475 910 3530 Romani
941 3473 1173 3547 imperii
1207 3474 1353 3531 fines
1386 3474 1749 3531 incursabat.

2593 3478 2790 3550 Χώρας
2821 3473 2977 3547 έπῄει
3007 3473 3320 3546 Ῥωμαϊκὰς
3354 3467 3640 3547 ἐκτρίϐων.

665 3564 881 3620 Missus
915 3581 1049 3620 cum
1083 3565 1253 3621 donis
1285 3565 1516 3638 legatus
1546 3566 1619 3620 ad
1651 3565 1981 3634 sultanum,

2598 3563 2826 3624 Σταλεὶς
2857 3559 2916 3616 δὶ
2941 3560 3035 3616 σὺν
3066 3563 3318 3637 χρήμασι
3342 3555 3577 3635 πρέσϐυς
3613 3558 3892 3631 σουλτάνῳ

666 3654 1049 3726 Mancapbam
1082 3659 1376 3711 annuente
1406 3655 1638 3711 reduxit
1668 3654 1902 3711 sultano

2596 3653 2699 3710 Καὶ
2730 3650 2883 3707 τόνδε
2913 3645 3096 3705 λαϐὼν
3131 3647 3435 3704 κατανεύσει
3467 3647 3788 3718 σουλτάνου,

668 3743 888 3814 regiam
919 3743 990 3798 ad
1026 3744 1250 3812 urbem,
1284 3744 1482 3815 ibique
1506 3745 1698 3800 Caesar
1724 3743 1934 3800 vinclis

2600 3743 2740 3819 Πρὸς
2776 3738 3033 3817 βασιλίδα
3059 3742 3162 3810 τὴν
3192 3738 3355 3794 πόλιν
3388 3738 3664 3817 ἀναφέρει,

669 3836 1069 3905 perpetuoque
1102 3833 1270 3888 illum
1298 3835 1522 3891 addixit
1551 3833 1792 3892 carceri.

2419 3836 2563 3893 5930
2601 3834 2703 3890 Καὶ
2734 3829 2906 3904 δεσμᾶ
2927 3830 3016 3884 καὶ
3045 3828 3312 3900 κάθειρξιν
3343 3827 3559 3900 ἅληκτα
3588 3828 3755 3906 φέρει.

669 3922 914 3995 Cognita
945 3939 1034 3979 res
1068 3921 1286 3979 sultani
1318 3923 1548 3979 exacuit
1583 3923 1792 3979 fratres

2600 3919 2702 3978 Καὶ
2732 3923 2898 3974 τοῦτο
2927 3917 3208 3993 παρώξυνε
3239 3912 3469 3970 σουλτὰν
3498 3915 3797 3990 συγγόνους

669 4017 740 4072 ad
777 4014 1143 4072 iracundiam
1170 4014 1482 4087 plurimam
1517 4023 1691 4087 atque
1721 4016 1792 4070 ad
1828 4030 2012 4082 arma,

2603 4009 2743 4084 Πρὸς
2771 4009 2870 4077 τήν
2903 4011 3021 4061 κατ’
3052 4005 3223 4060 αὐτοῦ
3255 4003 3343 4058 καί
3378 4003 3567 4080 μάχην
3600 4003 3689 4058 καὶ
3723 4001 3943 4076 μανίαν,

668 4103 974 4177 perﬁdiam
1010 4102 1392 4159 criminantes
1425 4104 1580 4174 quod
1617 4102 1952 4174 prodiderat

2599 4097 2813 4174 ’Έγκλη
2827 4094 2902 4169 μά
2929 4097 2982 4150 οῖ
3014 4093 3275 4173 φέροντας
3305 4090 3494 4148 ἀδίκου
3528 4090 3687 4161 δίκης

672 4211 985 4251 munerum
1015 4193 1202 4266 gratia
1234 4193 1602 4265 transfugam
1634 4193 1747 4248 sibi
1779 4193 2125 4265 supplicem.

2113 4234 2125 4246 .
2601 4183 3011 4262 Καταπροδόντι
3041 4183 3326 4260 πρόσφυγα
3357 4180 3546 4257 δώρων
3583 4182 3765 4256 χάριν.

670 4288 920 4357 Jamque
949 4283 1131 4340 armis
1153 4282 1455 4340 sultanum
1487 4281 1819 4354 aggressuri
1848 4283 2038 4347 erant,

2423 4283 2564 4340 5935
2604 4277 2704 4336 Καὶ
2733 4281 2858 4350 τάχ’
2886 4273 2947 4328 ’ἂν
2975 4271 3256 4346 ἠμύναντο
3285 4275 3473 4326 τοῦτον
3503 4275 3618 4327 τοῖς
3649 4267 3867 4340 ὅπλοις,

673 4377 787 4432 nisi
820 4377 911 4432 hic
944 4377 1224 4449 speciosis
1257 4391 1378 4430 rem
1412 4377 1724 4447 purgasset
1756 4372 1948 4428 verbis
1984 4387 1996 4428 :

2601 4369 2671 4426 Ei’
2704 4367 2780 4441 μὴ
2811 4364 2978 4428 τιθεὶς
3008 4361 3278 4440 πρόφασιν
3313 4358 3543 4434 εὔλογον
3571 4357 3733 4432 τάχα·

674 4475 942 4534 ait'enim
979 4476 1271 4532 hominem
1307 4493 1339 4530 a
1369 4491 1431 4529 se
1465 4472 1662 4545 patriae
1694 4471 1985 4528 redditum

2601 4460 2867 4530 Ἔφασκεν
2901 4455 3062 4508 αὐτὸν
3092 4448 3389 4505 ἀποδοῦναι
3423 4445 3646 4522 πατρίδι

2609 4549 2663 4556 .-
2709 4552 2720 4556 -
2764 4546 2776 4556 ι
2899 4543 2918 4556 \
2973 4541 2984 4556 ο
3117 4543 3127 4556 Ι
3229 4552 3244 4556 -
3352 4544 3374 4554 υ
3526 4535 3549 4556 δ
3569 4535 3611 4556 ’Χ

673 4571 786 4624 fide
819 4567 1182 4638 interposita,
1221 4581 1289 4619 ne
1324 4563 1408 4619 vel
1443 4566 1789 4629 moreretur,

2351 4571 2396 4634 Β
2605 4549 2723 4602 Ἐπ’
2753 4541 3020 4618 ἀσφαλείᾳ
3054 4543 3192 4613 μήτε
3225 4544 3401 4603 θανεῖν
3439 4535 3724 4638 μηδόλωῇ

670 4675 811 4714 neve
843 4658 980 4729 quid
1018 4655 1155 4711 mali
1188 4659 1489 4726 pateretur
1520 4668 1782 4722 corpore.

2351 4625 2392 4634 Η
2607 4635 2752 4706 Μήτ’
2785 4633 2860 4694 είς
2887 4630 3052 4703 δέμας
3081 4651 3134 4684 τι
3162 4634 3269 4683 τῶν
3303 4629 3481 4682 κακῶν
3515 4625 3859 4680 πεπονθέναι.

2426 4729 2489 4734 ..Α
2510 4729 2522 4734 -
2539 4728 2560 4734 Α
2605 4730 2678 4734 ___
2918 4725 2943 4734 η-
3121 4719 3133 4734 \
3183 4717 3193 4734 ε
3215 4720 3228 4734 \
3246 4717 3266 4734 υ
3301 4719 3312 4734 1
3331 4720 3344 4734 Δ
3365 4715 3385 4734 ‘
3560 4713 3571 4734 Ι

669 4713 774 4804 Ροιι
804 4713 949 4802 ill‘ud
982 4713 1214 4817 tempus
1250 4761 1343 4799 rex
1376 4713 1998 4814 quoque-Alamannis:

1983 4756 1998 4794 ε
2425 4728 2568 4783 5940
2604 4730 2691 4797 Τῷ
2718 4725 3018 4793 τηνικαῦτα
3046 4719 3136 4772 καὶ
3301 4713 3638 4817 ’Λλαμανίας

671 4802 835 4896 misit
864 4839 1086 4909 legatos
1107 4802 1215 4906 .qui
1251 4802 1530 4906 rogarent
1558 4832 1844 4887 Caesarem

2603 4811 2852 4873 Ἔστειλε
2882 4805 3135 4886 πρέσϐεις
3167 4808 3327 4877 ἀξιῶν
3361 4802 3587 4881 βασιλέα

671 4935 736 4986 ut
766 4929 878 4984 sibi
910 4933 1087 4998 atque
1117 4923 1390 4981 exercitui
1426 4922 1734 4995 pacificum

2608 4903 2766 4975 Αύτῷ
2797 4904 3101 4975 παρασχεῖν
3135 4895 3228 4950 σὺν
3260 4898 3483 4969 στρατιᾷ
3512 4893 3708 4970 φιλίως

2604 5000 2677 5002 -ᾼ
2895 4986 2918 5002 κ
3068 4992 3089 5002 υ
3146 4987 3199 5002 οη
3336 4982 3387 5002 λθ
3550 4981 3560 4997 ‘
3643 4979 3692 5002 "_

675 4979 734 4986 "'
767 4979 878 4984 "w'
915 4979 1081 4998 —'l—‘
1127 4979 1270 4981 """
1426 4979 1442 4995 ι

674 5022 998 5076 Romanam
1033 5034 1136 5089 per
1168 5016 1444 5070 ditionem
1479 5017 1763 5069 annueret
1797 5011 2105 5068 transitum

2604 5000 2712 5062 Γῆς
2741 4986 3117 5066 παραδραμεῖν
3146 4982 3452 5058 Ῥωμαίδος
3480 4981 3607 5040 τοὺς
3638 4979 3800 5055 ὅρους

2607 5089 2649 5091 __
2697 5082 2708 5091 ι
2781 5086 2823 5091 _.
2870 5078 2884 5091 \
3035 5075 3044 5091 Ι
3247 5073 3259 5091 \
3385 5071 3396 5091 Ι
3588 5071 3600 5090 (
3635 5090 3641 5091 ,
3794 5067 3805 5091 Ζ

671 5071 1066 5182 proficiscenti
1100 5108 1167 5161 ad
1207 5105 1508 5160 Palestinze
1541 5104 1719 5158 locos.

2606 5082 2749 5158 Πρὸς
2781 5075 3143 5145 Παλαιστίνης
3181 5073 3307 5135 τοὺς
3339 5071 3540 5132 τόπους
3573 5071 3732 5145 ὼρμη
3747 5071 3919 5141 μένῳ.

669 5165 753 5256 Ad
788 5214 980 5271 regem
1015 5202 1209 5253 autem
1245 5212 1455 5251 cursus
1487 5193 1786 5264 logotheta

2429 5185 2572 5240 5945
2612 5178 2753 5254 Πρὸς
2787 5178 2932 5254 ῥῆγα
2960 5173 3075 5229 τοίν
3089 5194 3167 5241 αν,
3195 5169 3538 5271 τοῦρδρόμου
3570 5165 3871 5271 λογρθέτην

669 5289 858 5345 Caesar
891 5285 1217 5359 prazmisso,
1252 5285 1471 5340 foedera
1501 5282 1856 5352 composuit.

2608 5270 2770 5338 ’Ἀναξ
2801 5264 3134 5339 πεπομφὼς,
3178 5254 3534 5332 συμϐιϐάσεις
3566 5254 3766 5330 ἀρτύει·

669 5343 923 5450 decepta
951 5343 1332 5447 vicissimque
1360 5373 1556 5431 oblata
1586 5343 1699 5427 fide

2611 5354 2807 5416 Δαϐών
2837 5376 2894 5409 τε
2924 5354 3133 5415 πίστεις
3162 5353 3251 5405 καὶ
3284 5346 3538 5408 δεδωκὼς
3573 5345 3637 5399 αὗ
3671 5343 3833 5398 πάλιν

673 5469 946 5526 stabilem
982 5469 1102 5523 fore
1134 5484 1268 5521 cum
1300 5481 1435 5536 rege
1467 5463 1813 5526 amicitiam,

2607 5455 2692 5510 Ὠς
2725 5442 2935 5520 ἔμπεδα
2964 5443 3146 5497 κέοιτο
3174 5439 3244 5494 τὰ
3269 5445 3370 5507 τῆς
3400 5435 3609 5513 φιλίας,

673 5523 969 5632 logotheta
1000 5557 1072 5612 ad
1103 5523 1398 5612 Caesarem)
1419 5558 1508 5610 est
1538 5523 1830 5608 reversus.

2610 5539 2776 5599 Αὖθις
2805 5529 3143 5606 ἐπανέδραμε
3173 5529 3310 5604 πρὸς
3337 5523 3586 5602 βασιλέα·
3651 5609 3692 5632 μ

677 5651 794 5706 Rex
823 5652 1017 5704 autem
1050 5648 1197 5702 ﬁnes
1231 5645 1459 5716 imperii
1493 5644 1798 5715 ingressus

2432 5633 2572 5689 5950
2611 5627 2714 5686 Καὶ
2874 5622 3091 5682 ἐπιστὰς
3119 5624 3235 5680 τοῖς
3271 5618 3418 5692 ὅροις
3449 5617 3779 5716 Ῥωμαίδοις,

672 5701 1244 5815 υνειῖυῖιῂαάίδὺὶιὶρρὶ
1281 5701 1482 5793 urbem
1515 5701 1807 5808 promovit
1837 5737 2046 5788 castra.

2611 5718 2712 5775 Καὶ
2743 5701 2879 5788 πρὸς
2906 5711 3188 5767 Φιλίππου
3218 5709 3317 5776 τήν
3347 5704 3510 5761 πόλιν
3540 5701 3849 5780 ἐπεφθάκει,
