  <div class='ocr_page' id='page_1' title='image "/cluster/home/n/w/nwhite01/storage/ocr_20150623/143/nnc1.0046980733/120.png"; bbox 0 0 4250 6432; ppageno 0'>
   <div class='ocr_carea' id='block_1_1' title="bbox 158 410 3563 483">
    <p class='ocr_par' dir='ltr' id='par_1_1' title="bbox 158 410 3563 483">
     <span class='ocr_line' id='line_1_1' title="bbox 158 410 3563 483; baseline 0.011 -39"><span class='ocrx_word' id='word_1_1' title='bbox 158 419 260 483; x_wconf 60' lang='lat'><strong>325</strong></span> <span class='ocrx_word' id='word_1_2' title='bbox 1681 410 2041 465; x_wconf 71' lang='lat' dir='ltr'><strong>CBSABBB.</strong></span> <span class='ocrx_word' id='word_1_3' title='bbox 3458 424 3563 478; x_wconf 76' lang='grc'><strong>226</strong></span> 
     </span>
    </p>
   </div>
   <div class='ocr_carea' id='block_1_2' title="bbox 342 532 2020 613">
    <p class='ocr_par' dir='ltr' id='par_1_2' title="bbox 342 532 2018 613">
     <span class='ocr_line' id='line_1_2' title="bbox 342 532 2018 613; baseline -0.005 -18"><span class='ocrx_word' id='word_1_4' title='bbox 342 543 441 595; x_wconf 76' lang='grc' dir='ltr'>Καὶ</span> <span class='ocrx_word' id='word_1_5' title='bbox 468 540 535 608; x_wconf 81' lang='grc' dir='ltr'>δή</span> <span class='ocrx_word' id='word_1_6' title='bbox 567 538 701 611; x_wconf 85' lang='grc' dir='ltr'>μετά</span> <span class='ocrx_word' id='word_1_7' title='bbox 731 559 794 613; x_wconf 82' lang='grc' dir='ltr'><strong>γε</strong></span> <span class='ocrx_word' id='word_1_8' title='bbox 823 538 916 600; x_wconf 64' lang='lat' dir='ltr'><strong>ai:</strong></span> <span class='ocrx_word' id='word_1_9' title='bbox 946 538 1083 611; x_wconf 88' lang='grc' dir='ltr'>πρὸς</span> <span class='ocrx_word' id='word_1_10' title='bbox 1114 535 1398 607; x_wconf 78' lang='grc' dir='ltr'><strong>ἀλλήλους</strong></span> <span class='ocrx_word' id='word_1_11' title='bbox 1432 535 1644 609; x_wconf 68' lang='grc' dir='ltr'>σχίσεις</span> <span class='ocrx_word' id='word_1_12' title='bbox 1835 532 1889 599; x_wconf 75' lang='grc' dir='ltr'><strong>Α</strong></span> <span class='ocrx_word' id='word_1_13' title='bbox 1921 533 2018 588; x_wconf 80' lang='lat' dir='ltr'><strong>Exi</strong></span> 
     </span>
    </p>
   </div>
   <div class='ocr_carea' id='block_1_3' title="bbox 1235 532 2913 613">
    <p class='ocr_par' dir='ltr' id='par_1_3' title="bbox 1235 532 2913 609">
     <span class='ocr_line' id='line_1_3' title="bbox 1235 532 2913 609; baseline 0.002 -18"><span class='ocrx_word' id='word_1_14' title='bbox 1235 535 1398 607; x_wconf 76' lang='grc' dir='ltr'>ἧλους</span> <span class='ocrx_word' id='word_1_15' title='bbox 1432 535 1644 609; x_wconf 64' lang='grc' dir='ltr'>σχίσεις</span> <span class='ocrx_word' id='word_1_16' title='bbox 1835 532 1889 599; x_wconf 76' lang='grc' dir='ltr'><strong>Α</strong></span> <span class='ocrx_word' id='word_1_17' title='bbox 1921 533 2064 589; x_wconf 82' lang='lat' dir='ltr'><strong>Exin</strong></span> <span class='ocrx_word' id='word_1_18' title='bbox 2098 533 2466 592; x_wconf 86' lang='lat' dir='ltr'><strong>alternabant</strong></span> <span class='ocrx_word' id='word_1_19' title='bbox 2496 538 2652 594; x_wconf 87' lang='lat' dir='ltr'><strong>vario</strong></span> <span class='ocrx_word' id='word_1_20' title='bbox 2684 539 2913 609; x_wconf 81' lang='lat' dir='ltr'><strong>all‘ectu,</strong></span> 
     </span>
    </p>
   </div>
   <div class='ocr_carea' id='block_1_4' title="bbox 352 623 2030 705">
    <p class='ocr_par' dir='ltr' id='par_1_4' title="bbox 352 623 2030 705">
     <span class='ocr_line' id='line_1_4' title="bbox 352 623 2030 705; baseline -0.005 -22"><span class='ocrx_word' id='word_1_21' title='bbox 352 626 457 683; x_wconf 79' lang='grc' dir='ltr'><strong>Καὶ</strong></span> <span class='ocrx_word' id='word_1_22' title='bbox 489 625 836 705; x_wconf 72' lang='grc' dir='ltr'>φιλονείκως</span> <span class='ocrx_word' id='word_1_23' title='bbox 866 623 1115 696; x_wconf 71' lang='grc' dir='ltr'>διενέξεις</span> <span class='ocrx_word' id='word_1_24' title='bbox 1147 624 1236 679; x_wconf 80' lang='grc' dir='ltr'><strong>καὶ</strong></span> <span class='ocrx_word' id='word_1_25' title='bbox 1274 624 1477 698; x_wconf 93' lang='grc' dir='ltr'>μάχας,</span> <span class='ocrx_word' id='word_1_26' title='bbox 1926 625 2030 681; x_wconf 75' lang='grc' dir='ltr'>ἰοει</span> 
     </span>
    </p>
   </div>
   <div class='ocr_carea' id='block_1_5' title="bbox 1453 623 3131 705">
    <p class='ocr_par' dir='ltr' id='par_1_5' title="bbox 1453 625 3131 704">
     <span class='ocr_line' id='line_1_5' title="bbox 1453 625 3131 704; baseline 0.008 -29"><span class='ocrx_word' id='word_1_27' title='bbox 1453 648 1477 695; x_wconf 58' lang='grc' dir='ltr'>π,</span> <span class='ocrx_word' id='word_1_28' title='bbox 1926 625 2168 697; x_wconf 80' lang='lat' dir='ltr'><strong>insuper</strong></span> <span class='ocrx_word' id='word_1_29' title='bbox 2197 628 2627 685; x_wconf 76' lang='lat' dir='ltr'><strong>contendebant</strong></span> <span class='ocrx_word' id='word_1_30' title='bbox 2657 631 3131 704; x_wconf 80' lang='lat' dir='ltr'><strong>dimicabantque</strong></span> 
     </span>
    </p>
   </div>
   <div class='ocr_carea' id='block_1_6' title="bbox 352 712 2030 791">
    <p class='ocr_par' dir='ltr' id='par_1_6' title="bbox 352 712 2027 789">
     <span class='ocr_line' id='line_1_6' title="bbox 352 712 2027 789; baseline -0.002 -17"><span class='ocrx_word' id='word_1_31' title='bbox 352 714 664 772; x_wconf 69' lang='grc' dir='ltr'>Βάσιλικῶν</span> <span class='ocrx_word' id='word_1_32' title='bbox 690 734 748 769; x_wconf 87' lang='grc' dir='ltr'><strong>τε</strong></span> <span class='ocrx_word' id='word_1_33' title='bbox 780 712 1019 789; x_wconf 76' lang='grc' dir='ltr'>ῥηγικῶν</span> <span class='ocrx_word' id='word_1_34' title='bbox 1050 733 1109 768; x_wconf 89' lang='grc' dir='ltr'><strong>τε</strong></span> <span class='ocrx_word' id='word_1_35' title='bbox 1137 712 1425 787; x_wconf 82' lang='grc' dir='ltr'><strong>ταγμάτων</strong></span> <span class='ocrx_word' id='word_1_36' title='bbox 1927 729 2027 785; x_wconf 84' lang='lat' dir='ltr'><strong>reg</strong></span> 
     </span>
    </p>
   </div>
   <div class='ocr_carea' id='block_1_7' title="bbox 1350 712 3028 791">
    <p class='ocr_par' dir='ltr' id='par_1_7' title="bbox 1352 713 3028 791">
     <span class='ocr_line' id='line_1_7' title="bbox 1352 713 3028 791; baseline 0.006 -25"><span class='ocrx_word' id='word_1_37' title='bbox 1352 732 1425 766; x_wconf 90' lang='grc' dir='ltr'><strong>ων</strong></span> <span class='ocrx_word' id='word_1_38' title='bbox 1927 713 2082 785; x_wconf 91' lang='lat' dir='ltr'><strong>regis</strong></span> <span class='ocrx_word' id='word_1_39' title='bbox 2112 714 2371 785; x_wconf 70' lang='lat' dir='ltr'><strong>praedicti</strong></span> <span class='ocrx_word' id='word_1_40' title='bbox 2404 717 2761 791; x_wconf 54' lang='lat' dir='ltr'><strong>Caesarisque</strong></span> <span class='ocrx_word' id='word_1_41' title='bbox 2794 718 3028 790; x_wconf 83' lang='lat' dir='ltr'><strong>milites,</strong></span> 
     </span>
    </p>
   </div>
   <div class='ocr_carea' id='block_1_8' title="bbox 167 794 1845 886">
    <p class='ocr_par' dir='ltr' id='par_1_8' title="bbox 167 794 1507 877">
     <span class='ocr_line' id='line_1_8' title="bbox 167 794 1507 877; baseline -0.01 -13"><span class='ocrx_word' id='word_1_42' title='bbox 167 808 316 863; x_wconf 85' lang='lat'>5955</span> <span class='ocrx_word' id='word_1_43' title='bbox 354 808 677 877; x_wconf 82' lang='grc' dir='ltr'>Ἀκαμανῶν</span> <span class='ocrx_word' id='word_1_44' title='bbox 710 808 1016 877; x_wconf 83' lang='grc' dir='ltr'>στράτευμα</span> <span class='ocrx_word' id='word_1_45' title='bbox 1045 801 1291 877; x_wconf 82' lang='grc' dir='ltr'>πορθμὸν</span> <span class='ocrx_word' id='word_1_46' title='bbox 1328 794 1507 871; x_wconf 76' lang='grc' dir='ltr'>διὲϐη,</span> 
     </span>
    </p>
   </div>
   <div class='ocr_carea' id='block_1_9' title="bbox 1641 794 3319 886">
    <p class='ocr_par' dir='ltr' id='par_1_9' title="bbox 1929 804 3319 886">
     <span class='ocr_line' id='line_1_9' title="bbox 1929 804 3319 886; baseline 0.009 -28"><span class='ocrx_word' id='word_1_47' title='bbox 1929 804 2114 861; x_wconf 90' lang='lat' dir='ltr'><strong>donec</strong></span> <span class='ocrx_word' id='word_1_48' title='bbox 2143 804 2539 863; x_wconf 79' lang='lat' dir='ltr'><strong>Alamannam</strong></span> <span class='ocrx_word' id='word_1_49' title='bbox 2572 824 2779 881; x_wconf 82' lang='lat' dir='ltr'><strong>agmen</strong></span> <span class='ocrx_word' id='word_1_50' title='bbox 2814 811 3027 867; x_wconf 80' lang='lat' dir='ltr'><strong>fretum</strong></span> <span class='ocrx_word' id='word_1_51' title='bbox 3066 816 3319 886; x_wconf 74' lang='lat' dir='ltr'><strong>transiit,</strong></span> 
     </span>
    </p>
   </div>
   <div class='ocr_carea' id='block_1_10' title="bbox 356 888 2034 969">
    <p class='ocr_par' dir='ltr' id='par_1_10' title="bbox 356 888 2034 969">
     <span class='ocr_line' id='line_1_10' title="bbox 356 888 2034 969; baseline -0.005 -20"><span class='ocrx_word' id='word_1_52' title='bbox 356 895 454 949; x_wconf 77' lang='grc' dir='ltr'>Καὶ</span> <span class='ocrx_word' id='word_1_53' title='bbox 488 892 626 968; x_wconf 82' lang='grc' dir='ltr'>πρὺς</span> <span class='ocrx_word' id='word_1_54' title='bbox 657 890 1056 969; x_wconf 75' lang='grc' dir='ltr'>Φιλαδίλφειαν</span> <span class='ocrx_word' id='word_1_55' title='bbox 1083 893 1183 959; x_wconf 72' lang='grc' dir='ltr'><strong>ἧκε</strong></span> <span class='ocrx_word' id='word_1_56' title='bbox 1209 891 1310 958; x_wconf 82' lang='grc' dir='ltr'><strong>τήν</strong></span> <span class='ocrx_word' id='word_1_57' title='bbox 1342 888 1527 943; x_wconf 85' lang='grc' dir='ltr'>πόλιν·</span> <span class='ocrx_word' id='word_1_58' title='bbox 1930 898 1986 949; x_wconf 80' lang='lat' dir='ltr'><strong>et</strong></span> <span class='ocrx_word' id='word_1_59' title='bbox 2016 900 2034 949; x_wconf 83' lang='lat'><strong>1</strong></span> 
     </span>
    </p>
   </div>
   <div class='ocr_carea' id='block_1_11' title="bbox 1500 888 3178 969">
    <p class='ocr_par' dir='ltr' id='par_1_11' title="bbox 1500 892 3178 968">
     <span class='ocr_line' id='line_1_11' title="bbox 1500 892 3178 968; baseline 0.009 -24"><span class='ocrx_word' id='word_1_60' title='bbox 1500 908 1527 934; x_wconf 77' lang='grc' dir='ltr'><strong>ι·</strong></span> <span class='ocrx_word' id='word_1_61' title='bbox 1930 898 1986 949; x_wconf 89' lang='lat' dir='ltr'><strong>et</strong></span> <span class='ocrx_word' id='word_1_62' title='bbox 2016 892 2379 967; x_wconf 88' lang='lat' dir='ltr'><strong>Philadelphi</strong></span> <span class='ocrx_word' id='word_1_63' title='bbox 2411 913 2597 968; x_wconf 78' lang='lat' dir='ltr'><strong>usque</strong></span> <span class='ocrx_word' id='word_1_64' title='bbox 2629 899 2700 955; x_wconf 86' lang='lat' dir='ltr'><strong>ad</strong></span> <span class='ocrx_word' id='word_1_65' title='bbox 2739 900 2943 957; x_wconf 86' lang='lat' dir='ltr'><strong>urbem</strong></span> <span class='ocrx_word' id='word_1_66' title='bbox 2975 904 3133 959; x_wconf 83' lang='lat' dir='ltr'><strong>venit</strong></span> <span class='ocrx_word' id='word_1_67' title='bbox 3166 921 3178 959; x_wconf 89' lang='lat'><strong>:</strong></span> 
     </span>
    </p>
   </div>
   <div class='ocr_carea' id='block_1_12' title="bbox 353 976 2031 1066">
    <p class='ocr_par' dir='ltr' id='par_1_12' title="bbox 353 976 2031 1066">
     <span class='ocr_line' id='line_1_12' title="bbox 353 976 2031 1066; baseline 0.001 -29"><span class='ocrx_word' id='word_1_68' title='bbox 353 985 455 1037; x_wconf 73' lang='grc' dir='ltr'>Διά</span> <span class='ocrx_word' id='word_1_69' title='bbox 489 979 548 1036; x_wconf 77' lang='grc' dir='ltr'>δὶ</span> <span class='ocrx_word' id='word_1_70' title='bbox 575 979 820 1056; x_wconf 78' lang='grc' dir='ltr'><strong>Φρυγίας</strong></span> <span class='ocrx_word' id='word_1_71' title='bbox 848 1001 907 1034; x_wconf 91' lang='grc' dir='ltr'><strong>τε</strong></span> <span class='ocrx_word' id='word_1_72' title='bbox 936 976 1259 1066; x_wconf 78' lang='grc' dir='ltr'>Λαοδικείας</span> <span class='ocrx_word' id='word_1_73' title='bbox 1340 992 1341 995; x_wconf 77' lang='lat'>‘</span> <span class='ocrx_word' id='word_1_74' title='bbox 1931 999 2031 1055; x_wconf 85' lang='lat' dir='ltr'><strong>pra</strong></span> 
     </span>
    </p>
   </div>
   <div class='ocr_carea' id='block_1_13' title="bbox 1529 976 3207 1066">
    <p class='ocr_par' dir='ltr' id='par_1_13' title="bbox 1931 984 3207 1066">
     <span class='ocr_line' id='line_1_13' title="bbox 1931 984 3207 1066; baseline 0.009 -28"><span class='ocrx_word' id='word_1_75' title='bbox 1931 984 2386 1057; x_wconf 73' lang='lat' dir='ltr'><strong>praeteriensque</strong></span> <span class='ocrx_word' id='word_1_76' title='bbox 2414 987 2726 1060; x_wconf 79' lang='lat' dir='ltr'><strong>Phrygiam</strong></span> <span class='ocrx_word' id='word_1_77' title='bbox 2757 994 2813 1046; x_wconf 89' lang='lat' dir='ltr'><strong>et</strong></span> <span class='ocrx_word' id='word_1_78' title='bbox 2842 990 3207 1066; x_wconf 88' lang='lat' dir='ltr'><strong>Laodiceam,</strong></span> 
     </span>
    </p>
   </div>
   <div class='ocr_carea' id='block_1_14' title="bbox 355 1065 2033 1152">
    <p class='ocr_par' dir='ltr' id='par_1_14' title="bbox 355 1065 2033 1149">
     <span class='ocr_line' id='line_1_14' title="bbox 355 1065 2033 1149; baseline -0.002 -25"><span class='ocrx_word' id='word_1_79' title='bbox 355 1070 671 1149; x_wconf 77' lang='grc' dir='ltr'>Ἐιρίσταται</span> <span class='ocrx_word' id='word_1_80' title='bbox 704 1071 939 1145; x_wconf 88' lang='grc' dir='ltr'>τάχιστα</span> <span class='ocrx_word' id='word_1_81' title='bbox 969 1065 1295 1141; x_wconf 79' lang='grc' dir='ltr'>Φιλομιλίῳ</span> <span class='ocrx_word' id='word_1_82' title='bbox 1932 1071 2033 1127; x_wconf 79' lang='lat' dir='ltr'><strong>cqu</strong></span> 
     </span>
    </p>
   </div>
   <div class='ocr_carea' id='block_1_15' title="bbox 1396 1065 3074 1152">
    <p class='ocr_par' dir='ltr' id='par_1_15' title="bbox 1932 1071 3074 1152">
     <span class='ocr_line' id='line_1_15' title="bbox 1932 1071 3074 1152; baseline 0.011 -26"><span class='ocrx_word' id='word_1_83' title='bbox 1932 1071 2105 1128; x_wconf 86' lang='lat' dir='ltr'><strong>celeri</strong></span> <span class='ocrx_word' id='word_1_84' title='bbox 2136 1090 2312 1129; x_wconf 85' lang='lat' dir='ltr'><strong>cursu</strong></span> <span class='ocrx_word' id='word_1_85' title='bbox 2348 1076 2607 1147; x_wconf 86' lang='lat' dir='ltr'><strong>pervenit</strong></span> <span class='ocrx_word' id='word_1_86' title='bbox 2642 1078 3074 1152; x_wconf 88' lang='lat' dir='ltr'><strong>Philomelium,</strong></span> 
     </span>
    </p>
   </div>
   <div class='ocr_carea' id='block_1_16' title="bbox 358 1154 2036 1241">
    <p class='ocr_par' dir='ltr' id='par_1_16' title="bbox 358 1154 2036 1234">
     <span class='ocr_line' id='line_1_16' title="bbox 358 1154 2036 1234; baseline -0.002 -21"><span class='ocrx_word' id='word_1_87' title='bbox 358 1161 449 1217; x_wconf 84' lang='lat' dir='ltr'><strong>&#39;Ev</strong></span> <span class='ocrx_word' id='word_1_88' title='bbox 478 1159 525 1230; x_wconf 81' lang='grc' dir='ltr'>ᾧ</span> <span class='ocrx_word' id='word_1_89' title='bbox 559 1160 745 1234; x_wconf 89' lang='grc' dir='ltr'>μάχην</span> <span class='ocrx_word' id='word_1_90' title='bbox 780 1156 959 1229; x_wconf 71' lang='grc' dir='ltr'>ἵστησι</span> <span class='ocrx_word' id='word_1_91' title='bbox 992 1156 1092 1233; x_wconf 74' lang='grc' dir='ltr'><strong>ῥήξ</strong></span> <span class='ocrx_word' id='word_1_92' title='bbox 1122 1156 1258 1231; x_wconf 85' lang='grc' dir='ltr'>πρὸς</span> <span class='ocrx_word' id='word_1_93' title='bbox 1292 1154 1610 1210; x_wconf 87' lang='grc' dir='ltr'>σούλτανον·</span> <span class='ocrx_word' id='word_1_94' title='bbox 1936 1161 2036 1217; x_wconf 81' lang='lat' dir='ltr'><strong>ubi</strong></span> 
     </span>
    </p>
   </div>
   <div class='ocr_carea' id='block_1_17' title="bbox 1375 1154 3053 1241">
    <p class='ocr_par' dir='ltr' id='par_1_17' title="bbox 1375 1154 3053 1241">
     <span class='ocr_line' id='line_1_17' title="bbox 1375 1154 3053 1241; baseline 0.012 -33"><span class='ocrx_word' id='word_1_95' title='bbox 1375 1154 1610 1210; x_wconf 69' lang='grc' dir='ltr'>ἱλτανον·</span> <span class='ocrx_word' id='word_1_96' title='bbox 1936 1161 2037 1217; x_wconf 84' lang='lat' dir='ltr'><strong>ubi</strong></span> <span class='ocrx_word' id='word_1_97' title='bbox 2070 1179 2169 1219; x_wconf 87' lang='lat' dir='ltr'><strong>rex</strong></span> <span class='ocrx_word' id='word_1_98' title='bbox 2200 1180 2459 1236; x_wconf 85' lang='lat' dir='ltr'><strong>pugnam</strong></span> <span class='ocrx_word' id='word_1_99' title='bbox 2490 1183 2623 1223; x_wconf 89' lang='lat' dir='ltr'><strong>cum</strong></span> <span class='ocrx_word' id='word_1_100' title='bbox 2655 1170 2888 1226; x_wconf 89' lang='lat' dir='ltr'><strong>sultano</strong></span> <span class='ocrx_word' id='word_1_101' title='bbox 2920 1171 3053 1241; x_wconf 87' lang='lat' dir='ltr'><strong>ciet,</strong></span> 
     </span>
    </p>
   </div>
   <div class='ocr_carea' id='block_1_18' title="bbox 176 1243 1854 1329">
    <p class='ocr_par' dir='ltr' id='par_1_18' title="bbox 176 1243 1482 1319">
     <span class='ocr_line' id='line_1_18' title="bbox 176 1243 1482 1319; baseline -0.007 -13"><span class='ocrx_word' id='word_1_102' title='bbox 176 1250 321 1306; x_wconf 84' lang='lat'>5960</span> <span class='ocrx_word' id='word_1_103' title='bbox 358 1247 460 1302; x_wconf 82' lang='grc' dir='ltr'>Καὶ</span> <span class='ocrx_word' id='word_1_104' title='bbox 496 1245 647 1303; x_wconf 73' lang='grc' dir='ltr'>τόνδε</span> <span class='ocrx_word' id='word_1_105' title='bbox 677 1251 801 1317; x_wconf 87' lang='grc' dir='ltr'>νικᾷ</span> <span class='ocrx_word' id='word_1_106' title='bbox 828 1246 919 1301; x_wconf 87' lang='grc' dir='ltr'><strong>καὶ</strong></span> <span class='ocrx_word' id='word_1_107' title='bbox 942 1251 1131 1319; x_wconf 85' lang='grc' dir='ltr'>κρατεῖ</span> <span class='ocrx_word' id='word_1_108' title='bbox 1158 1243 1482 1319; x_wconf 81' lang='grc' dir='ltr'>πολιχνίου,</span> 
     </span>
    </p>
   </div>
   <div class='ocr_carea' id='block_1_19' title="bbox 1225 1243 2903 1329">
    <p class='ocr_par' dir='ltr' id='par_1_19' title="bbox 1225 1243 2903 1329">
     <span class='ocr_line' id='line_1_19' title="bbox 1225 1243 2903 1329; baseline 0.012 -34"><span class='ocrx_word' id='word_1_109' title='bbox 1225 1243 1482 1319; x_wconf 71' lang='grc' dir='ltr'>,λιχνίου,</span> <span class='ocrx_word' id='word_1_110' title='bbox 1938 1266 2121 1322; x_wconf 89' lang='lat' dir='ltr'><strong>eoque</strong></span> <span class='ocrx_word' id='word_1_111' title='bbox 2151 1252 2325 1322; x_wconf 86' lang='lat' dir='ltr'><strong>victo,</strong></span> <span class='ocrx_word' id='word_1_112' title='bbox 2354 1255 2573 1326; x_wconf 89' lang='lat' dir='ltr'><strong>potitur</strong></span> <span class='ocrx_word' id='word_1_113' title='bbox 2602 1257 2903 1329; x_wconf 88' lang='lat' dir='ltr'><strong>oppidulo,</strong></span> 
     </span>
    </p>
   </div>
   <div class='ocr_carea' id='block_1_20' title="bbox 360 1331 2038 1415">
    <p class='ocr_par' dir='ltr' id='par_1_20' title="bbox 360 1331 2038 1413">
     <span class='ocr_line' id='line_1_20' title="bbox 360 1331 2038 1413; baseline 0.004 -23"><span class='ocrx_word' id='word_1_114' title='bbox 360 1340 532 1412; x_wconf 88' lang='grc' dir='ltr'>Ὅπερ</span> <span class='ocrx_word' id='word_1_115' title='bbox 566 1334 865 1397; x_wconf 79' lang='grc' dir='ltr'>σκυλεύσας</span> <span class='ocrx_word' id='word_1_116' title='bbox 897 1334 1193 1410; x_wconf 69' lang='grc' dir='ltr'>ἐμπιμπρᾷ</span> <span class='ocrx_word' id='word_1_117' title='bbox 1221 1336 1355 1408; x_wconf 80' lang='grc' dir='ltr'><strong>μετά</strong></span> <span class='ocrx_word' id='word_1_118' title='bbox 1382 1331 1527 1388; x_wconf 67' lang='grc' dir='ltr'>τάδε.</span> <span class='ocrx_word' id='word_1_119' title='bbox 1940 1340 2038 1413; x_wconf 88' lang='lat' dir='ltr'><strong>idq</strong></span> 
     </span>
    </p>
   </div>
   <div class='ocr_carea' id='block_1_21' title="bbox 1408 1331 3086 1415">
    <p class='ocr_par' dir='ltr' id='par_1_21' title="bbox 1408 1331 3086 1415">
     <span class='ocr_line' id='line_1_21' title="bbox 1408 1331 3086 1415; baseline 0.011 -28"><span class='ocrx_word' id='word_1_120' title='bbox 1408 1331 1527 1388; x_wconf 61' lang='grc' dir='ltr'>νόδε.</span> <span class='ocrx_word' id='word_1_121' title='bbox 1940 1340 2116 1413; x_wconf 88' lang='lat' dir='ltr'><strong>idque</strong></span> <span class='ocrx_word' id='word_1_122' title='bbox 2146 1342 2440 1415; x_wconf 90' lang='lat' dir='ltr'><strong>direptum</strong></span> <span class='ocrx_word' id='word_1_123' title='bbox 2472 1348 2768 1404; x_wconf 86' lang='lat' dir='ltr'><strong>consumit</strong></span> <span class='ocrx_word' id='word_1_124' title='bbox 2800 1349 3086 1409; x_wconf 90' lang='lat' dir='ltr'><strong>incendio.</strong></span> 
     </span>
    </p>
   </div>
   <div class='ocr_carea' id='block_1_22' title="bbox 360 1422 2038 1506">
    <p class='ocr_par' dir='ltr' id='par_1_22' title="bbox 360 1422 2038 1503">
     <span class='ocr_line' id='line_1_22' title="bbox 360 1422 2038 1503; baseline -0.002 -21"><span class='ocrx_word' id='word_1_125' title='bbox 360 1427 499 1483; x_wconf 77' lang='grc' dir='ltr'>Εἶτα</span> <span class='ocrx_word' id='word_1_126' title='bbox 527 1426 819 1503; x_wconf 77' lang='grc' dir='ltr'>πεφθακὼς</span> <span class='ocrx_word' id='word_1_127' title='bbox 840 1423 1110 1481; x_wconf 75' lang='grc' dir='ltr'>Ἰκονιέων</span> <span class='ocrx_word' id='word_1_128' title='bbox 1143 1422 1333 1492; x_wconf 89' lang='grc' dir='ltr'>πόλιν,</span> <span class='ocrx_word' id='word_1_129' title='bbox 1942 1430 2038 1485; x_wconf 73' lang='lat' dir='ltr'><strong>Per</strong></span> 
     </span>
    </p>
   </div>
   <div class='ocr_carea' id='block_1_23' title="bbox 1347 1422 3025 1506">
    <p class='ocr_par' dir='ltr' id='par_1_23' title="bbox 1942 1430 3025 1506">
     <span class='ocr_line' id='line_1_23' title="bbox 1942 1430 3025 1506; baseline 0.011 -22"><span class='ocrx_word' id='word_1_130' title='bbox 1942 1430 2132 1501; x_wconf 77' lang='lat' dir='ltr'><strong>Pergit</strong></span> <span class='ocrx_word' id='word_1_131' title='bbox 2160 1431 2367 1489; x_wconf 90' lang='lat' dir='ltr'><strong>deinde</strong></span> <span class='ocrx_word' id='word_1_132' title='bbox 2399 1436 2469 1490; x_wconf 87' lang='lat' dir='ltr'><strong>ad</strong></span> <span class='ocrx_word' id='word_1_133' title='bbox 2505 1436 2766 1493; x_wconf 90' lang='lat' dir='ltr'><strong>Iconium</strong></span> <span class='ocrx_word' id='word_1_134' title='bbox 2799 1438 3025 1506; x_wconf 88' lang='lat' dir='ltr'><strong>urbem,</strong></span> 
     </span>
    </p>
   </div>
   <div class='ocr_carea' id='block_1_24' title="bbox 360 1508 2038 1605">
    <p class='ocr_par' dir='ltr' id='par_1_24' title="bbox 360 1508 2038 1605">
     <span class='ocr_line' id='line_1_24' title="bbox 360 1508 2038 1605; baseline 0.001 -36"><span class='ocrx_word' id='word_1_135' title='bbox 360 1513 465 1571; x_wconf 75' lang='grc' dir='ltr'><strong>Καὶ</strong></span> <span class='ocrx_word' id='word_1_136' title='bbox 494 1512 647 1584; x_wconf 76' lang='grc' dir='ltr'>τήνδ’</span> <span class='ocrx_word' id='word_1_137' title='bbox 676 1512 816 1568; x_wconf 75' lang='grc' dir='ltr'>ἒλὼν</span> <span class='ocrx_word' id='word_1_138' title='bbox 860 1511 1056 1574; x_wconf 79' lang='grc' dir='ltr'>ὅπλοις</span> <span class='ocrx_word' id='word_1_139' title='bbox 1088 1533 1145 1567; x_wconf 90' lang='grc' dir='ltr'><strong>τε</strong></span> <span class='ocrx_word' id='word_1_140' title='bbox 1173 1510 1264 1566; x_wconf 85' lang='grc' dir='ltr'><strong>καὶ</strong></span> <span class='ocrx_word' id='word_1_141' title='bbox 1301 1510 1499 1605; x_wconf 53' lang='grc' dir='ltr'>μάχης</span> <span class='ocrx_word' id='word_1_142' title='bbox 1518 1508 1674 1582; x_wconf 80' lang='grc' dir='ltr'>νόμῳ</span> <span class='ocrx_word' id='word_1_143' title='bbox 1944 1539 2038 1594; x_wconf 64' lang='grc' dir='ltr'><strong>(ιω</strong></span> 
     </span>
    </p>
   </div>
   <div class='ocr_carea' id='block_1_25' title="bbox 1672 1508 3350 1605">
    <p class='ocr_par' dir='ltr' id='par_1_25' title="bbox 1672 1529 3350 1605">
     <span class='ocr_line' id='line_1_25' title="bbox 1672 1529 3350 1605; baseline 0.011 -31"><span class='ocrx_word' id='word_1_144' title='bbox 1672 1540 1674 1553; x_wconf 67' lang='grc'><em>’</em></span> <span class='ocrx_word' id='word_1_145' title='bbox 1944 1539 2119 1594; x_wconf 90' lang='lat' dir='ltr'><strong>quam</strong></span> <span class='ocrx_word' id='word_1_146' title='bbox 2154 1529 2465 1595; x_wconf 87' lang='lat' dir='ltr'><strong>postquam</strong></span> <span class='ocrx_word' id='word_1_147' title='bbox 2499 1532 2853 1601; x_wconf 84' lang='lat' dir='ltr'><strong>expugnavit</strong></span> <span class='ocrx_word' id='word_1_148' title='bbox 2881 1533 3095 1591; x_wconf 90' lang='lat' dir='ltr'><strong>virtute</strong></span> <span class='ocrx_word' id='word_1_149' title='bbox 3126 1535 3350 1605; x_wconf 87' lang='lat' dir='ltr'><strong>bellica,</strong></span> 
     </span>
    </p>
   </div>
   <div class='ocr_carea' id='block_1_26' title="bbox 361 1594 2039 1693">
    <p class='ocr_par' dir='ltr' id='par_1_26' title="bbox 361 1594 2039 1685">
     <span class='ocr_line' id='line_1_26' title="bbox 361 1594 2039 1685; baseline -0.006 -27"><span class='ocrx_word' id='word_1_150' title='bbox 361 1600 588 1658; x_wconf 80' lang='grc' dir='ltr'>Ὠδευσε</span> <span class='ocrx_word' id='word_1_151' title='bbox 618 1601 813 1657; x_wconf 86' lang='grc' dir='ltr'>λοιπὸν</span> <span class='ocrx_word' id='word_1_152' title='bbox 846 1603 944 1670; x_wconf 73' lang='grc' dir='ltr'>τὴν</span> <span class='ocrx_word' id='word_1_153' title='bbox 977 1600 1344 1676; x_wconf 67' lang='grc' dir='ltr'><strong>προκειμένην</strong></span> <span class='ocrx_word' id='word_1_154' title='bbox 1375 1594 1581 1675; x_wconf 78' lang='grc' dir='ltr'>τρίϐον·</span> <span class='ocrx_word' id='word_1_155' title='bbox 1947 1630 2039 1685; x_wconf 66' lang='grc' dir='ltr'><strong>ρη</strong></span> 
     </span>
    </p>
   </div>
   <div class='ocr_carea' id='block_1_27' title="bbox 1452 1594 3130 1693">
    <p class='ocr_par' dir='ltr' id='par_1_27' title="bbox 1452 1594 3130 1693">
     <span class='ocr_line' id='line_1_27' title="bbox 1452 1594 3130 1693; baseline 0.018 -41"><span class='ocrx_word' id='word_1_156' title='bbox 1452 1594 1581 1653; x_wconf 81' lang='grc' dir='ltr'>ἱϐον·</span> <span class='ocrx_word' id='word_1_157' title='bbox 1947 1594 2321 1685; x_wconf 15' lang='lat' dir='ltr'><strong>propositum,</strong></span> <span class='ocrx_word' id='word_1_158' title='bbox 2342 1616 2452 1672; x_wconf 82' lang='lat' dir='ltr'><strong>sibi</strong></span> <span class='ocrx_word' id='word_1_159' title='bbox 2484 1594 2947 1693; x_wconf 69' lang='lat' dir='ltr'><strong>prosequebatur</strong></span> <span class='ocrx_word' id='word_1_160' title='bbox 2974 1623 3087 1681; x_wconf 86' lang='lat' dir='ltr'><strong>iter</strong></span> <span class='ocrx_word' id='word_1_161' title='bbox 3117 1643 3130 1682; x_wconf 92' lang='lat'><strong>:</strong></span> 
     </span>
    </p>
   </div>
   <div class='ocr_carea' id='block_1_28' title="bbox 187 1689 1865 1783">
    <p class='ocr_par' dir='ltr' id='par_1_28' title="bbox 187 1689 1539 1783">
     <span class='ocr_line' id='line_1_28' title="bbox 187 1689 1539 1783; baseline -0.006 -34"><span class='ocrx_word' id='word_1_162' title='bbox 187 1696 331 1750; x_wconf 84' lang='lat'>5955</span> <span class='ocrx_word' id='word_1_163' title='bbox 368 1692 465 1754; x_wconf 79' lang='grc' dir='ltr'><strong>Εἷς</strong></span> <span class='ocrx_word' id='word_1_164' title='bbox 495 1689 541 1746; x_wconf 84' lang='grc' dir='ltr'>δ’</span> <span class='ocrx_word' id='word_1_165' title='bbox 562 1691 855 1768; x_wconf 79' lang='grc' dir='ltr'>Ἀντιόχου</span> <span class='ocrx_word' id='word_1_166' title='bbox 883 1692 983 1759; x_wconf 73' lang='grc' dir='ltr'>τὴν</span> <span class='ocrx_word' id='word_1_167' title='bbox 1016 1689 1177 1745; x_wconf 88' lang='grc' dir='ltr'>πόλιν</span> <span class='ocrx_word' id='word_1_168' title='bbox 1211 1689 1539 1783; x_wconf 74' lang='grc' dir='ltr'>ἠπειγμένος</span> 
     </span>
    </p>
   </div>
   <div class='ocr_carea' id='block_1_29' title="bbox 1551 1689 3229 1783">
    <p class='ocr_par' dir='ltr' id='par_1_29' title="bbox 1942 1689 3229 1783">
     <span class='ocr_line' id='line_1_29' title="bbox 1942 1689 3229 1783; baseline 0.012 -27"><span class='ocrx_word' id='word_1_169' title='bbox 1942 1703 2184 1774; x_wconf 86' lang='lat' dir='ltr'><strong>jamque</strong></span> <span class='ocrx_word' id='word_1_170' title='bbox 2216 1706 2286 1760; x_wconf 91' lang='lat' dir='ltr'><strong>ad</strong></span> <span class='ocrx_word' id='word_1_171' title='bbox 2320 1706 2588 1762; x_wconf 90' lang='lat' dir='ltr'><strong>Antiochi</strong></span> <span class='ocrx_word' id='word_1_172' title='bbox 2622 1689 2826 1766; x_wconf 75' lang='lat' dir='ltr'><strong>urbem</strong></span> <span class='ocrx_word' id='word_1_173' title='bbox 2861 1715 3229 1783; x_wconf 89' lang='lat' dir='ltr'><strong>properabat,</strong></span> 
     </span>
    </p>
   </div>
   <div class='ocr_carea' id='block_1_30' title="bbox 368 1776 2046 1869">
    <p class='ocr_par' dir='ltr' id='par_1_30' title="bbox 368 1776 2046 1856">
     <span class='ocr_line' id='line_1_30' title="bbox 368 1776 2046 1856; baseline -0.004 -18"><span class='ocrx_word' id='word_1_174' title='bbox 368 1780 757 1853; x_wconf 84' lang='grc' dir='ltr'>Ἐναπεπνίγη,</span> <span class='ocrx_word' id='word_1_175' title='bbox 787 1784 883 1856; x_wconf 77' lang='grc' dir='ltr'><strong>φεῦ</strong></span> <span class='ocrx_word' id='word_1_176' title='bbox 913 1783 1047 1835; x_wconf 71' lang='grc' dir='ltr'>Θεοῦ</span> <span class='ocrx_word' id='word_1_177' title='bbox 1076 1784 1182 1833; x_wconf 80' lang='grc' dir='ltr'>τῶν</span> <span class='ocrx_word' id='word_1_178' title='bbox 1214 1776 1531 1853; x_wconf 79' lang='grc' dir='ltr'>κριμάτωνι</span> <span class='ocrx_word' id='word_1_179' title='bbox 1949 1808 2046 1847; x_wconf 74' lang='grc' dir='ltr'><strong>ειη</strong></span> 
     </span>
    </p>
   </div>
   <div class='ocr_carea' id='block_1_31' title="bbox 1374 1776 3052 1869">
    <p class='ocr_par' dir='ltr' id='par_1_31' title="bbox 1374 1776 3052 1869">
     <span class='ocr_line' id='line_1_31' title="bbox 1374 1776 3052 1869; baseline 0.013 -32"><span class='ocrx_word' id='word_1_180' title='bbox 1374 1776 1531 1869; x_wconf 47' lang='lat' dir='ltr'><strong>iam!</strong></span> <span class='ocrx_word' id='word_1_181' title='bbox 1949 1808 2078 1847; x_wconf 91' lang='lat' dir='ltr'><strong>cum</strong></span> <span class='ocrx_word' id='word_1_182' title='bbox 2114 1794 2431 1851; x_wconf 70' lang='lat' dir='ltr'><strong>suffocatus</strong></span> <span class='ocrx_word' id='word_1_183' title='bbox 2462 1801 2569 1865; x_wconf 88' lang='lat' dir='ltr'><strong>cst,</strong></span> <span class='ocrx_word' id='word_1_184' title='bbox 2604 1815 2635 1854; x_wconf 94' lang='lat' dir='ltr'><strong>o</strong></span> <span class='ocrx_word' id='word_1_185' title='bbox 2668 1799 2767 1855; x_wconf 88' lang='lat' dir='ltr'><strong>Dei</strong></span> <span class='ocrx_word' id='word_1_186' title='bbox 2791 1801 3052 1869; x_wconf 84' lang='lat' dir='ltr'><strong>judicia!</strong></span> 
     </span>
    </p>
   </div>
   <div class='ocr_carea' id='block_1_32' title="bbox 370 1864 2048 1961">
    <p class='ocr_par' dir='ltr' id='par_1_32' title="bbox 370 1864 2048 1955">
     <span class='ocr_line' id='line_1_32' title="bbox 370 1864 2048 1955; baseline -0.004 -31"><span class='ocrx_word' id='word_1_187' title='bbox 370 1869 812 1946; x_wconf 66' lang='grc' dir='ltr'>Ἐναποληιροεῖς</span> <span class='ocrx_word' id='word_1_188' title='bbox 833 1866 951 1929; x_wconf 81' lang='grc' dir='ltr'>ταῖς</span> <span class='ocrx_word' id='word_1_189' title='bbox 985 1865 1155 1931; x_wconf 80' lang='grc' dir='ltr'>δίναις</span> <span class='ocrx_word' id='word_1_190' title='bbox 1182 1872 1290 1922; x_wconf 80' lang='grc' dir='ltr'>τῶν</span> <span class='ocrx_word' id='word_1_191' title='bbox 1323 1864 1529 1921; x_wconf 79' lang='grc' dir='ltr'>ὑδάτων</span> <span class='ocrx_word' id='word_1_192' title='bbox 1871 1890 1917 1955; x_wconf 78' lang='grc' dir='ltr'>Β</span> <span class='ocrx_word' id='word_1_193' title='bbox 1950 1897 2048 1951; x_wconf 67' lang='lat' dir='ltr'><strong>mp</strong></span> 
     </span>
    </p>
   </div>
   <div class='ocr_carea' id='block_1_33' title="bbox 1320 1864 2998 1961">
    <p class='ocr_par' dir='ltr' id='par_1_33' title="bbox 1323 1864 2998 1961">
     <span class='ocr_line' id='line_1_33' title="bbox 1323 1864 2998 1961; baseline 0.013 -40"><span class='ocrx_word' id='word_1_194' title='bbox 1323 1864 1529 1961; x_wconf 64' lang='grc' dir='ltr'>ὑδάτων</span> <span class='ocrx_word' id='word_1_195' title='bbox 1871 1890 1917 1955; x_wconf 77' lang='grc' dir='ltr'>Β</span> <span class='ocrx_word' id='word_1_196' title='bbox 1950 1880 2170 1951; x_wconf 87' lang='lat' dir='ltr'><strong>rapidis</strong></span> <span class='ocrx_word' id='word_1_197' title='bbox 2203 1883 2379 1939; x_wconf 89' lang='lat' dir='ltr'><strong>undis</strong></span> <span class='ocrx_word' id='word_1_198' title='bbox 2411 1884 2672 1942; x_wconf 81' lang='lat' dir='ltr'><strong>fluminis</strong></span> <span class='ocrx_word' id='word_1_199' title='bbox 2701 1864 2998 1961; x_wconf 68' lang='lat' dir='ltr'><strong>abreptus.</strong></span> 
     </span>
    </p>
   </div>
   <div class='ocr_carea' id='block_1_34' title="bbox 372 1952 2050 2052">
    <p class='ocr_par' dir='ltr' id='par_1_34' title="bbox 372 1952 2043 2041">
     <span class='ocr_line' id='line_1_34' title="bbox 372 1952 2043 2041; baseline -0.004 -29"><span class='ocrx_word' id='word_1_200' title='bbox 372 1958 498 2020; x_wconf 74' lang='grc' dir='ltr'>Υἱὸς</span> <span class='ocrx_word' id='word_1_201' title='bbox 540 1956 586 2013; x_wconf 85' lang='grc' dir='ltr'>δ’</span> <span class='ocrx_word' id='word_1_202' title='bbox 618 1958 823 2012; x_wconf 75' lang='grc' dir='ltr'>ἐκείνου</span> <span class='ocrx_word' id='word_1_203' title='bbox 853 1959 914 2012; x_wconf 83' lang='grc' dir='ltr'>τὸ</span> <span class='ocrx_word' id='word_1_204' title='bbox 938 1958 1134 2033; x_wconf 80' lang='grc' dir='ltr'>κράτος</span> <span class='ocrx_word' id='word_1_205' title='bbox 1167 1952 1483 2030; x_wconf 71' lang='grc' dir='ltr'>δεδεγμένος</span> <span class='ocrx_word' id='word_1_206' title='bbox 1872 1952 1908 1955; x_wconf 68' lang='lat'>_</span> <span class='ocrx_word' id='word_1_207' title='bbox 1952 1970 2043 2041; x_wconf 75' lang='lat' dir='ltr'><strong>[ps</strong></span> 
     </span>
    </p>
   </div>
   <div class='ocr_carea' id='block_1_35' title="bbox 1465 1952 3143 2052">
    <p class='ocr_par' dir='ltr' id='par_1_35' title="bbox 1465 1952 3143 2052">
     <span class='ocr_line' id='line_1_35' title="bbox 1465 1952 3143 2052; baseline 0.014 -37"><span class='ocrx_word' id='word_1_208' title='bbox 1465 1976 1483 2015; x_wconf 85' lang='lat'><strong>:</strong></span> <span class='ocrx_word' id='word_1_209' title='bbox 1872 1952 1908 1955; x_wconf 65' lang='lat'>_</span> <span class='ocrx_word' id='word_1_210' title='bbox 1952 1969 2141 2041; x_wconf 90' lang='lat' dir='ltr'><strong>Ipsius</strong></span> <span class='ocrx_word' id='word_1_211' title='bbox 2174 1977 2368 2027; x_wconf 89' lang='lat' dir='ltr'><strong>autem</strong></span> <span class='ocrx_word' id='word_1_212' title='bbox 2404 1974 2561 2031; x_wconf 83' lang='lat' dir='ltr'><strong>ﬁlius</strong></span> <span class='ocrx_word' id='word_1_213' title='bbox 2595 1952 2868 2050; x_wconf 80' lang='lat' dir='ltr'><strong>suscepto</strong></span> <span class='ocrx_word' id='word_1_214' title='bbox 2901 1979 3143 2052; x_wconf 89' lang='lat' dir='ltr'><strong>imperio</strong></span> 
     </span>
    </p>
   </div>
   <div class='ocr_carea' id='block_1_36' title="bbox 373 2045 2051 2137">
    <p class='ocr_par' dir='ltr' id='par_1_36' title="bbox 373 2045 2051 2129">
     <span class='ocr_line' id='line_1_36' title="bbox 373 2045 2051 2129; baseline -0.005 -26"><span class='ocrx_word' id='word_1_215' title='bbox 373 2048 477 2104; x_wconf 81' lang='grc' dir='ltr'>Καὶ</span> <span class='ocrx_word' id='word_1_216' title='bbox 518 2046 714 2121; x_wconf 67' lang='grc' dir='ltr'>μέχρις</span> <span class='ocrx_word' id='word_1_217' title='bbox 744 2047 913 2116; x_wconf 73' lang='grc' dir='ltr'>αὐτῆς</span> <span class='ocrx_word' id='word_1_218' title='bbox 945 2045 1289 2119; x_wconf 77' lang='grc' dir='ltr'>Ἀντιοχείας</span> <span class='ocrx_word' id='word_1_219' title='bbox 1314 2045 1520 2117; x_wconf 72' lang='grc' dir='ltr'>φθάνει,</span> <span class='ocrx_word' id='word_1_220' title='bbox 1951 2076 2051 2129; x_wconf 70' lang='lat' dir='ltr'><strong>usq</strong></span> 
     </span>
    </p>
   </div>
   <div class='ocr_carea' id='block_1_37' title="bbox 1557 2045 3235 2137">
    <p class='ocr_par' dir='ltr' id='par_1_37' title="bbox 1951 2045 3235 2137">
     <span class='ocr_line' id='line_1_37' title="bbox 1951 2045 3235 2137; baseline 0.012 -25"><span class='ocrx_word' id='word_1_221' title='bbox 1951 2076 2139 2129; x_wconf 85' lang='lat' dir='ltr'><strong>usque</strong></span> <span class='ocrx_word' id='word_1_222' title='bbox 2170 2062 2240 2116; x_wconf 92' lang='lat' dir='ltr'><strong>ad</strong></span> <span class='ocrx_word' id='word_1_223' title='bbox 2275 2062 2542 2119; x_wconf 82' lang='lat' dir='ltr'><strong>Antiochi</strong></span> <span class='ocrx_word' id='word_1_224' title='bbox 2578 2045 2951 2137; x_wconf 74' lang='lat' dir='ltr'><strong>progreditur</strong></span> <span class='ocrx_word' id='word_1_225' title='bbox 2982 2045 3185 2127; x_wconf 74' lang='lat' dir='ltr'><strong>urbem</strong></span> <span class='ocrx_word' id='word_1_226' title='bbox 3223 2090 3235 2127; x_wconf 90' lang='lat'><strong>:</strong></span> 
     </span>
    </p>
   </div>
   <div class='ocr_carea' id='block_1_38' title="bbox 193 2133 1871 2227">
    <p class='ocr_par' dir='ltr' id='par_1_38' title="bbox 193 2133 1487 2209">
     <span class='ocr_line' id='line_1_38' title="bbox 193 2133 1487 2209; baseline -0.007 -15"><span class='ocrx_word' id='word_1_227' title='bbox 193 2139 334 2194; x_wconf 82' lang='lat'>5970</span> <span class='ocrx_word' id='word_1_228' title='bbox 374 2135 627 2200; x_wconf 77' lang='grc' dir='ltr'>Κάκεῖθεν</span> <span class='ocrx_word' id='word_1_229' title='bbox 651 2136 802 2205; x_wconf 76' lang='grc' dir='ltr'>ἥκων</span> <span class='ocrx_word' id='word_1_230' title='bbox 838 2135 1105 2209; x_wconf 74' lang='grc' dir='ltr'>Συριακᾶς</span> <span class='ocrx_word' id='word_1_231' title='bbox 1131 2134 1267 2207; x_wconf 82' lang='grc' dir='ltr'>πρὸς</span> <span class='ocrx_word' id='word_1_232' title='bbox 1296 2133 1487 2195; x_wconf 72' lang='grc' dir='ltr'>πόλεις</span> 
     </span>
    </p>
   </div>
   <div class='ocr_carea' id='block_1_39' title="bbox 1428 2133 3106 2227">
    <p class='ocr_par' dir='ltr' id='par_1_39' title="bbox 1428 2133 3106 2227">
     <span class='ocr_line' id='line_1_39' title="bbox 1428 2133 3106 2227; baseline 0.013 -32"><span class='ocrx_word' id='word_1_233' title='bbox 1428 2154 1487 2195; x_wconf 63' lang='grc' dir='ltr'>αις</span> <span class='ocrx_word' id='word_1_234' title='bbox 1954 2150 2105 2204; x_wconf 87' lang='lat' dir='ltr'><strong>unde</strong></span> <span class='ocrx_word' id='word_1_235' title='bbox 2138 2151 2207 2205; x_wconf 90' lang='lat' dir='ltr'><strong>ad</strong></span> <span class='ocrx_word' id='word_1_236' title='bbox 2242 2152 2509 2224; x_wconf 82' lang='lat' dir='ltr'><strong>Syriacas</strong></span> <span class='ocrx_word' id='word_1_237' title='bbox 2543 2133 2790 2227; x_wconf 71' lang='lat' dir='ltr'><strong>pergens</strong></span> <span class='ocrx_word' id='word_1_238' title='bbox 2821 2158 3106 2226; x_wconf 88' lang='lat' dir='ltr'><strong>civitates,</strong></span> 
     </span>
    </p>
   </div>
   <div class='ocr_carea' id='block_1_40' title="bbox 378 2223 2056 2319">
    <p class='ocr_par' dir='ltr' id='par_1_40' title="bbox 378 2223 2056 2319">
     <span class='ocr_line' id='line_1_40' title="bbox 378 2223 2056 2319; baseline -0.001 -39"><span class='ocrx_word' id='word_1_239' title='bbox 378 2225 693 2301; x_wconf 84' lang='grc' dir='ltr'>Ἐλευθεροῖ</span> <span class='ocrx_word' id='word_1_240' title='bbox 719 2224 917 2288; x_wconf 85' lang='grc' dir='ltr'>ταύτας</span> <span class='ocrx_word' id='word_1_241' title='bbox 944 2245 1005 2299; x_wconf 83' lang='grc' dir='ltr'><strong>γε</strong></span> <span class='ocrx_word' id='word_1_242' title='bbox 1034 2228 1141 2278; x_wconf 82' lang='grc' dir='ltr'>τῶν</span> <span class='ocrx_word' id='word_1_243' title='bbox 1175 2223 1233 2277; x_wconf 81' lang='grc' dir='ltr'>ὲκ</span> <span class='ocrx_word' id='word_1_244' title='bbox 1263 2229 1359 2291; x_wconf 81' lang='grc' dir='ltr'>τῆς</span> <span class='ocrx_word' id='word_1_245' title='bbox 1396 2224 1592 2319; x_wconf 64' lang='grc' dir='ltr'>Ἅγαρ·</span> <span class='ocrx_word' id='word_1_246' title='bbox 1953 2242 2056 2308; x_wconf 51' lang='lat' dir='ltr'><strong>Ag;</strong></span> 
     </span>
    </p>
   </div>
   <div class='ocr_carea' id='block_1_41' title="bbox 1461 2223 3139 2319">
    <p class='ocr_par' dir='ltr' id='par_1_41' title="bbox 1461 2223 3139 2319">
     <span class='ocr_line' id='line_1_41' title="bbox 1461 2223 3139 2319; baseline 0.014 -38"><span class='ocrx_word' id='word_1_247' title='bbox 1461 2241 1592 2319; x_wconf 56' lang='grc' dir='ltr'>γαρ·</span> <span class='ocrx_word' id='word_1_248' title='bbox 1953 2223 2352 2308; x_wconf 85' lang='lat' dir='ltr'><strong>Agarenorum</strong></span> <span class='ocrx_word' id='word_1_249' title='bbox 2378 2223 2592 2314; x_wconf 78' lang='lat' dir='ltr'><strong>jugum</strong></span> <span class='ocrx_word' id='word_1_250' title='bbox 2622 2223 2691 2300; x_wconf 80' lang='lat' dir='ltr'><strong>ab</strong></span> <span class='ocrx_word' id='word_1_251' title='bbox 2725 2244 2839 2303; x_wconf 89' lang='lat' dir='ltr'><strong>illis</strong></span> <span class='ocrx_word' id='word_1_252' title='bbox 2871 2223 3139 2319; x_wconf 77' lang='lat' dir='ltr'><strong>depulit:</strong></span> 
     </span>
    </p>
   </div>
   <div class='ocr_carea' id='block_1_42' title="bbox 380 2311 2058 2405">
    <p class='ocr_par' dir='ltr' id='par_1_42' title="bbox 380 2311 2058 2405">
     <span class='ocr_line' id='line_1_42' title="bbox 380 2311 2058 2405; baseline -0.001 -35"><span class='ocrx_word' id='word_1_253' title='bbox 380 2312 579 2370; x_wconf 85' lang='grc' dir='ltr'>Πολλά</span> <span class='ocrx_word' id='word_1_254' title='bbox 598 2312 655 2369; x_wconf 69' lang='grc' dir='ltr'>δὲ</span> <span class='ocrx_word' id='word_1_255' title='bbox 683 2316 873 2388; x_wconf 85' lang='grc' dir='ltr'>καμὼν</span> <span class='ocrx_word' id='word_1_256' title='bbox 904 2314 1145 2374; x_wconf 79' lang='grc' dir='ltr'>κΛέσεως</span> <span class='ocrx_word' id='word_1_257' title='bbox 1174 2314 1411 2405; x_wconf 72' lang='grc' dir='ltr'>Χριστοῦ</span> <span class='ocrx_word' id='word_1_258' title='bbox 1441 2311 1624 2387; x_wconf 83' lang='grc' dir='ltr'>χάριν,</span> <span class='ocrx_word' id='word_1_259' title='bbox 1956 2326 2058 2381; x_wconf 65' lang='grc' dir='ltr'><strong>(ηπ</strong></span> 
     </span>
    </p>
   </div>
   <div class='ocr_carea' id='block_1_43' title="bbox 1530 2311 3208 2405">
    <p class='ocr_par' dir='ltr' id='par_1_43' title="bbox 1530 2324 3208 2405">
     <span class='ocr_line' id='line_1_43' title="bbox 1530 2324 3208 2405; baseline 0.011 -29"><span class='ocrx_word' id='word_1_260' title='bbox 1530 2331 1624 2379; x_wconf 72' lang='lat' dir='ltr'><strong>9W.</strong></span> <span class='ocrx_word' id='word_1_261' title='bbox 1956 2326 2287 2400; x_wconf 82' lang='lat' dir='ltr'><strong>Christique</strong></span> <span class='ocrx_word' id='word_1_262' title='bbox 2318 2347 2498 2387; x_wconf 89' lang='lat' dir='ltr'><strong>causa</strong></span> <span class='ocrx_word' id='word_1_263' title='bbox 2529 2332 2849 2404; x_wconf 89' lang='lat' dir='ltr'><strong>plurimum</strong></span> <span class='ocrx_word' id='word_1_264' title='bbox 2882 2324 3208 2405; x_wconf 27' lang='lat' dir='ltr'><strong>laboransp</strong></span> 
     </span>
    </p>
   </div>
   <div class='ocr_carea' id='block_1_44' title="bbox 378 2400 2056 2489">
    <p class='ocr_par' dir='ltr' id='par_1_44' title="bbox 378 2400 2056 2475">
     <span class='ocr_line' id='line_1_44' title="bbox 378 2400 2056 2475; baseline -0.004 -15"><span class='ocrx_word' id='word_1_265' title='bbox 378 2406 537 2470; x_wconf 81' lang='grc' dir='ltr'>,Εκεῖ</span> <span class='ocrx_word' id='word_1_266' title='bbox 564 2403 902 2459; x_wconf 71' lang='grc' dir='ltr'>καταλέλυκε</span> <span class='ocrx_word' id='word_1_267' title='bbox 932 2403 1127 2463; x_wconf 79' lang='grc' dir='ltr'>καύτὸς</span> <span class='ocrx_word' id='word_1_268' title='bbox 1155 2404 1247 2456; x_wconf 85' lang='grc' dir='ltr'>τὸν</span> <span class='ocrx_word' id='word_1_269' title='bbox 1286 2400 1430 2475; x_wconf 85' lang='grc' dir='ltr'>βίον.</span> <span class='ocrx_word' id='word_1_270' title='bbox 1956 2414 2007 2470; x_wconf 75' lang='lat' dir='ltr'><strong>i3</strong></span> <span class='ocrx_word' id='word_1_271' title='bbox 2039 2432 2056 2469; x_wconf 74' lang='grc' dir='ltr'>ε</span> 
     </span>
    </p>
   </div>
   <div class='ocr_carea' id='block_1_45' title="bbox 1512 2400 3190 2489">
    <p class='ocr_par' dir='ltr' id='par_1_45' title="bbox 1555 2400 3190 2489">
     <span class='ocr_line' id='line_1_45' title="bbox 1555 2400 3190 2489; baseline 0.011 -26"><span class='ocrx_word' id='word_1_272' title='bbox 1555 2487 1567 2489; x_wconf 80' lang='lat'>_</span> <span class='ocrx_word' id='word_1_273' title='bbox 1956 2414 2007 2470; x_wconf 87' lang='lat' dir='ltr'><strong>is</strong></span> <span class='ocrx_word' id='word_1_274' title='bbox 2039 2432 2271 2489; x_wconf 89' lang='lat' dir='ltr'><strong>quoque</strong></span> <span class='ocrx_word' id='word_1_275' title='bbox 2303 2419 2431 2475; x_wconf 68' lang='lat' dir='ltr'><strong>vita:</strong></span> <span class='ocrx_word' id='word_1_276' title='bbox 2462 2400 2781 2479; x_wconf 76' lang='lat' dir='ltr'><strong>terminum</strong></span> <span class='ocrx_word' id='word_1_277' title='bbox 2814 2424 2933 2479; x_wconf 90' lang='lat' dir='ltr'><strong>illic</strong></span> <span class='ocrx_word' id='word_1_278' title='bbox 2965 2400 3190 2484; x_wconf 80' lang='lat' dir='ltr'><strong>habuit.</strong></span> 
     </span>
    </p>
   </div>
   <div class='ocr_carea' id='block_1_46' title="bbox 379 2487 2057 2573">
    <p class='ocr_par' dir='ltr' id='par_1_46' title="bbox 379 2487 2057 2566">
     <span class='ocr_line' id='line_1_46' title="bbox 379 2487 2057 2566; baseline -0.004 -18"><span class='ocrx_word' id='word_1_279' title='bbox 379 2494 443 2548; x_wconf 69' lang='grc' dir='ltr'><strong>Οἱ</strong></span> <span class='ocrx_word' id='word_1_280' title='bbox 477 2490 525 2546; x_wconf 82' lang='grc' dir='ltr'>δ’</span> <span class='ocrx_word' id='word_1_281' title='bbox 547 2490 849 2566; x_wconf 82' lang='grc' dir='ltr'>Ἀλαμανοί</span> <span class='ocrx_word' id='word_1_282' title='bbox 881 2490 1033 2545; x_wconf 86' lang='grc' dir='ltr'>ναυσῖ</span> <span class='ocrx_word' id='word_1_283' title='bbox 1065 2492 1156 2566; x_wconf 88' lang='grc' dir='ltr'>πρ’</span> <span class='ocrx_word' id='word_1_284' title='bbox 1190 2513 1214 2554; x_wconf 89' lang='grc' dir='ltr'><strong>ς</strong></span> <span class='ocrx_word' id='word_1_285' title='bbox 1240 2492 1339 2559; x_wconf 81' lang='grc' dir='ltr'>τὴν</span> <span class='ocrx_word' id='word_1_286' title='bbox 1383 2487 1633 2565; x_wconf 84' lang='grc' dir='ltr'>πατρίδα·</span> <span class='ocrx_word' id='word_1_287' title='bbox 1958 2504 2057 2560; x_wconf 69' lang='lat' dir='ltr'><strong>Tm</strong></span> 
     </span>
    </p>
   </div>
   <div class='ocr_carea' id='block_1_47' title="bbox 1373 2487 3051 2573">
    <p class='ocr_par' dir='ltr' id='par_1_47' title="bbox 1383 2487 3051 2573">
     <span class='ocr_line' id='line_1_47' title="bbox 1383 2487 3051 2573; baseline 0.015 -25"><span class='ocrx_word' id='word_1_288' title='bbox 1383 2487 1633 2565; x_wconf 67' lang='grc' dir='ltr'>πατρίδων</span> <span class='ocrx_word' id='word_1_289' title='bbox 1958 2504 2107 2561; x_wconf 86' lang='lat' dir='ltr'><strong>Tum</strong></span> <span class='ocrx_word' id='word_1_290' title='bbox 2139 2507 2449 2565; x_wconf 86' lang='lat' dir='ltr'><strong>Alamanni</strong></span> <span class='ocrx_word' id='word_1_291' title='bbox 2484 2512 2730 2570; x_wconf 86' lang='lat' dir='ltr'><strong>navibus</strong></span> <span class='ocrx_word' id='word_1_292' title='bbox 2760 2514 3051 2573; x_wconf 90' lang='lat' dir='ltr'><strong>inscensis</strong></span> 
     </span>
    </p>
   </div>
   <div class='ocr_carea' id='block_1_48' title="bbox 205 2580 1883 2672">
    <p class='ocr_par' dir='ltr' id='par_1_48' title="bbox 205 2580 1446 2656">
     <span class='ocr_line' id='line_1_48' title="bbox 205 2580 1446 2656; baseline -0.005 -17"><span class='ocrx_word' id='word_1_293' title='bbox 205 2585 349 2639; x_wconf 84' lang='lat'>5975</span> <span class='ocrx_word' id='word_1_294' title='bbox 390 2580 556 2646; x_wconf 76' lang='grc' dir='ltr'>Αὖθις</span> <span class='ocrx_word' id='word_1_295' title='bbox 588 2581 970 2656; x_wconf 73' lang='grc' dir='ltr'>ἐπανήχθησαν</span> <span class='ocrx_word' id='word_1_296' title='bbox 1005 2580 1062 2635; x_wconf 74' lang='grc' dir='ltr'>εὖ</span> <span class='ocrx_word' id='word_1_297' title='bbox 1094 2580 1446 2652; x_wconf 73' lang='grc' dir='ltr'>σεσωσμένοι·</span> 
     </span>
    </p>
   </div>
   <div class='ocr_carea' id='block_1_49' title="bbox 1417 2580 3095 2672">
    <p class='ocr_par' dir='ltr' id='par_1_49' title="bbox 1417 2596 3095 2672">
     <span class='ocr_line' id='line_1_49' title="bbox 1417 2596 3095 2672; baseline 0.017 -39"><span class='ocrx_word' id='word_1_298' title='bbox 1417 2597 1446 2672; x_wconf 11' lang='grc' dir='ltr'>ιν·</span> <span class='ocrx_word' id='word_1_299' title='bbox 1602 2670 1609 2672; x_wconf 15' lang='grc' dir='ltr'>λ</span> <span class='ocrx_word' id='word_1_300' title='bbox 1675 2667 1699 2672; x_wconf 70' lang='lat'><strong>__</strong></span> <span class='ocrx_word' id='word_1_301' title='bbox 1963 2596 2173 2652; x_wconf 85' lang='lat' dir='ltr'><strong>reversi</strong></span> <span class='ocrx_word' id='word_1_302' title='bbox 2206 2603 2343 2653; x_wconf 88' lang='lat' dir='ltr'><strong>sunt</strong></span> <span class='ocrx_word' id='word_1_303' title='bbox 2376 2599 2432 2654; x_wconf 91' lang='lat' dir='ltr'><strong>in</strong></span> <span class='ocrx_word' id='word_1_304' title='bbox 2468 2601 2715 2672; x_wconf 84' lang='lat' dir='ltr'><strong>patriam</strong></span> <span class='ocrx_word' id='word_1_305' title='bbox 2750 2602 3095 2663; x_wconf 87' lang='lat' dir='ltr'><strong>incolumes.</strong></span> 
     </span>
    </p>
   </div>
   <div class='ocr_carea' id='block_1_50' title="bbox 387 2667 1851 2747">
    <p class='ocr_par' dir='ltr' id='par_1_50' title="bbox 387 2667 1851 2747">
     <span class='ocr_line' id='line_1_50' title="bbox 387 2667 1851 2747; baseline -0.003 -19"><span class='ocrx_word' id='word_1_306' title='bbox 387 2673 495 2728; x_wconf 82' lang='grc' dir='ltr'>Καὶ</span> <span class='ocrx_word' id='word_1_307' title='bbox 550 2671 830 2747; x_wconf 82' lang='grc' dir='ltr'>Φραγγίας</span> <span class='ocrx_word' id='word_1_308' title='bbox 886 2671 983 2746; x_wconf 73' lang='grc' dir='ltr'><strong>ρὴξ</strong></span> <span class='ocrx_word' id='word_1_309' title='bbox 1043 2674 1329 2745; x_wconf 79' lang='grc' dir='ltr'>Γερμανῶν</span> <span class='ocrx_word' id='word_1_310' title='bbox 1384 2671 1510 2743; x_wconf 85' lang='grc'>(67)</span> <span class='ocrx_word' id='word_1_311' title='bbox 1566 2670 1613 2723; x_wconf 85' lang='grc' dir='ltr'>τ’</span> <span class='ocrx_word' id='word_1_312' title='bbox 1666 2667 1851 2744; x_wconf 77' lang='grc' dir='ltr'>ἅρχων</span> 
     </span>
    </p>
   </div>
   <div class='ocr_carea' id='block_1_51' title="bbox 1498 2757 1684 2829">
    <p class='ocr_par' dir='ltr' id='par_1_51' title="bbox 1498 2757 1684 2829">
     <span class='ocr_line' id='line_1_51' title="bbox 1498 2757 1684 2829; baseline 0 -18"><span class='ocrx_word' id='word_1_313' title='bbox 1498 2757 1684 2829; x_wconf 88' lang='grc' dir='ltr'>[πάλιν</span> 
     </span>
    </p>
   </div>
   <div class='ocr_carea' id='block_1_52' title="bbox 388 2846 1579 2922">
    <p class='ocr_par' dir='ltr' id='par_1_52' title="bbox 388 2846 1579 2922">
     <span class='ocr_line' id='line_1_52' title="bbox 388 2846 1579 2922; baseline -0.003 -17"><span class='ocrx_word' id='word_1_314' title='bbox 388 2850 597 2905; x_wconf 80' lang='grc' dir='ltr'>Ναυσὶν</span> <span class='ocrx_word' id='word_1_315' title='bbox 630 2848 868 2919; x_wconf 74' lang='grc' dir='ltr'>ἐπῆλθον</span> <span class='ocrx_word' id='word_1_316' title='bbox 902 2846 1125 2904; x_wconf 85' lang='grc' dir='ltr'>ὁπλῖται</span> <span class='ocrx_word' id='word_1_317' title='bbox 1153 2852 1272 2909; x_wconf 87' lang='grc' dir='ltr'>τοῖς</span> <span class='ocrx_word' id='word_1_318' title='bbox 1302 2846 1353 2920; x_wconf 77' lang='grc' dir='ltr'><strong>ἐξ</strong></span> <span class='ocrx_word' id='word_1_319' title='bbox 1385 2849 1579 2922; x_wconf 85' lang='grc' dir='ltr'>Ἀγαρ-</span> 
     </span>
    </p>
   </div>
   <div class='ocr_carea' id='block_1_53' title="bbox 390 2934 1413 3014">
    <p class='ocr_par' dir='ltr' id='par_1_53' title="bbox 390 2934 1413 3014">
     <span class='ocr_line' id='line_1_53' title="bbox 390 2934 1413 3014; baseline -0.005 -19"><span class='ocrx_word' id='word_1_320' title='bbox 390 2940 510 2996; x_wconf 84' lang='grc' dir='ltr'><strong>Ούκ</strong></span> <span class='ocrx_word' id='word_1_321' title='bbox 540 2939 768 3014; x_wconf 79' lang='grc' dir='ltr'>ἴσχυσαν</span> <span class='ocrx_word' id='word_1_322' title='bbox 802 2936 959 3011; x_wconf 77' lang='grc' dir='ltr'>ὅμως</span> <span class='ocrx_word' id='word_1_323' title='bbox 991 2934 1047 2991; x_wconf 75' lang='grc' dir='ltr'>δὲ</span> <span class='ocrx_word' id='word_1_324' title='bbox 1080 2938 1222 2991; x_wconf 89' lang='grc' dir='ltr'>Σιὼν</span> <span class='ocrx_word' id='word_1_325' title='bbox 1255 2936 1413 3010; x_wconf 86' lang='grc' dir='ltr'>ἀγίας</span> 
     </span>
    </p>
   </div>
   <div class='ocr_carea' id='block_1_54' title="bbox 390 3024 1608 3106">
    <p class='ocr_par' dir='ltr' id='par_1_54' title="bbox 390 3024 1608 3106">
     <span class='ocr_line' id='line_1_54' title="bbox 390 3024 1608 3106; baseline -0.003 -23"><span class='ocrx_word' id='word_1_326' title='bbox 390 3032 539 3106; x_wconf 77' lang='grc' dir='ltr'>Σιρᾶς</span> <span class='ocrx_word' id='word_1_327' title='bbox 570 3027 815 3099; x_wconf 73' lang='grc' dir='ltr'>ἒξελᾶσαι</span> <span class='ocrx_word' id='word_1_328' title='bbox 846 3026 935 3081; x_wconf 87' lang='grc' dir='ltr'><strong>καὶ</strong></span> <span class='ocrx_word' id='word_1_329' title='bbox 965 3028 1147 3100; x_wconf 72' lang='grc' dir='ltr'>νέμειν</span> <span class='ocrx_word' id='word_1_330' title='bbox 1182 3024 1608 3101; x_wconf 86' lang='grc' dir='ltr'>χροιτωνύμοις·</span> 
     </span>
    </p>
   </div>
   <div class='ocr_carea' id='block_1_55' title="bbox 208 3112 1561 3196">
    <p class='ocr_par' dir='ltr' id='par_1_55' title="bbox 208 3112 1561 3196">
     <span class='ocr_line' id='line_1_55' title="bbox 208 3112 1561 3196; baseline -0.001 -21"><span class='ocrx_word' id='word_1_331' title='bbox 208 3121 351 3175; x_wconf 78' lang='lat'>5980</span> <span class='ocrx_word' id='word_1_332' title='bbox 393 3118 631 3196; x_wconf 80' lang='grc' dir='ltr'>’ῼχοντο</span> <span class='ocrx_word' id='word_1_333' title='bbox 666 3115 722 3172; x_wconf 77' lang='grc' dir='ltr'>δὲ</span> <span class='ocrx_word' id='word_1_334' title='bbox 752 3115 880 3187; x_wconf 83' lang='grc' dir='ltr'><strong>πλῷ</strong></span> <span class='ocrx_word' id='word_1_335' title='bbox 904 3115 996 3171; x_wconf 85' lang='grc' dir='ltr'><strong>καὶ</strong></span> <span class='ocrx_word' id='word_1_336' title='bbox 1026 3112 1191 3170; x_wconf 87' lang='grc' dir='ltr'>πάλιν</span> <span class='ocrx_word' id='word_1_337' title='bbox 1227 3113 1277 3187; x_wconf 78' lang='grc' dir='ltr'>ἐξ</span> <span class='ocrx_word' id='word_1_338' title='bbox 1310 3112 1561 3189; x_wconf 84' lang='grc' dir='ltr'>πατρίδα.</span> 
     </span>
    </p>
   </div>
   <div class='ocr_carea' id='block_1_56' title="bbox 390 3204 1689 3282">
    <p class='ocr_par' dir='ltr' id='par_1_56' title="bbox 390 3204 1689 3282">
     <span class='ocr_line' id='line_1_56' title="bbox 390 3204 1689 3282; baseline -0.004 -19"><span class='ocrx_word' id='word_1_339' title='bbox 390 3208 452 3264; x_wconf 84' lang='grc' dir='ltr'>Ὀ</span> <span class='ocrx_word' id='word_1_340' title='bbox 483 3205 531 3261; x_wconf 85' lang='grc' dir='ltr'>δ’</span> <span class='ocrx_word' id='word_1_341' title='bbox 563 3204 840 3282; x_wconf 87' lang='grc' dir='ltr'>Ἰγκλίνων</span> <span class='ocrx_word' id='word_1_342' title='bbox 997 3206 1233 3280; x_wconf 86' lang='grc' dir='ltr'>κατάρας</span> <span class='ocrx_word' id='word_1_343' title='bbox 1262 3204 1315 3275; x_wconf 78' lang='grc' dir='ltr'>ἐξ</span> <span class='ocrx_word' id='word_1_344' title='bbox 1343 3205 1441 3272; x_wconf 81' lang='grc' dir='ltr'><strong>τήν</strong></span> <span class='ocrx_word' id='word_1_345' title='bbox 1478 3204 1689 3279; x_wconf 79' lang='grc' dir='ltr'>Κύπρον</span> 
     </span>
    </p>
   </div>
   <div class='ocr_carea' id='block_1_57' title="bbox 391 3292 1699 3368">
    <p class='ocr_par' dir='ltr' id='par_1_57' title="bbox 391 3292 1699 3368">
     <span class='ocr_line' id='line_1_57' title="bbox 391 3292 1699 3368; baseline -0.002 -18"><span class='ocrx_word' id='word_1_346' title='bbox 391 3294 609 3366; x_wconf 81' lang='grc' dir='ltr'>Ταύτης</span> <span class='ocrx_word' id='word_1_347' title='bbox 635 3315 696 3350; x_wconf 89' lang='grc' dir='ltr'><strong>τε</strong></span> <span class='ocrx_word' id='word_1_348' title='bbox 724 3298 912 3368; x_wconf 87' lang='grc' dir='ltr'>κρατεῖ</span> <span class='ocrx_word' id='word_1_349' title='bbox 940 3300 1060 3356; x_wconf 79' lang='grc' dir='ltr'>τοῖς</span> <span class='ocrx_word' id='word_1_350' title='bbox 1091 3293 1290 3355; x_wconf 72' lang='grc' dir='ltr'>ὅπλοις</span> <span class='ocrx_word' id='word_1_351' title='bbox 1320 3292 1456 3348; x_wconf 83' lang='grc' dir='ltr'><strong>κατά</strong></span> <span class='ocrx_word' id='word_1_352' title='bbox 1479 3296 1699 3368; x_wconf 84' lang='grc' dir='ltr'>κράτος·</span> 
     </span>
    </p>
   </div>
   <div class='ocr_carea' id='block_1_58' title="bbox 400 3381 1737 3458">
    <p class='ocr_par' dir='ltr' id='par_1_58' title="bbox 400 3381 1737 3458">
     <span class='ocr_line' id='line_1_58' title="bbox 400 3381 1737 3458; baseline -0.001 -19"><span class='ocrx_word' id='word_1_353' title='bbox 400 3389 604 3458; x_wconf 87' lang='grc' dir='ltr'>Δεσμεῖ</span> <span class='ocrx_word' id='word_1_354' title='bbox 632 3381 689 3439; x_wconf 73' lang='grc' dir='ltr'>δὲ</span> <span class='ocrx_word' id='word_1_355' title='bbox 720 3382 942 3458; x_wconf 86' lang='grc' dir='ltr'>συσχὼν</span> <span class='ocrx_word' id='word_1_356' title='bbox 969 3382 1059 3437; x_wconf 83' lang='grc' dir='ltr'><strong>καὶ</strong></span> <span class='ocrx_word' id='word_1_357' title='bbox 1090 3382 1350 3457; x_wconf 84' lang='grc' dir='ltr'>τύραννον</span> <span class='ocrx_word' id='word_1_358' title='bbox 1381 3388 1480 3451; x_wconf 81' lang='grc' dir='ltr'><strong>τῆς</strong></span> <span class='ocrx_word' id='word_1_359' title='bbox 1513 3382 1737 3458; x_wconf 77' lang='grc' dir='ltr'>Κύπρου</span> 
     </span>
    </p>
   </div>
   <div class='ocr_carea' id='block_1_59' title="bbox 408 3472 1659 3546">
    <p class='ocr_par' dir='ltr' id='par_1_59' title="bbox 408 3472 1659 3546">
     <span class='ocr_line' id='line_1_59' title="bbox 408 3472 1659 3546; baseline -0.002 -18"><span class='ocrx_word' id='word_1_360' title='bbox 408 3473 696 3544; x_wconf 74' lang='grc' dir='ltr'>Κομνηνὸν</span> <span class='ocrx_word' id='word_1_361' title='bbox 730 3474 960 3527; x_wconf 81' lang='grc' dir='ltr'>Ίσάκιον</span> <span class='ocrx_word' id='word_1_362' title='bbox 994 3473 1107 3544; x_wconf 85' lang='grc'><strong>(68)</strong></span> <span class='ocrx_word' id='word_1_363' title='bbox 1139 3473 1369 3546; x_wconf 79' lang='grc' dir='ltr'>Ἔχετον</span> <span class='ocrx_word' id='word_1_364' title='bbox 1400 3472 1659 3546; x_wconf 77' lang='grc' dir='ltr'>τρόπους·</span> 
     </span>
    </p>
   </div>
   <div class='ocr_carea' id='block_1_60' title="bbox 214 3558 1706 3635">
    <p class='ocr_par' dir='ltr' id='par_1_60' title="bbox 214 3558 1706 3635">
     <span class='ocr_line' id='line_1_60' title="bbox 214 3558 1706 3635; baseline -0.003 -17"><span class='ocrx_word' id='word_1_365' title='bbox 214 3564 359 3619; x_wconf 77' lang='lat'>5935</span> <span class='ocrx_word' id='word_1_366' title='bbox 401 3562 508 3618; x_wconf 75' lang='grc' dir='ltr'><strong>Καὶ</strong></span> <span class='ocrx_word' id='word_1_367' title='bbox 533 3559 911 3623; x_wconf 86' lang='grc' dir='ltr'>καταπλεύσας</span> <span class='ocrx_word' id='word_1_368' title='bbox 939 3561 1073 3635; x_wconf 78' lang='grc' dir='ltr'>πρὸς</span> <span class='ocrx_word' id='word_1_369' title='bbox 1107 3559 1473 3629; x_wconf 83' lang='grc' dir='ltr'>Παλαιστίνης</span> <span class='ocrx_word' id='word_1_370' title='bbox 1502 3558 1706 3621; x_wconf 89' lang='grc' dir='ltr'>τόπους</span> 
     </span>
    </p>
   </div>
   <div class='ocr_carea' id='block_1_61' title="bbox 407 3647 1525 3725">
    <p class='ocr_par' dir='ltr' id='par_1_61' title="bbox 407 3647 1525 3725">
     <span class='ocr_line' id='line_1_61' title="bbox 407 3647 1525 3725; baseline -0.004 -19"><span class='ocrx_word' id='word_1_371' title='bbox 407 3650 732 3725; x_wconf 86' lang='grc' dir='ltr'>Στράτευμα</span> <span class='ocrx_word' id='word_1_372' title='bbox 757 3648 1048 3705; x_wconf 74' lang='grc' dir='ltr'>κατέλιπεν</span> <span class='ocrx_word' id='word_1_373' title='bbox 1081 3648 1279 3703; x_wconf 73' lang='grc' dir='ltr'>οἶκεῖον</span> <span class='ocrx_word' id='word_1_374' title='bbox 1315 3647 1525 3721; x_wconf 88' lang='grc' dir='ltr'>Κύπρῳ</span> 
     </span>
    </p>
   </div>
   <div class='ocr_carea' id='block_1_62' title="bbox 407 3735 1623 3816">
    <p class='ocr_par' dir='ltr' id='par_1_62' title="bbox 407 3735 1623 3816">
     <span class='ocr_line' id='line_1_62' title="bbox 407 3735 1623 3816; baseline -0.004 -18"><span class='ocrx_word' id='word_1_375' title='bbox 407 3743 467 3799; x_wconf 83' lang='grc' dir='ltr'>Ὀ</span> <span class='ocrx_word' id='word_1_376' title='bbox 500 3744 793 3816; x_wconf 77' lang='grc' dir='ltr'>Γερμανῶν</span> <span class='ocrx_word' id='word_1_377' title='bbox 824 3739 925 3816; x_wconf 77' lang='grc' dir='ltr'><strong>ῥήξ</strong></span> <span class='ocrx_word' id='word_1_378' title='bbox 952 3735 1169 3809; x_wconf 83' lang='grc' dir='ltr'>δηλαδή</span> <span class='ocrx_word' id='word_1_379' title='bbox 1199 3742 1307 3794; x_wconf 83' lang='grc' dir='ltr'><strong>τῶν</strong></span> <span class='ocrx_word' id='word_1_380' title='bbox 1342 3736 1623 3814; x_wconf 82' lang='grc' dir='ltr'>ΊγκΛίνων</span> 
     </span>
    </p>
   </div>
   <div class='ocr_carea' id='block_1_63' title="bbox 406 3827 1444 3905">
    <p class='ocr_par' dir='ltr' id='par_1_63' title="bbox 406 3827 1444 3905">
     <span class='ocr_line' id='line_1_63' title="bbox 406 3827 1444 3905; baseline -0.005 -19"><span class='ocrx_word' id='word_1_381' title='bbox 406 3830 517 3887; x_wconf 80' lang='grc' dir='ltr'><strong>Καὶ</strong></span> <span class='ocrx_word' id='word_1_382' title='bbox 545 3827 702 3900; x_wconf 82' lang='grc' dir='ltr'>τῆσδ’</span> <span class='ocrx_word' id='word_1_383' title='bbox 732 3828 1035 3905; x_wconf 73' lang='grc' dir='ltr'>ίκυρίευσεν</span> <span class='ocrx_word' id='word_1_384' title='bbox 1068 3829 1145 3890; x_wconf 81' lang='grc' dir='ltr'>ὡς</span> <span class='ocrx_word' id='word_1_385' title='bbox 1174 3828 1444 3898; x_wconf 82' lang='grc' dir='ltr'>υπηκόου,</span> 
     </span>
    </p>
   </div>
   <div class='ocr_carea' id='block_1_64' title="bbox 410 3915 1562 3994">
    <p class='ocr_par' dir='ltr' id='par_1_64' title="bbox 410 3915 1562 3994">
     <span class='ocr_line' id='line_1_64' title="bbox 410 3915 1562 3994; baseline -0.002 -20"><span class='ocrx_word' id='word_1_386' title='bbox 410 3926 569 3990; x_wconf 87' lang='grc' dir='ltr'>Ζωῆς</span> <span class='ocrx_word' id='word_1_387' title='bbox 597 3916 642 3973; x_wconf 76' lang='grc' dir='ltr'>δ’</span> <span class='ocrx_word' id='word_1_388' title='bbox 671 3917 925 3994; x_wconf 80' lang='grc' dir='ltr'>ἀφορμὰς</span> <span class='ocrx_word' id='word_1_389' title='bbox 953 3916 1177 3973; x_wconf 82' lang='grc' dir='ltr'>αὐτόθεν</span> <span class='ocrx_word' id='word_1_390' title='bbox 1208 3915 1562 3990; x_wconf 76' lang='grc' dir='ltr'>κεκτημένος.</span> 
     </span>
    </p>
   </div>
   <div class='ocr_carea' id='block_1_65' title="bbox 228 4005 1601 4083">
    <p class='ocr_par' dir='ltr' id='par_1_65' title="bbox 228 4005 1601 4083">
     <span class='ocr_line' id='line_1_65' title="bbox 228 4005 1601 4083; baseline -0.005 -15"><span class='ocrx_word' id='word_1_391' title='bbox 228 4013 377 4068; x_wconf 83' lang='grc'>5990</span> <span class='ocrx_word' id='word_1_392' title='bbox 415 4012 507 4068; x_wconf 86' lang='grc' dir='ltr'>Ἐν</span> <span class='ocrx_word' id='word_1_393' title='bbox 535 4013 617 4082; x_wconf 82' lang='grc' dir='ltr'>τῷ</span> <span class='ocrx_word' id='word_1_394' title='bbox 644 4007 869 4083; x_wconf 81' lang='grc' dir='ltr'>μέλλειν</span> <span class='ocrx_word' id='word_1_395' title='bbox 899 4005 956 4063; x_wconf 73' lang='grc' dir='ltr'>δὲ</span> <span class='ocrx_word' id='word_1_396' title='bbox 986 4010 1122 4083; x_wconf 85' lang='grc' dir='ltr'>πρὸς</span> <span class='ocrx_word' id='word_1_397' title='bbox 1155 4005 1601 4083; x_wconf 77' lang='grc' dir='ltr'>πατρίδ’ἀπιὲναι</span> 
     </span>
    </p>
   </div>
   <div class='ocr_carea' id='block_1_66' title="bbox 409 4095 1585 4175">
    <p class='ocr_par' dir='ltr' id='par_1_66' title="bbox 409 4095 1585 4175">
     <span class='ocr_line' id='line_1_66' title="bbox 409 4095 1585 4175; baseline -0.003 -22"><span class='ocrx_word' id='word_1_398' title='bbox 409 4098 565 4175; x_wconf 85' lang='grc' dir='ltr'><strong>Ῥηγὶ</strong></span> <span class='ocrx_word' id='word_1_399' title='bbox 598 4098 810 4173; x_wconf 74' lang='grc' dir='ltr'>Κύπρον</span> <span class='ocrx_word' id='word_1_400' title='bbox 844 4095 1047 4153; x_wconf 66' lang='grc' dir='ltr'>δέδωκε</span> <span class='ocrx_word' id='word_1_401' title='bbox 1075 4104 1175 4166; x_wconf 82' lang='grc' dir='ltr'><strong>τῆς</strong></span> <span class='ocrx_word' id='word_1_402' title='bbox 1214 4095 1585 4167; x_wconf 84' lang='grc' dir='ltr'>Παλαιστίνης</span> 
     </span>
    </p>
   </div>
   <div class='ocr_carea' id='block_1_67' title="bbox 414 4182 1658 4261">
    <p class='ocr_par' dir='ltr' id='par_1_67' title="bbox 414 4182 1658 4261">
     <span class='ocr_line' id='line_1_67' title="bbox 414 4182 1658 4261; baseline -0.001 -19"><span class='ocrx_word' id='word_1_403' title='bbox 414 4188 597 4244; x_wconf 82' lang='grc' dir='ltr'>Οἶκεῖν</span> <span class='ocrx_word' id='word_1_404' title='bbox 627 4208 685 4243; x_wconf 89' lang='grc' dir='ltr'><strong>τε</strong></span> <span class='ocrx_word' id='word_1_405' title='bbox 714 4186 943 4258; x_wconf 88' lang='grc' dir='ltr'>ταύτην,</span> <span class='ocrx_word' id='word_1_406' title='bbox 968 4186 1013 4241; x_wconf 81' lang='grc' dir='ltr'><strong>εί</strong></span> <span class='ocrx_word' id='word_1_407' title='bbox 1046 4187 1261 4261; x_wconf 78' lang='grc' dir='ltr'>σχολήν</span> <span class='ocrx_word' id='word_1_408' title='bbox 1297 4182 1412 4261; x_wconf 75' lang='grc' dir='ltr'>ἄγει</span> <span class='ocrx_word' id='word_1_409' title='bbox 1447 4187 1658 4259; x_wconf 82' lang='grc' dir='ltr'>μάχης.</span> 
     </span>
    </p>
   </div>
   <div class='ocr_carea' id='block_1_68' title="bbox 418 4272 1631 4352">
    <p class='ocr_par' dir='ltr' id='par_1_68' title="bbox 418 4272 1631 4352">
     <span class='ocr_line' id='line_1_68' title="bbox 418 4272 1631 4352; baseline -0.004 -20"><span class='ocrx_word' id='word_1_410' title='bbox 418 4277 521 4332; x_wconf 77' lang='grc' dir='ltr'><strong>Καὶ</strong></span> <span class='ocrx_word' id='word_1_411' title='bbox 554 4276 821 4352; x_wconf 84' lang='grc' dir='ltr'>κυριεύειν</span> <span class='ocrx_word' id='word_1_412' title='bbox 844 4274 935 4331; x_wconf 80' lang='grc' dir='ltr'><strong>καὶ</strong></span> <span class='ocrx_word' id='word_1_413' title='bbox 965 4280 1184 4352; x_wconf 79' lang='grc' dir='ltr'>κρατεῖν</span> <span class='ocrx_word' id='word_1_414' title='bbox 1211 4281 1312 4345; x_wconf 87' lang='grc' dir='ltr'><strong>τῆς</strong></span> <span class='ocrx_word' id='word_1_415' title='bbox 1347 4272 1631 4349; x_wconf 83' lang='grc' dir='ltr'>Κυπρίων,</span> 
     </span>
    </p>
   </div>
   <div class='ocr_carea' id='block_1_69' title="bbox 418 4363 1560 4441">
    <p class='ocr_par' dir='ltr' id='par_1_69' title="bbox 418 4363 1560 4441">
     <span class='ocr_line' id='line_1_69' title="bbox 418 4363 1560 4441; baseline -0.004 -19"><span class='ocrx_word' id='word_1_416' title='bbox 418 4368 512 4429; x_wconf 77' lang='grc' dir='ltr'>Ὠς</span> <span class='ocrx_word' id='word_1_417' title='bbox 546 4368 635 4422; x_wconf 78' lang='grc' dir='ltr'><strong>ὑπ’</strong></span> <span class='ocrx_word' id='word_1_418' title='bbox 664 4365 873 4422; x_wconf 75' lang='grc' dir='ltr'>ἐκείνου</span> <span class='ocrx_word' id='word_1_419' title='bbox 895 4363 1374 4441; x_wconf 78' lang='grc' dir='ltr'>προσνεμηθείσης</span> <span class='ocrx_word' id='word_1_420' title='bbox 1404 4363 1560 4435; x_wconf 82' lang='grc' dir='ltr'>πόθῳ</span> 
     </span>
    </p>
   </div>
   <div class='ocr_carea' id='block_1_70' title="bbox 234 4452 1483 4529">
    <p class='ocr_par' dir='ltr' id='par_1_70' title="bbox 234 4452 1483 4529">
     <span class='ocr_line' id='line_1_70' title="bbox 234 4452 1483 4529; baseline -0.007 -14"><span class='ocrx_word' id='word_1_421' title='bbox 234 4459 385 4514; x_wconf 87' lang='grc'>5995</span> <span class='ocrx_word' id='word_1_422' title='bbox 422 4455 710 4529; x_wconf 80' lang='grc' dir='ltr'>Ζωηφόρῳ</span> <span class='ocrx_word' id='word_1_423' title='bbox 743 4458 988 4528; x_wconf 81' lang='grc' dir='ltr'>μνήματι</span> <span class='ocrx_word' id='word_1_424' title='bbox 1018 4458 1097 4525; x_wconf 83' lang='grc' dir='ltr'>τῷ</span> <span class='ocrx_word' id='word_1_425' title='bbox 1122 4457 1225 4509; x_wconf 77' lang='grc' dir='ltr'><strong>τοῦ</strong></span> <span class='ocrx_word' id='word_1_426' title='bbox 1258 4452 1483 4528; x_wconf 82' lang='grc' dir='ltr'>Κυρίου,</span> 
     </span>
    </p>
   </div>
   <div class='ocr_carea' id='block_1_71' title="bbox 422 4540 1677 4623">
    <p class='ocr_par' dir='ltr' id='par_1_71' title="bbox 422 4540 1677 4623">
     <span class='ocr_line' id='line_1_71' title="bbox 422 4540 1677 4623; baseline -0.002 -22"><span class='ocrx_word' id='word_1_427' title='bbox 422 4547 530 4602; x_wconf 85' lang='grc' dir='ltr'>Καὶ</span> <span class='ocrx_word' id='word_1_428' title='bbox 562 4546 918 4623; x_wconf 78' lang='grc' dir='ltr'>συναφθείσης</span> <span class='ocrx_word' id='word_1_429' title='bbox 947 4549 1066 4606; x_wconf 79' lang='grc' dir='ltr'>τοῖς</span> <span class='ocrx_word' id='word_1_430' title='bbox 1099 4540 1251 4618; x_wconf 79' lang='grc' dir='ltr'>ὅροις</span> <span class='ocrx_word' id='word_1_431' title='bbox 1288 4541 1677 4613; x_wconf 87' lang='grc' dir='ltr'>Παλαιστίνης.</span> 
     </span>
    </p>
   </div>
   <div class='ocr_carea' id='block_1_72' title="bbox 1972 2870 3319 2943">
    <p class='ocr_par' dir='ltr' id='par_1_72' title="bbox 1972 2870 3319 2943">
     <span class='ocr_line' id='line_1_72' title="bbox 1972 2870 3319 2943; baseline 0.009 -18"><span class='ocrx_word' id='word_1_432' title='bbox 1972 2870 2088 2927; x_wconf 83' lang='lat' dir='ltr'><strong>Rex</strong></span> <span class='ocrx_word' id='word_1_433' title='bbox 2118 2886 2351 2943; x_wconf 90' lang='lat' dir='ltr'><strong>quoque</strong></span> <span class='ocrx_word' id='word_1_434' title='bbox 2382 2872 2578 2928; x_wconf 70' lang='lat' dir='ltr'><strong>Galliae</strong></span> <span class='ocrx_word' id='word_1_435' title='bbox 2610 2878 2667 2930; x_wconf 88' lang='lat' dir='ltr'><strong>et</strong></span> <span class='ocrx_word' id='word_1_436' title='bbox 2698 2874 3009 2932; x_wconf 78' lang='lat' dir='ltr'><strong>Britanniae</strong></span> <span class='ocrx_word' id='word_1_437' title='bbox 3041 2877 3319 2937; x_wconf 88' lang='lat' dir='ltr'><strong>dominus</strong></span> 
     </span>
    </p>
   </div>
   <div class='ocr_carea' id='block_1_73' title="bbox 1971 2957 3222 3035">
    <p class='ocr_par' dir='ltr' id='par_1_73' title="bbox 1971 2957 3222 3035">
     <span class='ocr_line' id='line_1_73' title="bbox 1971 2957 3222 3035; baseline 0.009 -22"><span class='ocrx_word' id='word_1_438' title='bbox 1971 2974 2103 3013; x_wconf 92' lang='lat' dir='ltr'><strong>cum</strong></span> <span class='ocrx_word' id='word_1_439' title='bbox 2135 2957 2426 3016; x_wconf 86' lang='lat' dir='ltr'><strong>classibus</strong></span> <span class='ocrx_word' id='word_1_440' title='bbox 2457 2962 2699 3017; x_wconf 84' lang='lat' dir='ltr'><strong>armatis</strong></span> <span class='ocrx_word' id='word_1_441' title='bbox 2728 2971 3222 3035; x_wconf 87' lang='lat' dir='ltr'><strong>supervenerunt;</strong></span> 
     </span>
    </p>
   </div>
   <div class='ocr_carea' id='block_1_74' title="bbox 1972 3050 3302 3123">
    <p class='ocr_par' dir='ltr' id='par_1_74' title="bbox 1972 3050 3302 3123">
     <span class='ocr_line' id='line_1_74' title="bbox 1972 3050 3302 3123; baseline 0.009 -20"><span class='ocrx_word' id='word_1_442' title='bbox 1972 3064 2225 3121; x_wconf 89' lang='lat' dir='ltr'><strong>cumque</strong></span> <span class='ocrx_word' id='word_1_443' title='bbox 2255 3055 2552 3122; x_wconf 86' lang='lat' dir='ltr'><strong>Agarenos</strong></span> <span class='ocrx_word' id='word_1_444' title='bbox 2584 3050 2796 3123; x_wconf 90' lang='lat' dir='ltr'><strong>pellere</strong></span> <span class='ocrx_word' id='word_1_445' title='bbox 2825 3068 2895 3109; x_wconf 91' lang='lat' dir='ltr'><strong>ex</strong></span> <span class='ocrx_word' id='word_1_446' title='bbox 2924 3055 3066 3112; x_wconf 89' lang='lat' dir='ltr'><strong>urbe</strong></span> <span class='ocrx_word' id='word_1_447' title='bbox 3096 3062 3302 3115; x_wconf 88' lang='lat' dir='ltr'><strong>sancta</strong></span> 
     </span>
    </p>
   </div>
   <div class='ocr_carea' id='block_1_75' title="bbox 1973 3138 3391 3221">
    <p class='ocr_par' dir='ltr' id='par_1_75' title="bbox 1973 3138 3391 3221">
     <span class='ocr_line' id='line_1_75' title="bbox 1973 3138 3391 3221; baseline 0.01 -29"><span class='ocrx_word' id='word_1_448' title='bbox 1973 3138 2190 3194; x_wconf 80' lang='lat' dir='ltr'><strong>frustra</strong></span> <span class='ocrx_word' id='word_1_449' title='bbox 2221 3143 2565 3212; x_wconf 87' lang='lat' dir='ltr'><strong>tontassent,</strong></span> <span class='ocrx_word' id='word_1_450' title='bbox 2600 3146 2664 3197; x_wconf 89' lang='lat' dir='ltr'><strong>ut</strong></span> <span class='ocrx_word' id='word_1_451' title='bbox 2691 3141 3041 3201; x_wconf 81' lang='lat' dir='ltr'><strong>Christianis</strong></span> <span class='ocrx_word' id='word_1_452' title='bbox 3071 3148 3391 3221; x_wconf 85' lang='lat' dir='ltr'><strong>traderent,</strong></span> 
     </span>
    </p>
   </div>
   <div class='ocr_carea' id='block_1_76' title="bbox 1890 3227 3355 3311">
    <p class='ocr_par' dir='ltr' id='par_1_76' title="bbox 1890 3227 3355 3311">
     <span class='ocr_line' id='line_1_76' title="bbox 1890 3227 3355 3311; baseline 0.01 -31"><span class='ocrx_word' id='word_1_453' title='bbox 1890 3246 1937 3311; x_wconf 71' lang='grc' dir='ltr'><strong>ρ</strong></span> <span class='ocrx_word' id='word_1_454' title='bbox 1976 3227 2203 3283; x_wconf 85' lang='lat' dir='ltr'><strong>marino</strong></span> <span class='ocrx_word' id='word_1_455' title='bbox 2237 3245 2471 3285; x_wconf 87' lang='lat' dir='ltr'><strong>rursum</strong></span> <span class='ocrx_word' id='word_1_456' title='bbox 2505 3247 2681 3286; x_wconf 89' lang='lat' dir='ltr'><strong>cursu</strong></span> <span class='ocrx_word' id='word_1_457' title='bbox 2713 3231 2771 3286; x_wconf 88' lang='lat' dir='ltr'><strong>in</strong></span> <span class='ocrx_word' id='word_1_458' title='bbox 2804 3234 3054 3303; x_wconf 88' lang='lat' dir='ltr'><strong>patriam</strong></span> <span class='ocrx_word' id='word_1_459' title='bbox 3086 3236 3355 3295; x_wconf 86' lang='lat' dir='ltr'><strong>redeunt.</strong></span> 
     </span>
    </p>
   </div>
   <div class='ocr_carea' id='block_1_77' title="bbox 1977 3318 3183 3392">
    <p class='ocr_par' dir='ltr' id='par_1_77' title="bbox 1977 3318 3183 3392">
     <span class='ocr_line' id='line_1_77' title="bbox 1977 3318 3183 3392; baseline 0.009 -22"><span class='ocrx_word' id='word_1_460' title='bbox 1977 3319 2164 3372; x_wconf 82' lang='lat' dir='ltr'><strong>Antea</strong></span> <span class='ocrx_word' id='word_1_461' title='bbox 2194 3322 2389 3373; x_wconf 90' lang='lat' dir='ltr'><strong>tamen</strong></span> <span class='ocrx_word' id='word_1_462' title='bbox 2423 3318 2481 3374; x_wconf 93' lang='lat' dir='ltr'><strong>in</strong></span> <span class='ocrx_word' id='word_1_463' title='bbox 2515 3322 2769 3392; x_wconf 84' lang='lat' dir='ltr'><strong>Cyprum</strong></span> <span class='ocrx_word' id='word_1_464' title='bbox 2800 3324 3183 3381; x_wconf 88' lang='lat' dir='ltr'><strong>exscenderat</strong></span> 
     </span>
    </p>
   </div>
   <div class='ocr_carea' id='block_1_78' title="bbox 1978 3406 3267 3485">
    <p class='ocr_par' dir='ltr' id='par_1_78' title="bbox 1978 3406 3267 3485">
     <span class='ocr_line' id='line_1_78' title="bbox 1978 3406 3267 3485; baseline 0.009 -24"><span class='ocrx_word' id='word_1_465' title='bbox 1978 3406 2301 3479; x_wconf 81' lang='lat' dir='ltr'><strong>Anglorum</strong></span> <span class='ocrx_word' id='word_1_466' title='bbox 2336 3424 2456 3476; x_wconf 89' lang='lat' dir='ltr'><strong>rex,</strong></span> <span class='ocrx_word' id='word_1_467' title='bbox 2488 3413 2545 3465; x_wconf 89' lang='lat' dir='ltr'><strong>et</strong></span> <span class='ocrx_word' id='word_1_468' title='bbox 2576 3410 2773 3467; x_wconf 91' lang='lat' dir='ltr'><strong>insula</strong></span> <span class='ocrx_word' id='word_1_469' title='bbox 2803 3413 3026 3484; x_wconf 89' lang='lat' dir='ltr'><strong>potitus</strong></span> <span class='ocrx_word' id='word_1_470' title='bbox 3057 3414 3267 3485; x_wconf 80' lang='lat' dir='ltr'><strong>fuerat,</strong></span> 
     </span>
    </p>
   </div>
   <div class='ocr_carea' id='block_1_79' title="bbox 1981 3496 3170 3571">
    <p class='ocr_par' dir='ltr' id='par_1_79' title="bbox 1981 3496 3170 3571">
     <span class='ocr_line' id='line_1_79' title="bbox 1981 3496 3170 3571; baseline 0.008 -20"><span class='ocrx_word' id='word_1_471' title='bbox 1981 3496 2225 3569; x_wconf 89' lang='lat' dir='ltr'><strong>ejusque</strong></span> <span class='ocrx_word' id='word_1_472' title='bbox 2253 3497 2460 3554; x_wconf 85' lang='lat' dir='ltr'><strong>vinclis</strong></span> <span class='ocrx_word' id='word_1_473' title='bbox 2492 3503 2809 3571; x_wconf 82' lang='lat' dir='ltr'><strong>tyrannum</strong></span> <span class='ocrx_word' id='word_1_474' title='bbox 2846 3502 3170 3560; x_wconf 86' lang='lat' dir='ltr'><strong>tradiderat</strong></span> 
     </span>
    </p>
   </div>
   <div class='ocr_carea' id='block_1_80' title="bbox 1982 3587 3350 3658">
    <p class='ocr_par' dir='ltr' id='par_1_80' title="bbox 1982 3587 3350 3658">
     <span class='ocr_line' id='line_1_80' title="bbox 1982 3587 3350 3658; baseline 0.007 -16"><span class='ocrx_word' id='word_1_475' title='bbox 1982 3587 2347 3643; x_wconf 89' lang='lat' dir='ltr'><strong>Comnenum</strong></span> <span class='ocrx_word' id='word_1_476' title='bbox 2381 3587 2690 3658; x_wconf 87' lang='lat' dir='ltr'><strong>Isaacium,</strong></span> <span class='ocrx_word' id='word_1_477' title='bbox 2722 3589 3013 3647; x_wconf 89' lang='lat' dir='ltr'><strong>novellum</strong></span> <span class='ocrx_word' id='word_1_478' title='bbox 3048 3593 3350 3651; x_wconf 85' lang='lat' dir='ltr'><strong>Echetum.</strong></span> 
     </span>
    </p>
   </div>
   <div class='ocr_carea' id='block_1_81' title="bbox 1983 3676 3150 3752">
    <p class='ocr_par' dir='ltr' id='par_1_81' title="bbox 1983 3676 3150 3752">
     <span class='ocr_line' id='line_1_81' title="bbox 1983 3676 3150 3752; baseline 0.006 -20"><span class='ocrx_word' id='word_1_479' title='bbox 1983 3676 2131 3733; x_wconf 88' lang='lat' dir='ltr'><strong>Tum</strong></span> <span class='ocrx_word' id='word_1_480' title='bbox 2162 3677 2489 3734; x_wconf 88' lang='lat' dir='ltr'><strong>Palestinas</strong></span> <span class='ocrx_word' id='word_1_481' title='bbox 2521 3679 2804 3750; x_wconf 83' lang='lat' dir='ltr'><strong>navigans</strong></span> <span class='ocrx_word' id='word_1_482' title='bbox 2837 3681 2910 3738; x_wconf 87' lang='lat' dir='ltr'><strong>ad</strong></span> <span class='ocrx_word' id='word_1_483' title='bbox 2944 3686 3150 3752; x_wconf 83' lang='lat' dir='ltr'><strong>terras,</strong></span> 
     </span>
    </p>
   </div>
   <div class='ocr_carea' id='block_1_82' title="bbox 1986 3766 3195 3844">
    <p class='ocr_par' dir='ltr' id='par_1_82' title="bbox 1986 3766 3195 3844">
     <span class='ocr_line' id='line_1_82' title="bbox 1986 3766 3195 3844; baseline 0.007 -24"><span class='ocrx_word' id='word_1_484' title='bbox 1986 3766 2325 3837; x_wconf 68' lang='lat' dir='ltr'><strong>praesidium</strong></span> <span class='ocrx_word' id='word_1_485' title='bbox 2357 3784 2533 3824; x_wconf 91' lang='lat' dir='ltr'><strong>suum</strong></span> <span class='ocrx_word' id='word_1_486' title='bbox 2565 3767 2624 3823; x_wconf 89' lang='lat' dir='ltr'><strong>in</strong></span> <span class='ocrx_word' id='word_1_487' title='bbox 2656 3769 2841 3842; x_wconf 88' lang='lat' dir='ltr'><strong>Cypro</strong></span> <span class='ocrx_word' id='word_1_488' title='bbox 2873 3769 3195 3844; x_wconf 88' lang='lat' dir='ltr'><strong>reliquerat</strong></span> 
     </span>
    </p>
   </div>
   <div class='ocr_carea' id='block_1_83' title="bbox 1986 3856 3289 3934">
    <p class='ocr_par' dir='ltr' id='par_1_83' title="bbox 1986 3856 3289 3934">
     <span class='ocr_line' id='line_1_83' title="bbox 1986 3856 3289 3934; baseline 0.007 -24"><span class='ocrx_word' id='word_1_489' title='bbox 1986 3856 2491 3924; x_wconf 87' lang='lat' dir='ltr'><strong>Germanicorum,</strong></span> <span class='ocrx_word' id='word_1_490' title='bbox 2518 3858 2787 3930; x_wconf 91' lang='lat' dir='ltr'><strong>inquam,</strong></span> <span class='ocrx_word' id='word_1_491' title='bbox 2819 3875 2919 3917; x_wconf 86' lang='lat' dir='ltr'><strong>rex</strong></span> <span class='ocrx_word' id='word_1_492' title='bbox 2951 3860 3289 3934; x_wconf 78' lang='lat' dir='ltr'><strong>Anglorum,</strong></span> 
     </span>
    </p>
   </div>
   <div class='ocr_carea' id='block_1_84' title="bbox 1990 3946 3201 4021">
    <p class='ocr_par' dir='ltr' id='par_1_84' title="bbox 1990 3946 3201 4021">
     <span class='ocr_line' id='line_1_84' title="bbox 1990 3946 3201 4021; baseline 0.006 -21"><span class='ocrx_word' id='word_1_493' title='bbox 1990 3946 2235 4019; x_wconf 79' lang='lat' dir='ltr'><strong>ejusque</strong></span> <span class='ocrx_word' id='word_1_494' title='bbox 2266 3946 2575 4003; x_wconf 91' lang='lat' dir='ltr'><strong>dominum</strong></span> <span class='ocrx_word' id='word_1_495' title='bbox 2608 3965 2671 4005; x_wconf 89' lang='lat' dir='ltr'><strong>se</strong></span> <span class='ocrx_word' id='word_1_496' title='bbox 2700 3950 2941 4021; x_wconf 88' lang='lat' dir='ltr'><strong>gerebat</strong></span> <span class='ocrx_word' id='word_1_497' title='bbox 2972 3950 3201 4018; x_wconf 67' lang='lat' dir='ltr'><strong>insulae,</strong></span> 
     </span>
    </p>
   </div>
   <div class='ocr_carea' id='block_1_85' title="bbox 1991 4037 3259 4099">
    <p class='ocr_par' dir='ltr' id='par_1_85' title="bbox 1991 4037 3259 4099">
     <span class='ocr_line' id='line_1_85' title="bbox 1991 4037 3259 4099; baseline 0.005 -6"><span class='ocrx_word' id='word_1_498' title='bbox 1991 4041 2050 4093; x_wconf 90' lang='lat' dir='ltr'><strong>et</strong></span> <span class='ocrx_word' id='word_1_499' title='bbox 2079 4040 2472 4094; x_wconf 88' lang='lat' dir='ltr'><strong>commeatum</strong></span> <span class='ocrx_word' id='word_1_500' title='bbox 2505 4037 2677 4095; x_wconf 89' lang='lat' dir='ltr'><strong>militi</strong></span> <span class='ocrx_word' id='word_1_501' title='bbox 2708 4038 2845 4096; x_wconf 85' lang='lat' dir='ltr'><strong>hinc</strong></span> <span class='ocrx_word' id='word_1_502' title='bbox 2877 4040 3259 4099; x_wconf 88' lang='lat' dir='ltr'><strong>subvehebat.</strong></span> 
     </span>
    </p>
   </div>
   <div class='ocr_carea' id='block_1_86' title="bbox 1992 4128 3193 4203">
    <p class='ocr_par' dir='ltr' id='par_1_86' title="bbox 1992 4128 3193 4203">
     <span class='ocr_line' id='line_1_86' title="bbox 1992 4128 3193 4203; baseline 0.007 -22"><span class='ocrx_word' id='word_1_503' title='bbox 1992 4128 2209 4184; x_wconf 90' lang='lat' dir='ltr'><strong>Verum</strong></span> <span class='ocrx_word' id='word_1_504' title='bbox 2242 4128 2301 4184; x_wconf 89' lang='lat' dir='ltr'><strong>in</strong></span> <span class='ocrx_word' id='word_1_505' title='bbox 2333 4128 2581 4201; x_wconf 87' lang='lat' dir='ltr'><strong>patriam</strong></span> <span class='ocrx_word' id='word_1_506' title='bbox 2613 4146 2957 4187; x_wconf 89' lang='lat' dir='ltr'><strong>reversurus</strong></span> <span class='ocrx_word' id='word_1_507' title='bbox 2989 4136 3193 4203; x_wconf 88' lang='lat' dir='ltr'><strong>postea</strong></span> 
     </span>
    </p>
   </div>
   <div class='ocr_carea' id='block_1_87' title="bbox 1994 4218 3037 4293">
    <p class='ocr_par' dir='ltr' id='par_1_87' title="bbox 1994 4218 3037 4293">
     <span class='ocr_line' id='line_1_87' title="bbox 1994 4218 3037 4293; baseline 0.003 -21"><span class='ocrx_word' id='word_1_508' title='bbox 1994 4219 2249 4289; x_wconf 86' lang='lat' dir='ltr'><strong>Cyprum</strong></span> <span class='ocrx_word' id='word_1_509' title='bbox 2283 4218 2521 4274; x_wconf 87' lang='lat' dir='ltr'><strong>donavit</strong></span> <span class='ocrx_word' id='word_1_510' title='bbox 2550 4219 2859 4275; x_wconf 62' lang='lat' dir='ltr'><strong>Palaestino</strong></span> <span class='ocrx_word' id='word_1_511' title='bbox 2892 4219 3037 4293; x_wconf 87' lang='lat' dir='ltr'><strong>regi,</strong></span> 
     </span>
    </p>
   </div>
   <div class='ocr_carea' id='block_1_88' title="bbox 1998 4305 3186 4381">
    <p class='ocr_par' dir='ltr' id='par_1_88' title="bbox 1998 4305 3186 4381">
     <span class='ocr_line' id='line_1_88' title="bbox 1998 4305 3186 4381; baseline 0.004 -20"><span class='ocrx_word' id='word_1_512' title='bbox 1998 4312 2063 4362; x_wconf 91' lang='lat' dir='ltr'><strong>ut</strong></span> <span class='ocrx_word' id='word_1_513' title='bbox 2090 4305 2210 4363; x_wconf 91' lang='lat' dir='ltr'><strong>illic</strong></span> <span class='ocrx_word' id='word_1_514' title='bbox 2242 4307 2404 4379; x_wconf 89' lang='lat' dir='ltr'><strong>pacis</strong></span> <span class='ocrx_word' id='word_1_515' title='bbox 2430 4311 2693 4381; x_wconf 88' lang='lat' dir='ltr'><strong>tempore</strong></span> <span class='ocrx_word' id='word_1_516' title='bbox 2721 4309 2901 4365; x_wconf 90' lang='lat' dir='ltr'><strong>vitam</strong></span> <span class='ocrx_word' id='word_1_517' title='bbox 2937 4314 3186 4381; x_wconf 89' lang='lat' dir='ltr'><strong>gereret,</strong></span> 
     </span>
    </p>
   </div>
   <div class='ocr_carea' id='block_1_89' title="bbox 2000 4396 3185 4472">
    <p class='ocr_par' dir='ltr' id='par_1_89' title="bbox 2000 4396 3185 4472">
     <span class='ocr_line' id='line_1_89' title="bbox 2000 4396 3185 4472; baseline 0.003 -20"><span class='ocrx_word' id='word_1_518' title='bbox 2000 4397 2155 4467; x_wconf 91' lang='lat' dir='ltr'><strong>quod</strong></span> <span class='ocrx_word' id='word_1_519' title='bbox 2188 4396 2301 4470; x_wconf 91' lang='lat' dir='ltr'><strong>ipsi</strong></span> <span class='ocrx_word' id='word_1_520' title='bbox 2332 4413 2579 4471; x_wconf 88' lang='lat' dir='ltr'><strong>regnum</strong></span> <span class='ocrx_word' id='word_1_521' title='bbox 2607 4398 2815 4455; x_wconf 87' lang='lat' dir='ltr'><strong>tribuit</strong></span> <span class='ocrx_word' id='word_1_522' title='bbox 2845 4399 3054 4455; x_wconf 74' lang='lat' dir='ltr'><strong>affectu</strong></span> <span class='ocrx_word' id='word_1_523' title='bbox 3090 4401 3185 4472; x_wconf 94' lang='lat' dir='ltr'><strong>pio</strong></span> 
     </span>
    </p>
   </div>
   <div class='ocr_carea' id='block_1_90' title="bbox 2000 4485 3221 4561">
    <p class='ocr_par' dir='ltr' id='par_1_90' title="bbox 2000 4485 3221 4561">
     <span class='ocr_line' id='line_1_90' title="bbox 2000 4485 3221 4561; baseline 0.004 -21"><span class='ocrx_word' id='word_1_524' title='bbox 2000 4488 2239 4558; x_wconf 91' lang='lat' dir='ltr'><strong>propter</strong></span> <span class='ocrx_word' id='word_1_525' title='bbox 2266 4485 2563 4542; x_wconf 80' lang='lat' dir='ltr'><strong>viviﬁcum</strong></span> <span class='ocrx_word' id='word_1_526' title='bbox 2592 4487 2822 4543; x_wconf 89' lang='lat' dir='ltr'><strong>Domini</strong></span> <span class='ocrx_word' id='word_1_527' title='bbox 2857 4487 3221 4561; x_wconf 91' lang='lat' dir='ltr'><strong>sepulcrum,</strong></span> 
     </span>
    </p>
   </div>
   <div class='ocr_carea' id='block_1_91' title="bbox 1929 4576 3060 4660">
    <p class='ocr_par' dir='ltr' id='par_1_91' title="bbox 1929 4576 3060 4660">
     <span class='ocr_line' id='line_1_91' title="bbox 1929 4576 3060 4660; baseline 0.004 -29"><span class='ocrx_word' id='word_1_528' title='bbox 1929 4595 1972 4660; x_wconf 71' lang='grc' dir='ltr'><strong>ί)</strong></span> <span class='ocrx_word' id='word_1_529' title='bbox 2005 4576 2144 4649; x_wconf 89' lang='lat' dir='ltr'><strong>quia</strong></span> <span class='ocrx_word' id='word_1_530' title='bbox 2176 4593 2353 4649; x_wconf 91' lang='lat' dir='ltr'><strong>prope</strong></span> <span class='ocrx_word' id='word_1_531' title='bbox 2383 4576 2704 4634; x_wconf 66' lang='lat' dir='ltr'><strong>Palaestinae</strong></span> <span class='ocrx_word' id='word_1_532' title='bbox 2734 4578 2882 4634; x_wconf 85' lang='lat' dir='ltr'><strong>ﬁnes</strong></span> <span class='ocrx_word' id='word_1_533' title='bbox 2913 4583 3060 4636; x_wconf 85' lang='lat' dir='ltr'><strong>erat.</strong></span> 
     </span>
    </p>
   </div>
   <div class='ocr_carea' id='block_1_92' title="bbox 2008 4666 3193 4741">
    <p class='ocr_par' dir='ltr' id='par_1_92' title="bbox 2008 4666 3193 4741">
     <span class='ocr_line' id='line_1_92' title="bbox 2008 4666 3193 4741; baseline 0.003 -19"><span class='ocrx_word' id='word_1_534' title='bbox 2008 4666 2248 4722; x_wconf 89' lang='lat' dir='ltr'><strong>Interim</strong></span> <span class='ocrx_word' id='word_1_535' title='bbox 2279 4666 2600 4739; x_wconf 88' lang='lat' dir='ltr'><strong>imperator</strong></span> <span class='ocrx_word' id='word_1_536' title='bbox 2630 4684 2735 4723; x_wconf 88' lang='lat' dir='ltr'><strong>sus</strong></span> <span class='ocrx_word' id='word_1_537' title='bbox 2760 4668 2951 4740; x_wconf 89' lang='lat' dir='ltr'><strong>deque</strong></span> <span class='ocrx_word' id='word_1_538' title='bbox 2981 4669 3193 4741; x_wconf 89' lang='lat' dir='ltr'><strong>agebat</strong></span> 
     </span>
    </p>
   </div>
   <div class='ocr_carea' id='block_1_93' title="bbox 2007 4756 3355 4833">
    <p class='ocr_par' dir='ltr' id='par_1_93' title="bbox 2007 4756 3355 4833">
     <span class='ocr_line' id='line_1_93' title="bbox 2007 4756 3355 4833; baseline 0.003 -21"><span class='ocrx_word' id='word_1_539' title='bbox 2007 4762 2216 4813; x_wconf 90' lang='lat' dir='ltr'><strong>cuncta</strong></span> <span class='ocrx_word' id='word_1_540' title='bbox 2248 4756 2507 4812; x_wconf 88' lang='lat' dir='ltr'><strong>humana</strong></span> <span class='ocrx_word' id='word_1_541' title='bbox 2537 4761 2594 4813; x_wconf 89' lang='lat' dir='ltr'><strong>et</strong></span> <span class='ocrx_word' id='word_1_542' title='bbox 2625 4756 2822 4813; x_wconf 89' lang='lat' dir='ltr'><strong>divina</strong></span> <span class='ocrx_word' id='word_1_543' title='bbox 2852 4758 3069 4829; x_wconf 78' lang='lat' dir='ltr'><strong>ferens,</strong></span> <span class='ocrx_word' id='word_1_544' title='bbox 3102 4760 3355 4833; x_wconf 83' lang='lat' dir='ltr'><strong>rapiens,</strong></span> 
     </span>
    </p>
   </div>
   <div class='ocr_carea' id='block_1_94' title="bbox 2007 4846 3501 4921">
    <p class='ocr_par' dir='ltr' id='par_1_94' title="bbox 2007 4846 3501 4921">
     <span class='ocr_line' id='line_1_94' title="bbox 2007 4846 3501 4921; baseline 0.003 -18"><span class='ocrx_word' id='word_1_545' title='bbox 2007 4849 2401 4915; x_wconf 88' lang='lat' dir='ltr'><strong>commutans,</strong></span> <span class='ocrx_word' id='word_1_546' title='bbox 2434 4849 2499 4902; x_wconf 86' lang='lat' dir='ltr'><strong>ut</strong></span> <span class='ocrx_word' id='word_1_547' title='bbox 2530 4846 2595 4903; x_wconf 80' lang='lat' dir='ltr'><strong>Iit</strong></span> <span class='ocrx_word' id='word_1_548' title='bbox 2622 4847 2683 4901; x_wconf 86' lang='lat' dir='ltr'><strong>in</strong></span> <span class='ocrx_word' id='word_1_549' title='bbox 2717 4847 2929 4917; x_wconf 89' lang='lat' dir='ltr'><strong>scenis,</strong></span> <span class='ocrx_word' id='word_1_550' title='bbox 2963 4865 3067 4921; x_wconf 93' lang='lat' dir='ltr'><strong>pro</strong></span> <span class='ocrx_word' id='word_1_551' title='bbox 3099 4866 3206 4907; x_wconf 89' lang='lat' dir='ltr'><strong>suo</strong></span> <span class='ocrx_word' id='word_1_552' title='bbox 3240 4850 3501 4921; x_wconf 85' lang='lat' dir='ltr'><strong>arbitrio,</strong></span> 
     </span>
    </p>
   </div>
   <div class='ocr_carea' id='block_1_95' title="bbox 2008 4933 3096 5007">
    <p class='ocr_par' dir='ltr' id='par_1_95' title="bbox 2008 4933 3096 5007">
     <span class='ocr_line' id='line_1_95' title="bbox 2008 4933 3096 5007; baseline 0.003 -18"><span class='ocrx_word' id='word_1_553' title='bbox 2008 4951 2245 4991; x_wconf 90' lang='lat' dir='ltr'><strong>summa</strong></span> <span class='ocrx_word' id='word_1_554' title='bbox 2273 4933 2545 4990; x_wconf 90' lang='lat' dir='ltr'><strong>videlicet</strong></span> <span class='ocrx_word' id='word_1_555' title='bbox 2578 4934 2759 4992; x_wconf 78' lang='lat' dir='ltr'><strong>fretus</strong></span> <span class='ocrx_word' id='word_1_556' title='bbox 2790 4938 3096 5007; x_wconf 90' lang='lat' dir='ltr'><strong>potestate.</strong></span> 
     </span>
    </p>
   </div>
   <div class='ocr_carea' id='block_1_96' title="bbox 2009 5023 2969 5096">
    <p class='ocr_par' dir='ltr' id='par_1_96' title="bbox 2009 5023 2969 5096">
     <span class='ocr_line' id='line_1_96' title="bbox 2009 5023 2969 5096; baseline 0.001 -15"><span class='ocrx_word' id='word_1_557' title='bbox 2009 5024 2156 5081; x_wconf 90' lang='lat' dir='ltr'><strong>Sede</strong></span> <span class='ocrx_word' id='word_1_558' title='bbox 2184 5023 2396 5096; x_wconf 85' lang='lat' dir='ltr'><strong>dejecit</strong></span> <span class='ocrx_word' id='word_1_559' title='bbox 2422 5024 2646 5096; x_wconf 86' lang='lat' dir='ltr'><strong>injusta</strong></span> <span class='ocrx_word' id='word_1_560' title='bbox 2676 5024 2969 5082; x_wconf 87' lang='lat' dir='ltr'><strong>sententia</strong></span> 
     </span>
    </p>
   </div>
   <div class='ocr_carea' id='block_1_97' title="bbox 2010 5115 3177 5189">
    <p class='ocr_par' dir='ltr' id='par_1_97' title="bbox 2010 5115 3177 5189">
     <span class='ocr_line' id='line_1_97' title="bbox 2010 5115 3177 5189; baseline 0.001 -19"><span class='ocrx_word' id='word_1_561' title='bbox 2010 5115 2383 5171; x_wconf 86' lang='lat' dir='ltr'><strong>Camaterum</strong></span> <span class='ocrx_word' id='word_1_562' title='bbox 2415 5115 2699 5172; x_wconf 86' lang='lat' dir='ltr'><strong>Basilium</strong></span> <span class='ocrx_word' id='word_1_563' title='bbox 2731 5116 3127 5189; x_wconf 87' lang='lat' dir='ltr'><strong>patriarchnm</strong></span> <span class='ocrx_word' id='word_1_564' title='bbox 3164 5134 3177 5171; x_wconf 88' lang='lat'><strong>:</strong></span> 
     </span>
    </p>
   </div>
   <div class='ocr_carea' id='block_1_98' title="bbox 2014 5203 3105 5278">
    <p class='ocr_par' dir='ltr' id='par_1_98' title="bbox 2014 5203 3105 5278">
     <span class='ocr_line' id='line_1_98' title="bbox 2014 5203 3105 5278; baseline 0.004 -19"><span class='ocrx_word' id='word_1_565' title='bbox 2014 5204 2438 5278; x_wconf 86' lang='lat' dir='ltr'><strong>substituitque</strong></span> <span class='ocrx_word' id='word_1_566' title='bbox 2471 5203 2731 5263; x_wconf 87' lang='lat' dir='ltr'><strong>Nicetam</strong></span> <span class='ocrx_word' id='word_1_567' title='bbox 2759 5209 3105 5263; x_wconf 82' lang='lat' dir='ltr'><strong>Montanum</strong></span> 
     </span>
    </p>
   </div>
   <div class='ocr_carea' id='block_1_99' title="bbox 2014 5294 3372 5368">
    <p class='ocr_par' dir='ltr' id='par_1_99' title="bbox 2014 5294 3372 5368">
     <span class='ocr_line' id='line_1_99' title="bbox 2014 5294 3372 5368; baseline 0.004 -19"><span class='ocrx_word' id='word_1_568' title='bbox 2014 5294 2097 5351; x_wconf 82' lang='lat' dir='ltr'><strong>vel</strong></span> <span class='ocrx_word' id='word_1_569' title='bbox 2132 5294 2323 5368; x_wconf 88' lang='lat' dir='ltr'><strong>potius</strong></span> <span class='ocrx_word' id='word_1_570' title='bbox 2355 5296 2778 5368; x_wconf 87' lang='lat' dir='ltr'><strong>depontanum,</strong></span> <span class='ocrx_word' id='word_1_571' title='bbox 2813 5298 3141 5354; x_wconf 80' lang='lat' dir='ltr'><strong>confectum</strong></span> <span class='ocrx_word' id='word_1_572' title='bbox 3174 5297 3372 5368; x_wconf 85' lang='lat' dir='ltr'><strong>senio;</strong></span> 
     </span>
    </p>
   </div>
   <div class='ocr_carea' id='block_1_100' title="bbox 423 4631 1627 4710">
    <p class='ocr_par' dir='ltr' id='par_1_100' title="bbox 423 4631 1627 4710">
     <span class='ocr_line' id='line_1_100' title="bbox 423 4631 1627 4710; baseline -0.002 -21"><span class='ocrx_word' id='word_1_573' title='bbox 423 4642 630 4710; x_wconf 81' lang='grc' dir='ltr'>”Λγων.</span> <span class='ocrx_word' id='word_1_574' title='bbox 668 4636 941 4709; x_wconf 86' lang='grc' dir='ltr'>μετάγων,</span> <span class='ocrx_word' id='word_1_575' title='bbox 974 4632 1245 4708; x_wconf 71' lang='grc' dir='ltr'>συγχέων,</span> <span class='ocrx_word' id='word_1_576' title='bbox 1281 4631 1627 4707; x_wconf 75' lang='grc' dir='ltr'>μετατρὲπων</span> 
     </span>
    </p>
   </div>
   <div class='ocr_carea' id='block_1_101' title="bbox 424 4722 1573 4798">
    <p class='ocr_par' dir='ltr' id='par_1_101' title="bbox 424 4722 1573 4798">
     <span class='ocr_line' id='line_1_101' title="bbox 424 4722 1573 4798; baseline -0.004 -17"><span class='ocrx_word' id='word_1_577' title='bbox 424 4725 773 4798; x_wconf 83' lang='grc' dir='ltr'>Ἀνθρώπινα</span> <span class='ocrx_word' id='word_1_578' title='bbox 802 4724 921 4779; x_wconf 81' lang='grc' dir='ltr'>θεῖά</span> <span class='ocrx_word' id='word_1_579' title='bbox 948 4743 1007 4778; x_wconf 81' lang='grc' dir='ltr'><strong>τε</strong></span> <span class='ocrx_word' id='word_1_580' title='bbox 1035 4722 1328 4797; x_wconf 85' lang='grc' dir='ltr'>πράγματα</span> <span class='ocrx_word' id='word_1_581' title='bbox 1356 4723 1573 4798; x_wconf 85' lang='grc' dir='ltr'>κράτωρ</span> 
     </span>
    </p>
   </div>
   <div class='ocr_carea' id='block_1_102' title="bbox 426 4808 1644 4887">
    <p class='ocr_par' dir='ltr' id='par_1_102' title="bbox 426 4808 1644 4887">
     <span class='ocr_line' id='line_1_102' title="bbox 426 4808 1644 4887; baseline -0.002 -20"><span class='ocrx_word' id='word_1_582' title='bbox 426 4813 525 4868; x_wconf 77' lang='grc' dir='ltr'><strong>Καὶ</strong></span> <span class='ocrx_word' id='word_1_583' title='bbox 557 4810 1014 4887; x_wconf 81' lang='grc' dir='ltr'>δραματουργῶν,</span> <span class='ocrx_word' id='word_1_584' title='bbox 1039 4811 1113 4873; x_wconf 84' lang='grc' dir='ltr'>ὡς</span> <span class='ocrx_word' id='word_1_585' title='bbox 1142 4808 1365 4866; x_wconf 79' lang='grc' dir='ltr'>δὲδοκτό</span> <span class='ocrx_word' id='word_1_586' title='bbox 1391 4811 1443 4865; x_wconf 80' lang='grc' dir='ltr'>οἱ</span> <span class='ocrx_word' id='word_1_587' title='bbox 1474 4812 1644 4884; x_wconf 84' lang='grc' dir='ltr'>μόνῳ,</span> 
     </span>
    </p>
   </div>
   <div class='ocr_carea' id='block_1_103' title="bbox 243 4897 1459 4978">
    <p class='ocr_par' dir='ltr' id='par_1_103' title="bbox 243 4897 1459 4978">
     <span class='ocr_line' id='line_1_103' title="bbox 243 4897 1459 4978; baseline -0.006 -17"><span class='ocrx_word' id='word_1_588' title='bbox 243 4905 392 4961; x_wconf 83' lang='grc'>6000</span> <span class='ocrx_word' id='word_1_589' title='bbox 428 4899 816 4978; x_wconf 77' lang='grc' dir='ltr'>Εύθὺςέρείσας</span> <span class='ocrx_word' id='word_1_590' title='bbox 834 4902 925 4955; x_wconf 88' lang='grc' dir='ltr'>τὸν</span> <span class='ocrx_word' id='word_1_591' title='bbox 957 4897 1102 4956; x_wconf 86' lang='grc' dir='ltr'>πόδα</span> <span class='ocrx_word' id='word_1_592' title='bbox 1129 4900 1459 4975; x_wconf 79' lang='grc' dir='ltr'>κραταρχίᾳ,</span> 
     </span>
    </p>
   </div>
   <div class='ocr_carea' id='block_1_104' title="bbox 428 4987 1578 5067">
    <p class='ocr_par' dir='ltr' id='par_1_104' title="bbox 428 4987 1578 5067">
     <span class='ocr_line' id='line_1_104' title="bbox 428 4987 1578 5067; baseline -0.003 -20"><span class='ocrx_word' id='word_1_593' title='bbox 428 4992 535 5048; x_wconf 83' lang='grc' dir='ltr'><strong>Τὸν</strong></span> <span class='ocrx_word' id='word_1_594' title='bbox 576 4990 926 5067; x_wconf 87' lang='grc' dir='ltr'>πατριάρχην</span> <span class='ocrx_word' id='word_1_595' title='bbox 947 4993 1043 5045; x_wconf 79' lang='grc' dir='ltr'><strong>τοῦ</strong></span> <span class='ocrx_word' id='word_1_596' title='bbox 1073 4991 1266 5061; x_wconf 83' lang='grc' dir='ltr'>θρόνου</span> <span class='ocrx_word' id='word_1_597' title='bbox 1286 4987 1578 5065; x_wconf 83' lang='grc' dir='ltr'>παραλύει,</span> 
     </span>
    </p>
   </div>
   <div class='ocr_carea' id='block_1_105' title="bbox 425 5077 1470 5157">
    <p class='ocr_par' dir='ltr' id='par_1_105' title="bbox 425 5077 1470 5157">
     <span class='ocr_line' id='line_1_105' title="bbox 425 5077 1470 5157; baseline -0.007 -17"><span class='ocrx_word' id='word_1_598' title='bbox 425 5083 535 5140; x_wconf 87' lang='grc' dir='ltr'><strong>Τὸν</strong></span> <span class='ocrx_word' id='word_1_599' title='bbox 562 5082 898 5157; x_wconf 85' lang='grc' dir='ltr'>Καματηρὸν</span> <span class='ocrx_word' id='word_1_600' title='bbox 929 5079 1217 5137; x_wconf 84' lang='grc' dir='ltr'>Βασίλειον</span> <span class='ocrx_word' id='word_1_601' title='bbox 1248 5077 1470 5141; x_wconf 80' lang='grc' dir='ltr'>ἀδίκως·</span> 
     </span>
    </p>
   </div>
   <div class='ocr_carea' id='block_1_106' title="bbox 424 5167 1602 5244">
    <p class='ocr_par' dir='ltr' id='par_1_106' title="bbox 424 5167 1602 5244">
     <span class='ocr_line' id='line_1_106' title="bbox 424 5167 1602 5244; baseline -0.005 -15"><span class='ocrx_word' id='word_1_602' title='bbox 424 5173 531 5229; x_wconf 83' lang='grc' dir='ltr'><strong>Τὸν</strong></span> <span class='ocrx_word' id='word_1_603' title='bbox 562 5172 888 5241; x_wconf 82' lang='grc' dir='ltr'>Μουντάνην</span> <span class='ocrx_word' id='word_1_604' title='bbox 921 5167 978 5226; x_wconf 72' lang='grc' dir='ltr'>δὲ</span> <span class='ocrx_word' id='word_1_605' title='bbox 1008 5171 1248 5240; x_wconf 74' lang='grc' dir='ltr'>Νικήταν</span> <span class='ocrx_word' id='word_1_606' title='bbox 1281 5167 1602 5244; x_wconf 84' lang='grc' dir='ltr'>ἀντεισάγει,</span> 
     </span>
    </p>
   </div>
   <div class='ocr_carea' id='block_1_107' title="bbox 426 5257 1625 5336">
    <p class='ocr_par' dir='ltr' id='par_1_107' title="bbox 426 5257 1625 5336">
     <span class='ocr_line' id='line_1_107' title="bbox 426 5257 1625 5336; baseline -0.006 -17"><span class='ocrx_word' id='word_1_607' title='bbox 426 5258 822 5335; x_wconf 77' lang='grc' dir='ltr'>Τριπὲμπελόν</span> <span class='ocrx_word' id='word_1_608' title='bbox 851 5280 910 5315; x_wconf 78' lang='grc' dir='ltr'><strong>τε</strong></span> <span class='ocrx_word' id='word_1_609' title='bbox 939 5261 1025 5315; x_wconf 85' lang='grc' dir='ltr'><strong>καὶ</strong></span> <span class='ocrx_word' id='word_1_610' title='bbox 1062 5260 1253 5336; x_wconf 75' lang='grc' dir='ltr'>’χρόνῳ</span> <span class='ocrx_word' id='word_1_611' title='bbox 1274 5257 1625 5334; x_wconf 70' lang='grc' dir='ltr'>παρειμένον·</span> 
     </span>
    </p>
   </div>
   <div class='ocr_carea' id='block_1_108' title="bbox 322 5517 3669 5596">
    <p class='ocr_par' dir='ltr' id='par_1_108' title="bbox 322 5517 3669 5596">
     <span class='ocr_line' id='line_1_108' title="bbox 322 5517 3669 5596; baseline 0 -18"><span class='ocrx_word' id='word_1_612' title='bbox 322 5524 433 5595; x_wconf 86' lang='grc'><strong>(67)</strong></span> <span class='ocrx_word' id='word_1_613' title='bbox 466 5522 554 5596; x_wconf 82' lang='lat' dir='ltr'><strong>Ita</strong></span> <span class='ocrx_word' id='word_1_614' title='bbox 585 5521 786 5578; x_wconf 83' lang='lat' dir='ltr'><strong>codex.</strong></span> <span class='ocrx_word' id='word_1_615' title='bbox 820 5522 889 5596; x_wconf 74' lang='lat' dir='ltr'><strong>Et</strong></span> <span class='ocrx_word' id='word_1_616' title='bbox 919 5521 1157 5596; x_wconf 82' lang='lat' dir='ltr'><strong>quidem</strong></span> <span class='ocrx_word' id='word_1_617' title='bbox 1210 5519 1365 5596; x_wconf 74' lang='lat' dir='ltr'><strong>infra</strong></span> <span class='ocrx_word' id='word_1_618' title='bbox 1414 5519 1908 5596; x_wconf 59' lang='lat' dir='ltr'><strong>Ephrmmiusde-</strong></span> <span class='ocrx_word' id='word_1_619' title='bbox 2086 5521 2368 5596; x_wconf 72' lang='lat' dir='ltr'><strong>(68)_Cod.</strong></span> <span class='ocrx_word' id='word_1_620' title='bbox 2405 5517 3025 5596; x_wconf 51' lang='grc' dir='ltr'><strong>’Δλξξιοῃῐηειῐιὶἴθεῐρ</strong></span> <span class='ocrx_word' id='word_1_621' title='bbox 3050 5537 3265 5596; x_wconf 84' lang='lat' dir='ltr'><strong>errore,</strong></span> <span class='ocrx_word' id='word_1_622' title='bbox 3301 5539 3476 5596; x_wconf 90' lang='lat' dir='ltr'><strong>quem</strong></span> <span class='ocrx_word' id='word_1_623' title='bbox 3510 5540 3669 5579; x_wconf 89' lang='lat' dir='ltr'><strong>coar-</strong></span> 
     </span>
    </p>
   </div>
   <div class='ocr_carea' id='block_1_109' title="bbox 252 5590 3667 5665">
    <p class='ocr_par' dir='ltr' id='par_1_109' title="bbox 252 5590 3667 5665">
     <span class='ocr_line' id='line_1_109' title="bbox 252 5590 3667 5665; baseline 0 -14"><span class='ocrx_word' id='word_1_624' title='bbox 252 5590 435 5652; x_wconf 81' lang='lat' dir='ltr'><strong>clarat</strong></span> <span class='ocrx_word' id='word_1_625' title='bbox 464 5594 791 5650; x_wconf 90' lang='lat' dir='ltr'><strong>Germanos</strong></span> <span class='ocrx_word' id='word_1_626' title='bbox 842 5590 957 5665; x_wconf 69' lang='lat' dir='ltr'><strong>hoc</strong></span> <span class='ocrx_word' id='word_1_627' title='bbox 1002 5593 1126 5665; x_wconf 88' lang='lat' dir='ltr'><strong>loco</strong></span> <span class='ocrx_word' id='word_1_628' title='bbox 1175 5606 1237 5665; x_wconf 85' lang='lat' dir='ltr'><strong>se</strong></span> <span class='ocrx_word' id='word_1_629' title='bbox 1288 5590 1617 5665; x_wconf 76' lang='lat' dir='ltr'><strong>intelligere</strong></span> <span class='ocrx_word' id='word_1_630' title='bbox 1665 5592 1907 5665; x_wconf 81' lang='lat' dir='ltr'><strong>Anglos,</strong></span> <span class='ocrx_word' id='word_1_631' title='bbox 2018 5590 2146 5663; x_wconf 21' lang='lat' dir='ltr'><strong>gu‘it</strong></span> <span class='ocrx_word' id='word_1_632' title='bbox 2184 5590 2460 5665; x_wconf 34' lang='lat' dir='ltr'><strong>:Nicetas,</strong></span> <span class='ocrx_word' id='word_1_633' title='bbox 2517 5594 2636 5649; x_wconf 91' lang='lat' dir='ltr'><strong>imo</strong></span> <span class='ocrx_word' id='word_1_634' title='bbox 2685 5594 2935 5663; x_wconf 84' lang='lat' dir='ltr'><strong>ipsemet</strong></span> <span class='ocrx_word' id='word_1_635' title='bbox 2982 5590 3382 5665; x_wconf 71' lang='lat' dir='ltr'><strong>Ephrazmius,</strong></span> <span class='ocrx_word' id='word_1_636' title='bbox 3445 5596 3546 5665; x_wconf 89' lang='lat' dir='ltr'><strong>qui</strong></span> <span class='ocrx_word' id='word_1_637' title='bbox 3596 5596 3667 5651; x_wconf 89' lang='lat' dir='ltr'><strong>de</strong></span> 
     </span>
    </p>
   </div>
   <div class='ocr_carea' id='block_1_110' title="bbox 252 5662 3668 5792">
    <p class='ocr_par' dir='ltr' id='par_1_110' title="bbox 252 5662 3668 5792">
     <span class='ocr_line' id='line_1_110' title="bbox 252 5662 3668 5792; baseline 0 -69"><span class='ocrx_word' id='word_1_638' title='bbox 252 5668 349 5739; x_wconf 90' lang='lat' dir='ltr'><strong>qui</strong></span> <span class='ocrx_word' id='word_1_639' title='bbox 380 5667 522 5723; x_wconf 93' lang='lat' dir='ltr'><strong>olim</strong></span> <span class='ocrx_word' id='word_1_640' title='bbox 556 5666 785 5722; x_wconf 87' lang='lat' dir='ltr'><strong>scilicet</strong></span> <span class='ocrx_word' id='word_1_641' title='bbox 835 5664 893 5720; x_wconf 89' lang='lat' dir='ltr'><strong>in</strong></span> <span class='ocrx_word' id='word_1_642' title='bbox 944 5664 1310 5720; x_wconf 79' lang='lat' dir='ltr'><strong>Britanniam</strong></span> <span class='ocrx_word' id='word_1_643' title='bbox 1344 5662 1718 5720; x_wconf 87' lang='lat' dir='ltr'><strong>eGermania</strong></span> <span class='ocrx_word' id='word_1_644' title='bbox 1745 5662 1909 5721; x_wconf 54' lang='lat' dir='ltr'><strong>com;</strong></span> <span class='ocrx_word' id='word_1_645' title='bbox 2022 5664 2240 5792; x_wconf 54' lang='lat' dir='ltr'><strong>lepacio</strong></span> <span class='ocrx_word' id='word_1_646' title='bbox 2286 5664 2455 5737; x_wconf 90' lang='lat' dir='ltr'><strong>Cypri</strong></span> <span class='ocrx_word' id='word_1_647' title='bbox 2505 5662 2750 5738; x_wconf 84' lang='lat' dir='ltr'><strong>tyranno</strong></span> <span class='ocrx_word' id='word_1_648' title='bbox 2800 5667 2856 5720; x_wconf 91' lang='lat' dir='ltr'><strong>in</strong></span> <span class='ocrx_word' id='word_1_649' title='bbox 2910 5662 3313 5738; x_wconf 83' lang='lat' dir='ltr'><strong>superioribus</strong></span> <span class='ocrx_word' id='word_1_650' title='bbox 3362 5662 3537 5724; x_wconf 88' lang='lat' dir='ltr'><strong>verba</strong></span> <span class='ocrx_word' id='word_1_651' title='bbox 3587 5668 3668 5724; x_wconf 78' lang='lat' dir='ltr'><strong>{e-</strong></span> 
     </span>
     <span class='ocr_line' id='line_1_111' title="bbox 257 5739 2118 5792; baseline -0.001 0"><span class='ocrx_word' id='word_1_652' title='bbox 257 5739 666 5792; x_wconf 71' lang='lat' dir='ltr'><strong>migraverant.</strong></span> <span class='ocrx_word' id='word_1_653' title='bbox 2021 5754 2071 5792; x_wconf 80' lang='grc' dir='ltr'><strong>οι</strong></span> <span class='ocrx_word' id='word_1_654' title='bbox 2106 5776 2118 5791; x_wconf 94' lang='grc'><strong>.</strong></span> 
     </span>
    </p>
   </div>
   <div class='ocr_carea' id='block_1_111' title="bbox 257 5739 2118 5813">
    <p class='ocr_par' dir='ltr' id='par_1_111' title="bbox 257 5739 2118 5813">
     <span class='ocr_line' id='line_1_112' title="bbox 257 5739 2118 5813; baseline -0.002 -18"><span class='ocrx_word' id='word_1_655' title='bbox 257 5739 666 5813; x_wconf 84' lang='lat' dir='ltr'><strong>migraverant.</strong></span> <span class='ocrx_word' id='word_1_656' title='bbox 2021 5739 2118 5792; x_wconf 85' lang='lat' dir='ltr'><strong>cit.</strong></span> 
     </span>
    </p>
   </div>
  </div>
