4250 6432
663 376 768 432 227
1880 367 2253 424 ΒΡΗΒΒΜΠ
2289 363 2862 423 ΟΗΒΟΝΟΟΒΔΡΗΙ

665 517 840 575 quem
870 515 1002 555 mox
1033 497 1364 569 despiciens
1395 495 1466 550 ob
1499 491 1956 565 ineptitudinem

660 587 985 663 pontificali
1014 586 1267 641 invitum
1300 585 1519 640 honore
1550 580 1729 638 exuit.

659 681 837 735 Porro
871 677 1177 734 Leontium
1209 675 1528 747 quemdam
1560 673 1620 728 in
1651 672 1788 728 sede
1819 669 2017 743 qosuit

661 767 1020 825 monachum
1052 772 1110 823 et
1139 764 1341 820 virtuti
1374 766 1687 819 navantem
1717 775 1979 832 operam,

659 875 835 930 quem
868 857 980 913 sibi
1011 857 1485 912 demonstratum
1519 871 1552 908 a
1582 856 1784 908 sancta
1811 850 2044 922 Virgine

660 952 855 1015 noctu,
890 946 1202 1002 afﬁrmavit
1230 945 1288 998 in
1323 943 1556 1016 publica
1588 940 1866 997 concione
1900 957 1914 995 :

655 1037 888 1108 sibique
921 1051 1156 1100 nomen,
1190 1034 1319 1104 ejus
1349 1034 1653 1101 virtutem,
1688 1031 1935 1085 formam

654 1127 1013 1198 descriptam
1049 1141 1178 1180 esse
1210 1123 1438 1178 ccelitus
1471 1137 1573 1177 ceu
1605 1121 1663 1175 in
1695 1117 1919 1175 tabula.

652 1216 1072 1272 Verumtamen
1106 1214 1262 1269 hunc
1293 1212 1466 1268 etiam
1498 1211 1644 1268 solio
1677 1208 1926 1282 pepulit,

653 1307 821 1378 pensi
855 1322 970 1360 non
1003 1304 1228 1359 habens
1261 1301 1548 1374 quidquid
1579 1303 1713 1355 ante
1742 1298 1987 1353 dixerat.

650 1396 937 1467 Deinceps
968 1411 1100 1450 vero
1134 1397 1428 1466 pastorem
1460 1389 1776 1446 transferre
1807 1385 2011 1442 maluit
2045 1403 2057 1440 :

652 1485 868 1557 quippe
899 1487 1112 1540 sancta:
1141 1481 1335 1537 Sionis
1368 1476 1845 1552 archiprassulem

651 1575 892 1630 nomine
921 1572 1343 1640 Theodosium,
1376 1570 1650 1626 Latinum
1683 1583 1914 1641 genere,

651 1663 765 1720 sibi
798 1662 1152 1719 familiarem
1184 1665 1362 1732 atque
1393 1657 1624 1730 imperii
1655 1660 1869 1725 vatem,

649 1755 719 1810 ad
755 1751 1097 1825 patriarcha:
1130 1765 1435 1806 summum
1465 1748 1748 1803 honorem
1778 1741 2101 1801 transtulit.

647 1844 758 1898 Sed
791 1841 936 1897 nihil
969 1840 1104 1896 buic
1137 1839 1357 1912 profuit
1389 1836 1523 1893 facti
1555 1835 1817 1901 novitas;

645 1937 894 2004 utroque
926 1932 1082 1988 enim
1114 1929 1330 1987 excidit
1361 1926 1709 1992 sacerdotio,

644 2023 838 2079 Sionis
871 2036 1080 2094 nempe
1111 2037 1178 2076 ac
1210 2019 1378 2090 regis:
1418 2017 1828 2089 metropoleos,

642 2112 944 2168 admissus
974 2109 1324 2173 inconsulte,
1356 2109 1578 2178 ejectus
1610 2104 1879 2176 turpiter.

637 2201 722 2256 Ad
755 2206 1080 2257 extremum
1113 2199 1397 2270 Georgius
1428 2194 1774 2267 Xipbiiinus

635 2291 1006 2348 Constantini
1041 2293 1243 2362 pastor
1271 2292 1361 2343 est
1393 2287 1566 2342 datus
1599 2284 1751 2339 urbi.

634 2381 842 2438 Caesari
871 2385 1018 2436 nata:
1051 2381 1285 2436 fuerant
1315 2393 1384 2433 ex
1414 2377 1623 2450 primis
1652 2373 1875 2445 nuptiis

631 2472 888 2543 virgines
922 2469 1146 2543 pulchri
1182 2472 1459 2541 aspectus
1492 2465 1620 2521 filias
1653 2465 1780 2519 due
1807 2479 1820 2530 ;

633 2577 886 2634 quarum
921 2561 1163 2633 priorerr
1191 2560 1312 2614 .rite
1345 2573 1544 2613 comas
1575 2559 1807 2611 tonsam

630 2650 822 2705 instar
853 2666 1016 2722 agna:
1049 2647 1296 2704 Domino
1327 2651 1617 2703 sacratam
1650 2642 1862 2699 obtulit
1895 2660 1907 2697 :

629 2745 1018 2812 protereaque
1047 2739 1220 2794 vertit
1251 2738 1309 2792 in
1341 2733 1766 2792 monasterium

628 2829 1175 2901 parthenonemque
1203 2826 1478 2883 maximis
1508 2823 1794 2895 impensis

627 2918 915 2993 palatium
949 2919 1173 2975 dictum
1205 2921 1378 2974 antea
1405 2913 1702 2972 Joanniw
1737 2930 1751 2968 :

626 3009 760 3079 hoc,
794 3008 1063 3080 inquam,
1094 3005 1361 3063 attribuit
1399 3008 1547 3060 natea
1579 2999 1989 3058 diversorium.

624 3098 883 3155 Alteram
915 3103 1113 3155 autem
1144 3095 1389 3153 tradidit
1419 3097 1666 3167 nuptam
1696 3091 1816 3147 filio

623 3187 779 3259 regis
808 3186 1017 3243 Sicilire
1048 3187 1285 3242 nomine
1313 3183 1620 3240 Tancredi.

620 3277 786 3349 Apud
817 3295 879 3334 se
904 3294 1040 3334 vero
1073 3276 1304 3350 imperii
1334 3274 1558 3348 paterni
1586 3272 1876 3328 heredem

619 3365 812 3422 alebat
840 3365 1108 3422 Alexium
1142 3366 1330 3425 filium
1365 3369 1509 3420 natu
1539 3361 1875 3428 minimum,

617 3456 721 3528 qui
753 3457 1002 3529 patriam
1036 3473 1206 3514 suam
1239 3455 1535 3529 oppressit
1565 3453 1858 3510 malorum
1890 3448 2149 3507 cumulo.

616 3546 732 3602 Nec
764 3546 873 3602 soli
903 3547 1126 3603 Branas
1153 3546 1615 3615 Theodorusque
1644 3543 1840 3615 Lydus

615 3637 955 3692 calcaneum
989 3636 1325 3693 extulerunt
1353 3639 1557 3692 contra
1585 3633 1898 3700 Caesarem,

611 3739 816 3780 verum
845 3729 980 3798 post
1010 3725 1144 3781 illos
1175 3724 1353 3781 etiam
1385 3723 1549 3779 Alexi
1581 3723 1718 3789 duo,

613 3815 715 3888 qui
748 3832 810 3872 se
833 3816 1147 3887 jactabant
1175 3815 1345 3871 titulo
1377 3814 1579 3870 fictitio

613 3905 685 3961 de
716 3905 987 3962 Manuele
1012 3905 1366 3978 imperatore
1395 3904 1647 3977 genitos.

608 3996 770 4053 Alter
797 4014 866 4054 ex
897 3997 992 4054 his
1023 3998 1350 4053 instructus
1381 4013 1415 4052 a
1444 3994 1680 4051 sultano

610 4086 870 4144 militum
905 4087 1273 4144 Persicorum
1305 4085 1528 4158 ingenti
1563 4099 1808 4141 numero

608 4178 868 4250 praedam
902 4178 1113 4249 agebat
1143 4193 1209 4233 ex
1247 4175 1525 4232 Romanis
1556 4173 1791 4247 oppidis
1825 4191 1839 4229 z

606 4268 702 4324 cui
736 4273 908 4325 noctu
943 4267 1245 4341 consopito
1277 4283 1455 4339 prope
1483 4264 1762 4321 Harmala

605 4359 884 4415 sacerdos
915 4357 1158 4430 quidam
1192 4359 1367 4428 caput
1397 4355 1748 4428 amputavit,

604 4447 957 4520 caesareique
987 4448 1282 4505 exercitus
1311 4446 1446 4502 duci
1479 4444 1714 4502 obtulit.

599 4536 762 4593 Alter
793 4541 988 4594 autem
1023 4538 1083 4592 in
1118 4535 1318 4608 praelio
1349 4534 1582 4592 occisus
1615 4535 1725 4590 fuit

601 4646 634 4685 a
665 4628 884 4685 Basilio
918 4627 1278 4685 chartulario
1308 4626 1597 4684 Chumno.

609 4720 864 4777 Basilius
895 4720 1073 4778 etiam
1103 4718 1368 4792 quidam,
1398 4718 1573 4791 vulgo
1603 4715 1870 4783 Chotzas,

610 4829 644 4869 a
675 4812 899 4868 Caesare
929 4811 1210 4868 deficiens
1242 4811 1302 4867 in
1333 4810 1478 4866 urbe
1506 4809 1709 4865 Tarsia

608 4905 888 4960 Romanas
919 4901 1126 4958 ditioni
1159 4899 1441 4957 molestus
1469 4904 1596 4956 erat
1629 4914 1642 4954 :

608 4993 712 5050 sed
743 4993 982 5048 demum
1015 4997 1224 5065 captus
1257 4995 1581 5047 excacatur
1611 4987 1812 5056 miser,

604 5085 954 5154 Rursusque
984 5081 1159 5149 alius,
1191 5085 1247 5138 et
1278 5079 1553 5154 posthinc
1583 5078 1739 5136 alius
1769 5081 1982 5147 denuo,

602 5172 812 5230 tellure
843 5190 944 5230 ccu
978 5172 1250 5246 gigantas
1280 5170 1478 5228 educit
1507 5168 1726 5240 fabula,

600 5260 721 5317 imo
752 5259 1027 5333 permulti
1061 5260 1418 5316 obstiterunt
1448 5259 1670 5316 Isaacio
1701 5274 1715 5314 ε

597 5352 700 5408 sed
731 5367 958 5422 omnes,
991 5350 1108 5408 Deo
1141 5351 1390 5421 volente,
1424 5350 1741 5423 perierunt'

593 5441 701 5499 Hic
733 5442 1007 5515 princeps
1039 5442 1178 5514 quia
1209 5442 1300 5498 sui
1334 5441 1584 5497 nimium
1619 5456 1825 5496 amans
1855 5444 2000 5507 erat,

593 5531 942 5602 iracundus,
977 5531 1091 5589 levi
1123 5532 1194 5588 de
1223 5549 1404 5588 causa
1432 5531 1735 5604 suspicax,

588 5623 809 5680 invidia
838 5639 1073 5698 quoque
1107 5623 1360 5694 ﬂagrans
1391 5625 1676 5680 adversus
1707 5621 1999 5678 subditos.

587 5715 810 5772 multos
843 5714 1147 5771 mulctavit
1179 5713 1465 5771 membris
1498 5713 1808 5784 optimates
1845 5731 1857 5767 :

2343 489 2398 555 Α
2426 487 2569 544 6005
2608 487 2788 560 Οὗπερ
2822 487 3116 564 καταγνοὺς
3142 487 3390 564 ἀφίλειαν
3419 487 3611 542 αὐτίκα

2600 577 2841 630 ’Λκοντα
2869 577 3174 650 κατήγαγεν
3200 575 3350 650 ἱερου
3383 575 3601 650 θρόνουο

2596 665 2694 719 Καὶ
2724 685 2844 720 τινα
2872 665 3159 724 Δεόντινον
3188 662 3550 740 ἐγκαθιδρύεισ

2595 751 2802 829 ’Ἄνδρα
2833 757 3130 826 μοναστήν,
3161 755 3356 829 ἀρετῆς
3389 749 3494 808 ὅντ’
3526 753 3777 830 ἐργάτην·

2592 845 2687 899 "Ov
2717 840 2859 915 τῷδε
2890 841 3056 914 δεῖξαι
3086 844 3186 912 τὴν
3220 840 3577 919 ἆπείρανδρον
3611 842 3796 920 Κόρην

2411 942 2552 998 6010
2591 944 2825 1018 Ἔφασκε
2849 943 3042 1005 νυκτὸς
3074 942 3364 1019 συλλόγων
3388 942 3786 1019 ἡθροισμίνων,

2588 1028 2748 1093 Εἶδος
2779 1052 2837 1086 τε
2867 1029 3087 1102 κλῆσιν,
3117 1031 3336 1108 ἀρετὴν.
3367 1029 3517 1088 τοῦδ’
3549 1031 3827 1110 εὐστόχως

2589 1117 2754 1176 Μάλα
2794 1117 3168 1196 διαγράψασαν
3199 1121 3275 1181 ὡς
3310 1121 3363 1176 ἐν
3395 1121 3587 1177 εἰκόνι⁹

2589 1207 2767 1264 Ἀλλά
2795 1228 2858 1285 γε
2881 1213 2971 1265 καί
3003 1209 3151 1266 τόνδ’
3181 1211 3471 1268 ἀπελαύνει
3503 1214 3599 1267 τοῦ
3629 1209 3846 1288 θρόνου,

2585 1300 2765 1353 Πάντα
2792 1298 3042 1373 παριδὼν
3071 1302 3138 1355 τά
3167 1300 3626 1378 προηγορευμῐνα

2402 1389 2545 1442 6015
2585 1388 2884 1443 Μετάθεσιν
2918 1386 2976 1443 δὲ
3007 1385 3410 1466 δραματουργεῖ
3437 1391 3725 1464 ποιμένος

2585 1476 2919 1550 Ἀρχιθύτην
2949 1476 3049 1550 γὰρ
3070 1481 3170 1547 τῆς
3206 1476 3350 1533 Σιὼν
3379 1484 3480 1549 τῆς
3509 1479 3667 1554 ἁγίας

2582 1563 2792 1629 Κλῆσιν
2824 1563 3132 1635 Θεοδόσιον,
3159 1569 3330 1644 φῦντα
3360 1568 3625 1640 Λατίνων,

2581 1651 2778 1717 Ἐθάδα
2806 1653 2947 1726 τῷδε
2977 1656 3066 1710 καὶ
3097 1657 3412 1732 προήγορον
3443 1659 3698 1732 κράτους,

2578 1741 2673 1804 Εἷς
2700 1747 3064 1820 πατριαρχῶν
3097 1745 3276 1818 ἀνάγει
3305 1743 3619 1820 προεδρίαν.

2323 1835 2371 1901 Β
2397 1833 2540 1888 6620
2578 1830 2737 1887 Ἀλλ’
2767 1829 2921 1888 οὖδεν
2953 1833 3208 1889 ἀπώνατο
3231 1841 3331 1904 τῆς
3363 1836 3728 1911 καινουργίας·

2577 1921 2812 1998 Ἀμφοῖν
2845 1921 2948 1998 γὰρ
2979 1921 3320 1979 ἐκπέπτωκεν
3353 1923 3689 2000 ἱεραρχίαιν,

2580 2010 2723 2064 Σιών
2762 2029 2820 2064 τε
2848 2013 2947 2080 τῆς
2978 2010 3106 2087 πρὶν
3139 2012 3229 2066 καὶ
3265 2009 3549 2087 βασίλιδος
3579 2011 3773 2084 πάλιν,

2575 2098 2680 2154 Καὶ
2711 2095 2872 2153 τῶνδ’
2905 2098 3116 2172 ἀτίμως
3151 2100 3178 2153 ὁ
3209 2095 3547 2174 προϐληθεὶς
3575 2101 3836 2176 ἀκρίτως.

2572 2188 2799 2243 Ἔπειτα
2829 2189 3102 2263 Γεώργιος
3133 2189 3160 2242 ό
3193 2188 3490 2262 Ξιφιλῖνος

2391 2288 2534 2342 6025
2577 2285 2792 2358 ΙΙοιμὴν
2821 2282 3165 2342 ἀναδέδεικτο
3197 2294 3296 2357 τῆς
3330 2288 3762 2346 Κωνσταντίνου.

2572 2376 2662 2431 Ἐκ
2691 2380 2800 2430 τῶν
2832 2373 2959 2452 πρὶν
2993 2376 3137 2451 εἶχεν
3170 2373 3522 2453 αὐτοκράτωρ
3556 2379 3881 2454 σπερμάτων

2570 2459 2773 2525 Παῖδας
2806 2463 3068 2540 φυτεύσας
3099 2462 3573 2542 καλλιπαρθένους
3605 2465 3722 2525 δύο.

2567 2558 2660 2606 Ὧν
2690 2551 2965 2628 ἀποκείρει
2991 2554 3110 2609 κατ’
3140 2551 3259 2619 ἔθος
3289 2550 3652 2633 πρεσϐυτέραν

2568 2643 2911 2715 Καθιερώσας
2943 2643 3016 2706 ὡς
3047 2641 3258 2717 ἀμνάδα
3289 2645 3490 2720 Κυρίῳ⁶
3844 2708 3848 2711 ,

2387 2735 2530 2790 6030
2567 2726 3008 2801 Μεταϐεϐληκὼς
3043 2731 3088 2787 δ’
3127 2734 3204 2798 εἰς
3237 2737 3409 2808 μονὴν
3451 2735 3805 2810 ἀσκουμένων

2565 2821 2666 2878 Καὶ
2696 2825 3016 2897 παρθενῶνα
3047 2819 3310 2887 δαπάναις
3334 2821 3409 2886 ὡς
3445 2822 3702 2901 ἀφθόνοις

2565 2911 2874 2981 Ἰωαννίτζη
2905 2911 2997 2966 τὸν
3025 2910 3365 2985 κεκλημένον
3396 2908 3587 2988 δόμον,

2564 2999 2809 3064 Ἐνταῦθ’
2839 2998 3078 3056 ἐνασκεῖν
3112 2999 3200 3056 καὶ
3231 3006 3503 3058 κατοικεῖν
3545 3003 3861 3080 προσνέμει.

2559 3089 2759 3163 Ῥηγὸς
2781 3084 2838 3144 δὶ
2869 3088 3171 3161 συνέζευξεν
3201 3090 3302 3164 υίῷ
3335 3086 3587 3168 δευτίραν

2305 3198 2348 3265 C
2383 3192 2526 3248 6035
2562 3193 2670 3258 Τῆς
2703 3186 2958 3252 Σικελίας
2981 3192 3079 3245 τοῦ
3110 3191 3318 3268 Ταγγρὶ
3346 3191 3710 3267 κεκλημένου.

2553 3275 2883 3354 Κληροῦχον
2917 3277 3097 3352 ἀρχῆς
3125 3286 3398 3354 πατρικῆς
3427 3279 3738 3361 ἀνατρέφων

2549 3369 2654 3426 Τὸν
2688 3365 2803 3422 υἱὸν
2833 3366 3078 3438 Ἀλέξιον
3110 3366 3334 3424 ὕστατον
3363 3368 3576 3445 χρόνῳ,

2549 3461 2649 3521 Ὅς
2683 3461 2965 3533 συμφορᾶς
2991 3455 3186 3534 ἤνεγκε
3217 3455 3436 3535 πατρίδι
3475 3458 3662 3535 βάρος·

2549 3547 2626 3605 Οὐ
2659 3543 2835 3609 Λυδὸς
2866 3544 3172 3623 Θεόδωρος,
3205 3546 3271 3604 οὗ
3297 3551 3501 3618 Βρανᾶς
3535 3549 3700 3623 μόνον

2367 3638 2509 3695 5040
2549 3637 2882 3712 Πτερνισμὸν
2916 3635 3055 3711 ἦραν
3083 3637 3220 3692 κατᾶ
3245 3641 3342 3693 τοῦ
3365 3637 3730 3716 στεφηιρόρου,

2548 3725 2724 3784 Ἀλλά
2753 3724 2845 3780 σὺν
2879 3726 3066 3787 αὐτοῖς
3098 3724 3186 3781 καὶ
3219 3721 3346 3790 δυάς
3378 3725 3658 3801 Ἀλεξίων,

2544 3813 2612 3873 0⁹ί
2643 3821 2782 3893 σφᾶσ
2810 3815 3165 3888 ἐπωνόμασαν
3207 3815 3402 3880 αὐτοὺς
3439 3816 3589 3879 υἱὲας

2544 3907 2654 3961 Τοῦ
2685 3904 3100 3980 πορφυρανθοῦς
3129 3906 3396 3975 Μανουήλ
3436 3903 3728 3982 βασιλεως·

2547 3995 2668 4070 ’Δφ’
2691 3992 2765 4048 ὧν
2794 3995 2822 4048 ὁ
2856 3994 2951 4067 μὶν
2984 4014 3045 4070 γε
3073 3989 3406 4066 προσλαϐὼν
3439 3993 3499 4051 ἐκ
3529 3995 3828 4052 σουλτᾶνου

2365 4085 2508 4140 6045
2547 4082 2915 4160 Συμμαχικόν
2945 4103 2996 4138 τι
3029 4083 3294 4158 Περσικὸν
3327 4081 3584 4141 πλεῖστον
3617 4086 3806 4164 στίφος

2544 4171 2742 4234 Πόλεις
2771 4170 2939 4226 ἐπιὼν
2967 4171 3274 4248 κατέκειρεν
3303 4171 3579 4228 Αὐσόνων·

2542 4263 2641 4320 "Ov
2675 4262 2867 4323 νυκτὸς
2897 4261 3246 4317 ὑποώττοντα
3275 4261 3397 4317 καθ’
3427 4260 3685 4337 Ἀρμαλά
3715 4284 3820 4321 που

2544 4353 2764 4416 Κτείνας
2793 4349 2960 4424 θύτης
2980 4373 3064 4415 τις
3096 4351 3186 4407 καὶ
3215 4354 3396 4426 τεμὼν
3429 4353 3598 4409 αὐτοῦ
3628 4355 3798 4432 κάραν

2542 4443 2793 4517 Ἢνεγκεν
2825 4440 2996 4510 αὐτήν
3023 4439 3319 4517 ταγμάτων
3352 4441 3714 4519 στρατηγίτῃ.

2289 4564 2332 4630 D
2363 4534 2504 4589 6050
2545 4532 2644 4590 Καὶ
2674 4532 2872 4630 ἅτερος.
2897 4529 2955 4630 δε
2983 4530 3414 4630 κτείνεταιικατᾶ
3447 4533 3637 4608 μάχην

2548 4621 2690 4694 Πρὸς
2720 4617 3007 4678 Βασιλείου
3041 4616 3456 4697 χαρτόυλαρίου
3479 4621 3776 4696 Χοῦμνου.

2549 4710 2652 4768 Καὶ
2684 4731 2767 4772 τις
2800 4707 2857 4765 δὲ
2887 4707 3175 4773 Βασίλειος
3203 4709 3413 4780 Χοτζᾶς
3444 4709 3541 4766 τού
3563 4709 3768 4784 πίκλην

2548 4799 2960 4870 Ἀποο-τατήσας
2991 4799 3127 4855 κατᾶ
3155 4798 3384 4876 Ταρσίαν
3417 4798 3583 4856 πόλιν

2545 4890 2738 4966 Χώρας
2763 4887 2957 4944 ἐκάκου
2984 4886 3295 4962 Ῥωμαῖκᾶς
3325 4890 3411 4944 καὶ
3447 4885 3663 4964 πόλεις,

2365 4991 2506 5048 6055
2542 4993 2638 5050 ’Ός
2671 4984 2951 5063 συσχεθεὶς
2976 4985 3200 5061 ὄμματα
3228 4990 3500 5063 πηροῦται
3528 4988 3689 5046 τάλα·

2542 5077 2642 5133 Καὶ
2672 5076 2838 5132 πάλιν
2874 5073 3067 5147 ἄλλος,
3094 5074 3225 5131 κὰπῖ
3247 5073 3376 5149 τῷδ’
3407 5075 3580 5142 ἄλλος
3611 5076 3803 5153 ’πάλιν⁹

2539 5169 2626 5229 Ὦς
2655 5165 2714 5222 ἐκ
2742 5165 2944 5242 χθονὸς
2975 5165 3229 5242 γίγαντας
3255 5167 3398 5242 αἱρεῖ
3415 5187 3500 5232 τις
3531 5173 3725 5243 μῦθος,

2539 5259 2642 5314 Καὶ
2679 5253 2896 5322 πλῆθος
2926 5253 3250 5328 ἀντέστησαν
3280 5258 3552 5331 Ἰσαακίῳο

2539 5346 2643 5405 Καὶ
2683 5345 2877 5409 πάντες
2912 5344 3201 5401 ἂιπώλοντο
3231 5350 3301 5412 τῆ
3335 5352 3470 5403 Θεοῦ
3499 5368 3696 5424 κρισει,

2359 5441 2500 5497 6060
2540 5435 2814 5512 Ὀργίλως
2846 5433 2920 5490 ὣν
2949 5434 3211 5512 φίλαυτος
3244 5438 3402 5499 οὗτος
3434 5440 3463 5493 δ
3488 5437 3704 5513 κράτωρ

2536 5526 2640 5599 Κάξ
2677 5526 2936 5587 ὑπονοίας
2968 5524 3056 5579 καὶ
3090 5520 3270 5596 λαϐῆς
3305 5532 3500 5603 μικρᾶς
3533 5527 3728 5599 μόνης,

2536 5615 2635 5672 Καὶ
2677 5614 3003 5686 ζηλοτυπῶν
3035 5614 3124 5669 καὶ
3157 5618 3370 5690 φθονῶν
3403 5609 3690 5688 ὑπηκόοις,

2539 5707 2790 5770 Πολλοὺς
2823 5707 3055 5783 ἀρίστων
3091 5702 3438 5782 παρέϐλαψεν
3468 5707 3543 5773 εἶς
3573 5706 3758 5783 δὲμας·

3966 367 4078 425 228
