4250 6432
161 410 260 465 229

336 531 521 586 Φάους
557 528 652 598 μὶν
681 526 934 599 ἐστίρησε
958 527 1055 578 τοῦ
1085 526 1192 577 τῶν
1226 522 1493 594 ὀμμάτων

161 621 295 675 6065
338 615 626 688 Κομνηνὸν
657 611 1011 686 ’Δνδρόνικον
1044 615 1167 666 ἄνευ
1199 609 1395 677 αίτίας,

339 706 440 759 Καὶ
473 707 880 758 Κωνσταντῖνον
916 700 1202 769 Ἀσπιὲτην
1243 697 1566 767 τούπίκλην.

335 792 582 854 ’Ἀλλους
617 789 662 846 δ’
695 791 1004 866 ἐναπὲκειρε
1044 788 1509 867 φροντιστηρίοις.

341 879 774 952 Λεηλατούντων
809 879 900 934 σὺν
931 881 1208 951 Κομάνοις
1238 881 1346 932 τῶν
1381 874 1614 948 Βλάχων

340 971 430 1028 Τὰ
454 971 592 1025 κατὰ
623 967 771 1024 δύσιν
806 969 1090 1041 Ῥωμαϊκὰ
1121 967 1322 1041 χωρία,

167 1070 304 1126 6070
341 1066 533 1124 Ὅπλα
560 1067 675 1120 κατ’
704 1064 881 1119 αὐτῶν
915 1062 1173 1138 βασιλεὺς
1205 1061 1342 1138 α’ίρει
1383 1060 1572 1116 παλιν.

347 1154 653 1230 Ἀγχίαλον
687 1154 778 1208 οὗν
811 1154 1160 1228 παραμείψας
1189 1153 1291 1220 τήν
1322 1150 1484 1205 πόλιν

345 1245 587 1302 Εῗσεισιν
621 1245 792 1315 Αἷμον
825 1244 924 1309 τήν
960 1240 1192 1316 Βλάχων
1228 1240 1516 1314 παροικίαν

342 1337 525 1388 Πάντα
551 1331 608 1387 δὲ
637 1333 788 1388 τάκεῖ
821 1331 1119 1408 φρουρίων,
1153 1329 1467 1405 πολιχνίων

341 1424 536 1496 Εύρών
566 1421 804 1495 ἐρυμνὴν
841 1420 997 1494 lexin
1033 1418 1379 1493 ἔνδεδυμὲνα,

166 1517 303 1571 6075
343 1511 446 1566 Καὶ
475 1511 679 1586 τείχεσι
713 1509 946 1582 πύργοις
973 1530 1031 1564 τε
1063 1507 1455 1581 διειλημμένα·

348 1601 576 1662 Μυσοὺς
610 1599 667 1654 δὶ
701 1598 907 1675 βλέψας
943 1599 1143 1674 ἀγρίων
1176 1597 1343 1674 αἰγῶν
1379 1594 1536 1665 δίκην

343 1689 488 1752 Τοὺς
521 1691 910 1764 ἀποκρήμνους
941 1682 1348 1746 καταλαϐόντας
1376 1687 1576 1745 τόπους

343 1781 435 1842 Ὠς
464 1779 782 1850 Ῥωμαϊκὴν
817 1774 1144 1849 συμπλοκὴν
1179 1773 1448 1829 δεδιότας·

346 1869 492 1941 Πρὸς
527 1864 572 1921 δ’
605 1867 668 1921 αὗ
712 1865 974 1920 Σκυθικὸν
1006 1865 1357 1942 ὑφορώμενος
1393 1865 1586 1940 στίφος

170 1961 309 2016 6080
345 1960 724 2031 Τποστροφῆς
753 1956 931 2029 ἥψατο
960 1961 1058 2023 τῆς
1089 1955 1224 2028 πρὸς
1256 1956 1355 2022 τήν
1387 1954 1570 2008 πόλιν·

349 2045 450 2100 Δια
479 2045 536 2099 δὶ
564 2048 790 2117 τεμπῶν
823 2038 1104 2098 δυσϐάτων
1132 2063 1190 2097 τε
1219 2042 1442 2116 χωρίων

346 2136 446 2189 Καὶ
475 2133 784 2206 τρυμαλιᾶς
817 2134 933 2187 οἷον
965 2131 1133 2186 εἰπεῖν
1159 2129 1433 2206 δυσπόρου

341 2222 559 2281 Αὐλῶνι
594 2227 779 2300 σαφῶς
813 2220 987 2276 πάντα
1016 2223 1454 2296 παρεικασμὲνης

343 2315 461 2382 Τήν
497 2311 550 2374 ἐς
581 2311 827 2386 Βεῤῥόην
860 2309 1141 2384 ἐκδρομὴν
1170 2311 1503 2382 τεθειμένος,

167 2414 306 2468 6085
347 2408 633 2466 Ἀπώλεσε
661 2405 916 2463 πλεῖστόν
948 2426 1007 2461 τε
1030 2411 1134 2460 τῶν
1170 2406 1605 2480 στρατευμάτων·

346 2499 604 2560 Κάκεῖνος
636 2496 699 2552 ἃν
728 2496 960 2575 ἔφθαρτο
991 2498 1134 2572 παρὰ
1181 2495 1359 2570 βραχύ
1390 2515 1466 2567 τι,

349 2588 415 2647 Εἰ
450 2589 526 2662 μή
563 2589 769 2663 βοηθοῦ
799 2591 894 2641 τοῦ
924 2591 1059 2641 Θεοῦ
1088 2583 1309 2660 τέτευχε
1338 2606 1480 2648 πως.

349 2680 441 2742 Ὠς
476 2678 575 2752 γὰρ
603 2679 826 2739 ἑαυτοὺς
855 2671 1161 2750 παρείϐυσαν
1197 2674 1273 2737 εἷς
1307 2677 1468 2748 μέσον

350 2768 519 2838 ’Ἄναξ
546 2786 606 2822 τε
633 2766 724 2821 καὶ
757 2768 1062 2842 στράτευμα
1093 2763 1365 2839 δυσπόρου
1394 2763 1588 2839 πόρου,

171 2859 311 2915 6090
351 2857 666 2932 Ἠγούμενα
697 2859 792 2930 μὲν
825 2851 980 2926 διέϐη
1015 2855 1431 2931 στρατευμάτων

353 2951 544 3002 Κακῶν
577 2947 757 3016 ἀπαθῆ
789 2943 1038 3000 κινδύνου
1066 2965 1124 2999 τε
1152 2943 1241 2999 καὶ
1276 2946 1483 3019 μάχης·

350 3038 530 3094 Μέσον
565 3033 622 3091 δὶ
649 3040 751 3106 τῆς
782 3034 1062 3114 φάλαγγος
1087 3035 1114 3089 ὁ
1145 3039 1356 3110 κρατῶν
1387 3033 1557 3108 ἔχων,

350 3127 621 3183 Ἐπίθεσιν
655 3124 847 3200 εὕρατο
876 3126 1012 3198 πρὸς
1043 3128 1151 3178 τῶν
1179 3119 1466 3200 βαρϐάρων

346 3215 569 3278 Οἶστοις
606 3214 886 3289 βαλόντων
915 3213 1006 3268 καὶ
1040 3209 1226 3288 δόρασι
1255 3215 1344 3268 καὶ
1379 3212 1552 3277 λίθοις

167 3308 310 3363 6895
350 3305 718 3378 Ἑκατίρωθεν
747 3304 910 3358 αὐτὸν
944 3301 1200 3364 ὁπλίταις
1232 3302 1365 3375 ἅμα,

345 3400 434 3456 Ὠς
465 3394 812 3469 παραμιιιρὸν
836 3390 994 3448 τόνδε
1025 3397 1213 3469 φυγεῖν
1243 3391 1336 3446 τὸν
1388 3389 1579 3464 μόρον,

356 3487 546 3541 Πεσεῖν
579 3479 638 3538 δὶ
667 3480 916 3544 πολλοὺς
947 3481 1278 3555 στρατιώτας
1298 3477 1579 3556 γεννάδας.

353 3575 550 3646 ’Ὁμως
582 3570 797 3635 διεκδὺς
829 3566 1187 3642 δυσστίϐητον
1214 3570 1424 3647 χωρίον

361 3665 461 3720 Καὶ
492 3664 630 3740 πρὸς
662 3661 902 3739 Βεῤῥόην
937 3661 1236 3724 ἀποσωθεὶς
1253 3660 1346 3714 σὺν
1382 3658 1474 3735 βίᾳ

175 3764 320 3819 6100
359 3762 697 3837 Ἐμφροντιν
724 3756 843 3834 εὗρε
877 3760 1126 3834 στρατιὰν
1155 3760 1352 3813 τούτου
1384 3759 1545 3832 χάριν

358 3852 533 3924 Φήμη
567 3845 798 3924 δυσ-ἤχῳ
842 3847 990 3922 μάλα
1012 3850 1208 3924 τεθροη
1222 3849 1388 3921 μὲνην

353 3941 454 4012 Τῷ
473 3958 558 3995 τοι
597 3937 853 4014 βασιλεὺς
890 3939 992 4007 τὴν
1022 3936 1428 3993 Κωνσταντίνου
1461 3936 1636 4014 φθάει,

355 4031 450 4087 Ἐκ
477 4027 637 4084 τοῦδε
668 4030 862 4104 φήμην
893 4028 954 4082 ού
984 4026 1161 4096 καλὴν
1192 4027 1522 4102 ἀνατρέπων·

354 4121 568 4190 Μικρὸν
599 4116 647 4172 δ’
680 4115 883 4195 ὀφρύος
910 4118 1188 4194 καθυφῆκε
1216 4117 1305 4171 καὶ
1336 4116 1508 4194 τύφου

164 4211 311 4266 6105
350 4205 779 4282 Ἐπαναδραμὼν
812 4206 888 4269 εἷς
919 4205 1082 4262 πόλιν
1113 4207 1212 4276 τὴν
1252 4210 1347 4261 τοῦ
1377 4205 1628 4282 κράτους,

352 4298 617 4371 Ἀθυμίας
650 4294 870 4374 δόρασιν
903 4295 1328 4372 ἐμπεπαρμὲνην

347 4389 469 4466 Ἐφ’
500 4393 583 4450 οἷς
609 4391 790 4450 κακῶς
820 4388 1052 4450 πέπονθε
1080 4387 1179 4454 τὴν
1211 4387 1396 4461 ψυχὴν
1425 4383 1589 4462 ἔχων·

350 4478 466 4552 ΙΙρὸ
490 4473 642 4532 τοῦδ’
671 4477 922 4531 ἀνασπῶν
949 4478 1045 4539 τὰς
1075 4473 1242 4554 ὀφρῦς
1273 4475 1596 4549 ἰπηρμίνως

349 4563 500 4622 Μετὰ
529 4560 765 4643 σοϐαρᾶς
791 4565 881 4621 καὶ
913 4563 1106 4642 φρενὸς
1136 4565 1226 4620 καὶ
1255 4562 1503 4640 καρδίας,

166 4661 314 4716 6110
353 4658 774 4733 Ἐπεστράτευσε
799 4655 936 4710 κατὰ
965 4657 1162 4712 Μυσῶν
1198 4650 1486 4731 βαρϐάρων

352 4745 568 4824 Ὀμφας
600 4749 898 4824 προφητῶν
930 4745 1068 4799 κατὰ
1095 4748 1222 4798 νοῦν
1250 4743 1645 4822 περιστρέφων,

345 4836 438 4898 Ὠς
472 4832 656 4909 ῐξοδον
690 4836 788 4909 μὶν
819 4839 964 4899 θεῖτο
996 4834 1090 4888 σὺν
1119 4831 1384 4907 θυμηδίᾳ,

345 4921 644 4981 Ἐπάνοδον
677 4920 735 4979 8t
768 4923 980 4998 μᾶλλον
1014 4921 1361 4998 ἀγαλλιάσει·

347 5012 548 5073 Βουνοί
577 5033 637 5069 τε
665 5011 1052 5090 προσδίξαιντο
1081 5011 1370 5091 χαίροντες
1403 5011 1552 5086 μάλα

164 5118 310 5176 6115
350 5116 457 5174 Καὶ
488 5112 660 5170 πάντα
691 5115 1028 5189 χαρήσαιντυ
1057 5111 1125 5168 τὰ
1145 5109 1357 5189 δρυμοῦ
1385 5108 1538 5185 ξύλα,

344 5207 462 5262 Τοῦ
495 5201 542 5259 δ’
573 5201 830 5276 ἆξιόντος,
865 5202 1128 5267 ίῖσιόντος
1156 5199 1222 5258 αὖ
1252 5201 1440 5260 πόλιν.

343 5293 522 5358 Οὗτός
552 5312 634 5369 γε,
669 5289 848 5364 δόξαις
877 5289 1208 5365 ἁπᾳδούσαις
1239 5291 1512 5366 ιμμένων,

342 5383 519 5461 Χάριν
551 5384 748 5439 ἑαυτοῦ
775 5382 1141 5459 γνωματεύων
1173 5381 1240 5450 ἦν
1266 5378 1414 5437 τάδε·

343 5474 435 5535 Ὠς
469 5472 530 5528 ού
564 5469 635 5526 δι’
666 5469 698 5526 ἃ
727 5473 1009 5546 πιπρακτο
1037 5469 1547 5545 πλημμελημάτων

169 5567 312 5622 6120
353 5566 557 5621 Ἀπασι
589 5564 748 5628 κοινῆ
778 5564 846 5636 τῇ
880 5562 1013 5616 Θεοῦ
1044 5561 1160 5633 θείᾳ
1189 5561 1361 5635 χρίσει

343 5654 462 5726 Θεῷ
494 5651 652 5723 δίκην
683 5651 936 5726 τίννυμεν
969 5650 1405 5727 ἁμαρτημάτων·

345 5748 476 5817 Λαῷ
505 5739 900 5820 παραδοθέντες
929 5739 1120 5821 ἄφρονι
1151 5740 1285 5804 τὲως

1686 398 2048 456 CBIABES.

1837 525 1891 591 Α
1921 521 2222 576 oculorum
2257 523 2494 593 quidem
2528 525 2743 594 eripuit
2775 523 2974 579 lumen

1922 610 2250 665 Andronico
2282 613 2573 666 Comneno
2607 613 2961 678 immerenti,

1922 704 1978 753 et
2007 700 2384 756 Constantino
2419 707 2807 771 cognomento
2840 702 3114 773 Aspietaa.

1922 787 2080 842 Alios
2113 789 2336 843 addixit
2365 794 2567 844 tonsos
2602 790 3000 845 monasteriis.

1923 876 2067 931 Cum
2103 877 2505 949 praedarentur
2536 879 2728 933 Blachi
2761 895 2890 934 cum
2925 881 3198 936 Comanis

1926 964 2218 1021 Romanas
2249 970 2432 1022 terras
2464 967 2534 1021 ad
2571 968 2928 1022 occidentem
2963 973 3208 1040 positas,

1925 1071 2133 1110 rursus
2163 1055 2270 1110 hos
2302 1061 2504 1111 contra
2531 1057 2684 1127 capit
2715 1073 2875 1112 arma
2905 1059 3112 1113 Czesar.

1925 1142 2315 1206 Quamobrem
2349 1144 2490 1198 urbe
2525 1144 2805 1199 Anchialo
2838 1145 3152 1215 praeterita,

1925 1231 2188 1286 Hzemum
2223 1233 2547 1303 ingreditur
2579 1233 2928 1289 Blachorum
2963 1235 3160 1290 sedem
3199 1251 3211 1289 :

1925 1321 2025 1374 sed
2054 1336 2185 1374 cum
2217 1320 2456 1376 castella
2489 1322 2705 1377 ibidem
2738 1328 3098 1394 cunctasque
3132 1324 3439 1381 urbeculas

1927 1409 2215 1479 praesidiis
2247 1410 2566 1465 invenisset
2596 1412 2851 1466 munitas
2876 1411 3107 1482 validis,

1927 1499 2218 1553 mmnibus
2251 1502 2425 1570 atque
2461 1501 2722 1555 turribus
2753 1502 3144 1569 convestitas;

1926 1585 2135 1642 Mmsos
2167 1587 2303 1642 item
2338 1594 2621 1655 cerneret,
2651 1592 2933 1660 tanquam
2966 1607 3226 1662 capreas,

1926 1681 2220 1748 praerupta
2249 1682 2423 1747 atque
2455 1678 2758 1734 inaccessa
2789 1684 3051 1735 tenentes
3083 1680 3232 1746 loca,

1928 1781 1997 1818 ne
2029 1780 2157 1819 cum
2194 1765 2472 1821 Romanis
2504 1783 2763 1839 pugnam
2797 1769 3102 1824 statariam
3148 1777 3415 1841 gererent
3449 1788 3460 1825 :

1854 1881 1900 1946 Β
1933 1861 2281 1933 Scytharum
2312 1879 2543 1934 quoque
2575 1864 2877 1920 incursum
2911 1868 3376 1938 pertimesceret;

1932 1951 2185 2007 reditum
2221 1953 2292 2007 ad
2326 1953 2527 2008 urbem
2561 1954 2779 2026 regiam
2815 1954 3102 2010 instruere
3133 1958 3307 2029 cmpit

1931 2044 2212 2110 angustos
2245 2057 2346 2112 per
2375 2041 2673 2098 anfractus
2705 2043 2980 2116 locosque
3012 2045 3325 2116 impervius
3358 2065 3370 2103 :

1932 2128 2211 2183 nimirum
2244 2145 2344 2200 per
2375 2130 2693 2185 convallem
2728 2147 2966 2201 prorsus
2997 2133 3251 2189 similem

1931 2217 2227 2282 foramini,
2259 2222 2324 2272 ut
2354 2219 2434 2274 ita
2465 2219 2676 2287 dicam,
2710 2219 3162 2292 impenetrabili,

1934 2311 2179 2361 Berroen
2209 2323 2414 2363 versus
2447 2309 2695 2363 militum
2733 2309 2941 2365 direxit
2969 2311 3100 2376 iter,

1931 2413 2180 2466 quorum
2213 2397 2412 2452 amisit
2440 2397 2663 2452 scilicet
2695 2402 2918 2469 partem
2953 2399 3268 2458 maximam
3303 2418 3315 2456 :

1931 2490 2105 2555 atque
2137 2487 2263 2557 ipse
2295 2502 2528 2541 summo
2559 2487 2714 2541 haud
2753 2487 2951 2543 aberat
2980 2489 3175 2559 exitio,

1932 2575 1988 2628 ni
2019 2575 2333 2646 sospitator
2362 2575 2515 2632 Deus
2547 2576 2779 2633 tulisset
2809 2594 3000 2649 opem.

1929 2663 2071 2719 Nam
2102 2679 2237 2721 cum
2268 2679 2330 2720 se
2361 2664 2421 2720 in
2454 2664 2676 2720 mediae
2707 2667 3093 2736 coniecissent
3123 2668 3318 2726 fauces

1928 2753 2118 2808 Caesar
2149 2753 2556 2826 exercitusque
2585 2759 2705 2810 tam
2740 2756 2926 2811 stricti
2960 2758 3234 2825 tramitis,

1930 2843 2121 2914 prima
2149 2842 2388 2913 quidem
2421 2843 2658 2900 transiit
2687 2844 2848 2901 t'rons
2877 2849 3163 2902 exercitus

1928 2933 2055 2988 sine
2087 2933 2374 2990 molestiis
2404 2933 2586 3005 praalii
2618 2940 2792 3007 atque
2821 2936 3136 2994 incolumis
3169 2954 3183 2994 :

1928 3032 2028 3087 sed
2062 3033 2255 3088 media
2285 3031 2559 3105 phalanx,
2595 3033 2652 3088 in
2682 3050 2798 3104 qua
2825 3037 3016 3090 Cresar
3043 3040 3189 3106 erat,

1927 3121 2232 3178 incursum
2266 3121 2648 3178 barbarorum
2679 3123 2854 3196 cmpit
2882 3126 3130 3197 perpeti,

1853 3242 1894 3309 Ο
1933 3211 2033 3282 qui
2061 3210 2216 3278 telis,
2248 3210 2481 3277 lanceis,
2518 3211 2673 3267 saxis
2704 3217 2948 3283 utroque
2978 3229 3046 3269 ex
3072 3213 3254 3272 latere

1934 3300 2130 3371 ipsum
2161 3300 2408 3371 ejusque
2439 3316 2648 3372 agmen
2679 3301 3064 3373 impetebant.

1934 3392 2123 3454 Quare
2152 3390 2244 3444 vix
2273 3389 2324 3446 is
2354 3405 2700 3461 supremum
2731 3392 2936 3448 vitavit
2964 3393 3172 3463 fatum,

1937 3479 2141 3536 multis
2171 3479 2410 3535 amissis
2439 3481 2696 3536 strenuis
2731 3481 3038 3539 militibus.

1934 3569 2046 3624 Sed
2076 3573 2271 3624 tamen
2307 3573 2422 3625 tam
2456 3569 2755 3626 r’itﬁcilem
2785 3586 3062 3631 emensus
3093 3574 3309 3641 locum.

1936 3683 2146 3740 magno
2178 3671 2426 3740 cognatu
2461 3667 2776 3725 incolumis
2808 3674 3054 3728 Berroen
3085 3675 3263 3745 venit,

1935 3757 2034 3811 ubi
2067 3757 2156 3813 sui
2191 3773 2369 3813 causa
2399 3758 2618 3814 invenit
2647 3760 2884 3815 anxium
2918 3762 3164 3821 militem

1934 3846 2088 3902 tristi
2123 3862 2357 3903 rumore
2385 3847 2554 3903 valde
2585 3849 2989 3920 peturbatum.

1936 3936 2122 4008 Igitur
2150 3937 2470 4009 imperator
2498 3937 2836 4010 Byzantium
2864 3947 3139 4013 properat

1934 4026 2320 4098 expeditionis
2353 4027 2567 4082 famam
2597 4043 2710 4083 non
2742 4028 3051 4101 pulchram
3082 4033 3336 4092 referens
3371 4053 3385 4095 :

1935 4120 1992 4172 et
2022 4116 2103 4171 sic
2134 4115 2377 4172 remisso
2408 4116 2693 4188 superbia
2724 4119 3058 4192 supercilio,
3338 4108 3354 4120 ’

1934 4205 2237 4276 ingressus
2267 4208 2357 4260 est
2381 4204 2612 4276 imperii
2645 4207 3049 4279 metropolim;

1933 4293 2197 4349 mceroris
2229 4309 2437 4365 nempe
2466 4293 2685 4350 aculeis
2718 4299 3253 4358 transverberatum

1934 4387 2170 4456 propter
2200 4387 2495 4455 acceptam
2529 4382 2754 4439 cladem
2787 4400 2995 4457 gerens
3039 4388 3326 4448 animum.

1932 4472 2190 4528 Antehac
2223 4473 2380 4528 enim
2410 4471 2562 4528 elato
2593 4474 2929 4546 supercilio,

1935 4561 2213 4635 superbia
2244 4561 2484 4617 inﬂatus
2515 4578 2580 4617 ac
2610 4566 2876 4620 tumente
2907 4566 3106 4624 animo

1936 4653 2220 4710 adversus
2253 4655 2462 4706 Mmeos
2494 4652 2778 4710 barbaros
2810 4662 3206 4727 processerat;

1934 4741 2089 4798 dicta
2120 4739 2462 4813 prophetica
2493 4745 2688 4797 mente
2719 4743 3041 4813 revolvens,

1935 4831 2090 4902 quod
2124 4846 2256 4885 cum
2287 4829 2490 4886 latitia
2520 4829 2745 4887 scilicet
2777 4832 2919 4890 foret
2950 4836 3164 4904 exitus,

1935 4919 2159 4974 reditus
2191 4922 2383 4974 autem
2417 4919 2608 4991 magis
2637 4920 2830 4977 adhuc
2861 4921 3029 4982 lctus
3055 4942 3070 4982 :

1933 5009 2210 5081 quodque
2239 5007 2601 5066 exsultantes
2630 5009 2808 5067 colles
2837 5028 2899 5069 se
2929 5013 3274 5088 reciperent,

1934 5107 2191 5179 ipsaeque
2223 5105 2560 5162 testarentur
2589 5106 2780 5164 saltus
2810 5110 3072 5184 arbores,

1934 5214 1997 5254 se
2025 5196 2380 5269 procedente
2409 5211 2478 5252 ex
2509 5196 2652 5253 urbe
2680 5197 2769 5254 vel
2799 5200 3103 5258 redeunte.

1934 5286 1996 5343 In
2031 5286 2123 5342 his
2154 5301 2216 5342 se
2247 5283 2550 5342 oblectans
2579 5287 2825 5345 canticis
2855 5289 3243 5364 propheticis,

1934 5376 2162 5447 sibique
2193 5375 2502 5431 blandiens
2534 5375 2655 5432 haec
2686 5393 2887 5435 secum
2920 5382 3230 5454 reputabat
3262 5399 3277 5441 :

1933 5482 2307 5538 nequaquam
2339 5466 2413 5522 ob
2443 5467 2782 5524 communia
2812 5484 2940 5540 quae
2972 5471 3122 5528 ﬁunt
3155 5478 3394 5546 peccata

1935 5557 2086 5611 inter
2117 5552 2416 5623 mortales,
2450 5555 2605 5611 celso
2637 5557 2734 5613 Dei
2758 5560 2986 5630 Judicio

1935 5645 2262 5719 persolvere
2294 5662 2399 5701 nos
2432 5645 2660 5703 debitas
2693 5648 2932 5705 malitia:
2963 5667 3188 5723 poenas,

1935 5753 2068 5793 cum
2101 5734 2394 5791 tradimur
2424 5735 2724 5794 barbarico
2756 5738 2963 5797 insano
2996 5742 3210 5814 populo

3460 347 3683 457 230ε
