4250 6432
634 400 735 455 23ι
1848 392 2220 446 ερξιιιλιςωι
2263 391 2834 454 σΗιιοΝοοιιΔΡΗι
3943 408 4051 463 232

637 523 708 578 ad
739 520 1101 593 punitionem
1126 521 1357 591 justam
1390 515 1952 584 correctionemque,

636 610 734 682 qui
769 611 867 666 Dei
902 607 1302 664 misericordis
1337 623 1465 662 mos
1497 620 1624 661 esse
1659 602 1838 671 solet;

633 701 735 755 sed
767 698 914 770 quia‘
939 698 1140 753 Brants
1168 695 1539 768 tyrannidem
1572 698 1812 749 secutus
1844 695 1968 746 erat

632 787 1002 842 Christianus
1033 785 1287 858 populus
1318 783 1566 856 imperio
1599 781 1898 846 deﬁciens,

633 875 850 930 idcirco
883 875 975 930 bis
1005 891 1131 930 csse
1164 872 1518 944 implicitum
1552 870 1743 926 aiebat
1772 868 1964 924 malis.

633 965 675 1019 Ο
709 981 890 1019 scaeva
922 963 1155 1034 ingenia
1188 961 1488 1032 stultaque
1518 958 1765 1015 consilia

630 1053 679 1108 si
712 1053 848 1123 quis
880 1052 1030 1118 hanc
1065 1055 1320 1106 mentem
1354 1049 1505 1121 gerit
1534 1052 1591 1104 et
1625 1046 1999 1112 sententiam,

631 1141 864 1212 piorum
898 1157 1110 1212 nempe
1143 1140 1487 1194 innumeras
1520 1155 1552 1192 a
1580 1141 1698 1212 Deo
1726 1139 1987 1190 catervas

628 1210 893 1286 barbarae
925 1210 1085 1301 genti
1117 1230 1188 1284 ad
1223 1227 1522 1283 interitum
1554 1210 1705 1281 tradi

627 1318 954 1389 quamlibet
983 1321 1222 1389 propter
1251 1316 1467 1372 erroris
1500 1314 1819 1380 insaniam,

626 1425 743 1478 qua
774 1409 947 1463 Iesus
987 1408 1064 1462 sit
1097 1407 1349 1462 fortasse
1382 1402 1647 1460 mortalis
1676 1402 1956 1457 dominus
1984 1399 1997 1453 1

626 1504 776 1571 Quin
807 1505 950 1561 adeo
983 1502 1377 1559 universalem
1413 1499 1820 1556 monarchiam
1854 1497 1968 1554 sibi

624 1594 958 1649 vaticinans
988 1592 1344 1664 spondebat,
1378 1595 1435 1646 et
1465 1589 1834 1645 Palaestinam

618 1682 764 1753 jugo
795 1682 1159 1738 subtractam
1193 1679 1558 1735 redditurum
1588 1694 1650 1734 se
1679 1675 1962 1748 imperio,

627 1775 684 1826 et
715 1787 776 1826 se
807 1769 896 1826 lac
926 1769 1280 1843 pOpulorum
1317 1769 1700 1836 ebibiturum,

628 1859 862 1915 divitias
892 1864 1255 1925 voraturum,
1290 1863 1344 1913 et
1376 1856 1794 1929 pinguedinem

628 1949 906 2007 medullis
937 1949 1382 2013 exhausturum,
1417 1951 1482 2002 ut
1513 1946 1588 2002 ait
1620 1945 1921 2017 propheta.

628 2039 891 2094 Eli‘utivit
920 2038 1097 2094 etiam
1134 2037 1328 2110 palam
1363 2039 1420 2092 in
1452 2035 1729 2092 concione

621 2127 864 2183 disertis
893 2126 1108 2193 verbis,
1143 2142 1384 2181 romano
1417 2123 1815 2179 Andronicum
1898 2155 1900 2158 ν

624 2216 1016 2287 praefuturum
1049 2215 1220 2269 annis
1260 2214 1508 2284 imperio
1539 2227 1779 2278 novem;

625 2304 684 2359 ni
719 2305 1044 2376 redegisset
1074 2304 1228 2358 Deus
1260 2304 1332 2358 ad
1366 2302 1708 2365 triennium,

626 2411 694 2448 cx
724 2410 838 2465 quo
868 2392 1241 2448 Andronicus
1269 2399 1498 2464 sceptro
1532 2389 1694 2444 abuti
1726 2392 1980 2460 coeperat
2012 2405 2025 2443 :

624 2482 995 2537 subtractum
1029 2485 1226 2536 autem
1257 2478 1590 2536 Andronico
1623 2476 1990 2533 sexennium.

624 2587 727 2626 ceu
761 2587 1036 2642 purpuris
1067 2579 1434 2645 segmenlum
1468 2569 1519 2624 vi
1554 2569 1873 2638 direptum,

623 2661 695 2715 ad
730 2659 822 2715 sui
855 2660 1038 2715 fuisse
1065 2659 1361 2729 adjectum
1393 2658 1556 2730 regni
1589 2655 1850 2728 spatium
1883 2671 1896 2710 :

621 2763 800 2820 seque
833 2753 1141 2821 propterea
1167 2763 1271 2820 per
1299 2748 1356 2802 id
1392 2746 1739 2803 sexennium

620 2838 870 2893 fortasse
901 2837 1361 2909 haudquaquam
1399 2836 1519 2892 fore
1549 2850 1790 2906 prorsus
1819 2833 2126 2905 optimum.

618 2939 836 2991 Verum
869 2952 943 2991 ne
972 2934 1191 3006 elapsis
1218 2934 1456 3005 quidem
1491 2933 1781 3006 praedictis
1812 2931 1986 2987 annis

616 3023 780 3078 visus
811 3027 900 3079 est
929 3037 1124 3078 mores
1156 3039 1296 3078 suos
1324 3022 1587 3078 conferre
1619 3022 1677 3075 in
1713 3019 1944 3075 melius.

617 3111 970 3168 Blachorum
1001 3127 1145 3183 gens
1168 3112 1294 3182 jam
1324 3115 1452 3183 erat
1480 3108 1889 3176 intolerabilis,

614 3201 895 3256 Romanis
925 3199 1131 3272 spoliis
1162 3198 1579 3269 manubiisque
1609 3199 1770 3252 dives

615 3288 959 3360 eximiisque
989 3289 1203 3360 Opibus
1234 3289 1521 3342 instructa
1553 3288 1623 3342 ad
1657 3285 1878 3342 bellum
1914 3303 1927 3341 :

619 3393 797 3450 quare
825 3377 1149 3433 Romanam
1188 3377 1498 3432 incursans
1530 3375 1889 3448 provinciam

618 3466 901 3539 oppidum
933 3470 1191 3522 Varnam
1223 3467 1378 3538 cepit
1409 3482 1543 3521 cum
1577 3465 1882 3534 Anchialo,

622 3562 680 3612 et
708 3556 1013 3612 Triaditzae
1045 3572 1280 3627 quoque
1312 3555 1528 3610 invasit
1554 3571 1786 3626 agrum,

616 3647 898 3701 Naissum
933 3645 1150 3701 delevit
1181 3645 1433 3715 denique
1463 3661 1595 3699 cum
1627 3645 1918 3716 Stumpio,

616 3735 893 3790 abductis
925 3735 1063 3789 inde
1095 3733 1427 3789 innumeris
1454 3733 1775 3799 manubiis,

612 3825 756 3880 viris
789 3840 924 3879 cum
958 3822 1218 3893 feminis,
1251 3827 1307 3878 et
1337 3823 1618 3894 gregibus
1649 3821 1995 3894 omnigenis.

615 3921 946 3977 Conclusus
977 3937 1114 3993 ergo
1147 3937 1595 3993 quaquaversus
1627 3919 1899 3976 hostibus

614 4027 719 4066 nec
743 4011 870 4082 jam
904 4011 1052 4066 tueri
1085 4011 1270 4066 victos
1298 4011 1498 4065 valens
1529 4011 1740 4077 Casar,

611 4102 932 4157 exercitum
965 4101 1239 4156 bifariam
1272 4100 1474 4157 divisit
1503 4099 1776 4167 ducibus,

613 4192 829 4262 partim
860 4192 933 4246 ad
964 4189 1124 4246 locos
1148 4190 1373 4260 jubens
1405 4190 1566 4245 abire
1598 4188 1920 4261 hesperios,

613 4281 828 4351 partim
861 4281 933 4336 ad
965 4284 1153 4336 terras
1185 4296 1406 4352 nupero
1439 4279 1689 4335 afﬂictas
1720 4278 1873 4334 bello
1908 4296 1921 4333 :

611 4370 985 4445 Varnamque
1017 4369 1367 4424 instauravit
1397 4384 1531 4424 cum
1562 4368 1866 4437 Anchiale,

605 4458 1004 4530 idoneumque
1038 4458 1322 4530 imposuit
1354 4457 1447 4513 his
1480 4457 1849 4527 praesidium.

604 4548 735 4619 Ipse
769 4549 1066 4620 profectus
1097 4548 1286 4604 denuo
1320 4545 1783 4618 Philippopolim

604 4637 919 4692 Mcesorum
953 4653 1020 4692 ac
1049 4637 1400 4708 Scytharum
1437 4637 1720 4708 repressit
1758 4636 2046 4708 impetum

602 4730 660 4781 et
690 4743 799 4782 sua
831 4725 1144 4798 presentia
1174 4730 1231 4780 et
1262 4725 1517 4780 ducibus
1548 4725 1938 4797 pugnacibus.

605 4824 874 4899 Cumque
903 4825 1204 4882 Triballos
1237 4826 1512 4898 princeps
1539 4824 1883 4897 Scopiorum
1919 4825 2124 4883 urbem

606 4933 740 4972 cum
776 4916 1050 4972 universo
1083 4931 1223 4988 agro
1265 4914 1667 4987 popularetur,

597 5005 888 5077 impetum
921 5006 1059 5061 fecit
1091 5005 1280 5061 Caesar
1311 5021 1444 5060 cum
1478 5005 1734 5062 exercitu

599 5095 884 5165 illumque
913 5093 1264 5167 triumphali
1300 5095 1619 5166 prostravit
1649 5095 1869 5165 praelio.

598 5185 744 5240 Exin
778 5184 1122 5256 praeteriens
1154 5188 1435 5240 cunctum
1471 5183 1664 5242 Naissi
1698 5200 1930 5256 agrum,

597 5289 1074 5347 progressusque
1104 5274 1177 5329 ad
1211 5272 1392 5345 ampli
1427 5274 1647 5330 ﬂuenta
1677 5274 1832 5339 Savi,

595 5363 678 5418 ibi
713 5363 772 5419 in
805 5379 1189 5434 congressum
1223 5362 1383 5418 venit
1413 5379 1548 5418 cum
1581 5379 1715 5418 caro
1747 5379 1971 5435 socero,

592 5454 688 5510 cui
723 5453 870 5510 Belis
904 5468 1118 5509 nomen
1151 5459 1297 5522 erat,
1331 5452 1596 5521 Ungariae
1630 5469 1795 5525 rege;

592 5545 763 5614 cujus
796 5543 1089 5615 colloquio
1125 5543 1364 5609 fruitus,
1398 5547 1579 5613 atque
1610 5547 1674 5597 ut
1705 5543 1902 5598 decuit

593 5633 844 5689 invicem
879 5632 1201 5706 impertitis
1233 5633 1454 5688 amoris
1486 5633 1698 5704 signis,

594 5723 759 5781 illinc
794 5740 1066 5781 reversus
1092 5729 1201 5793 est,
1234 5728 1475 5779 vocante
1507 5723 1719 5792 ofﬁcio,

2315 515 2370 581 Α
2578 518 2718 591 Πρὸς
2752 520 3134 596 σωφρονισμὸν
3171 525 3511 598 μαστίγωσιν
3557 524 3799 601 μετρίαν,

2571 606 2742 680 ᾝπερ
2774 608 3084 684 φιλοίκτου,
3119 617 3440 684 συμπαθοῦς
3476 619 3610 669 Θεοῦ
3640 614 3826 687 νόμος·

2397 693 2539 749 6125
2575 695 2694 750 Ὀτι
2729 693 2775 750 δ’
2811 697 2984 752 ὀπίσω
3014 706 3113 768 τῆς
3143 702 3322 776 Βρανᾶ
3350 701 3632 776 τυραννίος

2571 783 2798 856 Ὑπῆρξε
2830 784 2982 858 λαὸς,
3011 786 3161 843 τοῦδ’
3188 789 3427 852 ἀποστάς
3445 795 3541 845 τοῦ
3572 790 3827 866 κράτους,

2570 869 2826 926 Τοιοῖσδε
2854 879 3043 935 κακοῖς
3074 872 3386 932 ἐκδεδόσθαι
3419 872 3641 948 συνέϐη.

2568 960 2632 1010 Ὤ
2656 963 2764 1013 τῶν
2796 968 3040 1035 πονηροῦ
3073 964 3403 1038 σκεμμάτων
3445 966 3534 1020 καὶ
3567 966 3891 1043 σπερμάτων
3922 971 3933 1022 !

2569 1046 2632 1100 Ei
2664 1052 2831 1103 ταῦτά
2859 1054 2997 1112 τινές
3030 1051 3161 1106 εἰσιν
3189 1053 3575 1131 ὑπειληφότες,

2390 1135 2530 1188 6130
2568 1136 2654 1196 Ὠς
2690 1136 2953 1208 μυριάδας
2987 1135 3220 1195 εύσιϐὦν
3249 1139 3438 1203 ἐκδοὺς
3472 1141 3589 1216 ἔχει

2567 1224 2695 1284 Θεὸς
2724 1226 2860 1300 πρὸς
2889 1225 3167 1282 ἀπώλειαν
3197 1224 3335 1293 ἔθνει
3371 1225 3650 1304 βαρϐάρῳ,

2569 1311 2897 1368 Οὐτινοσοὸν
2927 1316 3227 1390 ἀντίψυχον
3256 1319 3543 1394 παροινίας

2566 1401 2760 1463 Ὄντος
2791 1405 2910 1466 καθ’
2942 1406 3090 1476 ἡμᾶς
3117 1410 3213 1460 τοῦ
3244 1411 3425 1468 κακῶς
3457 1407 3810 1469 πεπονθότος.

2567 1488 2711 1562 Ηρὸς
2740 1489 2925 1545 τοῖσδε
2955 1489 3356 1570 προῦφοίϐαζεν
3389 1496 3464 1559 ὡς
3496 1497 3799 1571 μοναρχίαν

2388 1587 2530 1642 6135
2567 1582 2976 1661 Περιϐαλεῖται,
3009 1591 3099 1644 καὶ
3128 1589 3494 1664 Παλαιστίνην
3524 1593 3688 1649 πάλιν

2568 1673 2975 1750 Ἐλευθερώσας
3007 1686 3308 1754 προσνεμεῖ
3335 1682 3663 1757 κραταρχίᾳ.

2569 1763 2664 1818 Καὶ
2695 1764 2837 1840 γάλα
2869 1764 2915 1819 δ’
2946 1765 3110 1830 ἐθνῶν
3147 1767 3371 1838 θηλάσει
3398 1772 3532 1825 κατά
3570 1772 3754 1845 κόρον,

2312 1869 2358 1932 Β
2568 1852 2664 1905 Καὶ
2695 1853 2934 1910 πλοῦτον
2959 1857 3134 1911 αὐτῶν
3168 1860 3393 1935 φάγεται
3423 1860 3512 1913 καὶ
3543 1859 3607 1914 τὰ
3636 1860 3790 1934 πάχη

2568 1941 2855 2015 Ἐκμυελεῖ
2885 1947 3021 2000 κατά
3049 1949 3146 2015 τήν
3182 1948 3457 2011 θεοπτίαν.

2385 2030 2526 2085 6140
2566 2032 2666 2087 Καὶ
2697 2035 2844 2087 τοῦτ’
2875 2035 3098 2108 ἀμαθῶς
3130 2034 3420 2112 συλλόγων
3446 2037 3762 2110 ⁴ἠλισμένων

2560 2121 2793 2196 Ἔφασκε
2826 2128 3116 2195 Λαμπρῶς,
3150 2125 3226 2187 ὡς
3255 2124 3604 2201 ’Ἀνδρόνικος
3634 2127 3848 2201 χρόνων

2558 2208 2831 2282 ’Ἐμελλεν
2860 2209 3033 2287 ἄρξειν
3067 2211 3258 2268 έννάδα
3291 2213 3624 2288 Ῥωμαΐδος⁹

2559 2297 2686 2359 Θεὸς
2721 2296 2777 2352 δὲ
2808 2299 3141 2355 συνέστειλεν
3175 2301 3250 2362 εἷς
3278 2303 3380 2371 τήν
3409 2300 3629 2376 τριάδα,

2559 2389 2738 2440 Κακοῢ
2769 2387 3020 2461 φανέντος
3054 2387 3409 2464 Ἀνδρονίκου
3440 2395 3517 2462 τῷ
3547 2393 3756 2467 κράτει.

2379 2483 2520 2539 6145
2556 2483 2617 2539 Ἡ
2645 2481 2690 2537 δ’
2722 2483 2837 2554 ἐξάς
2867 2484 3001 2556 αὕτη
3034 2490 3143 2540 τῶν
3183 2487 3403 2562 χρόνων
3439 2486 3791 2564 Ἀνδρονίκου

2553 2573 2640 2635 Ὡς
2672 2573 2930 2648 πορφύρᾳ
2950 2574 3125 2652 ’ῥάκος
3157 2597 3208 2630 τι
3242 2574 3636 2654 διεῤῥηγμένον

2555 2657 2953 2734 Ἐπιϐέϐληται
2983 2662 3143 2719 τοῦδε
3172 2670 3242 2739 τῇ
3277 2667 3608 2742 κραταρχίᾳ·

2554 2752 2650 2806 Καὶ
2685 2753 2821 2806 κατὰ
2849 2752 3080 2815 τούτους
3113 2753 3213 2808 ούκ
3245 2756 3444 2829 ἀγαθὸς
3477 2755 3604 2818 τοὺς
3638 2757 3869 2831 χρόνους

2553 2841 2757 2895 Γένοιτ’
2791 2840 2849 2896 ἃν
2878 2839 3015 2904 ’ίαως
3047 2841 3172 2897 οὐδὲ
3207 2843 3443 2918 βελτίων
3468 2847 3630 2900 πάνυ.

2376 2931 2524 2985 6150
2563 2929 2713 2983 Ἐπεὶ
2745 2927 2802 2984 δε
2830 2929 3174 3007 παρέδραμεν
3209 2933 3325 3004 ὲξὰς
3346 2937 3453 2988 τῶν
3487 2935 3730 3008 χρόνων,

2547 3018 2723 3083 Αὐτὸς
2749 3019 2922 3075 πάλιν
2955 3024 3019 3090 ἧν
3049 3022 3160 3096 οὐχ
3191 3023 3383 3076 ἑαυτοῦ
3415 3021 3668 3098 βελτίων.

2545 3107 2782 3184 Βλάχων
2818 3110 3054 3185 ὑπῆρξεν
3100 3110 3476 3166 ἀνυπόστατον
3511 3115 3683 3188 φῦλον

2300 3228 2343 3294 C
2557 3195 2806 3294 Ηλησθὲν
2850 3197 3107 3294 λαφύρων
3143 3201 3477 3272 Ῥωμαϊκῶν
3507 3201 3595 3256 καὶ
3635 3202 3852 3257 σκύλων

2561 3285 2662 3341 Καὶ
2695 3284 2941 3342 πλοῦτον
2972 3282 3141 3361 ἀϐρὸν
3178 3286 3396 3354 ένδυθὲν
3427 3290 3565 3366 πρὸς
3595 3297 3695 3360 τῆς
3732 3291 3943 3365 μάχης·

2379 3376 2520 3431 6155
2559 3374 2750 3431 Τοίνυν
2784 3373 2938 3449 ἐπῄει
2968 3383 3301 3450 Ῥωμαϊκοῖς
3333 3379 3590 3454 χωρίοις,

2560 3464 2660 3520 Καὶ
2693 3464 2900 3539 Βάρναν
2934 3468 3051 3522 εἷλε
3084 3466 3178 3522 σὺν
3212 3467 3496 3543 Ἀγχιάλῳ
3526 3467 3720 3530 πόλεις

2564 3553 2662 3610 Καὶ
2694 3554 3024 3630 Τριαδίτζης
3052 3555 3358 3631 κατέδραμε
3389 3557 3517 3621 τοὺς
3546 3557 3729 3634 ὅρους,

2559 3644 2664 3698 Καὶ
2696 3645 2863 3700 Νίσον
2900 3647 3137 3722 ἠφάνισε
3169 3647 3260 3700 σὺν
3291 3651 3370 3717 τῷ
3396 3647 3718 3720 Στουμπίῳ,

2555 3733 2717 3786 Λείαν
2752 3732 2953 3797 ἐκεῖθεν
2981 3735 3265 3810 ἀπαγαγὸν
3304 3737 3500 3811 μυρίαν

2377 3832 2519 3888 6160
2558 3828 2823 3906 ’Λνδρῶν,
2853 3837 3152 3907 γυναικῶν,
3181 3832 3547 3888 παντοδαπῶν
3579 3833 3821 3908 ἀλόγων.

2555 3917 2947 3993 Κυκλούμενος
2977 3926 3108 3998 γοῦν
3140 3928 3259 3985 τοῖς
3292 3923 3515 3997 ἐχθροῖς
3548 3925 3916 3998 πανταχόθεν,

2557 4009 2661 4065 Καὶ
2698 4012 2773 4083 μὴ
2808 4012 3005 4075 σθένων
3037 4013 3341 4086 πάσχουσιν
3358 4013 3594 4086 ιᾶμύνειν
3639 4013 3783 4083 ἅναξ,

2558 4055 2661 4065 η...
2698 4055 2773 4083 Γ...
2810 4055 3001 4075 ων...
3045 4055 3338 4086 "ML"-..
3369 4055 3592 4086 ...μυνη
3639 4055 3783 4083 -..Ἥ

2552 4097 2645 4160 Εἰς
2673 4098 2799 4161 τοὺς
2830 4103 3166 4176 στρατηγοὺς
3201 4055 3454 4177 στραέιάν
3486 4101 3837 4175 κερμαῑίσας,

2551 4190 2662 4257 Τὴν
2699 4189 2794 4260 μὲν
2833 4191 2989 4264 μέρει
3023 4189 3283 4266 πέπομφε
3311 4191 3451 4265 πρὸς
3481 4190 3732 4266 ἑσπέραν,

2373 4279 2518 4335 6165
2555 4275 2740 4350 Ἀλλῃ
2773 4276 2829 4332 δὲ
2858 4277 3023 4349 τήνδε
3053 4281 3190 4354 πρὸς
3221 4284 3422 4335 πονοῦν
3450 4281 3668 4342 πάντως
3701 4279 3866 4353 μέρος

2554 4368 2657 4424 Καὶ
2689 4369 2901 4442 Βάρναν
2933 4368 3175 4424 ἀνέκτισε
3206 4369 3298 4424 σὺν
3333 4369 3641 4444 Ἀγχιάλῳ,
3703 4405 3708 4407 -

2553 4458 2656 4513 Καὶ
2686 4455 2872 4512 ταῖσδε
2902 4458 3140 4532 φρουράν
3174 4459 3365 4525 ἱκανὴν
3399 4458 3699 4532 ὐπεισάγει·

2294 4582 2342 4647 D
2552 4546 2727 4608 Αὐτὸς
2764 4544 2810 4600 δ’
2840 4545 3062 4610 ἐπιστάς
3089 4551 3158 4620 τῇ
3193 4546 3481 4602 Φιλίππου
3512 4546 3602 4602 καὶ
3633 4546 3800 4602 πάλιν

2548 4639 2746 4690 Μυσῶν
2786 4657 2842 4690 τε
2874 4638 3095 4691 Σκυθῶν
3124 4636 3432 4711 ἆνεχαίτιζε
3465 4637 3655 4711 στίχας

2374 4735 2516 4790 6170
2555 4735 2653 4791 Καὶ
2693 4732 2764 4788 δι’
2792 4734 2982 4789 ἑαυτοῦ
3008 4733 3096 4789 καὶ
3125 4738 3445 4810 στρατηγῶν
3473 4734 3744 4790 εύόπλων·

2555 4825 2657 4879 Καὶ
2687 4818 3066 4900 τριϐαλάρχου
3091 4821 3491 4898 καταδῃοῦντος
3521 4824 3685 4879 πόλιν

2555 4912 2661 4966 Σὺν
2688 4919 2806 4976 τοῖς
2837 4914 2989 4989 πέριξ
3023 4914 3188 4969 ἅπασι
3219 4915 3318 4983 τήν
3349 4918 3457 4968 τῶν
3502 4915 3781 4986 Σκοπίων,

2549 5003 2726 5077 Ὁρμᾷ
2763 5004 2879 5057 κατ’
2902 5002 3065 5058 αὐτοῦ
3101 5001 3358 5078 βασιλεὺς
3384 5003 3476 5057 σὺν
3508 5000 3754 5076 δυνάμει,

2552 5092 2909 5165 Συμπλακείς
2940 5094 3173 5164 ἥττησεν
3206 5093 3367 5149 αὐτὸν
3399 5093 3668 5168 ἐσχάτως.

2371 5185 2512 5238 6175
2549 5186 2746 5257 Χῶρον
2779 5180 3134 5257 παραλλάξας
3165 5181 3221 5237 δὲ
3249 5185 3424 5238 πάντα
3451 5186 3548 5237 τοῦ
3581 5182 3745 5237 Νίσου

2551 5272 2653 5328 Καὶ
2686 5273 2822 5348 πρὸς
2855 5267 3103 5326 Σάουϐον
3138 5273 3427 5351 πεφθακὼς
3465 5269 3758 5347 βαθυδίνην

2548 5363 2757 5418 Ἐκεῖσε
2789 5360 3036 5434 συνέμιξε
3067 5358 3305 5433 κηδεστῇ
3337 5359 3482 5438 φίλῳ

2550 5451 2820 5526 Οὐγγρίας
2855 5451 2981 5527 ῥηγί
3013 5455 3093 5522 τῷ
3122 5449 3267 5520 Βελᾷ
3294 5448 3647 5522 κεκλημένῳ,

2548 5539 2652 5596 Καί
2685 5542 2736 5594 οἱ
2769 5540 3195 5616 προσαγόρευσιν
3225 5539 3537 5595 ἀποτιννύει

2367 5632 2509 5688 6180
2548 5629 2650 5686 Καὶ
2678 5631 2776 5700 τήν
2809 5628 3076 5705 πρεπώδη
3111 5627 3351 5700 δεξίωσιν
3384 5628 3473 5684 καὶ
3506 5629 3711 5704 σχέσιν

2545 5721 2757 5776 Ἐπειτ’
2788 5720 2988 5786 ἐκεῖθεν
3017 5719 3321 5780 ἀπαναστὰς
3355 5719 3428 5782 ὡς
3463 5715 3603 5787 δέον,
