4250 6432
185 393 291 448 233

368 520 498 581 Μεθ’
531 519 741 591 ἡμέρας
776 516 963 572 εἷ’σεισι
996 516 1281 571 Φιλίππου
1311 512 1502 583 πόλιν,

366 608 627 669 Κάκεῖθεν
660 607 929 675 ἀνέζευξεν
965 605 1043 667 εἰς
1081 604 1514 660 Κωνσταντίνου.

367 696 519 748 Ἐπεὶ
553 692 608 749 δὲ
641 697 842 751 Μυσῶν
870 696 957 748 καὶ
995 698 1212 757 Σκυθῶν
1247 691 1420 747 δεινὸν
1454 689 1626 768 φῦλον

184 785 331 839 6185
372 784 793 855 Ἐπεστράτευσε
822 785 911 837 καὶ
938 782 1101 836 πάλιν
1135 779 1426 853 Ῥωμαίδι,

364 876 538 944 Δῃοῦν
572 869 628 926 δε
659 873 842 946 φθάνει
879 872 1044 944 μέχρι
1075 877 1173 938 τῆς
1203 868 1518 944 Ἀρκαδίου,

359 960 461 1014 Καὶ
493 961 741 1032 στρατιὰν
774 961 1006 1030 ἥττησεν
1038 959 1281 1032 αἰσχρῶς
1314 957 1567 1014 Αὐσόνων

362 1050 509 1122 Πρὸς
543 1049 955 1123 ἀντιπαράταξιν
990 1049 1139 1103 ἰκτετ
1149 1071 1211 1122 ιγ
1222 1050 1386 1120 μένην
1398 1092 1411 1116 ,

361 1140 550 1212 ’Ἑγνω
582 1137 652 1192 δι’
682 1139 847 1193 αὐτοϋ
879 1143 1011 1214 σφᾶς
1044 1136 1317 1209 μετελθεῖν
1355 1139 1382 1191 ὁ
1412 1138 1650 1210 κράτωρ,

179 1238 324 1292 6190
364 1238 719 1312 Ἀπογραφὴν
749 1235 864 1307 οὖν,
897 1235 1178 1310 συλλογὴν
1206 1247 1340 1304 καθη
1356 1236 1520 1308 μέραν

357 1327 522 1397 Ὀρᾷν
557 1327 776 1398 ὑπῆρχε
806 1327 1129 1396 Ῥὦμαῖκῶν
1160 1326 1474 1397 ταγμάτων·

360 1413 506 1486 Πρὸς
537 1410 593 1467 δὶ
624 1413 827 1482 ξενικὸν
862 1414 1214 1486 συμμαχικὸν
1253 1411 1442 1484 μυρίον

357 1503 576 1565 Μισθοῦ
607 1504 789 1555 συνιὸν
819 1501 872 1570 ἐξ
904 1501 1041 1569 ὅλης
1076 1502 1389 1574 ἐθναρχίας.

358 1591 449 1650 Ὠς
484 1588 577 1644 οὖν
609 1590 1002 1665 ἆπειράριθμον
1035 1589 1301 1664 ἠθροίσθη
1333 1589 1536 1664 στίφος,

183 1679 328 1736 6195
363 1679 600 1747 ’Ἑξεισιν
632 1680 767 1753 ἦρος
795 1685 894 1746 τῆς
924 1677 1337 1732 Κωνσταντίνου
1366 1677 1603 1752 κράτωρ,

359 1772 579 1840 Χρυσοῦ
610 1770 935 1841 κεντηνάρια
964 1767 1122 1821 πέντε
1150 1767 1284 1840 πρὸς
1316 1763 1461 1836 δέκα,

361 1858 656 1930 Ἀργυρίου
684 1855 730 1910 δ’
761 1855 827 1910 αὖ
859 1855 1099 1928 ἆξήκοντ’
1138 1856 1470 1928 ἰπηγμένοςθ

361 1947 460 1999 Καὶ
491 1947 628 2019 πρὸς
660 1943 964 2001 Ῥαιδεστὸν
994 1947 1092 2012 τήν
1125 1944 1288 1998 πόλιν
1318 1944 1635 2018 ἀφιγμένος,

363 2036 513 2090 Ἐκεῖ
546 2033 713 2110 φύσας
745 2032 911 2110 ἔφαγε
946 2036 1202 2106 μυστικὸν
1237 2035 1452 2108 Πάσχα,

178 2134 320 2188 6‘300
361 2133 657 2206 Ἐορτάσας
691 2132 901 2207 ἔγερσιν
931 2135 1090 2205 ἡμῶν
1123 2135 1396 2186 Δεσπότου

366 2223 596 2296 Πρώτην
629 2223 1003 2294 κυριώνυμον,
1034 2223 1108 2284 ὡς
1133 2226 1348 2282 πιστοῖς
1371 2221 1509 2285 ἔθος.

359 2310 674 2384 Ευγγίνεται
709 2308 754 2364 δ’
788 2310 1014 2374 ἐνταῦθα
1047 2311 1355 2382 Βασιλακίῳ

351 2397 542 2472 Ἀνδρί
578 2400 782 2473 βιοῦντι
819 2399 932 2474 βίον
967 2397 1378 2472 ἐξηλλαγμένον

357 2488 460 2543 Καὶ
500 2485 785 2560 διαγωγήν’
805 2487 1046 2557 ἀσυνήθη
1078 2494 1194 2549 τοῖς
1228 2486 1401 2548 ὅλοις

172 2578 315 2633 6205
352 2578 543 2638 Ὅστις
570 2578 636 2630 τὰ
667 2576 899 2648 πρόσθεν
931 2571 1264 2648 προϐλέπειν
1306 2577 1420 2650 εἶχε
1450 2575 1634 2646 κλέος,

355 2664 452 2725 Εἲς
484 2667 544 2717 δν
575 2664 819 2739 συνέρρει
855 2671 962 2726 πᾶς
995 2686 1080 2725 τις
1110 2666 1184 2728 ὡς
1214 2665 1289 2726 εἷς
1325 2664 1545 2735 Λοξίαν.

318 2751 491 2807 Οὐδὲν
526 2750 726 2824 διεξῄει
760 2751 816 2806 δὲ
848 2755 1034 2827 τρανὶς
1065 2753 1331 2820 συνόλως,

353 2839 481 2895 Οὐδ’
524 2843 668 2914 ὑγιες
699 2862 757 2895 τε
788 2843 875 2894 καὶ
910 2840 1392 2914 διηυκρινημένον,

357 2927 540 2984 Ἀλλά
567 2927 818 3005 γριφώδη
852 2929 1046 2996 πάντα,
1079 2928 1494 3001 πεπλανημένα·

173 3031 315 3084 6210
359 3030 445 3084 Ἐν
480 3025 528 3081 δ’
557 3025 622 3080 αὖ
651 3048 713 3100 γε
743 3027 980 3088 πολλοῖς
1012 3027 1345 3103 ἀπεφλυάρει
1379 3027 1578 3101 λόγους

353 3116 739 3190 Εὗτραπελίας
769 3116 858 3170 καὶ
888 3115 1132 3190 γέλωτος
1165 3116 1366 3186 ἀξίους,

354 3205 608 3265 Macrob:
639 3209 911 3277 γυναικῶν
944 3203 1219 3281 ἀναδιφῶν
1253 3205 1560 3277 παλάμαις,

351 3298 666 3367 Περιαθρῶν
693 3314 752 3347 τε
782 3295 872 3346 καὶ
910 3295 1084 3369 σφυρὰ
1111 3293 1316 3348 τούτων
1349 3293 1538 3360 πάλιν,

344 3384 466 3459 Ἐφ’
501 3385 588 3436 οἷσ
613 3387 820 3455 συνεῖρε
846 3384 933 3436 καὶ
973 3384 1179 3455 μακρὰς
1212 3380 1509 3456 ληρωὸίας.

175 3474 317 3528 6215
357 3473 553 3541 Ὅμως
587 3469 950 3524 έπεισπάσατο
985 3473 1270 3548 συρφάκων
1306 3467 1502 3544 ὄχλον,

355 3558 456 3616 Καὶ
492 3560 543 3612 ol
575 3564 876 3633 προσεῖχον
911 3562 1000 3613 οἷα
1028 3560 1115 3613 καὶ
1155 3556 1472 3634 προηγόρῳ.

360 3647 637 3702 Συνείπετ⁹
672 3647 819 3718 αὐτῷ
850 3649 940 3701 καὶ
972 3669 1092 3702 τινα
1121 3646 1381 3722 γραῖδίων

353 3736 919 3812 υῖστρηλατουμένων
947 3757 1004 3791 τε
1033 3739 1120 3791 καὶ
1156 3737 1487 3813 παραφόρων

354 3832 431 3880 Τα
463 3824 716 3900 δρώμενά
747 3827 802 3879 οἱ
828 3847 1000 3881 παντα
1029 3827 1116 3880 καὶ
1149 3826 1448 3900 λελεγμένα

173 3918 317 3973 6220
358 3915 797 3989 Διατρανούντων
830 3914 1244 3992 ἀφικνουμένοις
1278 3913 1452 3978 ὅλοις.

356 4007 490 4066 Τοῖς
518 4004 737 4057 πλείοσι
772 4002 816 4057 δ’
850 4002 996 4074 ἔδοξε
1025 4002 1218 4059 τοῦτον
1249 4003 1470 4060 εἰδότων

357 4093 705 4166 Προφητικός
735 4114 818 4156 τις
847 4095 931 4146 καὶ
966 4099 1082 4164 Θεῷ
1113 4093 1471 4168 πεφιλμένος⁶

356 4184 456 4244 Οἷς
490 4182 696 4244 σύνεσις
727 4179 772 4235 δ’
800 4181 866 4250 ἦν
898 4183 986 4236 καὶ
1019 4183 1202 4259 φρένες
1233 4183 1432 4258 κρίνειν
1459 4180 1601 4254 δέον,

356 4270 582 4332 Γελοῖος
615 4269 924 4340 ὑπείληπτο
953 4269 1215 4345 ληρώδης
1239 4273 1435 4348 γέρωνο

175 4363 318 4417 6225
357 4357 550 4428 Ἔδοξε
581 4357 624 4412 δ’
648 4358 844 4421 ἄλλοις
878 4365 1089 4432 πνεῦμα
1131 4361 1384 4422 Πύθωνος
1416 4360 1616 4436 φέρειν·

357 4451 545 4509 Ὀστις
579 4447 848 4503 ἒπιστάντι
883 4471 943 4525 γε
971 4455 1050 4520 τῷ
1082 4450 1408 4527 στεφηφόρῳ

354 4537 464 4593 Καὶ
494 4535 638 4592 τόνδ’
680 4536 884 4613 ἱλαρῶς
918 4539 1276 4614 εὐλογήσαντι
1307 4541 1431 4595 τότε

358 4625 533 4685 Οὐδὲν
567 4630 828 4699 κατξίωσε
859 4635 1158 4702 προσσχεῖν
1182 4629 1445 4690 συνόλως·

354 4719 509 4771 ’Ἂνω
545 4713 601 4770 δέ
641 4717 785 4770 κάτω
824 4718 1110 4792 βακχικῶς
1139 4739 1258 4780 πως
1291 4718 1534 4792 ἠγμένος

181 4817 328 4871 6230
371 4810 664 4870 Ὀνείδεσιν
698 4809 900 4869 ἔϐαλλε
931 4815 1399 4890 συνειλεγμένους,

361 4902 505 4964 Τοὺς
543 4900 588 4956 δ’
619 4902 669 4956 έν
701 4901 847 4958 τέλει
886 4902 1124 4976 μάλιστα
1154 4905 1243 4960 καὶ
1274 4907 1578 4978 γερουσίας⁸

364 4992 469 5048 Καὶ
502 4994 742 5068 κράτορα
776 4991 822 5046 δ’
855 4993 961 5068 οὐχ
990 4996 1151 5062 ἧττον
1184 4997 1247 5061 ἦν
1283 4999 1460 5057 κακῶς
1500 4995 1693 5070 λέγων·

366 5083 473 5139 Καὶ
505 5083 558 5135 οἱ
587 5084 783 5156 κρατὸς
819 5079 866 5136 δ’
897 5084 1152 5156 ὥρμησεν
1184 5083 1416 5158 ἅρπάσαι
1440 5082 1626 5141 πῖλον.

358 5168 538 5233 Μόλις
568 5169 625 5225 δὲ
666 5170 831 5241 λήξας
864 5171 1128 5227 πωλικῶν
1160 5175 1500 5246 κινημάτων,

188 5263 334 5318 6235
371 5265 449 5334 Τῇ
483 5258 573 5315 διὰ
601 5263 789 5337 χειρὸς
818 5262 1028 5318 εὐτελεῖ
1061 5264 1332 5336 βακτηρίᾳ

365 5352 613 5422 Ὀμματ’
634 5352 874 5425 ἀμαυροῖ
907 5351 1197 5426 βασιλικῆς
1228 5351 1436 5416 εἰκόνος

374 5441 483 5497 Eni
514 5440 737 5504 πίνακος
760 5441 942 5505 αὐτόθ’
975 5441 1435 5518 ἐγγεγραμμένης·

366 5530 480 5586 Τοῦ
513 5527 558 5582 δ’
591 5531 664 5592 ὡς
701 5530 1006 5603 μεμηνότος
1037 5530 1339 5604 καταγυοὺς
1382 5528 1528 5599 ἄναξ.

365 5617 604 5680 ’Δλλαις
628 5621 813 5675 ἑαυτὸν
848 5620 1122 5698 φροντίσιν
1158 5618 1474 5696 ἰνησχόλει.

188 5713 327 5768 62Ᾱο
367 5711 610 5769 Ἐκεῖθεν
644 5710 718 5773 εἰς
746 5708 1011 5784 Κύψελλα
1038 5708 1297 5786 φρούριον
1332 5710 1559 5787 φθάσας,

475 5829 745 5892 Pauor"
794 5829 906 5892 Gn.
946 5827 1209 5892 CXLIII.

1713 393 2072 447 CBSARBS.

1869 545 1923 609 Α
1956 516 2230 586 brevique
2263 523 2394 588 post
2424 519 2685 589 pervenit
2717 519 3190 590 Philippopolim,

1959 609 2134 675 atque
2164 606 2302 660 hinc
2334 609 2622 662 concessit
2650 609 3234 678 Constantinopolim.

1955 693 2064 747 Sed
2099 694 2372 764 quoniam
2403 698 2561 750 Μωεὶ
2593 702 2649 750 et
2681 697 2903 767 Scytha:
2937 703 3138 768 gentes
3171 699 3354 754 εποντο

1955 797 2162 836 rursus
2196 781 2457 839 molestis
2489 791 2658 839 erant
2691 785 2971 841 Romanis
3003 788 3174 841 terris

1952 871 2398 942 praedantesque
2426 884 2803 942 pervenerant
2835 877 3287 947 Arcadiopolim,

1949 961 2205 1015 exercitu
2238 965 2498 1017 Romano
2530 963 2678 1018 victo
2712 964 2960 1034 turpiter

1950 1047 2051 1118 qui
2083 1053 2282 1103 contra
2312 1049 2464 1104 exire
2495 1050 2553 1105 in
2585 1052 2768 1106 aciem
2802 1069 2983 1107 ausus
3013 1054 3234 1120 fuerat;

1949 1135 2164 1190 bellum
2199 1139 2503 1192 constituit
2535 1140 2724 1193 Cmsar
2753 1157 2856 1210 per
2878 1157 2938 1195 se
2965 1158 3182 1210 gerere.

1945 1223 2435 1280 Conscrihebatur
2461 1228 2658 1298 itaque
2690 1229 2952 1297 quotidie
2981 1232 3288 1297 exercitus,

1948 1317 2312 1390 Romanique
2344 1321 2579 1377 ordines
2611 1322 3100 1378 centuriabantur
3135 1343 3146 1378 :

1945 1408 2238 1477 plurimus
2269 1411 2446 1464 etiam
2489 1412 2710 1466 advena
2749 1418 2805 1467 et
2834 1413 3134 1468 auxiliaris

1944 1497 2378 1552 conducebatur
2409 1498 2576 1553 miles
2610 1500 2667 1553 in
2701 1505 2909 1555 cuncto
2937 1502 3202 1571 imperio.

1941 1583 2186 1653 Jamque
2211 1585 2471 1642 collectis
2502 1588 2685 1658 copiis
2714 1605 2891 1658 prOpe
2923 1591 3270 1657 innumeris,

1942 1689 2071 1728 vere
2103 1674 2340 1730 ineunte
2371 1676 2562 1731 Cassar
2585 1678 2857 1748 Byzantio
2889 1679 3084 1744 exivit,

1942 1761 2069 1815 auri
2102 1763 2336 1832 quidem
2371 1767 2735 1820 centenarios
2761 1767 3120 1835 quindecim,

1941 1849 2165 1917 argenti
2193 1851 2493 1920 sexaginta
2523 1867 2722 1907 secum
2759 1853 2968 1907 ferens.

1861 1903 1908 1967 Β
1940 1903 2110 1988 Ειυειά
2142 1903 2738 2009 Rhazdejstum‘usquﬁe
2759 1903 3119 2011 progressus
3155 1945 3359 2000 urbem

1942 2024 2251 2094 mysticum
2283 2026 2364 2080 ibi
2396 2029 2771 2083 manducavit
2811 2031 3052 2099 pascha,

1941 2117 2429 2172 resurrectionem
2452 2118 2663 2173 Christi
2697 2118 3018 2175 solemnem
3051 2138 3360 2193 peragens,

1941 2203 2191 2274 primam
2227 2221 2433 2276 nempe
2466 2206 2851 2274 Dominicam,
2885 2208 3218 2266 Christiano
3253 2229 3433 2270 more.

1944 2302 2026 2356 lbi
2051 2303 2108 2357 in
2142 2303 2501 2373 colloquium
2527 2305 2684 2359 venit
2711 2323 2843 2361 cum
2880 2307 3161 2363 Basilacio

1939 2393 2063 2449 viro
2093 2395 2319 2450 vivente
2345 2395 2651 2450 insolitum
2683 2399 2810 2452 vitae
2842 2414 3050 2468 genus.

1939 2480 2086 2536 nulli
2123 2487 2323 2538 suetos
2356 2483 2666 2553 proﬁtente
2697 2501 2908 2551 mores,

1939 2570 2037 2640 qui
2076 2570 2272 2625 futura
2301 2572 2548 2625 canendi
2580 2572 2812 2628 cluebat
2835 2573 3036 2643 gloria,

1939 2660 2167 2716 cunctis
2195 2661 2265 2714 ad
2297 2677 2430 2716 eum
2466 2662 2835 2719 venientibus
2866 2681 2970 2720 ceu
3004 2668 3073 2720 ad
3108 2666 3365 2724 Loxiam.

1940 2748 2053 2805 Nec
2085 2752 2280 2802 tamen
2313 2748 2362 2802 is
2395 2748 2622 2804 dicebat
2666 2751 2972 2821 perspicue
3003 2753 3356 2823 quidquam,

1938 2851 2077 2891 neve
2110 2835 2208 2905 qui
2242 2852 2452 2890 sanum
2485 2836 2781 2908 probeque
2813 2839 3141 2909 deﬁnitum,

1937 2941 2135 2979 verum
2172 2924 2405 2980 fallacia
2434 2933 2643 2980 cuncta
2675 2932 2731 2981 et
2759 2929 3134 2997 perobscura.

1937 3012 2196 3069 Profecto
2227 3013 2356 3083 ejus
2386 3029 2688 3069 sermones
2716 3015 3066 3088 plerumque
3091 3025 3254 3075 erant

1934 3099 2260 3156 scurriliter
2290 3101 2457 3156 eil‘usi
2490 3102 2730 3173 risuque
2760 3104 2946 3174 digni.

1935 3189 2187 3261 Papillae
2220 3190 2568 3245 feminarum
2603 3197 2972 3248 contrectans
3006 3197 3281 3253 manibus

1853 3260 1896 3328 C
1935 3260 2376 3351 inspiciensque
2408 3280 2624 3350 pariter
2654 3279 2888 3336 illarum
2919 3283 3090 3352 talos,

1929 3367 2134 3438 longas
2166 3373 2290 3422 tum
2319 3367 2556 3422 demum
2593 3371 2861 3425 nectebat
2892 3373 3236 3428 cantilenas.

1933 3468 2222 3524 Plebeiam
2255 3473 2452 3523 tamen
2486 3471 2719 3524 turbam
2749 3471 2797 3526 is
2831 3471 3097 3528 illexerat

1934 3559 2288 3630 praebentem
2323 3575 2494 3612 aures
2528 3559 2637 3612 sibi
2671 3565 2954 3630 tanquam
2987 3562 3124 3616 vati.

1931 3647 2373 3702 Comitabantur
2404 3645 2571 3701 illum
2607 3652 2664 3702 et
2694 3649 2962 3718 quaedam
2993 3650 3197 3705 vetulae

1929 3736 2160 3790 vecordi
2193 3739 2368 3790 oestro
2402 3735 2637 3806 percitae
2665 3741 2855 3807 atquae
2881 3739 3124 3805 insanae,
3166 3758 3171 3763 ·

1933 3841 2062 3895 qua
2093 3831 2293 3894 gestus
2325 3825 2452 3894 ejus
2487 3825 2705 3894 pariter
2734 3831 2790 3881 et
2818 3827 2974 3883 dicta
2999 3828 3198 3883 omnia

1933 3913 2337 3968 edisserebant
2363 3912 2560 3983 populi
2593 3930 2838 3970 coronas.

1936 4001 2217 4073 Vulgares
2245 4018 2382 4072 ergo
2414 4001 2684 4057 homines
2717 4004 2818 4074 qui
2852 4003 3008 4060 hunc
3043 4013 3348 4076 noverant,

1938 4089 2232 4161 propheta
2265 4089 2389 4144 loco
2435 4089 2730 4145 habebant
2760 4091 2995 4163 Deoque
3027 4093 3186 4150 chari
3220 4112 3234 4148 :

1938 4196 2138 4236 verum
2172 4180 2394 4235 cordati
2427 4185 2485 4235 et
2515 4197 2658 4234 sano
2682 4180 2906 4250 judicio
2939 4183 3166 4252 praediti

1939 4269 2258 4326 ridiculum
2283 4285 2689 4340 nugacemque
2723 4271 3008 4340 putabant
3030 4287 3230 4328 senem
3260 4289 3271 4326 :

1941 4363 2036 4420 alii
2073 4366 2368 4434 postremo
2397 4359 2778 4430 pythonicum
2808 4361 3146 4416 credebant.

1943 4463 1994 4516 is
2027 4459 2396 4515 accedentem
2431 4472 2533 4525 per
2563 4455 2618 4510 id
2655 4461 2889 4527 tempus
2923 4457 3248 4528 principem

1942 4556 1998 4606 et
2025 4548 2379 4604 salutantem
2416 4545 2660 4599 comiter
2691 4562 2756 4599 ac
2788 4545 3066 4602 benevole

1873 4628 1920 4693 Ι)
1953 4637 2115 4694 nullo
2147 4636 2418 4704 dignatus
2449 4637 2538 4687 est
2567 4639 2856 4702 respectu,
2882 4635 3088 4689 auditu
3125 4652 3136 4688 :

1948 4727 2067 4780 imo
2100 4724 2208 4777 hac
2242 4721 2373 4775 illac
2403 4721 2714 4775 discurens
2747 4727 3030 4792 tanquam
3067 4722 3293 4778 baccha

1947 4811 2231 4870 conviciis
2263 4810 2718 4864 circumstantes
2749 4811 3055 4876 onerabat,

1950 4903 2252 4975 prietectos
2287 4896 2610 4969 przesertim
2645 4914 2711 4952 ac
2751 4905 3054 4954 senatores
3087 4919 3101 4967 ;

1951 5011 2055 5050 nec
2088 4992 2286 5047 minus
2319 4989 2430 5061 ipsi
2457 4990 2671 5044 Caesari
2707 4989 3095 5045 maledicebat
3123 5007 3135 5044 :

1951 5084 2094 5155 quin
2127 5085 2182 5135 et
2210 5078 2515 5134 detrahere
2547 5078 2736 5149 capite
2770 5079 3014 5133 tentavit
3046 5079 3294 5151 apicem.

1952 5172 2197 5226 Demum
2229 5167 2524 5222 desistens
2557 5166 2793 5236 equinis
2826 5167 3270 5236 saltationibus,

1951 5261 2049 5316 vili
2081 5274 2257 5330 quem
2286 5258 2432 5311 forte
2475 5271 2653 5308 manu
2690 5257 2928 5327 gerebat
2959 5256 3168 5312 baculo

1953 5349 2153 5407 oculos
2180 5343 2418 5401 violavit
2448 5343 2620 5414 regia:
2655 5337 2933 5415 imaginis

1955 5457 2082 5513 quas
2120 5435 2418 5510 prostabat
2448 5433 2667 5488 ibidem
2702 5434 2856 5505 picta
2886 5435 2945 5489 in
2982 5435 3200 5492 tabula.

1955 5531 2119 5585 Tunc
2152 5523 2393 5579 homine
2426 5525 2491 5574 ut
2520 5519 2711 5576 Γιτιαηὶ
2747 5527 3084 5594 contempto
3119 5523 3342 5579 cerebri

1956 5621 2144 5675 Caesar
2177 5613 2247 5669 ad
2283 5610 2431 5666 alias
2465 5611 2728 5665 animum
2763 5613 3049 5667 convertit
3077 5629 3272 5670 curas.

1958 5707 2126 5765 Illinc
2157 5700 2444 5777 promotis
2478 5699 2547 5755 ad
2580 5699 2846 5772 Cypsella
2891 5701 3118 5770 castris,

3297 5819 3335 5878 8

3489 401 3597 457 234
