4190 6448
610 391 719 446 235
1769 427 1776 436 -
1827 394 2199 449 ΕΡΗΒΒΜῙῘ
2237 391 2805 451 ΟΗΒΟΝΟΟΒΔΡΗῙ

614 513 797 571 animi
829 528 1010 569 causa
1038 516 1312 570 venatum
1345 519 1436 570 est
1464 516 1781 587 profectus,

612 602 969 672 invitavique
1001 601 1238 656 fratrem
1273 607 1337 657 ut
1366 620 1564 659 secum
1593 604 1720 660 iret.

611 692 716 745 Hic
747 695 940 745 autem
973 705 1130 745 venae
1169 692 1459 748 simulans
1492 694 1806 748 sectionem

611 779 976 834 venatorium
1009 795 1322 834 excursum
1355 780 1666 836 declinavit
1700 798 1712 834 ε

608 884 790 940 quare
820 868 1142 940 imperator
1167 870 1331 925 solus
1355 874 1444 925 est
1475 870 1791 941 profectus.

607 959 770 1014 Tunc
799 957 1091 1027 conjurati
1113 957 1388 1013 idoneum
1422 959 1574 1014 nacti
1608 967 1838 1029 tempus

607 1063 952 1119 germanum
989 1048 1114 1118 ejus
1135 1048 1404 1103 Alexium
1439 1049 1649 1121 raptim
1684 1050 1908 1104 ducunt

604 1138 762 1193 intra
794 1139 1110 1193 tentorium
1143 1139 1370 1211 regium
1404 1141 1730 1210 tbronoque
1762 1138 2069 1205 collocant,

607 1231 664 1281 et
696 1228 1026 1282 Romanum
1061 1227 1323 1282 salutant
1353 1228 1789 1298 imperatorem,

606 1315 938 1387 plausibus,
972 1319 1036 1368 ut
1066 1316 1128 1369 fit
1158 1316 1418 1386 regibus,
1454 1319 1892 1387 concrepantes.

603 1405 823 1459 Audita
854 1419 912 1458 re
946 1403 1205 1459 Isaacius
1237 1409 1418 1460 Deum
1463 1404 1708 1474 rogabat

601 1499 667 1550 ut
699 1511 761 1551 se
791 1495 1061 1566 praesenti
1094 1495 1429 1552 discrimini
1462 1494 1734 1566 eriperet.

601 1584 750 1638 Tum
786 1585 998 1639 missos
1031 1600 1275 1640 cernens
1308 1584 1537 1654 equites
1565 1582 1665 1653 qui
1697 1598 1759 1637 se
1789 1586 2063 1652 caperent

602 1675 776 1731 celeri
808 1692 982 1731 cursu
1029 1676 1344 1745 instantes,
1377 1674 1623 1730 habenis
1653 1673 1801 1728 laxis

603 1765 777 1837 coepit
807 1771 864 1822 et
895 1766 1019 1836 ipse
1046 1766 1104 1819 in
1138 1766 1337 1835 fugam
1370 1781 1432 1819 se
1462 1764 1750 1832 conjicere
1783 1779 1795 1817 :

613 1855 990 1926 oppositique
1021 1853 1182 1908 fluvii
1213 1854 1463 1908 tranatis
1494 1852 1790 1922 ﬂuctibus,

599 1942 925 1998 calcaribus
958 1942 1204 2013 urgebat
1233 1957 1473 1997 cursum
1507 1939 1661 2010 equi.

594 2032 708 2088 Sed
736 2036 931 2086 tamen
963 2035 1171 2102 captus
1203 2031 1261 2084 in
1294 2029 1507 2101 oppido
1532 2029 1758 2098 Stagira

593 2121 837 2175 orbatus
867 2124 956 2175 est
986 2119 1291 2174 oculorum
1319 2117 1646 2173 luminibus

590 2210 651 2264 in
673 2211 1002 2265 venerando
1037 2208 1392 2264 monasterio
1433 2207 1609 2273 Beraa,

591 2300 761 2370 cujus
793 2299 1070 2354 fundator
1101 2298 1291 2353 fuerat
1321 2297 1747 2352 sebastocrator

589 2387 968 2460 imperatoris
992 2387 1314 2442 Andronici
1345 2386 1594 2457 genitor.

589 2478 682 2532 Sic
715 2477 978 2533 Isaacius
1009 2475 1336 2531 luminibus
1367 2491 1573 2529 cassus

589 2565 748 2636 regio
781 2566 841 2619 in
869 2563 1082 2634 palatio
1113 2562 1408 2617 clauditur
1439 2577 1542 2616 ceu
1567 2575 1818 2628 carcere,

587 2653 686 2708 ubi
720 2658 956 2724 propter
987 2640 1202 2706 doloris
1235 2649 1615 2704 acerbitatem

586 2741 816 2797 nullum
850 2756 952 2811 per
984 2739 1109 2794 dies
1142 2737 1472 2809 complures
1503 2736 1761 2808 gustavit
1791 2736 2006 2790 cibum.

583 2832 732 2888 Exin
765 2831 835 2886 ad
861 2831 1007 2886 duas
1039 2829 1347 2885 columnas
1379 2828 1485 2896 (sic
1519 2827 1681 2882 locus
1714 2826 1951 2896 dicitur)

584 2921 795 2977 domus
820 2919 931 2989 ipsi
962 2918 1304 2990 assignatur
1333 2917 1392 2971 in
1425 2915 1796 2988 Propontide.

586 3012 900 3079 postquam
937 3007 1266 3062 Romanum
1303 3003 1579 3059 dominus
1611 3002 1922 3073 imperium

587 3104 816 3156 rexerat
846 3096 1016 3153 annis
1047 3112 1256 3151 novem
1286 3111 1420 3150 cum
1453 3097 1676 3166 septem
1711 3092 2036 3156 mensibus,

715 3211 1018 3268 ALEXIUS
1052 3179 1393 3268 ANGELUS'
1426 3208 1540 3263 AN.
1575 3206 1722 3276 VIII,
1754 3205 1965 3261 MENS.
1999 3204 2092 3260 VI.

582 3315 774 3381 Atque
805 3310 885 3364 ita
915 3308 1152 3363 Alexius
1181 3309 1426 3377 imperio
1459 3305 1680 3378 potitus

580 3415 898 3470 rerumque
928 3413 1220 3453 summam
1255 3395 1417 3450 solus
1449 3394 1891 3458 administrans,

587 3506 703 3546 non
738 3493 933 3543 tamen
967 3486 1269 3541 festinavit
1300 3484 1642 3555 Byzantium
1677 3483 1900 3550 statim,

583 3578 685 3633 sed
721 3576 879 3632 occid
893 3576 983 3630 uis
1016 3574 1284 3646 partibus
1311 3571 1739 3636 laborantibus,

581 3672 821 3740 propter
853 3667 1132 3721 molestos
1165 3664 1460 3735 principes
1492 3663 1802 3717 Moesorum

586 3759 841 3812 Asanem
878 3760 1053 3826 atque
1080 3754 1318 3809 Petrum
1354 3753 1646 3807 infaustos
1679 3751 1908 3818 fratres,

583 3859 753 3915 opem
784 3857 1107 3912 curamque
1138 3841 1366 3896 censuit
1403 3839 1881 3910 impendendam.

581 3934 945 4005 Signiﬁcavit
975 3938 1171 3986 tamen
1205 3930 1441 4000 conjugi
1473 3929 1823 4000 dignitatern
1855 3944 2022 3983 suam

577 4027 933 4093 senatusque
959 4021 1107 4091 parti
1140 4037 1269 4091 quae
1301 4019 1360 4074 in
1395 4020 1537 4073 urbe
1568 4023 1712 4083 erat,

576 4111 848 4182 cleroque
870 4109 997 4180 toti,
1027 4109 1371 4180 civibusque
1404 4107 1601 4162 simul.

537 4227 551 4236 -
573 4203 764 4270 Atque
795 4198 947 4252 hanc
975 4212 1257 4251 novarum
1290 4194 1560 4250 notitiam
1585 4209 1780 4247 rerum

574 4303 745 4342 nemo
780 4303 895 4341 non
931 4284 1178 4339 libenter
1208 4284 1410 4338 hausit
1439 4282 1705 4336 auribus.

570 4381 722 4446 Dum
756 4382 953 4431 tamen
986 4374 1370 4446 Euphrosyne
1410 4373 1653 4427 ducaena

569 4467 639 4522 ad
676 4482 958 4537 magnum
994 4463 1277 4535 templum
1314 4462 1516 4534 regina
1548 4462 1906 4533 procederet,

564 4555 805 4627 plebeiae
835 4554 1020 4608 turbze
1053 4554 1388 4623 conspirata
1420 4568 1631 4605 manus

561 4646 752 4700 virum
778 4642 1133 4714 cognomine
1166 4640 1728 4710 Contostephanum,

559 4734 830 4789 Alexium
866 4737 1058 4786 autem
1092 4732 1352 4796 nomine,
1385 4730 1680 4784 deducens

556 4823 617 4878 in
654 4838 934 4893 magnum
969 4820 1070 4875 Dei
1102 4820 1498 4875 venerandum
1531 4817 1840 4888 templum,

558 4914 974 4984 imperatorem
1012 4911 1340 4965 Romanum
1375 4909 1670 4964 salutavit.

552 5003 772 5059 Verum
806 5003 856 5058 is
888 5007 1095 5073 captus
1126 5001 1326 5056 statim
1362 5002 1433 5055 ab
1476 4999 1861 5070 optimatibus

554 5093 826 5149 meritam
861 5093 1070 5146 habuit
1100 5091 1352 5146 carceris
1383 5088 1733 5144 custodiam.

551 5184 770 5240 Deinde
793 5185 1044 5237 cunctus
1079 5182 1333 5252 p0pulus
1368 5181 1435 5235 ad
1471 5178 1760 5249 templum
1793 5196 2034 5236 currens

549 5273 984 5346 imperalricem
1018 5272 1314 5328 salutabat
1343 5270 1785 5342 Euphrosynen.

2289 516 2345 582 Α
2552 516 2695 588 Πρὸς
2725 519 2894 591 θήραν
2928 517 3210 592 ἐξώρμησε
3237 519 3476 592 τέρψεως
3510 520 3692 596 χάριν·

2540 604 2638 657 Καὶ
2670 605 2950 660 συνεκάλει
2977 606 3066 660 καὶ
3098 607 3357 680 σύναιμον
3390 610 3526 683 πρὸς
3556 607 3705 663 τόδε·

2541 695 2888 766 Σκεψάμενος
2919 692 2975 749 δὲ
3003 697 3101 765 τήν
3136 692 3335 772 φλεϐὸς
3363 697 3552 771 σχάσιν
3587 695 3679 752 ὅδε

2540 785 2648 835 Τοῦ
2674 784 2808 856 πρὸς
2840 784 3156 857 κυνηγέσιον
3191 783 3436 857 ἐκκρούει
3467 783 3697 858 δρόμου·

2361 870 2503 925 6245
2541 870 2742 939 Ἕξεισι
2783 868 2830 924 δ’
2860 871 3032 931 οὕτως
3063 872 3410 948 αὐτοκράτωρ
3441 875 3528 928 καὶ
3567 876 3758 946 μόνος,

2546 960 2862 1032 Συνίστορες
2895 958 2953 1014 δὲ
2980 956 3386 1035 προσλαϐόντες
3417 962 3748 1036 σκεμμάτων

2543 1047 2811 1121 Σύναιμον
2848 1049 3088 1119 Ἀλέξιον
3121 1048 3306 1125 ἄγουσι
3337 1053 3509 1126 τάχος

2542 1140 2726 1206 Σκηνή
2758 1138 2892 1211 πρὸς
2921 1137 3086 1206 αὐτὴν
3113 1140 3200 1193 καὶ
3238 1139 3513 1213 βασίλειον
3545 1141 3759 1213 θρόνον,

2539 1226 2638 1280 Καὶ
2671 1225 2815 1279 τόνδ’
2847 1228 3062 1280 ἀνεῖπον
3099 1227 3479 1305 αὐτοκράτοφ’⁶
3509 1230 3761 1285 Αὐσόνων

2359 1314 2501 1369 6250
2539 1315 2672 1374 Τοῖς
2709 1312 3016 1388 βασιλικοῖς
3049 1314 3414 1384 ἀλαλάζοντες
3444 1316 3685 1391 κρότοις.

2537 1405 2636 1455 Καὶ
2664 1402 2824 1476 γνοὺς
2851 1405 3113 1465 Ἰσαάκιος
3139 1404 3204 1458 τὰ
3232 1407 3603 1480 πεπραγμένα,

2538 1489 2855 1544 Θεοκλυτῶν
2884 1491 2948 1560 ἦν
2980 1487 3227 1545 κίνδυνον
3257 1493 3600 1567 πεφευγέναι.

2537 1578 2685 1631 Ἐπεὶ
2718 1575 2774 1632 δὲ
2804 1579 3111 1648 συνέξοντας
3140 1579 3299 1634 αὐτὸν
3333 1580 3567 1642 ἱππότας

2537 1667 2716 1741 Ἐώρα
2745 1667 3138 1742 συντρέχοντας
3168 1668 3384 1743 ἀπτέρῳ
3413 1671 3592 1744 τάχει,

2359 1756 2500 1811 6255
2539 1755 2714 1816 Ἀνεὶς
2741 1756 2940 1830 χακινᾶ
2969 1756 3104 1829 πρὸς
3134 1759 3310 1833 φυγὴν
3347 1756 3677 1832 μετετρᾶπη·

2538 1843 2639 1899 Καὶ
2669 1843 2792 1918 ῥοῦν
2824 1849 3076 1916 ποταμοῦ
3107 1841 3298 1907 διαϐὰς
3329 1847 3716 1919 προκειμένου,

2537 1931 2801 1989 Ἠλαυνεν
2829 1933 3000 1990 ’ίππον
3033 1933 3348 2010 φυγαδεύων
3435 1939 3638 1998 σθένος.

2531 2021 2684 2090 Πλὴν
2719 2024 3001 2097 συσχεθιίς
3028 2045 3090 2097 γε
3118 2026 3254 2078 κατά
3281 2025 3574 2100 Στάγειραν
3596 2025 3791 2098 πόλιν,

2529 2113 2881 2168 Ἐκκόπτεται
2917 2111 2982 2182 δὴ
3015 2115 3109 2174 τὰς
3141 2112 3306 2186 κόρας
3337 2119 3445 2168 τῶν
3477 2114 3790 2188 ὀμμμάτων

2348 2202 2491 2256 6260
2529 2200 2680 2255 Κατὰ
2708 2206 2954 2273 σεμνεῖον
2985 2201 3170 2275 εὐαγὲς
3201 2202 3262 2256 τὸ
3287 2205 3386 2270 τῆς
3420 2205 3495 2272 Βή
3508 2224 3620 2277 ρας,

2526 2289 2702 2364 Οῦπερ
2736 2287 2996 2364 δομήτωρ
3028 2285 3471 2366 σεϐαστοκράτωρ
3504 2291 3602 2366 ἔφυ

2521 2377 2677 2433 Τοῦδ⁹
2709 2377 3055 2455 ’Λνδρονίκου
3087 2381 3172 2434 καὶ
3202 2380 3390 2443 τοκεὺς
3423 2383 3792 2460 στεφηφόρου.

2525 2467 2682 2524 Οὕτω
2715 2466 2761 2522 δ’
2794 2469 3054 2530 Ἰσαάκιος
3083 2468 3332 2534 ἐκκοπεὶς
3363 2471 3547 2546 κόρας,

2523 2562 2614 2613 Ἐν
2655 2555 2957 2632 βασιλείοις
2984 2559 3418 2634 ἐγκαθείργνυται
3454 2557 3648 2632 δόμοις

2343 2647 2486 2701 6265
2524 2646 2669 2719 Οὐχὶ
2707 2649 2991 2722 μετασχὼν
3027 2650 3244 2702 οἱασοῦν
3279 2647 3529 2720 ἐδητύος,

2530 2738 2626 2789 Διά
2650 2736 2712 2789 τὸ
2739 2738 2908 2799 πάθος
2933 2739 3156 2810 ἡμερῶν
3188 2742 3404 2811 συχνῶν
3434 2739 3594 2794 πάνυ.

2521 2827 2730 2880 ’Έπιιτ’
2759 2825 2959 2889 ἰκεῖθεν
2989 2820 3144 2901 ἔσχεν
3179 2826 3337 2881 αὐτὸν
3373 2826 3520 2881 οἰκία

2521 2915 2584 2969 Ἠ
2615 2914 2750 2969 κατὰ
2779 2912 3008 2969 διπλοῦν
3040 2915 3192 2970 κίονα
3223 2913 3614 2988 Προποντίδος,

2522 3000 2625 3054 Σὺν
2660 3001 2824 3074 μησὶν
2857 3003 3130 3082 ἑπτὰ,(69)
3163 2999 3501 3064 λυκάϐαντας
3535 3002 3685 3058 ἐννέα

2340 3092 2485 3147 6270
2521 3091 2868 3166 Κραταρχίας
2899 3090 3253 3166 ἄρξαντατῆς
3283 3096 3391 3147 τῶν
3422 3093 3708 3149 Αὐσόνων.

2262 3236 2304 3302 C
2604 3210 2914 3265 ΑΛΕΞῘΟΣ
2956 3211 3002 3265 Ο
3038 3211 3355 3265 ΑΓΓΕΛΟΣ
3396 3210 3510 3265 ΕΤ.
3553 3210 3639 3277 Η’,
3672 3211 3760 3274 ς”.

2519 3306 2672 3362 Οὕτω
2706 3304 2752 3361 δ’
2778 3302 2968 3369 ἐπιϐὰς
3001 3306 3240 3377 Ἀλέξιος
3271 3312 3368 3362 τοῦ
3397 3309 3630 3379 κράτους

2519 3397 2620 3454 Καὶ
2651 3402 2757 3451 τῶν
2788 3393 2933 3451 ὅλων
2968 3398 3116 3472 σχὼν
3143 3398 3394 3472 καθαρῶς
3420 3396 3739 3472 αὐταρχίαν,

2517 3485 2626 3540 Οὐκ
2657 3485 2809 3547 εὐθὺς
2840 3483 3124 3561 εἰσέδραμε
3147 3487 3289 3560 ,πρὸς
3322 3484 3643 3554 Βυζαντίδα,

2517 3574 2690 3630 Ἀλλά
2717 3579 2898 3637 κακῶς
2929 3575 3200 3649 πάσχουσι
3230 3579 3347 3637 τοῖς
3375 3574 3512 3628 κατὰ
3533 3571 3682 3628 δύσιν

2337 3666 2480 3720 6275
2519 3665 2670 3737 Παρὰ
2700 3666 3012 3739 Μυσαρχῶν
3036 3665 3375 3738 κασιγνήτων
3410 3661 3726 3738 δυστρόπων

2517 3753 2674 3810 Ἀσάν
2703 3773 2760 3807 τε
2791 3754 2998 3828 Πέτρου
3028 3759 3132 3822 τῆσ
3160 3756 3331 3816 κακῆς
3364 3750 3665 3827 ξυνωρίδος

2517 3841 2850 3917 Προστρέχει
2878 3844 3158 3916 πράγμασι
3189 3841 3279 3895 καὶ
3307 3838 3492 3895 τοῖσδε
3523 3841 3737 3913 ἀμύνει.

2518 3930 2690 4001 Δηλοῖ
2725 3928 2771 3985 δ’
2802 3930 2884 3985 ἐπ’
2914 3931 3060 4003 αὐτῷ
3080 3932 3143 3985 τὸ
3173 3931 3416 4005 πραχθὲν
3445 3933 3516 4003 τῇ
3552 3929 3789 4006 συζύγῳ.

2514 4020 2801 4096 Γερουσίας
2837 4019 2986 4095 μέρει
3015 4040 3072 4074 τε
3099 4024 3177 4090 τῷ
3205 4020 3340 4074 κατά
3369 4016 3556 4089 πόλιν,

2333 4113 2477 4168 6280
2513 4109 2721 4185 Κλήρῳ
2749 4131 2807 4165 τε
2835 4110 2994 4165 παντὶ
3025 4113 3114 4165 καὶ
3145 4110 3402 4181 πολιτείᾳ
3431 4111 3622 4165 πάλιν·

2512 4200 2614 4256 Καὶ
2645 4205 2750 4262 πᾶς
2779 4221 2860 4261 τις
2893 4199 3022 4253 ὠσὶν
3055 4198 3220 4267 ἀκοὴν
3253 4199 3653 4275 πεπραγμένων

2510 4291 2678 4363 Ἀγαν
2712 4288 2920 4363 ἱλαρῶς
2949 4286 3124 4358 ἡδέως
3155 4288 3405 4358 ἠκηκόει.

2507 4381 2621 4447 Τῆς
2653 4375 2700 4432 δ’
2730 4377 3081 4454 Εὐφροσύνης
3113 4378 3411 4446 Δουκαίνης
3445 4374 3720 4452 βαςιλίδος

2507 4469 2647 4542 Ηρὸς
2680 4467 2770 4521 τὸν
2803 4469 3053 4542 μέγιστον
3086 4468 3210 4520 ναὸν
3243 4466 3697 4544 ἀφικνουμένηςλ

2325 4560 2468 4615 6285
2508 4558 2708 4633 Στίφος
2745 4555 3020 4631 βαναύσων
3055 4555 3316 4630 φρατρίαν
3351 4553 3673 4630 διδρακότε)

2508 4643 2711 4721 Ἀνδρα
2741 4644 3178 4720 Κπντοστέφανόν
3205 4666 3324 4699 τινα
3349 4642 3684 4714 τούπίκλην,

2499 4732 2742 4804 Ἀλέξιον
2774 4733 2965 4802 κλήσει
3001 4731 3081 4802 δὲ,
3115 4732 3501 4806 συνειληφότες

2499 4824 2586 4880 Ἐν
2619 4827 2696 4894 τῷ
2734 4823 2974 4896 μεγίστῳ
3004 4823 3100 4876 τοῦ
3139 4826 3272 4876 Θεοῦ
3303 4823 3433 4894 θείῳ
3466 4819 3625 4894 δόμῳ

2317 4913 2458 4968 6290
2499 4913 2743 4968 Ἀνεῖπον
2777 4912 2852 4972 ὡς
2885 4909 3079 4965 ἄνακτα
3104 4917 3204 4979 τῆς
3235 4908 3568 4982 Ῥωμαΐδος.

2497 5006 2776 5074 Λαμπρων
2811 4997 2857 5054 δ’
2883 4998 3050 5061 ἐνίοις
3083 5000 3366 5073 συσχεθεὶς
3395 4999 3699 5074 παραυτίκα

2497 5089 2748 5165 Φρουρὰν
2783 5089 2983 5157 ὑπέστη
3013 5089 3101 5143 καὶ
3132 5088 3402 5162 κὰθειρξιν
3429 5085 3677 5149 ἐνδίκως.

2493 5181 2591 5234 Καὶ
2632 5179 2824 5234 λοιπὸν
2858 5175 2995 5240 ἄπας
3024 5179 3379 5252 προστρέχων
3415 5177 3543 5248 θείῳ
3575 5174 3734 5249 δόμῳ

2491 5270 2597 5338 Τὴν
2633 5268 2981 5346 Εὐφροσύνην
3015 5266 3238 5339 ἀνύμνει
3276 5263 3554 5342 βασιλίδα.

2247 4601 2294 4666 D

2314 5436 2567 5497 constat,
2642 5430 2981 5501 praedictam
3055 5427 3580 5501 notamliberiore
3653 5444 3859 5501 sensu“
3899 5430 3993 5485 ab

2313 5499 2658 5575 prraamio
2691 5502 2967 5575 usurpari
3012 5501 3083 5556 ad
3133 5500 3594 5575 significandum
3637 5499 3994 5575 quemlibet

2312 5570 2450 5632 anni
2493 5570 3006 5635 excessum—Quis
3055 5570 3218 5626 enim,
3251 5576 3336 5626 tot
3374 5575 3628 5627 Caesares
3658 5570 3856 5627 'annis
3900 5571 3984 5628 N.

2310 5665 2445 5705 cum
2477 5646 2784 5703 mensibus
2815 5643 3180 5700 adamussim
3219 5659 3316 5698 sex
3341 5644 3679 5716 regnavisse
3722 5642 3936 5700 credat
3967 5643 3985 5701 ι

620 5436 730 5506 (69)
763 5433 942 5515 Atqui
974 5432 1339 5515 Ephramius
1372 5432 1431 5486 in
1461 5430 1633 5515 titulo
1666 5432 1985 5515 scripserat
2002 5437 2200 5515 notam

549 5502 635 5573 C",
663 5502 791 5578 qna:
853 5502 912 5560 in
936 5577 949 5578 γ
974 5502 1304 5578 Grecorum
1360 5504 1595 5574 scriptis
1648 5502 1942 5572 significat
1977 5509 2198 5578 partem

542 5579 879 5633 dimidiam.
923 5577 1314 5640 Quamobrem
1371 5581 1427 5630 et
1485 5591 1597 5647 ego
1652 5580 1932 5647 perpetuo
1989 5577 2201 5647 scripsi

538 5666 710 5706 mens.
747 5651 821 5710 Vl,
861 5666 986 5719 quae
1020 5649 1157 5703 anni
1221 5664 1353 5720 pars
1414 5653 1502 5720 est
1546 5645 1812 5720 dimidia.
1858 5647 1969 5701 Sed
2003 5645 2198 5720 tamen

537 5726 666 5780 tum
699 5739 767 5778 ex
799 5716 908 5777 hoc
965 5720 1118 5788 loco,
1176 5716 1301 5776 tum
1360 5718 1538 5774 etiam
1572 5716 1810 5774 aliunde
1866 5719 2199 5777 necessario
