4250 6432
152 393 257 448 237

157 518 292 572 6295
330 516 462 569 Μεθ’
494 515 704 588 ἡμέρας
739 510 786 565 δ’
817 511 1002 566 εἶ’σεισι
1034 511 1123 564 καὶ
1154 512 1371 584 κράτωρ
1398 508 1586 580 πόλιν,

333 603 415 660 Οὐ
446 608 608 657 πᾶσιν
634 602 895 662 ἀσπάσιος
928 601 999 652 ὧν
1035 602 1197 673 χάριν
1229 595 1357 672 ἔδρα

331 692 431 752 Εἷς
462 691 717 764 σύγγονον
747 688 906 764 φίλον
935 709 991 741 τε
1021 687 1108 741 καὶ
1148 684 1394 761 βασιλέα,

327 779 400 836 O7.
431 779 521 832 καὶ
551 777 995 854 παρεφθέγγοντο
1039 773 1305 844 δήπουθεν
1336 771 1482 840 τάδε,

328 873 430 924 "Av
466 865 607 921 οἶδεν
639 864 784 940 ὕδωρ
816 866 943 926 τοὺς
975 864 1298 923 πεπωκότας
1330 862 1564 935 πνίγειν,

161 961 296 1014 6300
333 959 401 1014 Τί
434 957 627 1010 λοιπὸν
661 953 800 1009 ἄλλο
832 956 918 1007 καὶ
952 955 1091 1006 πιὼν
1125 951 1347 1022 ζήσαιτὸ
1374 972 1454 1011 τις
1487 969 1500 1018 ;

329 1046 389 1100 Et
426 1044 472 1098 δ’
505 1045 565 1098 οὐ
595 1042 884 1117 λυτροῦται
910 1045 1000 1096 τὸν
1035 1043 1294 1113 σύναψον
1337 1037 1591 1094 κινδύνου

325 1138 390 1192 Ὀ
426 1134 584 1211 φίλος
605 1131 962 1206 αὑτάδελφος,
997 1131 1206 1207 οἷ’χεται
1241 1130 1416 1208 φύσις.

325 1227 524 1296 ⁴Ομως
555 1222 838 1297 παρελθὼν
869 1221 944 1282 είς
976 1223 1107 1274 νεὼν
1147 1224 1279 1275 Θεοῦ
1316 1221 1484 1292 μέγαν

329 1314 435 1369 Καὶ
467 1313 773 1372 ταινιωθεὶς
803 1316 920 1364 ταῖν
955 1315 1140 1386 χεροῖν
1177 1309 1496 1383 ἀρχιθότου,

151 1405 291 1459 6305
328 1405 562 1473 ’Έιξεισιν
600 1399 750 1463 αὖθις
782 1401 854 1460 ὡς
887 1397 1004 1461 ἔθος
1037 1398 1418 1475 στεφηφόροις·

325 1493 526 1553 Ἵππος
554 1491 848 1563 προσήχθη
882 1492 1083 1562 γαῦρος
1115 1487 1192 1547 εἷς
1227 1485 1486 1540 ἱππασίαν

330 1580 632 1638 Φατνιστὸς
667 1573 976 1653 Ἀῥράϐιος,
1011 1578 1065 1630 εὖ
1094 1577 1430 1647 ἡσκημένος’

331 1670 422 1730 Ὠς
456 1666 546 1720 οὖν
580 1666 814 1734 ἐπῆλθεν
847 1665 1191 1738 ἐγκαθιζῆσαι
1227 1661 1429 1740 δίφρῳ,

329 1760 530 1817 Ἵππος
564 1755 906 1829 φριμάσσων,
938 1758 1174 1828 γαυριῶν
1206 1753 1270 1819 ἦν
1305 1750 1572 1817 ἐκτόπως,

146 1849 289 1904 6310
324 1844 739 1917 Ἐμπροσθίους
770 1840 814 1895 δ’
848 1841 1047 1904 ἄνωθεν
1079 1841 1296 1913 ἀνυψῶν
1329 1837 1499 1900 πόδας

337 1933 440 1990 Καὶ
479 1932 781 2006 βλοσσυρόν
813 1951 862 1984 τι
895 1929 982 1984 καὶ
1016 1927 1278 2001 μανιῶδες
1313 1926 1550 2002 βλέπων.

331 2025 412 2078 Τὸ
445 2019 675 2075 δάπεδον
709 2021 755 2074 δ’
786 2018 928 2091 ὄνυξι
955 2021 1171 2072 κόπτων
1201 2019 1480 2092 συχνάκις,

322 2112 435 2168 Τὸν
463 2108 735 2179 ἀναϐάτην
766 2108 1028 2163 ἀπεσείετ’
1059 2107 1284 2180 ἐξόχως·

327 2200 483 2254 Ἐπεὶ
515 2197 571 2253 δὲ
604 2198 784 2261 λαθὼν
817 2192 1110 2269 έμϐιϐήκει
1143 2200 1222 2266 τῷ
1253 2193 1430 2271 δίφρῳ

150 2293 287 2348 6315
325 2289 483 2347 Ἠνία
514 2283 696 2344 λαϐὼν
729 2286 780 2340 ἐν
814 2291 1000 2361 χεροῖν
1034 2285 1408 2358 αὐτοκράτωρ,

325 2379 452 2453 Οὐχ
483 2379 646 2446 ἦτνον
671 2375 844 2436 ἵππος
875 2374 1159 2450 ἀγέρωχος
1191 2376 1411 2442 ἡτάκτει

333 2465 514 2530 Πόδας
543 2467 758 2538 ἀνυψῶν
790 2463 879 2518 καὶ
911 2463 1172 2538 κροαίνων
1201 2462 1403 2536 ἀγρίως

330 2559 461 2611 Μετ’
494 2554 824 2628 ἱξακούστων
856 2557 1287 2627 χρεμμετισμῶν
1321 2551 1409 2604 καὶ
1441 2549 1669 2623 κρότων·

330 2645 431 2699 Καὶ
460 2648 628 2698 ταῦτα
658 2647 832 2696 ποιῶν
867 2642 967 2695 οὐκ
997 2638 1156 2712 ἔληξε
1188 2639 1462 2713 παράπαν,

148 2738 286 2792 6320
324 2737 474 2796 "Em:
503 2730 745 2809 κεφαλῆς
773 2734 869 2784 τοῦ
899 2733 1224 2804 κρατοῦντος
1253 2729 1315 2783 τὸ
1348 2730 1538 2804 στέφος

327 2823 516 2895 Χαμαὶ
549 2826 728 2876 πεσεῖν
754 2817 996 2891 δέδρακε,
1028 2819 1114 2873 καὶ
1145 2817 1340 2872 τούτου
1378 2816 1510 2890 μέρη

325 2912 558 2987 Θραῦσίν
591 2931 648 2964 τε
680 2912 890 2976 παθεῖν,
925 2907 1158 2962 δυσκλεᾶ
1184 2910 1231 2960 τ’
1263 2908 1552 2979 ἀκοσμίαν,

331 3001 507 3061 Αὐτὸς
540 2998 587 3054 δ’
617 2998 1005 3075 ἀπεσφαίριστο
1038 3001 1150 3069 (70)
1187 2996 1316 3068 μάλ’
1348 2993 1616 3070 έφεστρίδι

325 3095 522 3148 Ἰππον
555 3089 598 3143 δ’
631 3084 832 3152 ἀναϐὰς
861 3086 1029 3144 ἄλλον
1065 3089 1091 3140 ὁ
1124 3086 1462 3164 στεφηφόρος

155 3185 298 3240 6325
338 3181 579 3253 Πομπὴν
612 3175 913 3233 ἐπεισόδιον
948 3179 1089 3252 εἶχεν
1115 3177 1309 3237 ἀνύσας

329 3270 436 3325 Σὺν
468 3274 546 3339 τῷ
576 3267 794 3323 πεσόντι
827 3267 915 3320 καὶ
943 3267 1320 3342 τεθραυσμένῳ
1352 3266 1551 3340 στέφει·

327 3357 616 3418 Ἀπαίσιος
651 3354 697 3410 δ’
728 3353 902 3426 ἔδοξεν
933 3353 1124 3415 οἰωνὸς
1150 3351 1292 3410 τόδε.

327 3451 603 3521 Ὑπῆρχεν
634 3446 792 3505 οὗτος
822 3445 1018 3518 ἀγαθὸς
1049 3439 1286 3518 τρόπους
1323 3441 1560 3516 κράτωρ,

329 3535 628 3610 Μείλιχος,
661 3535 914 3608 ἦσύχιος,
947 3534 1089 3601 ήπία
1119 3532 1297 3609 φύσις,

148 3629 290 3684 6330
330 3625 569 3698 Ἰλαρὸν,
603 3623 939 3676 εὐὲντευκτον
972 3622 1105 3688 ἦθος
1137 3622 1191 3674 εὖ
1223 3621 1420 3696 φέρων,

329 3710 702 3772 Μεταδοτικὸς
733 3712 823 3764 καὶ
856 3707 1255 3784 φιλοικτίρμων
1290 3707 1480 3778 πλέον,

333 3808 468 3856 Din
501 3801 782 3873 προσιτὸς,
815 3798 1047 3870 εὐμενὴς
1084 3797 1368 3866 ὑπηκόοις,

327 3888 519 3956 Ἠδὺς,
551 3889 788 3964 χαρίεις,
821 3887 1093 3958 εὐπρεπὴς
1127 3882 1248 3958 ὄψιν
1282 3884 1434 3960 ἄγαν,

329 3981 578 4053 Ὀρθιος,
613 3976 803 4046 εὐῆλίξ
833 3997 910 4047 τε,
939 3976 1129 4050 Νιρεύς
1159 3995 1242 4030 τις
1273 3976 1413 4039 νέος,

148 4071 296 4126 6335
333 4065 535 4124 Οὕτινα
571 4064 783 4140 βλάψας
811 4065 886 4124 είς
919 4061 1104 4132 δέμας,
1135 4062 1209 4122 εἷς
1241 4061 1448 4128 οὐσίαν,

333 4155 464 4213 Οὕτ’
496 4153 560 4208 αὖ
590 4154 912 4227 νεοχμώσας
941 4173 991 4206 τι
1015 4157 1114 4219 τῆς
1150 4149 1474 4218 Ἐκκλησίας

334 4245 413 4302 Οὐ
445 4241 689 4303 καινίσας
719 4241 880 4314 ἔθιμα
906 4247 1005 4310 τῆς
1040 4239 1395 4314 κραταρχίας·

330 4337 521 4389 Μισῶν
555 4326 850 4392 διαϐόλους
879 4351 938 4384 τι
969 4333 1154 4392 θῶπας
1185 4328 1446 4397 καθάπαξο

334 4422 635 4491 Αίσθητική
669 4440 753 4481 τις
784 4416 983 4493 καρδία
1009 4419 1106 4486 σὴς
1141 4415 1363 4484 ὀστέων,

147 4515 296 4571 6340
332 4518 442 4580 Τῆς
477 4511 552 4571 εἷς
586 4507 822 4582 ἀδελφὸν
854 4505 1043 4562 ἀδίκου
1075 4505 1356 4579 παροινίας

329 4604 417 4658 Ἐν
453 4593 712 4674 συντριϐῇ
743 4596 1050 4670 πνεύματος
1081 4596 1135 4650 εὗ
1167 4595 1475 4668 ᾐσθημένος

331 4690 434 4744 Καὶ
461 4689 740 4757 κατανύξει
770 4683 994 4760 καρδίας
1025 4682 1364 4758 δακρυχέωνο

335 4780 461 4857 Ἐφ’
489 4778 551 4832 οὗ
581 4778 711 4852 γυνή
745 4797 828 4838 τις
859 4774 957 4829 οὐκ
987 4773 1154 4851 ἐφάνη
1185 4773 1424 4847 γαμέτου

336 4870 432 4925 Ἐκ
461 4863 620 4922 τοῦδε
649 4869 830 4926 κακῶς
862 4863 941 4926 εἷς
974 4862 1139 4935 δέμας
1170 4862 1526 4934 πεπονθότος,

151 4960 299 5015 6345
337 4956 572 5032 Ηαρειάς
604 4951 950 5031 ἀμφίδρυφος
980 4954 1013 5022 ἢ
1042 4951 1131 5006 καὶ
1163 4950 1428 5024 λυσίθριξ,

339 5043 474 5104 Οὐδ’
503 5041 796 5107 ἀπελαθεὶς
828 5041 978 5097 ὦπτό
1005 5062 1087 5102 τις
1117 5038 1398 5115 πατρίδος’

339 5136 499 5202 Πλὴν
529 5132 782 5208 νωχελής
815 5132 880 5199 ἧν
912 5131 1000 5186 καὶ
1037 5129 1280 5204 μαλακὸς
1308 5131 1406 5196 τήν
1440 5129 1619 5207 φύσιν,

334 5221 471 5281 Οὐδ’
505 5222 560 5278 εὖ
593 5223 846 5299 πεφυκὼς
877 5221 1009 5296 πρὸς
1042 5218 1310 5290 διοίκησιν
1345 5219 1512 5286 ὅλων,

333 5316 428 5370 Ἐκ
461 5319 561 5381 τῆς
595 5330 826 5387 φυσικης
859 5309 1204 5384 νωθρότητος
1229 5310 1532 5385 συντρόφου

158 5407 300 5463 6350
343 5405 440 5458 Καὶ
477 5405 574 5471 τῆς
603 5401 915 5476 τρυχούσης
939 5399 1065 5461 τοὺς
1099 5396 1269 5460 πόδας
1300 5397 1578 5472 καχεξίας.

340 5494 517 5553 Οὗτος
552 5511 612 5566 γε
640 5491 820 5544 τοίνυν
855 5488 1113 5563 ἀσφαλῶς
1147 5489 1296 5563 σχὼν
1327 5488 1389 5542 τὸ
1421 5487 1640 5560 κράτος,

239 5710 353 5782 (70)
383 5707 526 5765 Cod.
559 5703 960 5782 έπεσφαίριστο.

1679 385 2041 441 CBBARES.

1831 511 1882 574 Α
1917 509 2051 564 Post
2082 510 2204 565 dies
2238 511 2463 583 aliquot
2495 514 2683 567 Caesar
2703 528 2934 584 quoque
2967 514 3024 567 in
3061 513 3260 568 urbem

1916 597 2070 652 haud
2106 601 2336 655 cunctis
2365 602 2524 656 venit
2555 603 2625 656 ob
2660 619 2835 656 suum
2884 601 3110 656 facinus

1915 687 2118 737 contra
2149 701 2247 755 ger
2275 703 2494 740 nanum
2531 685 2765 740 fratrem
2801 703 3096 756 suumque
3126 687 3450 742 dominum.

1915 773 2095 842 Atque
2119 775 2451 829 convicians
2492 775 2708 846 aliquis
2735 776 2819 830 sic
2851 776 2993 830 forte
3021 775 3213 830 aiebat
3247 793 3258 829 :

1915 862 1973 916 Si
2009 863 2276 920 bibentes
2310 866 2546 934 quidem
2589 867 2862 936 przefocat
2893 882 3066 935 aqua,

1915 952 2050 1020 quis
2079 954 2198 1022 jam
2228 953 2340 1009 alio
2375 960 2508 1024 potu
2539 956 2716 1008 vitam
2752 954 3000 1008 toleret?

1915 1044 1970 1093 et
2001 1041 2047 1094 si
2083 1042 2319 1096 fratrem
2353 1059 2465 1096 non
2501 1043 2790 1097 redimita
2823 1041 3163 1098 discrimine

1915 1145 2230 1200 germanus
2263 1133 2452 1197 frater,
2488 1132 2658 1202 periit
2683 1137 2915 1196 natura,

1915 1223 2183 1273 Attamen
2221 1236 2567 1290 progressus
2600 1223 2669 1274 ad
2705 1220 2993 1290 templum
3032 1235 3333 1290 magnum,

1915 1312 1972 1363 et
2003 1310 2341 1380 patriarchae
2374 1315 2688 1365 coronatus
2723 1310 3018 1373 manibus,

1915 1397 2053 1450 exiit
2081 1399 2152 1451 ad
2188 1415 2462 1469 pompam
2495 1398 2822 1453 Caesaribus
2855 1397 3085 1452 solitam
3120 1413 3131 1450 :

1914 1487 1982 1540 ad
2019 1503 2189 1556 quem
2218 1487 2513 1553 sublimis,
2550 1494 2612 1541 ut
2639 1487 2941 1552 insideret,
2983 1485 3219 1539 ducitur

1913 1591 2100 1645 equus
2131 1577 2317 1631 Arabs
2349 1578 2417 1631 de
2454 1577 2814 1648 praesepibus
2849 1580 2907 1630 et
2941 1576 3086 1629 bene
3122 1575 3412 1630 exercitus
3447 1594 3458 1628 :

1911 1681 2111 1718 verum
2146 1665 2285 1719 dum
2321 1666 2512 1720 Caesar
2545 1665 2602 1719 in
2635 1665 2980 1736 ephippium
3015 1663 3222 1730 insilit,

1912 1754 2255 1810 subsultans
2286 1772 2472 1825 equus
2507 1755 2790 1825 valdeque
2827 1753 3134 1817 ferociens,

1835 1863 1880 1927 Β
1913 1860 2089 1914 seque
2121 1844 2442 1900 anteriores
2489 1846 2748 1912 arrigens
2783 1845 2836 1897 in
2872 1843 3073 1913 pedes,

1913 1933 2090 1988 torvis
2121 1934 2177 1988 in
2214 1935 2518 1989 iracundia
2550 1934 2792 1988 suﬁ'usis
2822 1933 3031 1999 oculis,

1913 2025 1969 2075 et
1999 2022 2394 2092 pavimentum
2430 2023 2668 2092 ungulis
2700 2037 2847 2092 saepe
2879 2020 3166 2091 quatiens,

1913 2109 2057 2164 miro
2091 2126 2381 2165 sessorem
2416 2110 2722 2165 recusabat
2754 2109 2884 2164 nisu
2924 2125 2935 2162 :

1913 2199 2014 2252 sed
2048 2216 2180 2254 cum
2213 2204 2447 2269 repente
2479 2199 2821 2270 ephippium
2855 2203 3206 2268 occupasset

1912 2287 2438 2360 prehendissetque
2472 2289 2700 2343 frenum
2735 2288 3077 2359 imperator,

1913 2377 2095 2432 nihilo
2127 2382 2324 2432 tamen
2361 2377 2672 2432 ferociebat
2703 2377 2900 2431 minus

1911 2482 2099 2536 equus
2131 2465 2299 2521 elatis
2331 2465 2577 2537 pedibus
2603 2469 2935 2536 terramque
2968 2466 3303 2530 verberans,

1911 2555 2260 2626 sonorisque
2293 2555 2621 2610 hinnitibus
2652 2571 2842 2610 aerem
2877 2553 3218 2624 complens;

1912 2660 2100 2715 neque
2128 2660 2160 2699 a
2193 2644 2384 2699 furore
2415 2644 2756 2714 hujusmodi
2799 2642 2958 2713 prius
2990 2641 3235 2711 destitit,

1914 2749 2092 2804 quam
2124 2733 2315 2804 capite
2347 2750 2622 2788 coronam
2657 2732 2914 2787 excussit
2945 2732 3152 2786 Caesari

1915 2822 2078 2876 humi
2109 2823 2446 2893 projectam,
2482 2824 2649 2892 cujus
2677 2822 2850 2876 etiam
2885 2826 3074 2890 partes

1914 2912 2218 2966 confracta;
2247 2918 2386 2966 sunt
2418 2912 2670 2966 infauste
2704 2916 2876 2980 atque
2909 2910 3179 2964 indecore
3213 2925 3225 2962 :

1915 3016 2111 3055 sessor
2140 3005 2334 3055 autem
2369 3004 2548 3056 strato
2580 2999 2801 3055 corruit
2826 3014 3141 3070 purpureo.

1915 3089 2306 3154 Quamobrem
2339 3089 2452 3145 alio
2481 3089 2752 3144 inscenso
2782 3092 2970 3143 Cmsar
2999 3102 3148 3158 equo

1919 3177 2409 3249 qualemcumque
2440 3179 2676 3232 demum
2709 3174 2959 3231 absolvit
2989 3191 3264 3247 pompam

1836 3229 1878 3296 Ο
1918 3229 2050 3322 sum
2085 3229 2392 3322 stemmate
2419 3267 2712 3322 confracto
2746 3269 2803 3321 et
2826 3229 3074 3321 deciduo
3104 3284 3117 3331 ;

1913 3357 2068 3427 quod
2102 3355 2305 3411 laevum
2339 3371 2508 3410 omen
2542 3355 2730 3410 visum
2763 3357 2853 3409 est
2884 3352 3311 3424 spectantibus.

1913 3447 2049 3502 Erat
2077 3446 2171 3500 hic
2203 3445 2392 3500 Caesar
2423 3443 2618 3500 indole
2652 3444 2806 3499 bona
2836 3442 3140 3514 praeditus,

1913 3536 2117 3606 comis,
2149 3535 2531 3606 tranquillus,
2565 3538 2874 3588 mansueto
2907 3533 3166 3605 ingenio,

1913 3624 2137 3692 hilaris,
2172 3641 2382 3679 accesu
2416 3624 2715 3695 aﬂ'atuque
2741 3621 2951 3689 facilis,

1913 3712 2197 3768 clemente
2226 3711 2444 3780 animo,
2476 3727 2649 3766 manu
2683 3709 2930 3776 liberali,

1912 3807 2256 3857 cunctorum
2289 3801 2562 3873 precibus
2610 3805 2840 3872 patens,
2871 3804 2931 3855 et
2962 3796 3274 3854 benevolus
3305 3813 3318 3852 :

1913 3891 2189 3959 blandus,
2217 3891 2532 3964 gratiosus,
2566 3890 2978 3960 tormosusque
3007 3887 3346 3955 admodum,

1915 3997 2214 4052 procerus,
2246 3981 2466 4036 virente
2498 3982 2686 4048 aetate,
2720 3977 2868 4034 alter
2894 3976 3124 4032 Nireus.

1915 4069 2180 4127 Neminis
2213 4069 2309 4125 hic
2339 4067 2566 4140 corpori
2597 4066 2750 4123 reive
2781 4065 3001 4133 nocuit,

1916 4176 2104 4232 neque
2131 4159 2190 4214 in
2221 4157 2477 4214 Ecclesia
2508 4157 2750 4229 quidam
2783 4155 3102 4225 innovavit,

1916 4263 2020 4304 nec
2051 4246 2354 4320 obrogavit
2383 4248 2522 4302 item
2558 4244 2788 4317 imperii
2819 4243 3051 4313 legibus
3079 4259 3092 4310 ;

1916 4336 2336 4393 assentationis
2375 4351 2536 4407 asque
2564 4341 2620 4390 et
2651 4333 2960 4390 calumnias
2991 4348 3143 4388 osor.

1916 4425 2175 4498 Cumque
2206 4429 2366 4481 esset
2394 4429 2594 4480 tenero
2622 4423 2890 4478 imbutus
2919 4421 3118 4477 animo

1916 4515 2136 4571 crimen
2170 4515 2451 4570 adversus
2474 4514 2736 4579 fratrem,
2772 4516 2835 4567 ut
2866 4511 3080 4567 cariem
3114 4510 3364 4574 ossium,

1840 4600 1885 4664 D
1918 4607 2249 4662 exulcerata
2300 4606 2476 4659 fixum
2509 4604 2749 4676 gerebat
2781 4605 2998 4665 mente,

1922 4694 2360 4767 gemitibusque
2391 4699 2448 4748 et
2478 4691 2753 4764 lacrymis
2785 4690 3080 4762 expiabat.

1924 4787 2054 4855 Ipso
2087 4786 2367 4854 regnante
2399 4780 2562 4836 nulla
2593 4795 2854 4852 unquam
2899 4777 3113 4834 mulier

1924 4876 2160 4944 propter
2191 4870 2384 4926 mariti
2417 4868 2749 4925 mutilatum
2791 4884 3006 4940 corpus
3121 4862 3127 4866 ’

1922 4962 2010 5017 vel
2041 4960 2316 5017 laceravit
2346 4975 2528 5031 genas
2557 4957 2643 5014 vel
2679 4957 2849 5014 solvit
2876 4973 3136 5022 comam,

1925 5067 2030 5106 nec
2063 5050 2377 5122 quisquam
2412 5048 2602 5119 patria
2634 5046 2841 5119 pulsus
2872 5045 2932 5100 in
2965 5043 3260 5101 exsilium.

1926 5141 2210 5196 Ceterum
2236 5155 2435 5194 socors
2466 5136 2834 5207 remissoque
2867 5135 3126 5207 ingenio,

1929 5245 2116 5300 neque
2148 5230 2219 5283 ad
2252 5226 2678 5299 rempublicam
2714 5224 3030 5295 regendam
3066 5223 3313 5279 idoneus

1928 5323 2163 5390 propter
2193 5321 2406 5372 natura
2438 5315 2677 5370 insitam
2713 5314 3049 5386 segnitiem,

1925 5411 1984 5464 et
2013 5408 2152 5478 quia
2175 5407 2424 5480 pedibus
2457 5405 2635 5460 etiam
2671 5404 2998 5460 laborabat.

1929 5498 2173 5562 Quietus
2203 5511 2339 5568 ergo
2373 5495 2682 5552 moderans
2713 5493 2962 5564 imperio

3455 392 3562 446 238
