4190 6448
636 402 742 458 239

635 530 812 598 atque
843 528 902 582 in
934 526 1116 599 regali
1143 527 1416 583 desidens
1448 525 1664 598 palatio

638 615 923 686 plurimos
954 615 1124 671 donis
1156 615 1399 688 largiter
1428 616 1651 672 ditabat

637 704 987 775 eximiisque
1019 705 1271 776 augebat
1309 703 1717 775 dignitatibus.

639 795 704 847 In
735 792 1019 849 orientem
1052 798 1256 864 postea
1287 809 1423 848 cum
1457 793 1640 864 copiis
1672 792 1908 849 transiit
1939 808 1952 847 :

639 882 866 936 audivit
894 882 1075 951 enim,
1109 882 1301 938 denuo
1334 881 1611 937 rebellem

639 970 908 1026 Alexium
940 973 1251 1041 quemdam
1284 971 1343 1025 in
1377 971 1673 1040 provincia
1703 970 1965 1036 Cilicum,

640 1059 823 1130 (illius
846 1060 1082 1116 nomine
1112 1060 1341 1116 scilicet
1373 1064 1683 1132 assumpto

637 1148 821 1204 Alexii
851 1150 1076 1205 Caesare
1105 1149 1369 1204 Manuele
1401 1150 1540 1219 nati)

640 1254 822 1309 pagos
853 1238 1094 1293 incursu
1129 1239 1423 1309 urbesque
1457 1237 1823 1309 perturbare,

640 1328 723 1382 Ad
755 1326 1175 1397 Melangiorum
1209 1343 1347 1399 ergo
1378 1326 1650 1398 praesidia
1680 1342 1950 1397 pergens,

636 1420 813 1487 atque
841 1414 963 1471 illic
995 1416 1172 1473 etiam
1206 1415 1497 1471 salutatus
1529 1416 1808 1471 dominus

634 1520 903 1560 reversus
932 1509 1023 1559 est
1053 1505 1111 1560 in
1148 1505 1354 1560 urbem
1374 1504 1714 1576 imperator.

1852 405 2223 461 EPHBBMII
2258 401 2839 460 CHBONOGRAPHI

2313 528 2370 595 Α
2576 526 2676 580 Καὶ
2711 525 3009 602 βασιλείοις
3037 522 3376 601 ένδιατρίψας
3407 522 3624 599 δόμοις,

2574 615 2679 669 Καὶ
2712 611 2939 689 δωρεαῖς
2968 613 3096 678 τοὺς
3122 612 3416 675 πλείστους
3442 614 3769 677 καταπιάνας

2573 699 2679 756 Καὶ
2712 700 3032 775 φιλοτίμοις
3058 700 3229 774 ἀξίως
3257 699 3588 771 καθηδύνας,

2394 788 2538 845 6355
2576 790 2725 845 Μετά
2756 795 3008 863 στρατιᾶς
3041 789 3241 867 ἐκπερᾷ
3271 790 3408 866 πρὸς
3437 791 3535 859 τήν
3567 788 3663 846 ἕω·

2571 878 2839 933 Ἤκουστο
2869 880 2957 933 καὶ
2990 879 3093 953 γὰρ
3126 879 3199 941 ὡς
3228 879 3557 951 ἀποστιάτης
3588 879 3753 936 πάλιν

2573 965 2816 1037 Ἀλέξιός
2844 989 2924 1029 τις
2958 966 3191 1023 Κιλίκων
3222 968 3486 1044 ἐπαρχίας

2572 1058 2948 1131 Προσηγορίαν
2983 1054 3184 1118 ὑποδὺς
3212 1057 3455 1130 Ἀλεξίου

2571 1144 2751 1217 Οὐπερ
2781 1144 2970 1209 τοκεὺς
2997 1147 3063 1214 ἦν
3090 1146 3352 1216 Μανουήλ
3382 1146 3754 1223 αὐτοκράτωρ,

2393 1230 2536 1287 6360
2573 1232 2773 1304 Κώμας
2807 1232 2971 1288 ἐπιὼν
3006 1234 3205 1289 ἀνέσειε
3234 1235 3328 1299 τὰς
3355 1233 3570 1299 πόλεις.

2572 1320 2767 1377 Τοίνυν
2800 1321 3017 1385 ἐπιστὰς
3050 1326 3334 1400 φρουρίοις
3365 1322 3741 1401 Μελαγγείων,

2574 1410 2676 1466 Καὶ
2702 1416 2820 1473 τοῖς
2851 1409 3023 1467 ἐκεῖσε
3056 1412 3310 1488 βασιλεὺς
3341 1414 3693 1488 αὐτοκράτωρ

2568 1500 2988 1575 ’ἀναγορευθεὶς
3017 1502 3153 1575 πρὸς
3185 1502 3349 1557 πόλιν
3380 1504 3723 1581 ὑποστρέφει·

3939 403 4048 461 240

2572 1588 2682 1641 Εἶτ’
2716 1588 2917 1665 ἀνεφύη
2953 1587 3261 1663 Ῥωμαίδος
3289 1595 3369 1663 τῷ
3399 1593 3585 1665 κράτει

2392 1676 2536 1732 6365
2574 1676 2750 1733 Κακόν
2782 1698 2835 1730 τι
2865 1678 3151 1753 τερμέριον
3182 1678 3413 1735 ἄελπτον
3440 1680 3628 1737 πάλιν.

2575 1766 2803 1830 Ἰσάκιος
2827 1767 3087 1842 τύραννος
3118 1770 3346 1847 αἰσχρὸς
3379 1772 3659 1845 Κυπρίων,

2570 1856 2665 1917 Ὃς
2694 1854 2949 1927 ἐξαπίνης
2979 1859 3268 1935 προσρυεὶς
3297 1864 3377 1931 τῷ
3407 1860 3689 1934 σουλτάνῳ

2570 1944 2827 2009 Κάκεῖθεν
2861 1946 3031 2020 εὑρὼν
3062 1952 3416 2023 συμμαχικόν
3443 1971 3495 2004 τι
3523 1951 3709 2027 στῖφος

2570 2034 2767 2108 Χώρας
2800 2035 2994 2089 ἐκάκου
3025 2037 3115 2091 καὶ
3147 2036 3336 2099 πόλεις
3367 2036 3694 2111 Ῥωμαΐδος.

2389 2123 2531 2178 6370
2569 2120 2841 2178 Ὤλλυντο
2873 2120 2920 2177 δ’
2951 2123 3116 2203 ἄμφω
3146 2130 3624 2205 παραπεμφθέντες
3652 2128 3825 2204 μόρῳ.

2569 2210 2843 2285 Φροντίδα
2872 2215 3041 2278 τιθεὶς
3071 2213 3300 2271 δυτικῶν
3334 2222 3536 2292 χωρῶν
3570 2216 3721 2291 ἂδαξ,

2567 2301 2725 2357 Μετὰ
2754 2308 3007 2375 στρατιᾶς
3036 2304 3221 2373 ἱκανῆς
3252 2304 3540 2380 εὐκαρδίου
3646 2334 3649 2335 ν

2566 2387 2771 2465 ’Ἄνδρα
2802 2393 3100 2468 στρατηγὸν
3132 2393 3437 2465 τούπίκλην
3467 2397 3756 2467 Ἀσπιέτην

2566 2478 2711 2533 Κατᾶ
2741 2481 2943 2537 Μυσῶν
2977 2483 3261 2560 πέπομφεν
3294 2484 3506 2558 ἐχθρῶν
3545 2480 3857 2561 βαρϐάρων·

2386 2566 2528 2621 6375
2565 2568 2919 2641 Χρησάμενος
2953 2567 3010 2624 δὶ
3042 2572 3118 2642 μή
3153 2570 3382 2633 δεόντως
3411 2577 3479 2646 τῇ
3515 2576 3692 2649 μάχῃ.

2562 2656 2762 2719 Αὐτοῖς
2790 2657 2937 2712 ἑάλω
2972 2654 3269 2733 βαρϐάροις
3302 2662 3656 2739 ἀντιμάχοις,

2566 2744 2908 2818 Ποιούμενος
2938 2745 3099 2823 λόγον
3140 2746 3197 2803 δὲ
3224 2748 3451 2806 πλείονα
3478 2750 3643 2807 πάλιν

2565 2833 2789 2909 Κράτωρ
2821 2832 3054 2892 δυτικῶν
3086 2837 3285 2894 ἀστέων
3320 2842 3698 2912 κακουμένων,

2566 2922 2829 2978 Ἰσαάκιον
2864 2919 3110 2999 γαμϐρὸν
3144 2926 3221 2989 είς
3254 2929 3520 3003 θυγατέρα

2385 3010 2531 3067 6380
2567 3010 2664 3065 Τὸν
2699 3006 3167 3090 σεϐαστοκράτορα
3192 3017 3394 3089 πέμπει
3428 3015 3689 3094 δευτέρως

2564 3098 2671 3154 Σὺν
2700 3098 3021 3176 δυσαρίθμῳ
3050 3109 3272 3178 στρατιᾷ
3303 3104 3586 3181 ῥωμαλέᾳ.

2562 3188 2829 3253 Κάκεῖνος
2859 3192 3016 3247 Ἀσὰν
3050 3196 3333 3268 συσχεθεὶς
3359 3200 3438 3266 τῷ
3471 3191 3731 3273 βαρϐάρῳ

2567 3278 2770 3352 Χρόνια
2800 3276 2971 3353 δεσμά
2998 3281 3088 3335 καὶ
3117 3282 3383 3357 κάθειρξιν
3418 3282 3605 3356 ὑπέδυ,

2567 3368 2653 3421 Ἐν
2685 3370 2765 3430 οἷς
2796 3367 3085 3444 ἐναπέψυξε
3118 3370 3282 3446 βιαίῳ
3323 3375 3501 3449 μόρῳ.

2382 3456 2523 3512 6385
2565 3454 2716 3525 Πλὴν
2746 3454 2893 3514 ἀλλὰ
2921 3461 3011 3513 καί
3048 3455 3324 3537 βάρϐαρος
3350 3464 3510 3519 Ἀσάν
3544 3462 3747 3540 ἐφθάρη

2558 3542 2773 3615 Κλῆσιν
2808 3542 3039 3623 Ἰϐαγκῳ
3065 3570 3175 3604 τινι
3203 3555 3402 3606 Μυσῶν
3434 3550 3493 3606 ἐκ
3522 3552 3730 3627 γένους·

2556 3634 2655 3690 Καὶ
2714 3637 2920 3711 Πέτρος
2978 3639 3156 3713 ἀρχὴν
3236 3642 3336 3709 τὴν
3412 3642 3612 3699 Μυσῶν
3675 3638 3859 3699 λαϐὼν
3919 3648 4052 3721 (71)

3721 3730 3809 3806 [ἔχ
3820 3753 3889 3793 ει.

2551 3812 2648 3867 Καὶ
2673 3812 2833 3869 τοῦδε
2860 3820 3041 3878 κακῶς
3072 3817 3498 3884 ἀποκτανθέντος
3530 3819 3691 3899 ξίφει,
3721 3755 3809 3809 [εχ

2548 3901 2807 3975 Ἰωάννης
2839 3902 3078 3961 δέδεικτο
3113 3911 3561 3985 μυσαρχηγέτης,

2370 3991 2513 4047 6390
2551 3993 2707 4048 Ἀσᾶν
2744 3992 2949 4069 Πέτρου
2979 3996 3265 4070 σύναιμος,
3298 3996 3585 4073 αἴσχιστος
3619 4000 3881 4076 τρόπους,

2547 4084 2662 4135 Τῶν
2694 4083 3018 4155 Ῥωμαϊκῶν
3052 4084 3252 4141 ἀστέων
3285 4089 3627 4163 καθαιρέτης.

2545 4169 2606 4225 Ὁ
2636 4166 2683 4223 δ’
2713 4170 2804 4224 οὗν
2831 4165 3075 4247 Ἰϐαγκὸς
3106 4174 3397 4249 προσρυεὶς
3425 4175 3752 4253 στεφηφόρῳ

2543 4258 2642 4311 Καὶ
2674 4260 2821 4333 παρὰ
2847 4257 3007 4315 τοῦδε
3037 4259 3401 4337 προσδεχθεὶς
3438 4263 3570 4337 μάλ’
3600 4265 3873 4337 ἀσμένως,

2543 4347 2827 4421 Χρήσιμος
2857 4348 3007 4403 ὧπτο
3038 4354 3117 4422 τῷ
3152 4351 3303 4426 μέρει
3332 4357 3439 4407 τῶν
3471 4352 3747 4423 Αὐσόνων,

2360 4435 2502 4491 6395
2537 4437 2806 4508 Ἀκμαῖος
2840 4436 2913 4491 ὥν
2942 4459 3027 4500 τις
3057 4439 3146 4494 καὶ
3181 4441 3350 4516 χέρας
3381 4440 3699 4518 ῥωμαλέος,

2539 4526 2873 4604 Ὀξύρῤοπος
2904 4528 2952 4583 δ’
2981 4530 3073 4584 οὗν
3101 4531 3237 4607 πρὸς
3267 4533 3436 4605 θυμὸν
3478 4535 3569 4588 καὶ
3615 4534 3831 4607 μανίαν.

2536 4615 2724 4688 Τούτῳ
2748 4617 3096 4692 κατηγγύησε
3124 4621 3261 4695 πρὸς
3290 4622 3561 4677 συνοικίαν

2536 4703 2647 4771 Τὴν
2680 4703 3011 4780 θυγατριδῆν
3050 4708 3305 4776 βασιλεὺς
3338 4712 3645 4787 ἀφιγμένῳ.

2533 4793 2815 4867 ’Ύπαρχον
2846 4794 3025 4870 ἀρχὴν
3053 4802 3153 4865 τῆς
3181 4796 3470 4855 Φιλίππου
3502 4802 3777 4876 χειρίσας,

2354 4879 2497 4935 6400
2533 4881 2628 4942 ⁸ος
2658 4881 2725 4951 ἧν
2758 4881 3116 4959 ἐπιτείχισμα
3144 4888 3355 4950 Μυσοῖς
3386 4889 3478 4944 καὶ
3514 4889 3770 4961 Σκύθαις,

2532 4971 2803 5047 Τειχῆρες
2834 4973 3088 5029 Αὐσόνων
3119 4973 3177 5030 δὲ
3203 4978 3426 5052 χωρίων
3466 4980 3641 5054 μέρει.

2531 5060 2663 5121 Τοῖς
2694 5057 3019 5133 Ἀλαμανοῖς
3057 5059 3354 5140 βαρϐάροις
3390 5065 3646 5132 Σικελίας

2530 5147 2792 5223 Αἰσχρῶς
2822 5147 3087 5222 ἀλούσης,
3119 5151 3171 5207 ἐν
3204 5152 3411 5226 Ἰταλίᾳ
3436 5156 3560 5211 τότε

2530 5236 2888 5311 Δορυάλωτος
2918 5243 3244 5317 συναπήχθη
3273 5245 3409 5319 πρὸς
3446 5246 3591 5321 βίαν,

2347 5325 2492 5381 6405
2530 5326 2633 5382 Καὶ
2664 5328 2906 5401 θυγάτηρ
2940 5326 3169 5394 ἄνακτος
3199 5332 3488 5402 Ἰσαακίου,

2528 5416 2625 5469 Καὶ
2659 5419 2971 5492 κασιγνήτῳ
3003 5418 3173 5494 ρηγὸς
3203 5419 3541 5494 Ἀλαμανίας

2528 5501 2797 5576 Φιλιππῳ
2829 5508 3145 5577 συνέζευκτο
3176 5511 3313 5585 πρὸς
3344 5511 3526 5585 γάμου
3557 5513 3770 5588 σχέσιν,

633 1592 915 1649 Obortum
947 1599 1037 1648 est
1068 1594 1276 1649 deinde
1305 1594 1563 1649 Romano
1605 1593 1856 1665 imperio

639 1680 951 1737 molestum
984 1686 1316 1737 monstrum
1348 1688 1522 1751 atque
1554 1682 2019 1751 inexspectatum

636 1774 924 1842 tyrannus
955 1769 1051 1825 ille
1082 1770 1423 1841 Cypriorum
1455 1769 1674 1824 lsacius
1700 1786 1714 1834 ;

639 1857 741 1929 qui
767 1858 839 1913 ad
870 1857 1173 1956 sultanum
1204 1863 1439 1956 repente
1471 1856 1808 1956 profugiens
2314 1890 2362 1956 Β

639 1954 813 2019 atque
837 1947 917 2002 ibi
951 1952 1159 2003 nactus
1191 1946 1502 2001 auxiliares
1534 1946 1753 2017 copias,

641 2036 937 2092 Romanas
969 2041 1152 2092 terras
1184 2036 1477 2107 urbesque
1508 2034 1833 2089 divexabat.

636 2127 744 2182 Sed
781 2126 934 2181 enim
961 2126 1167 2181 ambos
1201 2141 1359 2180 more
1391 2122 1686 2195 oppressit
1715 2122 1975 2177 demum.

636 2214 831 2269 Caesar
859 2216 931 2270 de
965 2214 1135 2269 terris
1168 2214 1427 2269 occiduis
1461 2212 1753 2268 sollicitus

638 2303 893 2373 peritum
926 2304 1137 2359 ducem
1174 2306 1564 2373 cognomento
1593 2299 1891 2371 Aspielam

640 2408 771 2445 cum
807 2408 1122 2447 numeroso
1152 2390 1460 2462 validoque
1490 2390 1743 2444 excrcitu

639 2480 928 2537 adversus
961 2480 1168 2536 Moesos
1200 2479 1480 2534 barbaros
1511 2478 1710 2533 hostes
1744 2475 1906 2532 misit

636 2585 843 2624 verum
880 2568 1098 2625 infelici
1131 2568 1448 2623 commisso
1482 2567 1698 2638 pralio,

633 2661 842 2729 captus
874 2662 964 2713 est
989 2644 1256 2713 barbaris
1285 2656 1523 2728 Aspieta
1550 2656 1766 2711 Moasis.

635 2744 963 2800 Plurimum
995 2762 1200 2800 rursus
1232 2745 1422 2800 Caesar
1450 2759 1660 2815 gerens
1690 2758 1893 2797 curam

632 2834 1011 2889 occiduarum
1047 2832 1280 2889 urbium
1314 2832 1691 2901 afﬂictarum,

632 2921 907 2990 Isacium,
942 2922 1037 2978 cui
1067 2922 1387 2977 tradiderat
1417 2919 1599 2976 ﬁliam
1631 2919 1866 2991 nuptui,

632 3010 1090 3067 sebastocratem
1123 3010 1431 3083 dignitate,
1464 3008 1627 3065 misit

630 3100 825 3156 denuo
856 3116 987 3156 cum
1020 3100 1332 3172 praevalida
1362 3099 1599 3170 ingente
1629 3096 1886 3153 exercitu
1921 3113 1933 3151 :

627 3189 727 3245 sed
761 3190 832 3245 ab
864 3191 1054 3245 Asane
1080 3192 1288 3261 captus
1316 3192 1374 3243 et
1396 3180 1499 3243 hic
1528 3187 1799 3253 barbaro,

625 3276 821 3333 vincla
847 3278 1127 3333 diuturna
1157 3282 1213 3333 et
1243 3292 1533 3333 carcerem
1566 3292 1901 3348 perpessus,
2307 3247 2352 3317 (ἶ

626 3366 847 3422 ibidem
877 3366 1131 3423 violenta
1164 3370 1346 3421 morte
1378 3365 1542 3422 obiit.

628 3454 839 3511 Verum
872 3460 929 3512 et
956 3456 1080 3527 ipse
1110 3456 1399 3510 barbarus
1431 3461 1587 3509 Asan
1618 3453 1791 3525 periit

626 3560 805 3600 manu
829 3545 1143 3615 cujusdam
1178 3544 1341 3601 Mmsi
1372 3543 1568 3599 Ibanci
1599 3542 1891 3609 domitus;

625 3633 936 3706 Petrtsque
970 3634 1228 3690 obtinuit
1258 3632 1463 3689 Musiae
1495 3632 1911 3705 principatum.

622 3810 735 3867 Sed
768 3826 902 3866 cum
935 3811 1029 3865 hic
1054 3810 1230 3866 etiam
1263 3809 1456 3881 gladio
1489 3808 1699 3864 fuisset
1727 3823 1933 3873 caesus,

611 3898 888 3972 princeps
923 3900 1235 3955 Mcesorum
1269 3899 1494 3955 exstitit
1523 3898 1780 3954 Joannes

612 3989 769 4044 Petri
802 3989 1134 4061 Asanisque
1165 3989 1364 4056 frater,
1400 3988 1634 4059 ingenio
1668 3985 1945 4059 pessimo,

606 4080 665 4132 et
694 4080 1092 4133 Romanarum
1128 4076 1361 4133 urbium
1396 4077 1703 4148 pernicies.

610 4165 863 4221 Ibancus
898 4170 1094 4222 autem
1128 4167 1195 4221 ad
1231 4168 1515 4223 Caesarem
1549 4163 1895 4234 confugiens

609 4260 786 4326 atque
813 4255 1029 4311 libente
1061 4256 1256 4310 animo
1289 4259 1557 4327 receptus

612 4343 892 4400 Romanis
922 4344 1191 4415 partibus
1223 4344 1424 4399 utilem
1458 4359 1520 4399 se
1554 4341 1819 4415 praebuit,

610 4431 854 4488 ﬂoribus
889 4450 1095 4505 nempe
1119 4434 1376 4505 juvenis,
1412 4434 1542 4489 forti
1577 4448 1779 4496 manu,

603 4522 707 4577 sed
740 4523 811 4576 ad
844 4524 1195 4578 sumendam
1230 4524 1377 4578 iram
1410 4521 1844 4595 paratissimus.

600 4610 749 4665 Huic
773 4610 1079 4667 collocavit
1109 4611 1300 4667 Caesar
1330 4612 1389 4667 in
1422 4610 1869 4667 matrimonium
2282 4610 2328 4675 Ι)

599 4699 658 4753 in
693 4699 885 4755 aulam
920 4700 1251 4756 advenienti
1279 4706 1513 4773 neptem
1546 4716 1735 4756 suam.
1950 4704 1953 4706 ’

595 4792 652 4843 et
682 4790 1087 4860 praefecturam
1120 4789 1363 4845 tradidit
1391 4788 1886 4862 Philippopoleos.
1952 4855 1961 4863 '

606 4878 662 4933 Is
684 4883 881 4934 autem
917 4883 1120 4935 contra
1152 4880 1364 4936 Mmsos
1396 4884 1454 4935 et
1484 4863 1690 4935 contra
1720 4879 1963 4951 Scythas

597 4967 834 5023 firmum
871 4968 1115 5024 Romani
1148 4969 1377 5041 imperii
1411 4969 1715 5023 munimen
1746 4972 1886 5023 erat.

588 5055 722 5112 Jam
749 5073 882 5112 cum
914 5057 1110 5112 Sicilia
1140 5058 1211 5113 ab
1244 5057 1588 5112 Alamannis
1620 5056 1888 5112 barbaris

588 5146 842 5217 turpiter
871 5152 1027 5202 esset
1047 5148 1291 5215 domita,
1324 5152 1465 5202 tunc
1496 5148 1553 5202 in
1591 5146 1821 5202 Italiam

585 5234 639 5289 vi
672 5237 975 5307 deportata
1004 5240 1094 5291 est
1123 5252 1226 5292 ceu
1262 5237 1454 5308 praeda
1482 5236 1617 5292 belli

588 5323 709 5379 ﬁlia
740 5341 975 5397 quoque
1005 5326 1250 5381 Caesaris
1274 5324 1483 5381 Isaacii
1509 5346 1521 5393 ;

585 5417 644 5467 et
666 5413 820 5485 regis
842 5414 1199 5470 Alamanniae
1227 5430 1508 5487 germano
1545 5414 1707 5470 fratri

583 5500 853 5574 Philippo
878 5504 1090 5573 juncta
1119 5508 1211 5560 est
1242 5502 1492 5575 nuptiali
1518 5503 1753 5574 foedere,

651 5717 766 5788 (71)
796 5717 939 5774 Cod.
974 5712 1175 5787 λαϐήν.
