4250 6432
142 385 230 440 241

302 507 470 561 Πὸσιν
503 504 695 571 ἑαυτῆς
726 496 1085 555 ἀποϐαλοῦσα
1122 500 1277 571 μόρῳ

298 597 417 651 Τοῦ
452 594 698 646 Σικελῶν
730 590 986 665 ἄρξαντος
1021 588 1136 641 υίὸν
1169 588 1274 662 πρὸ
1304 584 1521 662 χρόνων
1558 605 1569 618 ·

138 687 262 743 6410
298 684 372 738 Ἦ
402 686 649 736 κυκεῶνα
679 680 900 755 πικρίας
932 677 1183 751 ἀψινθίου

289 772 569 843 Ποτήριον
605 766 651 822 δ’
683 768 799 844 οὐχ
829 770 997 836 ἧττον
1034 766 1201 840 ὀργῆς
1234 763 1432 839 Κυρίου

299 860 587 933 Ὀλέθριον
619 857 838 930 κίρνησι
869 860 936 929 τῇ
966 851 1271 923 Βυζαντίδι.

299 950 537 1023 Πάσχων
568 947 634 1001 τὰ
662 950 758 1000 τοῦ
792 945 1046 1016 σώματος
1078 943 1245 1017 ἄρθρα
1273 940 1363 994 καὶ
1400 940 1569 1013 βάθρα

299 1037 381 1095 Οὐ
414 1041 660 1110 συνεχῶς
698 1036 791 1106 μὲν
823 1032 912 1087 καὶ
946 1030 1034 1085 διὰ
1069 1030 1191 1105 βίου
1221 1028 1456 1105 κράτωρ,

130 1130 256 1184 6415
292 1125 449 1182 Κατὰ
480 1124 537 1179 δὲ
569 1123 804 1184 κύκλους
831 1120 920 1176 καί
950 1141 1099 1182 τινας
1127 1115 1418 1192 περιόδους

293 1217 399 1272 Ἕκ
422 1234 569 1275 τινος
602 1212 741 1282 ὕλης
776 1213 1033 1283 σώματος
1063 1207 1342 1283 καχεξίας,

293 1301 519 1363 Ὁδύνας
552 1302 667 1375 εἶχε
697 1300 787 1354 καὶ
820 1297 1212 1358 δυσυποίστους
1243 1295 1465 1365 πόνους,

290 1392 703 1465 Ἐπεισρυέντος
731 1392 829 1443 τοῦ
860 1390 1027 1442 κακοῦ
1058 1387 1147 1440 καὶ
1176 1383 1270 1439 τοῦ
1294 1382 1521 1452 πάθους,

290 1483 493 1555 ’Ἑαρος
523 1479 719 1532 οὐκοῦν
746 1476 1028 1547 τηνικαῦτ’
1060 1472 1363 1549 ἀφιγμένού

128 1572 257 1627 2420
296 1568 495 1629 Πόνοις
525 1565 769 1637 νικηθεὶς
799 1564 889 1619 καὶ
920 1560 1329 1638 περιωδυνίαις,

285 1655 493 1729 Τολμᾷ
519 1665 574 1709 τϊ
602 1660 831 1729 πρᾶγμα
863 1648 1189 1712 κινδυνῶδες
1220 1650 1309 1704 καὶ
1338 1650 1505 1721 ξένον,

281 1745 550 1818 ’Ὁλεθρον
582 1743 729 1814 αὖτῷ
760 1742 1054 1817 προξενοῦν
1086 1733 1421 1811 παραϐόλως
1456 1757 1468 1770 ·

282 1831 518 1907 Σιδήρια
547 1831 649 1907 γὰρ
681 1830 1092 1905 πυρακτωθέντα
1119 1825 1324 1904 σφόδρα

280 1922 512 1978 Σκελοῖν
545 1921 846 1990 ἐπιτίθησιν
878 1920 1081 1994 ἀμφοῖν
1114 1917 1201 1971 καὶ
1238 1916 1478 1991 βάθροιν,

117 2014 246 2068 64⁸25
284 2012 399 2070 Καὶ
439 2012 577 2085 πρὸς
610 2011 774 2084 βάθος
808 2005 1031 2080 δέδρακε
1059 2008 1301 2080 καυτῆρα
1336 2003 1503 2077 μάλα.

276 2101 379 2155 Kal
411 2100 548 2174 πρὸς
584 2098 763 2173 βραχὺ
800 2098 893 2170 μὲν
928 2094 1225 2170 ῥαϊσάντων
1259 2098 1368 2148 τῶν
1408 2095 1609 2161 πόνων,

274 2192 404 2253 Μεθ’
437 2184 645 2262 ὕϐρεων
682 2187 911 2247 ἅπαντες
946 2181 1351 2253 Ἀσκληπιάδαι

272 2279 499 2353 Μακράν
530 2275 911 2344 ἀπηλαύνοντο
931 2275 1198 2348 κράτορος
1232 2272 1383 2347 λόγῳ
1413 2289 1427 2303 ·

274 2368 423 2423 Μετὰ
454 2363 511 2421 δὲ
539 2363 700 2420 τοῦτο
732 2361 1034 2440 φλεγμοναὶ
1065 2360 1361 2436 καυτηρίας

111 2461 238 2515 6430
276 2455 629 2531 Κατέτρυχον
656 2458 959 2528 κρατοῦντα
988 2452 1079 2505 καὶ
1109 2448 1429 2525 ποδαλγίαι,

277 2546 383 2604 Καὶ
417 2551 522 2605 πᾶς
554 2543 742 2618 ἷάτρὸς
774 2541 1093 2611 εἶσκέκλητο
1123 2539 1215 2594 σὺν
1242 2541 1399 2612 τάχει
1436 2558 1449 2571 ·

284 2636 393 2693 Καὶ
425 2636 628 2694 πάντας
663 2632 985 2705 ὑπέθραττεν
1019 2632 1081 2684 ού
1114 2628 1320 2698 φαῦλον
1354 2625 1496 2697 δέος,

283 2726 505 2794 Μήπως
534 2722 816 2797 ἀνειρχθὶν
847 2717 1084 2784 καθόδου
1115 2725 1214 2787 τῆς
1244 2719 1380 2793 πρὸς
1408 2716 1579 2778 πόδας

284 2813 504 2876 Εῗωθὸς
535 2812 674 2883 αἷμα
703 2811 793 2864 σὺν
828 2808 934 2882 ὕλῃ
967 2806 1304 2882 καταῤῥέειν,

118 2906 255 2960 6435
294 2904 602 2973 Ἐνσκῆψαν
636 2898 713 2961 εἷς
745 2898 930 2973 καίρια
963 2898 1220 2968 σώματος
1260 2894 1400 2968 μέλη

290 2990 449 3049 Οῗσει
482 2988 768 3064 κρατάρχῃ
803 2986 1029 3041 θάνατον
1060 2984 1387 3059 παραυτίκα,

288 3083 688 3138 Μεταπεσεῖται
722 3075 767 3131 δ’
798 3074 1054 3150 ἀλλαχοῦ
1083 3074 1407 3149 κραταρχία.

284 3168 513 3226 Τούτων
548 3166 715 3239 λόγος
751 3165 987 3238 μάλιστα
1016 3167 1083 3235 τῇ
1120 3160 1384 3236 βασιλίδι,

288 3257 625 3332 Κληροῦχον
658 3257 775 3310 υἱὸν
808 3254 906 3309 οὐκ
935 3252 1142 3327 ἐχούσῃ
1168 3256 1266 3307 τοῦ
1298 3251 1547 3325 κράτους,

124 3350 257 3403 6440
295 3342 492 3415 Μάνην
527 3341 795 3419 ξυνωρίδα
825 3340 882 3397 δὲ
911 3346 1018 3397 τῶν
1053 3342 1388 3415 θυγατέρων,

300 3438 473 3503 Χῆτιν
536 3434 645 3505 (72)
679 3435 969 3495 παθουσῶν
1018 3434 1125 3483 τῶν
1177 3433 1443 3484 συνευνῶν
1502 3427 1609 3501 πρὸ
1640 3429 1782 3503 χρό-

1529 3520 1656 3590 [νων
1692 3537 1704 3549 ·

293 3615 396 3667 Ὦν
427 3610 639 3685 Εἰρήνη
678 3610 772 3681 μὶν
805 3612 839 3677 ἡ
875 3608 1064 3683 χρόνῳ
1097 3602 1433 3683 πρεσϐυτέρα

301 3709 562 3771 Συνῆπτο
590 3698 776 3761 καλῶς
806 3699 944 3771 πρὸς
968 3699 1152 3771 γάμου
1182 3696 1466 3751 κοινωνίαν

298 3791 753 3867 Κοντοστεφάνων
782 3786 838 3841 ἐκ
858 3787 1048 3862 γένους
1081 3783 1437 3860 Ἀνδρονικῳ,

123 3884 259 3939 6445
298 3881 477 3954 Μόρῳ
512 3877 745 3951 μαλακῷ
772 3874 1135 3930 καταλύσαντι
1172 3873 1288 3949 βίον
1321 3894 1333 3907 ·

291 3972 360 4028 “Η
393 3967 617 4041 δευτέρα
644 3964 690 4020 δ’
722 3967 892 4022 Ἀννα
912 3985 970 4039 γε
1004 3965 1231 4035 συνῴκει
1262 3961 1429 4017 πάλιν

297 4058 560 4128 Ἰσαακίῳ
586 4051 938 4127 Κομνηνιάδῃ
967 4054 1069 4125 νέῳ

294 4150 501 4205 Μυσῶν
535 4144 799 4218 καθείρξει
826 4144 917 4196 τὸν
952 4142 1068 4218 βίον
1104 4141 1412 4213 λελοιπὸτι,

287 4244 380 4297 Ὡς
412 4237 645 4309 ἱστορῶν
670 4230 895 4310 ἔφρασεν
928 4231 1122 4286 ἀνόπιν
1152 4229 1337 4305 λόγος.

120 4331 182 4384 64
222 4333 255 4384 0
294 4329 486 4383 Ταῦτα
520 4324 613 4396 μὶν
650 4321 792 4376 οὕτω
823 4326 905 4394 τῷ
939 4319 1156 4395 βασιλεῖ
1187 4316 1406 4389 συνέϐη.

289 4419 487 4485 ’Ὀμως
520 4412 735 4488 ῥαῖσας,
766 4410 977 4485 ἀπάρας
1012 4406 1357 4480 Βυζαντίδος,

293 4501 619 4579 Ἐφίσταταί
644 4521 705 4573 γε
735 4497 1107 4571 Θεσσαλονίκῃ
1140 4496 1326 4564 πόλει,

292 4592 558 4654 Κάκεῖθεν
593 4590 738 4664 ὁρμᾷ
770 4589 905 4643 κατά
936 4586 1151 4662 Χρύσου
1178 4590 1274 4641 τοῦ
1306 4584 1554 4660 Βλάχου,

290 4685 393 4744 ’⁸ος
425 4673 761 4754 παραλαϐὼν
797 4677 1216 4749 Στρούμμιτζαν
1252 4676 1344 4729 σὺν
1370 4680 1486 4736 τοῖς
1524 4674 1699 4749 πέριξ,

123 4776 260 4832 6455
301 4771 403 4827 Καί
434 4792 487 4824 τι
518 4769 808 4841 κατασχὼν
842 4768 917 4829 εἷς
943 4767 1258 4840 τυραννείου
1291 4763 1455 4840 λόγον

297 4859 619 4936 ’Υπερφυὲς,
650 4863 934 4930 τειχῆρες,
966 4855 1205 4908 αἰπεινὸν
1240 4852 1361 4908 λίαν

294 4952 539 5024 Ἔρυμα,
575 4944 774 5017 δεινὸν,
807 4945 1085 5020 Πρὸσακον
1119 4942 1478 5015 κεκλημένον,

292 5042 359 5092 Ὀ
390 5034 799 5109 συνδραμοῦσαι
822 5035 979 5111 φύσις
1012 5033 1125 5105 ἅμα
1152 5033 1241 5087 καὶ
1271 5031 1439 5107 τέχνη

298 5125 695 5202 Ἀπρόσμαχόν
718 5126 764 5178 τ’
795 5126 1014 5197 ἄμαχον
1048 5121 1364 5197 εἰργάσαντό
1394 5142 1535 5194 πως,

123 5222 263 5277 6460
298 5220 404 5275 Ἦν
434 5218 770 5289 Ῥωμαϊκοῖς
794 5214 1186 5289 γειτνιάζουσιν
1220 5212 1370 5285 ὅροις

301 5308 457 5381 Μέγα
484 5326 536 5358 τι
567 5304 730 5358 κακὸν
764 5301 1100 5375 ἀφανίζουσα
1132 5300 1301 5373 λύμῃ.

298 5397 502 5454 Τοίνυν
534 5392 753 5451 ἐπιστάς
790 5389 1045 5465 βασιλεὺς
1075 5393 1154 5459 τῷ
1187 5389 1459 5461 Προσάκῳ

301 5486 462 5542 Μετά
490 5488 747 5556 στρατιᾶς
777 5481 1105 5552 ἀξιαγάστου
1138 5478 1279 5545 λίαν,

196 5704 305 5775 (72)
342 5702 403 5759 In
438 5699 705 5774 margine
739 5697 936 5771 glossa
969 5694 1246 5768 στέρησιν.

1656 373 2014 429 ΟΒΒΑΒΕΒ.

1805 498 1859 564 Α
1890 496 2167 568 quoniam
2200 496 2451 569 priorem
2486 494 2595 566 ipsi
2630 510 2789 549 mors
2819 492 3144 549 abstulerat

1887 600 2173 655 sponsum
2204 584 2415 641 Siciliae
2447 584 2744 655 quondam
2780 581 2932 651 regis
2966 580 3173 634 ﬁlium.

1888 672 2017 728 Haac
2050 674 2269 728 femina
2299 673 2600 727 conditum
2632 687 2830 726 amaro
2863 667 3161 723 absinthio

1884 762 2303 833 Dominicaque
2332 766 2611 832 tanquam
2646 760 2732 813 ira
2756 758 2991 830 plenum

1883 851 2121 905 calicem
2157 850 2485 922 propinavit
2520 849 2717 920 patriae
2750 864 2889 902 suae.

1883 939 2143 995 Pellibus
2173 944 2229 993 et
2260 938 2566 993 arthritide
2596 938 2868 992 laborans
2899 934 3085 991 Caesar

1884 1029 2036 1083 haud
2070 1028 2306 1099 quidem
2340 1027 2466 1082 sine
2500 1026 2698 1098 requie
2729 1024 2811 1079 vel
2849 1023 3175 1090 intervallo,

1881 1118 1979 1173 sed
2016 1118 2381 1188 temporibus
2413 1114 2585 1171 certis
2616 1132 2681 1170 ac
2712 1113 2997 1186 periodis,

1882 1210 2117 1279 propter
2138 1205 2409 1261 vitiosum
2444 1203 2705 1277 corporis
2736 1203 3044 1258 humorem

1879 1296 2109 1352 dolores
2142 1296 2478 1368 patiebatur
2508 1291 2929 1357 intolerabiles,

1878 1386 2017 1441 dum
2047 1402 2108 1441 se
2141 1400 2243 1456 per
2273 1400 2487 1455 corpus
2520 1383 2760 1437 morbus
2792 1382 3237 1451 circumageret.

1879 1475 2063 1546 Igitur
2092 1489 2267 1529 verno
2300 1477 2441 1527 tunc
2471 1473 2729 1526 instante
2762 1476 3045 1539 tempore,

1881 1580 2013 1618 cum
2046 1566 2357 1634 angeretur
2389 1561 2582 1616 solitis
2613 1559 2940 1627 doloribus,

1884 1668 2096 1707 novum
2131 1651 2408 1706 audacter
2440 1649 2682 1704 tentavit
2712 1646 3066 1712 remedium,

1881 1741 2036 1811 quod
2068 1739 2177 1810 ipsi
2213 1754 2513 1793 summum
2545 1735 2743 1791 attulit
2772 1734 3092 1789 discrimen
3132 1749 3143 1786 :

1779 1862 1824 1927 Β
1884 1828 2134 1884 fervidas
2166 1827 2321 1882 enim
2358 1826 2676 1880 admodum
2709 1823 2845 1877 ferri
2878 1822 3132 1876 laminas

1862 1920 2115 1989 otrique
2147 1916 2301 1971 cruri
2333 1922 2390 1971 et
2421 1914 2667 1984 pedibus
2698 1912 3013 1982 imponens

1870 2007 2089 2065 inussit
2120 2020 2293 2078 grave
2325 2004 2602 2059 carnibus
2638 2001 2995 2057 cauterium.

1855 2099 1926 2154 Et
1957 2096 2177 2153 sedatis
2210 2094 2449 2166 quidem
2485 2107 2810 2163 parumper
2836 2089 3147 2144 doloribus

1861 2192 1980 2242 non
2014 2189 2141 2240 sine
2169 2182 2445 2239 conviciis
2476 2197 2682 2236 omnes
2713 2178 3090 2249 Asclepladas

1860 2267 2059 2332 procul
2091 2292 2122 2329 a
2152 2289 2213 2329 se
2246 2274 2553 2327 facessere
2586 2270 2831 2340 jubebat
2861 2271 3051 2321 Caesar
3085 2283 3097 2320 :

1861 2380 2062 2420 verum
2094 2362 2339 2418 cauterii
2374 2364 2513 2433 post
2546 2359 2687 2414 hinc
2718 2356 3105 2412 inflammatio

1862 2453 2148 2524 dolorque
2177 2452 2391 2523 pedum
2420 2452 2704 2504 Caesarem
2736 2446 3075 2511 cruciabat;

1866 2542 2239 2613 revocatique
2272 2538 2482 2594 medici
2516 2541 2655 2593 sunt
2687 2535 2980 2597 celeriter,

1861 2649 2009 2705 quos
2041 2646 2247 2686 omnes
2280 2628 2435 2684 haud
2470 2643 2656 2681 vanus
2683 2624 2895 2679 invasit
2925 2622 3121 2687 timor,

1865 2737 1936 2777 ne
1968 2719 2302 2793 prohibitus
2336 2716 2656 2788 quominus
2690 2716 2744 2768 in
2780 2714 2957 2782 pedes
2988 2711 3198 2764 ﬂueret

1870 2809 2083 2863 solitus
2113 2806 2330 2861 humor
2356 2802 2666 2874 sanguinis
2699 2806 2756 2856 et
2787 2800 2967 2855 saniei
2988 2843 3001 2865 ,

1870 2897 1927 2951 in
1957 2896 2217 2967 corporis
2250 2891 2562 2965 praecipuis
2594 2894 2896 2957 stagnaret
2932 2886 3227 2958 partibus,

1873 3000 2215 3057 aegrumque
2245 2982 2557 3038 subitanea
2590 2984 2777 3033 morte
2814 2978 3192 3048 opprimeret,

1871 3081 2047 3145 atque
2077 3074 2146 3127 ad
2176 3076 2482 3127 extraneas
2515 3073 2813 3139 sceptrum
2850 3066 3035 3120 abiret
3064 3080 3297 3118 manus.

1883 3166 2086 3220 Sermo
2117 3161 2208 3217 hic
2241 3161 2415 3215 ﬁebat
2438 3158 2593 3229 apud
2626 3157 2893 3228 reginam
2928 3154 3206 3219 maxime,

1806 3225 1848 3291 Ο
1886 3270 2013 3325 qua:
2042 3249 2368 3307 masculum
2397 3225 2878 3303 hae-redem’haud
2914 3246 3239 3314 pepererat,

1884 3343 1983 3398 sed
2015 3340 2365 3396 feminarum
2394 3342 2627 3393 tantum
2662 3351 2765 3405 par
2797 3334 3077 3396 ﬁliarum,

1883 3444 2134 3502 quarum
2161 3428 2286 3499 jam
2319 3429 2443 3482 erat
2474 3428 2723 3491 utraque
2755 3437 2970 3493 sponso
3002 3419 3200 3473 vidua.

1884 3609 2045 3665 Irene
2077 3610 2218 3662 natu
2248 3605 2437 3676 major
2457 3606 2665 3675 juncta
2696 3602 2887 3656 fuerat

1882 3696 2208 3769 splendidis
2238 3710 2381 3750 sane
2414 3692 2637 3765 nuptiis
2667 3689 3019 3755 Andronico,

1883 3786 2221 3859 progeniem
2255 3800 2422 3840 suam
2454 3781 2709 3837 trahenti
2741 3781 2811 3834 de
2841 3774 3373 3847 Contostephanis;

1883 3877 1982 3931 sed
2017 3876 2066 3930 is
2093 3873 2329 3946 abrupit
2354 3873 2532 3926 vitam
2564 3871 2639 3925 ob
2670 3884 2840 3925 suam
2865 3865 3194 3922 mollitiem.

1880 3965 2089 4020 Junior
2114 3979 2279 4036 seque
2306 3972 2489 4033 nupta
2520 3960 2709 4014 fuerat
2741 3961 2908 4013 Anna

1881 4056 2307 4109 Comnenorum
2340 4048 2577 4105 surculo
2611 4046 2852 4113 Isaacio,

1882 4142 1983 4214 qui
2015 4140 2168 4213 apud
2202 4140 2406 4196 Mazsos
2437 4136 2581 4194 obiit
2608 4138 2665 4191 in
2694 4132 2967 4202 vinculis,

1882 4236 1947 4285 ut
1981 4235 2178 4286 nostra
2208 4228 2451 4283 historia
2483 4228 2736 4295 desuper
2769 4222 3052 4279 narravit.

1879 4322 2066 4391 Atque
2097 4319 2178 4373 ita
2209 4316 2451 4373 Caesaris
2483 4331 2544 4370 se
2573 4330 2664 4369 res
2698 4312 2995 4368 habebant
3032 4326 3045 4364 :

1880 4410 1981 4480 qui
2012 4408 2162 4463 male
2192 4407 2399 4461 firmus
2434 4404 2627 4459 adhuc
2660 4400 2934 4475 Byzantio
2966 4398 3254 4454 excedens

1878 4498 2359 4555 Thessalonicam
2391 4493 2640 4550 contulit
2670 4507 2732 4546 se
2753 4491 2813 4545 in
2846 4490 3051 4544 urbem
3089 4504 3101 4542 :

1801 4597 1850 4659 ι)
1880 4592 2015 4646 inde
2048 4588 2300 4661 perrexit
2331 4590 2534 4641 contra
2565 4584 2850 4655 Chrysum
2883 4579 3164 4636 Blachum

1888 4679 1987 4751 qui
2018 4678 2399 4731 Strummitza
2428 4682 2709 4743 occupata
2740 4688 2873 4725 cum
2907 4669 3143 4736 vicinia,

1887 4776 2207 4837 tenensque
2239 4766 2558 4835 quoddam,
2592 4761 2770 4815 veluti
2802 4758 3021 4830 regiam
3056 4773 3251 4823 suam,

1890 4857 2293 4931 peridoneum,
2330 4851 2796 4909 munitissimum
2827 4855 2883 4903 et
2913 4846 3164 4901 sublime

1888 4949 2097 5020 ingens
2127 4943 2434 5000 castellum
2468 4942 2560 4997 cui
2596 4954 2807 4994 nomen
2839 4937 3148 5002 Prosacon,

1892 5037 2046 5109 quod
2080 5052 2174 5091 ars
2206 5034 2471 5089 certatim
2506 5046 2636 5085 cum
2670 5033 2884 5083 natura
2913 5026 3186 5081 effecerat

1890 5124 2251 5183 bellantibus
2277 5123 2647 5177 inaccessum
2682 5114 3161 5187 inexpugnabile,

1891 5217 2169 5271 Romanae
2198 5211 2318 5267 illic
2351 5209 2631 5282 proximis
2662 5205 2907 5262 ditionis
2941 5203 3160 5258 finibus

1890 5321 2066 5377 grave
2098 5301 2448 5357 imminebat
2482 5298 2700 5352 malum
2735 5300 2791 5351 et
2822 5295 3088 5350 exitium.

1891 5392 2188 5448 Accedens
2215 5406 2349 5459 ergo
2376 5389 2665 5443 Prosacon
2698 5384 3020 5455 imperator

1894 5497 2025 5538 cum
2060 5481 2300 5536 ﬂorente
2330 5476 2585 5533 exercitu
2617 5470 2673 5530 et
2705 5473 2982 5545 permiro,

3430 363 3535 419 242
