4250 6432
682 415 791 470 243
1907 415 2279 472 EPBBBMII
2313 414 2357 468 C

2426 409 2888 467 BONOGBAPHI
3989 413 4104 471 244

687 543 1073 612 consertaque
1102 542 1264 613 gravi
1299 557 1429 596 cum
1459 542 1657 597 Mmsis
1690 556 1909 613 pugna,

2366 536 2421 603 Α
2630 534 2727 588 Καὶ
2754 537 3126 610 συγκροτήσας
3158 538 3421 612 καρτερὴν
3458 538 3666 598 Μυσοῖς
3700 539 3885 613 μάχην

690 629 742 683 νὶ
776 628 1073 685 nitebatur
1102 628 1395 685 debellare
1424 631 1733 703 Chrysum,

2447 622 2590 678 6465
2630 620 2881 692 Σπουδήν
2916 622 3078 678 ἐτίθει
3109 629 3204 679 τοῦ
3238 625 3457 700 Χρύσου
3486 627 3834 701 κατισχύσαι,

690 718 937 789 ejusque
969 735 1162 774 arcem
1196 719 1376 775 armis
1406 737 1711 792 occupare.

2625 711 2802 766 Έλεῖν
2834 733 2892 766 τε
2921 711 3009 766 καὶ
3042 712 3305 789 φρούριον
3339 713 3503 768 αὐτοῦ
3532 719 3648 777 τοῖς
3683 714 3900 777 ὅπλοις.

689 805 830 861 Post
861 806 1108 861 multam
1144 811 1339 862 autem
1370 808 1585 863 caedem
1615 826 1679 864 ac
1708 808 1963 862 laborem

2628 799 2772 855 Μετᾶ
2802 800 2964 877 φόνον
3000 806 3130 876 γοῦν
3163 803 3252 857 καὶ
3282 802 3523 876 κάματον
3562 803 3752 879 μυρίον

692 895 762 949 ad
797 895 960 967 pacis
987 896 1355 951 conditiones
1390 898 1643 969 respexit
1670 897 1949 968 Chrysus,

2629 888 2723 950 Εἷς
2751 884 3045 961 συμϐάσεις
3084 888 3382 965 βλέψαντος
3410 892 3556 965 αύτῷ
3585 897 3681 946 τοῦ
3710 892 3922 968 Χρύσου

690 1000 753 1039 se
784 983 995 1040 Caesari
1029 985 1309 1040 nimirum
1344 987 1465 1041 fore
1495 986 1824 1056 subditum,

2629 989 2742 1043 Τοῦ
2772 986 3111 1050 καθυπείκειν
3149 988 3365 1063 βασιλεῖ
3395 987 3484 1043 διὰ
3519 989 3662 1063 βίου,

690 1074 738 1128 si
774 1074 1023 1129 retinere
1055 1074 1204 1129 hanc
1234 1075 1346 1130 sibi
1379 1075 1576 1130 liceret
1608 1092 1823 1145 arcem,

2450 1077 2593 1132 (3470
2630 1078 2846 1149 Ἔρυμα
2874 1076 3124 1151 κατέχειν
3165 1076 3383 1152 βασιλεῖ
3416 1076 3505 1133 διὰ
3539 1078 3679 1152 βίου,

694 1168 751 1216 et
784 1164 831 1217 si
868 1164 1107 1219 daretur
1140 1164 1300 1235 regia
1330 1165 1399 1220 de
1431 1165 1611 1235 stirpe
1645 1182 1806 1220 uxor.

2630 1164 2735 1220 Καὶ
2768 1165 2997 1239 σύζυγον
3026 1171 3177 1241 σχεῖν
3209 1166 3266 1221 ἐκ
3301 1165 3582 1240 βασιλείου
3614 1168 3824 1243 γένους.

693 1251 785 1305 Sic
817 1268 876 1306 re
900 1253 1161 1308 confecta
1200 1252 1391 1307 Caesar
1441 1253 1749 1307 discedens
1798 1254 2067 1319 Prosaco,

2630 1255 2791 1325 ’Ἄναξ
2826 1257 3092 1325 μιταστάς
3123 1260 3229 1309 τῶν
3258 1260 3435 1330 μερῶν
3464 1260 3559 1310 τοῦ
3591 1256 3896 1332 Προσάκου.

697 1356 1003 1411 regressus
1035 1345 1121 1396 est
1155 1342 1225 1395 ad
1260 1342 1461 1395 urbem
1495 1340 1879 1396 Constantini.

2632 1341 2866 1398 Εἷ’σεισιν
2901 1342 3052 1407 αὖθις
3082 1345 3181 1413 τὴν
3212 1344 3376 1398 πόλιν
3412 1344 3843 1401 Κωνσταντίνου.

694 1429 838 1484 Exin
872 1429 1136 1485 Romano
1168 1429 1415 1501 imperio
1451 1430 1625 1484 ﬁdem
1660 1430 1831 1502 fregit

2632 1430 2944 1509 Ἀφίσταται
2978 1429 3033 1487 δὲ
3060 1438 3156 1487 τοῖ’)
3187 1432 3413 1508 κράτους
3442 1431 3747 1507 Ῥωμαίδος

696 1518 939 1590 perfuga
975 1519 1226 1573 Ibancus
1259 1519 1315 1573 in
1348 1518 1603 1589 Philippi
1638 1519 1801 1586 urbe,

2453 1522 2596 1577 6475
2634 1522 2884 1595 Ηρόσφυξ
2914 1516 3162 1595 Ἰϐαγκὸς
3187 1521 3259 1576 ὢν
3290 1522 3341 1577 ἐν
3376 1520 3659 1578 Φιλίππου
3689 1522 3874 1591 πόλει,

691 1605 1185 1677 detrimentisque
1219 1607 1409 1663 affecit
1450 1612 1681 1663 nostros
1713 1606 1987 1679 plurimis
2025 1624 2037 1661 :

2632 1610 2729 1663 Καὶ
2763 1609 2993 1664 πλεῖστα
3024 1607 3211 1664 δεινῶν
3247 1607 3489 1673 Αὕσονας
3521 1610 3884 1687 κατειργάκει,

695 1720 832 1762 nam
864 1709 920 1758 et
950 1704 1070 1759 acie
1097 1722 1248 1776 saepe
1281 1705 1552 1761 discessit
1577 1706 1775 1771 victor,

2634 1699 2729 1753 Καὶ
2760 1699 3010 1771 στρατιὰν
3042 1697 3273 1769 ἥττησεν
3306 1700 3483 1753 αὐτῶν
3518 1698 3813 1767 πολλάκις,

697 1794 1030 1865 Cammytzc
1060 1810 1295 1865 quoque
1326 1800 1494 1866 c‘apto
1524 1798 1968 1865 protostratore,

2632 1785 2801 1841 Ἑλὼν
2836 1789 3312 1862 πρωτοστράτωρα
3342 1789 3684 1861 Καμμύτζην
3719 1788 3871 1864 μάχῃ
3904 1807 3914 1818 ·

700 1886 759 1937 et
792 1881 1112 1937 incursavit
1146 1888 1355 1937 nostra:
1387 1883 1627 1938 ditionis
1658 1883 1832 1938 urbes

2378 1903 2425 1967 Β
2636 1873 2985 1947 Ἐπιδραμὼν
3018 1874 3075 1930 δὲ
3104 1878 3189 1931 καὶ
3225 1876 3418 1941 πόλεις
3446 1876 3750 1949 Ῥωμαΐδος

704 1987 828 2041 qua:
862 1974 1001 2024 sunt
1032 1970 1274 2026 Bolcron
1308 1988 1511 2026 versus
1546 1988 1731 2042 usque
1762 1971 2107 2041 Xanthiam,

2458 1975 2599 2029 6480
2634 1974 2737 2035 Τὰς
2769 1974 2906 2047 πρὸς
2934 1972 3166 2048 Βολερὸν
3206 1974 3401 2049 μέχρις
3423 1974 3589 2043 αὐτῆς
3620 1975 3908 2047 Ξανθείας,

707 2059 905 2116 Omnia
933 2059 1047 2114 late
1078 2060 1382 2132 diripiens,
1416 2076 1615 2131 agens,
1649 2061 1840 2116 ferens
1877 2079 1888 2114 :

2640 2062 2742 2119 Καὶ
2773 2064 2943 2117 πάντα
2978 2068 3184 2135 μυσῶν,
3279 2084 3428 2141 φασι,
3462 2062 3610 2118 λείαν
3646 2062 3843 2139 δράσας
3876 2086 3886 2096 ·

707 2150 794 2203 vir
826 2150 952 2203 sine
984 2149 1161 2203 dubio
1192 2148 1469 2220 prmditus
1502 2150 1687 2205 ferino
1719 2151 1913 2219 corde,

2639 2152 2807 2226 Ἀνήρ
2837 2152 3081 2226 ἀτεχνῶς
3114 2155 3434 2227 αἱμοχαρὴς
3467 2151 3683 2228 καρδία,

708 2238 897 2293 rabidi
931 2238 1094 2293 canis
1128 2239 1315 2293 instar
1343 2239 1637 2294 Romanos
1668 2239 1985 2308 allatrans;

2644 2240 2799 2297 Κύων
2836 2242 3059 2313 μανικὸς
3089 2241 3445 2297 καθυλακτῶν
3494 2240 3747 2298 Αὐσόνων
3783 2263 3793 2273 ·

709 2326 808 2397 qui
844 2343 909 2381 eo
944 2328 1191 2382 vesaniae
1227 2328 1560 2398 iurorisque
1591 2328 1793 2396 evasit,

2641 2332 2736 2391 Ὃς
2771 2328 2825 2392 ές
2855 2334 3083 2384 τοσοῦτο
3114 2330 3305 2403 μανίας
3336 2329 3623 2400 έληλάκει,

709 2422 772 2471 ut
805 2415 1021 2471 milites
1052 2416 1345 2471 Romanos
1374 2416 1428 2469 in
1464 2416 1660 2487 [ratio
1692 2423 1893 2487 captos

2464 2423 2606 2477 6485
2645 2421 2732 2481 Ὠς
2767 2420 3125 2493 συοχεθέντας
3160 2420 3410 2476 Αὐσόνων
3443 2420 3580 2473 κατά
3609 2418 3818 2493 μάχην,

711 2504 1012 2560 frustatim
1045 2520 1172 2559 esse
1204 2505 1451 2560 caederet
1478 2506 1536 2560 in
1572 2506 1854 2561 convivio.

2645 2507 2878 2579 Τέμνειν
2924 2503 3164 2577 μεληδὸν
3200 2504 3251 2559 ἐν
3285 2506 3437 2578 πότῳ
3466 2503 3734 2583 ξιφιιδίῳ.

706 2597 893 2659 Quare
927 2594 1244 2664 imperator
1276 2594 1480 2651 abiens
1514 2595 1787 2666 Byzantio

2642 2598 2800 2659 Ὅθεν
2838 2594 3092 2670 βασιλεὺς
3126 2596 3337 2668 ἀπάρας
3368 2593 3692 2665 Βυζαντίδος

706 2687 894 2739 semet
924 2670 1153 2738 Orestis
1179 2682 1431 2739 contulit
1462 2686 1530 2739 ad
1567 2686 1771 2740 urbem
1807 2702 1819 2739 :

2644 2680 2965 2757 Ὀρεστιάδα
2994 2678 3403 2755 καταλαμϐάνει
3437 2682 3603 2739 πόλιν
3644 2703 3654 2715 ι

706 2796 961 2852 cumque
995 2780 1269 2836 rebellem
1304 2787 1566 2837 cerneret
1599 2783 1804 2838 fortem
1838 2783 2182 2853 admodum,

2101 2799 2182 2853 ω,
2647 2774 2822 2848 Ὁρῶν
2854 2773 3167 2842 ἀποστάτην
3198 2768 3255 2827 δὲ.
3286 2768 3577 2847 δύσμαχον
3614 2771 3776 2841 πάνυ,

708 2871 1004 2926 Romanos
1037 2874 1231 2924 autem
1265 2876 1451 2924 semet
1480 2872 1827 2927 comitantes

2469 2865 2611 2919 6490
2651 2862 2753 2918 Καὶ
2785 2862 2940 2916 συνὸν
2974 2862 3125 2932 αύτῷ
3157 2861 3462 2934 Ῥωμαϊκόν
3495 2882 3546 2915 τι
3581 2861 3768 2938 στίφος

709 2958 906 3030 przelio
939 2959 1255 3013 abhorrere
1289 2965 1465 3030 atque
1498 2968 1657 3014 metu
1693 2962 2012 3032 exanimes,

2649 2952 2789 3026 Πρὸς
2817 2948 3144 3023 συμπλοκὴν
3176 2950 3399 3023 φρίσσον
3433 2972 3490 3005 τε
3514 2952 3602 3006 καὶ
3642 2954 3869 3021 θνῆσκον
3903 2948 4043 3020 δέει,

709 3050 880 3121 inops
912 3049 1140 3104 consilii
1172 3049 1329 3110 curis
1362 3050 1668 3105 aestuabat.

2650 3043 3001 3116 Ἐξηπορεῖτο
3036 3039 3283 3117 φροντίσι
3317 3040 3696 3116 προσανέχων,

708 3139 892 3211 Igitur
924 3138 1289 3193 conditiones
1322 3139 1519 3211 rebelli
1552 3140 1787 3208 obtulit,

2648 3132 2805 3198 Πλὴν
2835 3128 3203 3205 προύκαλεῖτο
3239 3132 3375 3205 πρὸς
3408 3131 3597 3207 φιλίαν
3630 3132 3910 3202 ἰνστάτην,

709 3245 1007 3283 armorum
1045 3244 1371 3298 pugnisque
1406 3228 1637 3283 interim
1674 3247 1784 3284 nou
1821 3231 2159 3297 immemor;

2393 3255 2435 3320 C
2651 3218 2807 3291 Μηδὲ
2839 3226 3088 3294 στρατιᾶς
3123 3219 3344 3293 ἀμελῶν
3376 3221 3465 3275 καὶ
3496 3228 3596 3290 τῆς
3634 3224 3822 3297 μάχης
3859 3242 3870 3253 ·

711 3318 1149 3387 exercitumque
1179 3334 1411 3373 omnem
1444 3334 1642 3373 secum
1677 3319 1921 3375 trahens

2403 3315 2433 3320 ν
2470 3324 2614 3377 6495
2652 3321 2750 3375 Καὶ
2782 3315 3116 3385 παραλαϐὼν
3142 3320 3236 3380 τὰς
3269 3316 3528 3392 δυνάμεις
3559 3322 3653 3381 τὰς
3679 3320 3810 3382 ὅλας

706 3407 953 3463 contulit
984 3424 1041 3462 se
1072 3407 1129 3461 in
1163 3406 1522 3478 provinciam
1560 3407 2052 3480 Philippopoleos.

2650 3411 2747 3464 Καὶ
2780 3412 2875 3477 τῆς
2904 3407 3189 3463 Φιλίππου
3210 3410 3309 3476 τὴν
3339 3408 3608 3483 ἐπαρχίαν
3643 3411 3870 3486 φθάσας,

707 3506 906 3577 ibique
940 3511 1198 3560 castrum
1230 3505 1377 3575 cepit
1417 3507 1466 3558 vi
1502 3506 1967 3573 Stenimachum,

2651 3498 2993 3572 Στενίμαχον
3030 3498 3289 3574 φρούριον
3318 3496 3461 3552 εἷλεν
3498 3498 3558 3552 έκ
3591 3500 3800 3572 μάχης,

708 3597 807 3649 ubi
837 3594 1230 3649 Barbarorum
1264 3600 1387 3648 erat
1417 3594 1626 3665 ingens
1660 3611 1967 3655 numerus.

2648 3590 2811 3651 Ἔνθα
2844 3589 3073 3654 συνῆκτο
3108 3581 3396 3661 βαρϐάρων
3425 3586 3687 3641 πλεῖστον
3723 3586 3930 3664 στίφος,

707 3701 855 3755 quos
891 3683 1094 3737 urbem
1129 3683 1445 3753 populatus
1476 3683 1806 3751 captivavit.

2649 3675 2750 3737 Οὓς
2782 3673 3257 3744 κατεδουλώσατο,
3293 3676 3577 3747 πορθήσας
3604 3674 3768 3730 πόλιν
3801 3693 3813 3707 ·

708 3772 927 3827 Deinde
958 3777 1127 3843 captu
1162 3772 1329 3826 falsis
1362 3773 1863 3842 promissionibus

2470 3770 2611 3821 6500
2650 3768 2878 3821 Ἔπειτα
2901 3765 3121 3839 συσχὼν
3152 3766 3353 3835 ἀπάτῃ,
3386 3762 3733 3839 ψευδορκίοις

706 3862 927 3918 crudeli
961 3864 1200 3928 lbanco,
1237 3861 1493 3932 pessimo
1527 3863 1879 3927 adversario,

2648 3850 2893 3928 Ἰϐαγκὸν
2927 3854 3102 3925 ὠμὸν,
3137 3850 3446 3928 δύσμαχον,
3480 3854 3842 3928 κακεργάτην,

705 3954 887 4007 victor
914 3968 1185 4006 reversus
1217 3957 1307 4005 est
1334 3951 1932 4023 Constantinopolim.

2651 3942 2852 4001 Εῗσεισι
2884 3941 3205 4005 καλλίνικος
3229 3944 3329 4012 τὴν
3362 3944 3787 4001 Κωνσταντίνου.

706 4044 1005 4113 Regnante
1034 4039 1233 4095 Alexio
1265 4040 1334 4094 de
1364 4041 1678 4095 Comnenis
1711 4041 1966 4112 Angelis,

2648 4033 2862 4091 Τούτου
2888 4036 3215 4105 κρατοῦντος
3248 4032 3891 4106 Κομνηναγγελωνύμου,

702 4132 929 4186 Joanne
962 4135 1159 4185 autem
1194 4128 1501 4183 Camatero
1536 4129 1807 4184 Ecclesiae

2650 4121 2900 4176 Ἰωάννου
2928 4119 2985 4175 δὲ
3017 4124 3347 4193 Καματηροῦ
3376 4119 3468 4174 τὸν
3502 4119 3692 4194 θρόνον

704 4236 934 4275 sacrum
974 4222 1209 4273 tenente
1241 4216 1454 4273 solium
1488 4217 1840 4287 Byzantines,

2469 4216 2613 4269 6505
2650 4207 3013 4280 Βυζαντιάδος
3046 4209 3245 4263 ἰθύνειν
3280 4208 3600 4282 εἰληχότος,

702 4325 917 4364 novum
946 4306 1189 4362 emersit
1216 4306 1605 4377 spuriumque
1635 4306 1872 4377 dogma,

2648 4301 2819 4373 Δόγμ’
2852 4298 3053 4376 ἀνεφύη
3088 4298 3409 4374 καινοφανὶς
3436 4297 3527 4352 καὶ
3558 4300 3735 4371 νόθον,

700 4399 873 4468 cujus
908 4401 1189 4468 magister
1220 4402 1346 4451 erat
1378 4401 1434 4451 et
1465 4401 1692 4450 creator

2645 4387 2949 4462 Γεννήτορά
2970 4408 3027 4441 τε
3055 4386 3143 4441 καὶ
3178 4384 3504 4441 διδάσκαλον
3536 4386 3696 4464 φέρον

703 4472 1031 4542 monachus
1063 4486 1303 4557 quidam
1332 4485 1531 4540 dictus
1562 4484 1856 4547 Sicidites,

2644 4480 2781 4537 Τινὰ
2814 4477 3064 4551 μοναχὸν
3101 4474 3383 4547 Σικιδίτην
3417 4475 3749 4549 τούπίκλην,

701 4578 907 4631 intima
936 4591 1070 4630 vere
1104 4573 1399 4629 blaterans
1432 4579 1489 4629 et
1517 4573 1943 4643 ventriloquus.
2250 4557 2285 4589 ’

2250 4557 2285 4589 θ
2386 4622 2432 4687 D
2644 4566 2910 4624 Λαλοῦντ⁸
2945 4564 3169 4635 ἀληθῶς
3198 4565 3305 4620 ἀπὸ
3332 4572 3433 4641 γῆς
3467 4565 3556 4620 καὶ
3587 4565 3826 4627 κοιλίας.

2465 4669 2605 4687 nP‘ln
2648 4671 2693 4687 ri,
2728 4686 2749 4687 κ
2776 4666 2870 4687 ΙᾉΑΑ
2917 4684 2931 4687 _
2968 4659 3131 4687 -?,'__A-
3161 4661 3257 4687 ΑΒ.-
3295 4661 3336 4687 ,ἲ
3370 4664 3475 4687 ---Α
3514 4664 3599 4687 ---Α
3638 4662 3810 4687 \lu_e_.

702 4676 846 4732 Nam
880 4672 1281 4729 controversia
1311 4677 1513 4727 exorta
1540 4678 1738 4726 utrum
1772 4672 1965 4726 dicere

2386 4659 2432 4687 υ
2463 4669 2606 4725 6510
2646 4666 2932 4735 Ζητήσεως
2963 4659 3131 4731 οὔσης
3158 4661 3261 4737 γὰρ
3293 4661 3338 4716 εί
3370 4664 3482 4737 χρὴ
3514 4664 3602 4716 καὶ
3638 4662 3810 4736 λέγειν

701 4768 820 4820 imo
853 4774 907 4819 et
936 4764 1156 4817 diserte
1181 4762 1416 4816 credere
1448 4778 1554 4815 nos
1586 4766 1873 4832 Oporteat,

2645 4759 2802 4808 Νοεῖν
2833 4773 2891 4807 τε
2922 4756 3109 4825 σαφῶς
3143 4755 3305 4823 σῶμα
3336 4748 3574 4825 Χριστοῦ
3606 4752 3902 4823 Δεσπότου,

698 4870 910 4924 corpus
942 4851 1314 4906 Dominicum
1352 4852 1407 4903 in
1443 4849 1737 4921 mysteriis
1768 4855 2075 4920 sumptum

2052 4867 2075 4905 α
2641 4847 2703 4895 *Ο
2734 4839 2947 4910 ληπτόν
2979 4837 3120 4893 ἐστιν
3150 4840 3286 4910 ἡμῖν
3320 4836 3371 4893 έν
3408 4839 3730 4915 μυστηρίοις

698 4942 1169 5013 incorruptivum
1204 4956 1355 5004 esse,
1392 4946 1454 4993 ut
1487 4945 1619 5010 post
1650 4938 1986 5008 passionem

2642 4934 2951 5009 Ἀφθαρτον
2987 4928 3147 4999 εἶναὶ,
3181 4928 3420 5003 καθάπερ
3456 4932 3592 5002 μετά
3620 4932 3794 4993 πάθος

692 5032 1223 5099 admirandamque
1255 5028 1613 5092 anastasim;
1646 5046 1716 5081 an
1754 5028 2154 5098 corruptivum

2132 5046 2154 5082 λ
2641 5023 2743 5077 Καὶ
2778 5020 2921 5084 θείαν
2956 5020 3266 5087 ἀνάστασιν,
3299 5019 3333 5087 ἢ
3368 5019 3603 5093 φθαρτὸν
3638 5017 3810 5095 λέγειν

692 5122 865 5194 qnale
895 5125 1029 5174 ante
1061 5126 1305 5173 mortem
1338 5119 1528 5172 fuerat
1558 5135 1625 5171 uc
1657 5116 2026 5186 passionem;

2461 5116 2607 5171 0515
2643 5114 2865 5169 Ὀποῖον
2900 5111 2965 5178 ἦν
2998 5110 3105 5184 πρὸ
3138 5109 3365 5172 θανάτου
3400 5107 3487 5162 καὶ
3518 5112 3619 5163 τοῦ
3646 5110 3851 5173 πάθους

691 5213 874 5268 altera
903 5227 1035 5279 pars
1066 5210 1263 5262 aiebat
1296 5207 1791 5276 incorruptivum,

2640 5204 2947 5277 Ἀφθαρτον
2979 5200 3033 5253 οἱ
3067 5201 3160 5272 μὲν
3192 5196 3542 5253 ἀπεδείκνυον
3570 5196 3717 5270 τόδε,

689 5304 834 5357 freta
861 5298 1145 5353 doctrinis
1180 5303 1357 5366 atque
1393 5295 1750 5349 testimoniis

2640 5288 3061 5348 Διδασκαλικαῖς
3096 5289 3379 5361 χρώμενοι
3416 5289 3734 5363 μαρτυρίαις

686 5392 798 5446 cati
832 5388 1025 5461 Cyrilli
1060 5393 1116 5440 et
1154 5386 1337 5439 Patris
1369 5384 1801 5453 Chrysostomi,

2642 5383 2819 5457 Σοφοῦ
2854 5376 3130 5453 Κυρίλλου
3160 5378 3247 5430 καὶ
3285 5379 3487 5451 πατρὸς
3521 5378 3936 5451 Χρυσοστόμου,

686 5480 1077 5549 Eutychiique
1112 5475 1417 5547 Byzantini
1454 5474 1747 5546 praesulis,

2638 5470 2913 5544 Εὐτυχίου
2943 5489 3000 5521 τε
3031 5468 3294 5538 ποιμένος
3330 5465 3671 5539 Βυζαντίδος,

688 5577 747 5633 et
777 5570 1179 5641 Nyssenorum
1221 5564 1540 5636 phOSphori
1573 5563 1858 5631 Gregorii,

2454 5565 2597 5621 6520
2636 5562 2741 5616 Καὶ
2781 5556 3090 5633 Γρηγορίου
3122 5556 3418 5633 φωσφόρου
3448 5556 3734 5613 Νυσσαέων
3776 5577 3785 5589 .

688 5660 787 5734 qui
822 5657 1041 5729 scripto
1076 5672 1183 5711 suo
1217 5655 1467 5709 suadent
1504 5652 1864 5724 magisterio,

2635 5648 2807 5723 Οἷ’περ
2838 5649 3227 5722 παριστάνουσι
3260 5643 3638 5708 διδασκαλίαις

691 5749 849 5806 istud
882 5766 915 5803 ξι
950 5746 1117 5802 nobis
1148 5748 1452 5816 sumptum
1491 5744 1547 5799 in
1596 5743 1889 5815 mysteriis

2633 5742 2843 5798 Ἐκεῖνο
2876 5742 3035 5820 σιῖεια
3067 5735 3342 5791 Δεσπότου
3377 5735 3686 5814 πεφυκέναι.
