4250 6432
188 367 305 423 245

365 494 448 548 Τὸ
471 496 563 545 νῦν
595 491 731 565 πρὸς
763 491 995 546 ἑστίασιν
1031 497 1169 565 ἡμῖν
1201 496 1497 570 τυγχάνον·

366 582 441 637 ’Ὀ
470 586 714 656 κρεῖττον
748 581 907 658 ὀφθὶν
939 584 1172 646 θανάτου
1208 586 1343 656 μετὰ
1368 584 1536 648 πάθος

183 671 333 726 6525
368 673 532 738 Ζωῆς
562 673 823 746 κατῆρξεν
854 671 1077 747 ἀφθίτου
1112 674 1323 749 βροτῶν
1366 676 1550 748 χάριν*

371 759 450 814 Οῦ
471 758 565 811 κᾶν
604 759 772 833 μέροσ
797 780 877 820 τις
905 760 1149 835 τυγχάνῃ
1186 760 1525 836 δεδεγμένος,

368 850 551 903 ’Ἂπαν
589 842 771 903 λαϐὼν
808 848 986 903 ἄπεισι
1021 854 1179 922 σῶμα
1211 852 1436 925 Κυρίου,

372 936 473 990 Καὶ
503 939 896 1011 προσθεουργεῐ
930 938 1056 999 τοὺς
1093 942 1460 1014 μετασχόντας
1492 939 1673 1013 ξένως.

371 1026 442 1081 Οἱ
475 1022 520 1078 δ’
551 1025 609 1079 ἐκ
640 1024 858 1097 μερίδος
889 1032 985 1094 τῆς
1019 1024 1259 1088 ἐναντίας
1291 1027 1455 1083 πάλιν

188 1126 336 1181 6530
374 1127 650 1201 ’Έφασκον
678 1124 806 1178 αὐτὸ
843 1123 985 1197 μηδὲ
1013 1125 1183 1181 τύπον
1216 1130 1473 1202 παρέχειν

369 1220 587 1281 Σεπτῆς
624 1214 891 1287 μακαρίας
921 1235 977 1267 τε
999 1214 1355 1283 παλινζωίας·

369 1302 723 1373 Τελούμενον
753 1299 809 1355 δὲ
844 1304 1025 1365 θυσίαν
1064 1304 1235 1375 μόνην
1268 1304 1465 1381 φέρειν.

364 1392 657 1455 Κάντεῦθεν
693 1394 875 1461 άνουν,
910 1393 1167 1466 φθαρτὸν,
1201 1391 1412 1468 ἄψυχον
1454 1396 1663 1463 πέλειν,

365 1481 467 1536 Καὶ
502 1478 592 1533 τόν
631 1481 973 1554 μετασχόντα
1010 1478 1066 1534 δὲ
1106 1478 1404 1554 λαμϐάνειν
1438 1487 1624 1556 μέρος,

182 1570 329 1624 6535
368 1570 498 1643 Οὐχ
529 1569 665 1621 ἅπαν
698 1570 760 1621 τὸ
793 1573 954 1640 σῶμα
982 1573 1078 1622 τοῦ
1105 1571 1339 1644 Χριστοῦ
1373 1573 1665 1627 Δεσπότου·

359 1656 425 1713 Εἰ
457 1658 584 1731 γάρ,
620 1658 795 1732 φασὶν,
831 1655 1101 1733 ἄφθαρτον
1146 1660 1283 1727 ὑπήν
1318 1660 1577 1732 καθόλου,

356 1751 457 1800 Ἠν
489 1744 546 1798 ἂν
576 1746 794 1818 άναφὶς,
828 1746 1054 1809 ἀθέατον
1086 1752 1201 1807 τοῖς
1234 1747 1415 1810 δλοις.

363 1836 604 1891 Τοιαῦτα
635 1834 968 1907 συνείροντες
998 1832 1112 1889 ο’ίδε
1146 1834 1483 1911 δυστρόπως,

357 1920 795 1997 Ἀπλουστέρους
827 1918 1035 1977 ἔπειθον
1072 1924 1305 1979 ὑπείκειν
1341 1926 1507 2002 σφίσι.

174 2024 319 2077 6540
357 2024 435 2093 Τῇ
467 2020 732 2095 κρείττονι
766 2017 893 2095 δόξῃ
928 2019 983 2075 δὲ
1012 2024 1327 2093 προστεθεὶς
1360 2023 1483 2095 ἅναξ

350 2107 453 2166 Εῗα
487 2108 755 2186 φθινύθειν
779 2108 1073 2178 τηνάλλως
1104 2110 1229 2171 τοὺς
1262 2112 1505 2187 θατέρας.

353 2200 558 2254 Μυσῶν
591 2198 747 2271 γένος
779 2200 1034 2251 κάκιστον
1068 2199 1144 2261 είς
1176 2202 1497 2275 συμμαχίαν

350 2286 550 2363 Στίφος
586 2288 849 2358 Κομάνων
884 2283 1195 2361 προσλαϐὸν
1225 2289 1557 2363 παριστρίων

342 2377 538 2450 Χώρας
568 2375 725 2449 ἐπῄει
758 2376 1069 2447 Ῥωμαϊκὰς
1105 2375 1352 2453 ἐκτρίϐον

163 2466 308 2522 6545
348 2465 446 2519 Καὶ
483 2466 630 2519 λείαν
667 2465 948 2537 ἀμύθητον
987 2466 1375 2540 αἶ’χμαλωσίαν

341 2555 445 2610 Καῖ
476 2552 649 2608 σκῦλα
682 2553 913 2607 πλεῖστα
933 2552 1194 2627 κερδάναν
1234 2557 1579 2636 ὑποστρέφει.

339 2642 442 2696 Καὶ
473 2646 620 2697 τοῦτ’
652 2641 709 2696 ἂν
738 2644 879 2718 εἶχεν
916 2644 1079 2697 εἰσαεὶ
1114 2643 1239 2719 δρᾷν
1276 2645 1326 2716 ἐξ
1358 2644 1538 2719 ἔθους,

341 2730 409 2787 Εἴ
444 2732 520 2803 μὴ
552 2731 613 2785 τὸ
644 2733 1033 2806 Χριστώνυμον
1067 2728 1279 2795 εὐσεϐὲς
1310 2735 1481 2812 φῦλον

344 2825 462 2873 Τῶν
495 2820 630 2882 Ῥὼς
662 2821 878 2895 άπεῖρξέ
910 2843 1043 2899 σφας
1073 2828 1243 2888 κακῆς
1273 2827 1600 2901 προθυμίας·

163 2911 304 2966 6550
343 2912 407 2965 Ὀ
438 2910 541 2984 γάρ
577 2908 849 2980 Γαλίτζης
882 2912 1104 2986 ἡγεμὼν
1138 2916 1446 2988 παραινέσει

338 3000 460 3054 Τοῦ
492 2998 884 3074 ποιμσνάρχου
915 3001 1181 3069 Ῥωσικῆς
1213 3001 1540 3073 Ἐκκλησίας

337 3086 546 3164 Στίιρος
580 3095 831 3164 στρατιᾶς
857 3089 1069 3157 ἡλικὼς
1103 3092 1176 3154 ὡς
1208 3095 1407 3167 μυρίον

344 3174 593 3245 Ἐπῆλθε
624 3180 692 3249 τῇ
723 3184 791 3250 γῆ
824 3182 929 3231 τῶν
967 3178 1230 3251 Κομάνων
1258 3181 1479 3256 ἀθρόον⁹

338 3266 437 3319 Καὶ
473 3266 667 3340 χώραν
706 3268 966 3341 ἠφάνισεν
1001 3268 1177 3322 αὐτῶν
1211 3270 1476 3345 ἐσχάτως·

161 3367 298 3420 6555
340 3363 442 3418 Καὶ
476 3368 636 3418 τοῦτο
670 3362 867 3439 δράσας
900 3364 1217 3429 πλειστάκις
1248 3369 1595 3447 φιλοφρόνως

341 3453 441 3514 Εἷς
476 3449 712 3507 εὐσεϐῶν
748 3455 1016 3528 καύχημα
1045 3460 1150 3510 τῶν
1175 3459 1607 3532 Χριστωνύμων,

345 3546 495 3618 Σφᾶς
527 3544 842 3616 συμμαχεῖν
878 3541 1073 3599 ἔπαυσε
1103 3550 1308 3609 Μυσοῖς
1339 3544 1657 3625 βαρϐάροις.

344 3633 442 3685 Καὶ
476 3652 558 3693 τις
597 3636 825 3703 Κομνῶν
857 3631 1070 3710 ἐκφυεὶς
1104 3637 1360 3706 Ἰωάννης

347 3722 514 3797 Ἀνὴρ
548 3720 800 3792 πιθώδης
841 3727 1160 3797 σωματικὴν
1192 3728 1291 3796 τὴν
1324 3727 1522 3783 πλάσιν

167 3812 311 3867 6560
352 3810 687 3884 Προκοίλιός
715 3833 772 3866 τε
802 3812 891 3866 καὶ
924 3811 1234 3887 λιπόκρεως
1267 3818 1389 3871 Αίαν

355 3900 544 3974 11αχὺς
577 3899 809 3971 ἐπίκλην
842 3902 900 3956 ἐκ
931 3905 1051 3966 θέας
1080 3905 1409 3981 φερωνόμου

355 3989 613 4064 ’Λντάρας
651 3987 801 4044 ὦπτο
829 3992 1045 4064 βασιλεῖ
1070 3994 1207 4048 κατά
1236 3994 1415 4048 πόλιν·

350 4078 497 4131 Nam:
534 4078 636 4153 γὰρ
668 4076 845 4140 εἰσδὺς
876 4082 966 4135 τὸν
1000 4086 1133 4136 Θεοῦ
1164 4084 1303 4136 θεῖον
1333 4086 1495 4159 μέγαν

353 4167 451 4219 Καὶ
480 4170 589 4221 τῶν
619 4166 743 4241 περὶ
770 4169 1037 4242 τράπεζαν
1070 4169 1435 4243 ᾐωρημένων¹

162 4258 304 4313 6565
352 4257 627 4330 Στέφανον
663 4256 834 4320 ἐνθείς
864 4262 932 4327 τῇ
963 4260 1119 4333 κρατὶ
1152 4263 1503 4334 παρανόμως,

344 4344 679 4417 Στεφανίτης
710 4342 866 4418 ἔξεισι
898 4352 993 4400 τοῦ
1032 4348 1176 4402 θείου
1220 4347 1417 4422 δόμου·

343 4436 447 4489 Καὶ
481 4433 573 4487 σὺν
609 4438 843 4511 φρατρίᾳ
874 4437 963 4491 καὶ
998 4440 1331 4513 συνιστόρων
1364 4443 1543 4515 στίφει

339 4524 550 4579 νΟντων
580 4522 865 4597 ἐπισήμων
899 4547 955 4580 τε
987 4526 1257 4598 λαμπρῶν
1296 4529 1355 4583 ἐκ
1386 4530 1599 4604 γένους,

344 4611 583 4668 Εῗσεισιν
617 4612 770 4675 εὐθὺς
805 4613 884 4676 εἷς
915 4616 1182 4671 παλάτιον
1216 4617 1375 4693 μέγα,

158 4703 295 4757 6570
336 4707 464 4763 Τοῖς
493 4700 803 4777 βασιλικοῖς
836 4702 1207 4777 ἀναδούμενος
1237 4708 1475 4778 κρότοις’

339 4790 448 4846 Καὶ
486 4791 767 4864 βασιλείου
796 4794 1020 4855 καθίσας
1055 4793 1140 4848 ἐπὶ
1176 4795 1371 4866 θρόνου

338 4879 501 4941 Τινὲς
534 4878 848 4954 ἐδωρήσατο
882 4882 1165 4957 λαμπραῖς
1197 4884 1386 4957 ἀξίαις.

339 4970 401 5026 Ὀ
437 4971 723 5045 συρφάκων
760 4966 937 5045 ὄχλος
968 4970 1024 5027 δὲ
1054 4972 1143 5026 καὶ
1174 4977 1281 5028 τῶν
1315 4973 1625 5047 ξυγκλύδων

341 5058 473 5114 Ἀνὰ
513 5058 823 5122 στενωποὺς
855 5058 1139 5137 ἀμφόδους
1172 5061 1501 5131 Βυζαντίδος

160 5159 301 5215 6575
339 5157 484 5229 Πρὸς
515 5154 560 5211 δ’
594 5156 657 5211 αὖ
690 5159 882 5233 ἀγυιάς
912 5159 1286 5235 ἐκτρέχοντες,
1315 5160 1542 5235 λιμένας

339 5248 475 5316 ’Λνη
487 5248 709 5322 γόρευον
748 5248 994 5304 Αὐσόνων
1035 5250 1262 5323 βασιλέα

338 5334 646 5410 Ἑλευθέρῳ
679 5339 912 5409 σσόματι
946 5337 1092 5392 τόνδ’
1126 5341 1408 5411 Ἰωάννην,

337 5424 587 5487 Τιθέντες
622 5425 695 5486 εἷς
732 5428 991 5501 ἅρπαγμα
1023 5426 1281 5501 λαμπρὰς
1317 5430 1516 5493 οἰκίας.

344 5515 552 5577 Νυκτὸς
583 5512 639 5568 δὲ
672 5513 873 5590 χανδὸν
905 5515 1240 5592 ἐμφορηθεὶς
1272 5518 1505 5591 ἀκράτου

172 5608 309 5662 6580
353 5604 543 5679 Ιιαχῦς
577 5604 773 5679 φρένας
807 5604 1002 5674 κλῆσίν
1031 5626 1086 5659 τε
1117 5607 1378 5681 τύραννος
1410 5607 1549 5679 νέος,

350 5694 527 5758 ’Λνείς
554 5715 610 5749 τε
644 5692 820 5757 πύλας
854 5694 1069 5758 ἀνέτους
1105 5695 1412 5773 ἀνακτόρων

1729 374 2087 429 CBSABBS.

1882 503 1936 569 Α
1966 498 2197 554 Domini
2225 516 2439 572 corpus
2467 518 2708 573 prorsus
2739 516 2867 557 esse
2897 501 3215 571 ejusmodi,

1960 587 2131 658 quale
2162 588 2383 643 devicta
2416 594 2600 643 morte
2632 594 2763 660 post
2794 588 3124 661 passionem

1959 680 2234 730 aeternam
2267 678 2493 747 accepit
2522 678 2699 732 vitam
2736 678 2918 732 nostri
2951 677 3138 748 gratia
3172 693 3184 731 :

1959 779 2146 834 neque
2178 764 2539 834 aliquantam
2574 771 2801 837 partem
2834 783 2939 821 nos
2977 766 3290 836 percipere,

1958 853 2057 906 sed
2093 852 2434 909 universum
2462 854 2674 909 Christi
2711 871 2921 923 corpus
2954 854 3209 921 Domini,

1956 958 1989 994 a
2021 957 2136 1012 quo
2168 947 2470 998 sumentes
2502 943 2938 999 sanctiﬁcamur
2970 944 3132 998 mire.

1956 1027 2172 1084 Verum
2206 1031 2508 1086 contrarias
2540 1032 2724 1103 partis
2756 1033 3094 1087 defensores

1954 1117 2227 1173 dicebant
2251 1119 2445 1190 ipsum
2479 1120 2631 1175 haud
2668 1120 2942 1192 praeferre
2965 1125 3168 1193 typum

1954 1221 2131 1260 sacrae
2168 1224 2233 1262 ac
2264 1208 2441 1262 beatas
2474 1208 2704 1263 Domini
2736 1214 3097 1275 anastaseos,

1954 1294 2053 1347 sed
2088 1296 2441 1351 sacriﬁcium
2476 1297 2645 1352 unice
2680 1298 2955 1368 mysterio
2991 1298 3148 1363 fieri;

1952 1380 2087 1435 hinc
2117 1385 2535 1455 corruptivum,
2572 1387 2696 1441 sine
2729 1402 2926 1455 sensu,
2959 1386 3244 1441 exanime.

1950 1481 1989 1532 A
2024 1481 2188 1535 nobis
2222 1487 2416 1537 autem
2450 1484 2605 1537 sumi
2640 1488 2863 1554 partem
2899 1488 3154 1551 tantum,

1949 1586 2065 1623 non
2096 1570 2432 1626 universum
2468 1588 2681 1643 corpus
2712 1571 2924 1626 Christi
2958 1573 3190 1627 Domini
3217 1591 3227 1627 :

1947 1674 2081 1713 nam
2116 1660 2165 1714 si
2198 1659 2305 1715 hoc
2337 1677 2576 1730 prorsus
2601 1661 3086 1731 incorruptivum,

1945 1763 2049 1801 nec
2078 1748 2372 1820 palpabile
2406 1750 2524 1804 fore
2558 1766 2660 1804 nec
2692 1749 2941 1805 visibile.

1862 1862 1909 1926 Β
1944 1839 2070 1890 Haec
2100 1837 2195 1926 isti
2228 1837 2372 1892 falso
2405 1838 2761 1893 blaterantes
2793 1854 2891 1893 ore

1942 1923 2288 1995 imperitiori
2322 1927 2503 1981 turba:
2538 1927 2827 1982 faciebant
2858 1927 3056 1982 fucum
3093 1945 3105 1982 :

1939 2014 2038 2068 sed
2072 2013 2389 2085 imperator
2415 2017 2746 2086 obsequens
2780 2015 3003 2070 meliori
3038 2016 3299 2087 dogmati

1938 2102 2077 2156 sivit
2107 2104 2434 2158 contrarios
2467 2105 2685 2159 frustra
2714 2104 3000 2159 laborare.

1937 2190 2199 2246 Pessima
2229 2209 2371 2263 gens
2402 2199 2717 2248 Moesorum
2750 2210 2884 2248 cum
2916 2194 3074 2248 socia
3103 2210 3281 2249 manu

1935 2280 2266 2335 accolarum
2298 2281 2548 2336 Danubii
2579 2286 2970 2337 Comanorum

1935 2373 2099 2423 terra:
2129 2374 2423 2427 Romanas
2455 2372 2796 2427 incursabat
2824 2376 3084 2438 vastans,

1935 2458 2311 2530 praedamque
2337 2460 2545 2530 agebat
2571 2459 2887 2531 plurimam
2922 2464 2978 2514 et
3008 2444 3292 2531 captivos,

1932 2548 2151 2618 quibus
2183 2549 2367 2604 ditata
2398 2550 2454 2604 in
2484 2550 2736 2621 patriam
2772 2566 2833 2605 se
2865 2550 3203 2621 recipiebat.

1928 2647 2116 2718 Atque
2142 2647 2195 2701 id
2229 2648 2504 2720 deinceps
2538 2665 2770 2720 semper
2798 2655 2998 2704 actura
3030 2648 3238 2715 fuerat,

1931 2734 2045 2790 nisi
2076 2737 2389 2791 Rossorum
2420 2738 2515 2808 pia
2538 2753 2683 2808 gens
2714 2737 3042 2792 Christiana

1931 2823 2292 2880 cohibuisset
2324 2826 2611 2881 Barbaros
2646 2844 2679 2881 a
2712 2826 3021 2881 maleficio.

1930 2913 2166 2968 Galitzzs
2196 2916 2412 2986 quippe
2447 2915 2744 2986 princeps,
2778 2915 3131 2972 adhortante

1932 3002 2201 3057 Ecclesiae
2236 3020 2470 3058 summo
2502 3005 2752 3059 Rossiczc
2782 3008 3039 3075 pastore,

1933 3092 2190 3162 plurima
2222 3093 2463 3149 militari
2498 3099 2699 3149 coacta
2732 3111 2931 3159 manu,

1933 3181 1990 3235 in
2023 3182 2413 3237 Comanorum
2440 3199 2646 3253 agrum
2676 3187 2913 3253 repente
2946 3183 3116 3237 irruit

1932 3286 2184 3341 eumque
2206 3275 2465 3326 extrema
2497 3271 2688 3326 all'ecit
2719 3271 2988 3325 vastitate
3023 3289 3034 3324 :

1934 3360 2088 3432 quod
2122 3375 2251 3415 cum
2284 3360 2498 3432 egisset
2530 3376 2681 3431 saepe
2714 3359 2899 3414 amico
2932 3359 3129 3415 animo

1934 3450 2003 3505 ad
2039 3449 2313 3504 solatium
2349 3450 2579 3521 piorum
2608 3448 3099 3514 Christianorum,

1932 3537 2311 3594 Comanicum
2341 3536 2623 3593 auxilium
2657 3538 2854 3593 Mmsis
2883 3537 3149 3593 abstulit.

1934 3628 2190 3683 Joannes
2222 3627 2458 3698 quidam
2494 3627 2563 3681 de
2595 3626 2909 3682 Comnenis
2942 3627 3199 3698 genitus,

1935 3716 2195 3788 corporis
2227 3714 2379 3771 mole
2409 3714 2526 3770 doli
2560 3716 2807 3771 formam
2841 3716 3119 3785 referens,

1936 3805 2191 3877 projeoto
2223 3808 2444 3875 ventre,
2475 3804 2751 3861 carnibus
2786 3803 3220 3877 pinguissimis,

1938 3894 2174 3951 nomine
2204 3894 2411 3949 idoneo
2444 3893 2638 3948 dictus
2670 3892 2847 3965 vulgo
2880 3892 3147 3962 Crassus,

1937 3984 2147 4039 Caesari
2180 4000 2242 4039 se
2274 3982 2551 4038 rebellem
2586 3983 2645 4037 in
2680 3983 2824 4038 urbe
2855 3982 3125 4054 praebuit.

1940 4084 2250 4154 Ingressus
2273 4082 2430 4137 enim
2465 4080 2748 4153 templum
2786 4081 2886 4136 Dei
2923 4082 3268 4150 maximum,

1938 4188 2213 4228 coronam
2244 4187 2312 4227 ex
2342 4171 2413 4226 iis
2446 4187 2571 4242 quea
2605 4187 2812 4226 mensa
2844 4171 3179 4241 pendebant
3207 4187 3376 4227 sacra

1938 4279 2084 4319 ausu
2116 4260 2363 4317 scelesto
2395 4259 2679 4330 imposuit
2712 4259 2769 4314 in
2802 4264 2979 4331 caput
3011 4275 3208 4325 suum,

1937 4358 2111 4422 atque
2143 4350 2223 4405 ita
2245 4353 2558 4404 coronatus
2590 4347 2810 4419 templo
2844 4348 2962 4402 exit
2994 4364 3007 4401 :

1937 4447 1994 4497 et
2021 4456 2156 4497 cum
2189 4440 2416 4494 favente
2448 4438 2780 4508 conspirato
2812 4437 2985 4509 globo

1937 4528 2244 4584 hominum
2278 4527 2724 4598 splendidorum
2759 4528 2828 4581 de
2859 4526 3049 4581 classe
3082 4525 3286 4593 nobili,

1936 4622 2087 4673 recta
2121 4618 2405 4687 processit
2434 4617 2504 4670 ad
2539 4615 2822 4687 palatium
2853 4631 3160 4685 magnum,

1933 4706 2242 4779 plausibus
2273 4705 2771 4776 concrepantibus
2802 4704 2860 4757 in
2896 4720 3115 4759 morem
3149 4703 3372 4774 regium
3399 4722 3411 4769 ;

1932 4813 2064 4851 mox
2095 4812 2227 4850 cum
2264 4795 2442 4865 regali
2475 4794 2844 4849 consedisset
2875 4793 3112 4859 throno,

1932 4885 2256 4955 splendidis
2288 4884 2573 4955 quosdam
2607 4883 2843 4937 donavit
2872 4882 3283 4953 dignitatibus.

1934 4974 2195 5030 Miscella
2225 4990 2358 5029 vero
2394 4972 2595 5045 populi
2627 4972 2908 5027 colluvies

1937 5080 2037 5137 per
2067 5064 2432 5134 angiportus,
2466 5063 2591 5119 vias
2622 5062 2899 5132 vicosque
2934 5061 3093 5117 urbis

1936 5169 2153 5223 perque
2183 5152 2405 5221 plateas
2437 5168 2677 5207 currens
2711 5155 2887 5221 atque
2919 5155 3125 5220 portus

1936 5251 2265 5305 Romanum
2300 5248 2683 5320 proclamavit
2710 5249 3127 5320 imperatorem

1936 5340 2121 5394 libera
2151 5338 2353 5409 lingua
2385 5338 2696 5391 clamitans
2729 5337 2885 5391 hunc
2916 5338 3236 5405 Joannem;

1939 5434 1995 5483 et
2025 5426 2201 5482 simul
2231 5428 2540 5497 opulentas
2572 5425 2864 5497 spoliabat
2893 5426 3122 5480 domos.

1943 5521 2154 5571 Verum
2191 5520 2469 5585 sequente
2499 5520 2664 5569 nocte
2698 5530 2858 5569 mero
2890 5530 3208 5584 Oppressus

1942 5622 2176 5662 crassus
2209 5605 2303 5660 hic
2340 5609 2530 5659 mente
2561 5609 2617 5659 et
2648 5604 2885 5659 nomine
2916 5608 3229 5674 tyrannus,

1941 5695 2111 5767 regiae
2144 5693 2482 5765 patentibus
2515 5710 2616 5765 per
2648 5691 2979 5749 socordiam
3006 5692 3233 5763 januis,

3502 375 3609 429 246
