4190 6448
1858 364 2228 420 ΕΡΗΒΕΜῙΙ
2265 362 2841 421 CHRONOGBAPHI

2566 483 2890 552 Ὀπλιτικῆς
2924 484 3208 563 φάλαγγος
3241 484 3636 559 ἰσκεδασμένης

2571 570 2803 637 Ἐλαθεν
2834 571 2999 636 ἀλοὸς
3034 572 3286 637 ὁπλίταις
3319 575 3611 650 βασιλέως,

2572 663 2673 717 Καὶ
2698 663 2798 731 τήν
2830 662 3073 740 κεφαλὴν
3106 663 3357 726 ἐκκοπεὶς
3387 664 3723 727 παναθλίως·

2393 752 2533 807 6585
2573 751 2676 807 Καὶ
2706 748 2928 823 δέσμιος
2963 750 3021 805 δὲ
3050 754 3490 828 πρωτοστράτωρ
3523 754 3859 828 Καμμύτζης

2570 838 2665 894 Ὀν
2698 840 2900 913 φθάσας
2928 840 3073 893 εἶπον
3105 844 3222 901 τοῖς
3248 842 3459 904 Μυσοῖς
3478 840 3753 910 ἡλωκέναι

2569 927 2805 1000 Εἱρκτῆς
2834 948 2891 982 τε
2923 925 3133 1000 δεσμῶν
3165 926 3408 993 ἐκλυθεῖς
3436 931 3581 1004 παρά
3610 930 3841 1005 Χρύσου,

2572 1015 2675 1070 Σὺν
2708 1013 2838 1087 τῷδ’
2866 1015 3232 1086 ἀπεστάτησεν
3266 1018 3524 1074 Αὐσόνων
3556 1018 3805 1092 κράτους,

2570 1105 2675 1161 Καὶ
2705 1111 3032 1178 κατακρατεῖ
3060 1106 3389 1182 Πελαγονίας
3418 1106 3574 1177 ὅλης⁸

2390 1194 2532 1250 6590
2571 1194 2810 1267 Συνέσχε
2837 1185 2928 1248 καῖ
2962 1192 3243 1269 Πρίλαπον
3278 1192 3407 1250 ἄστυ
3440 1193 3664 1271 ῥᾳδίως,

2569 1286 2962 1357 Κατατυραννεῖ
2986 1282 3328 1337 Θετταλικῶν
3360 1284 3608 1359 χωρίων,

2567 1375 2856 1443 Παρακινεῖ
2881 1392 2939 1426 τε
2972 1370 3137 1446 ῥᾷστα
3172 1373 3261 1426 καὶ
3292 1373 3389 1439 τήν
3420 1370 3683 1439 Ἐλλάδα,

2565 1453 2925 1531 Παλίμϐολον
2956 1459 3137 1530 τίθησι
3174 1458 3431 1523 Πέλοπος
3467 1459 3665 1533 κλίμα.

2569 1547 2709 1621 Πρὸς
2738 1544 2870 1618 τῷδ’
2892 1548 3200 1619 ἀποστάτης
3230 1569 3291 1624 γε
3324 1546 3573 1625 δεύτερος
3609 1548 3801 1617 πάλιν,

2390 1632 2531 1691 6595
2572 1634 2852 1706 Σπαρτοὺς
2883 1637 3020 1691 κατὰ
3047 1638 3328 1713 γίγαντας,
3363 1635 3557 1716 αἶ’φνης
3582 1639 3745 1714 ἀνέφυ

2569 1724 2824 1795 Ἰωάννης
2857 1725 3093 1802 Κύπριος
3124 1724 3573 1802 Σπυριδωνάκης,

2569 1813 2947 1887 Τούπώνυμον
2978 1818 3125 1889 σχὼν
3161 1815 3220 1871 ἔκ
3244 1818 3498 1892 πατρῴας
3527 1816 3726 1879 ἑστίας·

2567 1902 2809 1979 Αίσχρός
2839 1925 2921 1965 τις
2954 1903 3094 1966 εἶδος
3135 1902 3356 1973 ἠλικίαν
3390 1905 3477 1960 καὶ
3508 1906 3767 1980 τρόπους,

639 366 747 421 247

636 492 775 546 dum
801 489 921 559 ejes
953 502 1054 559 per
1082 488 1285 543 orbem
1316 491 1471 543 esset
1501 486 1733 559 dilapsa
1762 487 1993 556 cohors,
2310 485 2361 551 Α

640 595 674 633 a
696 577 939 633 Cazsaris
974 575 1264 631 militibus
1295 579 1532 647 repente
1562 580 1772 648 captus

640 667 1049 724 calamitosum
1084 671 1257 737 caput
1286 666 1412 721 ensi
1443 667 1674 723 obtulit.

637 756 1006 825 Cammytzes
1039 770 1271 826 quoque
1299 760 1706 825 protostrator,
1745 758 1975 811 tantum

636 860 814 916 quem
848 859 1028 912 supra
1059 842 1177 897 dixi
1209 843 1267 896 in
1299 841 1548 899 vinculis
1578 844 1732 914 apud
1765 843 1999 910 Messes,

638 932 877 989 effracto
909 931 1022 987 sibi
1054 931 1257 1003 Chrysi
1291 948 1467 986 manu
1501 948 1752 997 carcere,

640 1038 775 1079 cum
809 1022 915 1076 hoc
945 1020 1291 1091 conspirans
1321 1020 1529 1076 defecit
1559 1038 1591 1076 a
1623 1021 1868 1089 Caesare,

640 1116 697 1167 et
728 1109 1097 1182 Pelagoniam
1130 1114 1399 1166 cunctam
1431 1110 1742 1182 occupavit
1774 1128 1786 1164 :

641 1207 768 1256 tum
796 1200 973 1255 etiam
1007 1200 1161 1271 cepit
1190 1197 1487 1269 Prilapum
1523 1198 1630 1253 levi
1664 1198 1822 1267 nisu,

640 1295 817 1361 atque
848 1287 1165 1343 Thessaliae
1199 1288 1505 1342 dominum
1538 1304 1600 1341 se
1631 1287 1856 1358 gessit:

639 1376 802 1434 nullo
830 1377 1151 1432 obsistente
1182 1376 1416 1431 demum
1449 1375 1763 1430 commovit
1795 1374 2115 1441 Helladem,

638 1464 1035 1535 rebellemque
1067 1464 1200 1520 fecit
1228 1463 1717 1535 Peloponnesum.

637 1557 787 1611 Tum
815 1558 872 1611 et
906 1553 1142 1610 rebellis
1173 1553 1325 1609 alius
1358 1557 1594 1625 repente
1618 1552 1894 1626 apparuit

641 1646 947 1716 (tanquam
982 1641 1066 1696 illi
1099 1642 1397 1714 quondam
1425 1642 1691 1714 gigantes
1721 1640 1921 1712 sparti)

640 1734 899 1790 Joannes
928 1732 1176 1803 Cyprius
1206 1730 1377 1803 vulgo
1409 1730 1857 1802 Spyridonaces,

639 1823 751 1879 hoc
783 1822 1006 1877 habens
1038 1824 1492 1915 cognomentum
1528 1823 1771 1889 paterna
1800 1835 1870 1874 ex
1899 1819 2094 1887 domo,
2313 1850 2359 1915 Β

642 1912 859 1967 {uadum
892 1909 1031 1981 quid
1061 1910 1211 1980 visu,
1247 1908 1509 1972 moribus
1543 1914 1598 1963 ct
1627 1924 1887 1980 corpore,

639 2000 825 2057 oculis
856 2000 1030 2055 homo
1063 1999 1301 2065 strabis,
1336 2002 1459 2054 arte
1492 1998 1702 2068 epifex,

639 2088 843 2144 humili
876 2094 1032 2144 sorte
1063 2088 1297 2160 genitus
1327 2092 1385 2143 et
1418 2093 1582 2142 terrae
1616 2086 1791 2155 filius,

637 2178 886 2235 Caesaris
917 2177 1053 2233 olim
1087 2176 1380 2248 palatinus
1413 2175 1692 2244 famulus,

633 2267 930 2323 interioris
960 2266 1083 2322 ﬁsci
1115 2264 1392 2321 custodiae
1425 2265 1749 2337 impositus
1785 2281 1796 2319 :

630 2357 761 2414 exin
794 2356 1129 2412 Smolenam
1163 2355 1573 2427 praefecturam
1606 2357 1839 2419 nactus,

629 2448 1029 2518 inexspectata
1061 2444 1352 2516 dignitate
1383 2442 1573 2498 elatus

631 2537 701 2591 ad
736 2533 1047 2606 apostasia;
1080 2534 1312 2605 proruit
1339 2532 1662 2587 vesaniam.

630 2623 889 2680 Tertiam
922 2622 1177 2678 habebat
1207 2621 1397 2677 Caesar
1426 2625 1567 2676 tunc
1596 2621 1916 2687 miseriam,

632 2716 831 2770 suetos
864 2712 977 2768 sibi
1012 2713 1285 2784 podagrae
1318 2710 1569 2766 dolores.

636 2801 909 2859 Bil‘ariam
943 2800 1125 2874 igitur
1154 2799 1472 2856 distributo
1499 2800 1779 2870 exercitu,

636 2895 860 2964 partem
893 2890 1221 2945 ducendam
1253 2893 1455 2944 contra
1479 2888 1917 2960 Spiridonacem

633 2995 847 3052 genero
880 2978 1074 3034 Alexio
1105 2977 1351 3033 tradidit
1379 2977 1699 3049 Palmologo
1735 2996 1746 3033 :

633 3069 878 3126 alteram
912 3084 1047 3124 vero
1078 3068 1358 3123 traditam
1393 3066 1749 3139 OEnopolitaa

633 3159 702 3213 ad
732 3156 1141 3213 debellandum
1178 3156 1340 3210 misit
1368 3154 1764 3228 Cammytzem
1796 3154 2046 3211 hostem.
2309 3215 2347 3237 Π

630 3245 831 3301 ΡΓίΕΙῘΟ
863 3248 1133 3301 conserto
1167 3248 1483 3314 utrumque
1514 3243 1787 3299 rebellem
1821 3245 1978 3314 vicit,
2306 3220 2349 3280 (λ

629 3335 919 3406 ejecitque
950 3333 1198 3405 imperio
1229 3349 1364 3387 eum
1402 3332 1496 3387 Dei
1531 3349 1637 3402 ope
1666 3352 1677 3387 :

628 3431 684 3481 et
712 3424 1002 3497 Chrysum
1035 3440 1272 3495 quoque
1301 3422 1527 3495 pepulit
1557 3424 1959 3480 Strummitza.

625 3513 833 3570 Adhuc
866 3513 1060 3569 Alexio
1093 3512 1378 3567 retinente
1413 3513 1749 3582 imperium,

623 3603 836 3657 Asanis
864 3605 1041 3672 atque
1072 3600 1223 3656 Petri
1260 3600 1571 3656 Masorum
1606 3601 1787 3657 frater

627 3691 684 3745 in
720 3691 1050 3763 principatu
1087 3690 1285 3762 patrias
1318 3706 1624 3745 successor

624 3781 883 3836 Joannes
916 3796 1083 3835 arma
1114 3778 1324 3834 extulit
1353 3784 1554 3833 contra
1588 3777 1904 3849 imperium
1934 3795 1947 3835 :

626 3868 949 3941 statimque
982 3884 1295 3940 aggressus
1329 3884 1459 3923 cum
1494 3867 1748 3937 plurimo
1774 3869 2027 3924 exercitu

625 3959 683 4013 in
719 3957 1073 4029 Rhodopeiis
1095 3957 1260 4029 jugis
1292 3955 1691 4011 Constantiam
1723 3956 1924 4011 urbem

623 4048 771 4103 bene
803 4047 1092 4102 munitam
1127 4044 1498 4117 fastigiisque
1532 4045 1871 4117 impositam

621 4133 776 4189 facili
811 4133 1005 4205 praelio
1039 4133 1151 4189 sibi
1184 4133 1524 4188 vindicavit.

620 4224 809 4294 Hujus
839 4224 1086 4295 dejectis
1122 4222 1441 4290 moenibus,
1476 4222 1762 4278 scelestus
1797 4222 1967 4277 homo

618 4313 873 4367 Varnam
908 4312 1163 4383 perrexit
1192 4312 1401 4367 urbem
1437 4313 1506 4367 ad
1546 4328 1705 4366 mare
1737 4313 1937 4380 sitam,

619 4417 797 4474 quam
830 4401 1200 4456 continenter
1234 4401 1432 4456 tribus
1467 4401 1675 4457 diebus
1703 4400 1993 4471 quatiens,

618 4490 877 4562 denique
902 4493 1133 4562 captam
1164 4490 1482 4561 exaequavit
1514 4489 1662 4552 solo,

620 4582 870 4652 ejusque
901 4580 1056 4635 cives
1088 4581 1143 4635 in
1175 4580 1442 4648 subjecta
1474 4580 1632 4635 fossa
1860 4598 1863 4602 ‘
2306 4576 2350 4641 D

619 4670 715 4724 hic
745 4669 974 4724 daemon
1003 4669 1200 4724 obruit
1230 4669 1412 4730 vivos.
1446 4669 1557 4724 heu
1593 4668 1880 4723 dolorem!

620 4758 859 4813 Sabbati
898 4760 1094 4831 magni
1126 4765 1181 4813 et
1212 4758 1500 4814 benedicti
1535 4758 1647 4826 die,

617 4846 831 4903 Christi
866 4865 1093 4903 sacram
1128 4847 1457 4919 passionem
1492 4848 1571 4902 nil
1606 4847 1887 4903 reveritus
1922 4866 1934 4902 :

613 4941 741 4992 tum
774 4938 1011 4992 demum
1048 4937 1102 4991 in
1138 4954 1307 4993 suam
1344 4938 1593 5008 patriam
1625 4942 1714 4992 est
1744 4953 2031 4993 reversus.

612 5026 779 5082 Nunc
811 5042 958 5098 opus
992 5027 1147 5082 haud
1184 5028 1381 5098 inepto
1415 5028 1672 5097 tragoedo
1704 5027 1870 5092 foret,

615 5131 793 5186 quam
828 5133 958 5171 sum
992 5133 1119 5189 ego,
1156 5121 1220 5171 ut
1250 5122 1555 5172 caneretur
1581 5116 1757 5188 digne

613 5204 1018 5261 calamitatum
1046 5206 1285 5276 pelagus
1315 5210 1371 5261 et
1400 5206 1672 5277 abyssus,

614 5293 903 5349 malorum
940 5296 1179 5366 inquam
1220 5296 1354 5349 Ilias
1381 5300 1436 5349 et
1468 5295 1771 5366 tragmdia,

604 5398 732 5451 quae
762 5384 1127 5438 Constantini
1163 5383 1341 5438 simul
1377 5384 1503 5438 urbi
1536 5383 1783 5453 contigit
1816 5402 1828 5438 :

606 5470 726 5527 imo
758 5489 904 5545 opus
938 5473 1081 5527 foret
1113 5477 1314 5527 contra
1343 5489 1579 5528 summo
1613 5478 1739 5528 vate

2386 2084 2527 2138 6600
2564 2087 2748 2155 Τυχην
2779 2085 3068 2157 χαμερπῆς
3100 2082 3189 2137 καὶ
3220 2083 3445 2157 χθόνιος
3477 2084 3781 2159 παντάπαν,

2564 2175 2871 2245 ,Υπηρετῶν
2906 2169 3089 2225 ἄνακτι
3121 2171 3186 2225 τὰ
3214 2172 3353 2227 κατὰ
3384 2171 3619 2244 δόμους,

2564 2258 2748 2329 Φύλαξ
2776 2259 3013 2332 ταμιίων
3048 2264 3154 2314 τῶν
3188 2259 3293 2315 ἔσω
3324 2264 3678 2336 τεταγμένος·

2562 2349 2694 2406 Εἶτα
2724 2351 3017 2421 Σμολένων
3050 2349 3227 2422 κλίμα
3258 2350 3448 2425 λαχὼν
3488 2349 3710 2406 διέπειν·

2560 2440 2661 2499 ’Ός
2686 2438 3040 2513 κατιπαρθεὶς
3071 2438 3242 2511 ἀξίαις
3265 2439 3611 2515 παραλόγοις

2564 2533 2741 2603 ’Ἦρθη
2773 2528 2909 2601 πρὸς
2941 2527 3196 2583 ἀπόνοιαν
3221 2527 3577 2591 ἀποστασίας.

2383 2619 2525 2674 6605
2561 2618 2725 2685 ’Υπῆν
2760 2616 2976 2691 βασιλεῖ
3004 2617 3093 2671 καὶ
3121 2619 3284 2672 κακὸν
3306 2618 3490 2692 τρίτον
3523 2619 3646 2674 τότε

2562 2705 2769 2769 Είωθός
2803 2706 2853 2760 οἱ
2883 2708 3100 2779 νόσημα
3128 2714 3227 2776 τῆς
3260 2705 3597 2769 ποδαλδίας.

2569 2797 2995 2869 Στρατευμάτων
3025 2796 3206 2851 τοίνυν
3230 2795 3427 2852 διελὼν
3458 2804 3561 2852 πᾶν
3596 2797 3673 2862 εἰς
3705 2796 3822 2854 δύο.

2567 2883 2644 2941 Τδ
2675 2885 2768 2957 μὶν
2801 2887 3041 2960 παρέσχε
3069 2887 3208 2941 κατά
3241 2884 3673 2959 Σπυριδωνάκου

2566 2970 2805 3050 Γαμϐρῷ
2836 2972 3202 3049 Παλαιολόγῳ
3230 2979 3311 3047 τῷ
3340 2974 3592 3049 11:3qu-

2387 3065 2529 3120 6610
2566 3062 2645 3119 Τὸ
2677 3060 2723 3117 δ’
2755 3065 2874 3138 εἶχε
2904 3064 3120 3135 πέμψας
3150 3062 3459 3135 ’[νοπολίτῃ
3493 3067 3604 3137 (73)
3640 3062 3805 3119 πάλιν

2570 3150 2664 3211 Εἷς
2697 3150 3008 3226 ἀντίμαχοσ
3035 3153 3172 3206 κατὰ
3200 3153 3509 3225 Καμμύτζη
3544 3152 3749 3227 μάχην.

2572 3238 2671 3293 Καὶ
2702 3234 3000 3311 συμϐαλὼν
3033 3240 3235 3310 ἥττησε
3263 3242 3390 3304 τοὺς
3415 3240 3719 3303 ἀποστάτας

2568 3328 2677 3384 Καὶ
2708 3326 2943 3405 φυγάδας
2973 3329 3157 3399 τίθησι
3187 3334 3266 3402 τῷ
3297 3334 3431 3384 Θεοῦ
3462 3334 3655 3393 σθένει.

2388 3508 2530 3563 6615
2566 3508 2683 3583 Ἐφ’
2712 3509 2935 3582 ἡμερῶν
2965 3507 3165 3562 τούτου
3195 3528 3255 3583 γε
3282 3514 3385 3577 τῆς
3411 3507 3753 3583 κραταρχίας

2568 3597 2823 3667 Ἰωάννης
2856 3593 3014 3667 ἔξεισι
3051 3596 3477 3672 μυσαρχηγέτης

2568 3685 2840 3759 Σύναιμος
2869 3688 3029 3741 Ἀσὰν
3070 3687 3161 3741 καὶ
3196 3688 3399 3763 Πέτρου
3434 3693 3535 3755 τῆς
3571 3687 3787 3748 Μυσίας

2565 3776 2716 3833 Μετὰ
2745 3781 2996 3851 στρατιᾶς
3025 3779 3160 3831 κατὰ
3188 3776 3476 3849 Ῥωμαίων
3510 3777 3678 3851 ὅρων,

2564 3868 2661 3922 Καὶ
2697 3864 2899 3922 διαϐὼν
2933 3866 3175 3943 ὁπλιτῶν
3202 3866 3432 3922 πολλῶν
3457 3865 3610 3928 ’ίλαις

2384 3958 2527 4014 6620
2566 3952 2713 4013 Κατά
2741 3955 3008 4027 Ῥοδόπην
3039 3959 3141 4026 τήν
3175 3956 3541 4011 Κωνστάντιαν
3572 3955 3737 4013 πόλιν

2561 4046 2867 4124 ῼκισμένην
2900 4044 2955 4100 εὖ
2986 4046 3075 4100 καὶ
3106 4045 3406 4101 κολώνειαν
3439 4046 3622 4114 πόλιν,

2564 4134 2781 4205 Ταύτην
2808 4137 3183 4210 παρεστήσατο
3216 4134 3381 4211 ῥᾶστα
3409 4138 3478 4208 τῇ
3511 4134 3684 4210 μάχῃ*

2564 4224 2667 4279 Καὶ
2699 4224 3021 4297 κατερείψας
3051 4225 3143 4279 τὸν
3175 4220 3474 4299 περίϐολον
3513 4223 3676 4288 τάλας

2566 4313 2659 4375 Εἰς
2691 4314 2899 4387 Βάρναν
2930 4316 3028 4382 ἧκε
3057 4315 3153 4381 τήν
3182 4311 3453 4385 παράλιον
3487 4314 3677 4382 πόλιν,

2382 4403 2524 4458 6625
2562 4401 2660 4456 Καὶ
2692 4400 2854 4473 τήνδε
2884 4403 3026 4478 τρισὶ
3060 4401 3379 4465 κατασείσας
3408 4404 3642 4477 ήμεραις

2564 4487 2904 4562 Παραλαϐὼν
2940 4511 2999 4545 κε
3024 4488 3383 4566 κατεδαφίσας
3417 4492 3553 4563 ἅμα,

2560 4580 2657 4635 Καὶ
2686 4579 2811 4642 τοὺς
2844 4580 2896 4635 έν
2923 4581 3062 4654 αὐτῇ
3095 4582 3421 4655 καταχώσας
3455 4583 3553 4655 φεῦ
3585 4579 3790 4639 πάθους
3830 4580 3844 4635 l

2554 4670 2736 4732 Ζωοὺς
2770 4669 3021 4745 ἀλάστωρ
3054 4668 3427 4743 παρακειμένῃ
3457 4670 3651 4746 τάφρῳ

2552 4760 2700 4814 Κατά
2724 4760 2858 4833 μέγα
2882 4754 3164 4813 Σάϐϐατον
3198 4758 3396 4833 εὐλογη
3408 4758 3591 4831 μένον,

2373 4850 2516 4904 6630
2555 4846 2742 4917 Μηδέν
2773 4843 3048 4911 σεϐασθεῖς
3080 4850 3147 4902 τὰ
3176 4850 3420 4921 Χριστοῦ
3452 4849 3569 4901 θεῖα
3600 4847 3767 4916 πάθη,

2552 4939 2786 4993 Ἐκεῖθεν
2812 4936 3082 5007 ἀνέζευξεν
3117 4936 3194 4998 εἷς
3226 4939 3325 5005 τὴν
3349 4934 3604 5007 πατρίδα.

2554 5026 2771 5082 Φαῦλον
2800 5024 3069 5104 τραγφδὸν
3100 5025 3199 5080 οὐκ
3229 5023 3335 5081 ἔδει
3368 5028 3616 5102 παριέναι

2550 5119 2812 5173 Τοιοῦτον
2844 5119 2961 5177 οἷος
2991 5110 3064 5169 ὥν
3098 5113 3271 5191 ἔγωγε
3301 5116 3582 5191 τυγχάνω,

2550 5206 2639 5266 Εἰς
2674 5209 2964 5279 συμφορῶν
2998 5204 3235 5281 πέλαγος
3256 5205 3333 5268 εἷς
3363 5206 3524 5259 τόσον
3560 5206 3725 5280 βάθος

2370 5296 2512 5350 6635
2551 5291 2907 5368 Τραγῳοδίας
2939 5315 2995 5348 τε
3025 5294 3115 5347 καὶ
3145 5299 3325 5348 κακῶν
3366 5291 3601 5355 Ἰλιάδος

2545 5386 2607 5437 Ἃ
2646 5386 2818 5437 πάντα
2850 5378 3163 5455 συμϐέϐηκε
3183 5388 3250 5456 τῇ
3288 5384 3715 5438 Κωνσταντίνου·

2546 5473 2707 5528 Ἀλλ’
2739 5475 2886 5537 ὅστις
2915 5471 2974 5527 ἃν
3007 5472 3250 5546 ἤμελλεν
3281 5473 3340 5528 ἐκ
3370 5471 3666 5547 δίαμέτρου

676 5684 788 5757 (73)
819 5682 1223 5753 Οἱνουπολίτης
1256 5683 1513 5740 Joannes
1544 5685 1637 5741 hic
1669 5684 1884 5742 dicitur
1914 5703 1945 5741 a
1976 5684 2177 5742 Niceta
2204 5684 2305 5741 lib.

1698 5684 1884 5742 licitur
1914 5703 1945 5741 a
1976 5684 2177 5742 Niceta
2204 5684 2305 5741 lib.
2340 5702 2424 5753 ιιι,
2455 5687 2511 5755 7,
2545 5702 2756 5760 nempe
2788 5687 2952 5746 urbis
2984 5688 3159 5745 OEnei
3191 5687 3353 5744 civis.

2563 1995 2951 2064 Χειρωνάκτης
2978 1994 3172 2069 τέχνην
3199 2016 3277 2063 τε,
3307 1996 3403 2058 τὰς
3432 1992 3581 2068 ὄψεις
3614 1992 3882 2069 στράϐων,

2566 3419 2664 3471 Καὶ
2695 3417 2904 3491 Χρύσον
2937 3418 3186 3487 ἀπήλασε
3217 3423 3405 3494 χώρας
3441 3419 3887 3495 Στρουμμίτζης.

3932 367 4049 424 248
