4250 6432
167 321 284 375 249

348 444 597 500 Ἀπαντα
623 446 777 512 νικᾷν
806 443 1063 518 τραγικὸν
1096 443 1231 517 πρὸς
1261 445 1322 497 τὸ
1356 441 1563 497 κλαίειν

354 534 456 588 Καὶ
496 529 907 607 δραματουργὸν
938 534 1234 607 συμφορῶν
1265 530 1646 606 ἀνθρωπίνων,

161 622 315 678 6640
352 620 479 677 0ἴοῖ
509 641 609 696 περ
644 617 794 683 ὄντες
825 621 1192 695 τυγχάνουσιν
1228 618 1472 681 έκτόπως

356 710 682 786 Σοφοκλεῖς,
715 708 993 783 Αἰσχύλοι
1018 729 1075 762 τε
1096 707 1188 761 σὺν
1221 707 1545 779 Εὐριπίδαις
1582 728 1593 739 ·

356 798 585 859 Πίσυνος
619 796 690 851 ὢν
724 798 877 869 ὅμως
912 794 967 850 δὲ
997 796 1151 871 κάγὼ
1182 801 1260 868 τῷ
1295 796 1462 871 λόγῳ,

358 889 546 943 Αὐτοῦ
578 884 843 958 διδόντος,
877 886 1039 960 ἐξερῶ
1069 907 1120 939 τι
1154 887 1287 959 πρὸς
1322 886 1529 949 σθένος.

354 976 619 1035 Καθεῖλεν
654 975 897 1047 Ἀλέξιος
931 975 1217 1048 Κομνηνὸς
1250 974 1464 1051 κράτωρ

164 1080 317 1134 6645
355 1076 629 1148 Σύναιμον
662 1074 893 1129 Ἰσάκιον
930 1075 1161 1149 ἀρχικοῦ
1195 1073 1388 1148 θρόνου
1426 1094 1437 1105 ·

354 1165 462 1222 Καὶ
491 1163 617 1238 τάχ’
648 1165 704 1218 ἃν
742 1164 879 1228 ὑπῆν
914 1162 1188 1237 συμφέρον
1222 1162 1551 1238 κραταρχίᾳ,

353 1254 421 1313 El
452 1252 611 1308 τοῦδε
647 1249 817 1325 μηδὲν
848 1251 1099 1329 φυλακῆς
1131 1250 1455 1323 κατημέλει.

357 1342 490 1398 Νυνὶ
520 1340 575 1397 δὲ
607 1339 848 1417 διάγοντι
879 1338 1010 1412 τῷδ’
1041 1340 1256 1412 Ἰσακίῳ

354 1432 506 1490 Κατά
536 1454 597 1506 γε
623 1430 851 1487 διπλοῦν
885 1429 1036 1485 κίονα
1065 1428 1465 1498 Ηροποντίδος,

171 1527 321 1581 6650
358 1523 682 1587 Ἀνεύθυνον
714 1522 981 1595 ξύμπασιν
1012 1521 1078 1588 ἦν
1116 1518 1399 1594 προσιέναι

357 1613 463 1670 Καὶ
496 1611 842 1685 καθομιλεῖν,
875 1613 1050 1664 πάντα
1078 1631 1138 1664 τε
1177 1607 1302 1684 δρᾷν
1338 1607 1552 1679 ἀνέδην.

358 1701 641 1762 Διακόνοις
674 1698 767 1754 οὖν
800 1696 1033 1759 Ἰταλοῖς
1065 1698 1434 1771 κεχρημένος,

359 1788 609 1865 Ἀνδράσι
638 1788 842 1867 φίλοις,
873 1786 1151 1863 γράμματ’
1180 1786 1443 1859 ἐκπέμπει
1477 1786 1648 1862 λάθρα

355 1880 506 1953 Φίλῃ
537 1878 762 1954 θυγατρὶ
788 1882 857 1950 τῇ
891 1876 1126 1949 συνεύνῳ
1156 1875 1442 1931 Φιλίππου

169 1972 317 2027 6655
358 1967 684 2040 Ἀλαμανῶν
718 1965 987 2041 ἄρχοντος
1021 1965 1264 2040 εὐτυχῶς
1298 1966 1419 2019 τότε

358 2059 573 2129 Δηλοῦν
605 2060 671 2113 τά
702 2060 753 2112 οἱ
787 2057 1064 2130 ξύμπαντα
1097 2051 1481 2129 συμϐεϐηκότα
1516 2076 1527 2086 ·

358 2148 614 2212 Κάκεῖθεν
647 2145 947 2222 ἀντίγραφα
978 2143 1466 2221 προσδεδεγμένος,

356 2239 567 2310 Πέμπει
601 2237 736 2312 πρὸς
768 2235 937 2305 αὐτὴν
970 2234 1210 2307 Ἀλέξιον
1240 2235 1379 2305 υἱέα,

349 2330 448 2385 Ὃν
481 2325 570 2381 καὶ
604 2324 785 2381 λιπεῖν
814 2322 1017 2394 ἤλπιζε
1043 2322 1362 2399 κληροῦχον
1407 2324 1657 2401 στέφους,

166 2429 312 2484 6660
350 2426 603 2489 Λαθόντα
630 2425 729 2491 τὴν
765 2420 1013 2492 αἶ’σθησιν
1048 2424 1134 2482 οἷς
1161 2420 1359 2476 τούτου
1386 2421 1575 2497 λόγος.

354 2518 545 2575 ’Ὅπως
577 2510 635 2567 δὲ
668 2511 849 2575 λαθὼν
884 2507 1153 2585 διέδρασε,
1187 2510 1404 2565 λεκτέον
1441 2532 1452 2543 ·

359 2603 536 2667 Οὗτός
568 2624 629 2676 γε
658 2601 914 2672 συνέξεισι
944 2604 1024 2672 τῷ
1056 2598 1383 2677 στεφηφόρῳ

360 2692 684 2764 Στράτευμα
714 2692 999 2760 κινήσαντι
1032 2690 1171 2743 κατὰ
1200 2690 1501 2761 Καμμύτζη
1539 2708 1550 2719 ’

360 2783 457 2845 Εἷς
492 2780 537 2837 δ’
570 2779 659 2836 οὖν
695 2779 1098 2855 Δαμοκράνειαν
1128 2778 1500 2851 ἐσκηνημένου

173 2875 320 2931 6665
362 2873 636 2947 Ἀπῴχετ’
666 2870 827 2931 αὐτὸς
857 2866 1097 2943 ἀποδρὰς
1126 2869 1261 2943 πρὸς
1295 2868 1551 2942 Ἀθύραν.

360 2955 655 3037 ’ἐφόλκιον
687 2956 745 3013 δὲ
771 2958 903 3028 νηὸς
934 2956 1138 3029 εὐρείας
1167 2956 1307 3011 πάνυ

356 3048 533 3119 Ἕλλη
544 3047 825 3109 σποντίαις
857 3051 1061 3119 πηγαῖς
1090 3046 1550 3118 καθωρμισμένης

358 3139 459 3200 Ἥς
490 3138 715 3212 ἡγεμὼν
743 3136 808 3203 ἧν
838 3135 896 3190 ἐκ
927 3132 1170 3189 Λατίνων
1204 3136 1460 3195 Ηισσαῖος

359 3226 825 3301 Προευτρεπισθὶν
852 3222 929 3286 εἰς
961 3221 1137 3298 δοχὴν
1170 3227 1267 3278 τοῦ
1301 3220 1592 3299 δραπέτου,

175 3319 322 3373 6670
364 3317 509 3371 Ἐκεῖ
539 3312 771 3389 κατάραν
797 3310 1107 3384 ἐξεπίτηδες
1134 3313 1277 3381 τότε,

356 3406 637 3479 Ἦρπακὸς
668 3402 951 3477 ἐξέπλευσε
979 3404 1072 3457 τὸν
1104 3403 1342 3473 νεανίαν,

362 3497 466 3551 Καὶ
497 3494 636 3568 πρὸς
670 3494 784 3567 μέγ’
816 3494 1087 3568 ἀπήνεγκε
1116 3492 1312 3547 πλοῖον
1346 3494 1601 3550 Λατίνου.

362 3585 516 3640 Ἐπεὶ
540 3581 598 3638 δὲ
628 3581 869 3657 δρασμὸς
897 3580 1191 3656 διέγνωστο
1222 3586 1317 3636 τοῦ
1348 3584 1494 3651 νέου,

362 3670 594 3735 Στείλας
628 3672 815 3748 ἐρευνᾷ
850 3669 1102 3747 βασιλεὺς
1136 3671 1333 3725 πλοῖον
1366 3669 1504 3746 μέγα
1537 3691 1549 3703 ·

165 3773 310 3829 6675
354 3768 529 3829 Οὐδὶν
565 3767 621 3825 δὲ
651 3770 743 3825 καὶ
775 3769 1065 3846 δράσαντες
1099 3769 1521 3842 ἀπεσταλμένοι,

355 3854 732 3931 Παλίνδρομοι
761 3856 1022 3933 φθάνουσι
1053 3856 1190 3932 πρὸς
1226 3855 1474 3930 βασιλέα.

358 3948 697 4020 Κειράμενος
729 3946 832 4021 γὰρ
863 3946 1076 4023 εὐφυῶς
1107 3946 1265 4007 οὗτος
1292 3947 1498 4018 κόμην,

356 4034 666 4107 Ἐσθήμασί
694 4056 754 4090 τε
784 4035 1180 4109 σχηματισθεὶς
1211 4036 1483 4105 Λατίνων,

358 4123 697 4195 εἱλούμενός
727 4126 772 4179 τ’
806 4124 873 4178 αὗ
905 4123 1101 4196 ἀναμὶξ
1133 4124 1310 4179 αὐτῶν
1344 4121 1528 4201 ὄχλῳ,

172 4216 322 4271 6680
360 4215 675 4288 ’Δγνωστος
708 4214 775 4281 ἧν
809 4215 978 4267 ἅπασι
1008 4213 1098 4267 καὶ
1128 4218 1246 4276 τοῖς
1275 4211 1498 4273 εἰδόσιν,

356 4302 550 4364 Οὕτως
579 4300 820 4377 ἀποδρὰς
853 4302 1119 4374 Ἀλέξιος,
1154 4303 1227 4364 ὡς
1260 4300 1418 4376 ἔφην,

359 4391 505 4466 Πρὸς
532 4393 866 4465 κασιγνήτην
896 4390 948 4446 ἰν
980 4388 1207 4461 Σικελίᾳ
1235 4389 1416 4460 πλέει,

359 4480 459 4535 Καὶ
490 4477 613 4553 τῇδ’
645 4479 898 4558 έποφθεῖς
929 4477 1266 4555 ἐκτραγῳδεῖ
1293 4481 1360 4535 τὰ
1390 4480 1536 4552 πάθη
1574 4500 1586 4513 ·

351 4571 415 4625 Ἠ
446 4567 549 4624 δ’ἐ
589 4568 622 4624 λ
794 4574 817 4585 “’
885 4571 896 4584 “
1018 4569 1031 4589 ’
1256 4570 1289 4624 ἆ
1337 4575 1363 4584 ”

553 4591 585 4623 κ
631 4588 816 4645 ιπαρει
845 4590 937 4624 τον
973 4591 1224 4625 συνευνον
1297 4592 1457 4643 μυναι

170 4670 314 4726 6685
355 4666 521 4739 Φίλῳ
548 4688 607 4723 τε
638 4668 802 4740 πατρῖ
835 4665 1118 4743 δυστυχῶς
1149 4670 1454 4743 πεπραγότι

357 4756 463 4814 Καὶ
499 4756 745 4832 συγγδνῳ
772 4756 1010 4828 πλάνητι
1044 4763 1240 4831 γυμνῷ
1269 4760 1315 4810 τ’
1346 4758 1581 4833 ἀστέγῳ.

351 4849 538 4901 Ταῦτα
571 4848 665 4918 μὲν
700 4846 844 4900 οὕτω
876 4846 1165 4920 συνέκυρσε
1194 4851 1272 4916 τῷ
1301 4849 1424 4902 τότε
1460 4865 1471 4877 ’

358 4937 530 5003 Ὑπῆν
561 4932 607 4989 δ’
636 4934 844 5007 ἐριννὺς
871 4937 1138 5012 φθαρτική
1168 4934 1257 4989 καί
1287 4936 1413 5010 πρὶν
1446 4938 1632 5009 πόΑει,

351 5023 578 5097 Ἐρίκος
607 5045 690 5086 τις
726 5022 1035 5085 Δάνδουλος
1064 5022 1188 5094 δοὺξ
1218 5024 1488 5094 Βενετίας,

175 5117 319 5171 6690
358 5115 530 5186 Ἀνὴρ
557 5113 794 5187 ἀγύρτης
824 5113 915 5167 καὶ
946 5112 1182 5175 παλαιὸς
1216 5114 1436 5182 κακίαν,

352 5200 525 5277 νΑδερ
558 5202 869 5277 ἀλιτήριος,
900 5202 1151 5257 Αὐσόνων
1184 5201 1358 5274 λύμη,

351 5294 451 5354 Ὃς
487 5291 773 5368 ὐποτύφων
802 5293 1053 5364 ζώπυρον
1091 5291 1382 5363 βασκανίας

344 5380 674 5452 Ἐναύσματ’
706 5381 770 5434 αὖ
805 5378 1033 5451 μήνιδος
1066 5378 1280 5443 ἔνδοθεν
1312 5381 1493 5454 φέρων

347 5472 437 5531 Ὡς
472 5470 525 5525 ἐν
554 5468 753 5539 σποδιᾷ
779 5476 878 5539 τῆς
908 5469 1102 5525 ἑαυτοῦ
1135 5467 1362 5541 καρδίας

178 5563 317 5617 66%
355 5562 475 5628 Τῆς
509 5556 693 5628 δῆθεν,
725 5560 800 5620 ὡς
833 5556 1081 5634 ἔφασκεν,
1116 5559 1193 5620 εἷς
1219 5556 1564 5636 συμφυλέτας

350 5651 492 5725 Παρ⁹
520 5647 777 5707 Αὐσόνων
806 5648 931 5723 πρὶν
968 5649 1171 5722 ζημίας
1203 5648 1504 5726 παροινίας,

1715 317 2072 375 ΟΕΒΔΗΕΒ.

1866 444 1920 510 Α
1950 442 2049 513 qui
2084 446 2346 515 quemvis
2377 455 2678 520 superaret
2708 450 2992 522 plorando
3022 451 3307 523 tragicum

1936 531 2461 606 humanarumque
2498 542 2750 593 actorem
2786 539 3200 609 miseriarum;

1943 620 2147 692 quales
2183 623 2416 678 fuerunt
2448 625 2675 681 scilicet
2708 627 2789 681 illi
2819 628 3016 683 eximii

1938 709 2257 781 Sophocles
2292 713 2715 785 )Eschylusque
2749 722 2919 786 atque
2950 717 3279 788 Euripides.

1936 798 2153 854 Verum
2186 805 2244 855 et
2278 817 2383 873 ego
2419 803 2602 859 fretus
2636 805 2917 859 facundiae
2949 806 3193 873 viribus,

1936 886 2145 943 harum
2175 906 2281 961 ope
2312 890 2535 963 aliquid
2572 895 2825 949 conabor
2858 895 2986 949 fari.

1938 977 2277 1034 Comnenus
2308 980 2498 1036 Caesar
2527 984 2828 1054 expulerat
2852 983 3084 1039 Alexius

1939 1082 2284 1138 germanum
2323 1069 2607 1126 Ieaacium
2631 1073 2811 1144 regali
2844 1074 3093 1141 throno;

1940 1155 2116 1225 idque
2150 1156 2387 1213 fortasse
2421 1158 2606 1215 fuerat
2639 1160 2886 1233 imperio
2918 1161 3084 1230 utile,

1940 1243 2051 1299 nisi
2086 1246 2411 1301 custodiam
2445 1248 2596 1319 pulsi
2632 1250 3005 1321 neglexisset.

1940 1342 2106 1398 Nunc
2140 1359 2273 1399 cum
2298 1345 2557 1401 Isaacius
2591 1348 2833 1402 domum
2870 1348 3158 1403 habitaret

1943 1432 2011 1487 ad
2045 1433 2190 1488 duas
2221 1432 2525 1490 columnas
2561 1437 2735 1491 sitam
2766 1438 2823 1491 in
2856 1437 3225 1508 Propontide,

1942 1524 2066 1576 erat
2086 1521 2295 1593 cuique
2325 1522 2574 1579 liberum
2607 1527 2901 1595 accedere,

1943 1608 2231 1680 colloquia
2260 1614 2433 1682 atque
2466 1614 2697 1684 negotia
2730 1615 3006 1669 audacter
3038 1630 3228 1686 agere.

1942 1697 2090 1769 Ergo
2124 1698 2378 1754 lsaacius
2403 1717 2545 1755 usus
2580 1702 2866 1757 ministris
2901 1703 3062 1757 Italis

1869 1805 1917 1869 B
1948 1786 2154 1843 amicis
2185 1788 2296 1843 sibi
2335 1789 2497 1856 viris,
2532 1808 2774 1845 arcanas
2809 1792 3034 1846 litteras

1948 1875 2132 1931 mittit
2162 1877 2232 1931 ad
2266 1878 2448 1933 filiam
2483 1896 2650 1934 suam
2686 1879 2938 1951 Philippi
2972 1897 3212 1936 uxorem

1946 1968 2085 2019 tunc
2118 1964 2461 2021 Alamannis
2494 1967 2838 2038 imperantis
2870 1968 3129 2024 feliciter.

1948 2056 2010 2109 In
2036 2054 2126 2109 his
2155 2055 2523 2125 significabat
2553 2059 2848 2112 fortunam
2874 2074 3043 2112 suam
3080 2077 3091 2113 :

1946 2144 2308 2215 receptisque
2343 2144 2503 2201 illinc
2535 2147 2790 2202 vicissim
2825 2147 3035 2201 litteris

1948 2234 2180 2289 mittere
2210 2234 2476 2289 Alexium
2510 2235 2694 2290 filium
2729 2237 2797 2290 ad
2836 2237 3022 2306 ipsam
3048 2237 3274 2307 statuit,

1948 2323 2139 2394 (quem
2174 2326 2229 2378 et
2260 2324 2533 2394 sperabat
2564 2325 2724 2396 regni
2756 2324 3042 2379 hmredem
3076 2324 3363 2395 linquere)

1947 2412 2095 2467 clam
2129 2411 2247 2467 illis
2277 2412 2498 2467 scilicet
2530 2414 2627 2484 qui
2662 2414 3371 2483 observabant'juvenem.

1944 2502 2052 2557 Sed
2086 2505 2150 2556 ut
2180 2500 2415 2556 latuerit
2447 2502 2604 2573 fuga,
2631 2502 2798 2572 juvat
2816 2500 3027 2573 eloqui.

1947 2599 2249 2655 Profectus
2279 2598 2373 2653 hic
2404 2615 2538 2653 curn
2570 2603 2790 2654 Caesare
2825 2617 3012 2672 nuper
3045 2599 3235 2656 fuerat

1947 2688 2166 2744 bellum
2200 2688 2570 2759 Cammytzze,
2605 2692 2668 2743 ut
2696 2688 2974 2754 diximus,
3008 2688 3314 2745 inferenti:

1949 2795 2083 2834 cum
2117 2782 2310 2833 autem
2334 2776 2733 2833 Damocraniaa
2766 2794 2928 2833 mora
2962 2777 3144 2844 fleret,

1948 2869 2086 2939 fuga
2115 2866 2457 2923 adolescens
2488 2867 2734 2923 contulit
2766 2884 2828 2923 se
2852 2867 3148 2940 Athyram.

1947 2962 2209 3029 Cumque
2238 2955 2495 3011 famulus
2528 2955 2758 3013 lembus
2792 2956 3049 3027 ingentis
3079 2957 3242 3013 navis

1949 3048 2119 3118 cujus
2150 3044 2477 3102 navarcbus
2508 3049 2633 3101 erat
2663 3044 2912 3101 Pisanus
2944 3046 3111 3111 civis,

1865 3162 1909 3229 α
1946 3138 2018 3193 ad
2052 3134 2411 3207 Hellesponti
2442 3138 2618 3229 caput
2649 3137 3203 3229 progressusﬁsset,’

1946 3230 2185 3299 paratus
2208 3240 2416 3295 nempe
2444 3223 2515 3278 ad
2547 3223 2956 3295 excipiendum
2992 3224 3306 3296 profugum
3335 3249 3351 3293 ~,

1946 3318 2183 3387 repente
2212 3314 2482 3370 admotus
2515 3312 2735 3384 Athyras
2764 3312 3066 3369 littoribus

1947 3407 2176 3475 recepto
2208 3401 2576 3458 adolescente
2608 3400 2793 3457 altum
2825 3402 3036 3470 tenuit,

1944 3498 2119 3565 atque
2148 3492 2219 3547 ad
2254 3492 2444 3548 Pisani
2476 3506 2681 3547 navem
2713 3491 2987 3547 eumdem
3010 3492 3337 3549 transtulit.

1944 3583 2056 3639 Sed
2090 3597 2223 3637 mox
2254 3585 2318 3636 ut
2351 3580 2486 3653 fuga
2515 3579 2774 3636 inuoluit
2803 3579 3218 3650 adolescentis,

1944 3682 2244 3754 navigium
2277 3696 2555 3750 magnum
2582 3682 2779 3743 Caesar,
2807 3680 3056 3735 scrutari
3078 3680 3267 3752 jussit

1944 3770 2248 3827 ministros
2278 3786 2311 3825 a
2338 3784 2399 3825 se
2434 3769 2647 3825 missos
2674 3787 2688 3837 ;
2722 3770 2824 3825 sed
2858 3768 2956 3825 isti
2987 3774 3182 3827 tamen

1943 3861 2014 3916 ad
2047 3875 2182 3916 eum
2206 3858 2421 3915 reversi
2451 3863 2593 3915 sunt
2617 3858 2849 3930 negotio
2874 3858 3111 3915 infecto.

1942 3949 2169 4005 Etenim
2204 3952 2339 4022 apte
2369 3952 2539 4005 tonso
2572 3947 2783 4021 capillo
2803 3948 3041 4019 juvenis

1944 4037 2401 4108 vestimentaque
2434 4035 2723 4093 simulans
2754 4052 2816 4093 se
2850 4036 3142 4104 Latinum,

1943 4144 2077 4183 cum
2106 4143 2169 4183 se
2199 4126 2647 4199 permiscuisset
2675 4126 2860 4182 turba:
2889 4126 3156 4184 nauticas.

1943 4218 2173 4272 cunctis
2196 4215 2281 4272 vel
2315 4214 2705 4272 familiaribus
2736 4214 2845 4271 fuit
2876 4215 3235 4289 incognitus.

1940 4306 2034 4365 Sic
2065 4304 2203 4376 luga
2233 4304 2495 4377 elapsus,
2528 4308 2593 4359 ut
2621 4304 2845 4359 dictum
2878 4310 2986 4371 est,
3014 4304 3257 4361 Alexius

1943 4397 2014 4451 ad
2046 4408 2305 4451 sororem
2338 4392 2562 4450 confert
2583 4409 2646 4449 se
2676 4391 2735 4447 in
2767 4392 3050 4459 Siciliam,

1945 4489 2121 4555 atque
2150 4482 2306 4554 apud
2339 4481 2500 4537 illam
2532 4498 2705 4538 casus
2739 4481 2836 4537 flet
2866 4481 3263 4550 domesticos;

1946 4588 2075 4644 qua
2106 4587 2389 4643 sponsum
2423 4571 2679 4626 exoravit
2710 4574 2770 4625 ut
2796 4570 3002 4626 vindex
3034 4570 3197 4625 fieret

1947 4661 2174 4734 parenti
2202 4678 2309 4717 suo
2337 4667 2456 4716 tam
2478 4659 2755 4732 gravibus
2786 4675 3070 4731 oppresso
3101 4658 3295 4726 malis,

1946 4751 2222 4821 fratrique
2254 4748 2627 4816 nudo,exsuli
2658 4753 2716 4804 et
2747 4749 2872 4804 sine
2904 4747 3147 4803 laribus.

1945 4849 2096 4905 Dum
2116 4848 2236 4903 haec
2269 4847 2719 4917 peragebantur,
2743 4845 2992 4917 Erinnys
3026 4845 3143 4902 alia

1944 4938 2192 4994 exitiosa
2230 4935 2558 5008 Byzantina;
2593 4936 2724 4991 urbi

1945 5028 2063 5083 dux
2086 5025 2464 5082 Venetiarum
2497 5028 2623 5080 erat
2652 5025 2857 5081 Ericus
2891 5023 3215 5094 Dandulus,

1865 4531 1913 4595 D

1944 5118 2032 5173 vir
2066 5114 2492 5181 fraudulentus,
2517 5119 2803 5169 veterator
2834 5114 3150 5185 pessimus,

1943 5211 2095 5278 Aper
2124 5204 2537 5261 exsecrandus.
2574 5203 2799 5273 imperii
2836 5202 3041 5274 pestis,

1945 5298 2046 5367 qui
2071 5309 2343 5351 arcanam
2378 5294 2677 5347 ﬂammam
2706 5291 2974 5348 nutriens
3003 5291 3205 5347 livoris

1945 5392 2119 5455 atque
2146 5382 2260 5439 odii
2284 5381 2789 5451 tomitemjamdiu
2815 5397 3026 5452 gerens

1942 5481 2226 5545 tanquam
2254 5472 2364 5527 sub
2396 5471 2610 5526 mentis
2636 5470 2829 5525 cinere
2857 5469 3203 5542 repositum,

1942 5565 2016 5620 ob
2049 5564 2174 5619 suis
2197 5561 2383 5627 illata,
2412 5565 2477 5614 ut
2499 5559 2709 5625 aiebat,
2745 5559 2973 5614 civibus

1942 5672 1973 5709 a
1997 5652 2165 5708 nobis
2196 5650 2551 5708 detrimenta
2574 5654 2749 5720 atque
2780 5647 3057 5720 injurias,

3490 329 3601 384 250
