4250 6432
646 336 755 392 255
1858 336 2233 390 EPHREMII
2270 330 2845 389 CHRONOGRAPHI

646 460 865 518 Latinis
896 460 1248 515 resistebant
1280 460 1413 514 forti
1444 459 1640 513 animo
1667 476 1679 512 :

642 550 951 620 portisque
981 564 1045 601 se
1067 547 1381 601 efferebant
1415 552 1476 599 ut
1508 545 1889 599 ostenderent

644 636 874 692 bellicis
904 636 1125 689 viribus
1157 636 1361 689 urbem
1394 650 1509 688 non
1543 633 1809 697 destitui,

647 740 839 796 neque
871 740 933 779 se
962 723 1148 778 aleam
1181 740 1388 794 pugnaa
1422 723 1764 776 detrectare.

642 812 906 866 Proiecto
938 816 1060 865 tum
1094 812 1385 864 Romanos
1412 809 1659 864 vidisses
1696 814 1990 874 strenuos,

639 904 816 965 atque
847 900 1136 953 Mavortia:
1166 914 1453 953 memores
1505 899 1742 951 virtutis
1785 916 1797 963 ;

645 988 971 1059 praesertim
1007 987 1104 1041 ubi
1140 986 1510 1056 imperatoris
1542 1002 1725 1056 gener

646 1078 865 1131 bellum
897 1078 1109 1130 ducatu
1143 1076 1380 1145 regebat
1410 1075 1656 1129 miritico

644 1165 909 1220 Lascaris
941 1165 1288 1219 Theodorus
1318 1164 1375 1217 in
1402 1163 1615 1233 przeliis
1650 1162 1756 1217 leo.

638 1253 742 1307 Hic
773 1252 930 1307 enim
963 1268 1191 1322 pugnas
1224 1252 1449 1306 fortiter
1471 1255 1817 1305 sustentans

638 1341 917 1409 caadebat,
950 1340 1293 1394 concidebat
1323 1338 1704 1393 adversarios.

634 1439 820 1502 Quare
846 1436 1129 1491 collectus
1164 1436 1405 1491 Latinus
1438 1435 1729 1490 exercitus

632 1526 933 1580 terrestris
967 1530 1023 1578 et
1056 1524 1412 1589 maritimus,
1447 1524 1590 1593 proh
1623 1522 1843 1577 rabiem
1871 1522 2059 1577 diram
2095 1521 2106 1574 l

636 1616 861 1685 impetu
895 1615 1101 1669 statuit
1132 1630 1336 1686 capere
1369 1615 1710 1684 Byzantium

636 1706 683 1760 si
718 1709 872 1759 certe
901 1703 1274 1774 praevaleret;
1314 1704 1403 1757 sin
1435 1708 1631 1756 autem
1667 1702 1887 1767 minus,

635 1794 847 1849 oblatis
874 1794 1313 1849 conditionibus
1345 1794 1481 1847 hinc
1516 1793 1803 1847 recedere.

634 1884 783 1953 Ergo
816 1883 993 1936 Latini
1029 1882 1227 1937 hostes
1258 1882 1318 1935 in
1344 1882 1527 1937 aciem
1567 1881 1854 1949 prodeunt

633 1976 811 2041 atque
844 1987 1017 2025 naves
1050 1975 1393 2041 promovent
1426 1985 1612 2041 usque
1646 1969 1716 2023 ad
1753 1967 2048 2034 Petrium;

633 2061 886 2131 grandes
922 2060 1202 2113 habentes
1233 2060 1292 2113 in
1318 2058 1589 2113 antennis
1622 2059 1813 2113 scalas

635 2147 877 2202 funibus
912 2147 1183 2217 alligatas
1217 2152 1338 2201 arte
1374 2149 1537 2201 mira.

634 2236 889 2291 Arietem
918 2234 1017 2288 alii
1042 2236 1373 2289 machinam
1407 2236 1705 2304 objectant

636 2324 871 2381 solitum
908 2326 1270 2379 urbanorum
1304 2323 1601 2394 flagellum
1638 2323 1941 2388 moenium,

636 2417 692 2468 et
722 2414 1179 2483 circumponunt
1212 2412 1480 2466 homines
1514 2411 1861 2482 armigeros,

639 2501 921 2556 nimirum
954 2500 1317 2555 ballistarios
1350 2500 1447 2569 qui
1485 2500 1716 2555 hostem
1747 2500 2075 2555 verberent.

636 2601 796 2655 Tunc
829 2604 994 2653 atrox
1028 2599 1358 2653 exardescit
1386 2599 1456 2651 ad
1484 2596 1699 2652 moenia
1732 2598 1952 2653 bellum

640 2692 863 2743 terrore
896 2687 1135 2758 plenum
1170 2687 1445 2741 maximis
1467 2685 1795 2741 conatibus.

638 2778 826 2832 Ariete
860 2780 1260 2848 expugnatore
1290 2781 1575 2846 ruperunt
1606 2775 1774 2829 facile

640 2867 952 2921 obversum
982 2864 1126 2919 mari
1163 2880 1394 2918 murum
1432 2882 1444 2929 ;
1479 2865 1579 2917 sed
1615 2868 1752 2918 sunt
1792 2862 2012 2935 repulsi

641 2972 674 3010 a
705 2955 919 3009 nostris
951 2953 1336 3009 auxiliaribus
1369 2953 1469 3024 qui
1502 2953 1560 3007 in
1595 2954 1736 3007 urbe
1767 2958 1952 3007 erant.

639 3043 710 3097 At
741 3042 1030 3097 classiarii
1063 3043 1316 3113 desuper
1350 3059 1379 3097 e
1411 3041 1585 3097 scalis

632 3132 930 3203 lapidibus
962 3131 1264 3199 feriebant,
1298 3130 1452 3195 telis,
1486 3131 1698 3202 gladiis

636 3223 893 3277 turrium
927 3222 1203 3277 custodes
1236 3221 1640 3292 moeniumque
1672 3223 1956 3291 vindices,

638 3311 916 3381 brevique
947 3312 1184 3365 eosdem
1223 3311 1279 3364 in
1306 3311 1503 3381 fugam
1537 3312 1932 3381 conjecerunt.

636 3399 860 3455 Deinde
891 3400 1093 3455 hostes
1126 3400 1419 3454 moenibus
1452 3400 1621 3470 potiti

636 3490 879 3544 urbanis
904 3490 1101 3561 ignem
1136 3490 1705 3560 domibusinjiciunt

633 3578 771 3633 inde
805 3596 835 3634 a
869 3579 1205 3634 Blachernis
1230 3580 1300 3633 ad
1334 3581 1517 3632 aedem
1551 3579 1867 3649 Evergetae.

636 3680 801 3733 Tunc
826 3679 1019 3734 dirum
1055 3694 1257 3733 casum
1292 3694 1538 3732 cernens
1571 3677 1893 3748 imperator

632 3766 1088 3837 trepidationem
1122 3765 1527 3838 lacrymasque
1551 3765 1789 3833 civium,

635 3856 966 3927 horumque
989 3871 1196 3910 verens
1223 3859 1477 3909 maxime
1509 3854 1967 3925 querimoniam,

635 3960 786 4016 aegre
817 3950 873 4000 et
905 3950 1143 4000 coactus
1175 3946 1414 4000 tandem
1448 3944 1509 3998 in
1543 3960 1708 3998 arma
1732 3944 1975 4014 rapitur,

632 4039 689 4089 et
710 4034 1127 4105 cataphractus
1156 4033 1433 4105 prodiens
1469 4032 1687 4103 palatio

635 4124 809 4177 traxit
848 4124 1137 4177 nobilium
1163 4124 1428 4194 equitum
1451 4127 1743 4177 catervam

638 4212 1023 4281 peditumque
1056 4212 1336 4279 iuvenum
1364 4211 1568 4264 fortem
1596 4226 1860 4264 manum.

637 4302 706 4355 Et
738 4300 986 4355 fortasse
1018 4300 1250 4371 aliquod
1284 4303 1557 4369 peractus
1588 4303 1711 4353 erat

637 4388 781 4443 utile
814 4389 943 4443 urbi
979 4388 1207 4443 facinus
1232 4393 1287 4443 et
1318 4388 1586 4459 imperio,

633 4477 682 4531 si
716 4493 848 4532 cum
879 4478 1152 4533 hostibus
1188 4494 1427 4532 manum
1463 4478 1879 4545 conseruisset,

629 4566 718 4622 vel
752 4570 904 4621 certe
935 4568 1168 4622 Lascari
1204 4584 1415 4639 genero
1439 4566 1761 4621 fortissimo

632 4655 885 4709 maxime
911 4656 1135 4727 Optanti
1177 4672 1435 4727 pugnam
1471 4654 1840 4725 permisisset
1870 4673 1881 4708 :

632 4761 789 4799 nunc
824 4745 1235 4799 conservandae
1267 4744 1395 4797 vitae
1429 4745 1569 4797 dum
1606 4743 1803 4798 studet
1837 4742 2007 4798 miles

632 4833 979 4888 acceleravit
1010 4834 1143 4887 urbi
1178 4834 1493 4888 discrimen
1528 4848 1858 4887 summum.

636 4932 781 4985 Nam
814 4932 1006 4985 Caesar
1038 4932 1221 4985 armis
1256 4929 1509 5000 sumptis
1546 4929 1605 4983 in
1635 4930 1885 4999 speciem
1920 4936 2148 4986 tantum

634 5025 945 5092 postquam
980 5037 1042 5075 se
1074 5020 1234 5074 brevi
1266 5025 1567 5074 armatum
1597 5019 1857 5073 ostendit
1888 5020 2135 5088 civibus,

640 5108 804 5164 nulla
836 5124 895 5162 re
928 5110 1108 5179 digna
1139 5114 1304 5179 gesta
1334 5108 1574 5162 recessit
1597 5108 1841 5177 statim;

634 5204 689 5253 et
721 5198 821 5269 qui
844 5198 1157 5268 jucundus
1178 5214 1365 5269 nuper
1390 5198 1443 5250 in
1482 5196 1746 5267 praelium
1780 5203 2035 5267 venerat,

637 5305 770 5342 mox
805 5288 1134 5359 ignominia
1166 5288 1376 5358 plenus
1408 5304 1475 5341 ex
1508 5303 1574 5340 eo
1602 5286 1900 5354 discessit,

632 5383 801 5433 aucta
832 5378 1053 5432 Latinis
1088 5377 1357 5432 hostibus
1391 5376 1659 5439 audacia,

638 5472 779 5521 Cum
806 5468 1121 5539 recepisset
1152 5482 1289 5537 ergo
1316 5483 1376 5521 se
1408 5465 1465 5518 in
1499 5464 1781 5535 palatium

642 5559 941 5612 llomanus
970 5558 1163 5611 Caesar
1194 5558 1529 5609 Comm-nus
1554 5552 1812 5621 Alexius,

642 5647 785 5701 utile
817 5645 929 5701 sibi
962 5646 1193 5702 censuit
1226 5663 1289 5702 ac
1324 5643 1743 5701 necessarium.

2407 454 2548 509 6810

2935 629 3207 703 ,
3528 630 3699 707 ,

2399 896 2541 949 6815

3527 1163 3690 1221 .

2399 1348 2540 1401 6820
2578 1344 2878 1415 ,

3127 1544 3203 1594 ,

3362 1700 3476 1769 ,

2398 1790 2541 1844 6825
2581 1790 2809 1861 ,

3420 1968 3685 2043 ,

3480 2056 3652 2129 ,

2401 2236 2546 2289 6830
2585 2234 2653 2289 Ol

2401 2686 2544 2742 6835
3436 2688 3753 2763 ,

2580 2774 2636 2827 '0

2404 3134 2547 3189 6840

2324 3203 2367 3267 C
2585 3203 2798 3276 (bulam
3537 3203 3786 3296 ,

3633 3309 3854 3386 .

3366 3401 3775 3474 ,

2402 3589 2543 3643 6845
3490 3588 3806 3664 .

3683 3855 3881 3928 ,

3535 3947 3647 4016 .

2398 4037 2545 4091 6850
3325 4033 3702 4106 ,

3603 4123 3824 4191 ,

3301 4390 3629 4464 ,

2400 4490 2549 4545 6855
3437 4490 3694 4560 ,

2329 4563 2373 4627 D
2584 4579 2656 4633 'H

3513 4843 3703 4901 .

2402 4936 2545 4991 6860

3536 5019 3794 5094 ,

3528 5202 3741 5276 ,

3586 5292 3753 5366 ,

2403 5381 2546 5435 6865

3185 5555 3643 5633 ,
