4250 6432
143 382 239 439 257

308 506 691 582 Ἀντιφιρίζειν
730 506 909 579 μηδὴν
945 511 1094 583 ἀκμῇ
1125 508 1401 567 κινδύνου.

138 596 275 649 6870
311 596 516 667 ’Ἑξεισι
546 598 737 659 νυκτὸς
764 602 1057 671 τοιγαροῦν
1089 597 1431 667 λεληθότως,

314 685 461 752 Πρὸς
492 680 752 739 Δεῦελτὸν
786 683 831 739 δ’
864 684 1042 741 ἄπεισι
1074 686 1330 762 φρούριον
1361 691 1599 761 Θρᾷκης.

315 772 486 834 Ἔνθα
516 774 896 845 προητοίμασε
925 776 1024 843 τήν
1053 775 1356 842 κατοικίαν,

322 864 334 880 .
466 862 478 879 κ
755 862 768 879 κ
891 866 904 882 ς
1184 865 1194 883 ρ

338 866 496 916 Οκτω
526 883 816 938 κατασχων
846 885 943 931 την
981 863 1257 937 βασιλειαν
1292 866 1526 939 χρόνους

312 950 420 1003 Σὺν
468 952 603 1023 μησὶ
633 952 806 1026 τρισὶν
841 954 1074 1027 ἡμέραις
1107 952 1261 1017 αὖθις
1294 952 1440 1011 δέκα.

309 1069 631 1125 ΑΑΕΞιΟΣ
674 1070 717 1125 Ο
758 1070 917 1126 ΥΙΟΣ
962 1072 1299 1127 ΙΣΑΔΚΙΟΥ
1336 1072 1504 1126 MHN.
1552 1072 1613 1139 ζ’.

133 1164 271 1218 6875
307 1161 480 1226 Αὖθις
515 1161 561 1217 δ’
591 1164 861 1227 Ἰσαάκιος
894 1168 1058 1241 ἄρχοι
1088 1171 1182 1220 τοῦ
1224 1166 1447 1245 στέφους

324 1250 432 1305 Σὺν
464 1250 694 1325 Ἀλεξίῳ
722 1254 920 1325 τεκνίῳ
952 1253 1293 1330 πεφιλμένῳ·

335 1340 493 1394 Ἐπεὶ
522 1342 622 1416 γὰρ
655 1340 894 1411 Ἀλέξιος
928 1344 1131 1413 ἀπέστη
1164 1344 1417 1419 κράτους,

314 1430 423 1485 Καὶ
453 1431 588 1503 πρὸς
623 1426 885 1485 Δεϐελτὸν
920 1430 1239 1508 ἀπέδρασεν,
1263 1435 1335 1495 ὡς
1362 1432 1520 1508 ἔφην,

310 1517 487 1581 Εὐθὺς
516 1518 850 1595 ἀνηγόρευτο
883 1522 1019 1596 πρὸς
1045 1523 1337 1596 γερουσίας

136 1607 277 1666 6880
320 1607 589 1669 Ἰσαάκιος
622 1607 877 1682 βασιλεὺς
908 1612 1083 1684 πηρὸς
1116 1613 1251 1688 φάη,

310 1697 549 1771 Εἱρκτῆς
577 1717 632 1751 τε
665 1695 880 1769 δεσμῶν
911 1698 1111 1761 ἀνεθεὶς
1145 1698 1497 1774 παραλόγως·

314 1784 701 1861 Καθείργνυται
739 1784 796 1841 δὶ
832 1786 1049 1861 βασιλὶς
1082 1789 1431 1864 Εὗφροσύνη.

309 1875 401 1934 Ὠς
434 1871 480 1928 δ’
510 1873 810 1949 ἐγκατέστη
845 1877 933 1930 καὶ
966 1876 1131 1931 πάλιν
1165 1879 1493 1953 κραταρχίᾳ,

313 1963 515 2033 Τίθησι
552 1962 721 2034 δῆλον
755 1970 857 2019 πᾶν
889 1966 951 2021 τὸ
981 1962 1191 2039 συμϐὰν
1228 1968 1503 2028 Λατίνοις·

138 2054 277 2109 6885
321 2054 387 2106 Ol.
421 2051 468 2108 δ’
502 2054 616 2108 υἱὺν
652 2053 1021 2127 ἐκπέμπουσιν
1055 2055 1199 2127 αὐτῴ
1232 2056 1322 2110 σὺν
1353 2058 1534 2132 τάχει,

314 2144 408 2205 Ὠς
432 2144 636 2214 ἠξίωτο
663 2150 931 2216 πατρικῆς
962 2141 1241 2219 συνεδρίας

325 2233 626 2295 Κοινωνίας
656 2253 711 2287 τε
740 2237 837 2286 τοῦ
873 2232 1153 2307 βασιλείου
1188 2235 1438 2305 κράτους.

315 2322 421 2376 Καὶ
452 2326 556 2383 πᾶς
588 2323 830 2397 προσιὼν
865 2319 1122 2395 δημοτῶν
1154 2327 1261 2376 τῶν
1296 2322 1345 2377 ἐν
1379 2321 1524 2377 τέλει

313 2410 555 2487 Ἀμφοῖν
590 2418 834 2486 προσῆγε
865 2412 1230 2487 προσκύνησιν
1266 2414 1354 2467 καὶ
1382 2407 1559 2474 σέϐας.

134 2500 274 2553 6890
314 2500 466 2553 Μετᾶ
496 2499 675 2575 βραχὺ
713 2498 771 2554 δὲ
798 2500 892 2554 καὶ
926 2497 1213 2576 πρόκριτοι
1256 2500 1499 2555 Λατίνων

308 2590 444 2649 Τοῖς
481 2588 785 2661 βασιλείοις
820 2587 1233 2664 παραϐαλόντες
1264 2587 1457 2663 δόμοις

313 2680 513 2749 Τιμῶν
543 2679 803 2753 τυχόντες
838 2677 1055 2755 δωρεῶν
1085 2681 1133 2733 τ’
1160 2677 1225 2733 αὖ
1252 2678 1495 2757 ἀφθόνων

310 2764 477 2827 Αὖθις
510 2765 931 2837 ἀπηλλάττοντο
966 2767 1057 2822 σὺν
1095 2766 1326 2839 εὐταξίᾳ.

308 2854 541 2917 Τούτοις
586 2855 840 2919 βασιλεὺς
875 2854 1125 2930 δαψιλῶς
1155 2855 1469 2933 καθημέραν

133 2944 280 3000 6895
319 2945 492 3006 Ὀλας
523 2942 796 3007 θαλάσσας
831 2945 1135 3019 χρημάτων
1164 2946 1227 3013 ἦν
1261 2946 1541 3021 παρέχων,

312 3032 380 3089 Εἰ
410 3032 500 3088 καὶ
529 3034 678 3110 σφίσι
708 3033 923 3109 κέκριτο
958 3032 1107 3109 ῥανίς
1136 3054 1220 3096 τις
1249 3031 1397 3089 τάδε.
1473 3078 1481 3089 .

313 3125 554 3198 Χρήζων
584 3124 847 3179 τολοιπὸν
876 3123 1145 3179 πλειόνων
1179 3122 1258 3187 εἷς
1288 3120 1529 3195 δαπάνην

312 3213 440 3269 Τῶν
469 3213 631 3285 ἰερῶν
657 3211 858 3285 ἥψατο,
891 3216 987 3288 φεῦ
1012 3212 1345 3285 κειμηλίων,

314 3305 534 3355 Exsuth
564 3322 623 3355 τε
653 3300 811 3365 θείων
837 3306 931 3356 καῖ
960 3295 1232 3356 σεϐαστῶν
1264 3299 1483 3356 εἰκόνων
1522 3304 1534 3357 ε

129 3390 270 3446 6900
313 3391 429 3445 Καὶ
460 3386 633 3444 τῶνδε
660 3389 867 3462 κόσμον
902 3390 1172 3462 ἀθεμίτως
1206 3384 1503 3462 λαμϐάνων

307 3478 399 3539 Ὦς
430 3479 613 3532 κοινὸν
647 3477 907 3552 ἀργύριον
936 3478 970 3547 ἢ
1002 3477 1090 3532 καὶ
1125 3477 1351 3553 χρυσίον

309 3565 584 3642 Παρεὶχεν
614 3564 835 3641 ἐχθροῖς
865 3566 1100 3628 Ἰταλοῖς
1126 3564 1273 3621 τόνδ’
1299 3567 1567 3644 ἀφθόνως.

308 3656 484 3718 Οὗτος
518 3654 809 3717 Πισσαίους
832 3652 1074 3716 Ἰταλοὺς
1102 3656 1228 3717 τοὺς
1259 3655 1310 3709 ἐν
1338 3655 1499 3711 πόλει

306 3746 615 3820 Διαφόρους
650 3739 807 3808 ὄντας
835 3765 895 3818 γε
925 3750 1041 3808 τοῖς
1070 3744 1392 3816 Βενετίκοις,

121 3837 267 3893 6905
304 3834 432 3891 Ἐπὶ
462 3838 634 3906 κακῷ,
668 3836 794 3910 φεῦί
827 3840 928 3903 τῆς
958 3832 1097 3903 ὅλης
1126 3832 1431 3907 Ῥωμαίδος

307 3922 556 3985 Σπεύσας
581 3921 762 3999 φιλιοῖ
790 3923 881 3978 καὶ
909 3922 1272 3979 καταλλάσσει
1302 3923 1443 3981 τότε.

305 4014 378 4071 Ol.
411 4011 460 4068 δ’
490 4012 819 4087 ἀντιμάχοις
848 4011 1204 4088 προσρυέντος
1241 4013 1430 4069 αὐτίκα

304 4102 419 4161 Ἀεὶ
444 4099 631 4176 διῆγον
658 4102 899 4157 σύσσιτοι
922 4102 1283 4174 συνημμέναι·

303 4192 464 4249 Ὅθεν
499 4190 833 4266 Φραγγίσκοι
867 4185 1273 4265 προσλαϐόντες
1300 4210 1351 4243 τι
1388 4190 1551 4264 μέρος

119 4284 265 4341 6910
306 4283 437 4339 Τῶν
469 4281 851 4355 προσρυέντων
885 4280 1158 4335 Πισσαίων
1190 4280 1483 4336 Βενετίκων

305 4373 389 4425 Δι’
419 4370 653 4425 ἀκατίων
685 4366 1191 4444 προσπεπλευκότες
1222 4368 1383 4424 πόλει

304 4458 757 4521 Συνεισπεσόντες
789 4456 1013 4513 ὁπλῖται
1046 4459 1341 4535 ξιφηφόρον,

302 4551 388 4622 Τῇ
421 4551 713 4624 συναγωγῇ
744 4548 989 4626 κρυφίως
1016 4554 1123 4604 τῶν
1158 4546 1209 4601 ἐν
1252 4548 1443 4623 Ἀγαρ,

300 4639 552 4695 Ἀπαντα
582 4637 906 4712 λῃστεύουσι
934 4634 1123 4691 τᾶνδον
1162 4636 1424 4709 καθάπαξ·

118 4728 266 4786 6915
303 4728 453 4789 Τέως
484 4723 532 4781 δ’
557 4725 1002 4801 ἀπεκρούσθησαν
1032 4724 1434 4799 Ἰσμαηλίταις,

304 4815 733 4878 Ἀστυπολίταις
767 4816 915 4894 σφίσι
950 4834 1251 4889 συμμαχου
1262 4817 1465 4887 μένοις.

305 4906 371 4959 Οἱ
402 4902 451 4959 δ’
483 4903 802 4977 ἐκμανέντες
832 4908 938 4979 πῦρ
971 4902 1141 4959 ἰνιᾶσι
1176 4900 1396 4977 δόμοις.

310 4996 408 5048 Καὶ
444 4992 791 5070 πυρπολοῦσι
816 4998 897 5064 τῷ
927 4992 1059 5067 πυρὶ
1089 4996 1167 5064 τῷ
1192 4992 1471 5069 παμφάγῳ

304 5085 390 5141 Τὰ
417 5083 651 5139 πλεῖστα
678 5084 767 5138 καὶ
796 5081 1067 5138 κάλλιστα
1095 5088 1195 5150 τῆς
1225 5080 1650 5138 Κωνσταντίνου.

114 5176 267 5231 6920
305 5173 452 5250 ’Λφή
488 5173 584 5246 μὲν
618 5172 897 5249 ἀπήρξατο
929 5171 1102 5247 πυρὸς
1133 5175 1213 5243 τῷ
1240 5171 1364 5226 τότε

306 5264 404 5320 Ἐκ
437 5264 776 5339 συναγωγῆς,
807 5262 880 5322 ὡς
912 5256 1068 5339 ἔφην,
1099 5264 1206 5314 τῶν
1238 5259 1288 5330 ἐξ
1320 5262 1516 5334 Ἅγαρ·

302 5354 380 5409 Τὸ
411 5352 502 5407 καὶ
536 5353 773 5409 Μιτάτον
805 5356 922 5414 τοῖς
950 5349 1107 5413 ὅλοις
1134 5347 1478 5421 κεκλημένον

303 5444 376 5499 ’Ό
407 5442 545 5515 πρὸς
577 5440 848 5505 θάλασσαν
876 5439 1118 5514 Εἰρήνης
1139 5446 1241 5508 τῆς
1273 5437 1431 5513 ἁγίας

304 5528 700 5608 Ἀγχωμάλως
726 5527 920 5605 ’ίδρυτο
951 5533 1062 5601 ναῷ
1091 5528 1290 5601 τιμίῳ,

112 5625 267 5680 6925
309 5621 412 5679 Καὶ
440 5620 617 5677 πάντα
646 5618 866 5699 φλέξαν,
896 5618 1155 5696 ἀφανίσαν
1182 5617 1250 5672 τὰ
1277 5618 1454 5693 πέριξ.

307 5710 519 5788 Δερρύη
552 5712 679 5786 πῦρ¹
706 5710 863 5765 παντ⁹
896 5707 1140 5784 ἰρημοῦν
1170 5708 1238 5761 τὰ
1267 5707 1457 5780 κύκλῳ

1669 392 2030 449 CBSABES.

1810 521 1859 583 Α
1893 512 2145 570 Instanti
2171 517 2296 586 jam
2330 518 2589 589 periculo
2621 536 2735 576 non
2769 522 2869 577 diu
2902 524 3193 581 resistere.

1905 602 2067 658 Clam
2106 604 2288 673 igitur
2317 622 2420 676 per
2449 613 2679 663 noctem
2708 608 2973 679 dilapsus
3001 613 3224 668 aedibus

1906 691 2053 745 abiit
2084 691 2389 749 Debeltum
2424 694 2683 750 Thracize
2714 698 3045 766 castellum,

1907 780 2005 833 ubi
2033 781 2157 849 jam
2187 782 2297 835 sibi
2335 783 2694 838 instruxerat
2719 786 3141 855 diversorium;

1907 873 2215 937 postquam
2248 874 2517 925 tenuerat
2548 888 2794 942 regnum
2827 875 2997 929 annis
3026 882 3175 945 octo,

1906 956 2091 1010 tribus
2124 962 2398 1026 praeterea
2432 962 2754 1025 mensibus,
2789 962 2996 1019 diebus
3028 965 3250 1020 decem.

2091 1071 2399 1125 ALEXIUS
2444 1072 2695 1128 ISAACII
2748 1076 2977 1132 FILIUS
3020 1078 3233 1135 MENS.
3276 1084 3378 1139 VI.

1906 1166 2065 1220 Tunc
2102 1166 2310 1221 iterum
2346 1170 2605 1225 Isaacius
2638 1173 2861 1243 potitur
2891 1179 3205 1233 stemmate

1907 1269 2037 1307 cum
2071 1254 2281 1309 dilecto
2309 1272 2415 1311 suo
2449 1257 2632 1313 ﬁliolo
2670 1260 2866 1315 Alexio
2898 1278 2909 1315 :

1908 1358 2040 1397 nam
2076 1347 2383 1415 postquam
2419 1345 2578 1417 prior
2608 1347 2844 1404 Alexius
2878 1352 3055 1405 cessit
3087 1367 3263 1424 regno

1907 1434 2080 1500 atque
2112 1431 2441 1499 Debeltum,
2474 1440 2536 1488 ut
2568 1436 2847 1505 diximus,
2880 1439 3159 1512 profugit,

1905 1536 1938 1573 a
1968 1527 2169 1575 seuatu
2205 1522 2472 1592 protinus
2508 1524 2824 1595 imperator

1905 1624 2093 1663 caecus
2124 1610 2384 1666 Isaacius
2415 1615 2502 1666 est
2534 1612 2913 1681 acclamatus,

1904 1712 2129 1752 carcere
2161 1715 2267 1752 suo
2301 1704 2507 1769 praeter
2536 1717 2697 1771 spem
2733 1706 3009 1761 emissus.

1900 1784 2111 1839 Contra
2141 1786 2341 1857 regina
2374 1786 2754 1861 Euphrosyne
2786 1794 3063 1849 custodite
3096 1796 3366 1852 traditur.

1824 1872 1871 1938 B
1902 1871 2001 1927 Ille
2032 1880 2259 1945 recepto
2290 1876 2500 1931 iterum
2536 1877 2781 1949 imperio

1900 1969 2195 2033 peractam
2233 1982 2354 2020 rem
2384 1966 2677 2038 signiticet
2713 1968 2932 2025 Latinis
2965 1990 2982 2025 :

1898 2054 1995 2123 qui
2028 2052 2229 2107 statim
2262 2053 2373 2125 ipsi
2400 2055 2753 2110 remiserunt
2787 2057 2972 2113 ﬁlium

1898 2145 1962 2196 ut
1990 2142 2321 2197 consideret
2350 2160 2482 2198 cum
2517 2150 2754 2214 parente
2785 2146 3023 2203 domino

1896 2230 2240 2301 sociumque
2275 2231 2548 2287 honorem
2583 2233 2872 2289 obtineret
2904 2237 3087 2307 regni.

1894 2319 2056 2374 Tunc
2087 2319 2397 2375 universus
2431 2320 2681 2392 populus
2712 2339 2843 2377 cum
2878 2326 3327 2397 magistratibus

1896 2408 2127 2479 utrique
2152 2409 2327 2463 simul
2362 2411 2599 2465 domino
2631 2411 2980 2481 obsequium
3015 2416 3247 2472 obtulit.

1898 2496 2072 2552 Paulo
2106 2502 2239 2569 post
2268 2499 2446 2553 etiam
2472 2499 2651 2554 duces
2686 2501 3020 2557 Latinorum

1894 2586 2037 2641 Cum
2073 2588 2140 2641 ad
2178 2586 2401 2659 regales
2429 2588 2580 2642 aedes
2612 2604 2673 2643 se
2703 2590 3111 2659 contulissent,

1895 2672 2218 2732 honoribus
2248 2676 2437 2731 allecti
2468 2676 2755 2749 donisque
2782 2678 3131 2749 innumeris,

1896 2763 2075 2834 quieti
2109 2769 2479 2819 recesserunt
2509 2780 2639 2820 cum
2674 2771 2831 2821 recto
2862 2768 3087 2825 ordine.

1894 2854 1997 2908 His
2025 2853 2347 2925 imperator
2374 2853 2595 2909 affatim
2628 2855 2889 2927 quotidie

1896 2942 2081 2998 maria
2110 2942 2368 3014 pecuniis
2396 2942 2453 2997 in
2486 2942 2684 2999 sinum
2716 2944 3038 3017 ingerebat,

1893 3046 2229 3104 quanquam
2262 3031 2382 3087 hac
2412 3031 2556 3103 ipsis
2586 3032 2935 3089 videbantur
2964 3038 3165 3107 gutta.

1895 3120 2026 3177 Mox
2055 3122 2125 3177 ad
2161 3122 2463 3193 impensas
2494 3121 2732 3192 indigus
2758 3122 3021 3194 pecunia

1814 3235 1858 3304 α
1895 3209 2349 3304 cmpit‘diripere
2372 3225 2571 3267 sacros
2589 3210 2930 3304 thesauros,

1895 3312 2035 3353 vasa
2066 3297 2283 3366 divina,
2316 3298 2676 3353 venerandae
2708 3302 2957 3369 statuas,

1893 3387 2110 3458 quibus
2141 3385 2339 3442 illicite
2368 3385 2686 3442 detrahens
2717 3391 3016 3458 ornatum,

1892 3480 2317 3548 argenteosque
2340 3480 2397 3531 et
2427 3491 2634 3532 aureos
2666 3491 2941 3533 nummos
2971 3479 3257 3551 conﬂans,

1892 3564 2165 3621 hostibus
2192 3564 2346 3633 large
2379 3564 2765 3636 profundebat
2796 3563 2979 3622 Italis.

1893 3654 1949 3709 Is
1979 3657 2035 3710 et
2068 3654 2307 3710 Pisanos
2331 3654 2494 3709 urbis
2526 3652 2850 3725 inquilinos

1891 3743 2136 3799 antehac
2162 3759 2196 3799 a
2225 3744 2461 3798 Venetis
2492 3743 2624 3798 odio
2657 3742 3036 3811 dissidentes,

1890 3832 2003 3887 heu
2030 3832 2042 3887 l
2075 3848 2211 3889 cum
2244 3831 2500 3904 pernicie
2535 3832 2792 3888 universi
2823 3833 3057 3904 imperii

1890 3919 2043 3979 inter
2069 3937 2133 3979 se
2161 3920 2391 3978 studuit
2412 3922 2661 3994 jungsre
2691 3919 2968 3977 amicitia.

1893 4010 1979 4068 Illi
2014 4011 2363 4068 adversariis
2393 4011 2522 4066 exin
2556 4009 2911 4067 reconciliati

1892 4117 2027 4156 cum
2062 4100 2153 4157 his
2185 4100 2473 4157 curabant
2496 4099 2760 4169 quotidie
2789 4099 3075 4157 convivia.

1889 4188 2037 4245 Tum
2068 4190 2242 4245 etiam
2278 4189 2504 4255 Franci,
2538 4188 2694 4244 socia
2722 4187 2961 4245 cohorte

1897 4278 2109 4334 Pisaua
2139 4278 2469 4349 Venetaque
2498 4293 2625 4349 quas
2658 4277 2812 4334 ultro
2842 4279 3112 4350 accessit,

1891 4367 2117 4440 cymbis
2146 4367 2205 4422 in
2239 4367 2444 4423 urbem
2474 4367 2669 4423 subito
2699 4366 2877 4423 delati

1890 4456 2177 4529 impetum
2209 4456 2433 4513 faciunt
2462 4455 2640 4511 simul
2671 4460 2895 4511 armata
2926 4471 3109 4514 manu

1889 4544 1948 4603 in
1976 4561 2332 4618 synagogam
2367 4544 2517 4601 clam
2548 4547 2971 4617 Agarenorum,

1816 4601 1859 4666 D
1891 4601 2400 4708 ejus'qugo‘mnem
2435 4601 2670 4707 rapiunt
2699 4601 3126 4706 supellectilem
3162 4654 3175 4693 :

1896 4741 2095 4782 verum
2130 4742 2164 4781 a
2188 4725 2391 4781 Turcis
2422 4725 2657 4781 demum
2689 4729 2829 4781 sunt
2860 4723 3105 4797 repulsi,

1896 4830 2064 4887 opem
2099 4814 2423 4871 ferentibus
2452 4813 2710 4885 Byzantii
2743 4813 2990 4869 civibus.

1898 4904 1984 4960 Illi
2016 4902 2233 4961 eﬂerati
2266 4904 2491 4959 faculas
2522 4902 2797 4974 injiciunt

1897 4993 2110 5049 civium
2144 4992 2333 5060 tectis,
2366 4995 2845 5063 consumuntque
2875 4990 3146 5048 incendio

1898 5082 2154 5155 plurima
2183 5086 2239 5137 et
2269 5081 2494 5153 optima
2525 5080 2688 5135 urbis
2711 5080 2979 5135 adificia.

1899 5172 2091 5244 Magni
2126 5170 2234 5228 fuit
2262 5174 2457 5227 autem
2490 5169 2746 5225 incendii
2780 5169 3014 5226 initium

1898 5278 1932 5317 a
1961 5276 2276 5334 synagoga,
2311 5264 2376 5316 ut
2406 5258 2684 5325 diximus,
2718 5260 3149 5331 Agarenorum,

1898 5352 1998 5423 qui
2030 5351 2190 5406 locus
2214 5348 2388 5420 vulgo
2419 5348 2635 5404 dicitur
2664 5348 2970 5418 Mitatum;

1896 5440 2073 5513 idque
2103 5439 2415 5495 aedificium
2449 5440 2699 5510 pertinet
2729 5438 2799 5493 ad
2836 5454 2997 5494 mare

1896 5530 1997 5585 ubi
2028 5534 2087 5585 et
2116 5529 2312 5586 Irenes
2343 5528 2486 5583 diva:
2520 5526 2808 5600 templum
2842 5528 3037 5601 surgit
3070 5545 3081 5583 :

1896 5618 2057 5675 illine
2089 5617 2471 5691 progrediens
2502 5616 2943 5688 amburensque
2972 5618 3177 5676 omnia

1895 5712 2405 5784 propagatumque
2434 5706 2595 5779 gravi
2626 5723 2761 5763 cum
2792 5706 2971 5763 exitio
