4250 6432
645 420 753 475 263
924 368 933 377 ε
1855 409 2228 466 apsumi
2263 406 2833 464 CHRONOGRAPHI

705 540 1007 597 ALEXIUS
1049 537 1525 595 MURTZUFLUS
1566 536 1642 593 M.
1686 538 1757 606 Π,
1798 535 1948 592 CUM
1988 535 2056 591 ο.
2101 534 2221 588 xv.
2318 536 2373 602 Α

642 667 832 722 Ducas
866 662 1094 733 imperii
1122 663 1368 731 adeptus
1400 664 1746 730 potestatem

645 753 917 809 aerarium
948 766 1195 806 cernens
1227 765 1477 803 vacuum
1510 748 1777 819 pecunia,

644 862 677 899 a
709 843 1081 915 superiorum
1115 847 1447 909 temporum
1482 837 1814 909 publicanis

640 933 701 985 in
728 932 830 1001 jus
860 928 1079 985 vocatis
1111 943 1322 982 aurum
1355 927 1546 997 exegit
1576 925 1915 996 plurimum,

639 1022 815 1091 idque
846 1021 917 1073 ad
950 1017 1261 1089 gerendam
1296 1014 1547 1071 contulit
1577 1012 2023 1085 rempublicam.

638 1111 787 1165 Tum
819 1108 999 1163 armis
1030 1106 1241 1176 captis,
1276 1104 1439 1159 Italis
1467 1105 1767 1167 resistens,

637 1198 847 1254 horum
880 1212 1160 1251 excursus
1193 1194 1501 1248 cohibebat
1530 1192 1694 1247 facile
1730 1209 1742 1245 :

632 1288 1015 1358 quamobrem
1044 1290 1246 1355 gratus
1279 1284 1600 1338 admodum
1631 1286 1756 1337 erat
1786 1281 2035 1351 civibus,

626 1375 953 1447 praesrtim
978 1390 1111 1428 vero
1139 1371 1395 1427 militum
1426 1371 1787 1427 cohortibus.

624 1466 696 1521 Et
728 1463 868 1535 quia
898 1462 1176 1517 Flandriaa
1208 1478 1403 1515 comes
1438 1460 1763 1513 Balduinus
1832 1472 1839 1481 '

630 1553 843 1608 Phileas
876 1552 1171 1623 regionem
1206 1549 1391 1604 milite
1421 1549 1708 1614 vastabal,

630 1645 910 1698 adversus
942 1640 1109 1694 illum
1141 1639 1342 1693 statim
1377 1637 1567 1692 Caesar
1596 1637 1732 1691 exiit
1765 1654 1777 1690 :

628 1731 730 1785 sed
763 1728 918 1784 enim
954 1730 1283 1799 perpetrato
1318 1724 1521 1779 Martis
1551 1741 1746 1795 opere,

625 1825 791 1889 terga
824 1818 1124 1872 Romanus
1155 1814 1438 1869 convertit
1467 1812 1775 1877 exercitus,

625 1922 954 1977 parumque
984 1904 1173 1959 abfuit
1202 1904 1394 1958 Caesar
1424 1902 1495 1957 ab
1526 1900 1768 1955 interitu
1797 1919 1811 1969 ;

616 1998 815 2066 imago
847 2012 980 2050 vero
1012 1992 1257 2064 virginis
1286 1992 1569 2062 Deiparae,

626 2102 803 2158 quam
839 2082 1024 2139 nostri
1056 2098 1220 2152 reges
1251 2080 1387 2135 belli
1413 2080 1634 2134 sociam
1668 2084 1894 2148 vocant,

628 2191 831 2246 pugna
859 2174 1112 2228 fervente
1145 2174 1316 2240 capta
1340 2174 1429 2224 est
1456 2169 1528 2224 ab
1562 2168 1849 2223 hostibus.

629 2265 779 2319 Tum
814 2266 974 2334 pacis
1006 2259 1385 2316 conciliandas
1412 2257 1633 2312 omissa
1662 2274 1825 2326 cura,

634 2354 704 2410 ad
742 2351 1078 2423 capiendam
1112 2349 1319 2403 urbem
1346 2347 1862 2418 diripiendamque

632 2459 695 2498 se
727 2440 1105 2512 comparabat
1132 2437 1421 2493 exercitus
1451 2436 1713 2491 Latinus.

631 2533 779 2602 Ergo
812 2528 1061 2585 sublatis
1091 2526 1363 2582 anchoris
1396 2525 1649 2597 navigia,

630 2623 688 2675 in
722 2620 938 2691 quibus
968 2615 1449 2674 erantmacbinm
1482 2631 1615 2669 cum
1651 2614 1847 2680 scalis,

626 2710 699 2764 ab
733 2709 1018 2776 Evergetas
1052 2704 1391 2760 monasterii
1422 2720 1524 2758 ora

630 2813 818 2867 usque
848 2796 921 2851 ad
954 2794 1308 2849 Blachernas
1340 2808 1536 2847 coram
1570 2792 1978 2847 constiterunt.

630 2886 899 2941 Vicissim
937 2890 1121 2939 Ducas
1153 2880 1460 2937 transtulit
1491 2882 1807 2936 tentorium

628 2974 878 3047 proximi
908 2972 1073 3029 collis
1104 2977 1375 3027 statuens
1404 2970 1462 3025 in
1495 2970 1756 3041 specula,

628 3063 783 3117 unde
813 3060 1128 3131 conspicua
1159 3058 1366 3113 classis
1398 3058 1655 3113 hostium
1689 3062 1834 3123 erat,

625 3150 922 3205 moenibus
948 3149 1071 3219 jam
1104 3163 1237 3201 cum
1270 3146 1455 3209 milite
1486 3145 1984 3218 appropinquans.

620 3239 869 3309 Moxque
899 3235 1199 3307 congressi
1229 3251 1361 3289 cum
1396 3236 1933 3305 prepugnatoribus

624 3328 829 3381 urbani
866 3326 1020 3380 muri
1053 3329 1109 3378 et
1139 3323 1389 3378 turrium
1423 3324 1768 3378 custodibus

622 3417 806 3471 Latini
842 3430 1105 3487 pugnam
1140 3411 1395 3467 validam
1427 3411 1694 3480 ciebant;

621 3506 723 3561 sed
756 3504 1060 3559 inferiores
1092 3490 1192 3556 illa
1223 3503 1461 3555 luerunt
1490 3501 1601 3555 die.

617 3594 822 3649 Postea
855 3598 1012 3647 totus
1048 3591 1222 3645 rediit
1252 3590 1541 3645 exercitus
1577 3606 1589 3643 :

612 3682 848 3752 duoque
881 3680 984 3735 viri
1018 3696 1120 3751 per
1151 3678 1369 3735 scalam
1406 3684 1803 3749 prorepentes,

612 3786 791 3841 quam
817 3769 970 3824 inter
1000 3768 1249 3823 ﬁxerant
1280 3768 1350 3822 ad
1386 3768 1601 3834 Petria,

614 3860 672 3913 in
705 3858 1136 3929 apprehensam
1171 3858 1381 3911 turrim
1414 3856 1801 3926 desiluerunt,

612 3948 1074 4020 praesidiumque
1106 3944 1324 4017 gladiis
1350 3944 1732 4017 proﬂigantes

609 4039 849 4111 signum
877 4038 1087 4093 laetitia:
1122 4037 1492 4093 sustulerunt
1522 4036 1646 4091 suis
1683 4054 1695 4091 :

606 4134 749 4183 tunc
783 4128 1063 4183 Italorum
1098 4127 1293 4182 omnis
1324 4126 1534 4181 cohors
1568 4126 1759 4180 irruit.

604 4219 713 4285 Qui
746 4235 878 4273 vero
911 4218 1195 4272 Caesarem
1229 4216 1700 4271 circumstabant
1730 4217 1902 4271 aulici

603 4314 779 4379 atque
808 4308 1056 4363 Romani
1088 4306 1375 4361 exercitus
1414 4311 1669 4361 rectores

606 4400 666 4453 in
699 4399 878 4469 pedes
909 4396 1106 4451 cuncti
1141 4399 1327 4450 semet
1356 4396 1755 4465 conjecerunt,

605 4472 783 4557 atque
814 4501 999 4539 unum
1034 4483 1191 4538 mille
1224 4483 1414 4537 timidi
1450 4484 1773 4554 fugiebant,

606 4575 707 4647 qui
741 4591 876 4629 cum
910 4574 979 4627 ad
1016 4579 1245 4644 portam
1279 4572 1685 4642 pervenissent
1716 4590 1981 4640 auream,

608 4681 753 4720 novo
786 4664 1009 4731 dejecto
1043 4662 1366 4716 festinatim
1396 4678 1585 4727 muro,

605 4752 817 4807 misere
849 4752 1004 4805 foras
1038 4755 1220 4805 semet
1250 4750 1670 4821 proripiebant.

602 4844 670 4895 At
702 4838 948 4907 inimici,
983 4838 1095 4894 heu
1128 4838 1440 4910 lugubrem
1474 4840 1850 4910 tragoediam!

603 4926 719 4982 late
754 4926 1017 4997 palantes
1050 4925 1270 4995 passim
1306 4942 1406 4995 per
1437 4925 1779 4995 Byzantium

602 5015 1007 5071 latrocinando
1041 5014 1299 5086 spoliant
1332 5014 1620 5069 nobilium
1652 5016 1882 5081 domos,

603 5104 749 5160 nihil
783 5105 1105 5160 nefandum
1140 5104 1269 5159 urbi
1303 5120 1418 5158 non
1452 5103 1718 5159 efﬁciunt
1751 5122 1763 5158 :

601 5192 784 5265 regali
815 5209 1047 5264 quoque
1080 5198 1361 5263 occupato
1394 5192 1633 5263 palatio,

600 5284 865 5339 inclusas
897 5302 1036 5355 opes
1065 5285 1303 5354 penitus
1334 5283 1645 5355 diripiunt.

599 5376 794 5432 Caesar
825 5376 1050 5448 plateas
1081 5376 1372 5447 triviaque
1402 5392 1751 5447 percurrens

600 5468 933 5523 centuriare
960 5469 1258 5523 nitebatur
1288 5466 1593 5538 p0pulum,

598 5556 998 5624 suadebatque
1031 5559 1094 5610 ut
1124 5554 1396 5611 hostibus
1427 5555 1771 5610 resisterent
1807 5570 1821 5608 ε

599 5652 657 5703 at
690 5647 935 5702 meliora
966 5647 1216 5703 consilia
1247 5662 1419 5701 nemo
1449 5646 1731 5702 audiebat

599 5735 926 5807 quamlibet
953 5736 1082 5793 urbi
1117 5740 1173 5793 et
1201 5735 1315 5792 sibi
1348 5736 1658 5808 profutura
1693 5753 1705 5789 :

2579 660 2669 721 Ὠς
2700 657 2791 713 οὖν
2823 660 3055 734 κατέσχε
3082 662 3182 728 τὴν
3214 660 3549 736 κραταρχίαν
3587 662 3822 733 Δούκας,

2576 752 2871 821 Χρυσῶνας
2904 750 3077 822 εὑρὼν
3108 747 3159 803 ἐν
3190 753 3355 821 στενῷ
3388 752 3717 827 πεφυκότας,

2576 837 2805 910 Συσχὼν
2834 835 3077 898 τελώνας
3111 838 3423 913 πράκτορας
3453 843 3559 892 τῶν
3594 840 3721 914 πρὶν
3759 841 3940 919 φόρων

2576 930 2768 997 Ὅγκον
2801 926 2927 999 παρ’
2959 926 3136 979 αὐτῶν
3171 926 3281 980 εἷλε
3310 929 3617 1001 χρημάτων
3649 928 3842 1004 μέγαν,

2396 1014 2540 1068 7045
2578 1013 2677 1067 Καὶ
2705 1011 2878 1068 τοῖσδ’
2909 1013 3114 1088 ἐχρῆτο
3146 1014 3280 1089 πρὸς
3312 1012 3581 1085 διοίκησιν
3616 1016 3762 1073 ὅλων
3798 1037 3811 1049 ’

2576 1101 2672 1158 Καὶ
2700 1108 2817 1164 τοῖς
2847 1102 3078 1164 Ἰταλοῖς
3110 1104 3374 1158 ἀντεπιὼν
3405 1104 3659 1176 ὁπλίτης,

2571 1190 2672 1251 Τὰς
2704 1188 2976 1265 ἐκδρομὰς
3011 1196 3157 1268 σφῶν
3190 1192 3450 1248 ἀνέκοπτε
3482 1191 3679 1268 ῥᾳδίως
3707 1214 3719 1226 ·

2571 1280 2731 1336 ’Ὁθεν
2763 1282 3015 1343 ποθεινὸς
3054 1282 3299 1355 ὑπῆρχεν
3337 1282 3622 1353 ὑπηκόοις,

2569 1367 2885 1442 Ἐξαιρέτως
2919 1366 2975 1423 δὲ
3006 1374 3349 1443 στρατιωτῶν
3383 1377 3506 1434 ταῖς
3534 1368 3679 1436 ἴλαις
3709 1392 3721 1406 ·

2388 1456 2531 1510 7050
2570 1456 2672 1511 Καὶ
2708 1453 3044 1511 Βαλδουΐνου
3073 1461 3169 1511 τοῦ
3201 1457 3445 1530 κόμητος
3475 1465 3575 1528 τῆς
3608 1458 3895 1537 Φλάντρας

2566 1543 2645 1599 Τὰ
2674 1545 2809 1617 πρὸς
2840 1543 3015 1600 Φιλέα
3044 1545 3454 1614 κατακείροντος
3484 1548 3649 1623 μέρη,

2567 1635 2629 1691 Ὀ
2664 1634 2918 1709 βασιλεὺς
2949 1630 3107 1707 ἔξεισι
3134 1638 3251 1691 κατ’
3282 1635 3446 1691 αὑτοῦ
3476 1638 3647 1712 τάχος
3683 1661 3695 1673 ·

2567 1723 2670 1779 Καὶ
2703 1724 3057 1800 συρῥαγείσης
3088 1724 3137 1795 ἐξ
3172 1726 3435 1800 ἑκατέρων
3474 1727 3685 1803 μάχης,

2556 1812 2623 1868 Ἠ
2653 1814 2939 1885 Ῥωμαϊκὴ
2970 1815 3193 1888 στρατιὰ
3222 1818 3368 1868 νῶτα
3394 1813 3564 1870 κλίνει
3600 1835 3612 1847 ·

2309 1887 2353 1951 Β
2384 1901 2528 1955 7055
2566 1902 2714 1963 Ἔνθ’
2745 1898 2804 1955 ἃν
2841 1887 3237 1974 παραπόλλυτο
3266 1908 3465 1979 μικροῦ
3495 1906 3583 1959 καὶ
3617 1907 3863 1982 κράτωρ’

2565 1989 2743 2046 Είκών
2775 2010 2833 2044 τε
2865 1992 3033 2059 σεπτή
3059 1998 3161 2059 τῆς
3192 1990 3606 2067 μητρανᾶνδρου
3639 1994 3844 2069 Κόρης,

2557 2080 2655 2135 Ἦν
2686 2080 2737 2133 οἱ
2769 2076 2988 2141 ἄνακτες
3022 2080 3324 2134 πλουτοῦσι
3356 2085 3734 2157 στρατηγέτιν,

2565 2169 2822 2242 Ἐχθροῖς
2855 2166 3003 2222 έάλω
3034 2171 3169 2223 κατὰ
3192 2166 3357 2239 τήνδε
3386 2171 3485 2239 τὴν
3521 2173 3709 2247 μάχην
3752 2191 3763 2207 ι

2566 2256 2817 2331 Ἀφεῖντο
2851 2254 2919 2328 δ’,
2953 2255 3239 2328 ἠμέληντο
3269 2259 3360 2313 καὶ
3387 2254 3747 2332 συμϐιϐάσεις
3776 2279 3789 2293 ⁸

2383 2347 2527 2402 7060
2567 2344 2670 2402 Καὶ
2703 2344 2897 2401 λοιπὸν
2933 2346 3263 2419 ηὐτρέπιστο
3294 2345 3501 2424 φάλαγξ
3534 2350 3775 2405 Λατίνων

2568 2436 2709 2509 Πρὸς
2742 2432 2929 2495 ἄστεος
2954 2435 3221 2507 πόρθησιν
3255 2434 3460 2491 ἄλωσιν
3496 2438 3543 2491 θ’
3575 2439 3689 2511 ἅμα
3722 2459 3733 2471 ’

2563 2524 2790 2579 Ἠϊόνων
2826 2522 2915 2577 οὖν
2949 2521 3371 2580 ἀποπλεύσαντα
3401 2528 3576 2603 σκάφη

2563 2611 2678 2685 Ἐφ’
2710 2613 2784 2665 ὧν
2818 2612 3069 2687 ὑπῆρχον
3102 2611 3367 2685 κλίμακες
3399 2613 3491 2668 σὺν
3526 2614 3809 2689 ὀργάνοις,

2563 2701 2734 2773 Ἀκτῇ
2764 2700 3052 2775 πόοσίσχει
3085 2708 3183 2771 τῆς
3218 2708 3389 2774 μονῆς
3423 2702 3748 2778 Εὐεργέτου,

2379 2790 2523 2844 7065
2559 2790 2704 2851 "Em:
2738 2786 3071 2863 Βλαχερνῶν
3104 2792 3349 2865 συνεχῶς
3381 2788 3650 2865 ἀφιγμένη
3684 2810 3695 2822 ·

2560 2876 2659 2931 Καὶ
2692 2877 2897 2939 Δούκας
2926 2878 3076 2941 αὗθις
3108 2878 3340 2952 πηγνύει
3368 2881 3573 2949 σκηνὴν
3607 2881 3806 2958 φέρων,

2558 2965 2683 3022 Ἐπὶ
2713 2963 2965 3021 κολωνοῦ
2998 2966 3234 3036 πλησίον
3268 2969 3672 3039 παντιπόπτου,

2560 3062 2727 3119 ’Ένθα
2758 3056 2919 3110 θεατὰ
2942 3060 3046 3109 τῶν
3076 3055 3290 3130 ἐχθρῶν
3323 3057 3458 3125 ἦσαν
3492 3059 3694 3134 σκάφη,

2555 3146 2624 3201 Ἀ
2658 3145 2747 3198 καὶ
2775 3146 3049 3219 προσέσχε
3077 3144 3284 3219 τείχεσι
3319 3144 3409 3199 σὺν
3441 3145 3693 3209 ὁπλίταις
3730 3166 3743 3179 ·

2303 3253 2346 3319 C
2382 3236 2526 3289 7070
2562 3234 2628 3291 Οἳ
2662 3232 3074 3306 συμπλακέντες
3100 3239 3218 3294 ταῖς
3249 3235 3354 3309 πρὸ
3383 3237 3616 3309 τειχέων
3656 3234 3803 3300 ἴλαις

2561 3325 2665 3379 Καὶ
2696 3329 2813 3385 τοῖς
2846 3324 2934 3378 ἐπὶ
2966 3323 3189 3397 πύργων
3216 3344 3275 3397 γε
3304 3326 3745 3397 καθισταμένοις,

2555 3414 2696 3488 Πρὸς
2726 3418 2859 3489 σφᾶς
2892 3412 3075 3486 ἀγῶνα
3106 3411 3194 3466 καὶ
3231 3412 3417 3487 μάχην
3452 3414 3801 3489 συνεκρότουν
3834 3436 3847 3448 ο

2554 3504 2752 3557 Ἠττον
2784 3498 2829 3555 δ’
2863 3501 3235 3575 ἀπηνέγκαντο
3266 3502 3363 3571 τὴν
3396 3502 3508 3555 τόθ’
3541 3504 3775 3579 ἡμέραν.

2551 3591 2707 3660 Ἑξῆς
2740 3588 2797 3644 δὲ
2826 3584 3245 3664 προσϐάλλουσι
3276 3588 3500 3644 πανσυδὶ
3532 3590 3691 3646 πόλει
3724 3610 3739 3626 ·

2373 3681 2515 3735 7075
2553 3680 2652 3733 Καὶ
2686 3676 2779 3733 δύο
2814 3676 2861 3733 δ’
2894 3675 3083 3751 ἄνδρες
3117 3677 3175 3732 ἐκ
3209 3682 3334 3750 μιᾶς
3362 3683 3469 3732 τῶν
3502 3677 3790 3752 κλιμάκων

2550 3764 2859 3844 Ἱδρυμένης
2891 3766 3124 3843 ἄγχιστα
3154 3768 3343 3841 χώρου
3370 3766 3628 3842 Πετρίων,

2551 3856 2649 3919 Εἷς
2686 3861 2869 3932 χῶρον
2902 3855 3186 3931 ἀφήλαντο
3207 3857 3298 3911 τὸν
3332 3864 3679 3930 συνημμένον
3711 3877 3723 3889 ·

2550 3946 2646 4001 Καὶ
2679 3945 2982 4021 φυλακικὸν
3015 3944 3415 4021 ἐχθροήσαντες
3450 3946 3614 4023 ξίφει,

2549 4034 2729 4104 Σύσση
2743 4056 2841 4107 μον
2874 4035 3013 4109 ἦραν
3044 4040 3331 4108 χαρμονῆς
3360 4038 3475 4095 τοῖς
3510 4032 3794 4107 φυλέταις,

2368 4126 2515 4181 7080
2552 4124 2650 4179 Καὶ
2680 4129 2781 4179 πᾶν
2816 4124 3039 4179 Ἰταλῶν
3070 4120 3479 4197 συνδεδράμηκε
3509 4122 3720 4200 στίφος.

2550 4213 2679 4289 Περὶ
2716 4210 2945 4286 βασιλέα
2978 4210 3034 4266 δὲ
3054 4213 3199 4266 τοῦτ’
3231 4210 3556 4287 ἠθρηκότες,

2544 4302 2649 4357 Καὶ
2680 4303 2997 4375 Ῥωμαϊκῆς
3032 4306 3285 4375 στρατιᾶς
3316 4300 3567 4376 ἱλαρχία,

2546 4393 2788 4469 ¹’ῼχοντο
2819 4392 3011 4453 πάντες
3045 4392 3295 4453 ἀπιόντες
3324 4389 3376 4445 ἐν
3408 4385 3587 4463 φόϐῳ,

2545 4481 2694 4537 Κατᾶ
2725 4479 2947 4556 χιλίους
2982 4480 3069 4557 ὑφ’
3097 4480 3212 4541 ἑνὸς
3242 4478 3567 4556 πεφευγότες
3602 4519 3615 4532 .

2366 4572 2509 4627 7085
2548 4570 2653 4625 Καὶ
2685 4570 2778 4631 τὰς
2812 4568 3071 4644 χρυσείας
3104 4562 3506 4631 καταλαϐόντες
3534 4564 3712 4629 πύλας

2548 4658 2744 4714 Καινόν
2774 4679 2832 4713 τε
2863 4664 3053 4733 τεῖχος
3087 4657 3252 4733 ῥᾷστα
3282 4655 3679 4731 καθηρηκότες,

2548 4748 2802 4821 Ἐξῄεσαν
2838 4746 3128 4822 τρέχοντες
3155 4744 3369 4808 ἀκλεῶς
3395 4747 3535 4798 πάνυ
3569 4764 3582 4778 ο

2548 4837 2882 4912 Ἀντίμαχοι
2916 4834 2995 4905 δὲ,
3022 4840 3119 4913 φεῦ
3156 4834 3309 4905 ξένης
3340 4830 3647 4909 τραγῳδίας
3677 4835 3688 4889 l

2295 4618 2337 4682 D

2546 4926 2940 5001 Διασπαρέντες
2970 4923 3241 4999 πολλαχῆ
3276 4920 3601 4992 Βυζαντίδος

2367 5018 2510 5073 7090
2552 5021 2771 5070 ΣυΛῶσι
2805 5014 3159 5089 λῃστρεύουσι
3194 5012 3452 5087 λαμπρὰς
3486 5012 3683 5080 οἰκίας,

2548 5105 2646 5159 Καὶ
2677 5107 2849 5159 πάντα
2878 5104 2944 5159 τά
2973 5104 3225 5179 χείριστα
3256 5100 3424 5177 δρῶσι
3454 5102 3552 5172 τήν
3585 5100 3750 5157 πόλιν
3785 5124 3796 5135 ·

2546 5197 2953 5270 Κατακρατοῦσι
2979 5194 3067 5248 καὶ
3108 5190 3399 5267 βασιλείων
3425 5189 3635 5265 δόμων,

2544 5285 2650 5341 Τὸν
2682 5281 2855 5338 τοῖσδ’
2885 5283 3067 5339 ἐνόντα
3096 5282 3338 5338 πλοῦτον
3365 5280 3775 5342 ἐσκυλευκότες.

2547 5374 2714 5444 ’Ἂναξ
2746 5371 2793 5427 δ’
2823 5373 3018 5448 ἀγυιὰς
3045 5371 3301 5448 τριόδους
3330 5372 3677 5447 περιτρέχων

2365 5466 2509 5522 7095
2545 5460 2810 5520 ’Έσπευδε
2838 5465 2970 5517 Ααὸν
3002 5462 3332 5539 συναγείρειν
3371 5460 3447 5523 εἷς
3478 5458 3625 5531 ἴλας,

2548 5552 2692 5625 Πρὸς
2725 5549 2771 5606 δ’
2801 5552 3215 5627 ἀντιπαράταξιν
3252 5549 3580 5606 ὑπεναντίων
3617 5567 3630 5581 ·

2545 5644 2613 5699 Οἱ
2644 5640 2691 5696 δ’
2721 5640 2829 5716 οὐχ
2859 5642 3081 5696 ὑπεῖκον
3113 5642 3377 5715 κρείττον’
3410 5637 3775 5717 ὑφηγουμένῳ

2549 5730 2646 5785 Καὶ
2677 5730 3017 5810 συμφέροντα
3046 5732 3134 5786 καὶ
3168 5731 3319 5809 σφίσι
3344 5729 3435 5786 καὶ
3464 5732 3535 5803 τῇ
3568 5726 3759 5797 πόλει,

3941 416 4060 471 264

2490 534 2805 590 ΑΛΒΞῙΟΣ
2845 535 2889 589 Ο
2929 532 3485 590 ΜΟΥΡΤΖΟΥΦΛΟΣ
3526 538 3697 593 MHN.
3740 541 3821 595 B‘.
3872 540 3950 601 ς”.
