4250 6432
204 410 316 464 265

383 537 502 585 Τῶν
532 530 730 585 οὖσιῶν
761 527 807 582 δ’
830 527 1061 588 ’ἕκαστος
1093 525 1390 601 ⁹ηὐτούργει
1421 524 1594 599 τάχος

199 622 344 676 7100
388 618 689 682 Μετάθεσίν
720 638 778 673 τε
807 621 895 671 καί
925 615 1238 690 κατάχωσιν
1268 613 1460 668 πλέον.

228 694 231 695 ν
385 705 538 765 Ἰδὼν
570 705 618 762 δ’
648 708 678 761 ὁ
710 706 915 769 Δούκας
944 707 1019 766 ὡς
1053 701 1243 774 ὄνησις
1275 702 1375 757 ούκ
1402 698 1498 768 ἔνι,

385 798 457 854 Ἢ
488 798 578 851 καὶ
612 793 806 857 δεδιὼς
841 795 975 868 ὑπὲρ
1005 795 1175 849 αὐτοῦ
1206 787 1477 851 πλειόνως

384 887 474 954 Μὴ
508 885 791 960 συσχεθεὶς
820 882 1017 939 τίσειεν
1054 880 1257 945 ἀθλίως
1292 878 1471 950 δίκας,

382 973 522 1034 Τοὺς
571 972 881 1048 βασιλείους
929 968 1237 1045 εἲσδραμὼν
1288 965 1577 1041 λαμπροὺς
1634 963 1858 1037 δόμους,

197 1065 347 1118 7105
391 1062 487 1115 Καὶ
519 1059 774 1136 βασιλίδα
801 1054 1138 1135 παραλαϐὼν
1172 1054 1543 1133 Εὐφροσύνην,

310 1150 419 1205 Σὺν
455 1150 747 1225 θυγατράσι
772 1151 820 1205 τ’
850 1144 1107 1222 ἐμϐαλὼν
1139 1141 1426 1218 λεμὸαδίῳ

378 1238 581 1301 Ἀλοὺς
618 1246 741 1311 μιᾶς
771 1236 933 1315 ἔρωτι
962 1237 1169 1293 τούτων
1202 1234 1469 1303 ἐκτόπως,

382 1330 587 1398 Ἔξεισι
618 1328 834 1405 φεύγων
864 1324 1098 1401 πατρίδα
1127 1319 1423 1394 Βυζαιτίδα
1459 1341 1472 1353 ·

376 1419 543 1493 Ἀνὴρ
576 1419 842 1493 ὑπάρχων
875 1417 1092 1491 ἀρεϊκὸς
1119 1414 1172 1470 ἐν
1201 1414 1435 1487 μάχαις,

189 1511 335 1565 7110
381 1506 616 1583 Στεῤῥὸς
644 1507 930 1583 μαχητὴς,
963 1500 1236 1581 γεννάδας,
1269 1498 1579 1577 ῥωμαλέος,

382 1596 785 1670 Σοφισματίας,
817 1593 1114 1669 κρυψίνους
1146 1613 1203 1647 τε
1230 1590 1321 1645 τὸν
1352 1590 1580 1664 τρόπον,

380 1684 681 1762 ΙΙεφυκίναι
710 1685 989 1759 πράγμασι
1019 1682 1321 1754 κομπάζων
1354 1677 1507 1738 ὅλοις
1543 1694 1555 1707 ·

374 1774 454 1830 Oti
487 1779 808 1846 σωματικῆς
837 1770 895 1827 εὖ
925 1770 1071 1845 ἔχων
1106 1769 1469 1841 συμμετρίας,

371 1862 573 1937 Αύχῶν
605 1863 700 1923 τὰς
733 1862 901 1937 ὀφρῦς
937 1859 1086 1932 μάλα
1117 1858 1577 1929 συνεσπασμένας,

183 1955 333 2008 7115
378 1950 483 2008 Καί
517 1952 796 2025 βραγχιῶν
829 1950 1098 2026 φάρυγγα,
1132 1944 1377 2020 δύσηχος
1410 1943 1603 2021 λόγον,

374 2040 629 2097 Ἡλικίαν
662 2039 826 2111 μέσος
854 2058 915 2093 τε
938 2036 1029 2092 καὶ
1058 2034 1251 2097 κοῖλος
1282 2035 1460 2112 φύσει,

377 2126 603 2190 Ἀδικος
632 2128 820 2197 εύνήν,
848 2124 1157 2203 φιλογύνης
1188 2125 1277 2179 καὶ
1308 2122 1532 2198 λάγνος,

374 2213 882 2292 Πρωτοϐεστιάριος
914 2213 989 2270 ὢν
1017 2216 1117 2283 τὴν
1148 2213 1319 2285 ἀξίαν,

374 2310 545 2363 ’Όταν
577 2308 809 2381 κατῆρξε
837 2309 933 2359 τοῦ
968 2302 1249 2379 βασιλείου
1277 2301 1533 2377 κράτους,

189 2399 339 2453 7120
373 2396 470 2466 Ἐξ
501 2391 715 2470 ἡμέρας
749 2392 878 2449 δέκα
905 2414 963 2448 τε
994 2393 1086 2447 σὺν
1120 2393 1252 2465 μησὶ
1286 2388 1382 2445 δύο

380 2487 499 2554 Τῆς
532 2483 811 2560 βασιλείας
840 2484 904 2539 τὸ
933 2484 1131 2559 κράτος
1158 2478 1417 2545 διιθύνας.

464 2628 821 2685 ΘΕΟΔΩΡΟΣ
862 2630 907 2683 0
946 2626 1307 2682 ΛΑΣΚΑΡΙΣ
1347 2625 1455 2680 ET.
1500 2622 1599 2679 IG'.

378 2754 533 2811 Ἐπεὶ
561 2751 606 2808 δ’
638 2754 667 2808 ὁ
696 2757 908 2829 κρατῶν
942 2750 1260 2827 ἀπέδρασεν,
1294 2750 1370 2814 ὡς
1398 2743 1557 2827 ἔφην,

384 2841 591 2903 Δούκας
620 2862 678 2896 τε
705 2841 797 2896 καὶ
826 2842 1096 2915 Λάσκαρις
1121 2839 1317 2915 ἤρισαν
1349 2839 1605 2912 κράτους,

384 2925 798 2992 Καταλαϐόντες
829 2932 919 2985 τὸν
953 2934 1087 2986 Θεοῦ
1120 2929 1287 3004 μὲγαν
1322 2926 1515 3001 δόμον,

191 3023 342 3077 7125
380 3024 584 3097 ’Ἄμφω
617 3018 867 3094 μαχηταὶ
896 3020 986 3073 καὶ
1019 3019 1181 3073 καλοὶ
1213 3016 1414 3073 νεανίαι
1450 3036 1463 3049 ⁸

381 3107 593 3181 Κλήρῳ
624 3111 734 3180 (77)
768 3104 826 3162 δὲ
856 3106 1046 3182 λαχὼν
1081 3108 1352 3180 Λάσκαρις
1379 3103 1739 3179 κραταρχίαν,

378 3199 533 3259 Τὲως
568 3197 661 3270 μὶν
695 3196 962 3252 ἀπείπατο
994 3190 1248 3268 σύμϐολα
1275 3195 1505 3270 κράτους
1539 3212 1551 3227 ⁶

385 3286 654 3357 Συνεξιὼν
685 3283 743 3341 δὶ
770 3290 870 3341 τοῦ
900 3288 1001 3341 νεὼ
1030 3290 1111 3357 τῷ
1140 3286 1369 3357 ποιμένι

384 3375 533 3433 Κατᾶ
562 3375 770 3433 Μίλιον
802 3374 891 3431 καὶ
920 3374 1056 3449 μὲρη
1090 3371 1413 3443 Βυζαντίδος

196 3468 350 3523 7130
388 3464 537 3527 Τοὺς
569 3466 853 3527 συνιόντας
883 3465 1126 3538 εὐμενῶς
1157 3457 1463 3534 ἠντιϐόλει,

382 3553 486 3611 Καὶ
516 3552 811 3629 παρεκάλει
843 3553 980 3627 πρὸς
1012 3552 1199 3627 μάχην
1230 3549 1567 3619 ἀντιπάλων,

387 3642 645 3700 Μάλιστα
673 3642 889 3698 πάντων
920 3641 1048 3704 τοὺς
1080 3641 1205 3717 περὶ
1241 3640 1499 3717 βασιλέα.

388 3734 651 3794 Σείοντας
684 3732 853 3805 ὤμων
881 3733 1056 3807 ἀρείκ’
1086 3734 1219 3787 ἅττα
1248 3731 1374 3809 ξίφη

386 3821 626 3883 Κελτοὺς
659 3825 931 3898 Αιπαρῶν,
962 3822 1285 3897 προτρέπων
1320 3820 1419 3875 οὐκ
1448 3820 1605 3877 ἀνίει.

199 3914 353 3970 7135
391 3911 544 3969 Ἐπεὶ
575 3909 632 3966 δὶ
664 3910 926 3976 θωπεύων
955 3931 1014 3966 τε
1041 3910 1131 3965 καὶ
1162 3909 1512 3986 παροτρύνων

389 4002 503 4059 Οὐκ
536 4001 652 4077 είχὲ
680 4022 803 4056 τινα
831 4002 921 4056 τὸν
952 3999 1192 4056 κλύοντα
1224 3996 1512 4073 μηδόλως,

390 4088 533 4161 ’Ἤδη
570 4088 627 4144 δὲ
655 4089 744 4145 καὶ
776 4088 989 4168 φάλαγξ
1020 4110 1103 4153 τις
1131 4090 1283 4144 ὤπτο
1315 4087 1579 4146 Λατίνων.

391 4178 723 4243 Μεθίσταται
753 4179 969 4254 τάχιστ’
999 4178 1223 4249 ἐκεῖθεν,
1255 4178 1330 4241 ὡς
1362 4175 1505 4247 δέον,

391 4268 497 4326 Καὶ
529 4268 667 4343 πρὸς
699 4269 877 4344 φυγήν
906 4262 1104 4341 ἔϐλεψε
1131 4268 1221 4323 καὶ
1250 4269 1526 4342 σωτηρίαν
1560 4285 1575 4300 '

202 4362 353 4416 7140
386 4358 714 4433 ’Δντίμαχοι
747 4354 805 4412 δὶ
832 4358 950 4413 κατ’
978 4356 1212 4432 ἐρημίαν
1237 4356 1382 4432 τάχα

389 4450 513 4505 Τῶν
545 4446 907 4502 κωλυσόντων
940 4444 1211 4522 ἐκδρομὰς
1244 4450 1391 4524 σφῶν
1425 4447 1665 4515 ἀνὲτους,

395 4536 664 4609 Ἐπῄεσαν
690 4534 991 4598 κτείνοντες
1023 4532 1256 4610 ἀφειδῶς
1286 4534 1425 4613 ξίφει

388 4626 493 4679 Τὸν
525 4624 909 4701 προστυχόντα
930 4625 1022 4679 καὶ
1053 4622 1407 4687 σκυλεύοντες
1442 4624 1554 4700 βία,

393 4712 830 4783 Λεηλατοῦντες,
861 4710 1273 4787 πυρπολοῦντες
1302 4713 1403 4782 τήν
1434 4712 1623 4785 πόλιν,

207 4807 357 4862 7145
398 4802 503 4861 Καὶ
534 4802 708 4857 πάντα
738 4799 993 4877 δρῶντες,
1026 4798 1070 4856 ὣ
1101 4791 1462 4857 δυσυποίστου
1494 4801 1614 4864 θεας
1643 4804 1655 4858 I

398 4891 623 4965 Κόσμον
654 4890 926 4953 συλῶντες
959 4891 1106 4967 ἱερὸν
1138 4890 1294 4955 θείων
1328 4887 1536 4964 δόμων,

400 4979 581 5036 Σεπτά
606 5001 665 5036 τε
693 4979 962 5054 κείμήλια
988 4979 1080 5035 καὶ
1110 4979 1289 5044 θείους
1312 4977 1578 5051 πέπλους,

397 5072 647 5128 Ἐκτυπα
675 5070 935 5146 Χριστοῦ,
961 5068 1186 5143 Μητρὸς
1216 5067 1380 5125 αὐτοῦ
1411 5066 1683 5144 πανάγνου

401 5158 498 5221 Εἲς
526 5166 627 5236 γῆν
659 5156 1148 5236 καταῤῥάσσοντις,
1179 5156 1367 5214 ἄλλων
1402 5160 1449 5223 θ’
1481 5157 1647 5234 ἁγίων
1680 5178 1693 5191 ο

212 5255 361 5311 7150
400 5251 503 5306 Καὶ
532 5250 625 5305 τὸν
647 5250 774 5325 παρ’
800 5248 985 5312 αὐτοῖς
1011 5248 1217 5323 κόσμον
1247 5248 1307 5304 ἐκ
1338 5249 1721 5326 χρυσαργύρου

399 5343 574 5399 Ὄντα
604 5337 993 5417 διαρπάζοντες
1024 5339 1077 5395 οἱ
1106 5335 1415 5415 παραϐάται
1451 5359 1465 5373 ο

403 5429 614 5505 Σεμνάς
646 5434 909 5507 γυναῖκας
937 5426 1085 5504 ἰεράς
1115 5450 1175 5485 τε
1204 5429 1501 5504 παρθᾶνους

286 5599 405 5667 (77)
434 5598 648 5667 Sortem
694 5593 984 5667 intelligo,
1035 5610 1151 5667 non
1203 5596 1443 5656 elerum;
1473 5598 1531 5667 et
1560 5592 1697 5667 falli,
1736 5595 1883 5653 mihi

214 5664 453 5727 videtur
503 5666 751 5725 Wolﬁus
798 5664 1013 5722 Nicetes
1072 5666 1363 5737 interpres
1410 5665 1511 5737 qui
1561 5665 1881 5725 dictionem
1988 5664 2107 5725 non
2139 5664 2319 5723 semel

1731 406 2099 459 CESABES.

1886 526 1938 590 Α
1971 527 2069 580 sed
2109 528 2513 598 unusquisque
2546 530 2671 585 suis
2706 532 2915 602 raptim
2946 534 3156 602 opibus

1975 616 2247 670 studebat
2278 618 2699 673 transferendis
2731 625 2831 674 aut
2862 620 3238 676 inl'odiendis.

1973 701 2113 757 Cum
2149 720 2284 775 ergo
2314 711 2501 761 Duras
2539 707 2720 761 hilum
2751 725 2861 762 non
2900 709 3225 779 proficeret,
3314 711 3323 719 ’

1972 790 2203 863 sibique
2234 794 2607 851 vehementer
2631 798 2753 865 jam
2795 798 3045 862 timeret,

1974 895 2043 933 ne
2074 886 2283 952 captus
2314 899 2519 953 graves
2546 902 2745 955 pmnas
2780 886 2929 941 hosti
2966 887 3169 951 lueret,

1970 968 2162 1038 regias
2196 972 2263 1024 ad
2296 973 2448 1027 aedes
2480 973 2799 1028 festinatim
2833 974 3169 1044 convolans,

1970 1061 2142 1128 atque
2175 1058 2335 1116 illine
2361 1067 2657 1133 sumptam
2692 1062 3133 1135 Euphrosynem
3170 1064 3431 1135 reginam

1968 1162 2143 1215 parvo
2171 1146 2229 1201 in
2264 1148 2502 1217 phaselo
2532 1167 2667 1207 cum
2700 1150 2936 1207 filiabus
2966 1152 3279 1220 collocans,

1968 1251 2215 1305 quarum
2250 1254 2426 1293 unam
2460 1240 2584 1311 ipse
2611 1240 2873 1295 efflictim
2906 1241 3229 1312 deperibat,

1967 1324 2130 1378 exsul
2163 1326 2421 1396 profugit
2451 1328 2641 1399 patria
2670 1328 2960 1397 Byzantio.

1966 1414 2062 1469 Vir
2091 1414 2216 1469 sine
2249 1416 2425 1471 dubio
2455 1422 2730 1471 strenuus
2762 1419 2818 1472 in
2855 1417 3091 1489 prwliis,

1965 1508 2242 1558 constans
2274 1504 2537 1569 bellator,
2572 1506 3003 1575 magnanimus,
3040 1506 3224 1576 fortis,

1964 1592 2236 1663 callidus,
2269 1598 2326 1648 et
2356 1595 2601 1650 consilia
2631 1594 2816 1651 celare
2848 1596 3077 1665 solitus,

1964 1682 2191 1737 cunctis
2225 1700 2287 1739 se
2310 1684 2546 1754 jactans
2577 1685 2851 1741 idoneum
2886 1686 3137 1757 negotiis
3176 1704 3188 1740 :

1963 1771 2223 1843 corporis
2256 1774 2441 1827 forma
2473 1791 2585 1829 non
2620 1774 2763 1829 satis
2796 1775 3105 1841 concinna,

1882 1888 1931 1951 Β
1963 1861 2273 1916 adductum
2306 1879 2535 1934 semper
2564 1880 2773 1933 gerens
2804 1864 3211 1935 supercilium,

1962 1949 2231 2005 faucibus
2262 1953 2474 2017 raucis,
2510 1969 2715 2023 aspera
2747 1952 2999 2023 loquela,

1962 2043 2189 2093 statura
2222 2039 2413 2095 media
2441 2046 2497 2095 et
2523 2040 2728 2112 valgus
2760 2060 2791 2095 a
2824 2045 3055 2110 natura,

1962 2125 2240 2195 lascivus,
2274 2129 2623 2185 mulierosus
2653 2134 2709 2184 et
2740 2129 2989 2185 adulter.

1964 2215 2018 2269 Is
2048 2216 2333 2287 dignitate
2365 2217 2846 2289 protovestiarius
2882 2221 3008 2272 erat

1963 2320 2096 2359 cum
2132 2321 2424 2361 summam
2458 2311 2805 2378 potestatem
2836 2310 2927 2362 est
2958 2306 3205 2377 adeptus
3240 2323 3254 2361 :

1963 2395 2134 2463 cujus
2165 2394 2389 2467 regales
2421 2396 2610 2451 tenuit
2641 2396 2900 2451 habenas
3060 2453 3070 2465 ,

1964 2482 2175 2539 diebus
2206 2484 2499 2540 sexdecim
2531 2502 2712 2557 supra
2748 2500 2982 2540 menses
3013 2484 3181 2539 duos.

2175 2627 2609 2684 THEODORUS
2650 2628 2997 2684 LASCARIS
3036 2627 3154 2682 AN.
3196 2627 3397 2682 XVIII.

1966 2758 2100 2809 Post
2131 2753 2331 2825 fugam
2372 2754 2639 2821 Caesaris,
2674 2755 2745 2810 de
2772 2754 3055 2825 capiendo
3089 2753 3337 2825 imperio

1970 2842 2228 2899 Lasearis
2258 2848 2315 2899 et
2342 2843 2494 2899 alius
2526 2844 2715 2899 Ducas
2747 2844 3125 2899 decertarunt

1966 2932 2024 2987 in
2059 2932 2159 2988 Dei
2189 2932 2471 3005 templum
2507 2933 2831 2989 maximum
2865 2932 3137 3005 profecti,-

1967 3022 2130 3075 l'ortis
2164 3025 2405 3092 uterque
2436 3022 2822 3094 egregiusque
2845 3020 3113 3092 juvenis;

1965 3126 2164 3166 verum
2196 3126 2325 3166 sors
2353 3112 2586 3166 Lascari
2618 3109 2865 3167 contulit
2893 3110 3232 3181 imperium,

1966 3198 2067 3270 qui
2097 3199 2258 3271 regia
2286 3204 2483 3256 tamen
2515 3216 2631 3255 non
2663 3198 2920 3271 sumpsit
2949 3197 3207 3270 insignia
3241 3214 3254 3252 :

1884 3249 1930 3319 Ο
1968 3249 2068 3343 sed
2100 3249 2416 3345 eo‘initante
2452 3286 2781 3360 patriarcha
2804 3249 3083 3359 legressus;

1967 3377 2037 3433 ad
2072 3376 2296 3433 Milium
2327 3382 2501 3450 atque
2531 3377 2603 3433 ad
2631 3376 2777 3433 alias
2809 3376 2975 3432 urbis
3006 3380 3227 3447 partes,

1968 3465 2170 3539 populi
2199 3471 2424 3523 turmas
2456 3466 2666 3522 blande
2700 3464 3094 3538 compellabat

1967 3556 2039 3611 ad
2072 3555 2467 3612 resistendum
2498 3555 2770 3611 hostibus
2801 3554 3124 3610 adhortans
3157 3571 3170 3609 :

1968 3644 2259 3717 praaeipue
2290 3662 2422 3702 vero
2454 3645 2769 3716 stipatores
2803 3642 3017 3715 regios,

1968 3736 2222 3807 grandes
2251 3739 2551 3807 gestantes
2582 3734 2847 3789 humeris
2883 3733 3191 3805 bipennes,

1966 3824 2159 3880 Celtas
2188 3824 2376 3881 enixis
2407 3824 2757 3897 perurgebat
2789 3822 3080 3895 precibus.

1966 3913 2077 3969 Sed
2109 3930 2244 3970 cum
2276 3929 2379 3969 nec
2411 3913 2647 3970 blandis
2676 3912 2951 3969 suadenti
2982 3912 3202 3981 verbis,

1972 4020 2159 4076 neque
2188 4002 2521 4059 adhortanti
2551 4002 2845 4075 quispiam
2877 4001 3259 4071 auscultaret,

1962 4092 2208 4164 jamque
2238 4096 2547 4164 appareret
2575 4091 2785 4147 cohors
2814 4091 3149 4147 Latinorum
3173 4110 3188 4160 ;

1974 4180 2236 4237 Lasearis
2263 4180 2450 4249 illinc,
2484 4185 2549 4236 ut
2578 4196 2682 4253 par
2706 4184 2852 4247 erat,
2880 4178 3084 4235 abiens

1974 4269 2112 4341 fuga
2140 4268 2319 4326 saluti
2350 4268 2778 4326 consulendum
2810 4269 3062 4325 censuit.

1973 4357 2212 4413 Interim
2244 4357 2463 4427 hostes,
2496 4358 2767 4414 obviante
2793 4357 3028 4413 nemine

1973 4446 2074 4519 qui
2105 4446 2401 4504 cohiberet
2433 4447 2648 4503 liberos
2677 4462 2984 4515 excursus,

1972 4539 2121 4594 Orco
2154 4537 2464 4593 mittebant
2493 4535 2873 4591 inclementer
2901 4535 3134 4591 animas

1897 4624 1945 4689 D
1976 4628 2191 4684 civium
2224 4642 2529 4696 caesorum,
2564 4642 2705 4697 opes
2735 4624 3100 4695 auferebant,

1976 4717 2111 4789 igne
2142 4714 2583 4787 latrociniisque
2614 4717 2913 4770 vastantes
2945 4714 3173 4769 urbem.

1979 4807 2023 4863 0
2054 4804 2491 4862 intolerandum
2524 4804 2772 4877 lugubre
2803 4802 3245 4876 spectaculum!

1981 4912 2146 4953 sacer
2174 4895 2530 4968 templorum
2562 4898 2803 4950 ornatus
2832 4892 3129 4966 diripitur,

1980 4986 2313 5042 veneranda
2343 4982 2577 5041 cimelia
2606 4981 2893 5055 almaque
2921 4985 3135 5053 vestes,

1982 5076 2182 5132 icones
2208 5073 2424 5132 Christi
2455 5072 2777 5144 Matrisque
2808 5071 3223 5139 sanctissima,

1985 5164 2358 5236 aliorumque
2389 5178 2670 5236 superum
2704 5164 3056 5217 sternuntur
3084 5160 3282 5229 humi;

1986 5260 2161 5327 atque
2190 5254 2286 5310 his
2318 5251 2642 5326 pretiosum
2675 5249 2861 5323 impia
2888 5249 2944 5304 vi
2977 5250 3305 5306 detractum

1990 5343 2293 5401 metallum
2326 5342 2439 5399 sibi
2471 5341 2772 5398 vindicant
2802 5339 3102 5409 apostatss.

1988 5438 2281 5491 Matronae
2310 5430 2677 5489 venerandae
2706 5444 3023 5501 sacrasque
3050 5427 3307 5501 virgines

1988 5597 2277 5671 praelatus.
2300 5591 2463 5671 _Alibi
2486 5606 2720 5671 quoque
2748 5589 2905 5671 idem
2939 5586 3085 5671 mihi
3106 5586 3647 5671 Ijicetmhinterpres

2358 5658 2600 5737 peccare
2623 5658 2960 5737 videbatur.
2990 5659 3217 5716 Confer.
3249 5676 3286 5715 ν
3313 5658 3414 5715 Gr.
3444 5658 3649 5714 in’hoc

215 5740 276 5797 ἰκ
302 5738 363 5797 δὶ
392 5737 613 5814 κλήρου
642 5737 707 5794 τὸ
739 5741 1010 5810 πρωτεῖον
1061 5734 1311 5811 εἰληφώς
1354 5734 1605 5810 explicat
1650 5755 1684 5796 a
1734 5739 1880 5798 clero

1991 5739 2289 5799 volumine
2319 5734 2377 5809 pI
2410 5736 2535 5805 116,
2569 5751 2626 5792 n.
2658 5736 2709 5789 1.

550 5859 817 5919 Panos.
866 5857 977 5918 Gs.
1029 5855 1291 5917 CXLIII.

3296 5852 3333 5908 9

3510 416 3617 469 266
