4190 6448
612 411 726 466 267
1826 399 2201 458 EPHREMII
2246 390 2817 450 CHBONOGBAPUI
3912 389 4007 443 368

615 537 685 592 ad
721 540 992 606 stuprum
1027 531 1263 603 rapiunt
1293 529 1544 585 violenta
1576 544 1756 583 manu
1800 544 1813 581 :

2298 522 2352 587 Α
2558 512 2854 573 «οελκοντες
2887 511 2965 575 εΐς
2993 508 3146 588 ὕϐριν
3178 532 3236 567 τε
3263 511 3353 566 καὶ
3385 512 3586 588 φθορὰν
3619 511 3727 586 βίᾳ,

616 623 731 679 alia
758 594 1008 678 scelesta
1036 594 1195 692 (nam
1230 617 1544 673 dicendum
1580 614 1855 683 breviter)

2556 602 2659 658 Καὶ
2690 601 2869 657 τᾶλλα
2899 605 3079 656 κακῶν
3115 599 3364 676 δρῶντες,
3399 598 3494 654 ὧδ’
3524 600 3693 655 εἰπεῖν
3725 594 3876 669 ἔπος,

618 712 875 768 facinora
904 708 1285 766 committunt
1315 707 1406 762 bis
1438 704 1678 761 similia.

2374 692 2519 747 7155
2560 692 2837 766 Σύστοιχα
2865 690 3080 752 τούτοις
3108 690 3349 762 καθάπαξ
3382 688 3618 746 ἐοικότα.

616 807 768 871 Ergo
798 800 1170 871 angiportus,
1202 795 1394 865 trivia,
1425 800 1482 851 et
1514 791 1874 857 ambulacra,

2555 781 2644 837 Ἐν
2673 777 2764 833 οὖν
2794 785 3115 847 στενωποῖς,
3136 777 3400 853 τριόδοις,
3435 776 3762 853 λεωφόροις,

617 864 819 945 sancta
850 864 1115 951 delubra,
1147 891 1204 941 et
1234 864 1429 955 anguli
1463 878 1767 948 reconditi,

2554 874 2742 955 Ναοῖς,
2776 868 3067 942 σεμνείοις,
3096 866 3321 944 γωνίαις
3351 864 3710 945 ἀποκρόφοις,

618 980 762 1049 fora,
793 977 918 1044 viae,
948 976 1083 1043 vici,
1114 973 1390 1045 compita,
1426 971 1650 1044 plateas,

2553 954 2758 1049 Ὀδοῖς,
2790 957 3027 1032 ἀγυιαῖς,
3057 958 3147 1013 καὶ
3179 955 3487 1024 πλατείαις,
3519 954 3810 1034 ἀμφόδοις,

616 1045 799 1137 luctu,
830 1064 1172 1138 gemitibus,
1204 1064 1481 1128 clamore,
1517 1066 1573 1116 et
1603 1057 1932 1114 ululatibus

2554 1048 2798 1121 Θρήνων,
2831 1052 3213 1121 στεναγμάτων
3241 1067 3323 1117 τε,
3348 1050 3632 1113 κωκυτῶν,
3663 1045 3829 1121 γόων,

613 1158 893 1222 virorum,
926 1154 1302 1218 feminarum,
1338 1150 1569 1221 alioque
1602 1161 1812 1220 genere

2375 1138 2518 1191 7160
2556 1133 2751 1198 Εἲδους
2780 1152 2840 1191 τε
2869 1134 3071 1206 λοιπῆς
3104 1134 3405 1212 δυστυχοῦς
3434 1133 3744 1209 τραγῳδίας

612 1244 959 1317 multiplicis
992 1241 1286 1315 tragoediae
1322 1235 1740 1312 personabant.

2555 1222 2823 1296 Ἀνδρῶν,
2843 1230 3118 1301 γυναικῶν
3146 1226 3214 1295 ἦν
3247 1230 3502 1301 παριοῦσι
3530 1222 3738 1279 κλύειν.

609 1336 720 1391 Sed
758 1311 1070 1406 postquam
1088 1311 1596 1403 'spoliisiexplevlt
1626 1324 1966 1398 ingluviem,

2554 1315 2683 1370 Επεὶ
2721 1311 2770 1368 δ’
2798 1315 2998 1377 ἱκανῶς
3031 1315 3147 1389 εἶχε
3177 1318 3286 1369 τῶν
3318 1312 3730 1386 σκυλευμάτων,

610 1427 783 1479 tinem
816 1422 1128 1494 praedando
1160 1427 1283 1475 tum
1314 1418 1568 1489 denique
1598 1414 1884 1486 imposuit

612 1512 938 1567 crudelium
968 1508 1315 1565 detestanda
1344 1520 1487 1577 gens
1519 1503 1825 1560 Italorum.

609 1601 812 1656 Visum
847 1599 1056 1655 deinde
1088 1605 1174 1653 est
1206 1594 1503 1668 primariis
1534 1592 1787 1648 ducibus

614 1705 870 1745 annuere
902 1688 1150 1742 liberum
1185 1701 1250 1740 ex
1281 1684 1425 1739 urbe
1455 1682 1787 1738 discessum

612 1777 919 1848 quibusvis
949 1775 1139 1831 solum
1175 1776 1397 1829 vertere
1428 1772 1701 1843 placeret.

611 1868 760 1937 Ergo
793 1865 1041 1921 millenae
1069 1864 1306 1919 exibant
1334 1864 1580 1917 catervae

612 1955 997 2021 miserabiles,
1030 1954 1225 2009 tristes
1258 1956 1315 2007 et
1348 1966 1649 2023 pannosae,

615 2046 903 2117 sanguine
939 2044 1155 2115 potius,
1189 2046 1253 2096 ut
1278 2041 1466 2110 aiunt,
1500 2052 1678 2111 quam
1711 2033 1987 2106 lacrymis

607 2138 953 2208 praesentem
984 2132 1357 2203 deplorantes
1386 2130 1684 2184 fortunam
1719 2140 1905 2183 suam.

609 2224 737 2281 Itali
770 2240 901 2279 vero
931 2222 1142 2278 tumidi
1177 2216 1477 2292 superbia,

608 2331 713 2370 ceu
747 2313 797 2369 si
828 2310 1230 2383 quadrifidum
1256 2308 1378 2381 jam
1410 2310 1677 2363 tenerent
1706 2306 1932 2375 orbem,

608 2423 894 2480 regesque
924 2420 1129 2475 regum
1163 2402 1351 2457 semet
1381 2397 1734 2466 etfeclssent,

606 2498 897 2567 quotquot
926 2494 1034 2548 sub
1066 2487 1267 2546 l‘hmbi
1302 2484 1482 2545 radiis
1516 2481 1887 2557 imperitant;

606 2585 759 2639 inter
788 2600 850 2637 se
881 2585 1159 2647 cunctum
1193 2578 1535 2633 dividebant
1565 2576 1880 2643 mundum,

608 2670 961 2744 provincias,
993 2670 1187 2735 urbes,
1222 2665 1442 2739 singuli
1474 2665 1810 2730 sortientes,

2554 1405 2792 1459 Ἐπαυσε
2823 1401 2972 1465 λείας
3002 1404 3091 1457 καὶ
3124 1403 3549 1481 Λαφυραγωγίας

2550 1494 2844 1567 ’Έχθιστον
2880 1492 3033 1555 ἔθνος
3064 1492 3287 1551 Ἰταλῶν
3325 1494 3654 1570 μιαιφόνων.

2371 1592 2515 1646 7165
2552 1590 2742 1663 Ἔδοξε
2772 1587 2831 1645 δὲ
2855 1592 3004 1669 σφῶν
3038 1592 3361 1667 προκρίτοις
3392 1590 3786 1666 στρατηγέταις

2554 1681 2672 1750 Ἐᾷν
2707 1677 2955 1756 ἀπαίρειν
2983 1678 3187 1742 πάντας
3218 1679 3276 1735 ἐκ
3308 1677 3635 1749 Βυζαντίδος

2549 1771 2647 1832 Οἷς
2674 1767 2779 1838 ἡδὺ
2808 1771 2895 1823 καὶ
2929 1770 3213 1845 πρόθυμον
3241 1768 3309 1837 ἦν
3343 1768 3558 1839 ἐξιέναι.

2555 1858 2802 1930 Ἐξῄεσαν
2837 1855 2926 1913 οὖν
2958 1858 3094 1913 κατὰ
3121 1856 3469 1933 χιλιοστύας,

2554 1947 2797 2021 Οίκτροῖ,
2827 1951 3112 2025 κατηφεῖς,
3141 1947 3359 2023 ῥακίοις
3395 1945 3707 2020 είλημένοι,

2374 2047 2516 2101 7170
2554 2043 2759 2118 ΑἿμασι
2796 2042 3008 2119 μᾶλλον
3037 2044 3073 2114 ἢ
3108 2042 3387 2120 δάκρυσιν,
3418 2045 3494 2106 ὡς
3526 2042 3717 2119 λόγος,

2552 2132 2848 2195 Κλαίοντες
2876 2134 3027 2189 οὗτοι
3053 2138 3151 2203 τῆς
3180 2130 3479 2202 ἐνεστώσης
3508 2133 3708 2209 τύχης,

2551 2224 2617 2279 Οἱ
2652 2220 2696 2276 δ’
2731 2221 2939 2293 Ιταλοὶ,
2972 2224 3069 2300 φεῦ
3106 2222 3411 2298 ὑπεροψίας
3437 2221 3604 2292 τόσης
3635 2222 3647 2278 l

2552 2314 2641 2374 Ὠς
2673 2310 2727 2366 el’
2748 2334 2809 2386 γε
2838 2310 3205 2387 τετράκλιμον
3240 2308 3487 2387 ἴσχοντες
3519 2310 3717 2383 κτίσιν,

2548 2404 2614 2458 Ἠ
2644 2402 2734 2456 καὶ
2772 2398 3017 2475 βασιλεῖς
3046 2399 3436 2477 ἐγκαθεστῶτες
3463 2400 3608 2476 τάχα

2369 2492 2514 2545 7175
2553 2486 2830 2545 Βασιλέων
2864 2484 3080 2543 πάντων
3112 2508 3174 2564 γε
3201 2489 3295 2542 τὸν
3328 2486 3413 2543 ἐπὶ
3452 2489 3647 2563 χθόνα,

2554 2578 2750 2638 Δύτοῖς
2781 2575 2986 2632 διεῖλον
3020 2578 3199 2655 σφίσιν
3226 2578 3325 2645 τὴν
3359 2576 3712 2652 οἰκουμένην,

2550 2667 2765 2741 Χώρας,
2799 2664 2989 2728 πόλεις
3017 2663 3241 2729 ἕκαστος
3276 2667 3350 2728 εἷς
3378 2666 3723 2743 κληρουχίαν

2550 2757 2651 2813 Καὶ
2685 2754 3000 2811 δεσποτείαν
3032 2750 3408 2829 λαμϐάνοντες
3440 2755 3492 2810 ἐν
3527 2754 3741 2831 λόγοις.

2550 2843 2841 2901 Βενετίκων
2871 2839 3024 2916 δόξαν
3060 2842 3117 2900 δὲ
3148 2842 3302 2901 δουκῖ
3336 2842 3650 2918 Δανδοόλῳ,

2370 2937 2512 2991 7180
2551 2938 2718 3008 Πηρῷ
2750 2934 2846 3006 μὶν
2878 2931 3031 3008 ἀνδρὶ
3063 2934 3159 2997 τὰς
3188 2934 3355 3007 κόρας
3384 2934 3490 2988 τῶν
3525 2933 3811 3007 ὀμμάτων,

2550 3024 2690 3085 Νοὸς
2724 3022 2916 3099 φρένας
2950 3019 3007 3077 δὲ
3037 3021 3127 3077 καὶ
3161 3018 3281 3078 λίαν
3312 3021 3633 3099 ἐρρωμένῳ,

2548 3113 2731 3189 Ψήφῳ
2758 3111 3074 3188 κρατάρχην
3108 3112 3398 3189 ἐκλεγῆναι
3434 3112 3704 3184 Λατίνων,

2548 3202 2649 3257 Ἕκ
2675 3222 2732 3256 τε
2763 3202 3142 3277 Φραγγίσκων,
3176 3201 3493 3271 Βενετίκων,
3530 3198 3879 3277 Λαμπάρδων

2291 3264 2334 3330 C
2552 3264 2942 3367 'EmAayévre'c'
2957 3288 3110 3365 εὐγεν
3120 3264 3195 3353 εἷς
3225 3264 3550 3369 ψηφηφόροι

2372 3390 2515 3445 7185
2554 3388 2647 3451 Εἷς
2678 3386 2877 3443 ἄνακτα
2908 3388 3126 3465 χρίουσι
3156 3392 3256 3454 τῆς
3290 3390 3696 3445 Κωνσταντίνου

608 2767 666 2817 et
696 2763 1062 2833 potentatum
1093 2756 1285 2813 verbis
1312 2758 1685 2826 occupantes.

608 2854 826 2906 Veneto
858 2851 1007 2905 duce
1037 2846 1322 2903 suadente
1348 2842 1618 2901 Dandulo

607 2940 869 3009 (homine
900 2954 1081 2994 caecos
1112 2933 1315 2992 oculos
1345 2934 1606 3006 gerente,

608 3029 737 3085 luce
768 3029 868 3084 sed
897 3026 1109 3082 mentis
1139 3025 1247 3081 heu
1283 3021 1462 3079 nimis
1494 3018 1805 3091 instructo)

605 3124 671 3175 ut
695 3119 1015 3190 imperator
1046 3113 1210 3171 fieret
1243 3113 1483 3183 Latinus

602 3210 673 3263 de
702 3207 961 3271 Venetis,
996 3200 1363 3271 Lombardis,
1401 3200 1711 3257 Francisve
1743 3197 1987 3267 electus,

607 3305 763 3360 datis
795 3302 1091 3374 suffragiis
1124 3299 1403 3357 electores
1436 3293 1663 3354 nobiles

605 3394 1023 3466 imperatorem
1058 3389 1275 3446 faciunt
1307 3383 1596 3461 Byzantii;

613 3483 973 3539 Balduinum
1006 3480 1280 3536 comitem
1321 3478 1634 3551 provinciae
1664 3474 1973 3544 Flandrlae,

607 3572 823 3629 eximia
852 3570 1282 3627 adolescentem
1312 3566 1499 3623 forma
1531 3564 1864 3638 praeditum,

606 3664 793 3736 pium,
827 3666 885 3717 et
910 3661 1139 3717 Christo
1172 3654 1419 3715 maxime
1451 3656 1747 3723 devotum,

603 3752 876 3818 hilarem,
912 3751 1137 3816 mitem,
1170 3746 1554 3821 apprimeque
1583 3750 1838 3813 castum,

598 3840 996 3911 eleemosynis
1027 3838 1201 3894 etiam
1231 3832 1658 3907 indulgentem,

600 3931 971 3987 cumulatum
1005 3925 1209 3983 multis
1240 3943 1274 3982 a
1306 3928 1419 3981 Deo
1451 3923 1789 3989 virtutibus,

597 4021 699 4077 sed
735 4017 1019 4092 pudicitia
1048 4016 1110 4073 in
1143 4015 1351 4089 primis
1383 4030 1449 4069 ac
1469 4009 1727 4085 justitia.

595 4110 699 4167 Hic
732 4127 834 4182 per
865 4123 1191 4181 praeconem
1223 4099 1315 4160 bis
1347 4104 1405 4159 in
1437 4096 1807 4159 hebdomada

595 4200 855 4256 maxima
884 4213 1022 4254 voce
1048 4190 1297 4267 jubebat
1328 4190 1477 4249 edici

593 4305 664 4344 ne
694 4286 829 4359 quis
862 4286 919 4340 in
954 4283 1115 4357 regia
1145 4286 1319 4339 noctu
1353 4281 1666 4348 cubitaret,

444 4420 447 4431 .
488 4402 505 4409 η-
591 4376 693 4448 qui
727 4392 841 4448 non
875 4374 1232 4443 conjunctus
1265 4368 1500 4442 conjugi
1532 4366 1809 4440 legitima:

591 4463 688 4519 sed
724 4459 1011 4517 meretrici
1046 4464 1250 4515 contra
1282 4459 1369 4514 fas
1402 4455 1753 4513 conviveret.

588 4553 724 4608 Erat
756 4555 813 4608 et
842 4549 1040 4622 legum
1062 4548 1429 4621 justitizeque
1459 4550 1659 4602 custos
1694 4561 1707 4600 :

588 4642 865 4698 feminam
897 4637 1169 4711 quamvis
1201 4653 1458 4693 renuens
1490 4635 1805 4707 attingere,

582 4748 688 4787 nec
719 4728 1009 4786 teneriore
1039 4731 1327 4784 contuens
1358 4728 1616 4797 aspectu,

579 4822 824 4895 quandu
858 4818 1096 4893 prepria
1126 4817 1237 4875 tori
1274 4816 1433 4874 socia
1459 4817 1714 4873 abesset.

580 4914 727 4986 Ergo
758 4912 1081 4982 imperator
1109 4907 1328 4966 electus
1360 4905 1686 4963 Balduinus

578 5004 721 5063 abiit
751 5020 821 5060 ex
852 5002 995 5059 urbe
1025 4996 1098 5057 ad
1132 5003 1329 5072 partes
1362 4996 1660 5067 occiduas,

574 5104 731 5161 haud
762 5108 1046 5174 tanquam
1078 5099 1209 5156 illas
1243 5115 1444 5172 pugna
1475 5099 1863 5168 subacturus,

576 5195 677 5251 sed
710 5193 1036 5265 imperator
1065 5188 1264 5245 volens
1297 5187 1544 5245 salutari

574 5282 975 5356 obsequioque
1006 5297 1041 5336 a
1069 5279 1299 5335 cunctis
1330 5278 1440 5335 coli
1473 5274 1747 5335 subditis.

576 5376 765 5441 Quare
799 5388 903 5428 nec
933 5369 1148 5427 veteris
1180 5367 1413 5442 imperii
1440 5367 1660 5425 milites

576 5466 637 5521 in
664 5480 841 5520 suum
871 5460 1056 5517 voluit
1086 5459 1385 5516 conscribi
1421 5457 1760 5514 exercitum.

582 5549 1023 5623 Adrianopolim
1056 5546 1640 5621 Philippopolimque

582 5643 849 5715 altaeque
878 5641 949 5697 ad
984 5639 1163 5696 urbes
1192 5636 1452 5695 Thracis
1483 5637 1802 5710 profectqu

580 5734 904 5804 Latinoque
938 5729 1031 5786 bis
1062 5728 1341 5801 imposito
1373 5728 1670 5801 presidio,

2286 4636 2333 4705 D

2552 3474 2885 3534 Βαλδουῖνον
2920 3477 3137 3551 κόμητα
3163 3476 3351 3554 χώρας
3382 3482 3483 3545 τῆς
3515 3478 3823 3554 Φλάντρας,

2549 3565 2779 3623 Νεανίαν
2808 3563 3126 3631 κάλλιστον,
3160 3567 3362 3640 ὡραῖον
3398 3565 3576 3642 φύσει,

2551 3650 2865 3726 Φιλευσοϐἧ
2896 3677 2954 3711 τε
2975 3656 3066 3711 καὶ
3098 3655 3460 3735 φιλόχριστον
3495 3657 3640 3731 λίαν,

2552 3746 2753 3821 Πραὺν,
2787 3743 3001 3821 ἱλαρὸν,
3034 3746 3478 3823 σωφρονέστατον
3516 3745 3667 3821 μάλα

2368 3837 2512 3894 7190
2554 3830 2762 3910 Μερίδα
2792 3834 2881 3889 καὶ
2916 3833 3180 3907 μέλλοντι
3214 3830 3433 3891 διδόντα
3468 3836 3593 3912 βίῳ,

2545 3922 2785 3982 Ηολλῶν
2814 3928 3042 3998 ταμεῖον
3074 3924 3278 3999 ἀρετῶν
3314 3920 3637 3998 θεοσδότων,

2453 4026 2464 4039 ‘
2546 4014 2782 4073 Μάλιστ⁹
2811 4014 3043 4093 ὶραστήν
3074 4012 3430 4095 σωφροσύνης
3448 4017 3538 4073 καὶ
3566 4014 3742 4089 δίκης,

2544 4107 2633 4168 Ὠς
2668 4102 2784 4182 εἶχε
2816 4103 2899 4167 δὶς
2928 4107 3143 4181 κήρυκα
3168 4114 3269 4176 τῆς
3300 4099 3608 4179 ἑϐδομάδος

2544 4196 2716 4272 Τορὸν
2754 4193 2972 4271 βοῶντα
3005 4196 3081 4269 μὴ
3104 4192 3383 4260 καθεύδειν
3420 4195 3627 4270 μηδένα

2363 4288 2508 4343 7195
2544 4287 2666 4342 Τῶν
2707 4281 2999 4361 βασιλείων
3034 4281 3243 4349 ἔνδοθεν
3276 4283 3393 4341 καθ’
3418 4287 3645 4362 ἑσπέραν

2540 4372 2726 4445 Μηδὲν
2760 4374 2989 4447 νομίμῳ
3017 4374 3230 4450 γυναικὶ
3267 4374 3639 4448 συνημμένον,

2540 4463 2724 4538 ΙΙόρνῃ
2759 4460 2805 4517 δ’
2838 4461 3086 4536 ἀθέσμως
3117 4458 3385 4537 συμϐιοῦν
3416 4463 3715 4541 ᾑρημένον.

2538 4555 2639 4610 Ἦν
2670 4553 2761 4607 καὶ
2793 4550 2965 4630 φύλαξ
2996 4550 3181 4627 νόμων
3214 4574 3272 4608 τε
3302 4549 3462 4625 δίκης
3491 4556 3540 4608 τ’
3568 4552 3795 4627 ἐννόμου

2542 4642 2763 4697 Γυναικὶ
2793 4646 3094 4717 προσσχεῖν
3128 4641 3189 4697 οὗ
3224 4640 3462 4713 θελήσας
3495 4639 3743 4705 οὐδόλως

2358 4744 2501 4798 7200
2538 4736 2683 4811 Μηδ’
2713 4736 2773 4794 ἂν
2810 4738 2975 4815 μέχρι
3006 4738 3328 4815 βλέμματος
3360 4740 3600 4815 ἐμπαθεῖ
3628 4742 3723 4813 θέᾳ

2533 4831 2698 4887 ’Ὁσον
2731 4850 2830 4905 περ
2861 4826 3004 4899 ἀπῆν
3038 4836 3140 4899 τῆς
3174 4828 3430 4885 συνεόνου
3459 4830 3552 4884 τὸν
3586 4827 3809 4906 χρόνον.

2534 4917 2902 4994 Αὐτοκράτωρ
2936 4914 3029 4972 οὗν
3061 4913 3425 4993 ἀναδειχθεὶς,
3461 4920 3535 4980 ὡς
3567 4914 3725 4996 ἔφην,

2536 5007 2769 5078 Ἐεεισιν
2802 5007 2913 5061 εἶτα
2942 5007 3079 5081 πρὸς
3114 5005 3256 5082 μέρη
3283 5014 3385 5077 τῆς
3418 5006 3669 5083 ἑσπέρας.

2689 5097 2763 5185 υἷές
2794 5092 3081 5171 κρατήσων
3108 5091 3281 5185 τῶνδε
3309 5103 3410 5167 τῆς
3443 5094 3635 5172 μάχης
3662 5098 3840 5171 νόμῳ,

2358 5190 2503 5245 7205
2538 5178 2697 5243 Ἃλλ⁹
2720 5179 2812 5240 ’ἶνα
2840 5189 3060 5263 γνωσθῇ
3097 5178 3353 5263 βασιλεὺς
3385 5183 3762 5263 αὐτοκράτωρ,

2539 5272 2644 5331 Καὶ
2672 5270 3026 5352 προσκυνηθῇ
3055 5278 3185 5330 πᾶσι
3216 5274 3335 5338 τοῖς
3361 5272 3647 5347 ὑπηκόοις.

2536 5366 2694 5421 Ταῦτ’
2726 5366 2828 5441 ἄρα
2848 5363 3031 5442 τάγμα
3058 5364 3408 5439 στρατιωτῶν
3438 5358 3693 5422 Αὐσόνων

2541 5460 2657 5510 Δεῖν
2687 5450 2786 5509 οὐκ
2814 5444 2991 5529 ἔκρινε
3020 5448 3430 5531 προσλαϐέσθαι
3466 5454 3713 5518 συνόλως
3744 5473 3758 5488 ·

2540 5543 2635 5607 Εἰς
2666 5542 2957 5618 Ἀδριανοῦ
2985 5546 3085 5614 τήν
3113 5542 3277 5599 πόλιν
3312 5541 3358 5597 δ’
3387 5543 3713 5619 ἀφιγμένος,

2360 5635 2505 5692 7210
2543 5632 2641 5687 Καὶ
2666 5632 2766 5701 τὴν
2801 5630 3091 5689 Φιλίπποό
3120 5631 3391 5706 Θρᾳκικάς
3421 5632 3465 5685 τ’
3503 5630 3683 5695 ἄλλα(
3710 5630 3941 5705 πόλεις,

2543 5720 2647 5778 Καὶ
2676 5719 2861 5777 ταῖσδε
2893 5720 3132 5799 φρουρὰν
3162 5715 3421 5795 ἐμϐαλὸν
3452 5720 3514 5777 ιχ
3542 5723 3814 5793 Λατίνων,
