4250 6432
145 387 252 442 269

326 505 723 577 Θεσσαλονίκην
757 502 1153 579 καταλαμϐάνει
1185 506 1370 562 πόλιν·

331 597 434 652 Καὶ
467 597 571 656 πὰς
604 597 630 649 ὁ
669 595 798 656 λαὸς
834 596 1148 670 ἐκχτθέντες
1173 595 1442 666 ἀσμένως,

329 685 480 740 Μετὰ
507 683 714 759 κρότων
752 684 911 738 αἰνῶν
942 705 1020 754 τε,
1054 689 1248 761 φωνῶν
1279 683 1465 737 αἰσίων

151 777 292 828 7215
331 773 543 834 Αὑτούς
567 794 625 828 τε
655 771 972 847 παρέδωκαν
1006 776 1118 845 ἅμα
1148 775 1236 827 καὶ
1267 770 1430 826 πόλιν

345 863 568 916 ’Λνακτι
596 861 735 933 τῷδε
761 861 1083 932 Βαλδουίνῳ
1116 860 1462 937 προφρόνως·

335 949 400 1004 Οἳ
431 952 515 1004 καὶ
542 950 916 1005 καθικέτευσαν
946 951 1103 1005 αὐτὸν
1132 951 1425 1017 συντόνως,

335 1042 483 1109 Μήτ’
513 1039 671 1094 αὐτὸν
703 1043 1010 1115 στράτευμα
1041 1040 1331 1115 παρελθεῖν
1365 1035 1467 1092 ἔσω

333 1129 739 1199 Θεσσαλονίκης
768 1131 995 1200 ἀξιῶσαι
1022 1149 1276 1204 τειχεων·

151 1229 292 1281 7220
331 1228 402 1284 ’Ὀ
430 1227 518 1280 καὶ
551 1225 822 1301 δεδρακὼς
856 1227 1096 1299 εὐμενῶς
1131 1224 1476 1296 Βαλδουῖνος,

333 1316 502 1380 Αὖθις
533 1316 965 1391 καθυπέστρεψεν
1003 1317 1078 1378 εἰς
1112 1313 1430 1385 Βυζαντίδα·

335 1407 439 1462 Καὶ
471 1405 750 1461 σπένδεταί
779 1428 839 1482 γε
871 1406 1182 1462 Δανδούλου
1215 1404 1525 1478 συμϐουλίᾳ

331 1500 427 1567 Τῷ
458 1498 585 1568 πρὶν
615 1494 684 1549 δι’
717 1495 921 1571 ἔχθρας
947 1498 1278 1571 τυγχάνοντι
1310 1497 1398 1549 καὶ
1435 1495 1620 1568 μάχης

335 1584 480 1652 ’Έξω
508 1579 844 1659 διατρίϐοντι
873 1590 950 1656 τῷ
988 1586 1282 1659 μαρκεσίῳ·

155 1674 296 1727 7225
336 1673 527 1736 ’Ὁστις
558 1673 794 1734 ἀποστὰς
817 1672 1214 1747 Διδυμοτείχου
1243 1671 1416 1726 Θέλων

335 1761 650 1836 Ἐφίσταται
682 1763 914 1836 τάχιστα
946 1760 1334 1832 Θεσσαλονίκῃ,

341 1850 444 1905 Καὶ
481 1852 578 1918 τὴν
613 1851 774 1904 πόλιν
803 1851 995 1905 εἶ’σεισε
1024 1851 1226 1918 ταύτην
1255 1851 1513 1923 ἀμάχως,

343 1939 441 1992 Καὶ
478 1939 761 2010 ζημιώσας
791 1942 918 2001 τοὺς
949 1939 1181 2000 πολίτας
1214 1937 1417 1999 ἀδίκως

342 2027 437 2084 Εἷς
469 2029 730 2102 χρήματά
758 2049 816 2083 τε
845 2031 931 2083 καὶ
966 2027 1260 2106 τιμαλφεῖς
1284 2026 1477 2093 οἰκίας,

157 2121 300 2174 7230
342 2119 559 2193 Μαρίαν
584 2120 736 2196 ἀφεὶς
766 2121 865 2188 τήν
898 2121 1148 2175 σύνευνον
1182 2119 1368 2182 αὐτόθι

337 2209 447 2273 Τὴν
482 2210 738 2281 κρέτορος
767 2210 893 2283 πρὶν
925 2211 1164 2283 γαμετὴν
1198 2206 1456 2276 Ἰσακίου,

337 2299 580 2360 Ἐκεῖθεν
612 2296 898 2371 ἐξώρμησε
924 2299 1192 2373 τάγμασιν
1227 2299 1359 2370 ἅμα,

341 2391 451 2439 Καῖ
484 2386 572 2446 τὰς
603 2385 792 2448 πόλεις
831 2388 1063 2459 μέτεισιν
1094 2389 1189 2449 τὰς
1221 2388 1355 2462 πρὸς
1386 2384 1629 2460 ἑσπέραν.

342 2474 550 2548 Σέρῥας
582 2479 956 2550 παρεστήσατο
986 2478 1083 2544 σήν
1113 2481 1182 2548 τῇ
1207 2475 1440 2551 Βεῤῥοὶᾳ

156 2574 303 2627 7235
349 2575 552 2643 Κρατεῖ
582 2573 852 2647 Λαρίσσης
882 2572 1150 2635 Ἑλλάδος
1181 2595 1239 2628 τε
1267 2577 1367 2637 τῆς
1396 2569 1559 2641 ὅλης,

335 2661 496 2735 Αἱρεῖ
523 2681 581 2715 τε
610 2665 707 2731 τὴν
740 2663 1026 2731 Πέλοπος,
1061 2662 1234 2724 ἄλλας
1264 2664 1327 2716 αὖ
1359 2662 1523 2716 πάλιν

335 2750 707 2824 Συγκειμένας
739 2751 974 2827 ἄγχιστα
1008 2754 1195 2826 χώρας
1223 2753 1312 2806 καὶ
1344 2749 1558 2814 πόλεις·

331 2839 432 2892 Καὶ
465 2846 567 2894 πᾶν
599 2862 659 2916 γε
695 2847 892 2915 μικροῦ
919 2843 984 2896 τὸ
1005 2843 1141 2917 πρὸς
1171 2842 1396 2914 ἑσπέραν
1421 2838 1598 2912 κλίμα

335 2928 550 2983 Δοῦλον
579 2934 955 3005 παρεστήσατο
989 2932 1232 2986 Λατίνων
1264 2932 1470 3004 κράτει,

151 3019 293 3072 7240
339 3018 438 3071 Καὶ
473 3017 807 3080 Βαλδουῖνος
839 3020 890 3074 έν
922 3021 1083 3074 πόλει
1115 3015 1408 3093 διατρίϐων

332 3107 626 3185 Πέπομφεν
654 3109 855 3185 Ἐῥρῆν
888 3109 1150 3184 σύγγονον
1182 3110 1318 3182 πρὸς
1341 3112 1474 3165 Ἕω.

333 3196 431 3249 Καὶ
468 3199 674 3272 Πέτρου
705 3196 875 3273 ἄνδρα
904 3196 1152 3272 γεννάδα,
1188 3197 1476 3273 ῥωμαλέον

328 3284 602 3355 Ἦρωϊκόν
632 3306 689 3339 τε
714 3286 813 3352 τήν
847 3288 984 3363 φυὴν
1018 3287 1108 3340 καὶ
1138 3287 1200 3339 τὸ
1233 3285 1452 3353 σθένοςῄ

331 3374 456 3449 Ἀφ’
484 3375 556 3426 ὧν
586 3374 789 3450 Ἐῥρῆς
825 3376 918 3448 μὲν
952 3370 1286 3449 προσλαϐὼν
1321 3374 1640 3448 συμμαχίαν

149 3472 293 3526 7245
336 3472 422 3541 Ἐξ
455 3473 760 3547 Ἀρμενίων
792 3478 901 3528 τῶν
923 3472 1141 3528 ἐνοίκων
1169 3471 1429 3548 Τρωάδος

330 3562 523 3634 Χώρας
554 3560 769 3631 ἐκάκου,
802 3564 1076 3638 κατέκειρε
1105 3564 1194 3617 καὶ
1224 3561 1415 3625 πόλεις

338 3648 409 3702 At
443 3647 611 3720 μηδὲν
649 3651 953 3705 ὁπέκυπτον
987 3651 1212 3709 Ἰταλῶν
1243 3651 1450 3727 κράτει·

337 3739 436 3792 Διὰ
466 3737 523 3793 δὲ
544 3745 765 3812 τεμπῶν
797 3743 883 3796 καὶ
915 3747 1109 3796 στενῶν
1140 3746 1250 3796 τῶν
1275 3748 1376 3810 τῆς
1407 3738 1558 3810 Ἴδης

333 3829 427 3889 Εἰς
456 3830 555 3897 τὴν
590 3831 874 3894 ’Πετίωνος
903 3833 1170 3908 πέφθακεν
1193 3830 1378 3885 πόλιν·

151 3920 296 3973 7250
338 3918 424 3987 Ἐξ
457 3922 643 3980 ἄστεος
673 3920 877 3992 Πέτρος
911 3918 968 3975 δὲ
999 3922 1195 3995 Πηγῶν
1229 3919 1435 3996 ἀπάρας

339 4008 455 4074 ᾚει
483 4008 620 4082 πρὸς
652 4006 926 4064 Λοπάδιον
956 4010 1198 4084 εὐχερῶς
1229 4007 1416 4064 πόλιν·

341 4098 408 4173 ⁷ῼ
441 4096 565 4169 πρὶν
599 4097 855 4166 ἀπήντων
889 4099 1193 4171 Ῥωμαϊκαὶ
1224 4096 1480 4171 δυνάμεις

340 4184 625 4261 Θεοδώρνυ
658 4187 895 4262 Λάσκαρι
927 4189 1240 4265 κρατάρχου
1264 4188 1387 4244 τότε

339 4275 760 4351 Εἷςάντίμαχον
794 4276 850 4332 εὖ
885 4280 1074 4352 μάχην
1101 4278 1466 4350 ὡπλισμένοι,

152 4368 298 4421 7255
337 4366 424 4420 Ἐν
465 4369 800 4438 [Ιοιμανηνῷ
831 4369 1030 4442 χωρίῳ
1057 4366 1404 4440 κεκλημένῳ.

334 4456 465 4511 Εἶτα
495 4455 742 4509 Λατίνων
772 4455 870 4510 οὐκ
899 4455 1203 4530 ἐνεγκοῦσαι
1236 4455 1422 4520 σθένος

339 4547 584 4622 ’ᾩχοντο
613 4545 809 4599 λοιπὸν
841 4547 919 4607 εἰς
941 4547 1116 4622 φυγὴν
1137 4545 1525 4621 τετραμμέναι·

341 4635 542 4708 Κρατεῖ
575 4630 633 4687 δὲ
663 4635 866 4708 Πέτρος
890 4636 1132 4709 εὐχερῶς
1162 4632 1463 4704 Λοπαδίου,

343 4723 440 4779 Ἐκ
467 4722 726 4796 γειτόνων
759 4722 948 4778 ἄλλων
985 4743 1044 4779 τε
1066 4721 1278 4778 λοιπῶν
1311 4723 1536 4779 ἀστέων.

165 4816 311 4870 ’7ὣο
352 4814 504 4867 Ἐπεὶ
529 4810 586 4867 δὲ
615 4809 948 4889 προσϐάλειε
971 4813 1060 4868 καὶ
1091 4813 1306 4889 Προύσῃ
1335 4812 1494 4868 πόλει

345 4901 666 4972 Ἀνηνύτοις
698 4900 925 4980 ἔγνωκεν
959 4903 1230 4979 ἐγχειρεῖν
1269 4903 1465 4975 μάτην⁹

345 4993 679 5057 Μεθίσταται
709 4998 841 5069 γοῦν
873 4993 1193 5049 καταλιπὼν
1220 4993 1320 5062 τὴν
1352 4991 1539 5048 πόλιν.

345 5084 678 5159 Προυσαίοις
707 5081 754 5138 δ’
784 5083 872 5139 ἴσα
899 5085 990 5139 καὶ
1027 5081 1382 5160 Φιλαδέλφου
1413 5080 1578 5143 πόλις

349 5171 616 5237 Δουλείας
635 5172 919 5236 ἀνάλωτος
947 5171 1169 5230 Ἰταλῶν
1208 5171 1372 5245 μένεν

170 5277 313 5333 7265
349 5271 636 5344 Θεόδωρος
663 5274 766 5350 γὰρ
798 5279 1094 5352 Μαγκαφᾶς
1123 5295 1208 5337 τις
1236 5269 1540 5342 τούπίκλην

350 5366 597 5428 ’Λνωθεν
626 5363 815 5440 αὐχῶν
845 5362 976 5418 ἄστυ
1005 5361 1242 5439 πατρίδα
1267 5359 1414 5430 τόδε,

350 5455 524 5530 Ἐῥρῇ
557 5452 794 5529 συνάψας
827 5460 1074 5510 Λατινων
1102 5454 1265 5530 ἀρχῷ
1302 5455 1489 5528 μάχην

347 5547 444 5600 Ἔν
474 5564 583 5598 τινι
617 5546 791 5620 χώρῳ
810 5549 892 5617 τῷ
921 5545 1056 5620 πρὸς
1087 5543 1498 5618 ’Λτραμυττίῳ,

346 5634 530 5695 Αὐτὸς
566 5633 734 5706 μόρον
762 5635 999 5712 πέφευγε
1025 5634 1122 5688 τὸν
1152 5632 1212 5687 έκ
1238 5637 1335 5687 τοῦ
1358 5631 1566 5708 ξίφους,

177 5726 316 5781 7270
355 5721 528 5782 Οὐδὲν
556 5721 617 5779 δὲ
641 5727 793 5798 μεῖον
823 5723 915 5785 καὶ
941 5723 1105 5787 πόλις
1135 5723 1375 5794 ἂνωτέρα

1666 383 2029 439 ΟΔΞΒΔΒΒΒ.

1830 520 1885 584 Α
1916 501 2389 558 Thessalonicam
2422 505 2623 571 postea
2655 499 2943 554 concessit
2975 514 2987 552 :

1912 591 2084 660 cujus
2117 591 2308 645 omnis
2340 591 2570 645 obviam
2605 589 2858 660 populus
2893 586 3154 641 hilariter

1915 695 2044 734 cum
2079 679 2387 750 plausibus
2421 679 2706 749 processit
2735 683 2792 732 et
2823 675 3296 741 laudationibus;

1915 784 2095 838 seque
2125 768 2375 822 libenter
2405 767 2683 822 Balduino
2716 767 2835 836 regi

1915 872 2046 909 cum
2083 855 2314 910 civitate
2346 855 2685 910 obtulerunt
2716 855 3008 922 subditos,

1916 947 2112 998 tamen
2147 944 2334 998 enixis
2374 944 2646 1015 precibus
2681 948 2962 1012 rogarunt

1917 1037 1983 1086 ut
2012 1032 2136 1102 ipse
2170 1035 2387 1102 pariter
2415 1035 2662 1103 ejusque
2691 1032 2980 1087 exercitus

1917 1129 2079 1182 urbis
2115 1130 2355 1184 introitu
2392 1129 2606 1183 vellent
2634 1129 2926 1184 abstinere
2961 1147 2974 1184 :

1918 1217 1975 1269 id
2009 1218 2163 1286 quod
2198 1217 2518 1272 clementer
2553 1218 2872 1272 Balduinus
2905 1218 3134 1283 annuit,

1919 1321 2170 1376 moxque
2203 1323 2263 1360 se
2296 1308 2476 1360 redux
2507 1306 2756 1360 contulit
2786 1305 3147 1376 Byzantium.

1918 1402 2058 1455 Exin
2095 1404 2505 1474 obtemperans
2541 1403 2788 1458 Danduli
2822 1403 3082 1458 consiliis

1919 1493 2328 1547 reconciliatur
2358 1493 2674 1546 Marchioni
2709 1494 2853 1546 irato

1919 1580 2037 1634 imo
2070 1597 2197 1634 cum
2231 1583 2412 1635 armis
2447 1581 2648 1652 procul
2681 1582 2824 1635 urbe
2852 1581 3033 1635 stanti
3071 1598 3083 1635 :

1920 1669 2016 1739 qui
2053 1671 2248 1724 statim
2285 1670 2472 1725 libens
2507 1671 2908 1741 Didymoticho
2940 1670 3175 1726 veniens

1919 1757 2394 1813 Thessalonicam
2426 1758 2673 1814 contulit
2704 1776 2765 1813 se
2799 1760 2856 1813 in
2889 1760 3092 1813 urbem

1919 1862 2166 1918 eamque
2198 1847 2358 1901 nullo
2393 1849 2699 1902 resistente
2730 1848 2984 1902 obtinuit
3018 1865 3029 1899 :

1924 1936 2094 2006 cujus
2125 1936 2345 2005 injuste
2374 1937 2558 1991 multa
2589 1937 2782 1991 affecit
2812 1939 2986 1992 cives.

1923 2026 2170 2095 pecunia
2200 2030 2256 2080 et
2288 2027 2562 2081 domibus
2593 2042 2812 2081 exuens
2847 2026 3176 2097 praecipuis.

1924 2113 2007 2168 Ibi
2041 2114 2242 2168 relicta
2273 2117 2520 2185 conjuge
2553 2114 2752 2180 Maria,

1923 2220 2054 2274 quae
2083 2205 2326 2259 Caesaris
2359 2205 2524 2258 lsacii
2553 2206 2675 2274 jam
2712 2221 2854 2259 uxor
2886 2205 3095 2270 fuerat,

1923 2293 2057 2349 inde
2091 2295 2365 2349 discessit
2395 2296 2709 2350 comitante
2741 2295 3020 2361 exercitu,

1922 2398 2112 2448 terras
2145 2410 2492 2464 percurrens
2522 2395 2592 2448 ad
2627 2394 2999 2450 Occidentem
3034 2394 3274 2465 positas.

1922 2484 2105 2539 Serris
2140 2485 2359 2554 potitus
2388 2488 2494 2549 est,
2533 2500 2635 2539 nec
2668 2501 2782 2538 non
2816 2484 3107 2538 Berrhcea.

1926 2573 2210 2627 Larissam
2243 2572 2565 2643 occupavit.
2600 2577 2902 2644 totamque
2935 2573 3248 2641 Helladem,

1922 2663 2059 2716 item
2097 2661 2579 2731 Peloponnesum,
2610 2666 2668 2716 et
2699 2661 2842 2716 alias
2874 2677 3080 2716 rursus

1925 2750 2080 2805 hisce
2111 2750 2370 2804 conﬁnes
2404 2750 2578 2804 urbes
2610 2754 2666 2804 et
2699 2750 3029 2821 provincias
3067 2767 3078 2805 :

1921 2843 2313 2910 cunctamque
2348 2854 2491 2909 pene
2526 2839 2815 2909 regionem
2850 2839 3150 2893 occiduam

1922 2928 2218 2982 subditam
2254 2927 2389 2982 fecit
2421 2927 2758 2982 Latinorum
2790 2929 3057 2999 imperio.

1921 3015 2159 3071 Interim
2196 3015 2518 3070 Balduinus
2549 3017 2607 3070 in
2642 3016 2784 3071 urbe
2817 3017 3082 3072 residens

1921 3104 2158 3159 fratrem
2191 3103 2456 3160 Erricum
2489 3105 2560 3160 ad
2589 3104 2878 3161 Orientem
2915 3106 3078 3161 misit

1922 3210 2054 3248 cum
2087 3198 2254 3249 Petro
2287 3194 2440 3260 forti,
2473 3193 2852 3266 magnanimo
2883 3195 3029 3261 viro,

1921 3282 2169 3338 heroicis
2205 3282 2449 3354 praedito
2483 3282 2706 3338 viribus
2737 3288 2795 3338 et
2825 3287 3070 3339 statura.

1914 3372 2147 3427 Erricus
2175 3371 2408 3442 quidem
2443 3373 2751 3430 roboratus
2785 3372 3002 3427 auxilio

1913 3461 2314 3516 Armeniorum
2346 3461 2589 3516 Troadis
2620 3460 2972 3526 incolarum,

1914 3555 2100 3605 terras
2131 3551 2419 3615 vastabat,
2455 3551 2632 3605 urbes
2660 3550 2997 3622 diripiebat,

1915 3655 2277 3711 quascunque
2312 3639 2467 3695 [talis
2500 3640 2792 3711 negabant
2822 3640 3193 3711 obsequium.

1915 3737 2060 3793 Dein
2092 3753 2194 3809 per
2225 3738 2336 3792 Ida:
2368 3737 2590 3793 montis
2621 3743 2901 3810 angustas
2933 3740 3132 3794 fauces

1916 3828 1989 3883 ad
2020 3827 2266 3883 IEtionis
2296 3827 2501 3883 urbem
2534 3829 2624 3883 est
2656 3843 3024 3900 progressus.

1917 3916 1996 3971 De
2031 3915 2197 3987 Pegis
2232 3921 2423 3971 autem
2453 3914 2596 3970 urbe
2625 3917 2946 3988 procedens
2977 3917 3178 3972 Petrus

1918 4005 2123 4061 itinere
2156 4005 2430 4077 pergebat
2459 4005 2777 4077 Lopadium
2815 4005 2991 4073 facili,

1920 4095 2020 4150 ubi
2053 4095 2346 4149 Romanas
2380 4095 2635 4166 primum
2668 4092 2912 4150 odendit
2937 4095 3089 4152 vires

1922 4185 2032 4240 sub
2061 4183 2362 4239 Theodoro
2393 4181 2653 4255 principe
2682 4187 2964 4239 Lascareo

1923 4275 1993 4329 ad
2025 4273 2447 4329 decertandum
2483 4273 2802 4328 instructas
2831 4272 3062 4346 egregie

1925 4363 2082 4418 haud
2119 4361 2319 4433 procul
2354 4362 2567 4433 oppido
2598 4362 2949 4417 l’mmaneno
2981 4363 3159 4420 dicto.

1924 4452 2020 4506 Hae
2050 4457 2246 4506 tamen
2278 4451 2473 4505 robori
2506 4451 2840 4506 Latinorum
2873 4452 3130 4523 impares

1928 4541 2137 4596 castris
2167 4545 2349 4594 exutas
2376 4541 2435 4593 in
2469 4540 2668 4612 fugam
2703 4557 2764 4596 se
2795 4541 3086 4596 dederunt
3119 4557 3133 4596 :

1853 4620 1896 4684 D
1934 4631 2257 4701 Petrusque
2289 4629 2454 4685 facile
2485 4630 2707 4700 potitur
2737 4629 3013 4700 Lopadio,

1935 4725 2108 4792 atque
2141 4720 2277 4774 huic
2309 4718 2594 4789 proximis
2626 4718 2759 4775 aliis
2788 4720 3145 4775 civitatibus.

1933 4820 2044 4874 Sed
2073 4835 2206 4874 cum
2241 4817 2591 4872 Prusensem
2625 4831 2860 4888 quoque
2898 4821 3186 4873 tentasset
3214 4820 3443 4890 urbem,

1937 4909 2161 4963 irritam
2196 4906 2356 4962 novit
2385 4905 2586 4961 ludere
2617 4921 2679 4961 se
2709 4921 2981 4975 operam;

1939 4997 2068 5052 urbi
2101 4995 2381 5052 molestus
2413 5011 2520 5050 nec
2549 4996 2658 5050 fuit
2687 4994 2932 5051 diutius.

1938 5086 2170 5144 IEmula
2200 5085 2394 5140 Prusaa
2427 5082 2794 5157 Philadelphi
2826 5085 3033 5140 civit-aa

1943 5177 2153 5233 Latina:
2186 5174 2450 5229 servituti
2483 5174 2640 5229 haud
2675 5174 2992 5246 subjacuit.

1940 5267 2079 5323 Eam
2113 5264 2460 5321 Theodorus
2492 5263 2849 5336 Mancaphas
2878 5264 3227 5336 cognomine

1943 5355 2173 5431 generis
2204 5353 2446 5425 stirpem
2479 5354 2552 5408 ab
2583 5352 2693 5408 hac
2725 5353 2868 5409 urbe
2900 5359 3171 5426 repetens

1945 5462 2143 5518 pugna
2167 5447 2436 5498 conserta
2467 5459 2601 5498 cum
2635 5441 2840 5498 Latino
2872 5442 3068 5498 Errico

1945 5535 2201 5606 quodam
2233 5532 2291 5586 in
2327 5531 2451 5587 loco
2480 5530 2639 5586 haud
2671 5530 2873 5603 procul
2905 5533 3276 5605 Atramytlio,

1949 5624 2076 5696 ipse
2103 5622 2196 5676 vix
2228 5620 2467 5691 quidem
2502 5636 2702 5677 necem
2732 5621 2990 5688 evitavit,

1948 5712 2131 5771 nihilo
2162 5717 2360 5768 tamen
2395 5711 2594 5766 minus
2621 5710 2752 5783 ipsa
2781 5709 2995 5768 civitas

3457 377 3565 430 270
