4190 6448
629 421 731 476 271

634 543 840 600 Latino
866 535 1151 594 immunis
1182 529 1401 587 mansit
1429 524 1757 581 dominatu.

635 631 876 688 Interim
910 622 1170 681 marchio
1203 617 1511 689 Hesperias
1553 613 1816 668 civitates

638 720 869 776 bellans
903 713 1106 770 Latino
1139 707 1449 779 subigebat
1479 700 1724 765 nomini,

644 806 1003 881 quibusdam
1039 798 1258 856 nostris
1291 800 1463 850 utens
1494 791 1596 845 viae
1627 787 1897 844 ducibus.

644 877 869 969 Sgurus
901 895 1099 947 autem
1133 889 1240 942 Leo
1275 884 1511 939 cohorte
1543 877 1822 948 imposita

649 967 849 1040 Atticae
877 982 1001 1037 loco
1031 975 1242 1033 celebri
1273 967 1704 1040 Thermopylis,

650 1081 714 1130 ut
743 1074 825 1128 ibi
849 1070 1121 1143 praelians
1152 1064 1312 1120 Italis
1347 1061 1673 1122 resisteret;

651 1163 814 1219 nulla
845 1177 905 1215 re
937 1160 1113 1228 digna
1144 1153 1421 1208 laudibus
1458 1151 1702 1218 patrata,

651 1249 864 1320 raptim
899 1242 1243 1300 Corinthum
1277 1240 1414 1308 fuga
1445 1251 1506 1290 se
1540 1229 1851 1304 proripuit.

651 1340 753 1394 Hic
785 1341 907 1392 erat
938 1338 1102 1389 ortus
1133 1327 1370 1398 Nauplii
1405 1321 1662 1394 regione,

651 1428 947 1482 modicum
984 1425 1190 1476 nactus
1222 1437 1255 1472 υ.
1286 1420 1449 1486 patre
1483 1409 1874 1483 principatum
1916 1419 1926 1455 :

648 1531 852 1570 verum
889 1511 1182 1581 reciproco
1218 1511 1550 1575 temporum
1582 1496 1805 1566 euripo,

657 1607 1012 1676 praepostero
1044 1597 1324 1666 varioque
1356 1593 1601 1646 fortuna:
1635 1600 1835 1650 cursu,

659 1709 844 1762 usque
874 1686 1254 1761 progrediens
1287 1695 1536 1751 magnus
1568 1693 1597 1731 e
1628 1688 1804 1746 parvo
1835 1666 2037 1725 evasit.

662 1794 713 1847 ls
746 1796 802 1845 et
833 1785 1174 1842 Corinthum
1208 1781 1491 1852 oppidum
1525 1771 1791 1844 diripuit,

660 1885 716 1933 et
748 1882 925 1947 Argos
954 1871 1132 1928 simili
1169 1867 1438 1941 posthinc
1472 1860 1797 1918 latrocinio.

664 1971 960 2021 Postremo
993 1961 1252 2014 Athenas
1283 1955 1461 2011 etiam
1493 1949 1824 2016 invadebat,

659 2072 860 2110 verum
895 2048 1166 2122 repulsus
1197 2045 1387 2101 verbis
1419 2037 1855 2110 archipraesulis

661 2141 962 2199 Michaelis
993 2138 1286 2194 Choniataa
1321 2126 1767 2204 sapientissimi,

659 2234 889 2290 Thebas
921 2228 1179 2285 celeriter
1212 2222 1467 2280 excurrit
1497 2214 1861 2289 heptapylas,

666 2337 881 2392 easque
915 2317 1026 2373 sibi
1062 2314 1218 2370 facili
1252 2311 1401 2367 bello
1434 2306 1693 2364 vindicat
1728 2322 1739 2358 :

664 2418 721 2466 et
750 2414 889 2465 dum
920 2405 1164 2462 Larissae
1199 2402 1467 2456 faucibus
1497 2396 1699 2460 exiret,

665 2497 1004 2570 imperatori
1038 2492 1336 2566 quondam
1371 2487 1568 2542 Alexio
1600 2482 1876 2550 occurrit,

665 2589 762 2659 qui
791 2585 1124 2641 borealibus
1156 2579 1419 2652 partibus
1452 2575 1776 2645 digressus,

667 2676 931 2733 exsulum
973 2665 1130 2728 more
1159 2670 1268 2723 hac
1300 2672 1355 2722 et
1386 2665 1518 2719 illac
1547 2677 1772 2725 errans,

669 2782 827 2822 nunc
861 2765 930 2818 ad
965 2759 1305 2816 Thessalica
1331 2757 1549 2823 Tempe
1583 2750 1940 2822 pervenerat,

668 2856 892 2910 habens
927 2853 984 2905 in
1017 2848 1296 2905 comitatu
1333 2841 1641 2898 Eudociam
1677 2837 1879 2901 filiam,

671 2960 848 3014 quam
880 2947 1021 2995 tunc
1052 2940 1407 3007 desponsam
1442 2927 1748 2984 collocavit
1775 2930 1976 2996 Sguro.

673 3035 807 3103 Ipsa
838 3030 1076 3101 quidem
1109 3025 1247 3080 olim
1283 3017 1660 3076 matrimonio
1691 3017 1878 3069 fuerat

668 3119 918 3193 principi
945 3119 1156 3188 juncta
1185 3109 1575 3166 Triballorum
1609 3103 1927 3174 Stephano,

670 3209 772 3281 qui
805 3206 1174 3279 repudiatam
1206 3198 1434 3256 remisit
1465 3197 1522 3251 in
1557 3194 1829 3267 patriam,

669 3280 888 3354 Eadem
921 3293 1224 3351 Murtzuﬂo
1256 3291 1426 3345 Duce
1457 3284 1667 3340 deinde
1699 3280 1904 3352 nupsit

675 3392 986 3461 postquam
1022 3383 1115 3437 hic
1143 3377 1454 3449 imperium
1487 3373 1850 3445 palriamque
1881 3367 2178 3422 amiserat.

676 3487 784 3542 Sed
819 3485 974 3540 hunc
1005 3480 1218 3536 deinde
1249 3480 1485 3547 captum
1517 3469 1749 3526 Alexius
1779 3467 1933 3535 dolo,

682 3593 780 3630 rex
808 3589 936 3628 erro
968 3584 1235 3625 erronem
1269 3581 1461 3636 regem
1495 3565 1648 3617 sorte
1681 3557 1826 3629 pari,

683 3663 909 3718 lumine
941 3674 1174 3714 cassum
1210 3655 1510 3710 oculorum
1539 3647 1807 3704 reddidit.

688 3753 865 3809 Saevis
904 3754 1194 3822 postremo
1230 3744 1569 3800 Latinorum
1603 3736 1879 3792 manibus

683 3844 876 3898 Ducas
908 3842 1183 3910 exceptus
1217 3832 1679 3906 Byzantiumque
1706 3827 1940 3892 ductus,

683 3930 925 4005 pertulit
964 3943 1220 4001 pmnam,
1250 3923 1405 3995 quod
1440 3919 1639 3974 Alexio
1669 3914 1889 3986 Angelo

682 4022 883 4094 gulam
920 4020 1149 4073 funesto
1182 4014 1388 4084 laqueo
1422 4007 1709 4079 fregisset.

681 4113 824 4167 Nam
857 4110 926 4164 de
957 4105 1196 4163 sublimi
1229 4099 1409 4157 Tauri
1437 4097 1712 4154 columna

685 4198 1083 4272 praecipitatus
1115 4198 1224 4264 est,
1257 4191 1400 4264 proh
1435 4187 1536 4244 Dei
1561 4184 1852 4257 judicium
1880 4181 1892 4234 ί

687 4306 743 4358 et
773 4300 856 4356 sic
887 4297 1130 4354 collisus
1161 4292 1442 4348 violenter
1471 4287 1634 4342 obiit.

689 4388 928 4445 Interim
962 4383 1223 4440 marchio
1248 4379 1409 4436 venit
1438 4377 1497 4431 in
1530 4373 1831 4438 Bmotiam,

689 4470 938 4550 eamque
970 4475 1083 4531 sibi
1117 4473 1267 4529 bello
1300 4472 1437 4526 fecit
1466 4466 1805 4530 subditam;

691 4570 941 4627 Atticam
977 4578 1208 4636 quoque
1239 4558 1491 4617 obtinuit
1520 4573 1652 4612 cum
1685 4553 1901 4608 Euboea
1936 4568 1948 4603 :

691 4663 876 4729 Atque
900 4661 964 4711 ut
998 4654 1201 4727 paucis
1233 4667 1352 4706 rem
1387 4646 1580 4703 verbis
1612 4642 1938 4714 expediam,

691 4747 921 4818 integro
954 4744 1220 4799 nondum
1255 4736 1627 4811 praeterlapso
1660 4747 1812 4786 anno

693 4853 798 4892 eoa
828 4833 1007 4890 simul
1039 4832 1182 4888 ditio
1213 4834 1386 4900 atque
1417 4824 1661 4880 occidua

694 4931 894 4983 nostra
925 4926 983 4979 in
1020 4923 1285 4978 Latinum
1319 4916 1496 4972 cessit
1525 4913 1918 4968 dominatum.

693 5015 930 5072 Alexius
962 5011 1236 5085 posthinc
1262 5005 1424 5063 exsul
1469 5005 1790 5074 imperator

698 5133 831 5171 cum
867 5115 926 5168 in
959 5111 1227 5167 Latinum
1263 5103 1658 5160 marchionem
1693 5096 2060 5159 incurrisset,

699 5205 933 5260 exuitur
962 5201 1181 5256 invitus
1213 5195 1444 5267 imperii
1474 5189 1851 5262 insignibus:

700 5304 826 5350 tum
859 5294 928 5348 ad
966 5288 1312 5361 Hesperium
1340 5283 1480 5340 salsi
1512 5280 1664 5337 aeris
1695 5281 1888 5333 locum

703 5384 980 5451 mittitur,
1017 5387 1080 5435 ut
1111 5379 1290 5433 vitam
1322 5374 1398 5428 ibi
1441 5387 1607 5426 suam
1641 5368 1964 5432 clauderet,

702 5491 818 5529 non
853 5473 980 5527 sine
1007 5469 1389 5540 Euphrosyne
1421 5462 1672 5531 conjuge
1707 5457 1928 5527 regina,

704 5565 900 5620 sedem
938 5561 1186 5616 fortuna;
1216 5568 1536 5625 congruam
1571 5545 1788 5604 sortiti.

706 5652 951 5710 Caesaris
981 5653 1177 5704 autem
1197 5644 1526 5722 stipatores
1559 5637 1725 5708 regii,

708 5741 935 5800 strenui
966 5739 1094 5808 viri,
1125 5733 1328 5806 stirpis
1360 5745 1652 5803 generosae

1837 395 2215 452 EPHREMII
2265 388 2831 443 CHRONOGRAPHI

2315 510 2370 576 Α
2576 511 2683 574 Τῆς
2716 501 2940 560 Ἰταλῶν
2973 499 3152 572 ἔμεινε
3181 493 3527 570 κυριαρχίας.

2573 592 2878 667 Μαρκέσιος
2909 589 2964 644 δέ
2991 589 3087 648 τὰς
3115 587 3248 659 πρὸς
3279 585 3504 656 έσπέραν
3538 577 3728 637 πόλεις

2574 683 2755 756 Αἱρῶν
2793 680 2965 754 ὑπῆγε
2992 681 3070 748 τῷ
3099 676 3282 746 κράτει
3312 676 3416 725 τῶν
3452 665 3718 733 Λατίνων,

2574 777 2758 844 Ἕχων
2784 766 3058 841 ποδηγούς
3090 783 3236 824 τινας
3269 761 3328 815 ἐκ
3353 763 3462 813 τῶν
3495 754 3774 811 Αὐσόνων.

2395 870 2538 922 ’7275
2578 868 2724 921 Λέων
2758 864 2815 920 δέ
2846 864 3090 940 Σγουρὸς
3126 857 3456 921 ὑποκαθίσας
3489 853 3658 926 λόχον

2578 956 2664 1011 Ἐν
2699 939 3086 1028 Θερμοπύλαις
3119 949 3371 1010 Ἀττικῆς
3403 948 3484 1014 τῷ
3517 939 3727 1015 χωρίῳ.

2581 1045 2722 1116 Πρός
2756 1041 2912 1111 δῆθεν
2946 1039 3250 1111 ἀντίμαχον
3283 1033 3512 1089 Ἰταλῶν
3549 1028 3758 1102 μάχην.

2581 1130 2760 1202 Μηδὲν
2796 1129 2853 1185 δέ
2880 1128 3120 1204 γενναῖόν
3148 1149 3199 1180 τι
3226 1123 3316 1179 καὶ
3350 1121 3548 1197 δράσας
3579 1118 3724 1179 ὅλως

2581 1223 2818 1283 Ἐκεῖθεν
2851 1220 2927 1280 εἰς
2961 1217 3224 1291 Κόρινθον
3248 1210 3430 1286 ᾤχετο
3456 1207 3694 1282 τρέχωνο

2405 1313 2548 1365 7280
2583 1312 2680 1371 ’Ὀς
2716 1309 2866 1385 ἐξέφυ
2903 1308 2996 1379 μὲν
3027 1306 3085 1360 ἐκ
3113 1302 3384 1374 κλίματος
3419 1295 3698 1353 Ναυπλίου

2592 1399 2851 1470 Πατρῲας
2883 1394 3071 1470 ἄρχων
3107 1390 3328 1465 μετρίας
3355 1385 3727 1462 κληρουχίας.

2588 1484 2910 1559 Ἀνωμαλίᾳ
2936 1483 3154 1557 καιρικῇ
3187 1478 3244 1533 δὲ
3284 1473 3616 1552 πραγμάτων

2589 1580 2740 1650 Φορᾷ
2768 1595 2825 1628 τε
2848 1573 3026 1646 τύχης
3059 1572 3291 1624 ἀστάτου
3331 1565 3421 1620 καὶ
3443 1561 3702 1637 συγχύσει

2591 1665 2700 1721 Ἀεὶ
2732 1663 2941 1736 προϊὼν
2974 1659 3032 1714 ἐκ
3066 1661 3264 1732 μικροῦ
3302 1656 3468 1727 μέγας
3501 1650 3618 1727 ἕφυ’

2411 1760 2554 1813 7285
2593 1755 2850 1824 Ληίζεται
2879 1750 2936 1806 δέ
2965 1750 3052 1804 καὶ
3087 1745 3394 1820 Βπρινθίων
3428 1741 3614 1809 πόλιν,

2337 1881 2385 1944 Β
2591 1849 2792 1917 ’Ἄργος
2820 1841 3198 1916 παρεστήσατο
3225 1841 3328 1890 πᾶν
3364 1830 3692 1906 λῃσταρχίᾳ.

2597 1931 2770 1992 Τέλος
2802 1927 3199 2004 προσαρῥάσσει
3235 1922 3291 1978 δὲ
3321 1922 3409 1976 καὶ
3435 1925 3552 1981 ταῖς
3586 1918 3858 1986 Ἀθήναις⁸

2599 2018 2754 2076 ’Λλλ’
2783 2015 3171 2092 ἀποκρουσθεὶς
3208 2009 3607 2086 ἀρχιποιμένος
3636 2005 3827 2080 λόγοις

2596 2115 2701 2164 Τοῦ
2729 2107 3043 2163 Χωνειάτου
3071 2099 3303 2177 Μιχαὴλ
3334 2102 3430 2153 τοῦ
3461 2094 3758 2171 πανσόφου,

2422 2213 2565 2266 7290
2595 2203 2798 2278 Θήϐαις
2830 2205 3016 2282 έφπμᾷ
3043 2202 3261 2276 ταχέως
3295 2192 3655 2261 ἑπταπύλοις,

2618 2297 2718 2354 Καὶ
2751 2281 2909 2349 τάθδε
2942 2292 3158 2367 συσχὼν
3193 2289 3358 2365 ῥᾷστα
3377 2292 3479 2354 τῆς
3513 2282 3697 2356 μάχης
3726 2281 3900 2350 νόμῳ,

2605 2386 2746 2460 Πρὸς
2781 2383 3053 2456 Λαρίσσης
3084 2378 3240 2452 ἔξεισι
3270 2378 3366 2437 τὰς
3400 2370 3698 2443 διεξόδους,

2604 2479 2768 2538 Ἔνθα
2802 2471 3017 2548 βασιλεῖ
3043 2468 3276 2540 συνέμιῖ
3310 2464 3536 2536 Αλεξίῳ,

2603 2566 2699 2626 ’Ὁς
2725 2561 3024 2621 ἀπαναστὰς
3055 2559 3115 2612 ἐκ
3147 2560 3323 2631 μερῶν
3356 2549 3732 2628 προσαρκτίων

2424 2658 2567 2712 7295
2603 2651 2923 2724 Ἀλώμενός
2956 2671 3014 2704 τε
3042 2646 3176 2721 τῇδε
3206 2645 3410 2700 κᾶκεῖσ’
3443 2641 3516 2702 ὡς
3548 2639 3763 2706 πλάνης

2609 2741 2712 2800 Καὶ
2744 2738 3096 2800 Θετταλικοῖς
3123 2736 3350 2808 τέμπεσι
3382 2727 3716 2805 προσεῤῥύη,

2606 2834 2792 2905 Ἀγων
2829 2829 2943 2900 μεθ’
2974 2827 3136 2881 αὐτοῦ
3167 2822 3335 2878 παῖδα
3359 2821 3456 2888 τήν
3491 2814 3778 2884 Εύδοκίαν,

2604 2903 2838 2994 ’Ἡνεπερ
2868 2915 3217 2990 κατηγγύησε
3245 2917 3327 2982 τῷ
3359 2911 3590 2982 Σγουρῷ
3617 2903 3763 2958 τότε.

2610 3015 2863 3077 Συνῆπτο
2898 3004 2953 3060 δέ
2984 3003 3107 3079 πρὶν
3137 3002 3272 3078 πρὸς
3301 2998 3478 3074 γάμου
3507 2992 3792 3049 κοινωνίαν

2428 3112 2569 3166 7300
2609 3108 3030 3182 ’Λρχηγετοῦντι
3062 3107 3168 3156 τῶν
3195 3093 3480 3172 Τριϐαλῶν
3518 3090 3792 3168 Στεφάνῳ,

2606 3176 2982 3256 Ὂς-έκέίαλὼν
3014 3188 3220 3261 ἔπεμψε
3248 3183 3401 3256 τήνδ’
3435 3183 3511 3244 εἷς
3539 3176 3794 3253 πατριδα.

2609 3288 2677 3353 ᾝ
2710 3282 2920 3349 Δούκης
2952 3278 3232 3350 συνῴκησε
3261 3268 3690 3349 Μούρτζουφλος
3726 3268 3867 3330 θέσιν

2613 3373 2764 3430 Μετὰ
2793 3369 3042 3445 στέρησιν
3073 3365 3163 3420 καὶ
3192 3365 3424 3440 κράτους
3446 3359 3537 3415 καὶ
3567 3354 3831 3432 πατρίδος

2611 3465 2833 3519 ’Ὸντινα
2865 3458 3081 3531 συσχὼν
3111 3453 3352 3526 Ἀλέξιος
3384 3450 3474 3505 σὺν
3505 3447 3657 3518 δόλῳ

2437 3556 2578 3609 7305
2614 3551 2783 3620 ’Ἁναξ
2816 3547 3029 3617 πλάνης
3063 3543 3263 3599 ἄνακτα
3292 3540 3578 3609 πλανήτην
3613 3533 3728 3589 ἴσον

2616 3617 2818 3708 Ἔθηκε
2845 3635 3075 3713 τυφλὸν,
3110 3631 3371 3706 ὀμμάτων
3405 3627 3645 3703 λύχνους
3677 3617 3891 3682 σϐέσας.

2620 3731 2728 3787 Εἶτ’
2763 3729 2836 3790 εὶς
2871 3728 3118 3783 Λατίνων
3153 3721 3402 3795 ἐμπεσὼν
3438 3716 3612 3777 δεινὰς
3634 3716 3800 3789 χέρας

2350 3243 2392 3308 C

2620 3818 2850 3890 Δέσμιος
2891 3815 3080 3890 ἀχθεὶς
3112 3812 3186 3874 εἷς
3219 3810 3381 3865 πόλιν
3413 3809 3512 3875 τὴν
3545 3809 3638 3859 τοῦ
3669 3802 3921 3877 κράτους,

2621 3907 2778 3968 Δίκας
2808 3905 3010 3960 ὑπέσχε
3038 3905 3134 3956 τοῦ
3166 3897 3235 3954 δι’
3266 3896 3509 3972 ἀγχόνης
3544 3893 3719 3967 μόρου

2442 4001 2584 4055 7310
2621 3995 2817 4051 Ὃντιν⁹
2848 3995 3044 4067 ἐπῆγεν
3075 3987 3348 4064 Ἀγγέλων
3378 3983 3629 4054 Ἀλεξίῳ·

2621 4085 2715 4146 Εἷς
2744 4084 2899 4139 κίονα
2926 4081 3027 4156 γὰρ
3060 4076 3313 4150 ἀναχθεὶς
3343 4075 3560 4147 Ταύρου
3595 4072 3762 4144 μέγαν

2622 4175 2856 4230 Ἐκεῖθεν
2889 4170 3206 4240 ἠκόντιστο,
3240 4168 3335 4238 φεῦ
3369 4160 3523 4230 δίκης
3560 4161 3573 4215 l
3607 4159 3756 4212 κάτω

2626 4263 2726 4319 Καὶ
2769 4253 3071 4334 συντριϐεὶς
3101 4253 3318 4310 ὤλλυτο
3356 4250 3518 4327 βιαίῳ
3553 4247 3726 4322 μόρῳ,

2627 4351 2930 4427 Μαρκέσιος
2962 4345 3018 4401 δὲ
3046 4347 3144 4414 τὴν
3173 4341 3439 4400 Βοιωτίαν
3478 4339 3704 4416 φθάσας,

2448 4457 2590 4511 ’7315
2629 4450 2846 4517 Ταύτην
2881 4446 3257 4522 παρεστήσατο
3282 4446 3402 4500 ταῖς
3431 4433 3806 4509 στρατηγίαις·

2632 4544 2826 4615 Κρατεῖ
2847 4520 3054 4613 προῖὼν
3090 4535 3342 4599 Ἀττικῆς
3373 4528 3464 4582 σύν
3497 4520 3720 4595 Εὐϐοίᾳ.

2375 4609 2422 4671 D
2635 4609 2722 4691 Ὦς
2746 4629 2796 4682 ὲν
2829 4609 3107 4702 κεφαλαίῳ
3140 4619 3196 4676 δὲ
3227 4617 3502 4702 συντεμὼν
3535 4616 3746 4692 φράσω,

2631 4720 2818 4788 Μήπω
2851 4712 3323 4790 παριππεύσαντος
3347 4700 3588 4783 ἀκριϐῶς
3608 4699 3785 4769 ἔτους,

2635 4810 2828 4878 Ἐᾦον,
2866 4805 3110 4878 ἑσπέριον
3130 4799 3385 4857 Αὐσόνων
3418 4794 3593 4867 κλίμα

2455 4904 2598 4957 7320
2635 4902 2814 4954 ’Ἃπαν
2851 4898 3053 4951 ὁπεικει
3085 4897 3165 4965 τῷ
3186 4889 3368 4965 κράτει
3399 4892 3506 4942 αῶν
3536 4883 3802 4939 Λατίνων.

2638 4989 2806 5058 ”Αναξ
2833 4985 2891 5041 δὲ
2921 4986 3090 5063 φυγὰς
3122 4979 3366 5050 Ἀλέξιος
3395 4976 3487 5032 οὺν
3517 4974 3706 5050 χρόνῳ

2642 5079 2734 5140 Εἰς
2759 5075 2882 5152 ὄψιν
2915 5074 3087 5138 ἐλθὼν
3113 5070 3326 5141 Λατίνῳ
3358 5064 3675 5140 Μαρκεσίῳ,

2641 5170 2721 5226 Τὰ
2752 5161 2986 5240 σύμϐολ’
3017 5162 3269 5240 ἀφῄρητο
3300 5159 3396 5211 τθῦ
3425 5155 3658 5231 κράτους
3681 5153 3852 5218 ἄκων,

2642 5259 2736 5321 Εἷς
2767 5256 3014 5330 ἁλμυρὸν
3049 5251 3092 5306 δ’
3125 5247 3351 5306 ἔσταλτο
3383 5251 3569 5321 χῶρον
3603 5242 3829 5317 ἱσπέρας

2463 5354 2606 5410 7325
2645 5351 2791 5406 Ἐκεῖ
2822 5345 3024 5420 διάγειν
3056 5341 3145 5397 καὶ
3179 5337 3414 5395 διανύειν
3461 5335 3574 5409 βίον

2648 5439 2751 5494 Σὺν
2787 5435 3107 5513 Εὐφροσύνῃ
3141 5429 3354 5505 συζύγῳ
3379 5421 3648 5502 βασιλίδι,

2647 5510 2887 5604 Σχόντες
2907 5510 3063 5599 -τύχη
3089 5523 3380 5598 σύμφωνον
3411 5517 3656 5589 ἀτεχνῶς
3688 5510 3876 5566 τόπον.

2644 5603 2804 5676 ’Ὀσοι
2840 5614 2899 5670 δὲ
2926 5614 3243 5668 συνείποντο
3272 5612 3353 5678 τῷ
3376 5603 3704 5678 στεφηφόρῳ

2645 5705 2868 5780 ’Λνδρες
2905 5702 3149 5780 μαχηταὶ
3181 5698 3270 5754 καὶ
3303 5697 3490 5770 γένους
3518 5691 3768 5767 ἐριτίμου

3928 363 4044 416 272
