4250 6432
150 410 257 465 273

152 534 292 588 7330
336 530 537 591 Πόλεις
570 529 837 604 Θρᾳκικάς
865 522 1130 598 πατρίδας
1160 520 1486 592 κεκτημένοι

339 621 603 694 Ἡροῦντο
636 616 868 670 συνεῖναί
899 634 961 688 γε
989 618 1070 684 τῷ
1101 608 1418 683 Μαρκεσίῳ,

344 707 452 764 Καὶ
483 704 716 774 δυνατὴν
749 701 998 778 σύναρσίν
1028 701 1081 754 o't
1112 697 1498 773 συνεισφέρειν,

346 796 445 850 Καὶ
476 794 797 869 λιπαροῦσιν
833 792 935 846 ὑπὸ
964 787 1107 861 τῶδε
1135 787 1443 862 τυγχάνειν.

344 886 406 942 Ὀ
438 882 486 938 δ’
517 884 580 938 οὐ
610 881 881 956 προσέσχε
910 882 979 952 τῇ
1011 876 1190 946 δεήσει
1222 878 1368 951 σφῶν
1401 870 1571 935 ὅλως,

163 986 306 1041 7335
348 984 435 1050 Μὴ
474 981 663 1055 χρείαν
693 978 868 1053 ἴσχειν
904 976 1200 1054 ῥωμαϊκῶν
1229 972 1519 1047 ταγμάτων

343 1078 412 1126 Ἠ
442 1077 545 1139 τῆς
574 1069 700 1143 παρ’
734 1068 912 1122 αὐτῶν
946 1065 1183 1141 φάμενος
1213 1056 1551 1133 συμμαχίας.

340 1167 428 1221 Ὦς
461 1157 507 1213 δ’
537 1157 709 1212 ἱκέται
740 1155 989 1229 γένοιντο
1019 1154 1105 1207 καὶ
1136 1148 1472 1207 Βαλδουίνου

340 1252 433 1313 Ὦς
463 1251 613 1325 σφίσι
640 1246 702 1300 τὸ
732 1245 1011 1319 πρόθυμον
1045 1242 1155 1315 ἥκῃ
1187 1241 1326 1313 πρὸς
1357 1237 1523 1311 πέρας
1556 1254 1569 1267 ·

342 1340 444 1393 Καί
475 1358 526 1392 τι
560 1330 859 1411 προϐαῖνον
895 1334 1002 1406 οὐχ
1022 1331 1211 1400 ἑώρων
1240 1327 1491 1396 εῗκότων,

156 1431 309 1485 7340
349 1425 677 1499 Προσῆλθον
708 1424 869 1497 ἀρχῷ
899 1422 1112 1479 Μυσίας
1144 1418 1384 1487 Ἰωάννῃ,

347 1516 513 1573 Ἀσάν
543 1512 795 1585 συναίμῳ
825 1510 916 1565 καὶ
948 1509 1155 1581 Πέτρου
1182 1510 1291 1561 τῶν
1320 1504 1371 1573 έξ
1405 1500 1608 1574 Α’ίμου,

346 1601 533 1677 Ἀνδρὶ
566 1604 881 1677 στρατηγῷ,
912 1594 1140 1672 γεννάδᾳ
1170 1592 1451 1666 τολμητίᾳ

347 1693 530 1753 ΙΙάσας
562 1688 929 1767 διαφθείροντι
961 1683 1254 1758 Ῥωμαίων
1287 1680 1481 1741 πόλεις

349 1783 543 1854 Χώρας
571 1800 632 1833 τε
662 1776 859 1837 λοιπὰς
886 1775 1143 1847 κειμένας
1170 1773 1306 1845 πρὸς
1338 1770 1564 1841 έσπέραν

161 1875 310 1929 7315
351 1871 575 1924 Σκυθῶν
609 1864 891 1940 ὁμαιχμίᾳ
916 1885 975 1918 τε
1006 1863 1096 1917 καὶ
1129 1858 1422 1933 συμμαχίᾳ
1450 1876 1464 1889 '

341 1960 443 2021 Ὃς
470 1957 752 2024 λατινικήν
788 1953 1143 2031 ὑφορώμενος
1177 1944 1416 2024 βλάϐην,

340 2047 667 2122 Πρόσφυγας
690 2041 887 2117 ἄνδρας
915 2041 1166 2112 ἀσμένως
1197 2034 1541 2111 δεδεγμένος,

340 2136 485 2211 Πρὸς
513 2134 611 2197 τὰς
638 2134 843 2187 ἑαυτῶν
880 2128 1193 2201 ἀποπέμπει
1224 2122 1512 2197 πατρίδας,

343 2224 577 2286 Τούτοις
606 2222 866 2282 κελεύσας
900 2218 1028 2294 δρᾷν
1058 2240 1111 2272 τι
1140 2216 1307 2271 κακὸν
1336 2212 1597 2272 Λατίνους

159 2328 307 2384 7350
348 2322 465 2381 Οὐκ
494 2320 551 2376 εὖ
580 2321 721 2395 πρὸς
749 2318 908 2374 αὐτὸν
944 2315 1324 2387 διακειμένους
1349 2312 1485 2371 τέως
1520 2329 1534 2342 ·

353 2406 570 2471 Φόϐους
601 2407 650 2463 δ’
678 2408 1017 2468 έπισείοντας
1046 2404 1193 2475 αὐτῷ
1222 2401 1311 2457 καὶ
1348 2400 1549 2475 μάχας,

354 2503 666 2556 Ἐκπτωσιν
700 2499 882 2571 ἀρχῆς
912 2495 1000 2550 καὶ
1034 2492 1315 2548 σκύλευσιν
1348 2485 1631 2563 πατρίδος,

356 2592 422 2647 Et
444 2588 809 2665 προσφέροιτο
845 2586 919 2658 μή
955 2583 1130 2661 σφίσιν
1162 2582 1237 2643 ὡς
1267 2576 1552 2637 δεσπόταις

360 2678 461 2735 Καὶ
490 2678 644 2741 πάνθ’
677 2674 890 2730 ὑπείκοι
920 2678 1039 2733 τοῖς
1065 2671 1192 2745 παρ’
1223 2668 1397 2722 αὐτῶν
1432 2663 1648 2741 ῥᾳδίως.

170 2772 323 2826 2355
361 2770 453 2829 Ὠς
483 2768 574 2821 οὖν
607 2762 877 2833 έπανῆκόν
908 2783 969 2835 γε
997 2761 1132 2836 πρὸς
1155 2758 1249 2819 τὰς
1274 2753 1538 2830 πατρίδας

360 2855 562 2916 Πόλεις
596 2852 815 2913 δυτικάς
848 2851 1080 2910 Αὔσονες
1109 2850 1299 2902 τοῦτον
1330 2844 1557 2918 τρόπον,

357 2947 464 3008 Τάς
490 2948 598 2998 τῶν
634 2945 856 3016 Θρᾳκῶν
887 2960 946 2993 τε
973 2937 1064 2992 καὶ
1092 2932 1423 2992 Μακεδόνων
1453 2930 1649 2990 πόλεις

360 3030 689 3110 Ἀφηνιάσαι
724 3027 893 3104 δρῶσι
926 3024 1168 3081 Λατίνων
1199 3024 1454 3096 κράτους,

360 3126 497 3178 Θεοῦ
528 3121 774 3195 συνάρσει
806 3117 898 3172 καὶ
932 3118 1133 3173 Μυσῶν
1164 3110 1435 3184 συνεργίᾳ,

176 3226 330 3279 7360
368 3218 627 3279 Πολλοὺς
649 3213 873 3272 Ἰταλῶν
903 3211 1362 3285 παραπέμψαντες
1399 3208 1575 3279 μόρῳ,

367 3307 604 3367 Μάλιστ’
635 3304 879 3363 ἐνοίκους
908 3306 1017 3355 τῶν
1050 3296 1294 3371 διδύμων
1327 3294 1555 3369 τειχέων
1588 3313 1600 3327 ⁸

371 3396 483 3458 Οὓς
514 3393 562 3449 δ’
593 3394 657 3448 αὖ
689 3388 930 3470 φυγάδας
961 3388 1039 3449 εἲς
1073 3386 1235 3441 πόλιν
1271 3382 1607 3456 δεδρακότες.

376 3486 473 3539 Καὶ
506 3487 672 3538 τοῦτο
702 3481 933 3555 τοῦργον
966 3476 1249 3543 λατινικῆς
1281 3470 1475 3532 κακίας

374 3572 699 3644 Ἐλευθέραν
730 3566 920 3643 ἔδρασε
948 3571 1122 3620 πᾶσαν
1153 3565 1253 3632 τήν
1285 3564 1424 3629 Ἕω,

192 3668 344 3723 7365
382 3664 528 3738 Πρὸς
556 3664 874 3733 κατεπεῖγον
904 3654 1129 3713 Ἰταλῶν
1163 3648 1533 3724 ὡρμημένων,

384 3736 488 3811 Καὶ
521 3755 654 3827 σφ’άς
685 3751 899 3825 φρονεῖν
936 3743 1128 3818 μέτρια
1153 3740 1336 3810 τίθησι
1366 3736 1501 3798 τέως

382 3841 528 3904 Τοὺς
557 3826 804 3897 Ἑλλάδα
835 3835 998 3905 νῆσόν
1029 3854 1087 3887 τε
1119 3830 1374 3892 Πέλοπος
1399 3826 1549 3898 ξένην

379 3931 618 3991 ’Ὁπλοις
649 3926 869 3988 ἑλόντας
901 3922 993 3979 καί
1023 3919 1531 3997 κατωφρυωμένους
1556 3933 1571 3948 ·

383 4023 534 4090 Πκῆν
563 4015 876 4089 ’Δδριανοῦ,
906 4010 1327 4085 Διδυμότειχον,
1356 4005 1547 4067 πόλεις

194 4115 345 4170 7370
383 4108 673 4168 Κάλλιστα
702 4104 1058 4178 κρατύναντες
1090 4098 1342 4157 Αὐσόνων
1377 4097 1590 4169 στίφος,

386 4202 657 4272 Κατεῖχον
690 4192 855 4255 αὐτάς
896 4187 1333 4264 συμμαχούντων
1360 4186 1450 4240 καὶ
1494 4182 1754 4256 Βλάχων,

387 4289 645 4355 Ἰωάννης
678 4282 736 4339 δὲ
768 4280 1111 4355 συντεταχὼς
1143 4275 1398 4348 δυνάμεις

388 4378 487 4432 Καὶ
522 4370 880 4447 συμμαχίδας
909 4368 969 4424 έκ
1000 4370 1221 4430 Σκυθῶν
1256 4361 1517 4438 μυριάδας

390 4462 647 4533 Σπουδήν
676 4462 839 4526 έτίθει
871 4458 1132 4518 Λατίνους
1166 4454 1478 4523 λεληθέναι.

196 4560 352 4616 7365
392 4554 547 4612 Ἐπεὶ
578 4551 624 4608 δ’
655 4551 1012 4606 ἐπανάστασιν
1046 4543 1304 4601 Αὐσόνων
1343 4542 1505 4613 μάθοι

387 4643 554 4712 Ἀναε
585 4639 809 4698 Ἰταλῶν
843 4634 1179 4694 Βαλδουϊνος
1209 4632 1299 4686 καὶ
1332 4628 1536 4703 δρᾶμα,

391 4729 625 4787 Στέλλει
657 4727 909 4802 στρατιάν
940 4723 1077 4799 πρὸς
1107 4720 1300 4782 πόλεις
1328 4717 1633 4780 ἀποστάσας
1665 4734 1679 4749 ·

386 4824 459 4876 ’Ἡ
495 4821 725 4893 συνέσχε
749 4812 1095 4889 Τζουρουλὸν
1127 4808 1219 4864 σὺν
1247 4807 1413 4881 Βιζύῃ

395 4910 498 4967 Καὶ
528 4908 725 4968 ταύτας
755 4903 980 4972 ὑπέταξε
1012 4898 1251 4955 Λατίνων
1279 4896 1463 4971 κράτει
1494 4910 1512 4931 ο

201 5003 351 5060 7580
388 4994 639 5071 ’Λνδρῶν
671 4995 831 5063 κενὴν
865 4989 911 5046 δ’
943 4989 1141 5065 εὕρηκε
1166 4988 1265 5055 τὴν
1303 4983 1594 5061 Ἀρκαδίου

393 5089 706 5165 Ῥυηφενῶν
736 5104 796 5138 τε
823 5081 913 5137 καὶ
940 5078 1252 5154 περιόπτων
1286 5074 1428 5150 γένει
1466 5094 1478 5107 ·

390 5163 587 5250 Ὀμως
618 5174 826 5237 ἐνόντες
857 5166 1178 5245 ἐκχυθέντες
1207 5168 1304 5235 τῆς
1338 5163 1517 5233 πύλης

395 5266 501 5325 Καὶ
536 5260 944 5338 συμπλακέντες
972 5256 1208 5317 Ἰταλοῖς
1240 5255 1378 5309 κατᾶ
1410 5255 1624 5328 μάχην,

399 5356 709 5433 Τραπέντες
740 5350 1043 5407 ἆωώλοντο
1074 5346 1270 5406 πάντες
1300 5348 1381 5415 τῶ
1412 5342 1572 5420 ξίφει,

212 5451 365 5507 7385
406 5431 594 5502 Quadi
624 5442 870 5500 Λατίνων
905 5434 1138 5493 οὐδένων
1169 5431 1479 5509 εἰληφότων
1506 5452 1519 5463 ·

403 5534 561 5593 Ἀλλ’
596 5530 711 5586 οὐδ’
741 5528 893 5589 ὁσίας
921 5521 1084 5581 τῶνδ’
1115 5518 1278 5596 ἔτυχέ
1304 5542 1385 5582 τις
1413 5518 1578 5581 ὅλως.

403 5627 470 5681 Ἥ
500 5620 545 5678 δ’
576 5621 642 5677 αὖ
673 5641 736 5695 γε
762 5618 935 5684 λοιπή
971 5613 1196 5690 στρατιὰ
1222 5615 1333 5665 τῶν
1362 5608 1607 5665 Λατίνων

406 5716 510 5776 Ἦς
544 5708 881 5771 Βαλδουῖνος
910 5704 1137 5781 ἡγεμὼν
1174 5702 1314 5771 ὑπῆν
1348 5700 1477 5770 ἄναξ

1714 383 2072 443 ΟΒΒΔΒΕΒ.

1838 508 1884 571 Α
1916 503 2192 559 Thracias
2226 501 2400 556 urbes
2430 496 2680 570 patriam
2713 492 3015 558 habentes,

1931 595 1994 647 ut
2023 607 2156 645 cum
2190 586 2530 643 marchiono
2562 584 2815 637 facerent
2846 573 3155 647 stipendia,

1928 678 2179 734 validam
2211 675 2322 748 ipsi
2356 674 2673 729 offerebant
2704 683 2963 739 operam,

1928 770 2173 839 ejusque
2204 762 2447 835 imperio
2480 758 2857 833 postulabant
2886 751 3129 823 obsequi
3166 768 3178 805 :

1928 857 2025 912 ille
2056 864 2247 910 tamen
2280 867 2477 924 preces
2509 863 2751 920 prorsus
2782 843 3041 914 respuit;

1929 962 2034 1001 nec
2066 944 2176 998 sibi
2212 942 2470 996 Romano
2501 952 2648 1007 opus
2680 950 2806 989 esse
2837 930 3026 985 milite

1928 1032 2094 1098 dixit,
2124 1046 2229 1085 nec
2259 1029 2493 1083 illorum
2526 1032 2791 1095 expetere
2822 1018 3061 1074 auxilia.

1930 1132 2110 1187 Iidem
2143 1126 2426 1183 Balduino
2461 1124 2695 1177 fuerunt
2726 1116 3044 1189 supplices,

1930 1222 1980 1277 si
2012 1221 2157 1274 forte
2190 1216 2394 1271 ﬁerent
2422 1212 2536 1267 voti
2569 1209 2662 1265 sui
2693 1210 3029 1278 compotes;

1931 1324 2125 1363 rerum
2157 1321 2291 1359 cum
2322 1319 2425 1373 spe
2460 1301 2763 1354 frustratos
2796 1297 2980 1350 semet
3011 1304 3248 1345 cernere

1933 1399 2004 1453 ad
2036 1394 2249 1451 Moesiae
2280 1391 2604 1462 principem
2634 1387 2921 1441 Joannem
2953 1381 3197 1435 veniunt

1932 1485 2084 1542 Petri
2114 1482 2443 1551 Asanisque
2475 1478 2710 1531 fratrem
2744 1474 2801 1527 in
2834 1476 3029 1525 Haemo
3062 1472 3291 1529 natum,

1931 1575 2209 1631 audacem
2242 1571 2459 1634 virum,
2484 1565 2822 1621 bellatorem
2857 1566 3187 1619 strenuum,

1931 1671 1986 1720 et
2014 1670 2411 1720 Romanarum
2445 1655 2680 1710 urbium
2712 1649 3049 1723 perniciem,

1930 1770 2077 1824 quas
2102 1766 2237 1807 cum
2271 1744 2567 1816 Hesperiis
2595 1740 2859 1797 vastabat
2888 1734 3247 1807 regionibus,

1853 1869 1898 1933 B
1932 1843 2114 1897 fretus
2143 1835 2487 1909 Scytharum
2521 1832 2734 1887 foedere
2766 1832 2823 1883 et
2852 1824 3103 1881 auxiliis.

1930 1944 1985 1998 Is
2016 1944 2077 1994 ut
2111 1936 2331 1993 Latinis
2364 1932 2775 1987 detrimentum
2810 1927 3043 1987 faceret,

1926 2028 2221 2101 supplices
2250 2024 2381 2079 illos
2406 2020 2619 2092 excipit
2646 2018 2897 2072 libenter

1927 2098 2106 2187 inque
2137 2127 2306 2167 suam
2338 2105 2604 2179 singulos
2639 2102 2885 2176 patriam
2920 2098 3196 2163 remittit;

1932 2203 2217 2261 mandans
2249 2203 2312 2254 ut
2341 2196 2573 2252 damnis
2608 2193 2837 2247 Latinos
2869 2189 3188 2251 efficerent,

1932 2309 2080 2365 quos
2112 2290 2223 2346 sibi
2256 2288 2514 2343 infensos
2542 2282 2769 2354 jamdiu
2803 2279 3046 2343 sciebat,

1933 2390 2333 2448 terroremque
2364 2374 2518 2441 belli,
2552 2369 2937 2441 direptionem
2972 2365 3194 2448 patrias,

1937 2480 1991 2527 et
2024 2468 2387 2542 principatus
2413 2465 2708 2535 jacturam
2738 2446 3068 2521 minantes,

1938 2561 2054 2616 nisi
2087 2556 2332 2612 serviret
2362 2551 2615 2607 dominis
2638 2546 2863 2603 Latinis

1932 2648 2220 2718 jussaque
2252 2644 2517 2712 prompto
2551 2637 2762 2691 faceret
2791 2630 3091 2702 obsequio.

1943 2731 2180 2790 Reversi
2211 2731 2268 2784 in
2303 2729 2552 2800 patriam
2582 2724 2820 2788 milites,
2856 2736 3004 2792 quos
3035 2717 3314 2781 diximus,

1942 2822 2190 2880 urbibus
2222 2816 2515 2888 Hesperiis
2544 2811 2919 2881 Thraciaque
2951 2806 3125 2863 simul

1943 2914 2202 2981 itemque
2231 2905 2578 2963 Macedoniae
2611 2904 2928 2956 suaserunt

1948 3006 2013 3057 ut
2043 3017 2076 3054 a
2111 2996 2308 3053 Latino
2338 2991 2582 3064 imperio
2615 2990 2950 3053 deficerent,

1947 3091 2064 3146 Deo
2099 3087 2343 3154 favente,
2375 3082 2572 3138 Mcesis
2605 3076 3051 3135 auxiliantibus.

1953 3179 2128 3236 Italos
2160 3174 2375 3230 multos
2407 3171 2774 3226 demiserunt
2804 3166 2947 3221 Orco

1872 3229 1916 3293 (ἶ

1960 3271 2343 3347 Didymoticbi
2378 3268 2597 3324 incolas
2628 3263 2936 3338 potissimo
2970 3278 2982 3315 :

1955 3365 2099 3421 alios
2130 3359 2469 3433 Byzantium
2504 3357 2818 3425 coegerunt
2848 3352 3068 3421 fugere.

1959 3458 2149 3525 Atque
2178 3450 2297 3505 haec
2327 3447 2512 3503 cades
2546 3444 2751 3500 Latino
2784 3439 3009 3511 flagello

1961 3559 2095 3598 eoas
2126 3541 2297 3596 etiam
2331 3545 2512 3592 terras
2545 3530 2833 3598 liberavit,

1963 3633 2103 3687 dum
2135 3630 2205 3685 ad
2239 3626 2506 3699 graviora
2534 3624 2755 3678 damna
2785 3620 3101 3674 accurrunt
3132 3614 3284 3670 Itali:

1964 3726 2021 3777 et
2050 3718 2223 3776 simul
2256 3716 2390 3771 illos
2421 3711 2805 3767 modestiores
2836 3705 3095 3763 reddidit

1967 3809 2067 3882 qui
2102 3809 2249 3864 fastu
2282 3803 2416 3860 elati
2450 3800 2677 3872 Pelopis
2707 3796 2990 3852 tenebant

1969 3881 2149 3955 armis
2182 3892 2539 3968 provinciam
2573 3902 2848 3959 magnam
2874 3889 3048 3955 atque
3076 3881 3391 3937 Helladem.

1968 3981 2437 4057 Didymoticbum
2470 3976 2648 4033 simul
2681 3980 2738 4030 et
2766 3969 3203 4042 Adrianopolim

1971 4070 2211 4132 Romani
2242 4068 2472 4140 egregio
2501 4064 2776 4136 imposito
2810 4060 3085 4133 praesidio

1971 4160 2393 4221 auxiliantibus
2423 4154 2754 4212 retinebant
2785 4151 3039 4206 Blachis.

1970 4255 2227 4309 Joannes
2260 4252 2454 4303 autem
2488 4242 2870 4300 contrahebat
2896 4239 3094 4309 copias

1975 4350 2147 4412 atque
2178 4335 2511 4393 accersebat
2538 4330 2806 4401 Scythica
2836 4325 3124 4390 subsidia,

1973 4433 2151 4501 idque
2180 4424 2396 4481 Latinis
2426 4421 2575 4477 clam
2612 4420 2855 4475 curabat
2886 4415 3033 4471 fieri.

1973 4528 2081 4583 Sed
2115 4521 2583 4596 conspirantium
2618 4519 3003 4572 Romanorum
3039 4510 3295 4567 motibus

1896 4595 1942 4659 Π
1976 4635 2073 4673 rex
2101 4607 2737 4681 ItalorumEBalduinus
2765 4603 3040 4675 cognitis,

1979 4707 2222 4762 militem
2257 4700 2439 4756 mittit
2471 4698 2543 4753 ad
2576 4693 2822 4751 rebelles
2855 4692 3050 4757 urbes,

1978 4813 2009 4850 a
2042 4810 2157 4867 quo
2190 4807 2322 4847 cum
2357 4787 2527 4860 Byzia
2558 4785 2787 4857 capitur
2810 4779 3126 4846 Tzurulus,

1980 4884 2303 4953 Latinoque
2324 4880 2469 4950 jugo
2502 4882 2751 4945 utraque
2784 4868 3117 4941 subjicitur.

1980 4976 2194 5030 Urbem
2232 4968 2462 5023 Arcadii
2492 4964 2686 5021 cuncti
2721 4961 3103 5016 deseruerant

1982 5066 2137 5120 cives
2169 5058 2418 5133 pecunia
2448 5055 2533 5111 vel
2567 5054 2749 5124 stirpe
2782 5046 3086 5119 conspicui
3120 5062 3134 5100 :

1981 5151 2227 5223 reliquis
2258 5154 2456 5204 tamen
2490 5142 2677 5215 portis
2708 5153 2983 5211 egressus
3016 5133 3270 5208 populus

1983 5256 2242 5315 pugnam
2274 5253 2408 5293 cum
2443 5233 2605 5291 Italis
2640 5228 2847 5285 maluit
2876 5226 3280 5291 committere;

1981 5313 2182 5388 verum
2217 5325 2399 5399 fugati
2434 5338 2638 5380 omnes
2665 5319 2972 5375 caeduntur
3000 5313 3214 5386 gladio,

1983 5424 2125 5477 dum
2163 5419 2500 5473 Latinorum
2537 5412 2697 5465 furor
2730 5406 2915 5480 parcit
2944 5402 3189 5469 nemini,

1987 5528 2051 5565 ac
2086 5526 2156 5565 ne
2187 5503 2439 5577 sepulcri
2475 5501 2711 5570 quidem
2744 5497 2987 5568 gratiam
3022 5491 3249 5546 annuit.

1988 5599 2274 5669 Reliquus
2306 5597 2503 5649 autem
2541 5588 2778 5645 Latinus
2812 5583 3121 5647 exercitus,

1989 5703 2161 5761 quem
2196 5681 2519 5739 Balduinus
2552 5679 2676 5750 ipse
2708 5674 2961 5731 ducebat
2984 5672 3194 5738 Caesar,

3445 358 3546 414 274
