4190 6448
639 418 749 472 275
1848 414 2220 467 ΕΡΗΒΕΜΠ
2265 412 2294 464 C

2406 409 2835 463 .ONOGRAPHI
3940 408 4061 463 276

645 543 716 596 ad
749 539 1112 594 Orestiadem
1146 537 1393 592 contulit
1425 553 1486 591 se
1519 538 1744 602 urbem,

2325 535 2379 599 Α
2588 528 2901 592 Ὀρεστιάδα
2930 526 3309 585 καταλαϐοῦσα
3340 531 3502 585 πόλιν
3516 577 3528 600 ,

651 645 905 698 namque
938 627 1174 682 structis
1204 625 1481 682 obsidens
1513 626 1827 698 aggeribus

2403 620 2545 673 7390
2587 618 2787 682 Ἐκεῖθί
2817 640 2923 673 που
2955 621 3168 694 χάρακα
3203 619 3445 694 βαλοῦσα
3479 619 3646 692 μένει,

654 735 884 774 summo
917 721 1128 770 conatu
1164 716 1464 770 nitebatur
1494 731 1718 787 capere.

2586 706 2801 775 Ταύτην
2845 707 2988 762 ἑλεῖν
3021 706 3322 763 σπεύδουσα
3350 711 3506 762 παντὶ
3540 712 3618 780 τῷ
3646 711 3854 784 τρόπῳ.

655 809 818 862 Tunc
853 805 992 859 urbs
1019 803 1356 875 periclitans
1387 802 1736 871 legationem
1773 801 1947 857 mittit

2586 791 2941 868 Πρεσϐεύεται
2969 801 3097 872 γοῦν
3129 800 3164 866 ἡ
3195 799 3501 870 κακουμὲνη
3534 797 3697 859 πόλις

657 897 728 950 ad
760 893 1140 965 Bulgarorum
1176 892 1497 962 principem
1530 891 1814 946 Joannem

2585 886 2724 959 Πρὸς
2758 884 3010 956 Ἰωάννην
3041 886 3131 940 τὸν
3158 891 3456 960 κρατοῦντα
3486 885 3842 962 ΒουλγάρωνΙ

655 983 917 1038 validum
952 985 1152 1052 petens
1184 980 1440 1033 militum
1475 979 1780 1044 auxilium,

2582 975 2688 1041 Τὴν
2723 971 2951 1043 δυνατὴν
2984 975 3234 1049 σύναρσιν
3267 975 3639 1048 ἐξαιτουμένη,

658 1073 755 1143 qui
792 1089 851 1126 se
883 1071 1258 1141 impendente
1291 1069 1632 1122 discrimine
1664 1071 1930 1140 eriperet.

2407 1064 2548 1118 7395
2587 1062 3059 1136 Ἐπικρεμαμὲνου
3087 1084 3146 1118 τε
3175 1062 3426 1118 κινδύνου
3460 1065 3633 1121 λύσιν.

656 1161 757 1215 Ille
789 1161 1038 1214 libenter
1068 1156 1412 1227 legationem
1444 1157 1633 1211 audiit
1664 1173 1678 1210 :

2587 1153 2646 1208 Ὁ
2678 1148 2722 1204 δ’
2754 1152 2996 1223 ἀσμένως
3031 1149 3245 1206 δέδεκτο
3275 1147 3560 1224 πρεσϐείας
3593 1152 3792 1228 λόγους
3825 1173 3839 1189 ·

656 1265 910 1319 cumque
941 1247 1309 1302 auxiliarium
1341 1247 1575 1317 agmine
1601 1245 1947 1317 Scytharum

2590 1241 2688 1296 Καὶ
2724 1240 3076 1314 συμμαχικὸν
3109 1241 3359 1304 σκυθικὸν
3389 1239 3575 1295 λαϐὼν
3610 1243 3797 1304 στίφος

657 1338 972 1393 exercitum
1010 1336 1280 1390 Latinum
1312 1339 1546 1405 repente
1579 1351 1915 1406 aggressus,

2588 1330 3054 1392 Ἐπεισπεπαικὼς
3082 1329 3302 1386 Ἰταλῶν
3334 1335 3545 1403 στρατῷ
3576 1329 3769 1404 λάθρα,

655 1429 714 1481 in
750 1428 948 1497 fugam
985 1441 1218 1478 versum
1253 1424 1487 1494 penitus
1529 1423 1773 1491 devicit;

2587 1419 2795 1472 Τοῦτον
2825 1422 3127 1490 τροποῦται
3156 1418 3246 1472 καὶ
3276 1424 3400 1489 νικᾷ
3430 1420 3566 1473 κατά
3594 1419 3792 1492 κράτος
3823 1439 3835 1453 ⁸

658 1515 928 1586 cepitque
959 1515 1153 1568 vivum
1188 1512 1543 1566 Balduinum
1571 1512 1883 1580 Caesarem,

2409 1506 2553 1560 7400
2590 1511 2797 1581 Ζωγρεῖ
2825 1526 2882 1561 τε
2911 1506 3000 1560 καὶ
3033 1511 3179 1582 σφῶν
3207 1507 3442 1582 κράτορα
3469 1506 3803 1564 Βαλδουῖνον

661 1693 973 1767 permultis
995 1693 1272 1763 juvenem
1305 1695 1578 1746 ornatum
1615 1691 1949 1764 virtutibus,

2592 1687 2863 1757 Κομῶντα
2892 1683 3132 1747 πολλαῖς
3164 1685 3368 1762 ἀρετῶν
3400 1686 3629 1755 νεανίαν,

662 1785 764 1838 sed
792 1781 1143 1838 castimonia
1176 1781 1234 1837 in
1267 1779 1473 1852 primis
1503 1797 1568 1835 ac
1590 1779 1844 1849 justitia,

2593 1771 2842 1828 Μᾶλιστα
2872 1777 3056 1827 πασῶν
3086 1774 3408 1851 σωφροσύνῃ
3440 1776 3530 1830 καὶ
3554 1774 3701 1850 δίκῃ,

667 1878 729 1927 ut
760 1889 887 1927 mea
917 1870 1184 1941 superior
1217 1868 1412 1923 retulit
1444 1868 1717 1936 historia;

2336 1904 2383 1968 B
2591 1864 2678 1923 Ὡς
2710 1863 2843 1939 φθὰς
2871 1863 3266 1938 προϊστόρησεν
3300 1864 3490 1919 ἀνόπιν
3521 1863 3690 1939 λόγος
3723 1887 3737 1904 ·

662 1978 838 2032 quem
871 1960 969 2014 diu
1003 1957 1252 2013 Ternobi
1283 1974 1509 2013 carcere
1535 1958 1861 2028 detentum,

2336 1949 2383 1968 ³³
2591 1952 2792 2025 ’Ὁνπερ
2823 1951 3103 2026 καθείρξας
3137 1954 3340 2027 μακρὸν
3374 1952 3425 2006 ἐν
3454 1958 3534 2025 τῷ
3563 1949 3813 2028 Τρινόϐῳ

661 2051 1102 2118 exercitumque
1135 2047 1406 2119 plurimis
1438 2047 1816 2114 cruciatibus,

2414 2045 2555 2097 7405
2595 2041 2799 2115 Δράσας
2826 2061 2885 2095 τε
2915 2038 3064 2093 δεινά
3096 2039 3263 2115 μυρία
3291 2042 3669 2115 κακοτρόπως,

658 2139 912 2210 denique
946 2136 1280 2191 miserando
1314 2135 1601 2206 supplicio
1634 2135 1821 2191 affecit

2596 2131 2765 2202 Πέρας
2797 2125 3167 2184 καθυπὲϐαλεν
3203 2131 3411 2207 οἰκτρῷ
3445 2134 3657 2202 θανάτῳ

661 2227 1087 2299 1)Γέυοίρὶῐῖιίυῐη
1124 2225 1371 2295 rupibus
1401 2224 1731 2279 altissimis.

2599 2221 2723 2273 Κατ’
2754 2214 3035 2288 ἠλιϐάτων
3069 2218 3510 2292 κατακρημνίσας
3543 2220 3748 2277 τόπων.

662 2321 800 2371 Post
827 2316 980 2370 hunc
1013 2313 1232 2368 Latinis
1267 2313 1514 2384 imperat
1545 2313 1802 2386 Byzantii

2596 2309 2725 2363 Μεθ’
2759 2309 2815 2363 ὃν
2847 2315 3146 2383 κραταρχεῖ
3177 2307 3413 2365 Λατίνων
3446 2314 3550 2363 τῶν
3585 2310 3636 2363 ἐν
3668 2308 3827 2364 πόλει

665 2405 937 2461 Balduini
971 2405 1150 2458 frater
1181 2403 1417 2457 nomine
1450 2403 1670 2471 Ericus,

2601 2396 2807 2466 Κλῆσιν
2832 2396 3035 2472 Ἐῥρἧς
3067 2397 3330 2470 σύναιμος
3361 2395 3434 2452 ὢν
3468 2395 3834 2468 ΒαΛδουΐνου,

665 2496 754 2549 vir
786 2494 932 2548 comi
968 2499 1226 2564 aspectu,
1260 2490 1517 2546 subditis
1549 2491 1873 2561 benivolus,

2421 2490 2564 2543 7410
2604 2485 2773 2560 ’Δνὴρ
2806 2483 3020 2560 ἱλαρὸς,
3055 2486 3285 2558 εύμενής
3316 2487 3602 2558 ὑπηκόοις,

666 2591 722 2639 et
752 2581 929 2638 simul
965 2581 1130 2636 fortis
1162 2582 1277 2635 dux
1305 2586 1362 2634 et
1395 2580 1719 2648 animosus,

2603 2577 2746 2649 Πρὸς
2780 2572 2837 2628 δὲ
2868 2576 3172 2650 στρατηγὸς
3208 2575 3486 2644 εὐσθενής,
3517 2575 3852 2648 τολμητίας,

669 2677 842 2743 atque
876 2672 944 2725 ad
978 2671 1217 2724 ciendas
1247 2685 1475 2741 pugnas
1508 2670 1942 2741 paratissimus.

2603 2663 2936 2743 Ὀξύρῥοπός
2964 2684 3023 2718 τε
3052 2665 3188 2738 πρὸς
3224 2663 3406 2738 μάχας
3434 2663 3748 2719 ἀντιπάλων

668 2763 773 2817 Ηὶο
803 2761 1008 2817 habuit
1039 2760 1265 2815 Graecos
1299 2760 1515 2816 milites
1548 2761 1923 2830 fortissimos,

2604 2754 2705 2810 Καὶ
2737 2754 3071 2828 στρατιώτας
3101 2751 3353 2827 γεννάδας
3386 2753 3709 2828 ῥωμαλὲους

668 2871 816 2926 quos
842 2854 988 2907 bene
1019 2852 1309 2906 instructo
1341 2852 1576 2922 agmine
1607 2853 1876 2920 ducebat,

2604 2841 2883 2913 Ἕλληνας
2915 2840 3108 2917 ἄνδρας
3138 2844 3598 2916 συντεταγμένους
3631 2840 3796 2917 ἄγων,

669 2941 1091 3013 triumphalem
1128 2940 1470 3012 phalangem
1506 2949 1560 2995 et
1590 2942 1888 2998 selectam.

2424 2937 2565 2993 7415
2604 2931 2923 2988 Ἐπίλεκτον
2958 2930 3210 3009 φάλαγγα
3239 2933 3328 2986 καὶ
3359 2933 3678 3010 νικηφόρον.

669 3033 826 3087 Idem
861 3045 1012 3101 saepe
1044 3045 1279 3100 gravem
1315 3019 1450 3084 belli
1484 3030 1625 3086 lusit
1654 3031 1836 3087 aleam

2604 3027 2775 3088 Οὗτος
2808 3025 2996 3099 μάχης
3027 3022 3202 3085 αἷ¹τιος
3231 3018 3385 3100 ὤφθη
3419 3023 3692 3085 πολλάκις

665 3137 799 3176 cum
835 3125 1229 3174 Romanorum
1265 3119 1528 3190 principe
1561 3121 1860 3185 Lascareo,

2602 3120 2718 3169 Τῶν
2750 3113 2999 3170 Αὐσόνων
3034 3115 3219 3173 ἄνακτι
3250 3117 3329 3184 τῷ
3362 3113 3687 3188 Λασκαρίῳ,1

668 3213 1018 3279 nostrasque
1050 3208 1222 3262 urbes
1254 3208 1491 3278 cepit‘et
1522 3211 1875 3280 provincias,

2352 3269 2386 3280 κ
2605 3206 2701 3260 Καὶ
2734 3211 2881 3279 σφῶν
2911 3207 3285 3277 παρεστήσατο
3319 3205 3504 3279 χώρας
3535 3205 3623 3259 καὶ
3654 3205 3845 3269 πόλεις

669 3298 849 3354 animi
885 3269 1226 3352 fortitudine
1258 3269 1798 3368 et-copia.militum
1835 3269 1874 3354 τ’

2347 3269 2388 3334 C
2607 3269 2812 3365 Πλήθει
2845 3269 3098 3368 στρατιᾶς
3127 3269 3217 3348 καὶ
3466 3294 3747 3370 προθυμίᾳ
3779 3315 3791 3330 ·

669 3388 947 3443 Lentiana
980 3401 1187 3456 nempe
1219 3386 1423 3440 urbem
1459 3404 1522 3442 ac
1555 3387 1953 3456 Pcemaneum,

2429 3388 2571 3441 7420
2610 3384 2871 3439 Λεντιανά
2894 3404 2970 3454 τε,
3006 3384 3355 3456 Ποιμανηνὸν
3383 3383 3481 3446 τὰς
3507 3382 3701 3444 πόλεις

674 3477 933 3547 Ochyras
966 3491 1198 3545 quoque
1231 3475 1412 3529 armis
1444 3478 1739 3545 superavit
1773 3494 1785 3530 :

2609 3473 2714 3529 Καὶ
2744 3475 2839 3536 τὰς
2870 3473 3112 3547 Ὀχυρὰς
3141 3474 3560 3547 καταπορθήσας
3595 3473 3749 3547 μάχῃ
3784 3491 3797 3504 ·

674 3566 891 3638 quibus
921 3565 977 3619 in
1012 3564 1433 3618 certaminibus
1465 3569 1585 3620 tres
1616 3567 1913 3636 perierunt

2611 3564 2737 3625 Καθ’
2763 3564 2823 3629 ἣν
2854 3561 3009 3636 τριὰς
3042 3559 3254 3616 ὄλωλεν
3287 3561 3497 3635 ἀνδρῶν
3529 3567 3610 3633 τῷ
3642 3561 3803 3640 ξίφει,

671 3655 976 3710 nobilitate
1007 3657 1063 3707 et
1093 3653 1303 3723 opibus
1335 3652 1598 3724 insignes
1625 3654 1750 3720 viri,

2610 3655 2956 3727 ΙΙανευγενῶν
2987 3672 3046 3711 τε
3074 3652 3164 3705 καὶ
3196 3651 3506 3725 περιόπτων
3543 3653 3673 3726 βίῳ,

669 3742 1061 3799 Dermocrites
1093 3741 1193 3812 qui
1230 3741 1350 3795 dux
1380 3747 1503 3797 erat
1531 3744 1857 3812 exercitus;

2611 3751 2709 3817 Δερ
2721 3739 2986 3814 μοκαΐτης
3019 3742 3239 3814 ἡγεμὼν
3274 3741 3713 3815 στρατευμάτων,

669 3837 726 3888 et
759 3831 1122 3886 Andronicus
1154 3836 1324 3900 gente
1357 3830 1717 3903 Palmologus

2430 3836 2573 3889 7425
2611 3829 3011 3903 Παλαιολόγων
3044 3827 3392 3904 Ἀνδρόνικος
3422 3828 3482 3883 ἐκ
3505 3827 3695 3901 γένους

671 3921 766 3976 cui
800 3918 1010 3991 nuptui
1043 3917 1233 3972 Caesar
1265 3921 1489 3973 lrenem
1524 3921 1848 3977 tradiderat

2613 3916 2867 3995 Γαμὸρὸς
2894 3923 3220 3993 κρατοῦντος
3249 3917 3326 3980 εἰς
3357 3918 3599 3990 Εἰρήνην
3629 3917 3915 3994 τυγχάνων

672 4011 953 4080 majorem
990 4013 1125 4062 natu
1162 4008 1343 4062 ﬁliam
1377 4014 1433 4063 et
1460 4009 1904 4078 charissimam;

2613 4012 2728 4078 Τήν
2761 4005 3118 4082 πρωτόπαιδα
3149 4007 3414 4085 φιλτάτην
3447 4008 3751 4082 Θυγατὲρων
3786 4025 3801 4040 ο

675 4099 930 4168 denique
964 4115 1120 4151 unus
1152 4113 1182 4150 e
1210 4098 1456 4151 Caesaris
1491 4099 1788 4154 fratribus.

2615 4098 2760 4171 Πρὸς
2789 4096 2973 4151 τοῖσδε
3000 4093 3164 4150 τοῦδε
3192 4097 3282 4150 καὶ
3315 4096 3493 4172 φίλων
3526 4096 3601 4157 εἷς
3632 4096 3936 4170 συγγόνων.

679 4187 933 4259 Byzantii
965 4185 1280 4257 imperium
1313 4186 1597 4240 retinente
1627 4187 1821 4242 Errico

2616 4185 2781 4262 Ἒῤῥῆ
2814 4190 3142 4260 κρατοῦντος
3169 4183 3334 4239 τοῦδε
3361 4192 3461 4254 τῆς
3494 4183 3895 4240 Κωνσταντίνου

679 4275 924 4331 Latinus
956 4275 1198 4345 quidam
1231 4273 1500 4346 Pelagius
1532 4275 1871 4346 cardinalis,

2434 4279 2578 4333 7430
2617 4273 2884 4349 Πελάγιός
2913 4295 2995 4336 τις
3024 4273 3328 4349 ἀρχιθῦτης
3359 4274 3597 4328 Λατίνων

678 4367 856 4420 homo
882 4365 1250 4428 temerarius,
1285 4369 1651 4435 contemptor
1681 4364 1902 4436 legum,

2617 4354 2963 4430 Θερμουργὸς
2998 4356 3158 4428 ἀνὴρ,
3195 4353 3505 4428 ὑπερόπτης
3524 4359 3633 4408 τῶν
3664 4355 3848 4424 νόμων
3884 4352 4035 4424 (78),

683 4472 715 4510 a
744 4469 896 4525 papa
927 4452 1148 4507 missus
1182 4452 1237 4505 in
1275 4453 1493 4524 regiam
1529 4453 1898 4524 metropolim

2618 4445 2763 4518 Πρὸς
2796 4443 2948 4498 πάπα
2977 4443 3243 4520 πεμφθεὶς
3270 4443 3344 4504 εἰς
3377 4443 3540 4500 πόλιν
3574 4439 3849 4518 βασιλίδα,

682 4549 965 4613 tanquam
998 4543 1228 4612 legatus
1259 4558 1404 4596 suus
1435 4545 1492 4595 et
1526 4559 1796 4598 summus
1829 4545 2065 4615 praesul,

2620 4535 2708 4595 Ὠς
2740 4534 3125 4606 ποιμενάρχης
3158 4533 3247 4586 καὶ
3281 4532 3502 4605 λεγάνος
3531 4535 3628 4586 τοῦ
3658 4532 3831 4598 πάπα,

685 4634 864 4703 digna
895 4632 1165 4686 mittente
1196 4647 1511 4702 aggressus
1543 4633 1928 4700 committere,

2365 4651 2411 4714 D
2622 4623 2968 4694 Ἐνημμὲνος
3002 4618 3185 4675 δίκαια
3211 4625 3309 4676 τοῦ
3341 4621 3722 4697 πεπομφότος,

688 4720 1006 4777 monachos
1039 4736 1244 4775 omnes
1275 4725 1451 4790 atque
1481 4722 1837 4788 sacerdotes,

2365 4709 2401 4714 ⁷
2454 4714 2587 4768 7435
2627 4710 2829 4772 Πάντας
2861 4709 3174 4780 Θυηπόλους
3205 4731 3264 4764 τε
3292 4710 3382 4764 καὶ
3418 4710 3797 4782 μονοτρόπους

688 4816 974 4882 quotquot
1007 4809 1340 4864 incolebant
1368 4809 1854 4880 Constinopolim,

2624 4801 2932 4875 Οἲκήτορας
2969 4797 3158 4874 ἔδρασε
3187 4806 3284 4869 τῆς
3319 4798 3729 4856 Κωνσταντῖνου

688 4900 865 4971 ccspit
890 4915 1093 4954 vexare
1121 4903 1178 4953 et
1207 4900 1539 4954 carceribus
1569 4898 1840 4955 claudere

2626 4888 2889 4945 Πάνδεινα
2917 4890 3054 4944 κακὰ
3082 4889 3172 4943 καὶ
3198 4888 3490 4962 καθείρξεις
3524 4884 3758 4949 ἀτόπους

692 4992 764 5046 ob
797 4994 1171 5044 controversa
1203 4989 1479 5059 dogmata
1510 4988 1811 5059 ritusque;

2627 4979 2803 5053 Χάριν
2835 4979 2969 5043 ἐθῶν
2994 5000 3053 5033 τε
3083 4977 3378 5052 δογμάτων
3407 4972 3734 5054 ἀμφιϐόλων
3769 4993 3782 5010 ⁸

693 5096 867 5151 quam
904 5095 1024 5131 rem
1058 5082 1294 5149 gravate
1320 5093 1588 5148 aegreque
1621 5078 1885 5134 ferebant
1915 5079 2092 5146 cives,

2628 5072 2692 5126 *Ο
2722 5067 2788 5138 δὴ
2824 5068 3001 5139 λύπην
3033 5067 3254 5144 ἤνεγκεν
3288 5073 3472 5129 ἀστοῖς
3499 5066 3590 5122 καί
3625 5068 3813 5142 βάρος,

697 5168 1014 5242 praesertim
1047 5167 1358 5237 optimates
1389 5184 1454 5221 ac
1487 5172 1785 5222 senatores
1823 5187 1835 5224 :

2452 5162 2593 5217 6440
2633 5158 2886 5215 Μάλιστα
2909 5164 3027 5220 τοῖς
3049 5157 3356 5234 προῦχουσι
3388 5157 3479 5212 καὶ
3507 5163 3627 5220 τοῖς
3659 5155 3710 5212 ἐν
3742 5152 3891 5212 τὲλει
3930 5174 3941 5186 ·

693 5259 793 5330 qui
826 5258 1089 5312 Erricum
1124 5258 1406 5312 adeuntes
1440 5258 1853 5328 imperatorem

2630 5249 2697 5304 Οἳ
2729 5247 2867 5323 πρὸς
2899 5248 2988 5302 τὸν
3020 5247 3217 5323 Ἐῥρῆν
3250 5249 3342 5302 τὸν
3372 5247 3658 5322 κρατοῦντ’
3689 5243 3985 5321 ἀφιγμένοι

695 5349 849 5404 mala
880 5365 1122 5402 suorum
1151 5349 1530 5418 deprecantes
1561 5347 1868 5418 gentilium

2634 5341 2890 5405 ᾚτοῦντο
2921 5335 3075 5391 λύσιν
3111 5335 3392 5410 δυσχερῶν
3424 5341 3542 5391 τοῖς
3573 5333 3855 5412 φυλάταις,

698 5439 806 5492 hoc
841 5437 929 5491 usi
963 5443 1102 5492 sunt
1133 5453 1403 5491 sermone
1435 5437 1796 5491 confidenter
1829 5455 1841 5492 :

2637 5427 2732 5481 Καὶ
2762 5425 2877 5481 τάδ’
2906 5425 3248 5500 ἐπιλέγοντες
3280 5425 3332 5480 ἐν
3364 5423 3644 5500 παρῥησίᾳ
3675 5443 3687 5456 ’

696 5528 835 5592 Nos,
869 5528 1208 5598 imperator,
1237 5543 1300 5580 ex
1333 5526 1524 5580 aliena
1554 5531 1725 5597 gente

2636 5519 2724 5580 Ὠς
2757 5515 2886 5588 Πρὶν
2924 5517 3019 5588 μὶν
3053 5518 3216 5588 ἡμεῖς
3249 5512 3574 5583 ἀλλοδαπῆς
3608 5513 3668 5568 ἐκ
3697 5508 3914 5581 φύτλης

772 5747 884 5816 (78)
917 5747 1104 5802 Verba
1133 5747 1275 5800 sunt
1304 5740 1667 5797 schismatici
1700 5740 1957 5796 hominis
1990 5745 2046 5796 et
2074 5757 2106 5796 a
2137 5739 2454 5811 pontificiis
2483 5737 2747 5810 partibus
2779 5734 2975 5791 alieni.
