4250 6432
182 376 291 429 2⁷⁷
1714 378 2082 434 caunas.

178 500 321 554 7445
363 497 600 567 Φύντες,
635 497 883 571 βασιλεῦ,
914 499 1003 552 καὶ
1033 506 1210 571 νομῆς
1243 500 1529 575 ἄλευθίρας

368 584 605 648 *Αλλοις
646 587 695 641 τ’
724 585 935 659 ἆθίμοις
966 588 1096 662 παρ’
1127 589 1269 661 ὑμᾶς
1290 590 1650 665 κεχρημένοι.

367 678 480 729 Σοῦ
507 674 656 743 πλὴν
691 673 906 739 ὶκόντες
937 675 1275 751 ὑπετάγημεν
1308 677 1519 753 κράτει·

366 764 472 820 Καὶ
508 766 825 836 σωματικὴν
857 763 1083 820 ἰκτίνειν
1119 766 1433 842 ὑπουργίαν,

363 852 443 911 Ού
475 854 848 926 πνευματικὴν
879 855 1125 929 ψυχικὴν
1152 855 1461 925 κοινωνίαν,

180 954 325 1007 7450
368 952 549 1023 Ἥμὶς
575 953 1004 1025 παρεσχήκαμεν
1036 951 1234 1015 αύτούς
1264 973 1349 1008 σοι
1377 954 1544 1027 τάχα.

362 1041 434 1096 Ἠ
466 1044 599 1114 γοῦν
628 1039 697 1097 τὰ
726 1037 878 1094 δεινὰ
907 1037 1074 1094 λῦσον
1106 1043 1241 1113 ἡμῖν
1268 1042 1486 1110 εύθίως,

366 1134 440 1183 "H
472 1128 660 1202 χειρὸς
692 1126 969 1182 ἀπόλυσον
993 1129 1068 1189 ὡς
1100 1127 1417 1203 ἐλευθέρους

362 1214 821 1292 ΙΙαλινδρομῆσαι
852 1217 989 1292 πρὸς
1016 1219 1193 1290 νομὰς
1220 1223 1329 1273 τῶν
1364 1216 1644 1274 Αὐσόνων.

355 1308 542 1361 Ταῦτα
573 1303 840 1367 Βασιλεὺς
873 1304 1115 1378 εὐμενῶς
1148 1304 1491 1383 δεδεγμένος,

180 1398 327 1451 7455
366 1395 467 1449 Καὶ
501 1393 773 1469 Πελαγίου
798 1394 865 1467 μὲ
895 1393 1148 1458 θίλοντος
1181 1394 1433 1471 λεγάτου,

359 1485 475 1552 Τήν
510 1486 792 1559 συμφορὰν
828 1481 1025 1538 λέλυκε
1052 1490 1169 1545 τοῖς
1200 1496 1638 1560 καθειργμενοις⁷

360 1571 658 1642 Δεσμώτας
688 1571 845 1648 ἀφείς
869 1572 958 1626 καὶ
988 1575 1123 1634 νεὼς
1157 1574 1354 1648 βατοὺς
1377 1573 1556 1638 ὅλοις.

362 1663 548 1717 Ταῦτα
583 1660 679 1733 μὶν
712 1660 857 1714 οὕτω
888 1656 1233 1733 συμϐέϐηκεν
1265 1662 1319 1717 ἰν
1350 1661 1534 1722 πόλει·

358 1749 498 1821 Εἶμι
530 1746 588 1803 δὶ
620 1749 814 1805 λοιπὸν
848 1750 984 1824 πρὸς
1012 1756 1344 1824 κρατοῦντας
1386 1752 1661 1820 Αὐσόνων,

175 1841 324 1894 7460
366 1839 466 1892 Καὶ
493 1838 561 1892 τὰ
590 1839 729 1893 κατὰ
759 1844 893 1913 σφᾶς
922 1839 1201 1912 ἱστορήσω
1230 1845 1309 1912 τῷ
1339 1840 1511 1917 λόγῳ.

356 1928 447 1989 Ὠς
480 1924 571 1980 οὗν
603 1925 750 1984 ἰάλω
779 1932 897 1988 τοῖς
931 1925 1164 1991 Ἰταλοῖς
1193 1931 1228 1997 ἡ
1260 1929 1447 1997 πόλις,

355 2012 641 2088 Θεόδωρος
676 2015 772 2087 μὶν
805 2016 834 2070 ὁ
869 2017 1145 2092 Λάσκαρις
1173 2018 1479 2089 τούπίκλην

357 2106 462 2160 ’ον
493 2099 742 2178 γαμϐρὸν
775 2102 1039 2179 δγνώρισε
1068 2112 1398 2179 κρατοῦντος
1430 2107 1592 2183 λόγος

359 2194 572 2268 Ἀπῆρε
599 2193 850 2270 προφθὰς
884 2191 1051 2258 τῆσδε
1080 2194 1173 2248 σὺν
1203 2196 1494 2271 ὁμοζύγῳ,

178 2284 327 2339 7465
367 2282 469 2336 Καὶ
499 2278 825 2339 καταλαϐὼν
854 2285 953 2351 τήν
986 2285 1227 2365 Νικαέων
1251 2284 1414 2340 πόλιν

354 2372 671 2444 Ὁμευνὲτιν
703 2371 936 2448 φίλτατα
964 2371 1088 2447 τῇδ’
1118 2373 1402 2449 ἐνεισάγειο

355 2460 533 2522 Αὐτὸς
567 2457 623 2515 δὶ
655 2465 901 2531 Προῦσαν
948 2463 1132 2537 χωρία
1160 2465 1218 2517 τὶ
1242 2463 1301 2518 τὶ
1331 2466 1485 2540 πέριξ

362 2547 689 2623 Περιπολῶν
725 2546 903 2610 ἄλλας
931 2571 989 2604 τε
1018 2549 1211 2623 κώμας
1239 2553 1331 2606 καὶ
1363 2551 1578 2625 πόλεις,

364 2636 517 2709 Τῷδ¹
547 2637 753 2692 εὐνοεῖν
787 2637 966 2702 ἔπειθε
994 2638 1156 2695 τάσδε
1184 2646 1301 2703 τοῖς
1328 2639 1537 2718 λόγοις,

176 2739 325 2792 7470
366 2735 471 2793 Καὶ
502 2730 648 2789 τόνδ’
678 2731 825 2811 ἔχειν
859 2734 1056 2792 ἄνακτα
1082 2736 1349 2808 δεσπότην
1387 2740 1575 2812 μόνον·

374 2824 472 2879 Καὶ
501 2829 612 2879 τῶν
643 2824 782 2879 κατά
801 2830 927 2879 νοῦν
960 2824 1209 2889 ούδόλως
1237 2829 1557 2905 ἆμαρτάνιι’

360 2912 585 2968 Πολλοῦ
614 2916 718 2987 γὰρ
751 2910 911 2969 οὔπω
933 2913 1389 2991 παραδραμόντος
1420 2919 1630 2994 χρόνου

374 3003 706 3061 Καϐίσταται
730 3000 797 3072 δὴ
844 3003 1099 3078 βασιλεύς
1132 3005 1488 3082 αὐτοκράτωρ

376 3092 526 3167 Πρὸς
556 3091 940 3166 ποιμενάρχου
972 3094 1211 3168 Μιχαὴλ
1246 3096 1562 3169 pecuniae;

178 3184 329 3238 7475
367 3183 526 3254 Ἀρτι
559 3175 827 3241 λαόόντος
852 3182 952 3251 τὴν
986 3178 1096 3236 λεὼ
1126 3182 1441 3259 προεδρίαν,

365 3272 452 3344 Τῇ
485 3269 746 3345 βασιλικῇ
775 3276 1087 3337 ταινιωθεῖς
1114 3273 1308 3345 ταινίᾳ,

372 3360 648 3434 Λάσκαρις
678 3358 822 3417 οὕτω
860 3360 1114 3435 βασιλεὺς
1146 3359 1495 3437 δεδειγμίνος

374 3446 575 3525 Σφόδρ’
608 3447 935 3524 άῤῥενωπῶς
965 3452 1299 3526 πραγμάτων
1333 3454 1695 3530 κραταρχίας,

374 3540 447 3595 Ἥ
482 3536 695 3610 μᾶλλον
731 3538 901 3594 εἴπεῖν
943 3538 1264 3613 βασιλικῶς,
1298 3545 1550 3615 ἡμμένος

187 3630 339 3683 7480
375 3626 592 3696 Ταύτην
623 3624 853 3697 διεῖπεν,
885 3627 1128 3703 ἀντίχων
1158 3637 1295 3705 πρὸς
1327 3630 1615 3696 κινδύνους

373 3716 573 3791 Μάχας
603 3736 662 3771 τε
692 3714 871 3779 δεινὰς
896 3717 993 3779 τὰς
1022 3718 1161 3794 πρὸς
1195 3719 1431 3796 ἰχθροὺς
1471 3722 1753 3788 Λατίνους·

379 3808 539 3878 Ἀναε
571 3806 773 3880 ἀγαθὸς
802 3808 893 3861 καὶ
924 3808 1227 3884 στρατηγὸς
1259 3809 1543 3884 γεννάδας,

380 3894 719 3972 Ὀξύρῥοπός
742 3916 802 3951 τε
829 3897 967 3971 πρὸς
1000 3897 1182 3973 μάχας
1212 3899 1300 3954 καὶ
1332 3899 1638 3972 κινδύνους,

376 3985 742 4059 ἰ’περμαχῶν
774 3985 851 4047 ὡς
880 3987 1139 4061 κράτιστα
1167 3995 1270 4057 τῆς
1300 3992 1657 4068 κραταρχίας,

185 4085 339 4139 7405
376 4081 795 4158 Ἀπορῥαπίζων
825 4083 943 4138 ἐνὸν
974 4086 1219 4159 ποίμνης
1244 4086 1472 4157 λύκους,

377 4173 615 4247 Φρικτὸς
651 4172 755 4245 μὰν
784 4171 1029 4248 ἐχθροῖς,
1063 4177 1269 4251 ἥμερος
1303 4174 1349 4231 δ’
1380 4177 1669 4250 ὑπηκόοις,

377 4260 591 4337 Μικρὸς
619 4261 683 4319 τὸ
708 4261 894 4334 σῶμα,
924 4261 1072 4332 πλὴν
1110 4266 1371 4341 μαχητὴς
1402 4265 1456 4321 ὶν
1491 4267 1724 4343 pham,

380 4351 494 4409 Ἀεὶ
526 4350 851 4424 στρατεύων,
875 4353 993 4416 κατ’
1025 4351 1240 4427 ἂχθρων
1268 4359 1433 4410 κινῶν
1467 4354 1621 4432 δόρυ,

376 4436 583 4511 Λῦξων,
615 4438 904 4500 πλατύνων
935 4441 1068 4504 τοὺς
1099 4441 1263 4518 ὅρους
1291 4449 1400 4499 τῶν
1434 4445 1716 4518 Αὐσόνων,

188 4530 341 4586 749Ιι
381 4529 477 4582 Καὶ
512 4525 821 4601 Ῥωμαῒδος
854 4526 1255 4604 ἀναλαμϐάνων
1287 4532 1506 4606 πόλεις,

376 4617 730 4695 Ἐλευφερῶν
760 4640 819 4674 τε
849 4616 1013 4674 τάσδε
1041 4628 1141 4690 τῆς
1169 4621 1484 4697 τυραννίδος

375 4704 615 4770 ’Ὀολοις
646 4709 996 4785 στρατηγίαις
1026 4730 1084 4765 τε
1112 4712 1202 4765 καὶ
1230 4713 1418 4788 μάχης
1449 4713 1626 4787 νόμῳ.

382 4795 707 4865 Φίλοικτος,
736 4798 1100 4872 εύίντευκτος,
1132 4796 1515 4877 εὕσπλαγχνος
1544 4804 1705 4874 πάνυ,

382 4882 777 4953 Μεταδοτικὸς,
810 4885 1149 4965 φιλοδωρίας
1178 4890 1360 4966 χάρις,

193 4986 345 5041 7495
386 4984 727 5057 Καθειμίνον
751 4987 953 5060 γένειον
980 4986 1059 5051 είς
1084 4986 1222 5062 μέγα
1252 4989 1452 5066 φέρων,

386 5073 564 5145 (besse
598 5072 947 5149 μελάγχρους
975 5076 1212 5149 μετρίως
1246 5078 1309 5133 οὐ
1326 5081 1462 5154 πρὸς
1497 5078 1685 5155 βάθος,

385 5162 637 5231 Ἔρωτος
664 5162 868 5234 ἥττων,
900 5162 1256 5239 ἀφροδισίων,
1287 5167 1489 5243 χόλου,

387 5250 652 5325 Μακροὺς
679 5252 912 5318 ἀνατλὰς
934 5253 1220 5319 κινδύνους
1250 5257 1339 5311 καὶ
1368 5258 1644 5332 καμάτους

383 5343 476 5398 Ἐν
507 5346 627 5403 ταῖς
657 5344 773 5397 κατ’
803 5341 1018 5416 ἐχθρῶν
1053 5342 1358 5421 δυσμάχοις
1391 5347 1654 5424 ἀγωνίαις

204 5434 354 5489 7500
394 5431 563 5503 Χάριν
594 5427 657 5505 γέ
682 5437 878 5487 κοινῶν
912 5434 1245 5510 πραγμάτων
1283 5432 1566 5508 ὑπηκόων·

387 5523 454 5600 ’ῼ
483 5517 647 5575 τῶνδ’
677 5520 889 5601 όρείλει
919 5528 1023 5586 πᾶς
1050 5545 1134 5588 τις
1161 5523 1385 5582 ἐκτίνειν
1412 5530 1599 5604 ’χάριν⁹

402 5610 508 5666 Καὶ
538 5609 706 5668 πάλιν
732 5613 815 5678 οἷς
847 5610 904 5668 εὖ
933 5613 1279 5685 ἀναθηλῆσαι
1308 5637 1506 5690 κρατος

392 5698 539 5771 Ἤδη
579 5705 847 5775 μαρανθὶν
892 5702 1143 5763 Αὐσόνων
1174 5706 1509 5781 ἆπειργάκει.

1877 504 1930 568 Α
1960 499 2191 569 alioque
2223 514 2397 571 grege
2427 504 2485 555 et
2515 498 2696 554 libero
2728 496 2995 569 prognati

1958 587 2478 659 discrepantesque
2509 604 2542 641 a
2571 586 2779 641 vestris
2814 584 3093 643 habentes
3126 583 3296 653 ritus,

1955 682 2164 746 sponte
2195 681 2390 731 tamen
2422 680 2523 733 tuo
2555 690 2832 746 paremus
2865 672 3111 744 imperio
3142 688 3156 729 :

1955 764 2217 819 sedenim
2250 763 2638 823 ministerium
2672 762 2928 834 praebere
2959 774 3293 830 corporum,

1956 869 2070 907 non
2094 852 2448 922 spiritalium
2478 868 2672 909 rerum
2706 848 3182 907 communionem

1953 941 2226 997 exhibere
2250 940 2354 999 tibi
2387 940 2579 1000 hercle
2606 939 2793 1012 parati
2820 954 3052 996 sumus.

1954 1031 2052 1085 Vel
2089 1046 2224 1102 ergo
2256 1031 2453 1090 statim
2492 1030 2578 1085 fac
2609 1028 2899 1090 malorum
2932 1027 3145 1093 ﬁnem;

1952 1129 2040 1185 vel
2077 1129 2444 1195 manumitte,
2475 1134 2539 1182 ut
2567 1128 2735 1182 liberi
2768 1127 3069 1198 possimus

1954 1219 2025 1273 ad
2058 1218 2248 1289 gentis
2281 1223 2489 1273 nostrae
2521 1234 2738 1289 pascua
2768 1215 2996 1272 reverti.

1954 1307 2083 1362 Haec
2116 1307 2431 1375 imperator
2461 1306 2648 1361 audiit
2680 1304 2948 1372 libenter,

1951 1394 2250 1466 invitoque
2283 1395 2415 1451 licet
2444 1394 2673 1461 Pelagio
2702 1394 2915 1463 legato,

1950 1484 2181 1539 vincula
2211 1483 2400 1551 solvit,
2438 1483 2736 1540 molestias
2767 1480 3077 1552 expedivit,

1951 1574 2179 1628 cunctis
2214 1579 2408 1643 patere
2438 1589 2608 1628 sacra
2637 1570 2858 1641 templa
2886 1569 3087 1627 voluit.

1948 1668 2083 1718 Haec
2109 1662 2167 1715 in
2196 1660 2374 1732 regali
2405 1660 2777 1731 contigerunt
2808 1659 2969 1716 urbe.

1948 1752 2114 1806 Nunc
2146 1751 2216 1804 ad
2253 1750 2543 1807 Romanos
2578 1749 2872 1819 principes
2903 1745 3293 1817 transgredio,

1949 1841 2277 1911 horumque
2305 1838 2583 1895 historico
2615 1854 2706 1893 res
2737 1837 2928 1894 dicam
2960 1850 3252 1892 sermone.

1955 1930 2090 1984 Post
2120 1929 2333 1997 regiam
2367 1932 2597 1998 captam
2630 1926 2702 1982 ab
2733 1924 2893 1981 ltalie
2927 1922 3294 1994 metropolim

1950 2017 2292 2072 Theodorus
2323 2016 2516 2076 dictus
2548 2018 2937 2085 cognomento
2968 2013 3252 2081 Lascaris,

1953 2122 2127 2177 quem
2159 2105 2402 2160 Caesaris
2436 2104 2615 2160 Alexii
2643 2104 2868 2161 scimus
2900 2118 3205 2174 generum,

1951 2195 2113 2249 illinc
2144 2194 2388 2256 secessit
2421 2193 2701 2252 festinans
2732 2207 2866 2249 cum
2899 2191 3146 2262 conjuge
3176 2208 3188 2249 :

1952 2301 2206 2355 cumque
2237 2284 2295 2342 in
2327 2282 2617 2343 Nicmnam
2652 2281 3010 2354 pervenisset
3042 2279 3271 2346 urbem,

1953 2374 2033 2428 ibi
2067 2372 2340 2444 deposuit
2368 2372 2676 2442 conjugem
2708 2369 2982 2429 dilectam
3017 2384 3031 2424 ς
3062 2431 3072 2441 .

1954 2464 2078 2533 ipse
2106 2466 2298 2516 autem
2330 2462 2575 2515 Prusam
2608 2475 2741 2514 cum
2774 2458 2917 2513 locis
2948 2457 3366 2529 circumjectis,

1952 2560 2215 2630 aliosque
2247 2575 2426 2631 pagos
2459 2573 2776 2629 peragrans
2806 2560 2865 2611 et
2893 2555 3093 2621 urbes,

1949 2648 2177 2705 idoneis
2210 2646 2455 2720 populos
2487 2644 2839 2703 conciliabat
2867 2644 3261 2711 sermonibus,

1953 2745 2017 2793 ut
2047 2754 2109 2793 se
2140 2753 2323 2792 unum
2356 2751 2552 2809 regem
2584 2734 3012 2804 dominumque
3037 2748 3354 2803 agnoscere

1954 2844 2142 2899 neque
2174 2843 2287 2882 non
2319 2841 2560 2896 compos
2590 2823 2701 2879 voti
2734 2822 2825 2879 sui
2858 2821 2988 2880 fuit.

1952 2918 2119 2972 Haud
2152 2916 2307 2975 enim
2340 2914 2512 2987 longe
2544 2913 2918 2984 praterlapso
2950 2920 3211 2984 tempore

1954 3021 2158 3076 reapse
2188 3022 2286 3059 rex
2317 3008 2548 3060 creatur
2576 3007 2634 3060 et
2664 3001 3004 3074 imperator,

1954 3111 2208 3159 eumque
2240 3091 2483 3148 Michael
2519 3091 2851 3164 Bysantinae
2880 3090 3046 3149 urbis

1958 3201 2144 3255 nuper
2174 3182 2420 3238 sortitus
2447 3180 2789 3254 patriarcha
2820 3178 3058 3239 titulum

1875 3242 1919 3309 θ
1958 3242 2069 3329 rite
2100 3272 2279 3345 regali
2312 3242 2548 3331 redimit
2577 3286 2810 3327 corona.

1959 3361 2228 3419 Lascaris
2257 3376 2395 3432 ergo
2420 3364 2650 3417 creatus
2681 3359 3002 3430 imperator

1958 3460 2189 3533 imperii
2222 3458 2448 3531 pondus
2476 3457 2795 3513 admodum
2825 3454 3092 3522 viriliter,

1960 3550 2079 3605 imo
2111 3548 2307 3621 potius
2339 3546 2628 3619 regaliter,
2661 3545 2965 3616 sustinuit,

1964 3647 2148 3700 semet
2178 3640 2457 3715 periculis
2481 3639 2703 3711 jugiter
2732 3638 3041 3709 cbjiciens,

1966 3747 2313 3807 pugnasque
2343 3746 2546 3803 graves
2574 3744 2708 3784 cum
2742 3727 2965 3783 Latinis
2995 3741 3335 3796 conserens,

1966 3840 2066 3880 rex
2097 3819 2275 3878 simul
2307 3821 2497 3876 bonus
2528 3823 2586 3875 et
2612 3818 2780 3874 fortis
2807 3818 3125 3889 imperator

1967 3914 2037 3969 ad
2070 3912 2284 3967 durum
2317 3909 2520 3965 Martis
2546 3924 2696 3980 opus
2727 3904 3162 3979 paratissimus,

1967 4008 2025 4058 et
2056 4018 2159 4074 pro
2191 3997 2488 4071 republica
2514 4003 2755 4052 strenue
2785 3997 3112 4060 decertans,

1967 4091 2139 4162 lupos
2168 4087 2304 4145 ovili
2337 4104 2440 4159 pro
2469 4086 2694 4143 viribus
2726 4085 3104 4150 eubmovens,

1970 4179 2242 4235 hostibus
2274 4175 2704 4239 formidandus,
2738 4172 2992 4231 blandus
3021 4172 3303 4239 subditis,

1970 4284 2210 4340 corpore
2241 4282 2419 4340 parvo
2451 4265 2553 4322 sed
2581 4264 2653 4320 ad
2687 4262 2887 4335 prelis
2915 4263 3136 4331 vivido,

1974 4369 2234 4424 lanceam
2262 4381 2493 4437 semper
2522 4368 2725 4421 contra
2754 4363 2952 4417 hostes
2983 4363 3279 4433 quatiens,

1974 4455 2223 4513 Romani
2254 4456 2400 4510 ﬁnes
2434 4454 2735 4525 proferens
2766 4450 3019 4523 imperii,

1976 4547 2151 4602 urbes
2185 4544 2389 4600 Latina
2419 4542 2676 4598 liberans
2708 4540 3019 4614 tyrannide

1896 4613 1945 4675 D
1975 4642 2149 4708 atque
2181 4636 2249 4690 ad
2282 4633 2595 4705 antiquum
2622 4613 2989 4687 dominatum
3022 4645 3299 4691 revocans

1974 4726 2154 4783 armis
2183 4729 2240 4780 et
2272 4723 2427 4779 vario
2459 4721 2595 4778 belli
2623 4724 3063 4793 strategemate.

1974 4817 2128 4872 Idem
2163 4818 2289 4870 erat
2319 4812 2597 4879 clemens,
2628 4810 2983 4877 misericors,
3011 4810 3218 4877 comis,

1973 4904 2317 4975 liberalique
2348 4919 2523 4957 manu
2558 4918 2624 4956 ac
2658 4900 2938 4956 munifica
2970 4917 2983 4955 :

1972 4994 2288 5051 demissam
2320 5007 2529 5064 gerens
2559 4993 2629 5047 ad
2665 4995 2895 5061 pectora
2926 4990 3193 5054 barbam,

1974 5084 2161 5155 capite
2191 5085 2381 5153 acuto,
2415 5080 2700 5153 subnigro
2731 5080 2942 5145 colore,

1977 5174 2045 5229 ad
2075 5187 2341 5228 venerem
2376 5168 2648 5242 proclivis
2675 5173 2850 5240 atque
2883 5168 2953 5224 ad
2986 5168 3156 5224 iram.

1975 5263 2079 5318 Hic
2110 5261 2209 5316 diu
2242 5276 2449 5333 graves
2479 5256 2723 5332 pertulit
2752 5258 2984 5321 labores

1977 5351 2142 5408 duris
2172 5366 2304 5406 eum
2338 5349 2507 5404 hoste
2535 5348 2769 5404 luctans
2798 5346 3223 5403 certaminibus

1979 5458 2081 5514 pro
2114 5440 2240 5495 suis
2272 5437 2527 5495 subditis
2558 5442 2733 5509 atque
2759 5452 2862 5507 pro
2894 5436 3219 5508 republica.

1982 5528 2123 5585 Huic
2154 5537 2305 5585 certe
2332 5543 2536 5584 omnes
2568 5527 2813 5599 gratiam
2846 5526 3152 5591 debemus,

1980 5620 2131 5692 quod
2167 5620 2282 5689 iam
2318 5616 2670 5678 exstinctum
2705 5615 3034 5677 Romanum
3067 5615 3377 5687 Imperium

1982 5709 2172 5782 ipsius
2202 5724 2377 5780 opera
2408 5706 2663 5762 maxime
2693 5705 2983 5762 revixerit.

3493 371 3606 425 278
