4250 6432
681 382 790 436 279
1892 387 2266 439 ΕΡΗΒΕΜῙῙ
2302 385 2359 439 Cl

1892 387 2266 439 EPHRBMII
2302 384 2872 442 CHRONOGRAPHI

686 507 827 560 Eine
854 505 1007 559 enim
1041 505 1231 559 Caesar
1261 522 1636 576 summopere
1663 508 1890 562 studuit

685 601 748 650 ut
778 610 845 648 ex
876 595 1111 648 Oriente
1147 594 1382 647 Latinos
1413 594 1668 662 ejiceret,

684 684 881 753 ibique
912 687 1181 736 nostrum
1217 682 1475 736 firmaret
1508 683 1843 754 imperium.

683 771 906 825 Etenim
938 770 1145 834 Latini,
1180 769 1526 840 prohibente
1558 772 1812 837 nemine,

685 877 795 914 non
832 858 1024 913 solum
1059 863 1248 912 terras
1279 860 1553 913 tenebant
1588 862 1879 929 occiduas,

682 950 782 1002 sed
817 947 1071 1002 Orientis
1103 963 1337 1018 quoque
1370 953 1591 1018 partem
1628 951 1965 1005 maximam.

680 1037 950 1107 Namque
983 1036 1277 1107 Bythyniae
1309 1037 1649 1092 insederant
1680 1040 2059 1110 provinciam,

684 1123 986 1190 Lentiana,
1024 1122 1440 1177 Pmmanenum
1476 1128 1651 1194 atque
1681 1125 1893 1196 Barim,

686 1211 1027 1280 Lopadium,
1060 1216 1233 1281 atque
1263 1211 1549 1280 Ochyram
1580 1229 1714 1267 cum
1747 1215 1997 1271 viciniis.

682 1309 832 1371 Quin
864 1314 920 1362 et
951 1309 1301 1363 devenerant
1331 1311 1743 1381 Atramyttium
1779 1330 1986 1384 usque,

684 1397 1135 1467 maritimosque
1167 1396 1324 1452 locos
1358 1399 1654 1470 urbesque
1685 1418 1889 1457 omnes

681 1486 906 1539 abactis
937 1487 1148 1555 praedis
1181 1487 1290 1541 sibi
1323 1489 1801 1560 subjugaverant.

679 1575 793 1627 Nec
826 1577 1024 1628 minus
1055 1575 1318 1629 animum
1353 1578 1596 1632 Caesaris
1629 1580 1972 1636 mordebant

679 1663 834 1716 circa
866 1680 1032 1716 suam
1071 1669 1216 1716 natae
1249 1664 1529 1719 ditionem
1564 1669 1924 1737 tyrannides-

679 1752 819 1805 Ecce
851 1752 1006 1806 enim
1041 1769 1216 1822 parva
1245 1753 1589 1824 Sampsonis
1623 1757 1680 1810 in
1713 1756 1856 1812 urlve

678 1840 922 1909 ejusque
955 1838 1104 1893 villis
1137 1840 1462 1911 imperabat
1489 1843 1702 1912 Sabas;

681 1933 736 1981 et
768 1928 1179 1997 Philadelphia:
1209 1929 1550 1987 Theodorus
1585 1933 1811 2001 fatuus,

674 2018 856 2070 David
891 2022 1223 2072 Comnenus
1256 2025 1469 2074 cuncta
1499 2021 1917 2094 Paphlagonia,

674 2105 836 2159 illius
871 2105 1048 2160 frater
1075 2107 1281 2175 Alexii,
1316 2109 1485 2177 cujus
1517 2111 1742 2180 pridem

670 2194 1195 2265 Trapezuntiorum
1227 2197 1432 2253 civitas
1456 2199 1670 2270 jugum
1702 2202 1944 2272 tulerat;

671 2284 764 2337 hic
799 2301 967 2356 porro
1001 2285 1304 2339 dicebatur
1334 2287 1670 2344 Comnenus
1704 2307 1949 2362 magnus
1986 2311 1999 2349 :

673 2382 847 2435 ambo
879 2387 1074 2436 autem
1108 2383 1325 2453 proprii
1360 2387 1589 2454 generis
1620 2388 1904 2459 originem

669 2471 738 2524 ab
771 2472 1104 2525 Andronico
1137 2472 1361 2526 Caesare
1391 2475 1724 2542 trahebant,

666 2576 734 2612 ex
769 2559 948 2628 hujus
982 2561 1102 2615 filio
1138 2561 1405 2616 Manuele
1431 2565 1563 2619 sati.

669 2653 737 2702 Et
767 2650 1418 2721 Theodorum‘quidem
1454 2663 1629 2725 atque
1659 2657 1872 2712 Sabam

671 2737 962 2801 Lascaris,
997 2739 1111 2793 Deo
1145 2739 1390 2806 favente,
1426 2745 1624 2798 statim
1660 2746 1814 2811 vicit,

671 2830 860 2897 Atque
892 2828 1026 2882 hinc
1054 2828 1309 2884 Celbiani
1344 2847 1405 2885 se
1439 2833 1572 2886 fecit
1604 2835 1930 2902 dominum,

669 2916 1092 2986 Philadelphia:
1122 2921 1505 2985 Maeandricae,
1540 2923 2008 2983 Neocastrorum.

671 3005 781 3060 Sed
818 3005 1279 3078 Paphlagoniam
1312 3011 1525 3080 aegrius
1559 3013 1836 3083 obtinuit,

668 3098 962 3148 Comneno
994 3095 1281 3151 debellato
1315 3100 1496 3154 armis
1527 3102 1743 3156 Davide
1780 3121 1792 3159 :

668 3184 822 3238 unde
854 3184 1163 3254 acquisivit
1193 3203 1325 3241 cum
1363 3186 1633 3244 Heraclea

664 3273 1078 3341 Amastridem,
1112 3275 1413 3345 Cytorum,
1447 3278 1877 3353 Cromnamque
1911 3286 2086 3342 urbes

666 3377 796 3414 cum
831 3364 1227 3432 circumiectis
1259 3366 1414 3435 agris
1449 3373 1623 3438 atque
1655 3371 1978 3441 oppidulis,

665 3454 720 3503 et
753 3450 1194 3520 Paphlagonum
1229 3454 1507 3510 dominus
1538 3458 1740 3513 evasit.

663 3539 880 3592 Turcas
912 3556 1044 3594 vero
1081 3541 1371 3614 [talosque
1406 3548 1703 3617 perpetuis
1739 3550 1950 3620 praeliis

664 3644 813 3697 aegre
848 3628 1155 3697 mehercle,
1191 3633 1292 3686 sed
1326 3637 1521 3689 tamen
1557 3638 1790 3702 devicit,

662 3717 814 3770 vires
843 3718 1113 3774 videlicet
1148 3720 1518 3778 ministrante
1551 3725 1686 3780 Deo.

663 3807 772 3860 Sed
809 3810 1180 3864 conturbavit
1210 3811 1475 3867 animum
1507 3814 1815 3871 Lascareos

662 3896 825 3949 exsul
862 3896 1093 3952 Alexius
1125 3899 1261 3952 olim
1299 3901 1636 3972 imperator,

661 4002 826 4038 socer
853 3985 1040 4055 ipsius
1073 3994 1368 4058 sceptrum
1404 4009 1559 4045 nunc
1592 3997 1865 4050 tenentis.

658 4083 886 4136 Etenim
919 4082 1014 4137 ille
1048 4091 1180 4154 post
1210 4086 1495 4142 amissum
1533 4106 1799 4160 regnum,

658 4177 723 4224 ut
755 4184 885 4225 mea
916 4173 1180 4242 superior
1212 4176 1412 4230 retulit
1445 4177 1709 4245 historia,

657 4261 1137 4316 Thessalonicam
1169 4265 1537 4321 errabundus
1571 4269 1756 4335 venit;

655 4355 831 4419 atque
863 4367 893 4404 a
926 4353 1110 4405 Maria
1138 4368 1348 4422 genere
1378 4354 1726 4427 Alamanna,

659 4451 786 4508 qua:
820 4440 1033 4508 conjux
1065 4440 1253 4495 fuerat
1287 4443 1477 4497 fratris
1512 4445 1738 4513 Isaacii,

660 4545 815 4582 nunc
851 4529 907 4582 in
942 4530 1298 4585 marchionis
1333 4535 1565 4602 nuptias
1597 4543 1985 4608 concesserat,

658 4623 934 4687 exceptus
967 4625 1342 4689 peramanter
1371 4627 1427 4675 et
1459 4621 1796 4693 honoriﬁce,

659 4706 1063 4761 diversabatur
1095 4708 1174 4763 ibi
1207 4725 1340 4763 eum
1375 4727 1482 4765 sua
1513 4729 1706 4768 uxore.

656 4794 873 4848 Verum
907 4812 1039 4850 cum
1075 4798 1285 4852 civium
1322 4799 1549 4855 animos
1587 4806 1854 4870 tentaret,

658 4900 789 4938 mox
823 4900 956 4938 cum
991 4902 1167 4941 uxore
1198 4898 1255 4942 et
1287 4887 1489 4943 liberis
1519 4895 1608 4944 est
1637 4894 1879 4961 ejectus.

654 4984 707 5036 Is
741 4983 810 5036 ad
844 4983 1102 5037 Corinthi
1135 4985 1404 5056 protinus
1435 4991 1751 5058 tyrannum

648 5076 901 5143 Sgurum
938 5073 1254 5144 profectus,
1292 5075 1504 5132 foedere
1535 5078 1794 5152 conjugii

648 5160 786 5214 huic
817 5160 1151 5232 copulatam
1185 5165 1432 5220 tradidit
1462 5165 1642 5221 filiam
1677 5185 1869 5224 suam.

648 5255 778 5304 Mox
810 5249 973 5304 illinc
1005 5253 1135 5306 navi
1171 5253 1413 5308 recessit
1447 5255 1503 5309 in
1538 5256 1806 5313 [Etoliam

649 5338 719 5391 ad
753 5337 1096 5394 Michaelem
1134 5341 1270 5396 huic
1302 5343 1704 5399 dominantem

648 5432 707 5481 et
738 5427 916 5482 simul
952 5430 1146 5500 Epiro,
1181 5448 1359 5502 quam
1395 5442 1646 5489 veterem
1683 5441 1924 5504 vocant;

651 5518 798 5587 (erat
830 5519 985 5572 enim
1027 5519 1204 5573 Alexii
1239 5537 1304 5573 ex
1341 5521 1518 5576 fratre
1553 5526 1789 5595 nepos;)

652 5607 752 5660 sed
789 5607 1176 5680 interceptum
1214 5611 1410 5680 piratae
1447 5612 1807 5682 Longobardi

659 5696 730 5751 ad
764 5696 1129 5766 Michaelem,
1161 5716 1303 5754 auro
1337 5718 1602 5772 repenso,
1640 5703 1898 5759 mittunt.

2359 509 2414 572 Α
2620 507 2810 578 Τούτῳ
2838 511 3279 584 κραταρχήσαντι
3313 514 3536 589 φροντὶς
3571 513 3734 589 μυρία

2440 595 2582 649 7505
2621 597 2713 649 Ἐκ
2744 603 2840 664 τῆς
2873 598 3044 668 Ἑῲας
3074 597 3315 668 ἐξελάςαι
3347 601 3626 670 Λατίνους,

2620 685 2718 737 Καὶ
2749 686 3039 756 Ῥωμαϊκῷ
3069 685 3220 754 τὴνδ’
3255 688 3542 745 ὑποκλῖναι
3573 693 3779 765 κράτει·

2623 772 2772 828 Ἐπεὶ
2807 779 3026 828 Λατῖνοι
3059 774 3421 831 κωλυσόντων
3449 782 3518 851 τῇ
3551 780 3740 834 σπάνει

2621 861 2695 913 Οὐ
2730 861 2918 936 χώρας
2953 861 3254 935 ἐκράτησαν
3282 865 3511 940 ἑσπέρας
3545 868 3735 939 μόνον,

2620 946 2791 1004 Ἀλλά
2822 971 2882 1024 γε
2914 956 3112 1025 μικροῦ
3142 952 3230 1005 καὶ
3267 959 3444 1026 μερῶν
3477 955 3653 1026 πάσης
3679 961 3814 1015 ”Εω.

2439 1044 2581 1099 7510
2622 1045 2718 1098 Καὶ
2745 1045 2846 1118 γάρ
2878 1046 3140 1123 κατέσχον
3175 1051 3414 1104 Βιθυνῶν
3448 1055 3582 1106 ἅπαν
3617 1057 3776 1127 θέμα,

2618 1134 2878 1189 Λεντιανά
2903 1157 2979 1191 τε.
3013 1141 3359 1209 Ποιμανηνὸν
3392 1141 3480 1194 καὶ
3514 1144 3700 1216 Βάριν,

2619 1221 2892 1277 Λοπάδιόν
2924 1226 2974 1279 τ’
3002 1227 3065 1278 αὖ
3100 1228 3336 1303 Ὀχυρὰς
3368 1230 3456 1282 καὶ
3485 1233 3553 1284 τὰ
3577 1236 3751 1305 πέριξ.

2619 1311 2912 1382 Προῆλθον
2946 1315 3109 1387 ἄχρις
3141 1317 3539 1391 Ἀτραμυττίου
3567 1321 3774 1391 τόπων,

2619 1401 2716 1455 Καὶ
2752 1401 2908 1454 πάνθ’
2941 1402 3131 1464 ἁπλῶς
3162 1403 3384 1477 πάραλα
3414 1409 3618 1483 χωρία,
3649 1409 3840 1472 πόλεις

2440 1488 2582 1542 7515
2617 1488 2813 1549 Αὑτοῖς
2839 1492 3203 1561 καθυπέταξαν
3233 1491 3665 1558 ἐσκυλευκὸντεςο

2621 1578 2744 1652 Οὐχ
2772 1579 2937 1646 ἧττον
2966 1580 3291 1656 ὑπὲθρσττον
3322 1581 3523 1638 ἄνακτα
3551 1585 3717 1640 πάλιν

2616 1668 2684 1721 Αἱ
2717 1668 2850 1722 κατὰ
2879 1670 3098 1743 χώρους
3130 1670 3386 1727 Αὐσόνων
3426 1673 3758 1746 τυραννίδες

2618 1756 2823 1811 Αὐτίκα
2850 1758 2940 1811 καὶ
2967 1759 3067 1833 γὰρ
3099 1764 3194 1813 τοῦ
3227 1763 3470 1834 Σαμψὼν
3498 1762 3797 1838 πολιχνίου

2616 1845 2720 1899 Σὺν
2751 1853 2868 1908 τοῖς
2900 1847 3215 1920 προσοίκοις
3237 1850 3380 1924 ἦρχε
3406 1851 3711 1924 τούπίκλην
3747 1851 3947 1919 Σάϐας⁸

2432 1936 2572 1989 7520
2613 1935 2713 1990 Καὶ
2750 1934 3195 2010 Μωροθεόδωρος
3228 1938 3652 2017 Φιλαγελφείας·

2608 2018 2775 2077 Δαϐὶδ
2809 2025 3098 2096 Κομνηνὸς
3128 2025 3506 2103 Ηαφλαγονίας
3528 2029 3689 2100 ὅλης,

2610 2111 2852 2183 Ἀλεξίου
2885 2115 3150 2185 σύναιμος
3182 2112 3253 2168 ὢν
3287 2121 3384 2170 τοῦ
3415 2119 3521 2191 πρὸ
3555 2116 3772 2194 χρόνων

2604 2205 3189 2276 Κατατυραννήσαντος
3219 2207 3687 2280 Τραπεζουντίων,

2608 2292 2794 2351 Ὀστις
2836 2289 3195 2363 ἐπωνόμαστο
3231 2297 3513 2366 Κομνηνὸς
3549 2299 3741 2372 μέγας*

2427 2380 2568 2434 7525
2609 2382 2920 2454 Κατηγέτην
2955 2381 3120 2458 ἄμφω
3154 2379 3211 2436 δὲ
3242 2385 3420 2458 σειρὰν
3452 2390 3548 2439 τοῦ
3578 2382 3765 2462 γένους

2604 2468 2690 2537 Ἐξ
2730 2466 3085 2544 Ἀνδρονίκου
3117 2475 3212 2524 τοῦ
3239 2467 3720 2547 βεϐασιλευκότος,

2605 2562 2698 2610 Ἐκ
2726 2555 2886 2612 τοῦδε
2916 2556 3107 2620 παίδὸς
3131 2561 3395 2628 Μανουήλ
3428 2565 3746 2635 πεφυκότες.

2610 2645 2768 2700 Ἀλλ’
2804 2646 3048 2722 εὐχερῶς
3085 2650 3178 2720 μὶν
3213 2648 3492 2726 Θεόδωρον
3528 2650 3708 2709 Σάϐαν

2609 2736 2769 2808 ’Ἄναξ
2808 2737 3048 2807 μετῆλθε
3077 2745 3143 2807 τῆ
3179 2743 3310 2792 Θεοῦ
3336 2743 3650 2818 συμμαχίᾳ.

2432 2825 2576 2878 7530
2617 2824 2914 2887 Κὸίντεῦθεν
2950 2825 3100 2880 ὦπτο
3135 2823 3435 2884 Κελϐιανοῦ
3467 2828 3758 2904 δεσπότης.

2608 2911 3010 2988 Φιλαδελφείας
3043 2914 3378 2992 Μαιάνδρου,
3414 2922 3786 2996 Νεοκάστρων.

2607 3002 2703 3055 Καὶ
2738 3001 3120 3077 Παφλαγονίας
3143 3002 3200 3059 δὲ
3229 3012 3517 3081 κρατεῖτῷ
3548 3011 3753 3084 χρόνῳ,

2609 3095 3024 3158 Καταπαλαίσας
3056 3100 3339 3170 Κομνηνὸν
3374 3097 3539 3156 Δαϐὶδ
3577 3103 3756 3180 μάχῃ·

2611 3187 2768 3241 ’Όθεν
2801 3190 3167 3261 παρειτήσατο
3201 3188 3292 3243 σὺν
3326 3190 3625 3266 Ἡρακλείᾳ

2349 3239 2391 3299 C
2430 3285 2571 3338 7535
2611 3239 2965 3354 Ἀμάστριδα,
2999 3285 3275 3360 Κύτωρον,
3309 3239 3576 3363 Κρῶμναν
3594 3239 3700 3356 Ἴτᾶς
3730 3295 3920 3358 πόλεις

2601 3373 2747 3446 Πρὸς
2769 3379 2886 3434 τοῖς
2912 3375 3066 3445 πέριξ
3101 3376 3264 3429 ἅπασι
3296 3378 3381 3430 καὶ
3408 3381 3746 3454 ποΑιχνίοις.

2603 3461 2698 3514 Καὶ
2726 3462 3102 3536 κατεκυρίευσε
3133 3465 3221 3517 καὶ
3260 3463 3657 3542 Παφλαγόνων,

2601 3553 2806 3621 Πέρσας
2837 3547 2883 3603 δ’
2919 3550 3164 3613 Ἰταλοὺς
3187 3559 3303 3614 ταῖς
3325 3555 3639 3631 καθημὲραν
3671 3561 3877 3635 μάχαις

2599 3639 2712 3692 Οὐκ
2749 3638 2990 3714 εὐχερῶς
3028 3641 3144 3712 μὲν,
3176 3640 3475 3715 ὶτροποῦτο
3509 3642 3555 3698 δ’
3586 3645 3676 3699 οὖν
3710 3649 3863 3721 ὅμως

2419 3729 2562 3782 0540
2601 3728 2784 3790 Σθένει
2817 3731 2979 3800 θεῖκῷ
3012 3730 3473 3805 ςυμμαχούμενος
3500 3733 3667 3810 τάχα,

2599 3818 2847 3890 Παρὲσχε
2874 3815 2919 3871 δ’
2945 3819 3093 3890 αὐτῷ
3118 3823 3409 3896 πράγματα
3440 3821 3736 3898 δυσθυμίας

2597 3907 2658 3962 Ὀ
2699 3908 2870 3982 φυγὰς
2900 3905 3145 3980 Ἀλέξιος
3177 3908 3424 3965 Αὐσόνων
3458 3910 3606 3986 ἄναξ,

2600 3997 2692 4049 Ὧν
2725 3997 2982 4070 πενθερὸς
3005 3997 3199 4052 τούτου
3226 4020 3286 4071 γε
3306 4005 3402 4054 τοῦ
3439 4002 3730 4076 βασιλέως⁹

2599 4083 2771 4144 Οὗτος
2801 4084 2900 4160 γὰρ
2935 4086 3092 4147 οὗτος
3127 4085 3366 4141 ἐκπεσὼν
3402 4094 3760 4167 κραταρχίας,

2418 4184 2562 4236 7545
2601 4181 2848 4256 Καθάπερ
2890 4183 3146 4258 ’ῑςτόρησε
3177 4185 3378 4261 φθάσας
3413 4209 3506 4259 μοι
3539 4187 3730 4264 λόγος,

2599 4268 2921 4342 ’Δλώμενος
2952 4271 3190 4349 πέφθακε
3220 4274 3638 4347 Θεσσαλονίκην’

2603 4359 2696 4414 Καὶ
2727 4360 2862 4434 πρὸς
2890 4361 3104 4434 Μαρίας
3135 4362 3456 4436 Ἀλαμανῶν
3489 4367 3548 4421 ἐκ
3575 4367 3783 4442 γένους,

2599 4449 2669 4504 ’Ἡ
2702 4448 2828 4523 πρὶν
2860 4450 3085 4520 συνῴκει
3118 4453 3363 4525 συγγόνῳ
3390 4455 3622 4528 Ἰσακίῳ,

2599 4537 2887 4612 Μαρκεσίῳ
2919 4536 2974 4592 δὲ
2998 4543 3276 4609 τηνικαῦθ’
3308 4543 3623 4614 ὡμευνὲτει,

2342 4605 2388 4666 D
2419 4627 2560 4680 7550
2599 4605 2826 4698 νΑριστα
2849 4605 3063 4701 δεχθεὶς
3088 4630 3173 4682 καὶ
3209 4605 3556 4707 φιλοφρόνως
3586 4605 3745 4692 πάνυ.

2602 4715 2810 4770 Ἐκεῖσε
2844 4712 3079 4791 διέτριϐε
3110 4715 3202 4771 σὺν
3225 4718 3295 4791 τῇ
3324 4721 3553 4796 συζύγῳ.

2599 4811 2683 4865 Ὠς
2717 4802 2764 4858 δ’
2792 4803 2856 4859 αὖ
2886 4805 3142 4860 ἀνασείων
3172 4809 3271 4876 τὴν
3299 4809 3460 4865 πόλιν
3495 4811 3774 4887 ἐφωράθη,

2598 4896 2747 4965 Ἅμα
2777 4894 2993 4968 γυναικὶ
3031 4896 3120 4949 καὶ
3151 4895 3358 4959 τέκνοις
3392 4899 3676 4972 ἀπηλάθη,

2602 4984 2694 5036 Καὶ
2731 4983 2868 5058 πρὸς
2899 4985 3292 5056 τυραννεύοντα
3322 4991 3431 5041 τῶν
3468 4992 3766 5064 Κορινθίων

2417 5081 2558 5134 7555
2600 5082 2837 5155 Σγουρὸν
2875 5079 3123 5157 βαδίσας,
3154 5086 3289 5159 πρὸς
3314 5089 3497 5160 γάμου
3527 5094 3816 5146 κοινωνίαν

2596 5168 2790 5242 Τούτῳ
2822 5172 3168 5246 κατηγγύησε
3198 5175 3293 5242 τήν
3326 5177 3610 5250 θυγατέρα·

2598 5259 2845 5315 Κάκεῖθεν
2875 5260 3180 5316 ἀπέπλευσε
3205 5265 3341 5339 πρὸς
3363 5265 3638 5322 Αἰτωλίαν

2597 5351 2740 5420 Πρὸς
2763 5351 2855 5405 τὸν
2887 5352 3183 5425 κρατοῦντα
3215 5355 3445 5429 Μιχαὴλ
3475 5357 3678 5428 ταύτης
3712 5361 3855 5433 τότε,

2597 5439 2737 5512 Πρὸς
2770 5437 2813 5492 δ’
2847 5440 2911 5493 αὗ
2942 5439 3180 5503 παλαιᾶς
3213 5443 3471 5518 Ἠπείρου
3504 5446 3854 5521 κεκλημένης

2415 5528 2557 5581 7560
2599 5525 3054 5605 Πρωτεξάδελφον
3076 5538 3302 5604 συγγενῆ
3333 5530 3569 5587 πέλοντά
3602 5535 3674 5588 οἱ·

2593 5614 2894 5672 ’Βλίσκεται
2930 5614 2985 5671 δὲ
3015 5626 3292 5693 πειραταῖς
3326 5618 3712 5696 Λογγιϐάδοις,

2596 5705 3025 5778 ’Δπεμπολεῖται
3057 5709 3193 5778 πρὸς
3225 5711 3459 5785 Μιχαὴλ
3485 5712 3740 5787 χρυσίου·

3981 395 4100 449 280
