4190 6448
128 364 233 418 281

315 490 428 562 ⁹Εγ’
457 489 637 544 ἱκανὸν
666 495 795 563 γοῦν
824 488 1283 567 ἐνδιατετριφότος

316 579 456 639 Τοῖς
484 582 578 631 τοῦ
611 579 844 653 Μιχαὴλ
876 580 1105 655 χωρίοις
1138 578 1404 649 Ἀλεξίου,

124 668 282 721 7565
322 667 556 735 Θνήσκει
592 665 806 741 βασιλὶς
838 669 1151 745 Εὐφροσύνη
1185 669 1320 742 πρὸς
1353 668 1536 738 νόσου,

318 756 421 809 Καὶ
456 758 705 818 θάπτεται
742 755 809 824 δὴ
840 764 916 828 τῷ
944 757 1225 833 πολιχνίῳ
1256 762 1482 832 Ἂρτης.

318 844 501 907 Αὐτὸς
529 842 573 898 δ’
605 844 837 899 ἀπέπλει
867 848 1003 920 πρὸς
1034 848 1196 901 πόλιν
1223 848 1321 913 τήν
1359 846 1641 915 Ἀττάλου,

317 934 493 988 "Even
521 936 809 1007 πεφθακὼς
839 939 917 1005 τῷ
948 939 1231 1009 κρατοῦντι
1269 932 1525 1009 Περσίδος

310 1023 584 1095 Ἰαθατίιῃ
617 1021 976 1097 προσδέδεκτο
1008 1024 1245 1098 γνησίως
1274 1044 1287 1057 ⁸

116 1116 268 1168 7570
305 1115 403 1167 Ὀν
438 1114 595 1174 αὐτὸς
627 1113 955 1189 ἐκφεύγοντά
978 1117 1027 1169 τ’
1058 1114 1298 1190 ἀδελφοῦ
1336 1121 1503 1191 χέρας

310 1202 413 1255 Καὶ
454 1202 587 1275 πρὸς
617 1204 780 1257 πόλιν
813 1203 1018 1270 ἥκοντα
1048 1205 1172 1276 πρὶν
1209 1201 1527 1278 δεδεγμένος

309 1297 352 1345 Θ
382 1291 474 1344 τὸν
507 1290 862 1360 κατωνόμασε
892 1290 1057 1345 παῖδα
1092 1290 1381 1366 βαπτίσας,

313 1380 417 1432 Καί
449 1380 503 1432 o't
535 1378 772 1452 συνεξῄει
803 1400 865 1452 γε
893 1386 993 1448 τῆς
1029 1379 1450 1436 Κωνσταντίνου.

310 1468 527 1522 Ἐπειτ’
556 1464 754 1521 ἐκεῖθεν
788 1465 1027 1541 ἀποδράς
1060 1468 1159 1522 οὐκ
1190 1466 1293 1521 οἶδ’
1322 1468 1473 1532 ὅπως

114 1567 268 1619 7575
308 1561 783 1637 Παλινδρομήσας
815 1563 1055 1639 εὐχερῶς
1088 1565 1223 1639 πρὸς
1251 1563 1507 1638 πατρίδα,

308 1650 547 1706 Ἰκονίου
579 1649 819 1706 δέδεικτο
852 1652 1080 1707 σουλτάν
1116 1653 1386 1728 Περσάναξ
1421 1674 1433 1687 ⁶

305 1742 414 1797 Καὶ
443 1746 741 1809 τηνικαῦτα
781 1738 1134 1817 δυστυχοῦντ’
1165 1742 1396 1815 Ἀλεξίῳ

308 1832 493 1907 Ὠφθη
521 1831 810 1904 παρηγόρη
823 1852 896 1903 μα
921 1830 1011 1885 καὶ
1043 1831 1306 1905 σωτηρία.

304 1920 486 1980 Οὗτός
513 1941 575 1993 γε
602 1920 801 1987 τοίνυν,
837 1922 985 1993 ἰκέτῃ
1014 1920 1174 1975 τίνων
1209 1921 1395 1996 χάριν,

115 2010 265 2064 7580
308 2004 670 2081 Πρεσόεύεται
702 2006 769 2076 δὴ
803 2010 939 2084 πρὸς
968 2010 1083 2063 νεὸν
1118 2010 1482 2087 στεφηφόρον,

307 2098 412 2151 Καὶ
437 2098 841 2172 παραχωρῆσαί
869 2118 929 2172 γε
956 2099 1054 2166 τῆς
1080 2100 1413 2175 κραταρχίας

296 2192 400 2257 Τῷ
429 2187 555 2260 πρὶν
589 2191 876 2262 κρατοῦντι
905 2189 1145 2260 πενθερῷ
1176 2188 1491 2263 παρηγγύα.

299 2276 420 2331 Εἶτ’
454 2274 835 2351 ἐκστρατεύσας
868 2276 955 2330 καὶ
988 2277 1123 2331 κατὰ
1151 2275 1461 2349 Ῥωμαΐδος

300 2366 458 2420 Μετὰ
491 2371 739 2439 στρατιάς
770 2363 1177 2440 δυσαριθμήτου
1210 2366 1377 2437 μάλα,

114 2465 254 2518 7585
296 2466 491 2536 ’Δγων
525 2464 640 2533 μετ’
670 2460 834 2516 αὐτοῦ
862 2462 951 2516 καὶ
982 2468 1280 2535 κρατοῦντα
1308 2462 1536 2542 φυγάδα,

299 2553 427 2617 Τὴν
460 2552 755 2624 Ἀντιόχου
786 2547 1191 2624 καταλαμϐάνει
1222 2552 1384 2607 πόλιν

288 2642 414 2706 Τὴν
448 2641 586 2711 πρὸς
620 2637 917 2712 Μαιάνδρῳ
948 2645 1025 2711 τῷ
1056 2646 1288 2713 ποταμῷ
1318 2644 1599 2714 κειμένην.

286 2727 458 2784 Ἀλλ’
490 2726 605 2782 οὐδ’
636 2729 663 2781 ὁ
693 2734 904 2802 κρατῶν
934 2733 1042 2783 τῶν
1074 2731 1191 2783 καθ’
1224 2730 1383 2785 αὐτὸν
1412 2732 1634 2803 ἠμέλει.

292 2816 485 2873 Ἀλλά
517 2822 822 2891 προσοῦσαν
856 2820 1104 2891 στρατιάν
1138 2818 1449 2888 συναλίσας,

119 2909 259 2962 7590
301 2904 575 2967 Ἐλπίδας
607 2905 801 2979 ἐξάψας
831 2928 889 2962 τε
914 2912 1153 2980 Χριστοῦ
1186 2908 1478 2978 Δεσπότο),

304 2995 438 3051 Ἑπὶ
472 2995 770 3050 σουλτάνον
803 2994 937 3051 ἵεται
971 2996 1306 3073 Θαῤῥαλέως.

299 3082 635 3159 Συρῥήξεως
666 3088 794 3159 γοῦν
829 3080 1112 3158 συμϐολῆς
1142 3106 1201 3140 τε
1226 3081 1532 3159 συμϐάσης,

294 3174 383 3230 Τὸ
414 3172 675 3228 πλεῖστον
700 3175 965 3251 ἠφάνιστο
990 3180 1098 3230 τῶν
1132 3180 1549 3251 στρατευμάτων

301 3264 603 3333 Ἀνακτος,
637 3264 695 3318 ὃν
732 3262 969 3335 μάλιστα
1000 3264 1237 3320 Λατίνων
1270 3267 1478 3342 γένους.

123 3354 263 3407 ’7595
304 3354 463 3427 Ἐργ’
494 3352 683 3424 apem
711 3355 944 3427 καρτερά
974 3351 1329 3429 δεδειγμένων
1364 3374 1379 3389 ·

296 3442 597 3512 optumi-“,3
628 3439 675 3495 δ’
703 3437 919 3518 ἔφευγεν
951 3442 1206 3515 ἀκόσμως
1240 3443 1468 3521 φάλαγξ,

297 3530 524 3599 Ταύτης
558 3531 821 3601 μενόντων
856 3531 1088 3607 μετρίων
1122 3533 1257 3586 κατὰ
1292 3534 1479 3609 μάχην

301 3618 586 3691 Ἀγωνίας
614 3618 788 3694 τέρμα
816 3640 874 3673 τε
904 3625 1005 3673 πᾶν
1038 3623 1449 3693 σκοπουμένων.

300 3707 468 3764 Οὕτω
502 3704 560 3762 δὲ
585 3707 741 3778 νίκης
775 3706 1071 3780 μειδιώσης
1100 3705 1426 3784 Βαρϐάροις,

122 3798 261 3853 7600
299 3801 460 3853 Ἀνω
494 3799 630 3860 θέων
662 3798 811 3852 κάτω
840 3819 898 3852 τε
924 3796 1157 3853 σουλτάν
1189 3799 1428 3871 ἱππότης

302 3883 617 3963 Ἀναδιφῶν
652 3886 717 3954 ἦν
748 3888 840 3942 τὸν
862 3888 1177 3963 κρατάρχην
1214 3888 1468 3945 Αὐσόνων
1503 3911 1515 3924 ·

305 3976 417 4031 Καὶ
447 3972 606 4029 τόνδε
632 3977 751 4039 καθ’
783 3976 981 4049 ὅμιλον
1012 3977 1183 4052 εὑρὼν
1218 3978 1455 4050 ἱππότην

299 4066 499 4138 Ῥώμῃ
530 4066 806 4129 πεποιθὼς
836 4066 925 4119 καὶ
957 4067 1127 4129 σθένει
1162 4066 1496 4143 βραχιόνων,

308 4152 555 4224 Πλήττει
584 4153 787 4229 κορύνῃ
817 4154 951 4209 κατά
978 4157 1145 4229 κάρας
1179 4155 1387 4226 αὐτίκα,

124 4245 271 4297 7605
311 4243 416 4297 Καὶ
446 4244 586 4297 κατά
615 4250 715 4318 γῆν
754 4238 993 4317 βέϐληκε
1022 4243 1179 4319 ῥίψας
1214 4244 1273 4299 ἐκ
1303 4243 1496 4323 δίφρου

304 4330 637 4400 ΙῙλησΘέντα
663 4332 818 4405 τύψει
850 4341 1156 4411 συστροφῆς
1185 4355 1245 4388 τε
1269 4335 1358 4389 καὶ
1386 4336 1635 4400 σκότους.

306 4424 399 4479 Ἑν
433 4426 563 4497 χρῷ
595 4420 654 4475 δὲ
682 4420 933 4477 κινδύνου
964 4444 1026 4497 γε
1057 4421 1185 4497 τῇδε
1214 4425 1521 4501 τυγχάνων,

304 4510 521 4588 Αῗφνης
553 4510 741 4565 ἑαυτὸν
772 4507 1058 4567 ἀναλαϐὼν
1092 4514 1119 4566 ὁ
1148 4515 1362 4588 κράτωρ

306 4600 588 4669 Πλησθεῖς
613 4622 674 4655 τε
704 4600 846 4664 θείας
879 4601 929 4671 ἐξ
962 4600 1243 4666 ἐπιπνοίας
1268 4599 1507 4674 σθένους,

119 4692 269 4745 7510
314 4689 554 4752 Σπαθείς
587 4688 676 4744 ἐπὶ
706 4687 875 4751 πόδας
904 4710 961 4745 τε
992 4691 1249 4765 γενναίως
1280 4692 1447 4765 μάλα,

311 4780 530 4847 Στάθην
563 4779 610 4833 τ’
647 4778 837 4854 ἐρύσας
868 4778 1099 4835 κουλεοῦ
1123 4779 1305 4853 τέμνει
1337 4781 1506 4844 πόδας

309 4866 552 4935 θηλείας
580 4865 757 4921 ’ίππου
786 4867 1163 4941 Ηερσάνακτος
1198 4870 1476 4945 εὐψύχως,

312 4957 410 5010 Καὶ
442 4954 603 5010 τόνδε
638 4957 811 5030 χαμαὶ
837 4952 1135 5011 κατέϐαλεν
1170 4958 1362 5031 ὑψόθεν
1399 4978 1411 4991 ·

308 5047 421 5102 Εἶτ’
452 5044 710 5115 ἐξαπίνης
748 5043 981 5117 μηδενὸς
1010 5050 1125 5109 πῶς
1158 5044 1369 5109 εἰδότος

123 5146 275 5201 Τὸίὸ
316 5143 569 5197 Σουλτάν
602 5142 767 5217 κάραν
802 5141 1038 5215 τέτμητο
1068 5146 1166 5213 τὴν
1203 5146 1491 5223 μιαιφόνον
1525 5167 1536 5178 ·

317 5232 414 5288 Καὶ
447 5231 649 5286 λοιπὸν
679 5232 942 5305 ἠνέγκατο
971 5234 1073 5301 τήν
1104 5234 1255 5304 νίκην
1284 5237 1544 5313 κράτωρᾶ

314 5321 481 5379 Τουτὶ
513 5320 949 5397 τροπαιούχημα
976 5323 1068 5376 τὸν
1103 5324 1330 5397 βασιλέα

314 5416 467 5465 Ποιεῖ
502 5411 599 5484 μὶν
635 5410 863 5487 ἰχθροῖς
899 5406 1194 5487 βαρϐάροις
1223 5413 1539 5491 φρικαλέον,

316 5503 473 5561 Ἥδῦν
516 5504 785 5574 ὑπηκόοις
816 5501 873 5558 δὲ
903 5505 992 5559 καί
1022 5506 1357 5583 πεφιλμένον
1388 5527 1400 5540 ⁸

128 5598 277 5651 7630
324 5594 460 5664 Πρὸς
489 5590 668 5647 τοῖσδ’
699 5594 891 5660 ἱκανῆς
922 5592 1216 5667 ἐμπιμπλᾷ
1247 5593 1517 5668 θυμηδίας

316 5685 417 5740 Καὶ
446 5684 517 5754 λή
531 5704 701 5755 ματος
729 5685 959 5759 θάρσους
990 5704 1048 5738 τε
1075 5684 1300 5747 τούτους
1334 5686 1581 5749 εἰκότως.

1652 364 2017 424 ΟΒΒΛΒΒΒ.

1809 492 1863 558 Α
1895 491 2044 546 Dum
2075 506 2213 562 ergo
2242 488 2417 561 longo
2448 490 2776 546 diversatur
2806 493 3067 562 tempore

1896 583 1955 636 in
1990 579 2289 636 Michaelis
2320 580 2541 635 ditione
2572 579 2803 635 Alexius

1893 668 2143 723 moritur
2174 684 2243 723 ex
2272 668 2475 723 morbo
2508 667 2890 740 Euphrosyne
2930 669 3132 740 regina

1891 761 2067 827 atque
2102 758 2156 810 in
2192 756 2473 828 oppidulo
2506 756 2789 827 sepelitur
2819 761 2979 812 Arta.

1894 845 2023 915 Ipse
2056 846 2349 915 navigavit
2378 846 2446 899 ad
2487 845 2691 899 urbem
2725 844 2921 911 Attali,

1892 933 1990 987 ubi
2021 938 2111 987 cst
2142 938 2454 1005 susceptus
2488 934 2681 987 animo
2716 932 2933 988 libente

1891 1039 1923 1076 a
1955 1022 2279 1077 Turcarum
2312 1021 2545 1076 sultano
2579 1021 2886 1088 lathatine,

1890 1125 2065 1179 quem
2101 1110 2227 1181 ipse
2259 1110 2398 1165 olim
2434 1110 2746 1181 profugum
2781 1127 2813 1165 a
2842 1111 3017 1165 fratre

1888 1198 2395 1270 Constantinopoli
2429 1200 2719 1270 hospitem
2752 1204 3056 1271 exceperat

1890 1293 1946 1343 et
1974 1288 2031 1343 in
2066 1288 2357 1359 baptismo
2391 1287 2577 1342 ﬁlium
2611 1288 3006 1359 adoptaverat.

1889 1378 2128 1447 quicum
2163 1377 2501 1449 Byzantium
2533 1392 2764 1447 quoque
2796 1377 3153 1433 deseruerat.

1888 1466 1998 1521 Sed
2034 1472 2234 1537 postea
2266 1466 2599 1521 lathanines
2633 1466 2829 1521 nescio
2860 1468 3153 1537 quomodo
3182 1530 3190 1537 ε

1891 1554 2140 1610 feliciter
2170 1571 2435 1611 reversus
2468 1556 2525 1609 in
2559 1555 2806 1625 patriam
2842 1572 3007 1610 suam

1890 1645 2213 1699 Turcarum
2246 1661 2342 1699 rex
2372 1649 2429 1699 et
2459 1642 2726 1699 sultanus
2762 1644 2941 1699 Iconii
2975 1646 3177 1701 evasit.

1894 1741 1994 1796 Hic
2024 1757 2159 1809 ergo
2192 1747 2331 1796 tunc
2360 1758 2688 1797 mrumnoso
2720 1742 2918 1797 Alexio

1811 1839 1859 1903 Β
1890 1846 1990 1884 ara
2019 1830 2231 1885 salutis
2264 1831 2369 1885 fuit
2400 1835 2457 1885 et
2489 1829 2775 1886 solamen.

1894 1918 2122 1973 Etenim
2155 1920 2404 1975 reddens
2436 1918 2790 1990 supplicanti
2822 1922 3094 1991 gratiam,

1893 2007 2076 2063 misso
2107 2008 2178 2063 ad
2212 2008 2502 2064 novellum
2536 2008 2821 2065 Caesarem
2854 2010 3065 2079 legato,

1892 2095 2162 2151 hortatus
2194 2102 2281 2151 est
2312 2102 2375 2152 ut
2404 2097 2651 2169 imperio
2686 2099 2987 2154 decederet

1891 2202 2090 2242 socero
2124 2203 2229 2241 suo
2262 2187 2499 2242 domino
2532 2187 2728 2259 priori.

1892 2274 2107 2331 Deinde
2137 2276 2391 2347 sumptis
2424 2282 2625 2332 contra
2656 2281 2886 2332 nostros
2918 2278 3098 2333 armis

1891 2380 2164 2435 egressus
2198 2370 2287 2421 est
2318 2382 2451 2421 cum
2483 2366 2793 2422 innumero
2819 2369 3097 2432 exercitu,

1890 2453 2148 2508 exsulem
2183 2453 2403 2509 habens
2434 2455 2489 2509 in
2525 2454 2805 2510 comitatu
2837 2454 3137 2517 Alexium:

1891 2552 2721 2623 Antiochiamquepccupavit
2752 2554 2979 2622 urbem,

1891 2640 2051 2696 illam
2086 2642 2355 2697 videlicet
2384 2644 2453 2697 ad
2488 2643 2850 2698 Maeandrum
2888 2643 3084 2699 sitam.

1888 2732 1961 2785 At
1994 2746 2185 2801 neque
2218 2731 2484 2787 Lascaris
2516 2733 2692 2787 rebus
2719 2731 2846 2786 suis
2877 2732 3075 2787 deerat

1891 2818 1989 2889 qui
2025 2818 2413 2889 congregatis,
2448 2824 2734 2890 quotquot
2761 2819 2989 2887 habuit,
3024 2820 3268 2891 viribus,

1891 2922 2174 2977 spemque
2207 2923 2373 2961 suam
2408 2907 2699 2963 collocans
2728 2907 2786 2963 in
2817 2908 3049 2965 Christo
3078 2910 3349 2979 Domino,

1892 2999 2093 3051 contra
2125 2994 2429 3050 sultanum
2465 2997 2605 3051 exiit
2634 2998 2932 3052 audacter.

1889 3084 1998 3139 Sed
2032 3100 2165 3139 mox
2193 3089 2461 3140 conserto
2493 3084 2689 3157 prazlio
2720 3086 3092 3157 gravissimo,

1811 3203 1853 3270 Ο
1892 3172 2149 3228 maxima
2179 3190 2315 3245 pars
2348 3174 2639 3229 exercitus
2665 3176 2901 3230 caasarei

1893 3277 2041 3316 casa
2072 3266 2186 3328 est,
2217 3261 2440 3317 Latinis
2471 3266 2752 3317 constans
2784 3262 3211 3334 stipendiariis,

1896 3354 2208 3422 postquam
2240 3351 2500 3406 ediderat
2528 3356 2767 3407 strenua
2796 3350 3058 3408 facinora
3092 3368 3106 3406 :

1895 3439 2132 3510 gentilis
2159 3444 2354 3495 autem
2388 3445 2589 3495 nostra
2618 3441 2860 3495 confuse
2896 3438 3151 3511 phalanx

1896 3525 2015 3579 acie
2048 3526 2325 3596 profugit,
2360 3526 2561 3596 paucis
2592 3526 2848 3599 exceptis

1897 3612 1995 3683 qui
2031 3628 2239 3685 pugnae
2271 3613 2563 3685 reliquum
2597 3619 3013 3686 exspectarunt
3045 3615 3290 3674 exitum.

1894 3715 2041 3766 Dum
2075 3710 2160 3766 sic
2188 3712 2429 3767 victoria
2461 3712 2732 3769 Barbarie
2765 3714 3005 3781 arridet,

1896 3798 2005 3855 hac
2036 3800 2169 3856 illac
2198 3816 2378 3873 eques
2410 3801 2680 3858 sultanus
2710 3803 2993 3859 oberrans

1897 3888 2225 3944 Romanum
2255 3889 2582 3962 vestigabat
2610 3890 3021 3963 imperatorem
3063 3908 3077 3947 :

1896 3994 2070 4049 quem
2105 3977 2202 4033 ubi
2232 3978 2373 4033 vidit
2401 3977 2656 4050 equitem
2689 3978 2747 4035 in
2782 3980 2978 4048 turba,

1898 4068 2101 4123 robore
2130 4068 2348 4139 proprii
2377 4067 2597 4123 brachii
2630 4068 2889 4125 conlisus

1894 4155 2057 4212 clava
2086 4158 2375 4228 percussit
2400 4161 2688 4213 Casarem
2722 4157 2781 4213 in
2815 4159 3028 4231 capite,

1893 4261 2148 4317 eumque
2178 4244 2453 4319 ephippio
2485 4247 2713 4319 proruit
2744 4246 2803 4302 in
2834 4251 3049 4303 terram

1895 4334 2014 4389 ictu
2046 4335 2363 4405 patientem
2394 4336 2765 4406 vertiginem,
2800 4336 3093 4392 tenebras.

1896 4424 1957 4478 In
1992 4428 2149 4479 tanto
2182 4440 2422 4479 versans
2454 4422 2721 4479 Lascaris
2752 4423 3112 4494 discrimine,

1816 4559 1861 4623 Β
1891 4512 2047 4567 illico
2077 4518 2273 4568 tamen
2306 4512 2579 4584 spiritum
2608 4513 2849 4585 recepit,

1894 4600 2292 4672 divinitusque
2326 4602 2531 4659 robore
2563 4601 2843 4674 repletus,

1898 4690 2145 4761 pedibus
2176 4690 2456 4746 insistens
2486 4689 2685 4762 vigore
2723 4690 3115 4762 magnanimo,

1898 4779 2201 4850 evaginato
2232 4795 2371 4834 ense
2404 4779 2658 4834 succidit
2690 4780 2869 4851 pedes

1900 4868 2124 4923 fortiter
2151 4884 2311 4940 equas
2343 4867 2645 4923 sultanum
2676 4869 2984 4940 gestantis,

1898 4962 2073 5029 atque
2103 4956 2260 5012 hunc
2296 4957 2456 5011 humi
2490 4958 2846 5029 praecipitem
2880 4957 3094 5013 sternit
3128 4973 3143 5017 :

1900 5074 2034 5112 mox
2064 5055 2403 5127 improviso,
2437 5056 2775 5127 incertoque
2806 5061 3064 5125 auctore,

1898 5144 2133 5201 crudele
2162 5151 2339 5217 caput
2367 5146 2601 5202 sultano
2635 5146 2995 5217 praeciditur;

1899 5236 2218 5307 statimque
2251 5236 2321 5290 ad
2354 5240 2586 5291 nostros
2616 5235 2849 5291 transiit
2879 5235 3139 5291 victoria.

1899 5331 2087 5397 Atque
2114 5325 2209 5381 hic
2239 5341 2547 5381 successus
2578 5323 2953 5394 triumphalis
2984 5324 3269 5382 Casarem

1898 5415 2165 5471 barbaris
2199 5415 2333 5470 fecit
2362 5414 2631 5470 hostibus
2662 5413 3006 5470 terribilem.

1897 5512 1955 5561 et
1986 5505 2240 5561 subditis
2262 5504 2595 5575 jucundum
2628 5520 2693 5559 ac
2721 5503 3129 5575 gratissimum
3162 5520 3176 5558 :

1896 5596 2138 5666 insuper
2168 5594 2369 5666 populi
2400 5594 2680 5649 recreavit
2719 5592 2949 5649 animos

1895 5686 2219 5755 idoneaque
2248 5683 2460 5739 ﬁducia
2491 5683 2751 5755 replevit.
