4250 6432
676 378 785 433 283
1884 392 2256 445 aruum!
2292 380 2867 449 CBRONOGBAPHI
3982 389 4101 445 284

680 500 898 555 Exinde
929 518 1129 573 pacem
1163 520 1297 559 cum
1327 507 1590 562 Romano
1622 507 1867 579 imperio
2353 574 2358 583 ,

2353 515 2409 584 Α
2619 513 2889 569 Ἐντεῦθεν
2918 510 3201 567 ἐσπείσατο
3225 509 3514 583 Ῥωμαίων
3542 512 3728 586 κράτει

684 590 937 659 superba
966 607 1110 662 gens
1135 593 1455 649 Turearum
1490 594 1681 652 libens
1712 598 1868 653 iecit.

2614 602 2677 658 Ἡ
2708 603 2835 676 πρὶν
2866 599 3085 670 ἀλαζὼν
3111 600 3349 674 Περσική
3384 600 3543 673 χώρα
3571 600 3854 681 πρόφρων.

686 679 873 742 Quare
904 679 1222 750 imperator
1252 688 1453 754 postea
1483 685 1707 740 Latinis

2615 691 2714 747 Kal
2750 690 2946 745 λοιπὸν
2981 688 3252 766 ἐσχόλαζε
3277 687 3560 761 Ῥωμαίων
3588 679 3805 760 κράτωρ

684 768 956 838 gerendis
987 768 1157 825 bellis
1188 772 1510 843 expeditior
1543 774 1669 831 fuit.

2435 788 2579 845 7625
2616 791 2751 851 Ταῖς
2808 788 2947 864 πρὸς
3000 785 3244 843 Λατίνων
3322 783 3669 859 συμπλοκαῖς
3712 805 3771 841 τε
3825 786 3915 841 καὶ
3977 786 4091 860 μά-

3835 876 4006 954 [χαιςο

2617 966 2720 1022 Καὶ
2751 968 3009 1041 πενθερὸν
3043 963 3101 1020 δὲ
3129 960 3462 1036 προσλαϐὼν
3498 964 3558 1020 ἐκ
3583 968 3684 1030 τῆς
3718 967 3904 1044 μάχης

2616 1057 2871 1128 Τιμήσας
2898 1053 3078 1110 εἰκότα
3107 1075 3167 1110 τε
3194 1056 3285 1108 καί
3316 1055 3446 1130 παρ’
3469 1051 3689 1128 ἐλπίδα,

2617 1145 2942 1222 Ἀπαγαγὼν
2972 1143 3029 1201 δὲ
3059 1147 3196 1221 πρὸς
3224 1144 3387 1201 πόλιν
3416 1145 3682 1220 Νικαέων,

2620 1234 2723 1290 Καὶ
2753 1233 3053 1310 παράσημα
3080 1239 3178 1289 τοῦ
3204 1236 3434 1311 κράτους
3466 1232 3789 1307 ἆπεκδύσας,

2440 1326 2582 1381 7630
2620 1328 2778 1397 Μονῇ
2812 1322 3013 1401 διάγειν
3044 1323 3322 1386 Ὑακίνθου
3352 1324 3646 1396 προσνέμει
3680 1343 3692 1356 ·

2616 1413 2783 1469 Ἔνθα
2814 1406 2989 1476 θανὼν
3020 1407 3179 1487 ἔτυχε
3207 1415 3383 1489 ταφῆς
3415 1409 3659 1489 ἐντίμου⁹

2614 1506 2788 1555 Ταῦτα
2824 1501 2916 1574 μὲν
2950 1500 3092 1555 οὕτω
3123 1495 3318 1571 συνέϐη
3354 1501 3659 1582 Λασκαρίῳ.

2615 1594 2722 1644 Νῦν
2757 1588 3012 1664 βούλεται
3046 1589 3217 1665 λόγος
3252 1586 3592 1659 δεδηλῶσθαι
3630 1588 3792 1645 πάλιν

2615 1679 2745 1753 Περὶ
2776 1677 3008 1756 Μιχαὴλ
3040 1677 3602 1756 ἀγγελωνυμουμὲνου

680 945 847 1001 Nunc
879 946 1072 1002 media
1101 964 1169 1003 ex
1200 966 1395 1021 pugna
1425 968 1625 1008 socero
1658 959 1886 1026 recepto

677 1034 1199 1107 exhibuitjustum
1236 1043 1446 1108 praeter
1474 1058 1636 1112 spem
1672 1042 1953 1115 honorem
1988 1062 2002 1102 :

676 1137 849 1204 atque
879 1149 1008 1187 eum
1045 1134 1336 1190 Nicaenam
1373 1140 1729 1195 transferens
1760 1141 1818 1195 in
1851 1143 2080 1215 urbem,

679 1222 910 1292 imperii
942 1227 1169 1277 tantum
1203 1225 1485 1281 detractis
1516 1227 1870 1301 insignibus,

680 1310 781 1364 dat
811 1310 1121 1381 Hyacinthi
1154 1329 1257 1383 pro
1289 1315 1424 1369 sede
1454 1317 1805 1388 cmnobium,

679 1400 736 1453 in
770 1417 883 1469 quo
915 1401 1245 1468 defunctus,
1279 1405 1561 1474 sepelitur
1594 1408 1922 1479 magnifice.

674 1488 872 1559 Atque
904 1489 987 1543 ita
1017 1505 1079 1543 se
1110 1506 1202 1546 res
1234 1492 1547 1550 Lascareos
1578 1496 1892 1553 habebant.

675 1576 841 1631 Nunc
874 1582 1073 1632 nostra
1104 1578 1349 1635 historia
1380 1582 1591 1638 iterum
1624 1587 1982 1643 convertitur

672 1665 744 1719 ad
777 1664 1117 1720 Michaelem
1152 1676 1541 1739 cognomento
1570 1673 1883 1745 Angelum,

674 1753 775 1825 qui
807 1754 1121 1821 retinebat,
1155 1762 1217 1811 ut
1246 1759 1519 1829 superius
1549 1762 1829 1829 diximus,

2435 1779 2579 1833 7635
2614 1781 2719 1831 Τοῦ
2749 1753 3311 1851 πρὶννκυριεύσαντος,
3344 1776 3419 1838 ὡς
3453 1776 3553 1856 ἔφη
3591 1778 3778 1854 λόγος,

675 1844 973 1898 subditam
1005 1845 1247 1915 Epirum
1280 1853 1534 1903 veterem
1569 1866 1701 1906 cum
1739 1853 1964 1910 Etolia.

2355 1879 2403 1942 Β
2615 1844 2863 1927 Παλαιᾶς
2898 1844 3155 1940 Ἠπείρου
3180 1886 3239 1919 τε
3269 1844 3361 1919 σὺν
3391 1844 3681 1936 Αττὶυλίᾳῇ

675 1932 822 1987 Huic
851 1936 970 1988 tres
1002 1937 1169 1989 erant
1200 1935 1474 1992 Michaeli
1506 1938 1740 2010 fratres,

681 2021 935 2090 Manus],
965 2022 1330 2091 Theodorus,
1364 2030 1421 2081 et
1451 2026 1874 2087 Constantinus
1908 2048 1922 2087 :

681 2137 750 2174 ex
780 2120 997 2191 quibus
1029 2121 1370 2179 Theodorus
1402 2125 1633 2182 Nicaena
1664 2129 1721 2183 in
1757 2131 1899 2186 urbe

683 2210 835 2280 apud
871 2210 1199 2266 Romanum
1231 2215 1577 2270 versabatur
1606 2216 1911 2275 Caesarem.

677 2301 809 2353 Jam
844 2298 986 2369 quia
1016 2298 1137 2354 filio
1169 2298 1430 2372 legitimo
1464 2304 1692 2362 herede

682 2386 1053 2458 principatus
1083 2389 1174 2444 sui
1212 2389 1460 2447 Michael
1495 2397 1734 2452 carebat

684 2478 845 2547 (nam
879 2493 1053 2547 quem
1088 2477 1341 2534 habebat
1372 2481 1595 2538 dictum
1627 2485 1965 2543 Michaelem

688 2565 955 2635 spurium
989 2567 1060 2621 de
1092 2568 1263 2621 vetita
1293 2577 1631 2641 susceperat
1661 2576 1891 2648 copula)

691 2656 876 2709 oravit
905 2656 1190 2711 Caesarem
1224 2662 1288 2712 ut
1320 2674 1386 2714 ex
1413 2660 1543 2715 aula
1577 2662 1689 2719 sibi

2612 1954 2797 2027 Τούτῳ
2821 1954 2974 2028 τριὰς
3008 1955 3224 2030 ὑπῆρχε
3256 1953 3533 2029 συγγόνων
3558 1952 3719 2031 φίλη,

2616 2041 2906 2113 Μανουήλ,
2939 2041 3248 2119 Θεόδωρος,
3278 2043 3367 2097 καί
3400 2047 3808 2108 Κωνσταντῐνος
3840 2062 3853 2081 ο

2617 2133 2739 2208 Ἀφ’
2769 2133 2840 2186 ὧν
2875 2132 2903 2185 ὁ
2936 2126 3216 2203 Θεόδωρος
3247 2129 3298 2185 ἐν
3332 2131 3574 2184 Νικαέων

2436 2223 2580 2277 764ί1
2620 2220 2770 2295 Παρὰ
2805 2217 3022 2295 βασιλεῖ
3052 2214 3315 2293 διὲτριϐεν
3353 2218 3625 2275 Αὐσόνων.

2618 2314 2768 2369 Ἐπεὶ
2804 2310 2861 2367 δὲ
2889 2309 3086 2374 παιδὸς
3113 2311 3339 2389 γνησίου
3370 2308 3636 2386 διαδόχου

2620 2404 2829 2477 Ἀρχῆς
2862 2399 3092 2476 Μιχαὴλ
3127 2397 3264 2462 ἰδίας
3296 2401 3396 2455 ούκ
3425 2400 3662 2475 εὐπόρει,

2621 2493 2703 2564 (Ὁ
2735 2490 2838 2567 γὰρ
2868 2492 2997 2565 παρ’
3029 2489 3174 2562 αὐτῷ
3200 2489 3429 2565 Μιχαὴλ
3462 2488 3806 2563 κεκλημένος

2622 2582 2792 2641 Νόθος
2824 2600 2908 2640 τις
2940 2579 3080 2648 ὑπῆν
3109 2577 3169 2633 ἔκ
3197 2579 3533 2651 παρανόμων
3563 2580 3805 2658 γάμων),

2443 2672 2587 2725 7645
2626 2673 2804 2723 Δεῖται
2835 2671 3163 2745 κρατοῦντος
3190 2670 3285 2721 τοῦ
3316 2664 3603 2742 Θεοδώρου
3633 2668 3807 2743 πέρι,

688 2743 1056 2799 Theodorum
1088 2744 1256 2801 illum
1289 2746 1539 2805 liberum
1572 2753 1915 2811 remitteret.

686 2840 970 2889 Annuens
1001 2834 1191 2890 Caesar
1221 2841 1420 2893 statim
1456 2840 1620 2895 misit
1650 2842 1945 2900 hominem

690 2922 801 2978 fide
824 2924 1026 2994 jurata
1056 2924 1167 2979 sibi
1201 2928 1633 2996 promittentem

686 3016 1168 3068 conservaturum
1201 3015 1466 3072 animum
1500 3019 1833 3077 benivolum

690 3107 867 3173 atque
900 3101 1210 3172 sinceram,
1243 3107 1435 3176 quoad
1466 3107 1706 3175 viveret,
1739 3112 1913 3168 ﬁdem

685 3191 797 3261 ipsi
830 3195 885 3246 et
909 3190 1141 3262 imperii
1175 3209 1386 3264 nempe
1419 3184 1883 3256 successoribus.

684 3280 776 3334 Sic
810 3280 1153 3336 Theodorus
1183 3281 1251 3335 ad
1285 3281 1658 3341 Occidentem
1690 3288 1930 3345 veniens

687 3385 818 3424 cum
851 3368 1131 3425 Michaele
1161 3372 1507 3428 versabatur
1538 3374 1716 3431 fratre

684 3456 924 3526 Etolize,
957 3462 1021 3512 ut
1052 3457 1190 3525 dixi,
1225 3460 1486 3533 principe
1513 3468 1571 3519 et
1600 3465 1778 3535 Epiri.

683 3547 791 3601 Sed
826 3551 1141 3617 postquam
1173 3548 1419 3605 Michael
1455 3553 1771 3610 crudeliter
1799 3571 1987 3613 cessus

686 3653 719 3690 a
747 3636 869 3691 viro
900 3637 992 3691 cui
1026 3636 1289 3693 Romano
1327 3656 1539 3697 nomen
1572 3648 1696 3697 erat

686 3730 862 3781 noctu
896 3725 1125 3797 sopitus
1157 3728 1310 3799 apud
1341 3728 1743 3802 Bellegradum

685 3815 863 3871 vitam
896 3820 1132 3886 repente
1161 3834 1299 3872 cum
1331 3835 1469 3875 nece
1500 3826 1905 3891 commutavit,

685 3913 882 3969 fratris
913 3913 1307 3985 principatum
1338 3917 1678 3977 Theodorus
1710 3924 1941 3996 excipit,

686 4005 805 4057 dux
835 4002 1175 4071 bellicosus,
1211 4010 1488 4062 strenuus
1524 4016 1836 4080 pugnator,

686 4092 833 4148 alter
863 4093 1133 4148 Briareus
1164 4094 1331 4167 gigas
1360 4095 1419 4151 in
1453 4098 1692 4170 praliie,

688 4182 788 4254 qui
822 4198 957 4236 mox
988 4182 1311 4239 fraternum
1345 4187 1759 4257 patrimonium
1795 4207 2017 4265 augens

688 4290 719 4328 e
753 4288 930 4343 parvo
961 4287 1242 4344 magnum
1277 4274 1725 4349 spatiosumque
1757 4282 2028 4353 reddidit,

692 4363 993 4434 proferens
1027 4360 1205 4433 hujus
1236 4362 1609 4437 diiatansque
1641 4367 1819 4437 fines;

2621 2760 2739 2815 Ἵνα
2768 2758 2896 2832 παρ’
2928 2756 3088 2811 αὐτὸν
3120 2756 3330 2834 ἀφεθεὶς
3360 2751 3661 2831 καταλάϐῃ.

2626 2846 2871 2907 Πεισθεὶς
2896 2843 3019 2918 ἅναξ
3047 2847 3305 2925 πέπομφε
3334 2848 3525 2899 τοῦτον
3562 2846 3783 2918 εὐθέως,

2626 2937 2838 2998 Πίστεις
2870 2935 3124 3011 ἐνόρκους
3160 2936 3377 3012 βασιλεῖ
3406 2934 3679 2991 δεδωκότα

2625 3027 2697 3082 Ἥ
2733 3026 2842 3098 μὴν
2874 3025 3127 3102 φυλάξειν
3162 3024 3409 3095 εὖνοϊκήν
3443 3024 3494 3080 οἱ
3525 3027 3717 3101 σχέσιν

2447 3119 2591 3173 7650
2632 3114 2736 3172 Καὶ
2767 3114 2947 3169 πίστιν
2983 3114 3269 3178 ἀνόθευτον
3303 3113 3380 3177 είς
3410 3113 3569 3177 τέλος
3606 3115 3729 3190 βίου

2632 3204 2796 3277 Αότῷ
2824 3225 2883 3260 τε
2912 3201 3092 3275 δήπου
3121 3203 3211 3258 καὶ
3243 3201 3531 3280 διαδόχοις
3559 3206 3813 3281 κράτους.

2631 3296 2821 3360 Οὕτως
2850 3296 3071 3358 ἐπιστὰς
3103 3294 3382 3368 Θεόδωρος
3413 3295 3611 3371 ἑσπέρᾳ

2627 3393 2803 3463 Συνῆν
2838 3382 3059 3462 ἀδελφῷ
3090 3383 3345 3460 Μιχαὴλ,
3381 3386 3454 3447 ὡς
3483 3383 3543 3439 ἂν
3577 3385 3737 3464 ἔφην,

2623 3472 2896 3531 Αἰτωλίας
2930 3471 3156 3547 ἄρχοντι
3187 3471 3276 3526 καὶ
3306 3479 3405 3541 τῆς
3437 3474 3716 3547 Ἠπείρου.

2444 3575 2587 3630 7655
2624 3573 2775 3629 Ἐπεὶ
2808 3567 2855 3624 δ’
2884 3567 3104 3641 ἀπηνῶς
3134 3567 3367 3645 Μιχαὴλ
3402 3571 3625 3649 σφαγεὶς
3655 3570 3702 3642 ξε

3746 3593 3791 3626 ει

2642 3593 2775 3629 ιβπει
2808 3593 2835 3624 ο
2884 3593 3104 3641 απηνως
3134 3593 3367 3645 ινιιχαηΑ
3402 3593 3625 3649 σφαγεις
3655 3593 3701 3642 ξι
3746 3593 3791 3626 ει

2626 3660 2767 3735 Πρὸς
2797 3655 2989 3732 ἀνδρὸς
3022 3657 3163 3712 οὕτω
3189 3659 3466 3732 Ῥωμαίου
3495 3593 3864 3744 κεκλημῖνου,

2625 3748 2836 3809 Νυκτὸς
2865 3743 3139 3802 καθεύδων
3169 3744 3222 3806 ἂν
3253 3743 3642 3824 Βελλεγράδων
3675 3747 3824 3832 δ’ροις

2623 3835 2917 3909 Ἐξαπίνης
2949 3834 3179 3890 λέλοιπε
3207 3832 3364 3890 τόνδε
3393 3836 3487 3891 τὸν
3523 3836 3666 3913 βίον,

2627 3926 2841 4003 Ἀρχὴν
2875 3922 3115 4004 ἀδελφοῦ
3146 3921 3425 4001 Θεόδωρος
3459 3915 3729 3998 λαμϐάνει

2445 4020 2589 4074 7660
2628 4015 2798 4090 Ἀνήρ
2828 4012 3148 4089 στρατηγὸς,
3180 4012 3434 4082 εὖσθενής
3461 4013 3551 4068 καὶ
3576 4012 3854 4097 γεννάδας,

2625 4104 2784 4178 Γίγας
2811 4101 3110 4179 Βριαόχειρ
3138 4123 3223 4165 τις
3252 4101 3373 4173 ὀξὺς
3402 4101 3454 4157 ἐν
3492 4094 3697 4179 μάχαις
3729 4125 3743 4141 ο

2625 4195 2723 4255 “Oc
2754 4185 3091 4269 παραλαϐὼν
3128 4191 3398 4267 συγγόνου
3428 4190 3795 4273 κληρουχίαν,

2629 4283 2843 4359 ’ἀρχήν
2874 4302 2932 4336 τε
2965 4282 3162 4357 μικρὰν
3197 4273 3475 4357 εύόριστον
3507 4283 3777 4354 καθάπαξ,

2630 4363 2891 4443 Ηύξησεν,
2924 4368 3191 4425 ἒπλάτυνε
3217 4369 3421 4441 ταύτης
3449 4371 3577 4434 τοὺς
3610 4360 3770 4449 ὅρους

691 4450 1205 4523 Bulgarorumque
1234 4456 1291 4507 et
1324 4453 1598 4510 Italorum
1634 4458 1904 4527 urbibus,

689 4541 938 4614 Illyricis
969 4540 1200 4611 oppidis
1232 4545 1289 4596 et
1319 4542 1655 4600 Triballicis

688 4632 952 4689 efficiens
984 4629 1330 4702 opulentum
1364 4636 1421 4686 et
1452 4633 1801 4706 amplicans.

688 4723 761 4778 Ut
791 4720 946 4776 enim
984 4720 1190 4791 paucis
1222 4722 1435 4792 dicam,
1471 4722 1583 4778 sibi
1618 4726 1883 4781 subdidit

2454 4476 2598 4530 7665
2635 4473 2730 4526 Ἐκ
2757 4468 3091 4547 Βουλγάρων
3118 4475 3246 4545 γῆς,
3277 4468 3558 4527 Ἰταλικῶν
3592 4468 3818 4548 ἀστέων,

2377 4592 2424 4656 D
2631 4558 2920 4634 Ἰλλυριῶν
2954 4579 3011 4613 τε
3037 4557 3125 4612 καὶ
3156 4553 3443 4656 Τριϐαλῶν
3475 4559 3703 4656 χωρίων

2632 4648 2847 4719 Ταύτην
2882 4647 3146 4720 ἐπαύεων,
3180 4646 3437 4725 εὐρύνων,
3473 4647 3815 4727 μεγαλύνων,

2631 4740 2835 4809 Ἔθηκε
2859 4736 2948 4791 καὶ
2978 4737 3076 4815 γὰρ
3112 4736 3198 4820 ὑφ’
3228 4736 3439 4810 ἑαυτὸν,
3470 4738 3544 4801 ὡς
3577 4732 3729 4816 ἔπος,

2633 4824 2886 4903 Ἀχρίδα,
2919 4826 3008 4887 καὶ
3040 4825 3351 4911 Πρίλαπον,
3386 4828 3739 4905 Πελαγονίαν,

2453 4921 2597 4975 7670
2637 4916 2741 4971 Σὺν
2773 4921 2889 4979 τοῖς
2922 4912 3075 4992 πέριξ
3101 4917 3265 4975 ἅπασι
3296 4918 3557 4996 χωρίοις,
3587 4919 3780 4980 τόποις

688 4811 1023 4877 Achridem,
1060 4808 1378 4881 Prilapum,
1411 4810 1815 4885 Pelagoniam,

686 4917 821 4957 cum
856 4899 983 4955 suis
1015 4899 1170 4971 agris
1203 4903 1259 4954 et
1290 4900 1526 4973 oppidis
1558 4902 1851 4960 finitimis.

685 4989 1047 5046 Thessaliam
1086 4986 1391 5061 occupavit
1423 5007 1555 5046 cum
1584 4992 1823 5062 Achaia,

684 5085 742 5135 et
771 5078 1172 5135 Macedoniam
1206 5094 1338 5133 cum
1371 5078 1635 5135 Thraciae
1668 5084 1978 5154 particula,

687 5176 1033 5234 Dalmatiam
1067 5175 1377 5247 acquisivit
1408 5194 1541 5232 cum
1576 5179 1899 5252 Epidauro,

684 5267 863 5339 Illyrii
896 5270 1171 5329 tractum,
1208 5265 1557 5322 monticolas
1589 5267 1868 5339 Albanos,

687 5358 797 5413 Sed
834 5353 979 5410 nihil
1015 5354 1150 5410 huic
1176 5358 1400 5409 tantam
1432 5354 1679 5427 gloriam
1715 5360 1943 5431 peperit

683 5451 963 5517 quantam
1001 5444 1151 5499 Petri
1189 5444 1372 5499 Latini
1402 5444 1595 5500 clades
1628 5447 1957 5519 splendida.

684 5536 787 5590 Hic
820 5534 960 5606 quia
994 5550 1251 5589 sororem
1286 5534 1344 5587 in
1378 5534 1653 5606 conjugio
1685 5536 1940 5594 habebat

682 5626 863 5679 Errici
899 5630 955 5679 et
989 5624 1252 5678 Balduini
1286 5623 1732 5693 imperatorum,

682 5732 716 5769 a
750 5715 899 5785 Papa
932 5719 1247 5769 coronatus
1280 5712 1519 5767 Latinus
1549 5713 1758 5781 Caesar,

2635 5011 2838 5081 Κρατεῖ
2867 5005 3164 5068 Θεσσαλίας
3195 5027 3253 5061 τε
3274 5005 3367 5063 σὺν
3401 4998 3624 5083 Ἀχαίᾳ,

2633 5094 2972 5157 Μακεδονίας
2996 5096 3087 5150 καὶ
3122 5096 3322 5179 μέρους
3348 5096 3495 5159 τινὸς
3524 5096 3762 5175 Θρᾴκης,

2635 5187 2795 5266 Αἱρεῖ
2824 5183 3137 5258 Δαλματίαν
3168 5206 3227 5246 τε
3257 5184 3349 5239 σὺν
3378 5184 3721 5264 Ἐπιδάμνῳ,

2635 5272 2918 5349 Ἰλλυρίδα
2947 5281 3072 5355 γῆν,
3108 5268 3410 5337 ’Δλϐανοὺς
3442 5276 3794 5355 όριτρόφους.

2453 5367 2597 5421 7675
2638 5363 2782 5439 Εὐρὺ
2814 5361 2873 5418 δε
2902 5364 2953 5418 οἱ
2985 5352 3173 5434 τίθησι
3205 5363 3421 5441 μᾶλλον
3447 5367 3511 5419 τὸ
3540 5352 3701 5428 κλέος

2634 5455 2699 5509 Ἡ
2729 5455 2868 5508 κατᾶ
2898 5454 3108 5527 Πέτρου
3138 5453 3374 5509 Λατίνου
3406 5452 3638 5531 λαμπρὰ
3666 5456 3815 5528 νίκη.

2639 5538 2895 5618 Γαμὸρὸς
2924 5544 3024 5623 γὰρ
3057 5544 3219 5604 οὗτος
3250 5541 3326 5605 εἷς
3354 5542 3597 5622 ἀδελφὴν
3628 5547 3916 5623 τυγχάνων

2635 5630 3177 5710 ἘρῥῆιΒαλδουΐνου
3206 5654 3264 5688 τε
3292 5638 3399 5688 τῶν
3438 5634 3731 5710 βασιλέων,

2635 5723 2776 5796 Πρὸς
2802 5724 2955 5777 πάπα
2986 5723 3231 5797 χρισθεῖς
3264 5721 3341 5785 εἴς
3374 5724 3693 5800 κρατάρχην
3725 5725 4011 5799 Λατίνων,
