4250 6432
157 381 267 439 285

158 509 301 563 7680
341 504 510 581 Ἐῥρῆ
541 507 816 578 θανόντος,
840 507 918 569 είς
940 507 1203 577 Βύζαντος
1225 507 1446 581 έστάλη.

344 594 438 655 Εἲς
471 592 844 666 Ἐπιδαμνίων
878 594 935 650 δὲ
964 597 1197 672 κατάρας
1226 596 1412 655 πόλιν.

347 684 426 737 Δι’
464 679 744 739 Ἀλϐανῶν
777 682 1001 739 ἔσπευδε
1025 688 1125 755 τήν
1153 686 1560 743 Κωνσταντίνου

348 772 503 829 Μετὰ
533 778 784 847 στρατιᾶς
812 769 1141 829 καταλαϐεῖν
1172 774 1409 830 εύόπλου

347 858 524 916 Ἀλλὰ
552 863 865 937 προφθάσας
896 860 1179 937 Θεόδωρος
1209 862 1460 939 γεννάδας

160 960 305 1014 7685
346 961 554 1015 Τοῦτον
585 964 882 1032 τροποῦται
912 960 1000 1015 καὶ
1032 966 1153 1031 νικᾷ
1180 964 1317 1016 κατᾶ
1345 964 1544 1037 κράτος

344 1048 527 1103 Αὗτύν
558 1068 615 1101 τε
644 1048 735 1101 καὶ
762 1049 1066 1121 στράτευμα
1092 1048 1218 1114 δοὺς
1256 1048 1424 1123 ἄρδην
1457 1051 1593 1129 ξίφει

348 1137 495 1211 Πρὸς
525 1134 708 1190 τοῖσδε
740 1137 1047 1213 Δυῤῥάχιον
1080 1140 1224 1213 αἱρεῖ
1260 1142 1358 1209 τήν
1390 1140 1576 1211 πόλιν,

347 1224 449 1279 Καὶ
479 1227 728 1298 στρατιὰν
765 1226 860 1296 μὲν
892 1226 1189 1299 ἐμπιμπλᾷ
1219 1228 1339 1283 λεία
1369 1230 1607 1300 σκύλων,

347 1314 544 1375 Ἀὐτὸς
574 1312 632 1369 δὲ
665 1313 942 1390 βασίλειον
976 1315 1171 1394 ε’ίληφε
1201 1320 1415 1395 στέφος,

158 1404 305 1462 7690
352 1405 557 1478 [Ιέτρνυ
586 1405 848 1466 πεσόντος
869 1407 1007 1460 κατὰ
1042 1408 1254 1481 μάχην,
1287 1408 1363 1469 ὡς
1394 1406 1548 1485 ἔφην.

346 1493 523 1553 Οὗτος
555 1491 833 1547 πλατύνας
866 1496 1112 1569 εὐτυχῶς
1134 1495 1315 1571 ἀρχῆς
1349 1498 1510 1573 ὅρους

346 1583 482 1641 Ταῖς
515 1578 974 1651 ἀλλεπαλλήλοις
1003 1603 1060 1637 τε
1088 1585 1393 1653 κεπφωθεὶς
1423 1585 1623 1655 νίκαις,

352 1670 444 1725 Ἐν
474 1671 559 1730 οἷς
590 1669 811 1744 ὑπῆρχε
839 1670 1161 1745 προσμένειν
1195 1673 1295 1728 οὐκ
1323 1674 1528 1749 ἠγάπα.

352 1754 533 1813 Ἀλλὰ
561 1764 750 1835 φρονεῖ
779 1760 920 1835 μέγα
945 1781 998 1814 τι
1024 1760 1115 1815 καὶ
1146 1763 1272 1837 παρ’
1302 1761 1475 1835 ἀξίαν.

162 1855 314 1911 7695
353 1856 665 1927 Φημίζεται
698 1861 829 1931 γοῦν
860 1852 1120 1920 ϐασιλεὺς
1151 1858 1504 1935 αὐτοκράτωρ

352 1946 478 2001 Τῶν
505 1945 580 1999 ὧν
611 1951 886 2020 κατῆρχεν
918 1946 1120 2001 ἀστέων
1153 1949 1243 2003 καὶ
1272 1949 1519 2024 χωρίων,

348 2033 606 2110 Στεφθεὶς
634 2032 877 2110 κεφαλὴν
912 2033 1174 2109 βασιλικῇ
1203 2037 1382 2109 ταινίᾳ

345 2122 482 2194 Παρ¹
504 2121 803 2195 ἆρχιθύτου
836 2122 1163 2199 Βουλγάρων
1195 2124 1537 2200 Δημητρίου.

345 2210 480 2271 Θεὸς
512 2207 560 2263 δ’
600 2208 931 2281 ἐπευδόκησε
962 2213 1175 2276 τούτοις
1207 2213 1475 2278 οὺδόλως.

156 2302 307 2355 7700
349 2300 517 2354 Μιτεῖ
545 2300 649 2374 γὰρ
678 2297 855 2363 ὅντως
889 2302 1267 2379 ὑπερηφάνους
1296 2305 1503 2383 φύσεις,

346 2389 512 2444 ’Ὁθεν
546 2385 703 2458 δίκην
733 2386 966 2445 δέδωκεν
996 2391 1215 2467 ὕστερον
1250 2395 1507 2469 θράσους,

351 2471 549 2531 Σϐέσιν
585 2478 821 2540 ὑποστὰς
854 2484 952 2534 τοῦ
983 2482 1154 2553 φάους
1183 2485 1291 2535 τῶν
1323 2483 1613 2556 ὀμμάτων.

352 2565 504 2621 Κατὰ
540 2566 730 2641 μάχην
762 2566 906 2621 οὕτω
932 2566 991 2622 δὲ
1022 2570 1339 2633 κτανθέντος
1369 2573 1597 2646 Πέτρου,

355 2654 518 2708 Παισί
550 2656 597 2708 τ’
626 2653 715 2709 ἐπὶ
744 2657 959 2730 τέτρασι
994 2655 1251 2721 λιπόντος
1289 2659 1428 2735 βίον.

170 2746 324 2799 7705
364 2744 704 2817 Ῥομπέρτῳ,
732 2742 1003 2818 Φιλίππῳ
1022 2768 1081 2802 τε
1109 2749 1196 2802 καὶ
1233 2748 1571 2823 Βαλδουίνῳ,

360 2833 506 2907 Πρὸς
536 2829 665 2903 τῇδε
691 2838 791 2905 μιᾷ
816 2836 1041 2910 θυγατρὶ
1070 2841 1139 2910 τῇ
1170 2838 1374 2912 Μαρίᾳ.

356 2920 574 2975 Τούτων
606 2929 912 2998 κραταρχεῖ
938 2925 1272 3001 Ῥομπέρτος
1303 2926 1619 2997 Βυζαντίδος

363 3014 654 3089 Πράγμασι
684 3033 773 3068 κοι
806 3020 891 3076 οῖς
927 3015 1190 3087 μαλακῶς
1221 3018 1590 3094 κεχρημένος,

364 3104 500 3160 Μετ’
528 3102 725 3179 Ἐρῤῆν
757 3105 1087 3181 κατάρξαντα
1113 3109 1206 3164 τὸν
1233 3112 1531 3181 τεθνηκότα

174 3202 330 3258 7710
368 3197 641 3274 Ἀνδρεῖον
675 3199 844 3276 ἄνδρα
871 3205 959 3258 καὶ
992 3208 1131 3259 πάνυ
1166 3206 1474 3281 ῥωμαλέον.

365 3288 498 3345 Εἶτα
534 3291 649 3361 μετ’
679 3291 839 3345 αὐτὸν
873 3291 1141 3368 σύγγονος
1165 3293 1486 3370 Βαλδυῖνος,

364 3379 600 3453 Μέτριος
632 3378 791 3455 ἀνὴρ,
822 3384 1183 3459 σωφρονικὸς,
1219 3386 1451 3459 χαρίεις,

369 3468 487 3544 Ἐφ’
522 3468 582 3521 οὗ
613 3473 942 3543 κρατοῦντος
972 3473 1007 3540 ἡ
1044 3475 1448 3531 Κωνσταντίνου
1473 3476 1639 3541 πόλις

372 3558 731 3630 ,Επανεσώθη
764 3560 1055 3633 Ῥωμαίων
1086 3564 1415 3641 κραταρχίᾳ.

184 3647 338 3703 7715
375 3646 441 3702 Ἣ
476 3642 523 3700 δ’
554 3646 620 3700 αὗ
652 3648 835 3723 Μαρία
864 3651 1000 3725 πρὸς
1032 3653 1213 3727 γάμου
1242 3653 1525 3711 κοινωνίαν

369 3735 466 3807 Τῷ
500 3735 794 3812 Δασκαρίῳ
826 3739 1044 3814 βασιλεῖ
1073 3742 1336 3819 συνεζύγη

376 3824 608 3898 Πρὼτης
638 3829 893 3901 γυναικὸς
925 3827 1308 3895 ὶκλελοιπυίας
1342 3833 1483 3908 βίον,

369 3916 485 3983 Τῆς
517 3912 565 3969 δ’
588 3914 660 3971 ἆκ
688 3915 934 3973 Κιλίκων
968 3916 1218 3997 δευτέρας
1249 3921 1329 3985 εἷς
1357 3921 1592 3999 πατρίδα

376 4005 474 4058 Διά
501 4025 553 4058 τι
584 4010 745 4077 μῖσος
780 4007 1234 4087 ἆποπεμφθείσης
1266 4010 1454 4069 πάλιν.

190 4103 345 4159 7720
382 4102 558 4166 Οὗτος
581 4105 1013 4184 γυναικάδελφον
1048 4108 1211 4165 αὐτοῦ
1237 4111 1573 4186 Ῥομπέρτον

372 4190 470 4252 Εἰς
496 4189 760 4248 Εύδοκίαν
791 4198 891 4265 τὴν
922 4197 1109 4273 τρίτην
1143 4198 1446 4277 θυγατέρων

381 4277 641 4335 Σπεύδων
669 4282 889 4359 ἀγαγεῖν
916 4281 1163 4362 γαμϐρὸν
1194 4289 1416 4363 ἀδέσμῳ
1439 4289 1652 4369 τρόπῳ.

375 4370 537 4443 Ἔριν
568 4370 729 4439 ἐνῆκε
753 4373 1102 4451 ποιμενάρχῃ
1129 4381 1211 4449 τῷ
1236 4378 1359 4433 τότε

378 4460 474 4530 Τῷ
504 4458 805 4539 Φιλοσόφῳ
834 4463 1098 4536 Μανουήλ
1136 4464 1460 4541 κεκλημένῳ

190 4550 343 4603 7725
381 4548 477 4615 Μὴ
510 4550 954 4623 συγκατανεύοντι
985 4551 1128 4630 τῷδε
1153 4559 1233 4627 τῷ
1254 4557 1438 4631 γάμῳ.

382 4638 516 4698 Θεὸς
546 4635 605 4693 δὲ
634 4635 754 4693 λύει
782 4639 881 4709 τήν
902 4642 1339 4719 ἀθεσμογαμίαν,

385 4725 522 4801 Πρὶν
554 4727 589 4796 ἢ
620 4728 860 4803 γενέσθαι
890 4728 1074 4802 τήνδε,
1104 4738 1201 4787 τοῦ
1232 4732 1497 4810 βασιλέως

386 4816 516 4873 Βίον
546 4817 638 4871 τὸν
664 4819 1003 4895 ἀνθρώπινον
1033 4820 1444 4887 ἐκλελοιπότος.

386 4908 507 4963 "En
540 4911 943 4984 κραταρχοῦντί
970 4932 1033 4985 γε
1060 4916 1140 4984 τῷ
1172 4913 1462 4989 Λασκαρίῳ

194 5000 347 5054 7730
390 4999 691 5073 Πράγματα
720 4998 907 5055 πολλᾶ
935 5001 1025 5055 καὶ
1057 5003 1265 5075 μακρὰς
1294 5002 1531 5077 ἀγωνίας

386 5085 585 5163 Ἐῤῥῆς
614 5094 876 5164 παρεῖχεν
918 5091 946 5145 ὁ
970 5094 1186 5166 κρατῶν
1214 5092 1552 5162 Βυζαντίδος,

391 5177 578 5241 Τιθείς
611 5179 691 5241 ὑθ³
720 5178 883 5233 αὐτὸν
914 5179 1199 5252 Ἀωμαϊκᾶ
1226 5181 1431 5256 χωρία,

386 5266 685 5337 Λεηλατῶν
716 5288 776 5323 τε
805 5268 894 5323 καὶ
926 5268 1279 5345 κατατρέχων
1312 5270 1527 5334 πόλεις·

393 5359 730 5431 Δραστήοιος
757 5359 860 5434 γὰρ
889 5358 981 5413 καὶ
1012 5359 1268 5435 σθεναρὸς
1300 5358 1374 5415 ὣν
1407 5359 1576 5437 χέρας

202 5451 356 5505 7735
422 5447 523 5502 Καὶ
553 5448 689 5523 πρὸς
723 5448 905 5523 μάχας
926 5444 1176 5521 ἕτοιμος,
1208 5446 1457 5529 ἄντικρυς
1483 5453 1674 5527 υΑρης,

431 5539 517 5595 Τά
542 5537 829 5609 Ῥωμαϊκὰ
860 5534 905 5592 δ’
936 5538 1277 5609 ἠσθενηκότα
1301 5538 1541 5616 βλέπων·

432 5626 536 5683 Καὶ
570 5623 784 5698 μᾶλλον
816 5626 904 5703 ἀφ’
937 5627 1000 5681 οὗ
1031 5626 1332 5683 σουλτάνου
1363 5630 1693 5707 κατισχύσας

440 5715 709 5789 Λάσκαρις
737 5714 861 5788 ἅναξ
893 5710 1160 5773 ἀπέϐαλεν
1184 5718 1419 5784 ἱππότας

1681 385 2041 442 ΟΒΒΔΒΚΘ.

1836 512 1892 576 Α
1922 508 2195 563 defuncto
2230 504 2444 569 Errico,
2479 503 2697 557 missus
2726 505 2817 557 est
2848 499 3209 570 Byzantium.

1920 599 2106 666 Atque
2136 592 2559 665 Dyrrhachium
2591 590 2821 645 delatus
2851 590 2922 644 ad
2964 588 3190 653 urbem,

1922 700 2055 739 mox
2086 699 2186 755 per
2214 682 2468 736 Albanos
2502 679 2708 735 itinere
2744 678 2998 749 pedestri

1925 774 2047 827 ibat
2079 771 2415 841 Byzantium
2447 786 2580 825 cum
2612 768 2901 825 instructo
2932 764 3209 821 exercitu.

1923 862 2032 917 Sed
2066 865 2435 916 antevertens
2466 858 2805 913 Theodorus
2836 858 3115 911 strenuus

1924 955 2162 1005 Petrum
2196 948 2413 1020 insigni
2448 946 2697 1018 perculit
2725 944 2987 1010 victoria,

1926 1040 2120 1111 ipsum
2152 1054 2282 1093 cum
2314 1041 2433 1092 toto
2465 1036 2720 1091 exercitu
2752 1032 2982 1089 delevit.

1928 1128 2139 1184 Urbem
2169 1125 2306 1197 quin
2341 1124 2515 1180 etiam
2549 1122 2736 1179 tenuit
2766 1120 3211 1193 Dyrrhachium,

1927 1231 2220 1287 suumque
2252 1215 2445 1286 praeda
2473 1213 2677 1267 ditavit
2706 1210 3018 1266 exercitum
3056 1225 3069 1263 :

1928 1314 2053 1384 ipse
2084 1310 2335 1384 regalem
2369 1310 2562 1364 induit
2587 1323 2882 1371 coronam,

1929 1403 1987 1457 in
2021 1402 2141 1456 acie
2173 1400 2358 1469 Petro,
2391 1404 2455 1453 ut
2488 1398 2765 1466 diximus,
2794 1396 3006 1450 occiso.

1930 1498 2067 1546 Nam
2101 1496 2271 1545 aucta
2302 1507 2407 1544 sua
2441 1487 2680 1543 feliciter
2710 1486 2931 1539 ditione

1930 1588 1987 1638 et
2014 1579 2332 1634 cumulatis
2360 1578 2547 1633 elatus
2577 1576 2835 1631 victoriis

1930 1686 2044 1725 non
2079 1669 2188 1724 fuit
2216 1670 2525 1723 contentus
2554 1663 2864 1736 acquisitis
2893 1662 3127 1733 opibus,

1930 1760 2031 1815 sed
2063 1759 2134 1813 ad
2167 1758 2391 1827 majora
2424 1760 2630 1827 praeter
2659 1754 2745 1811 fas
2776 1751 3081 1818 anhelans,

1852 1861 1898 1925 Β
1929 1849 2343 1919 imperatorem
2373 1844 2653 1900 Caesarem
2686 1858 2747 1897 se
2778 1841 2924 1897 dixit

1927 1936 2057 2006 ejus
2087 1950 2214 2005 quae
2246 1932 2359 1988 sibi
2387 1934 2626 1987 suberat
2651 1929 2925 1986 ditionis:

1929 2031 2105 2097 atque
2136 2023 2316 2095 regali
2349 2026 2657 2078 coronatur
2686 2023 2998 2076 stemmate

1931 2132 1964 2169 a
1995 2113 2379 2183 Bulgarorum
2412 2109 2700 2166 Demetrio
2730 2104 3164 2178 archipresule.

1931 2203 2040 2258 Sed
2074 2202 2228 2256 Deus
2259 2217 2379 2255 rem
2414 2204 2638 2271 gestam
2671 2197 2915 2252 minime
2943 2193 3229 2268 probavit,

1932 2292 2032 2365 qui
2065 2295 2286 2347 mentes
2316 2290 2442 2345 odit
2470 2288 2779 2345 hominum
2810 2285 3121 2359 superbas.

1931 2382 2318 2448 Quamobrem
2350 2379 2599 2437 Michael
2625 2393 2817 2435 seram
2849 2374 2962 2432 luit
2990 2388 3220 2453 pmnam

1935 2478 2185 2543 utroque
2213 2469 2437 2525 lumine
2468 2468 2711 2524 orbatus
2742 2464 3070 2523 oculorum.

1936 2560 2141 2616 Petrus
2172 2557 2228 2615 in
2261 2574 2457 2631 pugna
2485 2555 2775 2629 spoliatus
2803 2554 2924 2610 vita

1936 2653 2192 2721 quatuor
2218 2646 2461 2719 reliquit
2490 2645 2706 2701 liberos
2737 2641 3111 2715 superstites,

1939 2738 2256 2793 Robertum
2283 2739 2340 2792 et
2371 2733 2707 2807 Philippum
2739 2748 2806 2789 ac
2840 2730 3212 2795 Balduinum,

1939 2831 2216 2899 praeterea
2246 2824 2424 2881 ﬁliam
2460 2824 2739 2880 feminam
2771 2822 3035 2878 Mariam.

1939 2916 2020 2971 Ex
2050 2914 2144 2970 his
2173 2914 2465 2970 Robertus
2496 2913 2805 2985 imperavit
2833 2909 3118 2981 Byzantii,

1941 3007 2042 3063 sed
2075 3005 2500 3062 administrans
2530 3004 2738 3076 ignave
2765 2999 3214 3073 rempublicam,

1943 3099 2075 3169 post
2100 3094 2219 3151 vita
2245 3094 2513 3150 functum
2542 3091 2828 3149 Casuram
2857 3090 3123 3147 Erricum

1863 3212 1906 3280 α
1944 3190 2251 3241 strenuum
2283 3182 2471 3239 virum
2498 3190 2553 3238 et
2580 3181 2754 3254 plane
2782 3178 3193 3237 fortissimum.

1944 3281 2082 3337 Post
2110 3280 2274 3337 illum
2310 3279 2484 3335 frater
2512 3278 2776 3351 regnavit
2804 3274 3126 3333 Balduinus

1948 3371 2249 3428 modestus
2277 3372 2363 3426 vir
2391 3374 2450 3426 et
2477 3374 2814 3441 temperans
2844 3383 2912 3423 ac
2939 3367 3236 3439 gratiosus

1946 3475 2063 3531 quo
2093 3458 2457 3529 dominante,
2488 3455 2859 3514 Constantini
2887 3453 3097 3513 civitas

1948 3550 2019 3605 ad
2051 3549 2446 3606 Romanorum
2474 3546 2646 3604 rediit
2676 3545 3013 3619 imperium.

1954 3638 2096 3695 Petri
2130 3638 2309 3694 Maria
2338 3637 2460 3693 filia
2489 3635 2739 3709 nuptiali
2770 3634 3004 3692 vinculo

1950 3727 2289 3800 imperatori
2321 3726 2548 3783 Lascari
2577 3725 2982 3798 conjungitur,

1950 3819 2053 3891 qui
2085 3832 2326 3874 uxorem
2356 3816 2607 3889 primam
2640 3817 2875 3873 ﬂeverat
2900 3812 3277 3879 exstinctam,

1952 3905 2273 3963 secundam
2304 3914 2494 3963 autem
2526 3904 2703 3962 Cilica
2730 3906 2905 3977 gente
2935 3906 3137 3961 natam

1953 3996 2150 4052 nescio
2180 4011 2297 4067 quo
2326 3995 2460 4050 odio
2490 3994 2548 4050 in
2580 3994 2829 4068 patriam
2863 3991 3188 4051 remiserat.

1953 4092 2112 4149 Idem
2147 4092 2460 4149 llobertum
2492 4092 2764 4165 conjugis
2792 4104 3141 4165 germanum

1953 4182 2193 4256 Optabat
2221 4198 2523 4254 generum,
2550 4187 2755 4238 contra
2784 4182 2872 4238 fas
2901 4178 3173 4238 Ecclesia

1946 4272 2216 4346 jugando
2246 4272 2479 4330 tertiam
2510 4270 2696 4329 ﬁliam
2727 4270 3067 4330 Eudociam.

1955 4361 2097 4418 Cum
2126 4360 2391 4418 Manuele
2421 4361 2753 4434 patriarcha
2776 4359 3040 4434 jurgium

1958 4450 2092 4505 hinc
2122 4454 2318 4505 ortum
2353 4454 2462 4520 est,
2495 4450 2843 4524 philosopho
2870 4449 3189 4525 appellato,

1881 4569 1929 4636 Β
1960 4538 2300 4636 huiusmodi
2329 4545 2568 4636 vetante
2582 4556 2664 4636 ne
2693 4540 2901 4597 fierent
2929 4538 3167 4636 nuptis.

1964 4630 2075 4687 Sed
2107 4636 2262 4687 Deus
2292 4630 2528 4702 abrupit
2554 4630 2827 4688 illicitum
2858 4628 3198 4701 conjugium
3233 4643 3248 4686 :

1965 4720 2129 4794 prius
2160 4737 2336 4793 quam
2370 4722 2525 4777 enim
2558 4721 2745 4790 fieret,
2774 4721 2900 4794 ipse
2930 4719 3121 4776 Cassar

1964 4811 2235 4868 humanas
2264 4810 2393 4866 vitae
2421 4812 2739 4868 terminum
2773 4810 3073 4882 imposuit.

1963 4914 2243 4967 Caeterum
2274 4910 2463 4966 adhuc
2493 4911 2818 4984 imperante
2849 4913 3111 4979 Lascare,

1969 4998 2265 5056 molestias
2295 4998 2535 5069 multas,
2564 4998 2764 5071 praelia
2788 4997 3019 5054 diutina

1969 5089 2224 5162 Byzantii
2258 5088 2535 5146 dominus
2563 5088 2801 5145 Erricus
2831 5086 3114 5159 exhibuit,

1968 5182 2108 5236 dum
2140 5179 2252 5236 sibi
2285 5179 2549 5235 Romana
2580 5178 2797 5251 oppida
2826 5176 3163 5249 subjiceret,

1970 5287 2073 5325 sus
2105 5269 2289 5341 deque
2318 5268 2493 5325 urbes
2522 5268 2822 5341 diriperet,
2849 5272 3064 5340 ageret.

1970 5359 2073 5413 Vir
2104 5359 2259 5414 enim
2288 5363 2411 5414 erat
2440 5358 2669 5425 efficax,
2698 5358 2831 5413 forti
2866 5373 3067 5427 manu,

1975 5453 2165 5504 alacer
2195 5448 2263 5503 ad
2295 5464 2520 5520 pugnae
2554 5463 2807 5520 semper,
2842 5451 2899 5503 et
2928 5446 3099 5503 Marti
3131 5446 3256 5520 pari
3290 5462 3304 5501 :

1977 5540 2075 5610 qui
2106 5554 2241 5594 cum
2270 5538 2566 5593 Romanos
2593 5537 2930 5594 laborantes
2959 5542 3242 5607 cerneret,

1978 5628 2298 5703 praesertim
2331 5628 2470 5699 quia
2498 5628 2638 5683 dum
2671 5628 2972 5683 sultanum
3004 5625 3323 5683 debellaret

1980 5715 2245 5773 Lascaris
2276 5715 2484 5786 Caesar,
2512 5717 2741 5787 equites
2775 5715 3054 5772 amiserat
