4250 6432
665 411 773 467 287
1881 416 2249 470 ΕΡΗΒΒΜΙῙ
2295 416 2343 469 Οἱ

1881 416 2249 470 ΕΡΗΒΒΜΙῙ
2295 416 2866 476 CHRONOGRAPHI

667 534 843 589 Italos
873 534 1026 588 viros
1058 537 1335 589 strenuos
1370 538 1686 591 mavortios
1719 553 1733 593 ε

666 627 947 693 perpetuo
978 630 1207 677 nostros
1239 622 1565 678 lacessebat
1597 624 1768 681 bello.

665 711 816 775 Quin
850 727 981 764 cum
1018 710 1081 764 in
1116 711 1335 765 finibus
1368 711 1669 767 obviarent
1699 712 1869 783 nulli,

668 803 834 854 tanta
863 803 953 853 est
985 798 1176 853 elatus
1206 800 1565 855 confidentia
1599 802 1858 870 Erricus,

670 893 735 942 ut
765 903 955 958 usque
986 886 1045 941 in
1077 887 1296 942 Ioniam
1332 889 1549 944 faceret
1580 907 1861 945 excursus

671 977 915 1031 vastatis
946 975 1059 1031 late
1091 977 1261 1032 terris
1295 978 1682 1049 interpositis,

674 1065 755 1119 nil
788 1064 940 1120 bello
974 1066 1261 1121 intactum
1292 1065 1590 1137 linquens,
1622 1069 1807 1124 donec
1839 1069 2071 1124 tandem

674 1170 868 1208 coram
898 1154 1201 1225 Nymphzei
1236 1155 1397 1226 regia
1426 1158 1743 1211 tentorium
1779 1159 1998 1227 ﬁgeret.

668 1244 775 1296 Sed
811 1259 944 1297 mox
976 1243 1318 1313 Byzantium
1353 1246 1625 1299 reducem
1660 1245 1796 1300 tulit
1825 1248 2051 1317 pedem.

667 1340 795 1395 Haec
831 1344 1141 1395 Lascareos
1175 1340 1471 1413 Erricique
1511 1358 1604 1398 res
1637 1344 1893 1398 fuerunt.

671 1427 893 1483 Deinde
924 1429 1085 1499 pacis
1120 1429 1329 1483 fcedere
1360 1428 1724 1497 coaluerunt,

670 1608 840 1676 cujus
872 1605 1213 1676 hujusmodi
1248 1606 1617 1662 conditiones
1646 1611 1813 1662 erant
1842 1624 1854 1661 :

670 1696 889 1766 Nempe
922 1699 986 1749 ut
1017 1696 1158 1749 urbs
1192 1694 1418 1767 Ochyra
1448 1712 1583 1751 cum
1617 1713 1755 1767 agro
1788 1714 1895 1752 suo

670 1789 728 1840 et
760 1784 893 1854 pagi
927 1783 1110 1838 monti
1142 1784 1501 1853 circumjecti
1534 1785 1776 1856 Cymino

667 1872 791 1944 (qui
826 1888 993 1926 mons
1024 1872 1096 1926 ab
1126 1872 1270 1927 urbe
1300 1872 1527 1943 chyra
1560 1890 1674 1928 non
1709 1874 1895 1945 abest)

670 1960 887 2016 Latinis
920 1961 1179 2015 dominis
1212 1961 1539 2034 incolisque
1571 1963 1859 2017 cederent.

669 2051 944 2105 Calamus
978 2056 1173 2104 autem
1209 2067 1416 2120 pagus,
1450 2050 1604 2105 unde
1639 2051 1845 2122 incipit

673 2141 1121 2195 Neocastrorum
1155 2155 1283 2209 qua:
1316 2139 1533 2194 dicitur
1563 2140 1881 2210 provincia,

672 2228 944 2284 neutrius
976 2228 1159 2298 partis
1192 2233 1350 2282 esset
1375 2245 1442 2283 ac
1468 2229 1720 2285 deserta.

674 2318 962 2389 Regiones
997 2322 1191 2372 autem
1228 2318 1299 2372 ad
1332 2318 1629 2373 Orientem
1665 2335 1865 2385 versae,

669 2410 981 2461 Neooastra
1011 2404 1287 2460 videlicet
1318 2410 1492 2477 atque
1527 2407 1668 2461 urbs
1698 2410 2041 2477 Pergamus,

666 2496 1043 2565 Celbianum,
1076 2495 1329 2561 Chliara,
1363 2500 1537 2567 atque
1570 2496 1820 2566 Smyrna

669 2602 801 2639 cum
835 2585 1215 2655 circumjecto
1253 2585 1557 2656 regionum
1592 2586 1772 2640 latere

671 2674 904 2728 Lascari
939 2678 1153 2728 cuncta
1184 2674 1394 2728 Caesari
1433 2678 1726 2744 parerent.

672 2765 837 2819 Nune
861 2764 988 2834 jam
1023 2764 1133 2818 fert
1163 2764 1398 2818 animus
1430 2765 1628 2818 omnia
1660 2781 1786 2835 qua:
1820 2764 2052 2835 Bulgari

673 2877 776 2933 per
808 2860 948 2915 illud
986 2865 1221 2932 tempus
1254 2866 1457 2917 contra
1488 2878 1592 2917 nos
1625 2863 1891 2918 fecerunt

673 2950 932 3005 historiae
966 2948 1193 3020 reliquo
1226 2951 1481 3021 pandere
1513 2967 1804 3006 sermone.

672 3040 876 3095 Adhuc
907 3040 1150 3095 florente
1177 3040 1498 3111 Byzantino
1532 3041 1775 3111 imperio

671 3145 850 3183 causa
881 3127 1202 3182 multorum
1233 3128 1459 3184 exstitit
1489 3128 1778 3183 malorum

671 3218 751 3272 rei
788 3224 996 3272 nostra:
1029 3217 1273 3289 publicae
1303 3217 1606 3289 Bulgarica
1645 3219 1819 3274 natio.

670 3311 815 3361 Nam
849 3310 908 3361 et
941 3306 1210 3374 Isacium,
1244 3307 1533 3378 Angelum
1566 3307 1935 3378 cognomine,

672 3411 886 3467 magna
918 3396 1130 3451 devicit
1160 3398 1314 3468 apud
1348 3397 1597 3451 Berroen
1631 3395 1823 3463 clade;

669 3485 754 3541 ita
786 3494 846 3540 ut
875 3502 1006 3541 cum
1041 3492 1250 3542 cetera
1288 3488 1483 3557 praeda
1516 3487 1828 3558 diripuerit

671 3576 862 3630 crucis
898 3576 1211 3630 Dominicaa
1244 3584 1682 3630 sacrosanctum
1714 3575 1964 3647 lignum,

671 3665 826 3737 quod
861 3672 986 3720 erat
1018 3666 1235 3721 nostris
1268 3666 1504 3736 regibus
1535 3666 1592 3720 in
1629 3666 1843 3738 proeliis

672 3755 840 3810 ducis
875 3756 1080 3822 instar,
1116 3756 1314 3814 robur.
1347 3756 1601 3811 victoriaa
1632 3772 1827 3813 omen.

674 3854 868 3909 Theca
902 3854 1030 3921 fuit,
1064 3854 1255 3926 specie
1285 3854 1500 3910 eximia
1529 3859 1585 3910 et
1616 3855 1921 3923 ineffabili,

675 3960 817 3998 auro
846 3944 1216 4015 gemmisque
1246 3943 1495 3999 rutilans
1528 3944 1825 4017 pretiosis,

675 4038 732 4088 et
764 4034 1012 4089 laborati
1046 4034 1238 4106 operis
1273 4035 1539 4101 artificio,

671 4124 806 4178 sinu
839 4122 1235 4194 complectens
1266 4124 1664 4180 venerandum
1699 4124 1950 4196 lignum,

670 4214 821 4281 quod
858 4214 1145 4269 Do'ninus
1176 4214 1391 4269 sufﬁxo
1420 4215 1717 4283 quondam
1751 4230 1994 4286 corpore

668 4304 1059 4359 sanctificavit
1090 4304 1381 4375 sanguine
1414 4305 1741 4375 perfusum.

667 4396 903 4447 Inerant
934 4397 991 4447 et
1023 4393 1149 4447 aliae
1182 4409 1251 4447 ex
1283 4398 1533 4464 utroque
1564 4393 1745 4447 latere

668 4483 847 4537 thecae
881 4482 952 4537 ab
988 4482 1229 4537 aurifice
1261 4486 1610 4553 pervenuste
1642 4482 1873 4547 efﬁctas,

673 4575 996 4641 martyrum
1032 4571 1243 4626 Christi
1276 4572 1556 4642 reliquias
1588 4576 1909 4641 gestantes,

675 4662 1049 4733 Deiparzeque
1077 4661 1338 4733 Virginis
1372 4663 1459 4717 lac
1490 4662 1957 4729 sanctissimum,

673 4768 805 4805 cum
838 4752 1185 4806 venerandae
1215 4752 1437 4805 zonula:
1464 4756 1788 4823 segmento,

674 4841 955 4911 mirisque
986 4840 1117 4895 aliis
1150 4841 1325 4895 rebus
1361 4840 1848 4912 religiosissimis.

669 4937 870 4992 Alexio
904 4954 1138 5009 quoque
1171 4937 1338 4992 Isacii
1370 4938 1693 4993 successori

671 5041 835 5097 isque
867 5025 1179 5080 Comnenis
1210 5026 1443 5097 Angelis
1477 5025 1779 5097 progenito

674 5115 998 5186 permultas
1030 5113 1261 5185 Bulgari
1298 5131 1528 5185 pugnas
1558 5112 1919 5169 obtulerunt.

670 5210 798 5258 Mox
829 5208 1116 5275 occupata
1148 5204 1220 5257 ab
1255 5203 1415 5258 Italis
1452 5202 1723 5271 Byzantio

669 5297 917 5366 ejusque
950 5293 1197 5366 imperio
1229 5296 1298 5348 ad
1336 5294 1589 5349 nihilum
1625 5294 1881 5361 redacto,

672 5391 949 5456 regnator
979 5384 1367 5455 Bulgarorum
1400 5386 1655 5439 Joannes

673 5476 848 5530 homo
881 5474 1251 5529 inhumanus
1282 5474 1368 5530 vel
1403 5479 1684 5529 cruentus
1715 5473 1879 5529 canis

676 5565 823 5619 Petri
856 5564 1183 5635 Asanisque
1215 5564 1397 5618 frater
1426 5564 1937 5631 detestandorum,

675 5654 910 5708 Latinos
942 5652 1281 5708 obsidentes
1310 5654 1391 5707 Ad
1404 5651 1776 5723 rianopolim,

672 5758 920 5813 eamque
951 5758 1187 5798 summa
1218 5743 1269 5797 vi
1304 5742 1557 5797 nitentes
1589 5757 1819 5813 capere,

2341 539 2397 604 Α
2603 539 2838 615 ’Ἄνδρας
2870 541 3137 608 Ἰταλοὺς,
3170 540 3441 615 ἀρεϊκοῦς,
3474 538 3761 614 γεννάδας,

2427 629 2572 683 7740
2611 635 2840 703 Συχνῶς
2873 630 3221 706 ἐπεστράτευε
3250 628 3541 703 Ῥωμαίων
3573 630 3752 703 ὅροις·

2610 720 2733 774 Τῶν
2763 717 3123 773 κωλυσόντων
3154 715 3387 773 ούδένων
3422 717 3741 792 ὁρωμένων,

2609 808 2759 881 Παρά
2786 811 3045 861 τοσοῦτον
3075 811 3173 861 τοῦ
3205 806 3432 879 θράσους
3454 805 3749 882 ἀφιγμένον

2608 895 2698 955 Ὠς
2730 891 3094 968 καταδραμεῖν
3125 894 3213 948 καὶ
3251 893 3447 968 μέχρις
3484 893 3690 954 Ἰωνίας

2611 982 2997 1051 Λεηλατοῦντα
3024 984 3089 1039 τὰ
3124 984 3318 1056 μεταξὺ
3341 981 3546 1057 χωρία,

2468 1082 2575 1136 745
2614 1082 2853 1153 Δῃοῦντ’,
2886 1079 3221 1152 ἀφανίζοντα
3253 1087 3353 1149 τῆς
3387 1081 3568 1153 μάχης
3598 1078 3776 1149 νόμῳ,

2616 1168 2827 1236 Σκηνάς
2857 1188 2915 1221 τε
2944 1170 3109 1239 πῆξαι
3140 1168 3277 1222 κατά
3306 1171 3493 1242 χῶρον
3524 1165 3818 1243 Νυμφαίου
3845 1185 3858 1233 ;

2615 1257 2728 1311 Εἶθ’
2762 1258 3205 1325 ὑπονοστήσαντα
3232 1258 3333 1324 τήν
3366 1254 3528 1309 πόλιν
3561 1254 3779 1331 φθάσαι.

2610 1346 2772 1400 Ταῦτ’
2804 1343 2904 1419 ἄρα
2936 1346 3257 1420 Λασκάριος,
3292 1344 3459 1419 Ἐῥρῇ
3490 1338 3707 1412 συνέϐη.

2612 1435 2705 1497 Εἷς
2737 1432 2970 1496 σπονδὰς
3002 1435 3207 1508 ἀμφοῖν
3240 1428 3537 1505 συμϐάσεις
3570 1434 3618 1486 τ’
3647 1430 3883 1508 ἀφιγμέ-

3747 1522 3904 1595 [νων,

2432 1614 2575 1667 7750
2614 1613 2683 1669 Αἱ
2714 1606 3071 1686 συμϐιβάσεις
3100 1608 3227 1665 τάδε
3255 1609 3345 1664 καὶ
3378 1608 3709 1686 συμφωνίαι⁸

2614 1702 2700 1761 Ὡς
2732 1700 2791 1754 ἂν
2822 1700 3059 1775 Ὀχυράν
3093 1706 3191 1768 τῆν
3226 1698 3387 1753 πόλιν
3409 1698 3501 1751 καί
3531 1698 3597 1751 τά
3628 1696 3780 1772 πέριξ

2614 1790 2695 1846 Τά
2724 1790 2840 1843 κατ’
2873 1786 3000 1863 ὅρος
3021 1790 3069 1843 τ’
3102 1788 3165 1842 αὖ
3195 1792 3291 1841 τοῦ
3322 1791 3537 1859 Κυμινᾶ
3563 1788 3747 1861 χωρία

2358 1899 2402 1962 Β
2610 1875 2894 1952 Τυγχᾶνον
2930 1878 3108 1951 ἀγχοῦ
3140 1875 3404 1953 φρουρίου
3437 1873 3795 1948 λελεγμένου,

2615 1964 2797 2021 Φῦλον
2827 1965 3077 2039 κατάσχῇ
3111 1964 3201 2019 καὶ
3230 1965 3465 2037 νὲμηται
3497 1962 3765 2018 Λατίνων.

2434 2058 2577 2111 7755
2616 2054 2872 2127 Κάλαμος
2902 2056 2937 2123 ἡ
2969 2056 3134 2127 κώμῃ
3165 2050 3242 2121 δὲ,
3274 2054 3400 2125 παρ’
3427 2052 3488 2105 οὗ
3517 2053 3579 2106 τὸ
3608 2050 3785 2124 κλίμα

2612 2148 2727 2197 Τῶν
2753 2142 3109 2217 Νεοκάστρων
3139 2143 3238 2210 τήν
3268 2141 3548 2215 καταρχὴν
3583 2134 3871 2212 λαμϐάνει,

2616 2235 2865 2307 Ἔρημος
2896 2231 3154 2300 ἀοίκητος
3185 2230 3219 2297 ἦ
3251 2250 3309 2284 τε
3337 2229 3426 2284 καὶ
3462 2228 3615 2302 μένῃ·

2610 2322 2684 2375 Τά
2714 2320 2760 2376 δ’
2791 2322 2896 2375 ἀπὸ
2925 2318 3089 2375 τοῦδε
3117 2321 3235 2383 καθ’
3264 2317 3338 2373 ἕω
3368 2319 3675 2387 νενευκότα,

2610 2409 2923 2483 Νεόκαστρα
2952 2410 3097 2462 ταῦτ’
3130 2409 3241 2462 ἐστὶ
3274 2406 3559 2481 Πέργαμος
3590 2403 3777 2475 πόλις,

2432 2509 2576 2566 7760
2618 2502 2913 2562 Κελϐιανόν
2943 2527 3001 2560 τε
3030 2506 3119 2560 καὶ
3152 2504 3363 2579 Χλιαρά
3391 2504 3480 2558 καὶ
3514 2504 3758 2577 Σμύρνα,

2614 2596 2719 2651 Σὺν
2749 2601 2866 2657 τοῖς
2898 2601 3012 2649 κατ’
3044 2594 3169 2648 εὐθὺ
3199 2595 3471 2666 κειμένοις
3504 2592 3591 2647 καὶ
3622 2591 3878 2667 πλαγίως

2609 2687 2844 2741 ”Απαντ³
2873 2684 3078 2738 ἀνεῖται
3113 2684 3331 2757 βασιλεῖ
3357 2682 3667 2756 Λασκαρίῳ.

2613 2775 2899 2849 Πρόθυμον
2934 2774 3080 2845 ὁρμᾷ
3107 2773 3194 2825 καὶ
3228 2774 3294 2824 τὰ
3324 2772 3471 2845 παρά
3503 2769 3835 2845 Βουλγάρων

2613 2861 3017 2917 Επεοσπεσόντα
3048 2858 3316 2933 Ῥωμαίδι
3343 2865 3423 2931 τῷ
3445 2858 3569 2914 τότε

2431 2955 2573 3009 7765
2610 2954 2723 3021 Τῆς
2745 2951 2985 3025 ἱστορίας
3015 2947 3348 3025 παραδοῦναι
3380 2952 3458 3019 τῷ
3489 2946 3662 3023 λόγῳ.

2612 3040 2713 3098 Καὶ
2744 3040 2870 3114 πρὶν
2903 3040 2996 3112 μὲν
3030 3039 3086 3093 εὖ
3118 3036 3344 3113 ἔχοντος
3373 3037 3629 3093 Αὐσόνων
3659 3035 3917 3109 κράτους,

2613 3127 2845 3187 Πολλῶν
2876 3132 3057 3183 κακῶν
3081 3126 3257 3203 αἴτιον
3287 3122 3437 3188 ἔθνος
3466 3124 3799 3200 Βουλγάρων

2351 3255 2395 3323 C
2611 3218 2842 3291 Ὑπῆρξε
2871 3216 3168 3289 Ῥωμαίοις
3202 3236 3261 3270 τε
3290 3215 3380 3269 καὶ
3403 3214 3727 3291 κραταρχίᾳ.

2616 3308 2845 3364 Ἰσάκιον
2866 3306 2966 3381 γάρ
2999 3304 3386 3380 ἀγγελώνυμον
3417 3302 3586 3358 πάλαι

2432 3399 2577 3453 7770
2616 3396 2764 3451 Κατά
2795 3393 3030 3470 Βερῥόην
3066 3392 3247 3462 ἐκνίκᾷ
3276 3392 3412 3447 κατὰ
3440 3392 3640 3466 κράτος

2611 3487 2772 3538 ’Ὠστε
2796 3483 2932 3558 πρὸς
2958 3481 3152 3543 ἄλλοις
3183 3482 3272 3535 καὶ
3304 3475 3597 3553 σεϐάσμιον
3630 3478 3789 3549 ξύλον

2612 3576 2857 3647 Σταυροῦ
2890 3570 3283 3644 διαρπάσαντας
3316 3567 3513 3631 αὐτοὺς
3549 3564 3797 3643 κερδάναι

2610 3664 2706 3720 Ὃν
2738 3660 2992 3718 Αὐσόνων
3022 3657 3240 3721 ἄνακτες
3272 3659 3487 3731 ἐχθρῶν
3516 3657 3568 3711 ἒν
3604 3657 3810 3731 μάχαις

2612 3751 2866 3827 Ἡγήτορ’
2896 3749 3046 3823 εἶχον
3078 3748 3169 3804 καὶ
3200 3747 3460 3823 τρόπαιον
3492 3746 3583 3801 καὶ
3615 3746 3800 3807 σθὲνος

2435 3853 2577 3906 7775
2618 3854 2669 3906 Ἀ
2682 3834 2950 3924 μήχανον,
2977 3849 3185 3909 κάλλος
3213 3868 3272 3902 τε
3300 3848 3386 3902 καὶ
3420 3843 3725 3913 ποικιλίαν,

2612 3943 2809 4014 Χρυσῷ
2836 3937 3133 4015 τιμαλφὲσι
3163 3958 3222 3992 τε
3253 3935 3430 3999 λίθοις
3465 3933 3767 4009 μαργάροις

2615 4028 2719 4086 Καὶ
2749 4032 3026 4102 τεχνικαῖς
3057 4026 3276 4101 χάρισιν
3311 4025 3673 4101 ὡραϊσμένον·

2614 4116 2826 4175 Τούτου
2861 4116 3018 4190 μέσον
3049 4117 3301 4191 φέροντα,
3333 4113 3522 4186 τιμίου
3549 4110 3714 4183 ξύλου

2614 4213 2682 4285 ⁷ῼ
2712 4211 3034 4280 σωματικῶς
3060 4204 3394 4281 προσπαγεῖς
3422 4206 3449 4258 ὁ
3482 4201 3748 4273 δεσπότης

2437 4300 2580 4354 7780
2618 4298 2847 4373 Χριστὸς
2873 4296 3197 4370 καθηγίασεν
3230 4293 3418 4367 α’ίματι
3450 4290 3596 4348 τόδε·

2618 4389 2798 4456 Θήκας
2827 4388 2875 4440 τ’
2906 4385 3094 4462 ἐφεξῆς
3127 4384 3177 4454 ἐξ
3204 4383 3458 4458 ἐκατέρου
3490 4381 3688 4456 μέρους

2617 4479 2834 4550 Χρυσοῦ
2863 4474 3086 4549 τεχνίτῃ
3120 4477 3410 4550 προσφυῶς
3442 4470 3790 4545 εἰργασμένος

2617 4566 2704 4621 Ἑν
2739 4564 2820 4625 αἶς
2853 4570 3064 4639 προσῆν
3097 4561 3330 4635 λείψανα
3363 4563 3595 4636 Χριστοῦ
3630 4559 3927 4635 μαρτύρων

2616 4653 2715 4707 Καὶ
2751 4648 3164 4727 μητρανάνδρου
3196 4649 3473 4724 Πάρθὲνου
3506 4650 3695 4704 σεπτὸν
3730 4648 3897 4722 γάλα,

2434 4746 2579 4801 7785
2614 4742 2896 4816 Τεμάχιον
2932 4741 3108 4810 ζώνης
3138 4761 3197 4794 τε
3225 4736 3391 4807 τῆσδε
3418 4739 3631 4812 τιμίας,

2615 4831 2713 4886 Καὶ
2746 4830 2979 4885 πλεῖστα
3008 4830 3276 4902 τιμήεντα
3314 4827 3406 4883 καὶ
3436 4828 3766 4900 θαυμαστέα.

2614 4919 2711 4975 Καὶ
2744 4924 2823 4991 τῷ
2851 4920 2967 4993 μετ’
3000 4919 3163 4973 αὐτὸν
3195 4912 3569 4991 παραλαϐόντι
3608 4917 3807 4989 κράτος

2616 5009 2854 5081 Ἀλεξίῳ
2885 5029 2949 5082 γε
2980 5011 3055 5063 Κο
3067 5004 3592 5081 μνηναγγελωνύμῳ

2618 5097 2872 5159 Πολλοὺς
2901 5096 3110 5173 ἀγῶνας
3142 5094 3512 5171 προύξένησαν
3545 5095 3635 5148 καὶ
3672 5092 3881 5167 μάχας.

2436 5201 2580 5254 7790
2620 5199 2779 5272 Ἀρτι
2813 5194 2859 5250 δ’
2892 5194 3129 5265 ὁλούσης
3164 5193 3399 5254 Ἰταλοῖς
3432 5190 3774 5262 Βυζαντίδος,

2620 5292 2717 5340 Καὶ
2746 5288 2845 5340 τοῦ
2874 5286 2990 5339 κατ’
3022 5284 3188 5352 αὐτὴν
3216 5281 3611 5344 καταλυθέντος
3642 5281 3904 5353 κράτους,

2616 5378 2676 5433 Ὁ
2708 5373 2973 5450 κυριεύων
3009 5372 3334 5448 Βουλγάρων
3362 5372 3639 5442 Ἰωάννης,

2621 5463 2821 5526 Σκαιός
2848 5483 2932 5527 τις
2962 5462 3100 5537 ἀνὴρ
3130 5463 3219 5517 καὶ
3252 5459 3585 5539 φιλαίματος
3614 5459 3759 5515 κύων

2623 5553 2795 5624 ’Διάν,
2829 5553 3037 5627 ΙΙέτρου
3068 5550 3331 5624 σύναιμος
3359 5550 3431 5604 ὢν
3466 5548 3804 5622 ἀλαστόρων,

2440 5648 2584 5700 7795
2619 5645 2703 5699 Ἐν
2737 5639 3031 5717 Ἀδριανοῆ
3066 5642 3316 5702 Λατίνοις
3346 5641 3739 5712 σκηνουμένοις

2622 5732 2726 5790 Καὶ
2755 5730 2919 5804 τήνδε
2950 5731 3093 5787 ἑλεῖν
3129 5728 3417 5786 σπεύδουσι
3450 5730 3609 5785 παντὶ
3629 5728 3842 5803 τρόπῳ,

2356 4608 2404 4672 D

3974 415 4096 470 288
