4250 6432
160 384 253 438 289

324 507 733 577 Ἑπιστρατεύει
764 506 857 561 σὺν
890 513 1114 583 στρατιᾷ
1142 508 1372 578 σκυθίδι,

320 597 425 653 Καὶ
451 593 787 665 κατακράος
816 595 999 667 ἐκνικᾷ
1028 602 1162 674 σφᾶς
1193 604 1313 660 τοῖς
1352 598 1552 659 ὅπλοις

315 690 406 746 Ὦς
438 686 530 740 καὶ
560 684 876 759 κρατάρχην
910 690 1057 761 σφῶν
1088 686 1522 760 άνεζωγρηκίναι

156 775 283 829 7800
317 775 423 828 Τὸν
451 771 812 842 Βαλδουῖνον,
844 774 918 835 ὡς
952 774 1142 829 ἂνόπιν
1176 774 1395 850 ἐῤῥέθη.

323 863 481 919 Ἐπεὶ
514 859 559 916 δ’
591 860 736 917 ἑλεῖν
764 859 1016 917 ἔσπευδεν
1047 860 1371 938 Ὀρεστιάδα

325 950 433 1006 Καὶ
464 956 581 1013 τοῖς
618 952 707 1005 ὑπ’
738 952 901 1005 αὐτὸν
935 952 1224 1027 ὑπαγαγεῖν
1260 952 1565 1029 φρουρίοις,

328 1039 488 1096 ἈΛΓ
518 1041 584 1108 ἦν
614 1040 797 1115 χανὼν
822 1037 1073 1115 ἄντικρυς
1103 1041 1177 1101 ὡς
1200 1040 1365 1103 λύκος
1394 1041 1591 1113 μάτην.

322 1132 603 1192 Ἐντεῦθεν
639 1132 753 1183 οἷον
786 1128 1035 1201 ἐκμανεὶς
1066 1130 1093 1183 ὁ
1128 1129 1403 1201 μαινόλης

156 1221 286 1275 7805
326 1218 432 1275 Καὶ
464 1220 837 1292 κατεπαρθεὶς,
873 1218 1229 1293 Σεναχηρεὶμ
1258 1220 1331 1281 ὡς
1366 1217 1559 1287 πάλαι,

320 1306 551 1369 Ἀλλως
576 1328 635 1361 τε
666 1305 836 1380 μηδὲν
864 1304 1120 1379 ἐμποδὼν
1165 1305 1311 1381 ἔχων
1344 1308 1490 1369 δλως

325 1393 666 1454 Μακεδονίαν
697 1394 790 1449 καὶ
820 1394 1033 1469 Θρᾴκην
1070 1396 1417 1471 κατατρέχει,

328 1486 539 1556 Κώμας
570 1483 792 1557 ἐρημῶν
824 1484 915 1538 καὶ
948 1486 1338 1539 κατασκάπτων
1370 1482 1586 1556 πόλεις,

330 1578 516 1647 Δῃῶν,
550 1572 851 1642 σκυλεύων,
882 1572 942 1628 ἐκ
975 1572 1188 1648 βάθρων
1216 1573 1528 1647 ἀνατρέπων
1547 1594 1559 1607 °

159 1666 293 1719 7810
332 1662 702 1739 Καταστρέφει
734 1667 925 1733 πρῶτα
959 1662 1052 1734 μὶν
1087 1660 1371 1717 Φιλίππου
1408 1664 1598 1734 πόλιν,

330 1747 503 1805 Πόλιν
533 1752 904 1825 περιώνυμον,
938 1750 1345 1822 εύκλεεστάτην·

326 1843 559 1896 Ἔπειτα
585 1842 882 1913 κατήρειψε
908 1842 1005 1902 τὰς
1038 1838 1210 1902 ἄλλας
1240 1839 1456 1913 πόλεις,

329 1927 596 1986 Κύδιστον
626 1928 951 2003 Ἡράκλειαν
979 1931 1069 1983 καὶ
1102 1925 1441 2005 Σηλυϐρίαν,

323 2016 631 2073 Ῥαιδεστὸν
661 2018 752 2072 καὶ
784 2017 984 2075 ΙΙάνιον
1018 2018 1110 2072 σὺν
1145 2018 1375 2090 Δαονίῳ,

154 2110 292 2165 7815
327 2111 599 2182 Τραϊανοῦ
629 2128 689 2162 τε
718 2106 809 2161 καὶ
840 2106 1105 2182 Μάρωνος
1132 2106 1227 2169 τὰς
1258 2106 1476 2178 πόλεις⁹

327 2195 507 2251 Πόλιν
539 2194 929 2252 Μοσυνόπολιν
962 2196 1051 2249 καὶ
1080 2198 1179 2265 τήν
1216 2196 1538 2271 Σταγείραν,

330 2284 438 2341 Καὶ
469 2284 729 2347 πλείστας
761 2283 940 2346 ἄλλας
971 2286 1006 2353 ἡ
1045 2280 1283 2358 βέϐηλος
1310 2282 1527 2359 καρδία.

326 2373 522 2435 Οὕτως
554 2372 778 2449 ἐρημῶν
808 2374 898 2427 καὶ
930 2373 1208 2428 σκυΑεύων
1234 2375 1329 2437 τὰς
1356 2374 1573 2446 πόλεις,

328 2460 534 2526 Φθάνει
565 2463 921 2534 περιώνυμον
956 2461 1375 2532 Θεσσαλονίκην,

155 2552 292 2607 7820
333 2551 500 2605 Κάκεῖ
533 2550 725 2625 βιαίως
753 2551 845 2605 τὸν
883 2550 998 2625 βίον
1032 2552 1384 2628 καταστρέφει

334 2639 655 2714 Πλευρίτιδι
692 2642 811 2713 μὲν,
845 2642 920 2704 ὡς
950 2640 1162 2696 ἀκούειν
1194 2645 1283 2710 ήν,
1314 2642 1478 2715 νόσῳ·

330 2728 425 2789 Ὠς
456 2724 503 2780 δ’
532 2727 597 2780 αὖ
627 2725 813 2781 κλύειν
846 2726 1050 2803 πέφυκε
1080 2732 1266 2805 σαφῶς
1296 2725 1547 2803 εἰδότων,

328 2822 397 2897 ’ῼ
426 2816 632 2882 τίθεται
662 2823 788 2885 πᾶς,
820 2820 1302 2893 χριστομάρτυρος
1336 2820 1475 2896 ξίφει

336 2906 742 2976 Θεσσαλονίκης
772 2909 1079 2981 προστάτου
1119 2916 1193 2977 Δη
1205 2910 1457 2983 μητρίου.

157 2998 295 3052 ’7825
333 2995 550 3053 Τούτου
581 2993 628 3049 δ’
659 2995 1090 3072 άποῤῥήξαντος,
1119 2997 1193 3059 ὡς
1228 2995 1385 3075 ἔφην,
1420 3001 1564 3074 βίον,

334 3082 709 3148 Ἀδελωόπαις
742 3107 823 3149 τις
854 3085 1090 3161 Βορίλας
1114 3087 1478 3164 κεκλημένος,

338 3172 581 3230 Σκυθίδα
606 3175 750 3229 θείαν
783 3175 1025 3250 γαμετὴν
1058 3175 1393 3251 παρανόμως

338 3266 553 3337 Γήμας,
587 3264 817 3340 ὑπῆρξεν
851 3262 1119 3340 ὶγκρατὴς
1148 3266 1239 3320 καὶ
1267 3266 1622 3345 Βουλγάρων·

337 3355 508 3411 Ἀσὰν
541 3351 600 3409 δὶ
627 3353 796 3410 παῖδα
826 3353 1175 3431 παιδαγωγός
1204 3378 1287 3421 τις
1318 3356 1493 3434 λάθρα

160 3443 300 3497 7830
342 3439 482 3496 Νέον
516 3438 722 3515 κομιδῆ
754 3436 1089 3516 παραλαϐὼν
1124 3443 1198 3504 ὡς
1236 3445 1434 3519 τάχος,

337 3530 488 3606 Πρὸς
522 3530 732 3594 Σκύθας
765 3532 1041 3607 ἀπήγαγεν
1071 3532 1146 3593 εἰς
1179 3535 1477 3607 σωτηρίαν.

337 3624 518 3671 ⁸Αννα
552 3614 769 3690 βασιλὶς
803 3616 1019 3690 συζύγῳ
1052 3618 1341 3693 Αασκαρίῳ

343 3704 651 3781 Θυγατέρας
680 3705 871 3776 τὲξασα
900 3712 1069 3782 τρεῖς,
1105 3706 1280 3763 λείπει
1318 3709 1452 3782 βίον,

345 3794 615 3872 Εἲρήνην,
650 3798 859 3873 Μαρίαν
888 3819 946 3853 τε
976 3798 1067 3852 σὺν
1105 3796 1361 3871 Εύδοκίᾳ.

160 3888 304 3945 7835
343 3884 529 3944 ’ΔΑλᾶ
562 3886 776 3961 Μαρίαν
812 3885 1059 3962 δευτέραν
1091 3891 1227 3943 κατὰ
1256 3892 1413 3960 γένος

344 3977 442 4040 Εἲς
466 3976 639 4047 κῆδος
671 3976 895 4050 ἐξέδωκε
929 3978 1095 4055 ρηγὸς
1116 3981 1364 4037 Παιόνων

343 4067 588 4143 Νύμφην
622 4067 703 4143 ἐφ’
735 4068 840 4139 υἱῷ
874 4067 1129 4143 βασιλεὺς
1164 4072 1529 4148 φυτοσπόρος,

346 4154 698 4217 Ἐπανιόντος
733 4155 791 4209 ἐκ
825 4157 969 4210 Σιὼν
1002 4157 1138 4233 πρὸς
1169 4158 1419 4234 πατρίδα.

351 4243 587 4315 Πρώτην
623 4239 670 4296 δ’
696 4241 934 4316 Εἰρήνην
968 4246 1252 4319 ἡρμόσατο
1282 4247 1420 4320 πρὸς
1451 4247 1626 4324 γάμον

162 4336 308 4391 7840
350 4330 750 4409 Παλαιολόγων
784 4332 844 4387 έκ
874 4332 1065 4409 γένους
1098 4335 1455 4413 Ἀνδρονίκῳ,

350 4426 454 4481 "Ov
493 4422 819 4495 δεσποτικῆς
850 4428 1076 4497 ἠξίωσεν
1109 4428 1277 4500 ἀξίας.

348 4512 559 4567 Τούτου
592 4512 850 4578 θανόντος
879 4515 953 4577 ὡς
984 4517 1231 4595 προφθάς
1260 4514 1363 4595 ἔφη
1398 4518 1586 4598 λόγος,

355 4601 581 4673 Ταύτην
616 4608 822 4679 συνῆψε
850 4606 989 4661 κατὰ
1020 4604 1301 4683 δευτέρους
1340 4613 1553 4686 γάμους

360 4690 574 4768 Πλήρει
607 4694 850 4771 χαρίτων
886 4696 1037 4774 ἀνδρὶ
1072 4700 1441 4775 χαριτωνύμῳ

170 4786 318 4841 7845
360 4783 609 4870 Βατ-άτξῃ
644 4791 862 4870 θουκῶν
895 4786 956 4842 ἐκ
983 4790 1169 4865 γένους
1197 4794 1548 4870 κατηγμένῳ,

361 4868 570 4944 Σχόντι
603 4867 999 4948 Διδυμότειχον
1034 4872 1164 4930 ἄστυ
1194 4876 1427 4954 πατρίδα

361 4951 643 5029 Αύχοῦντι
673 4956 841 5029 τιμὴν
874 4951 1432 5037 πρωτοϐεστιαρίτου.

355 5042 427 5118 ’ῼ
457 5040 717 5116 πενθερὸς
748 5040 977 5099 λέλοιπε
1009 5047 1256 5117 θνήσκων
1287 5048 1351 5104 τὸ
1382 5049 1602 5126 κράτος*

360 5130 450 5183 Ἐν
480 5125 529 5183 δ’
562 5130 842 5187 Ὑακίνθου
870 5137 938 5209 τῇ
975 5140 1116 5211 μονῇ
1146 5139 1345 5195 τούτου
1384 5143 1559 5197 νέκυν

177 5218 326 5273 7850
369 5216 563 5291 Ἐγγὺς
598 5218 802 5293 βιώσας
834 5223 1174 5293 πεντήκοντά
1204 5227 1420 5303 χρόνων

358 5308 451 5380 Ἐξ
484 5308 559 5361 ὧν
592 5304 933 5367 ἐϐασίλευσεν
967 5313 1111 5370 ὀκτὼ
1143 5320 1278 5393 πρὸς
1309 5317 1456 5378 δέκα.

312 5425 635 5481 ΙΩΑΝΝΗΧ
677 5428 721 5485 Ο
771 5432 1039 5487 ΔΟΥΚΑΣ
1080 5433 1253 5493 ΗΤΟΙ
1292 5438 1336 5494 Ο
1376 5441 1745 5498 ΒΛΤΔΤΖΗΣ

890 5502 1004 5559 ΕΤ.
1046 5506 1167 5563 ΛΓ.

364 5605 630 5693 Ἰωάννης
664 5605 807 5662 οὕτω
839 5604 897 5662 δὲ
926 5610 1113 5685 τυχὼν
1139 5619 1237 5669 τοῦ
1268 5619 1523 5693 κράτους,

370 5691 546 5756 Εὐθὺς
576 5696 897 5753 τεταινίωτο
929 5701 1061 5776 παρ’
1090 5691 1391 5780 ἀρχιθύτου

1674 388 2041 444 CBSARES.

1826 516 1881 579 Α
1911 530 2229 586 aggressus
2259 521 2348 572 est
2377 533 2507 572 cum
2538 518 2805 589 Scythico
2833 520 3109 589 exercitu,

1912 608 1969 657 et
1997 620 2234 659 summa
2265 604 2431 662 clade
2462 608 2701 662 aﬂ‘ectos
2730 608 3046 664 debellavit
3080 624 3093 662 :

1912 708 2163 763 quorum
2194 694 2369 749 etiam
2406 695 2731 767 principem
2761 696 3112 752 Balduinum

1913 781 1985 834 ab
2016 781 2143 853 ipso
2174 782 2369 838 vivum
2401 792 2643 855 captum
2676 801 2856 857 supra
2886 786 3165 840 diximus.

1912 868 2197 942 Deinceps
2227 871 2588 928 Orestiadem
2622 876 2870 929 tentavit
2900 874 3183 943 Bulgaros

1914 963 1979 1013 ut
2008 975 2126 1013 sum
2159 960 2401 1015 ditionis
2434 962 2665 1033 oppidis
2699 963 3045 1033 adjungeret
3081 980 3092 1016 :

1913 1047 2013 1100 sed
2051 1046 2293 1102 inhiavit
2325 1048 2542 1103 frustra
2572 1054 2855 1120 tanquam
2889 1050 3086 1121 lupus.

1912 1133 2059 1188 Hinc
2089 1150 2225 1206 ergo
2254 1134 2405 1191 malo
2439 1138 2695 1207 percitus
2730 1139 2920 1192 furore

1913 1224 2324 1295 superbusque
2355 1229 2421 1280 ut
2452 1225 2623 1281 aliter
2653 1226 3133 1291 Senacherimus,

1914 1327 2047 1366 cum
2081 1311 2226 1366 nihil
2258 1313 2489 1385 uspiam
2523 1314 2635 1385 ipsi
2657 1315 2785 1385 jam
2818 1318 3135 1383 resisteret,

1914 1398 2223 1455 Thraciam
2258 1400 2771 1472 Macedoniamque
2802 1404 3194 1458 concursabat

1916 1499 2095 1555 pagos
2126 1483 2419 1550 desolans,
2453 1485 2721 1541 civitates
2752 1486 3011 1556 diruens,

1915 1577 2172 1642 vastans,
2202 1573 2567 1643 depraedans,
2596 1592 2629 1629 a
2659 1575 3058 1630 fundamentis
3090 1576 3387 1646 quatiens.

1915 1660 1977 1715 1n
2011 1662 2219 1732 primis
2250 1662 2487 1733 quidem
2520 1662 2724 1718 evertit
2752 1663 3207 1735 Philippopolim

1918 1751 2323 1821 famigeratam
2354 1751 2557 1805 urbem
2590 1756 2647 1805 et
2674 1752 3102 1808 nobilissimam

1841 1866 1888 1929 B
1920 1838 2131 1895 deinde
2161 1844 2219 1895 et
2247 1840 2393 1895 alias
2420 1842 2728 1911 prostravit
2761 1842 3049 1909 civitates,

1920 1926 2197 1998 inclytam
2232 1927 2589 1996 Heracleam,
2626 1946 2691 1983 ac
2722 1928 3067 2001 Selybriam,

1921 2014 2319 2083 Rhsadestum,
2354 2018 2623 2087 Panium,
2657 2034 2791 2072 cum
2829 2019 3067 2085 Daonio,

1919 2102 2247 2160 Maroneam
2283 2105 2521 2177 insuper
2552 2110 2608 2160 et
2630 2105 3051 2177 Trianopulim,

1919 2192 2179 2265 itemque
2206 2194 2630 2266 Mosynopolim
2663 2199 2719 2250 et
2751 2195 3063 2266 Stagiram,

1918 2281 2179 2353 aliasque
2211 2283 2520 2353 plurimas,
2556 2285 2645 2339 hic
2680 2285 2973 2355 pessimus
3007 2287 3293 2342 mortalis.

1918 2370 2012 2427 Sic
2044 2372 2301 2427 vastitati
2335 2372 2649 2445 indulgens
2676 2378 2733 2428 et
2765 2372 3090 2453 latrociniis

1919 2460 2399 2516 Thessalonicam
2434 2463 2685 2533 denique
2714 2462 3005 2519 illustrem
3036 2465 3216 2535 venit,

1921 2551 2019 2605 ubi
2052 2550 2435 2607 immaturum
2470 2551 2677 2606 habuit
2706 2553 2835 2606 vita:
2870 2553 3046 2608 tinem

1921 2639 2275 2710 pleuritidis,
2308 2644 2373 2694 ut
2405 2639 2559 2695 fama
2591 2640 2725 2708 fuit,
2756 2641 3080 2696 exstinctus
3116 2643 3318 2698 morbo
3353 2660 3365 2698 :

1920 2726 2008 2783 vel
2039 2744 2171 2783 eum
2205 2729 2418 2800 potius,
2452 2734 2516 2784 ut
2546 2730 2735 2794 aiunt,
2770 2736 2924 2787 recte
2955 2732 3201 2797 conscii,

1919 2816 2212 2889 vulgoque
2242 2819 2521 2885 creditur,
2549 2818 2764 2875 Christi
2800 2824 3018 2891 martyr
3052 2820 3303 2891 perculit

1920 2906 2402 2963 Thessalonicam
2434 2913 2744 2981 protegens
2777 2909 3128 2965 Demetrius.

1922 3000 2236 3067 Postquam
2268 3002 2555 3067 tyrannus
2585 2998 2730 3053 vivis
2760 3004 3067 3070 exemptus
3100 3000 3232 3067 fuit,

1923 3084 2104 3155 hujus
2132 3102 2201 3140 ex
2232 3086 2411 3143 fratre
2441 3103 2620 3158 nepos
2651 3088 2843 3143 dictus
2871 3087 3096 3144 Borilas

1849 3217 1893 3284 Ο
1929 3174 2191 3230 Scxthidi
2216 3176 2464 3246 junctus
2497 3177 2690 3232 amitae
2723 3178 2961 3233 incestis
2996 3177 3243 3249 nuptiis,

1932 3262 2195 3336 Bulgaria
2224 3265 2413 3335 gentis
2440 3268 2665 3337 excepit
2691 3266 3082 3323 dominatum.

1929 3353 2143 3407 Asanis
2174 3356 2369 3409 autem
2400 3354 2753 3426 paedagogus
2781 3353 2970 3410 tilium

1932 3458 2180 3512 puerum
2212 3441 2404 3496 adhuc
2436 3442 2801 3497 clandestina
2831 3443 2969 3515 fuga

1932 3529 2248 3586 consulens
2274 3531 2402 3586 vita:
2435 3531 2740 3587 transtulit
2771 3533 2841 3587 ad
2878 3532 3148 3603 Scythas.

1932 3623 2097 3675 Anna
2129 3620 2331 3692 regina
2361 3620 2597 3693 conjugi
2630 3621 2901 3676 Lascario

1934 3707 2126 3762 tribus
2157 3707 2394 3763 ﬁliabus
2424 3708 2597 3764 editis
2626 3709 2743 3763 vita
2775 3708 3044 3777 excessit,

1937 3796 2098 3852 Irene
2128 3800 2185 3852 et
2214 3797 2396 3853 Maria
2426 3797 2648 3853 scilicet
2679 3802 2856 3869 atque
2887 3797 3170 3855 Eudocia.

1937 3887 2205 3954 Mariam,
2239 3903 2368 3958 quae
2401 3891 2537 3942 nata
2565 3892 2689 3943 erat
2715 3888 2976 3942 secundo
3010 3886 3135 3942 loco

1938 3977 2093 4047 regis
2128 3975 2360 4031 Pisoniae
2393 3975 2514 4031 filio
2545 3976 2605 4031 in
2637 3976 3082 4032 matrimonium

1938 4064 2111 4120 Sione
2142 4065 2449 4121 revertenti
2482 4065 2540 4119 in
2575 4064 2822 4137 patriam
2856 4081 3025 4120 suam

1939 4154 2169 4226 genitor
2202 4156 2394 4211 Caesar
2426 4154 2668 4210 tradidit
2699 4155 3075 4225 desponsam.

1938 4244 2215 4313 Majorem
2250 4249 2389 4298 natu
2424 4245 2646 4299 Irenem
2684 4242 2895 4315 nuptui
2926 4243 3167 4299 tradidit

1942 4332 2339 4401 Palasogorum
2367 4332 2603 4388 surculo
2632 4332 2984 4401 Andronico,

1942 4438 2115 4494 quem
2148 4420 2325 4476 etiam
2359 4422 2615 4493 despotae
2645 4420 2930 4492 dignitate
2962 4420 3210 4475 ornavit.

1946 4511 2067 4574 Quo
2098 4518 2293 4565 tamen
2324 4510 2633 4578 exstincto,
2667 4515 2730 4565 ut
2762 4514 2915 4565 retro
2950 4508 3235 4578 diximus,

1868 4575 1914 4639 D
1947 4599 2213 4655 eamdem
2246 4598 2553 4655 collocavit
2583 4575 2861 4655 secundis
2894 4597 3118 4669 nuptiis

1949 4687 2158 4745 Joanni
2188 4692 2243 4743 et
2273 4704 2335 4742 re
2362 4692 2419 4743 et
2450 4689 2685 4743 nomine
2714 4687 2972 4759 gratioso

1952 4777 2196 4833 Vatatzaa
2228 4778 2299 4832 de
2329 4776 2625 4833 Ducarum
2659 4777 2839 4848 stirpe
2865 4775 3084 4849 genito,

1952 4873 2009 4923 et
2039 4866 2287 4923 oriundo
2319 4866 2462 4922 urbe
2493 4865 2925 4939 Didymoticho,

1955 4955 2385 5028 protovestiarii
2418 4955 2703 5029 dignitate
2733 4960 2960 5011 ornato.

3448 397 3555 451 290

1957 5048 2143 5117 Atque
2176 5045 2310 5101 huic
2340 5060 2506 5102 socer
2534 5045 2792 5101 moriens
2822 5042 3138 5116 imperium
3170 5041 3416 5097 tradidit
3447 5058 3458 5095 :

1957 5134 2084 5206 ipse
2112 5135 2172 5192 in
2205 5134 2514 5208 Hyacinthi
2548 5134 2833 5207 sepelitur
2862 5133 3148 5201 coenobio,

1961 5224 2148 5280 sitatis
2176 5242 2329 5281 anno
2364 5225 2542 5280 ferme
2570 5222 3086 5296 quinquagesimo,

1961 5314 2360 5387 duodeviginti
2390 5313 2730 5370 dominatus
2762 5328 2970 5369 annos.

2288 5440 2603 5496 JOANNES
2643 5439 2874 5495 DUCAS
2917 5437 3279 5493 VATATZES

2579 5511 2693 5565 ΑΝ.
2739 5509 2990 5565 XXXIII.

1964 5623 2055 5678 Sic
2085 5626 2395 5678 assecutus
2422 5620 2679 5677 Joannes
2708 5617 3049 5690 imperium,

1966 5712 2166 5769 statim
2198 5728 2232 5768 a
2263 5709 2599 5784 patriarcha
2628 5713 2717 5766 est
2748 5711 3063 5764 coronatus
