4250 6432
1910 368 2286 426 ΕΡΗΒΕΜΙΙ
2322 365 2889 422 GHBONOGRAPHI

2369 487 2425 553 A

689 374 789 429 291

692 494 1095 564 Emmanuele,
1130 493 1223 549 cul
1256 509 1586 565 cognomen
1620 492 1969 565 philosopho

691 594 825 659 post
848 587 1163 641 Maximum
1196 588 1432 640 tenente
1464 601 1698 640 sacrum
1731 584 2031 640 thronum.

692 677 792 732 Ille
825 678 1097 748 deinceps
1129 676 1200 730 ad
1234 674 1465 747 imperii
1498 674 1759 746 regimen

690 782 932 837 remque
962 765 1279 835 gerendam
1314 763 1608 834 publicam
1641 777 1825 834 gnave
1856 760 2145 817 incubuit.

688 853 816 909 Dux
846 854 1000 909 enim
1034 856 1159 907 erat
1188 852 1424 923 sapiens
1454 857 1511 907 et
1539 851 1913 918 consiliosus,

687 942 883 997 animo
918 942 1246 997 instructus
1278 940 1458 995 alacri
1490 946 1547 995 et
1576 941 1842 1011 audacej

685 1032 931 1087 robusto
965 1030 1202 1085 brachio
1233 1029 1574 1100 viribusque
1605 1028 1885 1100 reliquis;

685 1129 977 1201 praecipue
1006 1133 1202 1183 tamen
1236 1128 1519 1198 praeditus
1552 1125 1885 1197 prudentia,

682 1222 739 1272 et
765 1217 1129 1273 sustinendis
1160 1214 1374 1287 praeliis
1398 1215 1825 1270 invictissimus
1852 1230 1865 1268 :

683 1321 781 1359 rex
810 1305 1001 1359 bonus
1028 1304 1248 1375 pariter
1279 1303 1639 1374 bellatorque
1670 1308 1951 1357 strenuus
1980 1319 1992 1356 :

681 1394 1002 1463 beneﬁcus,
1035 1392 1364 1448 misericors
1395 1392 1683 1464 apprime,

678 1482 983 1537 benivolus
1013 1481 1073 1536 in
1106 1481 1375 1536 subditos
1406 1487 1462 1536 et
1494 1480 1984 1553 benignissimus,

678 1570 956 1626 hostibus
982 1570 1412 1635 formidandus,
1448 1568 1862 1637 intolerabilis,

678 1660 965 1715 creditum
1001 1658 1113 1715 sibi
1145 1658 1461 1730 imperium
1495 1658 1815 1730 prudenter
1845 1661 2018 1711 tuens
2052 1671 2065 1711 :

675 1765 847 1803 verus
882 1754 1033 1803 recte
1065 1750 1352 1803 factorum
1388 1748 1517 1802 fons
1550 1752 1606 1803 et
1630 1748 1967 1815 thesaurus,

675 1844 733 1893 et
764 1855 870 1893 suo
902 1837 1271 1892 consentiens
1304 1837 1551 1907 nomini,
1586 1836 1643 1891 id
1674 1840 1762 1892 est
1788 1834 2081 1908 gratiosus
2114 1849 2127 1889 :

676 1954 921 2009 augens,
952 1936 1208 1991 dilatans
1239 1932 1480 1990 ditionis
1512 1935 1657 1990 fines

676 2026 878 2094 armis,
912 2026 1121 2097 peritia
1153 2022 1381 2093 bellica,
1412 2028 1470 2079 et
1499 2022 1769 2092 consilio,

671 2131 903 2188 semper
934 2115 992 2169 in
1026 2114 1207 2169 aciem
1241 2115 1483 2182 ducens,
1518 2113 1849 2186 pugnisque
1878 2128 2210 2179 occurrens,

2630 490 2740 544 Τοῦ
2772 488 3093 567 Φιλοσόφου
3123 489 3387 560 Μανουὴλ
3420 491 3591 562 κικλη
3604 494 3787 567 μένου,

2451 578 2594 633 7855
2629 580 2811 639 Ὅστις
2848 578 2981 651 μετὰ
3010 580 3256 652 Μάξιμον
3289 579 3421 655 ἔσχε
3446 583 3538 636 τὸν
3567 582 3777 657 θρόνον·

2627 665 2726 720 Καὶ
2756 665 2950 722 λοιπὸν
2982 665 3242 743 ἂδράξατο
3270 673 3371 734 τῆς
3402 671 3738 747 κραταρχίας

2624 758 2840 811 Κοινῶν
2868 776 2927 810 τε
2956 755 3169 811 λοιπῶν
3200 758 3528 834 ἆῤῥενωπῶς
3559 759 3915 837 πραγμάτων·

2625 844 2724 899 Ἦν
2755 843 2857 919 γὰρ
2889 846 3195 920 στρατηγὸς
3227 848 3470 920 συνετὸς,
3515 848 3892 927 βουληφόρος,

2626 937 2827 1006 Ψυχῆς
2858 939 3245 1008 παραστήματι
3278 935 3372 990 σὺν
3405 935 3675 1010 εὐτολμίᾳ

2444 1028 2588 1083 7860
2623 1027 2812 1103 Ῥώμῃ
2852 1020 3165 1105 βραχιόνων
3193 1052 3252 1087 τε
3282 1033 3539 1106 σώματος
3567 1035 3761 1107 σθένει,

2624 1118 3015 1191 Κοσμούμενος
3050 1120 3288 1192 μάλιστα
3318 1124 3519 1178 συνέσει
3552 1121 3742 1194 πλέον,

2623 1206 2725 1261 Καὶ
2756 1209 3075 1282 καρτερικὸς
3100 1210 3151 1263 ἐν
3190 1213 3395 1285 μάχαις
3417 1212 3753 1269 ἀντιπάλων*

2622 1296 2792 1367 ’Ἃναξ
2823 1296 3021 1372 ἀγαθὸς
3050 1299 3141 1353 καί
3177 1302 3438 1375 μαχητὴς
3469 1299 3752 1376 γεννάδας,

2624 1384 2972 1459 [εὐεργετικὸς
3001 1387 3090 1441 καὶ
3123 1388 3410 1465 φίλοικτος
3440 1389 3679 1466 είσάγαν,

2442 1474 2583 1528 7865
2622 1473 2915 1543 Ὑπηκόοις
2952 1476 3047 1548 μὲν
3081 1477 3334 1550 εὐμενὴς,
3364 1476 3501 1549 ἡδὺς
3532 1478 3704 1552 μάλα,

2621 1564 2876 1639 Ἐχθροῖς
2911 1564 2967 1620 δὲ
2997 1567 3221 1643 φρικτὸς
3248 1568 3338 1623 καὶ
3373 1566 3702 1640 δυσάντητος
3736 1570 3847 1639 θέα,

2622 1653 3067 1726 Ηροκινδυνεύων
3094 1657 3422 1734 προφρόνως
3454 1657 3819 1735 κληρουχίας,

2620 1748 2860 1815 Ταμεῖον
2892 1740 3065 1806 ὅντως
3092 1750 3202 1800 τῶν
3235 1746 3771 1822 ἀγαθουργημάτων,

2617 1832 2829 1905 Ὀγτως
2860 1836 3269 1909 χαριτώ-ιυμος,
3302 1832 3481 1899 ἔνθεος
3515 1838 3701 1913 χάρις,

2436 1927 2580 1981 7870
2618 1926 2833 2001 Αὕξων,
2863 1928 3153 1986 πλατύνων
3180 1930 3308 1994 τοὺς
3341 1932 3502 2007 ὅρους
3541 1932 3871 2007 Ῥωμαΐδος,

2615 2017 2875 2088 Ὅπλοις,
2909 2020 3261 2097 στρατηγίαις
3289 2041 3349 2076 τε
3378 2020 3471 2075 σὺν
3506 2018 3843 2091 εύϐουλίαις,

2356 1843 2405 1913 Β

675 2294 851 2349 urbes
883 2294 1139 2349 Romano
1169 2292 1475 2348 vindicans
1500 2292 1765 2363 imperio,

2614 2286 3007 2356 Ἐπανασώζων
3035 2288 3130 2350 τὰς
3156 2287 3350 2351 πόλεις
3375 2290 3478 2343 Ῥω
3488 2286 3638 2363 μαΐδι

674 2383 1005 2456 prudentia,
1039 2399 1193 2452 voce,
1229 2398 1428 2451 manu,
1460 2384 1518 2437 et
1545 2381 1750 2437 Martis
1782 2398 1973 2453 opere,

674 2490 822 2544 quas
851 2472 942 2527 vel
977 2472 1159 2527 Latini
1195 2470 1463 2526 subditas
1495 2471 1607 2525 sibi
1635 2469 1912 2535 fecerant,

668 2562 754 2617 vel
788 2562 884 2617 alii
918 2566 1121 2616 contra
1151 2560 1381 2632 imperii
1414 2557 1660 2615 rebelles
1693 2559 1898 2630 perﬁdi
1935 2576 1947 2613 :

669 2651 867 2706 mitem
901 2666 1245 2720 comemque
1275 2648 1532 2704 indolem
1562 2666 1677 2720 pra:
1710 2666 1770 2703 se
1805 2647 2016 2718 ferens,

666 2742 990 2809 modestus,
1024 2739 1184 2793 aditu
1221 2738 1425 2807 facilis,
1452 2737 1734 2807 liberalis,

666 2830 1091 2885 monachorum
1128 2844 1396 2883 reverens
1427 2831 1484 2883 et
1510 2829 1905 2897 sacerdotum,

660 2922 968 2992 episcopos
1000 2916 1344 2990 angelorum
1381 2918 1569 2973 instar
1600 2917 1846 2980 habens,

658 3009 803 3064 nihil
834 3009 893 3063 in
926 3008 1343 3063 ecclesiasticis
1378 3006 1705 3063 immutans
1737 3006 2023 3078 moribus,

656 3098 1116 3171 apostolicorum
1150 3097 1493 3167 dogmatum
1528 3095 1801 3151 laudator

654 3192 1134 3258 statutarumque
1167 3203 1199 3240 a
1232 3185 1500 3240 Patribus
1532 3184 1869 3257 regularum
1905 3204 1918 3243 ε

651 3286 876 3357 ingenti
909 3285 980 3339 ad
1013 3301 1106 3339 res
1140 3282 1446 3354 praeclaras
1481 3284 1810 3338 instructus
1841 3280 2064 3351 animo,

652 3376 824 3444 cujus
859 3376 1223 3428 demonstrat
1254 3372 1660 3427 liberalitatem

650 3468 973 3533 martyrum
1007 3461 1353 3515 salutarium
1388 3462 1714 3516 ccenobium
1752 3456 1968 3529 nobile,

651 3553 800 3621 quod
839 3551 1043 3604 mundi
1079 3550 1297 3604 dicitur
1328 3550 1536 3604 merito
1570 3549 1944 3607 miraculum.

648 3643 753 3697 Sed
788 3641 943 3697 enim
972 3641 1161 3695 brevis
1196 3641 1461 3711 quaedam
1494 3641 1791 3696 interdum
1826 3635 2043 3697 nebula

644 3733 929 3787 virtutum
963 3731 1090 3799 ejus
1125 3729 1307 3785 solem
1338 3730 1705 3797 infuscabat;

644 3821 865 3877 amoris
894 3820 1237 3874 vincebatur
1267 3820 1620 3891 quandoque
1648 3820 1957 3876 illecebris.

643 3913 781 3966 Erat
810 3916 867 3965 et
896 3910 1006 3980 ipsi
1040 3908 1349 3981 splendida
1380 3910 1487 3964 tori
1522 3910 1681 3965 socia

644 4001 809 4055 Irene
842 4000 1019 4053 decus
1054 3998 1305 4069 inclytus
1337 3999 1693 4069 reginarum,

2430 2464 2573 2518 7875
2610 2466 2713 2526 ’Ἀς
2747 2466 2833 2543 ὑφ’
2863 2465 3087 2528 ἑαυτοὺς
3119 2465 3377 2538 ὑπέταξαν
3408 2474 3652 2536 Λατῖνοι,

2606 2558 2715 2608 τῶν
2746 2553 2995 2610 Αὐσόνων
3027 2556 3076 2610 τ’
3105 2553 3170 2609 αὖ
3202 2557 3265 2611 οὐ
3297 2558 3486 2619 καλῶς
3509 2559 3830 2613 ιῖιτιοιιντιπὶται⁸

2608 2642 2881 2717 Προσηνὲς
2915 2643 3254 2700 εὐὲντευκτον
3283 2645 3418 2714 ἦθος
3439 2645 3724 2716 δεικνύων,

2605 2732 2859 2807 Μέτριος,
2894 2731 3070 2803 εὐθὺς,
3103 2732 3444 2808 εὐπρόσιτος,
3479 2734 3713 2811 χαρίεις,

2602 2822 2796 2892 Τιμῶν
2829 2821 3109 2897 μοναχοὺς
3140 2821 3230 2877 καὶ
3258 2828 3394 2878 Θεοῦ
3426 2822 3765 2895 θυηπόλους,

2422 2910 2564 2964 7888
2602 2910 2719 2966 Ἴσα
2742 2917 3010 2987 προσεῖχε
3040 2909 3088 2965 δ’
3120 2908 3368 2987 ἀγγέλοις
3400 2914 3743 2990 ἂρχιθύταις,

2603 2998 2926 3069 Ἐκκλησίας
2957 2996 3120 3074 ἔθιμα
3150 3002 3224 3074 μὴ
3258 3004 3645 3078 παρατρέπων,

2601 3088 3015 3144 Ἀποστολικῶν
3049 3087 3336 3165 δογμάτων
3369 3092 3679 3164 ἑπαινὲτης,

2337 3211 2380 3279 C
2596 3211 2702 3232 nus
2744 3211 2839 3231 ιυυν
2878 3211 3147 3253 ιιιιιίλικων
3177 3211 3265 3234 και
3297 3211 3481 3253 νυμων
3509 3211 3617 3236 των
3646 3211 3772 3255 κιιμ

2596 3263 2828 3340 Γνώμην
2866 3266 3258 3343 μεγαλόψυχον
3295 3267 3348 3324 ἐν
3379 3269 3574 3332 καλοῖς
3606 3270 3772 3347 ἔχων·

2416 3365 2558 3420 7885
2597 3365 2804 3440 Δεῖγμά
2831 3382 2884 3420 τι
2916 3368 3079 3443 σαφὲς
3103 3367 3204 3435 τῆς
3236 3366 3679 3445 μεγαλοδωρίας,

2597 3455 2753 3523 Μονὴ
2788 3453 3231 3529 περιθρύλλητος
3264 3458 3297 3525 ἡ
3330 3461 3440 3511 τῶν
3472 3452 3818 3533 σωσᾶνδρων,

2591 3544 2661 3599 ’Ἡ
2696 3541 2909 3615 μᾶλλον
2943 3540 3132 3616 εἰπεῖν,
3166 3546 3344 3619 θαῦμα
3374 3552 3474 3615 τῆς
3503 3544 3856 3620 οἰκουμένης.

2591 3632 2743 3701 Ιιλήν
2779 3635 2894 3708 εἶχε
2929 3632 3122 3709 μικρὸν
3158 3638 3441 3705 συσκιάζον
3481 3636 3735 3713 βραχέως

2592 3724 2713 3778 Τῶν
2744 3724 2951 3797 ἀρττῶν
2983 3721 3146 3793 ἥλιον
3179 3723 3347 3780 αὐτοῦ
3377 3747 3427 3780 τι
3459 3725 3637 3804 νέφος

2411 3813 2553 3867 ’7890
2592 3813 2832 3881 ’Ήττητο
2867 3811 3048 3887 βραχὺ
3079 3820 3180 3882 τῆς
3201 3812 3603 3888 ἐρωτοληψίας.

2589 3903 2860 3976 Τπ-ἦρχεν
2888 3900 3037 3975 αὐτῷ
3065 3905 3155 3957 καὶ
3187 3905 3414 3981 σύζυγος
3445 3900 3609 3961 ὀλϐία

2589 3989 2799 4067 Εἷρήνη
2836 3990 3065 4065 λαμπρά
3098 3992 3431 4067 βασιλισσῶν
3465 3991 3528 4050 τὸ
3558 3994 3741 4064 κλὲος,

2588 4076 2758 4154 Μερίς
2789 4081 2964 4156 ἀγαθή
2998 4082 3087 4136 καὶ
3119 4081 3276 4157 φύσις
3303 4082 3526 4155 ἐξαισία,

2587 4171 2800 4240 Βοηθὸς
2832 4169 3174 4243 ἆνθάμιλλος
3207 4172 3282 4234 εἷς
3313 4174 3379 4227 τὰ
3409 4175 3666 4249 πρακτέα,

2404 4261 2547 4315 7895
2586 4255 2833 4333 Ἀνδρεία
2864 4260 3001 4334 γυνή
3035 4261 3125 4314 καὶ
3158 4261 3285 4316 Θεὸν
3316 4256 3658 4339 φοϐουμένη,

2586 4351 2795 4420 Σεμνή,
2833 4345 3244 4425 μεγαλόψυχος,
3277 4347 3422 4421 ἄλλη
3459 4347 3702 4426 Δεϐώρα,

646 4107 784 4162 pars
815 4088 1035 4158 Optima
1068 4088 1350 4159 conjugii,
1384 4089 1598 4143 eximia
1628 4085 1878 4157 indoles,

641 4180 711 4235 ad
747 4194 839 4233 res
870 4178 1157 4249 gerendas
1186 4177 1395 4232 {emula
1426 4177 1781 4244 auxiliatrix,

637 4267 824 4321 virilis
857 4266 1070 4321 mulier
1093 4265 1297 4320 animi.
1335 4266 1430 4320 Dei
1461 4282 1750 4336 reverens,

637 4355 1039 4428 magnanima,
1073 4354 1307 4425 pudica,
1343 4354 1571 4410 novella
1600 4357 1841 4426 Debora,

633 4462 798 4517 aeque
824 4462 956 4500 cum
990 4446 1112 4499 viro
1146 4445 1440 4516 publicam
1476 4462 1596 4499 rem
1630 4445 1991 4516 gubernans;

634 4551 957 4608 gravesque
990 4551 1187 4590 secum
1222 4534 1382 4604 regni
1415 4552 1588 4590 curas
1619 4535 1885 4590 dividens
1921 4553 1933 4591 :

633 4633 853 4689 femina
885 4632 1277 4703 pientissima,
1312 4638 1537 4688 morata
1568 4632 1911 4701 admodum,

633 4728 809 4793 atque
840 4720 1147 4776 Amalthea
1176 4739 1398 4791 verum,
1433 4726 1497 4776 ut
1527 4722 1715 4789 aiunt,
1749 4738 1949 4776 cornu.

630 4813 817 4881 Hujus
850 4828 998 4882 opus
1031 4811 1251 4865 mirum
1286 4816 1341 4865 et
1373 4810 1842 4882 pulcherrimum

627 4905 749 4955 arte
780 4900 958 4955 simul
994 4905 1050 4954 et
1082 4916 1445 4955 marmorum
1478 4898 1755 4956 varietate

626 4990 857 5045 Prusae
887 4989 947 5044 in
979 4991 1124 5045 urbe
1156 4990 1541 5045 Praecursoris
1573 4989 1893 5061 templum;

622 5080 775 5150 quod
812 5080 1215 5135 sanctuarium
1251 5079 1495 5135 tradidit
1527 5079 1906 5135 incolendum

621 5186 653 5224 a
686 5186 747 5224 se
777 5169 1091 5224 fundatum
1128 5170 1433 5225 monachis
1468 5170 1689 5242 Deique
1721 5170 1979 5225 famulis.

624 5260 737 5330 Ipsi
772 5259 1086 5331 placebant
1117 5262 1274 5317 docti
1304 5260 1571 5333 apprime
1599 5259 1891 5329 homines,

622 5349 895 5405 monachi
929 5367 1163 5422 quoque
1193 5356 1249 5406 et
1280 5351 1377 5405 Dei
1414 5350 1771 5419 sacerdotes,

616 5446 671 5495 et
704 5440 1050 5495 sublevabat
1080 5441 1291 5512 opibus
1331 5440 1753 5512 laute-egenos.

614 5532 685 5584 At
716 5547 852 5585 vero
885 5532 1075 5585 Caesar
1101 5548 1253 5601 aegro
1289 5524 1509 5586 ferebat
1540 5528 1739 5585 animo

620 5622 911 5675 Romanos
946 5620 1103 5674 brevi
1138 5622 1291 5675 linea
1323 5620 1630 5675 conclusos
1665 5619 1835 5687 fines,

617 5714 793 5781 atque
827 5710 1081 5765 universi
1116 5708 1341 5765 vineam
1378 5709 1608 5781 imperii

2585 4439 2710 4512 Οὐχ
2738 4440 2905 4505 ἧττον
2935 4434 3129 4513 ἀνδρὸς
3161 4437 3427 4495 διὲπουσα
3449 4442 3511 4496 τὸ
3542 4441 3761 4517 κράτος,

2581 4526 2683 4583 Καὶ
2716 4526 3145 4604 συνδιαφέρουσα
3173 4527 3313 4601 τῷδε
3352 4527 3662 4607 φροντίδας,

2577 4612 2941 4689 Πανευλαόἠς
2970 4639 3028 4672 τε
3059 4619 3281 4693 κοσμία,
3314 4620 3436 4694 ξένη
3470 4622 3647 4700 φύσις,

2395 4718 2541 4773 7900
2579 4712 2755 4790 Κέρας
2782 4714 3114 4790 Ἀμαλθείας
3141 4740 3199 4774 τε
3231 4724 3436 4797 σαφῶς,
3479 4721 3555 4783 ὡς
3585 4719 3770 4797 λόγος,

2578 4808 2677 4868 Ἠς
2711 4802 2871 4882 ἔργον
2905 4806 3194 4883 ἀμήχανον
3231 4807 3306 4871 εἶς
3334 4808 3577 4873 κάλλους
3610 4812 3800 4888 Λόγον,

2574 4895 2878 4970 Εὗτεχνίας
2909 4917 2967 4951 τε
3002 4896 3309 4974 μαρμάρων
3342 4900 3649 4974 ποικιλίας,

2320 4574 2367 4645 D

2570 5077 2667 5132 Ὃν
2697 5070 2773 5138 εἲς
2802 5080 3048 5147 σεμνεῖον
3080 5074 3401 5153 καθίδρυσεν
3432 5078 3627 5144 ἆνθὲως

2391 5168 2535 5223 7905
2572 5162 2942 5241 Μονοτρόπων
2976 5160 3034 5220 εὗ
3054 5166 3143 5221 καὶ
3177 5163 3489 5244 λατρευτῶν
3521 5171 3750 5245 Κυρίου.

2569 5254 2715 5325 Αὕτη
2751 5252 2933 5330 λόγων
2966 5251 3185 5332 ἔστεργε
3214 5259 3449 5335 πατέρας
3474 5258 3643 5333 μάλα,

2570 5341 2962 5420 Μονοτρόπους
2994 5341 3058 5399 αὗ
3088 5347 3175 5401 καὶ
3211 5352 3346 5402 Θεοῦ
3378 5349 3713 5419 θυηπόλους,

2569 5434 2672 5490 Καὶ
2705 5434 2813 5487 τῶν
2845 5435 3097 5505 πενήτων
3129 5437 3196 5505 ἦν
3224 5437 3526 5514 χορηγέτις
3558 5440 3705 5511 εὲνη,

2571 5527 2662 5596 Τῷ
2690 5520 2735 5576 δ’
2765 5522 2865 5578 οὐκ
2895 5524 3110 5579 ἀνεκτὸν
3142 5526 3207 5594 ἧν
3245 5524 3468 5600 βλέπειν
3502 5530 3834 5608 στεφηφόρῳ

2392 5617 2533 5672 7910
2573 5611 2719 5675 Τοὺς
2749 5611 3096 5687 Ῥωμαϊκοὺς
3130 5613 3597 5692 εὐπεριγράπτους
3628 5619 3815 5694 ὅρους,

2567 5705 2673 5773 Τήν
2704 5699 2953 5776 ἄμῃλῦν
2981 5721 3041 5759 τι
3067 5710 3169 5775 τῆς
3198 5702 3336 5776 δΑης
3367 5707 3705 5785 κραταρχίας

3991 372 4109 433 292

2619 2110 2849 2182 Συχνῶς
2920 2111 3297 2186 στραταρχῶν,
3361 2111 3638 2187 καρτερῶν
3701 2110 3753 2166 ἐν
3812 2119 3932 2175 ταῖς
3997 2111 4117 2188 μά-

3915 2205 4109 2278 [xum

2610 2375 2834 2445 Γνώσει,
2866 2375 3039 2452 λόγῳ,
3072 2379 3353 2453 πράγματι
3388 2379 3477 2433 καὶ
3507 2378 3668 2455 πείρᾳ
3701 2380 3913 2455 μάχης,

2596 3177 2702 3232 Καὶ
2733 3182 2839 3231 τῶν
2872 3182 3148 3253 πατρικῶν
3174 3178 3265 3234 καὶ
3295 3181 3481 3253 νόμων
3509 3186 3617 3236 τῶν
3644 3184 3932 3255 κειμένων,

2572 4987 2633 5043 '0
2664 4981 2995 5060 Προδρόμου
3027 4982 3323 5050 κάλλιστος
3353 4988 3404 5042 ἐν
3437 4990 3656 5065 Προύσῃ
3687 4983 3883 5064 δόμος,
