4190 6448
152 394 257 448 293

332 510 469 566 Συσὶ
496 508 731 581 καθάπερ
766 504 995 567 Ἰταλοῖς
1028 500 1416 578 λωόουμίνην·

328 601 491 656 Ὅθεν
527 595 799 659 πεπειθὼς
830 590 1172 669 συντρίϐοντι
1200 595 1295 655 τὰς
1328 594 1535 667 μάχας,

330 687 434 742 Καὶ
467 689 737 755 νικοποιῷ
765 684 1185 756 πανσθενουργῷ
1216 678 1457 752 Δισπότῃ

147 779 289 832 ’7915
329 777 534 849 Μάχην
566 772 815 827 συνάπτει
848 771 1098 833 Λατίνοις
1128 767 1421 847 φρικαλίαν

334 866 423 921 Ἑν
463 865 812 935 Ποιμανηνοῦ
844 860 1073 937 χωρίοις
1104 857 1470 931 κικλημὲνοψ

330 954 413 1010 Οὐ
440 953 801 1027 τιγματαρχῃ
826 955 933 1004 τῶν
967 947 1074 1003 ἅνω
1106 948 1520 1023 στρατευμάτων

330 1042 488 1103 Νεὼς
511 1043 713 1096 ἀνεῖται
746 1037 975 1113 Μιχαὴλ
1012 1033 1403 1113 πρωταγγόλῳ.

330 1134 595 1205 Ἡγοῦντο
628 1128 805 1184 τοίνυν
839 1131 1088 1200 στρατιᾶς
1121 1127 1214 1198 μὶν
1246 1124 1495 1181 Αὐσόνων

152 1233 293 1286 7920
333 1227 542 1284 “A1101
574 1242 632 1281 τε
660 1224 866 1281 πολλοὶ
897 1224 984 1279 καὶ
1016 1221 1272 1299 βασιλεὺς
1302 1222 1596 1298 ἐμπριπων

330 1318 501 1372 Πᾶσιν
533 1315 771 1390 ἀρίστοις
801 1314 875 1374 ὡς
907 1311 959 1367 ἐν
992 1313 1192 1386 ἡρώων
1220 1310 1371 1374 ’ίλαις

329 1406 546 1479 Τοπρὶν
578 1401 874 1478 Ἀχιλλεὺς
904 1400 1250 1474 ἀπολάμπων
1282 1404 1398 1463 τοῖς
1429 1397 1649 1469 ὅπλοις,

330 1497 435 1552 Καὶ
468 1500 588 1556 ταῖς
620 1495 733 1547 κατ’
764 1490 977 1567 ὶχθρῶν
1010 1488 1376 1563 ἀναδούμενος
1409 1490 1575 1544 vium.

330 1589 445 1643 Τοῦ
484 1586 782 1638 Λατινικοῦ
812 1579 859 1634 δ’
890 1581 1263 1653 ἀναριθμήτου
1290 1578 1508 1652 στίφους

146 1677 292 1732 7925
328 1671 539 1729 ’Λλλοι
570 1691 629 1726 τε
658 1669 824 1725 πάλιν
852 1669 942 1723 καὶ
975 1665 1104 1729 δυὰς
1135 1667 1451 1741 όμαιμόνων

331 1760 624 1835 Θεοδώρου
658 1760 893 1831 Λάσκαρι
922 1762 1019 1813 τοῦ
1054 1754 1346 1833 βασιλέως,

330 1851 402 1908 Oi
431 1849 563 1922 πρὶν
592 1846 991 1924 ἀποδράσαντες
1021 1846 1080 1901 ἐκ
1113 1845 1381 1921 βασιλέως

328 1946 419 2011 Τῷ
450 1945 560 1994 τῶν
596 1934 817 1993 Ἰταλῶν
854 1934 1246 2005 ὑπεκλίνθησαν
1278 1936 1482 2009 κράτεν

336 2028 442 2084 Καὶ
472 2031 771 2097 τηνικαῦτα
796 2027 933 2079 κατὰ
961 2025 1251 2097 Ῥωμαίων
1283 2022 1427 2097 σφίσι

146 2122 293 2175 8930
334 2119 447 2174 Καὶ
482 2118 824 2191 συνεμάχουν
856 2113 945 2169 καὶ
975 2115 1325 2187 συνεκρότουν
1364 2112 1580 2187 μάχην·

339 2208 444 2265 Καὶ
480 2205 836 2282 συρραγείσης
868 2204 918 2274 ἐξ
948 2203 1204 2279 ικατάρου
1248 2205 1457 2277 μάχης,

332 2294 516 2365 Νίκην
548 2293 886 2370 ἀπηνέγκατο
917 2291 1200 2366 Ῥωμαίων
1240 2291 1385 2364 ἄναξ,

336 2385 496 2442 Κατὰ
520 2383 716 2454 κράτος
746 2380 791 2437 δ’
821 2382 1057 2452 ἥττηντο
1090 2387 1306 2435 Λατῖνοι
1337 2377 1528 2448 πάλιν,

334 2477 511 2537 Ἔνθα
542 2470 797 2547 βασιλεὺς
830 2474 977 2526 ὧπτο
1013 2469 1288 2546 ρηγνύων,
1316 2472 1529 2545 τρέπων

150 2575 298 2629 7935
339 2571 637 2627 Ἐναντίων
671 2568 948 2647 φάλαγγας
982 2569 1149 2640 ἒνθὲῳ
1180 2568 1369 2638 σθένει,

338 2667 481 2715 Ilio:
514 2656 776 2728 κελεύων,
809 2658 1102 2729 ἐμπιπλῶν
1134 2654 1467 2732 προθυμίας,

332 2747 635 2816 Ἑνοπλος,
668 2747 906 2818 ἱππότης
936 2746 1014 2815 δὲ,
1047 2746 1317 2822 λογχίτης
1344 2742 1477 2817 ἅμα,

329 2843 495 2897 ’Δνω
525 2839 672 2893 κάτω
704 2836 839 2901 θιων
870 2857 929 2890 τε
955 2836 1045 2891 καὶ
1076 2836 1361 2911 περιθέων,

339 2923 621 2983 Ἐϐαλλεν
649 2925 882 3001 ἑχθροὺς
905 2931 985 2998 τῷ
1015 2923 1198 2999 δόρατι
1226 2923 1464 2999 καιρίαν,

144 3021 290 3074 7940
333 3018 521 3079 Αὐτὸς
542 3009 588 3070 δ’
617 3015 781 3070 αὐτοῦ
810 3018 911 3084 τήν
948 3014 1133 3091 μάχην
1166 3012 1504 3087 καταρτύωψ

336 3106 437 3161 Καὶ
478 3104 573 3159 σὺν
606 3105 835 3181 ὀλίγοις,
870 3105 945 3166 ὡς
977 3102 1180 3159 Γεδεών
1209 3121 1292 3164 τις
1320 3100 1460 3171 νὲος,

330 3194 693 3267 Ἀλλοθρόων
726 3201 930 3265 ἥττησε
956 3194 1049 3255 τὰς
1083 3190 1369 3268 μυριάδας·

327 3284 446 3347 Οὕς
484 3285 583 3355 μὶν
610 3282 992 3359 παρανάλωμα
1024 3282 1296 3359 μαχαίρας
1330 3278 1549 3356 δράσας,

332 3376 448 3437 Οῧς
486 3371 533 3428 δ’
568 3373 961 3449 αἰχμαλώτους
993 3372 1285 3449 ἀπαγαγὼν
1311 3368 1589 3444 δεσμίους’

152 3476 297 3531 ’7945
342 3473 527 3527 Ἐλὼν
562 3468 621 3528 δὲ
643 3467 846 3548 τυφλοῖ
868 3470 959 3526 καὶ
992 3468 1330 3546 Λασκαρίους
1359 3467 1499 3526 τότε.

344 3563 521 3619 Τουτὶ
554 3562 1012 3637 τροπαιούχημα,
1041 3558 1283 3615 Λατίνων
1318 3557 1514 3632 θράσος

326 3650 541 3728 Ὀφρύν
571 3666 631 3705 τε
668 3652 758 3706 καὶ
785 3646 1011 3729 φύσημα
1037 3644 1347 3705 συνέστειλὲ
1371 3664 1510 3711 πως·

337 3742 563 3813 Ὗψωσε
595 3738 883 3814 Ῥωμαίων
917 3733 974 3794 δὶ
1002 3731 1363 3815 κραταρχίαν,

326 3830 479 3885 Κάπὶ
518 3827 638 3904 μέγ’
667 3825 905 3905 ἀνήγαγε
932 3833 1033 3899 τῆς
1076 3824 1394 3901 εὐτολμίας.

136 3921 282 3975 7%0
327 3918 523 3989 Ἄλλη
557 3916 617 3973 δὲ
649 3911 817 3973 πάλιν
850 3915 1113 3988 Λατινική
1146 3934 1229 3979 τις
1256 3912 1469 3994 φάλαγξ

344 4004 558 4085 Σὲῥρας
590 4004 1001 4084 κατατρέχουσα
1023 4006 1123 4075 τὴν
1152 4001 1317 4061 πόλιν
1348 4005 1473 4061 τότε

329 4098 632 4172 Ὄλεθρον,
663 4096 827 4165 ἧτταν
860 4093 1108 4173 φυλετῶν
1135 4094 1358 4169 γνοῦσα,
1389 4096 1562 4171 τάχος

332 4189 578 4251 Ἐκεῖθεν
606 4180 875 4260 autem“
898 4183 991 4241 σὺν
1026 4180 1287 4258 ἀκοσμίᾳ,

349 4278 548 4345 Καλῆς
578 4281 833 4349 στρατιᾶς
862 4270 1132 4351 Ἀγγέλου
1160 4268 1472 4348 Θεοδώρου,

141 4368 295 4423 7955
335 4370 438 4423 Ὃν
468 4365 683 4443 φθάσας
710 4364 969 4441 ἱστόρησε
995 4362 1294 4438 τοπρόσθεν
1337 4361 1510 4437 λόγος

347 4451 624 4511 Ἐπίθεσιν
660 4447 879 4510 δείσασα
909 4448 1403 4525 προσδοκωμένην

336 4546 521 4606 Οὗτος
546 4538 677 4619 γὰρ,
710 4542 785 4605 ὡς
820 4537 1053 4620 ἔφημεν,
1086 4539 1248 4615 ἄρξας
1272 4536 1474 4596 ἀστέων

334 4628 629 4709 Ὀρεστιάδ
639 4652 718 4703 ος,
750 4626 992 4708 Σερῤῶν,
1025 4627 1447 4697 Θεσσαλονίκης,

331 4723 565 4781 Ἀλλων
605 4718 917 4796 πολιχνίων
950 4738 1008 4776 τε
1037 4720 1126 4775 καὶ
1152 4716 1343 4795 χώρας
1375 4713 1533 4790 ὅσης,

134 4824 296 4878 7960
334 4820 436 4876 Καὶ
474 4815 792 4895 βασιλικοῖς
826 4817 1114 4893 ὡραῒσθεὶς
1144 4811 1472 4889 συμϐόλοις,

334 4912 686 4984 Ἀντίμαχος
708 4907 995 4983 κράτιστος
1023 4904 1092 4975 ἦν
1120 4907 1240 4968 τοῖς
1269 4901 1543 4965 Λατίνοις.

336 5000 662 5063 Ἀντίθετος
692 4993 751 5051 δὶ
778 4998 868 5052 καὶ
894 4995 1291 5071 κραταρχοῦντ⁹
1324 4990 1603 5050 Αὐσόνων·

336 5091 513 5153 Οὗτος
547 5088 644 5161 μὶν
677 5085 835 5142 αὐτὸν
868 5085 1029 5159 ἠξίου
1061 5084 1194 5159 μάλ’
1223 5079 1451 5146 ἰνδίκως

338 5182 467 5237 Τῶν
503 5173 820 5249 δευτερείων
850 5170 1146 5231 ἀπολαύειν
1173 5172 1270 5230 τοῦ
1302 5174 1560 5242 κράτους,

132 5271 301 5326 7965
336 5269 438 5324 Καὶ
468 5270 582 5324 τῶν
623 5264 713 5343 ὑφ’
738 5265 902 5322 αὐτὸν
934 5265 1202 5342 κυριεύειν
1243 5259 1469 5319 ἆστὲων·

335 5359 520 5421 Αὐτὸς
556 5352 605 5412 δ’
636 5352 799 5432 ἀπρὶξ
831 5356 899 5425 ἦν
930 5359 1029 5411 τοῦ
1058 5354 1286 5433 στίφους
1316 5348 1705 5428 δεδραγμινος·

338 5439 722 5520 Προύὄάλλετ⁷
753 5441 954 5500 οὔκουν
990 5441 1253 5507 δεσπότας
1283 5438 1645 5518 παραλόγως,

338 5539 439 5594 Καὶ
469 5530 980 5610 σεϐαστοκράτορας
1006 5533 1098 5589 καὶ
1128 5530 1507 5607 δομεστίκους,

338 5627 647 5706 Ὀφφικίων
680 5622 826 5681 ἄλλα
854 5645 912 5679 τε
938 5625 1179 5701 καθάπερ
1210 5625 1449 5697 κράτωρ.

140 5713 313 5773 79³ἷο
341 5713 401 5774 Ὀ
433 5712 482 5772 δ’
514 5714 873 5792 αὐτοκράτωρ
903 5712 1215 5786 ἐκνικήσας,
1250 5715 1324 5775 ὡς
1354 5711 1510 5790 ἔφην,

1668 386 2031 441 οδελιικε.

1827 510 1883 573 Α
1914 504 1986 559 ab
2021 504 2180 559 italis
2214 509 2497 560 vastatam
2534 509 2812 575 tanquam
2846 508 3070 562 suibus.

1914 594 2101 657 Quare
2133 594 2391 649 conlisus
2426 594 2755 664 praeliorum
2788 596 3005 651 arbitro

1914 682 2224 738 victorioso
2252 683 2635 754 omnipotenti
2668 683 2935 751 Domino,

1916 788 2170 841 pugnam
2202 787 2335 825 cum
2372 772 2592 827 Latinis
2623 774 2917 828 commisit
2947 790 3213 845 asperam

1914 858 1972 912 in
2010 860 2341 915 Pcemaneni
2377 859 2571 931 oppidi
2603 860 2915 930 territorio,

1923 944 2022 998 ubi
2054 944 2378 1001 cmlestium
2411 947 2683 1002 ordinum
2711 948 2944 1005 tribuno

1918 1032 2203 1104 templum
2234 1036 2536 1107 consurgit
2566 1035 2829 1091 Michaeli
2864 1038 3234 1112 archangelo.

1917 1129 2244 1186 Romanum
2276 1149 2411 1205 ergo
2442 1134 2737 1188 ducebant
2766 1137 3083 1193 exercitum

1922 1234 2054 1272 cum
2091 1218 2186 1274 alii
2217 1220 2387 1276 multi
2420 1228 2545 1276 tum
2579 1223 2765 1278 Caesar
2797 1226 3137 1295 praecellens

1914 1310 2167 1381 fortibus
2197 1310 2446 1378 cunctis,
2481 1318 2761 1383 tanquam
2797 1314 2853 1368 in
2889 1314 3138 1372 heroicis

1914 1400 2169 1454 Achilles
2199 1402 2497 1471 quondam
2528 1401 2883 1473 splendidus
2910 1406 3240 1477 ordinibus,

1914 1488 2288 1543 victoriarum
2320 1488 2504 1560 gloria
2533 1489 2923 1547 clarissimus.

1918 1578 2184 1633 Latinum
2217 1595 2349 1634 vero
2376 1580 2752 1636 innumerum
2784 1584 3098 1640 exercitum

1914 1668 2224 1734 ducebant,
2260 1674 2466 1738 praeter
2496 1668 2662 1736 alios,
2700 1672 2908 1727 fratres
2939 1673 3054 1729 duo

1914 1760 2224 1811 Lascareos
2257 1757 2543 1812 Theodori
2578 1761 2876 1829 regnantis
2908 1777 3114 1833 nuper,

1915 1846 2015 1915 qui
2056 1863 2089 1900 a
2119 1847 2339 1901 Caesare
2367 1848 2590 1903 Joanne
2620 1849 2955 1906 deficientes

1917 1925 1986 1981 ad
2024 1925 2299 1980 Italorum
2334 1932 2525 1997 partes
2556 1944 2618 1983 se
2649 1929 3046 1998 contulerant;

1920 2031 2073 2069 nunc
2104 2016 2508 2086 conspirantes
2538 2032 2671 2072 cum
2705 2018 2902 2074 hostili
2936 2024 3191 2079 exercitu

1921 2104 2201 2160 adversus
2234 2122 2342 2160 nos
2374 2106 2430 2160 in
2464 2107 2646 2162 aciem
2672 2108 3031 2180 prodierant.

1920 2194 2069 2264 Ergo
2101 2195 2453 2251 exercitibus
2488 2199 2784 2269 utrimque
2814 2205 3320 2274 concurrentibus,

1921 2283 2111 2339 Casar
2139 2287 2440 2341 Romanus
2470 2286 2669 2342 retulit
2698 2288 3022 2358 victoriam,

1921 2378 1980 2429 et
2008 2374 2346 2429 Latinorum
2379 2381 2518 2431 sunt
2550 2381 2849 2447 prostratis
2880 2379 3050 2439 vires.

1922 2461 2084 2517 Tunc
2114 2464 2461 2519 cernebatur
2487 2464 2678 2521 Caesar
2705 2482 3109 2541 perrumpens,
3144 2472 3353 2546 fugane

1925 2547 2183 2603 hostium
2218 2549 2540 2622 phalanges
2572 2554 2775 2608 robore
2805 2554 3021 2625 divino,

1925 2640 2167 2691 cunctos
2199 2637 2442 2710 imperio
2471 2655 2701 2712 regens,
2732 2643 2979 2699 audacia
3011 2646 3337 2720 complens,

1925 2738 2126 2789 vectus
2156 2751 2307 2806 equo
2338 2737 2754 2808 cataphractus
2785 2744 2842 2795 et
2874 2740 3105 2799 hastam
3138 2748 3364 2816 tenens,

1926 2840 2028 2878 sus
2060 2824 2248 2895 deque
2278 2841 2542 2896 currens,
2574 2828 2809 2884 ordines
2840 2831 3229 2903 perlustrans,

1927 2912 2125 2969 hostes
2152 2913 2420 2972 lethii‘era
2450 2916 2651 2973 lancea
2682 2919 3038 2993 percutiens,

1928 3002 2172 3073 ipsemet
2202 3020 2379 3059 manu
2412 3006 2649 3077 propria
2677 3007 2900 3065 bellum
2934 3026 3183 3082 gerens;

1929 3092 2250 3164 paucisque
2282 3094 2724 3167 comitantibus,
2756 3114 2858 3154 ceu
2894 3115 3078 3156 novus
3106 3104 3319 3176 Gedeo,

1929 3180 2190 3237 hostium
2225 3197 2472 3254 magnas
2503 3190 2805 3256 proterens
2835 3192 3123 3258 catervas,

1844 3243 1890 3308 C
1930 3286 2077 3342 quo,
2108 3243 2547 3344 partim‘gladi-o
2582 3277 2827 3332 messuit
2852 3278 2910 3331 in
2945 3243 3089 3347 acie,

1927 3357 2140 3429 partim
2166 3360 2513 3417 constrictos
2542 3361 2791 3418 vinculis
2821 3363 3097 3436 abduxit;

1928 3447 2205 3506 Lascares
2228 3464 2458 3522 quoque
2485 3456 2686 3523 captos
2714 3456 3042 3513 excacavit.

1930 3554 2122 3621 Atque
2151 3549 2260 3605 hoc
2290 3554 2572 3623 tropmum
2601 3553 2869 3609 contudit
2895 3556 3203 3614 audaciam

1928 3641 2334 3712 superbosque
2363 3641 2611 3713 spiritus
2643 3643 2980 3701 Latinorum
3017 3662 3031 3703 :

1928 3730 2284 3785 nostratium
2316 3736 2513 3786 autem
2545 3729 2756 3787 extulit
2785 3731 3114 3804 fortunam,

1930 3822 1988 3873 et
2018 3817 2427 3875 confidentiam
2463 3818 2781 3891 plurimam
2815 3822 3103 3881 restituit.

1935 3907 2098 3962 Tnnc
2128 3906 2283 3963 alius
2312 3920 2543 3980 quoque
2573 3909 2863 3967 exercitus
2894 3908 3158 3986 Latinus,

1932 3996 2033 4068 qui
2071 4001 2271 4052 Serras
2302 3995 2452 4053 bello
2484 3996 2790 4070 quatiebat
2824 4001 3051 4071 orbem,

1932 4085 2099 4142 clade
2130 4101 2373 4143 suorum
2404 4083 2661 4159 cognita,
2695 4087 2969 4147 celeriter

1933 4177 2096 4233 illinc
2127 4177 2515 4235 tumultuaria
2549 4178 2791 4237 recessit
2820 4182 2960 4255 fuga
2990 4194 3004 4238 :

1935 4270 2214 4326 nimirum
2248 4274 2517 4328 metuens
2549 4286 2621 4328 ne
2651 4271 2940 4330 Theodori
2968 4274 3175 4349 Angeli

1936 4358 2247 4429 cujusjam
2280 4362 2481 4414 nostra
2512 4358 2779 4415 meminit
2810 4360 3083 4431 historia,

1939 4448 1998 4503 in
2028 4463 2090 4502 se
2124 4446 2393 4503 ruentem
2424 4451 2689 4504 cerneret
2717 4448 3063 4520 exercitum,

1942 4546 2045 4602 Hic
2077 4545 2259 4613 enim,
2290 4550 2355 4601 ut
2378 4547 2498 4616 jam
2529 4546 2802 4618 diximus,
2836 4548 3074 4607 urbium
3104 4551 3381 4614 dominus

1864 4593 1911 4661 D
1941 4593 2274 4701 sea-Eum:
2305 4593 2658 4701 Orestiados,
2691 4593 3145 4706 Thessalonice:

1940 4724 2414 4796 Oppidorumque
2446 4722 2695 4780 aliorum
2724 4741 2857 4781 cum
2891 4726 3046 4798 agris
3076 4729 3225 4798 suis.

1936 4818 1995 4868 et
2016 4814 2140 4883 jam
2174 4813 2497 4883 assumptis
2529 4812 2705 4885 regiis
2739 4810 3098 4887 insignibus,

1938 4901 2145 4958 Latina
2176 4897 2373 4971 praelia
2402 4900 2632 4973 egregie
2662 4902 3013 4960 sustinebat.

1937 4992 2048 5047 Sed
2084 4994 2284 5045 nostro
2318 5004 2547 5061 quoque
2575 4990 2885 5048 resistebat
2910 4993 3141 5064 Caesari,

1938 5080 2036 5153 qui
2069 5095 2210 5135 sane
2241 5076 2573 5149 patiebatur
2599 5094 2765 5151 aequo
2794 5080 2989 5138 animo

1938 5168 2260 5226 secundum
2292 5183 2423 5223 esse
2448 5166 2730 5240 Angelum
2765 5166 2823 5225 in
2857 5170 3105 5244 imperio

1939 5272 2305 5328 suarumque
2337 5255 2572 5311 urbium
2606 5253 2914 5319 dominum
2948 5276 3011 5316 se
3040 5277 3275 5334 gerere;

1939 5349 2040 5405 sed
2072 5346 2167 5402 hic
2198 5357 2475 5401 coronam
2507 5345 2797 5403 retinebat
2827 5348 3149 5419 mordicus,

1938 5435 2405 5510 designabatque
2435 5431 2693 5492 absurde
2723 5436 3250 5515 sebastocratoras,

1939 5528 2237 5598 despotas,
2268 5526 2324 5578 et
2356 5522 2731 5595 domesticos,
2764 5526 2939 5598 atque
2972 5526 3087 5585 alia
3116 5530 3457 5604 hujusmodi

1940 5615 2184 5677 nomina
2213 5611 2564 5681 dignitatum
2599 5618 2883 5687 tanquam
2918 5616 3130 5673 Casar.

1940 5712 2014 5766 At
2044 5704 2365 5778 imperator
2394 5706 2529 5772 post
2551 5701 2863 5760 victoriam
2894 5703 3059 5762 illam
