4250 6432
662 413 770 467 295
1873 411 2244 463 EPHRBMII
2282 408 2854 464 CBRONOGRAPHI
3957 409 4083 463 296

665 553 843 609 quam
877 538 947 592 de
980 535 1179 590 Latino
1207 533 1409 589 retulit
1432 533 1708 600 exercitu,

663 641 1004 696 compressa
1034 624 1298 679 hostium
1332 623 1563 677 tumida
1593 621 1892 693 superbia,

668 715 844 769 urbes
877 731 1011 769 cum
1045 712 1355 768 territoriis
1387 711 1714 782 occupavit,

665 803 950 858 Lentiana
975 801 1177 857 statim
1210 805 1390 871 atque
1420 803 1854 867 Pmmanenum,

663 888 984 945 Charioron
1012 889 1223 944 deinde
1252 894 1311 943 et
1343 887 1746 945 Vervenicum.

664 979 826 1034 Idem
859 979 1171 1051 longarum
1207 977 1446 1032 navium
1479 978 1668 1031 classe
1701 977 2011 1042 instructo,

665 1060 916 1123 multam
954 1068 1172 1123 Latinis
1201 1067 1496 1138 praebebat
1525 1064 1857 1120 molestiam

663 1156 827 1226 ipsos
859 1156 1204 1227 aggrediens
1237 1159 1396 1209 terra
1425 1155 1694 1225 marique
1725 1152 1961 1224 saepius,

667 1246 894 1316 praedas
923 1247 1242 1312 abducens,
1281 1261 1382 1315 pro
1416 1245 1637 1298 viribus
1670 1249 1948 1309 atterens,

663 1427 839 1482 urbes
870 1426 1108 1481 illorum
1134 1425 1312 1480 armis
1343 1425 1745 1496 intercipiens,

662 1534 811 1589 quas
842 1517 994 1572 inter
1021 1517 1321 1588 Madytum
1354 1522 1410 1570 et
1440 1513 1815 1585 Calliupolin,

661 1622 797 1660 cum
829 1604 1224 1675 circumjectis
1257 1603 1425 1675 pagis
1456 1620 1521 1658 ac
1552 1603 1885 1657 territoriis.

660 1696 846 1765 Atque
877 1693 937 1748 in
970 1693 1063 1748 his
1097 1693 1267 1748 bellis
1299 1693 1440 1748 dum
1471 1697 1738 1747 versatur
1767 1691 1979 1757 Caesar,

663 1780 734 1836 ab
766 1781 1099 1836 Andronico
1127 1780 1351 1851 patitur
1381 1779 1630 1834 insidias

657 1867 942 1938 patruelis
975 1867 1115 1933 ﬁlio,
1149 1869 1440 1938 Nestongo
1473 1867 1650 1933 dicto,

656 1957 756 2027 qui
791 1958 1131 2026 conjuratos
1161 1957 1369 2011 habuit
1401 1955 1554 2010 viros
1587 1954 1812 2010 nobiles

651 2047 885 2100 fratrem
913 2045 1192 2114 Isacium,
1230 2053 1402 2116 atque
1432 2044 1892 2099 Tarchaniotam

649 2135 1050 2206 Synadenum,
1083 2139 1140 2190 et
1173 2133 1591 2202 Phlamulium,
1625 2137 1683 2187 et
1716 2131 2042 2187 Macrinam

650 2221 1093 2277 heteriarcham
1131 2238 1432 2292 magnum,
1468 2221 1735 2292 aliosque
1767 2219 1985 2291 plures.

655 2313 734 2367 Re
767 2312 1000 2384 cognita
1031 2312 1369 2384 imperator,
1407 2317 1667 2366 cremata
1698 2311 1908 2376 classe,

653 2400 826 2456 celeri
859 2417 1032 2455 cursu
1065 2417 1124 2455 se
1158 2401 1376 2472 recepit
1407 2400 1663 2471 Ochyras
1698 2416 1712 2454 :

653 2489 753 2544 ubi
784 2490 1172 2560 quaestionem
1208 2490 1278 2544 de
1306 2489 1542 2561 negotio
1577 2488 1920 2556 instituens,

654 2579 962 2647 praedictos
993 2578 1175 2649 culpae
1210 2579 1426 2648 reperit
1459 2578 1691 2633 afﬁnes.

654 2669 842 2732 Quare
875 2652 1238 2738 Nestongum
1273 2667 1536 2737 primarii
1572 2668 1652 2722 rei
1690 2667 1953 2736 fratrem,

656 2757 1106 2827 Macrinumque
1138 2756 1340 2823 simul,
1376 2757 1648 2812 multavit
1677 2756 1863 2812 oculis
1899 2773 1910 2810 ε

661 2846 810 2902 alios
843 2845 1116 2913 inclusit;
1150 2847 1556 2901 Andronicum
1591 2846 1806 2918 pariter

658 2935 869 2990 vinclis
902 2936 1218 3007 Magnesia:
1250 2936 1701 2991 custodiendum
1732 2935 1998 3004 tradidit,

660 3025 816 3080 unde
848 3025 896 3078 is
927 3024 1166 3096 elapsus
1196 3025 1343 3080 abiit
1373 3025 1442 3080 ad
1477 3026 1715 3081 Turcas.

660 3114 738 3168 Ex
771 3113 870 3168 illo
903 3119 1099 3169 autem
1127 3119 1390 3186 tempore
1425 3116 1743 3185 imperator

659 3204 904 3259 armatis
937 3221 999 3259 se
1029 3204 1376 3260 custodibus
1408 3190 1839 3276 circumsepsit,

656 3294 728 3349 ob
762 3293 1024 3365 corporis
1056 3293 1299 3349 tutelam
1334 3299 1510 3365 atque
1540 3294 1690 3363 vitae,

663 3383 887 3439 omissa
912 3385 1035 3454 jam
1070 3383 1261 3455 priore
1293 3382 1569 3438 facilitate

661 3471 952 3542 simplicis
986 3473 1168 3527 moris
1194 3477 1251 3527 et
1280 3471 1481 3543 procul
1516 3472 1874 3544 suspicione.

662 3563 855 3632 Atque
887 3562 956 3616 ad
992 3561 1101 3616 hoc
1133 3561 1310 3616 etiam
1342 3562 1694 3633 adjutricem
1729 3561 1957 3629 habuit,

664 3649 776 3704 tori
812 3654 1142 3704 consortem
1175 3655 1232 3705 et
1262 3650 1393 3706 vita:
1421 3651 1782 3720 subsidium,

660 3738 813 3793 virili
849 3739 1155 3810 praditam
1191 3739 1402 3811 spiritu
1437 3741 1698 3812 reginam

662 3834 843 3899 atque
875 3828 1055 3899 regali
1086 3830 1158 3883 ad
1193 3846 1284 3884 res
1315 3831 1601 3900 gerendas
1635 3829 1854 3897 indole,

660 3921 912 3984 Irenem,
946 3934 1149 3988 parem
1179 3920 1428 3984 nomini,
1462 3923 1757 3975 auctorem
1792 3920 1973 3992 pacis.

654 4006 786 4060 Jam
820 4022 958 4060 cum
992 4007 1178 4062 Italici
1212 4015 1522 4063 cernerent
1551 4009 1759 4064 inutile

664 4114 696 4150 a
728 4112 788 4150 se
820 4100 1165 4166 susceptum
1200 4096 1417 4151 bellum
1453 4101 1653 4152 contra
1686 4099 1990 4167 Caesarem,

662 4184 826 4256 pacis
860 4201 996 4239 cum
1032 4185 1161 4256 ipso
1194 4186 1384 4240 foedus
1419 4187 1772 4259 pepigerunt
1805 4206 1818 4242 :

662 4277 721 4327 et
753 4274 895 4327 urbe
928 4273 1165 4344 quidem
1201 4273 1370 4346 Pegis
1401 4282 1778 4331 excesserunt

661 4367 836 4432 atque
867 4361 1000 4417 aliis
1038 4362 1272 4433 oppidis
1304 4364 1732 4436 territorisque,

664 4454 954 4522 quo'tquot
986 4453 1056 4506 ad
1093 4457 1377 4507 Austrum
1414 4455 1584 4510 nobis
1616 4461 1783 4509 erant
1814 4456 2038 4526 posita:

666 4540 768 4594 sed
803 4539 1097 4596 borealem
1129 4541 1390 4612 Byzantii
1423 4541 1699 4598 viciniam

670 4629 1067 4697 retinuerunt,
1099 4646 1232 4685 cum
1264 4631 1548 4703 Bithyniae
1583 4633 1875 4705 partibus.

666 4718 955 4790 Deinceps
987 4735 1118 4774 vero
1149 4720 1315 4790 quies
1345 4737 1379 4774 a
1409 4721 1580 4776 bellis
1606 4728 1749 4778 erat.

669 4808 786 4863 lloc
821 4824 1016 4862 rerum
1051 4812 1232 4876 statu,
1267 4808 1422 4865 cives
1455 4809 1792 4868 Orestiados

666 4896 908 4952 mittunt
941 4898 1012 4952 ad
1046 4897 1334 4954 Caesarem
1367 4898 1723 4972 legationem
1753 4902 2105 4974 supplicem,

664 4986 832 5042 valde
863 4991 1142 5057 rogantes
1177 4991 1241 5042 ut
1272 4988 1579 5045 submisso
1612 4991 1866 5048 exercitu

662 5075 932 5146 ipsorum
969 5077 1176 5132 urbem
1209 5080 1370 5149 gravi
1403 5078 1747 5135 Latinorum

667 5170 926 5237 ereptam
951 5166 1098 5238 jugo
1128 5167 1385 5223 libertati
1420 5169 1709 5226 redderet.

671 5259 726 5312 Is
758 5274 893 5327 ergo
924 5274 1060 5313 cum
1095 5253 1355 5315 exercitu
1390 5261 1592 5317 statim
1626 5263 1788 5334 misit

671 5351 1157 5418 protostratorem
1192 5351 1339 5404 Isem
1373 5355 1432 5405 et
1461 5354 1883 5424 Cammytzem,

671 5436 773 5506 qui
809 5439 1102 5508 progressi
1133 5437 1297 5503 illuc,
1331 5441 1389 5495 in
1422 5441 1628 5496 urbem
1664 5442 1832 5498 facile

672 5527 875 5598 pronis
906 5528 1126 5599 excepti
1159 5529 1309 5585 votis
1344 5535 1749 5600 penetrarunt.

745 5672 865 5757 (ΖΘ).
895 5673 1464 5757 Acropolitafribuit
1496 5673 1604 5756 hoc
1635 5692 1959 5757 cognomen
1991 5678 2328 5750 Synadeno;

708 5746 734 5798 t
763 5743 1130 5815 Ephrzsmius
1159 5746 1393 5801 videtur
1423 5746 1608 5803 Isacio
1643 5743 1803 5804 da're.

2345 535 2399 598 Α
2605 533 2716 601 Τὴν
2747 537 2853 588 τῶν
2889 531 3112 590 Ἰταλῶν
3146 533 3396 608 στρατιὰν
3429 532 3564 587 κατὰ
3592 532 3811 607 κράτος,

2602 622 2704 675 Καὶ
2734 620 2978 684 καθελὼν
3010 626 3159 700 σφῶν
3190 624 3280 676 τὸν
3318 620 3706 698 μεγαλόψυχον
3736 619 3928 697 τύφον,

2601 711 2755 781 ᾝΡει
2782 707 2976 772 πόλεις
3007 711 3195 785 χώρας
3222 731 3280 765 τε
3307 716 3429 773 ταῖς
3461 708 3835 782 στρατηγίαις,

2599 801 2861 852 Λεντιανά
2886 819 2945 852 τε
2976 800 3328 872 Ποιμανηνὸν
3359 797 3576 869 αὐτίκα,

2420 885 2561 937 7975
2600 885 2696 937 Καὶ
2727 880 3047 955 Βερὸενίκον
3079 888 3169 940 καὶ
3196 885 3466 962 Χαρίορον
3499 883 3694 943 πάλιν.

2600 973 2917 1046 11ηξάμενος
2952 973 3007 1029 δὲ
3037 975 3127 1028 καὶ
3159 980 3290 1030 νεῶν
3323 979 3544 1050 μακρῶν
3578 972 3774 1028 στόλον

2598 1066 2836 1137 Παρεῖχε
2865 1063 3054 1117 πολλὰ
3086 1064 3384 1138 πράγματα
3412 1069 3529 1125 τοῖς
3562 1063 3838 1130 Λατίνοις,

2600 1150 2695 1206 Ἐκ
2721 1158 2823 1225 γῆς
2857 1150 3024 1206 ἐπιὼν
3052 1152 3143 1206 καὶ
3177 1151 3456 1222 θαλάσσης
3497 1149 3795 1221 πολλάκις,

2600 1239 2704 1295 Καὶ
2765 1244 2897 1316 σφᾶς
2958 1240 3236 1295 σκυλεύων
3286 1240 3375 1294 καὶ
3425 1245 3605 1302 κακῶς
3648 1238 3790 1315 δρῶν
3837 1240 3910 1300 ὡς
3961 1242 4104 1303 σθέ-

3876 1332 4016 1400 [νος,

2421 1417 2562 1471 7980
2602 1417 2706 1472 Καὶ
2737 1417 2832 1478 τὰς
2866 1418 2954 1472 ὑπ’
2985 1418 3184 1482 αὐτοὺς
3212 1412 3660 1493 παραλαμϐάνων
3693 1416 3910 1488 πόλεις,

2603 1502 2856 1561 Μάδυτον
2890 1505 3002 1561 εἷλε
3028 1507 3117 1561 καὶ
3150 1506 3313 1562 πόλιν
3340 1507 3440 1574 τὴν
3467 1505 3713 1562 Καλλίου

2600 1593 2704 1647 Σὺν
2726 1600 2843 1656 τοῖς
2876 1596 3026 1670 πέριξ
3060 1596 3225 1650 ἅπασι
3258 1595 3490 1671 χωρίοις
3514 1595 3729 1663 τόποις,

2601 1681 2839 1744 Ταύταις
2873 1688 3226 1758 κρατοῦντος,
3257 1679 3696 1758 έμϐραδύνοντος
3729 1682 3959 1756 μάχαις,

2598 1771 2897 1826 Καττύεταί
2935 1774 2986 1826 οἱ
3013 1775 3141 1846 παρ’
3174 1769 3523 1848 Ἀνδρονίκου
3551 1772 3726 1845 λόχος

2345 1898 2390 1959 Β
2420 1862 2561 1915 7985
2600 1859 3059 1939 Πρωτεξαδέλφου
3092 1858 3394 1936 Νεστόγγου
3424 1882 3484 1934 γε
3514 1858 3845 1931 τούπίκλην,

2601 1949 2931 2026 Συνίστορας
2962 1949 3184 2025 ἔχοντος
3218 1947 3415 2024 ἄνδρας
3447 1949 3718 2022 ἐντίμους,

2601 2041 2865 2094 Ἰσαάκιον
2896 2039 3154 2113 σύναιμον
3183 2040 3582 2115 Ταρχανιώτην
3616 2040 3729 2111 (79)

2600 2131 2702 2188 Καὶ
2735 2129 3044 2202 Συναδηνὸν
3076 2131 3166 2185 καὶ
3199 2128 3562 2203 Φλαμούλιον
3605 2129 3791 2204 μέγαν,

2599 2221 3014 2296 Ἐταιρειάρχην
3048 2221 3365 2294 Μακρηνὸν,
3399 2217 3542 2274 ἄλλο
3575 2224 3786 2294 στῖφος·

2419 2314 2560 2368 7990
2597 2313 2658 2364 Ὃ
2687 2311 2853 2386 γνοὺς
2887 2309 3145 2385 βασιλεὺς
3173 2311 3260 2364 καὶ
3296 2307 3426 2383 πυρὶ
3461 2306 3587 2369 δοὺς
3616 2308 3708 2362 τὸν
3743 2306 3939 2362 στόλον

2602 2400 2742 2474 Πρὸς
2773 2399 2869 2461 τὰς
2899 2399 3141 2474 Ὀχυρὰς
3172 2401 3285 2472 (80)
3314 2399 3413 2465 τήν
3445 2393 3608 2452 πόλιν
3641 2395 3964 2472 ἀποτρέχει·

2597 2489 2765 2545 Κάκεῖ
2791 2489 2853 2543 τὸ
2883 2495 3111 2564 πρᾶγμα
3141 2485 3268 2549 δοὺς
3300 2486 3519 2560 έτασμῷ
3549 2486 3636 2542 καὶ
3668 2486 3842 2562 κρίσει

2599 2579 2952 2642 Ὑπευθύνους
2986 2579 3182 2654 εὕρηκε
3211 2579 3340 2639 τοὺς
3372 2577 3717 2650 εῗρημένους.

2602 2668 2698 2722 Καὶ
2730 2675 2775 2724 Ν
2784 2669 3036 2744 εστόγγον
3069 2667 3162 2740 μὲν
3198 2666 3459 2743 σύγγονον
3479 2667 3864 2741 πρωτεργάτου

2418 2759 2561 2811 7005
2601 2755 2702 2812 Καὶ
2731 2757 2824 2810 τὸν
2851 2755 3141 2830 Μακρηνὸν
3175 2754 3456 2829 ὲστέρησεν
3491 2755 3782 2827 ὀμμάτωνο
3825 2751 3828 2753 ’

2600 2846 2880 2920 Καθεῖρξεν
2912 2842 3138 2907 ἄλλους·
3170 2844 3263 2898 τὸν
3298 2841 3344 2897 δ’
3379 2840 3728 2918 Ἀνδρόνικον
3755 2840 3921 2896 πάλιν

2599 2932 2805 3008 Είρκτῇ
2838 2924 3207 3008 παραδίδῶσιν
3237 2931 3286 2986 έν
3322 2931 3609 3008 Μαγνησίᾳ

2599 3023 2715 3098 Ἀφ’
2745 3023 2812 3090 ἧς
2845 3019 3086 3096 ἀποδρὰς
3118 3017 3284 3095 ᾤχετ’
3317 3021 3392 3084 εἰς
3420 3021 3520 3089 τήν
3556 3017 3811 3096 Περσίδα.

2596 3113 2692 3168 Ἐκ
2719 3109 2869 3166 τοῦδ’
2901 3111 3076 3182 ἑαυτῷ
3107 3110 3302 3167 Λοιπὸν
3341 3110 3369 3163 ὁ
3401 3110 3742 3188 στεφηφόρος

2421 3204 2564 3258 8000
2603 3200 2887 3275 Φρουροὺς
2914 3201 3238 3272 περιέστησε
3265 3199 3355 3254 καὶ
3389 3198 3723 3276 ξιφηφόρους

2603 3290 2747 3364 Πρὸς
2777 3287 3026 3367 φυλακήν
3062 3289 3315 3360 σώματος
3348 3289 3383 3356 ἢ
3426 3287 3722 3361 σωτηρίαν,

2601 3379 2947 3453 Ἐλευθερίας
2975 3385 3075 3447 τῆς
3107 3378 3234 3453 πρὶν
3274 3375 3707 3451 έκλελησμένος,

2599 3474 2706 3537 Τῆς
2741 3469 2784 3522 0’
2820 3466 3095 3536 ἁπλοϊκῆς
3131 3468 3323 3542 βιοτῆς
3350 3473 3450 3536 τῆς
3484 3465 3736 3540 ἀτέχνου.

2602 3558 2786 3630 Ἔχων
2825 3557 3024 3629 βοηθὸν
3057 3556 3147 3608 καὶ
3181 3556 3429 3630 συνεργὸν
3462 3553 3539 3608 εἰς
3565 3551 3692 3608 τόδε

2420 3649 2564 3701 8005
2603 3645 2878 3700 Κοινωνὸν
2914 3645 3072 3714 εὐνῆς
3102 3643 3191 3698 καὶ
3230 3644 3435 3718 βοηθὸτ
3467 3648 3566 3697 τοῦ
3601 3643 3725 3718 βίου

2604 3735 2717 3801 Τήν
2751 3732 3062 3809 ἀρρενωπὸν
3097 3731 3255 3805 λῆμα
3286 3727 3772 3804 προσκεκτημένην

2602 3822 2766 3883 Ἧθός
2798 3843 2855 3876 τε
2886 3820 3163 3895 βασίλειον
3195 3821 3248 3876 ἐν
3279 3827 3397 3882 τοῖς
3425 3821 3718 3894 πρακτέοις

2605 3911 2841 3986 Εἰρήνην
2880 3910 3202 3986 βασίλισσαν
3232 3911 3458 3985 εἰρήνης
3487 3907 3632 3964 δότιν

2604 4001 2953 4078 Ἀσύμφορον
2982 4000 3262 4075 κρίναντες
3295 4001 3484 4061 αὐτοῖς
3515 3999 3806 4074 τυγχάνειν

2427 4095 2570 4148 8010
2605 4092 2775 4160 Ἰστᾷν
2808 4089 3014 4146 Ἰταλοὶ
3045 4092 3183 4162 πρὸς
3217 4088 3447 4164 βασιλέα
3481 4091 3686 4164 μάχας,

2609 4181 2891 4244 Συνῆλθον
2926 4179 3074 4251 αὖτῷ
3105 4174 3402 4251 συμϐάσεις
3437 4177 3778 4253 δεδρακότες,

2611 4270 2714 4325 Καὶ
2745 4266 3080 4342 παραδόντες
3112 4266 3243 4322 ἄστυ
3276 4269 3471 4344 Πηγῶν
3507 4267 3725 4330 εὐθέως·

2610 4360 2817 4421 Ἔπειθ’
2849 4358 3203 4418 ὑπεκστάντες
3237 4355 3295 4411 δὲ
3325 4361 3526 4433 χωρῶν
3555 4355 3756 4411 ἀστέων

2610 4453 2725 4502 Τῶν
2759 4448 2894 4518 πρὸς
2923 4447 3081 4501 νότον
3110 4468 3172 4522 γε
3201 4447 3462 4520 κειμένων
3491 4447 3823 4522 κράταρχίᾳ·

2343 3251 2385 3317 C

2438 4542 2581 4595 8015
2617 4540 2739 4594 Τῶν
2774 4535 2820 4591 δ’
2852 4537 2915 4591 αὗ
2945 4537 3081 4610 πρὸς
3114 4534 3310 4610 ἄρκτον
3343 4535 3580 4607 πλησίον
3612 4531 3965 4604 Βυζαντίδος,

2357 4611 2406 4672 D
2613 4628 2731 4683 Ἔτι
2758 4630 3079 4702 κρατοῦντες
3108 4625 3201 4678 σὺν
3233 4625 3485 4687 Βιθυνίας
3515 4625 3732 4685 τόποις.

2619 4716 2718 4771 Καὶ
2752 4715 2948 4770 λοιπὸν
2983 4715 3124 4783 ὑπῆν
3153 4715 3417 4790 ἀνακωχή
3447 4721 3548 4784 τῆς
3583 4715 3788 4788 μάχης

2619 4804 2808 4866 Οὕτως
2837 4803 3106 4879 ἐχόντων,
3139 4803 3213 4865 ὡς
3242 4803 3400 4881 ἔφην,
3431 4808 3539 4859 τῶν
3568 4802 3938 4878 πραγμάτων,

2615 4894 2918 4968 Οἶκήτορες
2949 4891 3245 4948 στέλλουσι
3276 4895 3413 4968 πρὸς
3456 4891 3682 4968 βασιλέα

2439 4986 2581 5041 8020
2620 4979 2966 5058 Ὀρεστιάδος
3002 4980 3372 5055 λιπαροῦντας
3399 4983 3602 5049 ἱκέτας,

2617 5074 2705 5134 Ὠς
2735 5070 2795 5126 ἂν
2825 5070 3115 5142 σταλείσης
3148 5076 3420 5147 στρατιᾶς,
3449 5072 3658 5127 τούτων
3686 5069 3852 5132 πόλις

2622 5161 2916 5236 Ἐλευθέρα
2943 5161 3157 5238 γένοιτο
3191 5163 3380 5238 χειρὸς
3413 5162 3653 5218 Λατίνων

2620 5256 2766 5310 Μετά
2798 5259 3053 5328 στρατιᾶς
3082 5258 3376 5329 τοιγαροῦν
3408 5255 3613 5328 πέμπει
3641 5253 3816 5328 τάχος

2619 5345 2764 5412 Ἰσῆν
2795 5343 3275 5418 πρωτοστράτωρα
3300 5343 3392 5397 σὺν
3422 5348 3501 5416 τῷ
3532 5341 3862 5417 Καμμύτζῃ,

2444 5438 2587 5492 8025
2625 5431 2694 5491 ΟἹ
2721 5432 2821 5501 τήν
2855 5430 3018 5487 πόλιν
3053 5433 3376 5508 φθάσαντες,
3409 5429 3559 5489 ἔνδον
3590 5431 3823 5507 τειχέων

2625 5521 2700 5580 Εὖ
2731 5518 3163 5597 προσδεχθέντες
3193 5518 3517 5596 εἰσέδραμον
3543 5523 3818 5597 ἀσμένως.

2443 5680 2628 5809 b.t(80)
2663 5679 2779 5734 Hoc
2812 5693 3026 5733 nomen
3057 5693 3109 5735 v.
3142 5678 3304 5747 7757,
3337 5679 3622 5751 singulari
3664 5697 3913 5744 numero
3963 5689 4140 5744 seri-

2487 5769 2504 5807 ι
2538 5770 2627 5808 ur.

2487 5769 2627 5808 “ur.
