4250 6432
180 401 294 455 297
1716 401 2085 457 CBSAEBS.

378 526 533 581 Ἐπεὶ
566 521 623 579 δὲ
651 521 931 599 Θεόδωρος
967 521 1245 596 Ἀγγέλων
1279 524 1468 597 γένους

381 611 593 687 Σχεδὸν
626 619 877 687 κατῆρχε
907 608 1243 673 Μακεδονίας
1274 611 1437 683 ὅλης,

375 704 495 770 Τῆς
527 703 773 777 γείτονος
802 699 1021 775 Θράκης
1050 720 1110 755 τε
1142 699 1235 754 σὺν
1262 704 1379 761 τοῖς
1411 698 1619 770 κύκλῳ,

187 800 343 855 8030
380 802 547 855 Ἀνευ
576 796 848 867 Ῥοδόπης
880 796 1147 873 Ἀχριδοῦ
1176 796 1497 853 Μελενίκου·

376 888 600 944 Τούτων
633 888 738 962 γὰρ
769 888 915 961 ἦρχε
948 880 1197 950 Σθλάϐος
1227 884 1641 958 ὠνομασμένος,

378 977 459 1033 Οὔ
489 978 556 1031 τά
586 977 701 1031 κατ’
730 976 891 1030 αὑτὸν
922 975 1091 1047 ἐξερεῖ
1120 978 1263 1051 τάχα
1296 973 1481 1048 λόγος·

376 1065 530 1123 Ἐπεὶ
563 1072 837 1140 κατῆρχεν
869 1064 929 1119 ἐκ
957 1063 1258 1126 Θεσσαλίας
1291 1065 1448 1137 ἄρας,

376 1156 490 1224 Τῆν
523 1152 811 1229 Ἀδριανοῦ
840 1148 1252 1226 καταλαμϐάνει
1282 1152 1467 1222 πόλιν,

186 1246 339 1302 8035
381 1243 479 1298 Καὶ
509 1239 665 1312 τῆσδ’
702 1243 937 1317 ὑπῆρξεν
972 1240 1235 1316 ἐγκρατὴς
1267 1241 1571 1318 συμφωνίᾳ·

378 1330 657 1401 Ἐξηλάθη
690 1335 818 1405 γοῦν
854 1330 1079 1405 στρατιὰ
1112 1328 1380 1405 βασιλέως

381 1422 575 1473 Κακῶν
606 1418 842 1489 ἀπαθὴς,
871 1417 961 1471 καὶ
990 1417 1177 1493 τρέχει
1208 1417 1344 1492 πρὸς
1381 1418 1481 1485 τὴν
1510 1412 1604 1471 ἕω.

372 1507 536 1565 Οὕτω
566 1508 856 1582 κατασχὼν
892 1504 1175 1578 Θεόδωρος
1202 1507 1301 1573 τὴν
1338 1503 1529 1576 πόλιν,

376 1597 496 1652 ’Δεῖ
529 1601 763 1671 παρεῖχε
792 1597 1085 1671 πράγματα
1113 1600 1229 1657 τοῖς
1257 1594 1527 1662 Λατίνοις,

191 1698 341 1753 8040
376 1695 489 1757 Τὰς
521 1698 668 1770 σφῶν
698 1692 978 1748 σκυλεύων
1008 1694 1099 1747 καὶ
1128 1692 1481 1769 κατατρέχων
1512 1690 1725 1752 πόλεις.

384 1782 625 1852 Ἐπῆλθε
661 1784 757 1855 μὲν
791 1782 962 1857 Βιζύῃ
997 1782 1238 1837 Λατίνων
1272 1780 1455 1853 πόλει,

381 1874 525 1945 ῐιρὸς
557 1869 603 1927 δ’
633 1873 699 1926 αὗ
728 1892 788 1945 γε
817 1871 1009 1946 Βρύσει
1040 1872 1275 1946 χωρίοις
1308 1872 1355 1934 θ’
1388 1869 1678 1939 ὑπηκόοις,

380 1964 486 2019 Καὶ
516 1981 692 2016 πάντα
719 1962 913 2035 πορθεῖ
944 1961 1034 2014 καὶ
1064 1958 1311 2015 σκυλεύει
1340 1959 1409 2014 τὰ
1431 1960 1605 2033 πέριξ·

381 2050 785 2124 Ἐπιστρατεύει
815 2050 903 2104 καὶ
940 2048 1108 2123 μέχρι
1141 2046 1494 2117 Βυζαντίδος,

195 2143 345 2197 8045
386 2140 486 2195 Καὶ
516 2146 635 2203 τοῖς
664 2138 899 2199 Ἰταλοῖς
933 2137 1200 2205 ἐντίθησιν
1231 2133 1460 2191 δειλίαν.

385 2228 562 2293 Οὗτος
590 2230 728 2302 πρὸς
761 2229 919 2284 Ἀσαν
948 2228 1040 2281 τὸν
1070 2230 1371 2302 κρατοῦντα
1404 2224 1736 2299 Βουλγάρων

389 2315 639 2379 Σπονδᾶς
665 2318 829 2388 ἔθηκε
867 2311 1163 2389 συμϐάσεις
1194 2317 1239 2369 τ’
1268 2314 1599 2387 ἐνωμότους·

386 2408 544 2465 Ἀσάν
574 2405 622 2462 δ’
654 2408 902 2481 ὑπῆρχεν
936 2404 1093 2469 οὗτος
1121 2407 1237 2463 υὶὸς
1271 2406 1466 2474 Ἀσάνη

386 2500 502 2555 Τοῦ
534 2496 872 2571 Βουλγάρων
906 2497 1160 2571 ἄρξαντος
1202 2490 1505 2568 ἔμπροσθεν
1540 2493 1764 2567 χρόνου·

204 2589 357 2644 8050
394 2588 587 2649 "Ocni:
615 2587 871 2647 θανόντος
901 2581 1043 2655 τῷδε
1071 2581 1168 2638 τοῦ
1198 2582 1568 2657 φυτοσπόρου,

390 2677 491 2730 Καὶ
521 2672 619 2729 τοῦ
653 2672 862 2749 Βορίλα
893 2672 1227 2749 Βουλγάρων
1261 2672 1492 2747 σχόντος
1521 2673 1741 2747 κράτος,

392 2766 645 2838 Καθάπερ
675 2764 932 2837 ἱστόρησε
962 2764 1167 2839 φθάσας
1203 2782 1295 2833 μοι
1329 2760 1513 2836 λόγος,

388 2855 578 2927 Φυγάς
608 2849 817 2926 ἀπέδρα
848 2851 986 2924 πρὸς
1019 2851 1228 2912 Σκύθας
1262 2851 1635 2925 παριστρίους·

388 2945 523 2999 Εἶτα
552 2942 817 3006 Σκυθικὸν
853 2941 1116 2997 Ῥωσικὸν
1149 2934 1331 2993 λαϐὼν
1375 2938 1584 3017 στίφος,

204 3048 353 3101 8055
395 3041 850 3116 Ἐπιστρατεύσας
878 3038 957 3112 τῷ
987 3043 1275 3115 κρατοῦντι
1313 3037 1517 3114 Βορίλᾳ

395 3130 776 3189 ’Λνακαλεῖται
806 3130 907 3198 τὴν
936 3130 1140 3205 πατρὸς
1165 3128 1536 3203 κληρουχίαν·

396 3222 500 3279 Καὶ
531 3222 667 3276 κατὰ
700 3219 886 3294 μάχην
921 3219 1284 3291 συμπλακεὶς,
1315 3222 1507 3272 τυῦτον
1538 3218 1743 3291 τρέπει,

392 3311 571 3366 Ἐλών
604 3331 661 3364 τε
690 3308 893 3386 τυφλοῖ
922 3309 1012 3362 καὶ
1046 3311 1349 3383 κραταρχεῖ
1377 3304 1709 3382 Βουλγάρων

395 3402 538 3475 Πρὸς
565 3397 723 3455 τόνδε
750 3398 929 3453 τοίνυν
962 3398 1191 3466 ’Λσάνην
1226 3397 1479 3465 Ἰωάννην

204 3494 352 3549 8060
392 3491 557 3559 Ἀναξ
590 3488 821 3547 ἐπακτὸς
852 3484 1155 3559 Θεόδωρος⁹
1182 3485 1257 3546 ὠς
1289 3480 1445 3559 ἔφην,

396 3578 694 3653 Εἷρηνικᾶς
724 3577 835 3639 θεὶς
865 3570 1160 3649 συμϐάσεις
1195 3576 1313 3647 μεθ’
1352 3573 1550 3648 ὁρκίων

397 3668 495 3722 Καὶ
530 3664 699 3736 κῆδος
731 3661 881 3741 ἕδρα,
914 3662 1076 3720 τοῦδε
1105 3662 1274 3719 παῖδα
1305 3664 1515 3740 Μαρίαν

398 3758 515 3825 Τὴν
556 3757 615 3811 ἐκ
643 3754 855 3819 νοθείας
884 3748 1217 3827 προσλαϐὼν
1245 3756 1463 3832 νύμφην
1491 3751 1656 3830 φίλην

397 3845 493 3907 Εἷς
525 3842 861 3920 αὐτάδελφον
894 3843 984 3897 τὸν
1019 3841 1289 3911 Μανουήλ
1320 3842 1585 3915 ἐννόμως.

206 3939 356 3995 8065
400 3934 553 3991 Μετὰ
585 3931 643 3988 δὲ
678 3934 869 4009 μικρὸν
904 3926 1200 4003 συμϐάσεις
1233 3930 1492 3993 διαλύσας

395 4023 493 4077 Καὶ
525 4020 818 4085 συναλίσας
851 4026 1104 4097 στρατιᾶς
1134 4021 1391 4075 πλεῖστον
1424 4020 1631 4097 στίφος,

395 4113 820 4185 Ἐπεστράτευσε
846 4109 1174 4184 Βουλγάρων
1209 4110 1515 4185 ἀρχηγέτῃ·

396 4201 495 4256 Καὶ
528 4200 882 4276 συρῥαγείσης
913 4199 964 4270 ἐξ
997 4196 1261 4273 ἑκατέρων
1298 4198 1485 4275 μάχης

397 4293 598 4349 Ἥτταν
636 4289 870 4359 ὑπέστην
898 4286 1179 4361 Θεόδωρος
1211 4287 1471 4363 ἐσχάτην,

208 4385 357 4442 8070
398 4380 576 4437 Λύτοῦ
608 4384 861 4453 στρατιᾶς
894 4376 1106 4440 ἀκλεῶς
1139 4374 1469 4449 λελυμένης·

395 4470 499 4527 Καὶ
534 4468 817 4544 συσχεθεὶς
847 4466 1105 4542 α’ίσχιοτα
1136 4469 1345 4528 Μυσοῖς
1382 4462 1684 4543 βαρϐάροις

394 4560 545 4635 Πρὸς
576 4560 737 4616 Ἀσὰν
770 4556 1139 4632 αἰχμάλωτος
1172 4557 1401 4631 ἀπήχθη
1428 4553 1601 4619 τάλας

395 4648 545 4704 Μετά
576 4645 822 4722 λογάδων
859 4650 1169 4721 προσγενῶν
1193 4644 1480 4720 ἐριτίμων,

395 4736 613 4796 Ἀλλου
641 4757 700 4792 τε
728 4734 946 4791 πολλοῦ
980 4733 1351 4811 μυριαρίθμου
1382 4733 1625 4812 στίφους.

211 4843 359 4898 8075
398 4836 559 4893 Ἀλλ’
590 4835 823 4905 ’Λσᾶνης
856 4834 951 4907 μὶν
986 4831 1266 4906 Θεόδωρον
1294 4832 1541 4908 κατέχων

404 4924 634 4995 Πολλῆς
666 4924 951 5000 θεραπείας
976 4944 1035 4979 τε
1064 4930 1233 4996 τιμῆς
1264 4923 1439 4993 ἠξίου·

398 5016 624 5086 Πλῆθος
657 5012 704 5069 δ’
735 5013 948 5068 ἀλωτὸν
983 5010 1163 5067 ἐκΛύει
1192 5012 1329 5088 πρὸς
1366 5009 1629 5087 πατρίδας

400 5105 571 5163 ΙΙοσὶν
604 5101 910 5176 ἐλευθέροις
938 5122 999 5156 τε
1022 5101 1112 5155 καὶ
1145 5098 1279 5179 δίχα
1302 5095 1477 5175 φόϐου

402 5190 844 5266 Ἐπαναδραμεῖν
876 5191 937 5246 ἐκ
966 5188 1360 5267 φιλανθρώπου
1386 5189 1613 5264 τρόπου·

216 5287 363 5345 8080
404 5286 571 5358 Τάχα
602 5279 646 5337 δ’
680 5282 857 5353 ἑαυτῷ
886 5279 975 5335 καὶ
1006 5279 1174 5344 τιθεὶς
1205 5280 1268 5334 τὸ
1298 5280 1591 5355 συμφέρον·

400 5373 553 5430 Μετὰ
580 5371 681 5448 γάρ
712 5369 981 5425 ἀπόλυσιν
1013 5368 1187 5424 αὐτῶν
1223 5367 1419 5433 εὐθέως

394 5463 547 5518 Μετὰ
579 5465 833 5535 στρατιᾶς
865 5458 1020 5532 ἐξιὼν
1051 5458 1191 5532 πρὸς
1222 5458 1318 5520 τὰς
1352 5455 1547 5523 πόλεις

398 5554 561 5627 ’ῌρει
590 5571 648 5605 τε
679 5547 875 5610 ταύτας
908 5546 1149 5623 εὐχερῶς
1182 5548 1306 5601 ἄνευ
1341 5546 1548 5622 μάχης,

398 5640 503 5697 Καὶ
532 5645 648 5702 τοῖς
681 5639 771 5694 ὑπ’
800 5638 960 5693 αὐτὸν
992 5638 1275 5692 συνέταττε
1304 5636 1605 5715 φρουρίοις.

218 5737 369 5796 8085
405 5734 517 5803 Τὴν
547 5728 835 5807 Ἀδριᾶνοῦ
864 5722 1284 5805 παραλαμϐάνει
1314 5726 1503 5799 πόλιν,

508 5854 779 5915 Panos.
827 5850 940 5912 Ga.
978 5849 1241 5914 CXLIII.

1881 527 1935 590 Α
1963 526 2035 579 At
2068 526 2411 583 Theodorus
2445 530 2541 585 ille
2574 531 2755 602 stirpe
2783 534 3062 605 Angelus,

1966 621 2192 669 cuncta:
2225 621 2351 671 erat
2383 634 2560 689 prope
2593 619 2943 675 Macedonis:
2975 622 3271 690 dominus,

1966 701 2354 775 finitimasque
2385 706 2645 761 Thracia:
2677 725 2806 764 cum
2839 710 3087 765 viciniis.

1969 789 2249 863 Rhodope
2280 801 2522 866 excepta
2551 798 2803 852 Achridc
2828 798 3105 853 Melenico
3140 817 3152 853 :

1968 880 2246 951 (namque
2280 882 2370 937 his
2400 884 2571 939 terris
2604 885 2931 956 imperabat
2959 887 3285 959 Sthlabus.)

1966 966 2129 1023 Nunc
2160 986 2263 1039 age
2298 987 2386 1026 res
2414 978 2610 1043 gestas
2636 974 2924 1029 Theodori
2959 977 3143 1030 fabor.

1967 1065 2071 1121 Hic
2102 1083 2131 1121 e
2165 1068 2474 1122 Thessalia
2504 1087 2637 1124 cum
2672 1072 2855 1127 armis
2884 1074 3262 1144 progrediens

1968 1155 2038 1209 ad
2075 1154 2351 1212 Hadriani
2384 1159 2586 1213 urbem
2623 1166 2809 1215 semet
2838 1162 3105 1231 contulit,

1966 1259 2145 1313 quam
2179 1247 2504 1317 occupavit,
2542 1247 2751 1303 incolis
2784 1249 3135 1304 faventibus.

1966 1333 2357 1395 Quamobrem
2392 1336 2526 1390 inde
2555 1336 2810 1406 expulsa
2843 1338 3011 1409 regiae
3042 1340 3220 1409 copiae

1967 1422 2025 1475 in
2059 1422 2343 1477 orientem
2373 1424 2595 1479 rediere
2629 1426 2975 1483 incolumes.

1966 1510 2060 1564 Sic
2092 1511 2433 1568 Theodorus
2462 1515 2606 1568 urbe
2639 1515 2745 1569 hac
2778 1516 2995 1585 potitus

1970 1616 2271 1670 nunquam
2304 1600 2523 1657 Latinis
2557 1620 2672 1658 non
2703 1610 2827 1658 erat
2860 1605 3162 1673 molestus,

1967 1689 2177 1745 horum
2209 1707 2568 1748 concursans
2601 1697 2778 1750 urbes
2809 1700 2865 1750 et
2897 1696 3259 1766 deprazdans.

1972 1780 2028 1835 Is
2060 1780 2289 1847 Byziam
2319 1798 2549 1852 quoque
2578 1783 2918 1838 Latinorum
2955 1786 3153 1840 urbem

1888 1884 1937 1949 B
1968 1868 2181 1923 insedit
2212 1874 2388 1940 atque
2418 1870 2621 1942 Brysin
2656 1888 2957 1943 pagosque
2989 1874 3281 1937 subditos.

1970 1963 2361 2030 cunctamque
2392 1958 2505 2014 late
2536 1960 2779 2031 diripuit
2802 1961 3094 2018 viciniam.

1971 2048 2227 2116 Denique
2258 2049 2513 2119 Byzantii
2551 2050 2764 2104 mcenia
2796 2066 3147 2121 progressus
3178 2068 3362 2122 usque

1974 2152 2253 2207 magnum
2291 2136 2508 2191 Italicis
2535 2137 2736 2192 intulit
2766 2139 3055 2194 timorem.

1974 2222 2077 2277 Hic
2108 2239 2241 2278 cum
2274 2228 2461 2279 Asane
2493 2223 2879 2296 Bulgarorum
2913 2242 3048 2297 rege

1967 2315 2233 2384 juratum
2268 2313 2455 2368 fmdus
2486 2314 2756 2369 amicitias
2791 2315 3032 2385 pepigit.

1975 2402 2111 2456 Erat
2142 2401 2234 2455 hic
2264 2406 2457 2455 autem
2485 2402 2638 2456 Asan
2670 2402 2881 2457 Asanis
2907 2402 3062 2457 ﬁlius

1976 2491 2120 2561 Ejus
2148 2490 2248 2560 qui
2282 2488 2421 2544 olim
2455 2490 2782 2560 imperabat
2814 2489 3082 2562 Bulgaris
3118 2509 3129 2545 :

1978 2584 2147 2650 isque
2178 2579 2490 2635 excedente
2521 2580 2639 2635 vita
2673 2585 2908 2651 parente
2941 2597 3073 2644 suo,

1980 2679 2473 2751 Bulgaricumque
2505 2695 2750 2751 regnum
2780 2681 3043 2751 rapiente
3074 2680 3287 2749 Borila,

1978 2768 2154 2825 veluti
2188 2771 2386 2823 nostra
2418 2767 2664 2823 historia
2690 2768 2815 2838 jam
2850 2772 3000 2823 retro
3031 2769 3200 2837 dixit,

1980 2856 2119 2929 fuga
2148 2862 2310 2911 trans
2334 2858 2547 2911 Istrum
2580 2856 2638 2910 in
2670 2856 2966 2929 Scythiam
2998 2863 3259 2914 evaserat
3292 2876 3304 2913 :

1982 2963 2116 3000 mox
2146 2947 2460 3001 comitante
2489 2946 2755 3014 Scythico
2790 2947 3095 3018 Russoque
3128 2948 3315 3003 milite

1981 3035 2334 3091 dominatori
2370 3034 2568 3089 Borilaa
2600 3034 2819 3089 bellum
2850 3034 3129 3102 inferens,

1983 3125 2346 3197 recuperavit
2376 3125 2632 3195 patrium
2666 3124 2976 3194 imperium
3013 3141 3024 3179 :

1901 3254 1944 3319 Ο
1982 3213 2259 3269 aemulum
2291 3213 2446 3268 enim
2481 3212 2600 3267 acie
2632 3213 3027 3284 proﬂigatum.

1982 3307 2219 3375 captum
2248 3303 2519 3369 caecavit;
2554 3302 2681 3373 ipse
2709 3318 2955 3373 regnum
2986 3303 3195 3359 tenuit.

1982 3393 2125 3448 Cum
2156 3391 2285 3461 hoc,
2315 3396 2378 3446 ut
2408 3391 2547 3458 dixi,
2578 3394 2767 3447 Asane
2796 3391 3024 3447 Joanne

1983 3496 2244 3537 caasarem
2274 3481 2574 3551 dignitatis
2608 3486 2924 3551 usurpator

1982 3570 2169 3625 fmdus
2201 3570 2510 3640 pacificum
2544 3570 2757 3625 statuit
2784 3569 3165 3638 Theodorus;

1983 3665 2109 3716 tum
2142 3660 2315 3715 etiam
2346 3660 2718 3726 afﬁnitatem,
2752 3676 2885 3714 nam
2924 3658 3169 3715 Mariam

1982 3749 2153 3805 istius
2186 3748 2426 3804 notham
2462 3748 2841 3818 filiamjustis
2870 3748 3092 3821 nuptiis

1983 3854 2251 3909 germano
2286 3837 2447 3893 fratri
2483 3836 2971 3905 Manuelijunxit.

1983 3937 2095 3992 Sed
2129 3935 2282 3991 enim
2318 3935 2489 4007 paulo
2518 3939 2649 4007 post
2674 3938 3008 4006 contempto
3035 3934 3271 4002 fmderc,

1983 4029 2395 4094 contractaque
2427 4024 2679 4094 plurimo
2711 4023 3010 4095 copiarum
3047 4039 3313 4093 numero,

1983 4113 2233 4186 Bulgaro
2266 4113 2558 4184 regnatori
2591 4111 2811 4168 bellum
2841 4111 3043 4167 intulit
3072 4130 3085 4167 :

1986 4218 2120 4258 mox
2150 4200 2639 4258 concurrentibus
2673 4200 2942 4273 utrinque
2973 4200 3195 4257 viribus

1982 4295 2302 4347 extremam
2337 4289 2561 4345 cladem
2596 4290 2941 4346 Theodorus
2972 4289 3233 4360 pertulit,

1983 4382 2112 4452 ejus
2145 4380 2373 4453 dilapso
2404 4380 2654 4452 turpiter
2683 4378 2959 4435 exercitu.

1986 4475 2111 4543 Ipse
2144 4471 2413 4526 indecore
2440 4475 2644 4542 captus
2674 4488 2706 4525 a
2738 4470 2933 4525 Moesis
2966 4470 3232 4525 barbaris

1985 4560 2187 4615 infelix
2215 4560 2285 4615 ad
2312 4563 2565 4615 Asanem
2607 4559 2839 4614 vinctus
2870 4558 3109 4613 ducitur

1984 4665 2121 4705 cum
2152 4649 2387 4705 selectis
2418 4648 2716 4703 nobilibus
2747 4652 2806 4703 et
2839 4648 3170 4719 praecipuis,

1994 4746 2050 4794 et
2077 4755 2208 4794 cum
2240 4738 2463 4811 ingenti
2494 4737 2650 4808 vulgi
2678 4738 3079 4793 multitudine.

1991 4828 2209 4885 Verum
2243 4831 2459 4884 Asanes
2490 4833 2724 4899 captum
2755 4827 3128 4883 Theodorum

1994 4918 2353 4990 benignitate
2386 4916 2571 4972 multa
2596 4922 2652 4972 et
2680 4916 2901 4973 honore
2934 4916 3158 4983 habuit,

1992 5009 2403 5081 captivumque
2434 5006 2645 5079 vulgus
2678 5006 2937 5061 militum
2970 5006 3026 5061 in
3061 5005 3281 5077 patrias
3309 5022 3449 5062 suae

1997 5099 2181 5153 libero
2214 5098 2357 5169 pede
2380 5097 2763 5167 solutumque
2793 5101 2951 5152 metu

1993 5188 2129 5244 sivit
2159 5187 2368 5243 reverti
2400 5188 2473 5243 ob
2505 5202 2680 5243 suum
2713 5186 3056 5241 clementem
3092 5184 3381 5255 animum,

1998 5276 2142 5349 quin
2174 5281 2232 5333 et
2262 5276 2506 5332 fortasse
2537 5276 2610 5331 ob
2637 5292 2807 5330 suam
2843 5273 3179 5329 utilitatem.

1996 5379 2143 5431 Nam
2178 5379 2312 5447 post
2340 5374 2591 5431 emissos
2621 5372 2873 5428 vinculis
2906 5372 3190 5443 captivos.

2000 5464 2204 5519 statim
2236 5480 2371 5519 cum
2402 5463 2637 5535 proprio
2668 5462 2921 5518 exercitu
2957 5460 3246 5533 percurrit
3276 5459 3453 5516 urbes
3485 5476 3499 5514 :

1999 5570 2218 5626 easque
2248 5554 2503 5609 obtinuit
2526 5552 2693 5609 facile
2723 5557 2780 5607 et
2810 5568 2939 5624 sine
2970 5550 3195 5623 praelia,

2000 5659 2241 5716 suasque
2272 5643 2545 5713 adjunxit
2572 5642 2815 5698 ditionis
2846 5640 3101 5714 oppidis.

1999 5731 2485 5805 Hadrianopolim
2516 5732 2822 5803 occupavit
2854 5731 3083 5795 urbem,

1905 4609 1954 4673 Ι)

3292 5846 3369 5907 10

3502 413 3613 466 298
