4250 6432
618 402 726 457 299
1834 401 2207 455 EPHRBMII
2242 398 2814 457 CHRONOGRAPHI
3924 392 4032 448 300

617 525 1033 595 munitumque
1066 522 1348 595 oppidum
1380 522 1790 594 Didymotichu
1804 539 1880 588 m,

615 614 824 669 deinde
854 612 1161 667 Thraciam
1192 616 1586 681 cunctamque
1620 610 2026 665 Macedoniam

616 704 882 758 Bolerum
914 719 1148 773 quoque
1178 702 1348 772 cepit,
1385 701 1716 767 Xanthiam,
1751 701 1970 765 Serras,

619 793 938 863 Prilapum,
963 792 1110 847 latos
1142 792 1468 863 Pelagoniae
1497 806 1760 861 campos,

616 900 752 939 cum
786 882 1179 952 circumjectis
1210 883 1486 937 omnibus
1514 880 1791 937 castellis.

616 972 784 1043 Cepit
812 978 868 1027 et
903 972 1200 1042 Prespam,
1234 971 1537 1037 Deabolin,
1574 970 1806 1030 Achrin,

620 1062 924 1143 A’lhaniam
958 1068 1247 1129 cunctam,
1282 1060 1568 1133 Illyricam
1603 1059 1982 1130 provinciam,

616 1138 906 1207 Valachiaa
936 1168 1169 1223 quoque
1199 1150 1569 1206 concursavit
1602 1151 1787 1215 fines;

617 1247 912 1312 postremo
944 1243 1002 1296 in
1035 1243 1283 1312 patriam
1319 1242 1593 1295 reducem
1627 1238 1763 1293 tulit
1796 1238 2023 1309 pedem.

614 1330 840 1401 Oppida
873 1347 1000 1385 vero
1034 1332 1243 1401 partim
1278 1329 1447 1384 nobis
1475 1329 1672 1393 cessit,

614 1421 826 1490 partim
860 1420 915 1473 in
950 1437 1058 1474 sua
1091 1419 1334 1473 retinuit
1365 1422 1668 1489 potestate.

616 1510 701 1563 Ob
736 1508 843 1563 has
872 1524 963 1563 res
988 1513 1181 1578 gestas
1212 1509 1372 1563 visus
1402 1513 1491 1563 est
1520 1510 1743 1561 Asanes

613 1598 700 1652 vir
730 1600 1139 1665 admirandus,
1174 1600 1405 1653 cunctis
1436 1597 1753 1652 laudabilis
1790 1613 1803 1649 :

616 1688 874 1743 clemens
906 1704 1110 1758 reapse
1137 1694 1265 1743 erat
1296 1688 1575 1756 mitisque
1608 1686 1953 1751 admodum,

617 1793 722 1831 nec
753 1778 1121 1831 subditorum
1156 1777 1411 1832 caadilius
1444 1777 1805 1845 indulgebat,

618 1882 805 1936 neque
832 1867 1052 1921 saevitia
1084 1867 1357 1920 Barbarie
1390 1866 1651 1935 ingenita

616 1955 939 2027 stirpisque
970 1957 1127 2010 velut
1158 1956 1390 2027 propria
1420 1955 1516 2009 hic
1546 1953 1851 2008 laborabat
1886 1970 1898 2007 :

616 2062 721 2099 nec
754 2063 960 2101 rursus
992 2052 1190 2101 nostro
1221 2047 1508 2118 sanguine
1536 2045 1853 2116 gaudebat,

612 2135 771 2191 velut
797 2136 1022 2207 priores
1054 2137 1219 2207 impii
1252 2152 1419 2207 reges
1452 2135 1727 2206 Bulgari;

612 2227 713 2281 sed
746 2228 899 2281 bono
929 2232 1054 2281 erat
1083 2226 1471 2297 clementique
1500 2225 1755 2297 ingenio,

613 2322 668 2370 et
702 2317 923 2371 nostris
954 2334 1119 2388 teque
1153 2334 1220 2371 ac
1252 2316 1520 2388 Bulgaris
1551 2315 1951 2386 gratissimus.

610 2404 886 2475 Captivos
918 2421 1072 2465 vero,
1110 2412 1173 2459 ut
1202 2405 1343 2473 dixi,
1376 2406 1737 2472 Theodorus,

612 2499 669 2548 et
690 2496 820 2564 jam
851 2501 1126 2566 expertus
1159 2496 1255 2549 diu
1293 2495 1775 2563 benivolentiam,

613 2590 816 2655 postea
849 2586 1042 2639 moliri
1077 2586 1311 2646 fraudes
1344 2585 1768 2655 deprehensus,

614 2674 881 2727 meritam
909 2690 1139 2745 poenam
1172 2678 1496 2728 excaecatus
1530 2673 1792 2745 pertulit.

614 2764 755 2831 Ejus
787 2769 983 2819 autem
1019 2765 1195 2819 frater
1226 2765 1457 2820 Manuel
1489 2766 1735 2835 despota

614 2856 890 2925 praedicto
922 2871 951 2910 e
984 2855 1180 2925 praelio
1210 2857 1348 2925 fuga
1374 2872 1436 2910 se
1466 2856 1804 2909 subducens

611 2942 1082 2998 Thessalonicam
1118 2944 1323 2997 urbem
1356 2960 1531 2998 cursu
1570 2943 1762 3019 petiit,

611 3033 860 3101 ejusque
895 3031 1055 3086 nullo
1083 3032 1397 3087 resistente
1423 3031 1729 3085 dominum

611 3136 673 3174 se
703 3122 907 3190 gessit,
942 3125 1118 3191 atque
1150 3121 1388 3175 urbium
1421 3127 1783 3189 casterarum,

609 3226 737 3278 quas
770 3209 841 3263 ad
873 3210 1235 3265 occidentem
1265 3211 1500 3281 reliquae
1533 3210 1645 3265 sibi
1680 3210 1931 3264 fuerant.

610 3298 714 3352 Hic
746 3314 879 3353 cum
910 3300 1099 3354 vocari
1137 3301 1382 3371 despota
1411 3300 1696 3355 voluisset

612 3388 803 3458 regias
836 3394 1033 3443 tamen
1068 3390 1395 3463 usurpabat
1426 3394 1703 3457 tesseras,

614 3492 825 3547 nempe
858 3478 1091 3533 rubrica
1126 3483 1295 3533 utens
1327 3479 1386 3532 in
1418 3477 1959 3549 subscriptionibus
1992 3493 2004 3529 :

614 3565 671 3619 in
703 3583 875 3638 quem
898 3568 1135 3637 jocatus
1162 3572 1251 3623 est
1284 3574 1451 3623 acute
1486 3569 1805 3623 admodum

620 3656 816 3710 nescio
848 3656 983 3727 quis
1014 3657 1254 3713 dicens:
1285 3658 1566 3729 Congruit
1591 3656 1807 3724 vocari,

621 3750 685 3799 ut
718 3750 807 3799 est
836 3745 895 3799 in
930 3746 1178 3817 psalmo,
1213 3753 1269 3801 te
1301 3762 1494 3817 regem
1530 3756 1586 3801 et
1616 3748 1945 3818 despotam.

616 3832 718 3888 Ille
749 3838 921 3889 etiam
954 3835 1253 3905 Sthlabus,
1286 3837 1458 3905 cujus
1491 3842 1667 3891 antea
1698 3836 1963 3902 memini,

614 3922 904 3993 Bulgarus
935 3929 1107 3995 gente
1133 3924 1464 3995 Asanisque
1495 3926 1719 3994 afﬁnis,

608 4012 903 4067 insederat
935 4014 1274 4085 praesidium
1310 4014 1597 4082 Melenici,

608 4106 662 4155 et
696 4101 1033 4171 Rhsdopem
1068 4104 1307 4158 tenebat
1340 4120 1473 4158 cum
1507 4104 1766 4161 castellis

607 4192 855 4260 ejusque
889 4192 1108 4245 montis
1144 4193 1309 4262 pagis
1341 4192 1603 4248 dominio
1633 4195 1802 4249 firmo
1840 4213 1852 4249 :

603 4282 857 4350 despotze
891 4297 1126 4352 quoque
1156 4287 1462 4352 acceperat
1484 4283 1834 4355 dignitatem

601 4386 631 4423 a
666 4369 984 4447 Bysantino
1018 4370 1370 4441 imperatore
1401 4372 1672 4441 Henrico,

598 4553 769 4622 cujus
801 4556 857 4607 et
890 4552 1127 4608 notham
1162 4552 1341 4608 filiam
1375 4553 1626 4609 habebat
1650 4555 1988 4627 conjugem.

598 4640 700 4695 Hic
726 4658 881 4696 nunc
914 4642 1150 4697 Latinas
1180 4642 1542 4712 sequebatur
1575 4647 1792 4713 partes,

597 4747 753 4785 nunc
789 4731 1057 4801 Bulgaris
1083 4731 1314 4785 favebat
1346 4731 1753 4802 popularibus,

592 4820 891 4875 Comneno
918 4836 1153 4891 quoque
1184 4835 1338 4890 saepe
1370 4820 1675 4876 Theodoro
1712 4837 1725 4875 :

597 4910 817 4966 nemini
848 4926 981 4965 vero
1014 4909 1249 4963 firmam
1282 4909 1558 4965 servabat
1593 4911 1767 4966 fidem

598 5000 769 5054 homo
801 4999 1067 5054 desertor
1097 5003 1273 5069 atque
1307 4998 1657 5070 versipellis.

588 5090 721 5145 Jam
756 5106 889 5144 cum
924 5090 1215 5144 Robertus
1246 5088 1428 5143 Italus
1462 5090 1781 5161 imperator

588 5180 815 5234 vivendi
851 5180 1025 5233 finem
1060 5178 1117 5233 in
1152 5178 1368 5233 Bmotia
1400 5180 1652 5244 fecisset,

589 5270 849 5343 Byzantii
883 5274 1182 5339 sceptrum
1215 5269 1473 5325 Joannes
1507 5270 1755 5341 excepit,

586 5358 922 5430 decrepitus
950 5359 1059 5422 vir,
1092 5358 1192 5429 qui
1226 5358 1422 5414 Sionis
1455 5376 1554 5413 rex
1584 5364 1726 5414 erat.

585 5454 761 5517 Atque
795 5449 889 5504 hic
922 5453 1125 5503 nostro
1158 5448 1370 5503 Caesari
1403 5449 1625 5504 bellum
1657 5448 1858 5504 intulit

581 5538 640 5593 in
673 5538 955 5593 orientem
990 5538 1241 5592 navibus
1276 5538 1536 5605 directis,

579 5634 755 5700 atque
784 5632 1067 5699 occupato
1104 5627 1411 5698 Lampsaci
1449 5626 1659 5683 navali.

580 5718 797 5773 Verum
832 5717 911 5772 nil
947 5717 1101 5772 ultra
1132 5734 1473 5790 aggressus,
1504 5724 1655 5774 retro
1686 5718 1885 5774 cessit.

2295 532 2351 595 Α
2561 522 2697 577 Μεθ’
2726 521 2792 590 ἦν
2822 518 3218 594 Διδυμότειχον
3246 516 3465 596 ἀσφαλῆ
3496 516 3683 586 πόλιν,

2558 612 2784 667 Ἔπειτα
2813 611 3027 685 Θρᾴκην
3061 608 3403 667 Μακεδονίαν
3433 607 3593 677 ὅλην,

2556 698 2828 774 Βουλερὸν
2863 699 2974 755 εἷλε
3002 701 3091 754 καὶ
3121 700 3385 753 Ξάνθειαν
3416 698 3506 752 καὶ
3550 696 3779 773 Σέῥρας,

2557 790 2725 843 ’Δστυ
2758 788 3066 863 Πριλαποῦ,
3099 785 3437 860 Πελαγονίας
3462 786 3669 855 πλάτη,

2377 888 2515 943 8090
2560 887 2665 941 Σὺν
2695 893 2812 948 τοῖς
2845 887 2998 963 πέριξ
3031 888 3193 940 ἅπασι
3227 885 3461 961 χωρίοις
3488 884 3703 946 τόποις“

2554 976 2711 1049 Αἱρεῖ
2739 997 2798 1031 τε
2829 976 3103 1047 Πρὲσπαν,
3136 970 3421 1041 Δεάϐολιν,
3455 972 3702 1049 Ἀχρίδα.

2554 1059 2827 1119 Ἀλϐανὸν
2857 1066 3018 1129 ἅπαν,
3054 1062 3340 1138 Ἰλλυριῶν
3370 1064 3433 1118 τὸ
3463 1061 3661 1135 κλίμα,

2557 1155 2659 1209 Καὶ
2691 1160 2790 1222 τῆς
2820 1154 3071 1228 Βλαχίας
3100 1153 3227 1214 τοὺς
3262 1155 3421 1227 ὅρους
3450 1150 3794 1225 κατατρέχεν

2555 1245 2764 1301 Ἕπειτ⁹
2795 1243 3108 1312 ἐπανὲζευξε
3137 1245 3275 1317 πρὸς
3300 1244 3399 1310 τὴν
3433 1240 3688 1318 πατρίδα·

2374 1333 2517 1389 8095
2555 1332 2653 1386 Καὶ
2685 1331 2956 1407 φρουρίων
2994 1333 3089 1403 μὲν
3121 1352 3241 1385 τινα
3269 1331 3565 1402 Ῥωμαίοις
3594 1330 3772 1403 νὲμει,

2553 1419 2735 1477 ’Ἂλλα
2765 1418 2812 1473 δ’
2844 1420 3047 1497 ἀφῆκεν
3084 1421 3171 1497 ὑφ’
3202 1421 3385 1474 ἑαυτὸν
3417 1419 3728 1495 τυγχάνειν.

2556 1509 2827 1571 Ἐντεῦθεν
2860 1506 2949 1563 οὖν
2983 1506 3158 1580 ἔδοξεν
3192 1509 3349 1569 οὗτος
3382 1509 3617 1577 ’Δσάνης

2556 1597 2872 1668 Θαυμαστὸς
2904 1597 3065 1670 ἀνὴρ,
3104 1598 3431 1671 μακαριστὸς
3460 1602 3577 1658 τοῖς
3606 1596 3787 1657 ὅλοις·

2552 1691 2650 1740 Ἦν
2683 1687 2787 1761 γὰρ
2821 1685 3043 1755 ἀληθῶς
3076 1687 3385 1759 συμπαθὴς,
3417 1691 3589 1757 πρᾶος
3618 1686 3778 1739 πάνυ·

2375 1778 2517 1833 8100
2554 1776 2632 1832 Οὐ
2664 1777 2767 1849 γὰρ
2799 1775 3007 1850 ἐχρῆτο
3037 1777 3155 1839 καθ’
3191 1776 3447 1845 ὑπηκόων
3481 1775 3696 1851 φόνοις,

2300 1898 2347 1961 Β
2555 1861 2689 1921 Οὐδ’
2718 1865 2866 1937 εἶχεν
2895 1864 3159 1936 ὠμότητα
3186 1866 3284 1932 τὴν
3317 1864 3367 1919 ἐν
3404 1863 3706 1940 βαρὸάροις

2556 1954 2844 2029 Σύμφυτον
2879 1956 2993 2007 οἷον
3029 1960 3439 2031 συμπεφυκυῖαν
3470 1954 3637 2029 γένει,

2554 2045 2621 2098 Ἥ
2651 2045 2984 2117 Ῥωμαϊκοῖς
3016 2042 3236 2116 α’ίμασιν
3268 2043 3553 2119 ἐνετρύφα,

2553 2134 2641 2197 Ὠς
2669 2134 2796 2207 πρὶν
2824 2133 3130 2209 κρατάρχαι
3162 2132 3496 2208 Βουλγάρων
3527 2132 3886 2209 κακοτρόπως

2375 2233 2517 2288 8105
2555 2230 2715 2286 Ἀλλ’
2742 2234 2807 2300 ἦν
2842 2232 3039 2305 ἀγαθὸς
3072 2233 3157 2286 καὶ
3188 2230 3579 2308 φιλάνθρωπλς
3609 2232 3787 2309 φύσει,

2554 2323 2649 2391 Τῷ
2675 2340 2761 2375 τοι
2793 2322 3040 2383 ποθεινὸς
3073 2321 3305 2376 Αὕσοσιν
3332 2322 3399 2390 ἧν
3435 2318 3800 2397 Βουλγάροις.

2556 2408 2980 2485 Φρουρούμενος
3012 2407 3070 2463 δὲ
3100 2408 3401 2484 Θεόδωρος,
3436 2409 3511 2471 ὡς
3543 2405 3701 2485 ἔφην,

2556 2495 2976 2575 Φιλοφροσύνης
3006 2500 3053 2552 τ’
3084 2496 3376 2553 ἀπολαύων
3410 2496 3463 2552 ἐν
3498 2499 3709 2572 χρόνῳ,

2556 2586 2703 2642 Ἐπεὶ
2734 2588 2974 2661 τυρεόειν
3011 2588 3260 2661 μηχανὰς
3291 2586 3573 2665 ἐφωράθη,

2375 2677 2517 2732 8110
2550 2675 2685 2738 Τοὺς
2719 2678 2982 2748 ὀμμάτων
3017 2672 3235 2731 ἔσϐεστο
3268 2676 3511 2751 λύχνους
3543 2674 3803 2741 ἐνδίκως..

2554 2764 2733 2821 Αὐτοῦ
2761 2763 2807 2819 δ’
2835 2763 3068 2842 ἀδελφὸς
3099 2766 3365 2834 Μανουήλ
3398 2768 3426 2819 ὁ
3459 2763 3728 2835 δεσπότης

2558 2855 2707 2911 Κατὰ
2740 2856 2927 2930 μάχην
2962 2855 3037 2909 ὢν
3067 2856 3156 2910 καὶ
3190 2859 3331 2933 φυγῇ
3364 2857 3736 2931 κεχρημένος,

2555 2943 2950 3013 Θεσσαλονίκην
2984 2939 3392 3017 καταλαμϐάνει
3424 2944 3615 3010 πόλιν,

2555 3035 2651 3087 Καὶ
2684 3040 2783 3102 τῆς
2813 3031 2860 3087 δ’
2894 3033 3170 3109 ἐκυρίευσε
3199 3036 3535 3109 πραγμάτων
3580 3031 3715 3107 δίχα

2377 3133 2518 3189 8115
2560 3129 2663 3184 Σὺν
2696 3136 2813 3194 τοῖς
2841 3153 2901 3207 γε
2931 3129 3154 3193 λοιποῖς
3176 3131 3389 3187 ’ἀστέων
3421 3133 3509 3187 καὶ
3540 3131 3765 3207 χωρίων

2551 3225 2684 3282 Τοῖς
2716 3222 2853 3275 κατὰ
2885 3219 3033 3275 δύσιν
3066 3220 3675 3295 ἐγκαταλελειμμένοις.

2560 3312 2732 3373 Οὗτος
2763 3310 3045 3365 καλεῖσθαι
3075 3309 3342 3381 δεσπότης
3371 3312 3654 3386 ᾑρημένος

2562 3402 2804 3475 Ἐχρῆτο
2840 3398 3054 3472 μᾶλλον
3091 3399 3398 3474 βασιλικοῖς
3430 3396 3735 3472 συμϐόλοις

2563 3491 2649 3545 Ἐν
2687 3488 3022 3565 ὑπογραφαῖς
3057 3487 3146 3543 διὰ
3174 3490 3429 3543 κοκκίνου
3460 3490 3708 3566 γράφων,

2380 3580 2521 3636 8120
2562 3579 2702 3647 Ηρὸς
2728 3578 2786 3631 ’ὀν
2818 3599 2903 3640 τις
2936 3578 3252 3653 ἀπέσκωψεν
3284 3578 3563 3654 εὐστόχως
3605 3578 3754 3651 μάλα

2556 3669 2645 3729 Ὠς
2678 3670 2775 3722 Σοὶ
2807 3666 3099 3741 προσᾴδειν
3132 3666 3397 3741 ἁρμόδιον
3429 3668 3688 3744 τυγχάνει

2558 3758 2629 3812 Σὲ
2656 3758 2748 3811 τὸν
2786 3756 3012 3833 βασιλέα
3040 3779 3098 3812 τε
3129 3757 3395 3829 δεσπόνην
3426 3760 3557 3831 ἅμα.

2557 3846 2658 3903 Καὶ
2693 3842 2943 3908 Σθλάὸος
2974 3850 3133 3923 ἀνὴρ,
3166 3850 3332 3923 οὗπερ
3365 3848 3648 3920 ἐμνήσθην
3682 3848 3815 3914 ἅνω,

2558 3938 2652 3993 Ἐκ
2681 3935 3014 4012 Βουλγάρων
3047 3936 3149 4015 φὺς
3178 3939 3488 4012 προσγενὴς
3521 3936 3592 3992 ὣν
3628 3937 3849 4012 Ἀσάνῃ,

2295 3274 2336 3339 C

2374 4036 2517 4090 8125
2557 4028 2751 4087 Λαϐὼν
2782 4039 3004 4109 κατεῖχε
3032 4034 3295 4111 φρούριον
3316 4033 3641 4103 Μελενίκου,

2553 4122 2653 4178 Καὶ
2682 4130 2788 4192 τῆσ
2814 4120 3082 4193 Ῥοδόπης
3106 4124 3249 4200 ἦρχε
3278 4126 3369 4178 σὺν
3400 4129 3519 4188 τοῖς
3550 4123 3853 4202 φρουρίοις,

2553 4212 2658 4267 Καὶ
2688 4218 2804 4274 τοῖς
2839 4212 2891 4267 ἐν
2925 4213 3064 4285 αὐτῇ
3091 4213 3323 4288 χωρίοις
3355 4213 3662 4289 ἀραρότως,

2552 4301 2647 4355 Καὶ
2682 4299 3006 4368 δεσποτικῆς
3038 4303 3182 4375 ἀξίας
3213 4323 3275 4378 γε
3304 4304 3569 4378 τυγχάνει

2550 4393 2693 4465 Πρὸς
2749 4395 2847 4446 τοῦ
2902 4396 3233 4467 κρατοῦντος
3291 4391 3459 4468 Ἐῥρῆ
3516 4398 3620 4462 τῆς
3680 4391 4039 4448 Κωνσταντίο

3812 4484 3959 4552 [νου.

2368 4571 2511 4627 8130
2546 4568 2624 4626 Οὗ
2654 4572 2741 4625 καὶ
2775 4573 3021 4649 συνήφθη
3054 4574 3121 4644 τῇ
3156 4572 3383 4646 θυγατρὶ
3412 4573 3482 4643 τῇ
3515 4569 3680 4643 νόθῳ.

2286 4647 2333 4712 D
2544 4659 2742 4715 ’EvioO’
2774 4647 2935 4721 οὗτος
2963 4659 3264 4734 συνεμάχει
3299 4659 3575 4723 Λατίνοις,

2543 4749 2738 4804 Ἐνίοτ’
2769 4750 2920 4811 αὖθις
2954 4747 3289 4825 Βουλγάροις
3319 4755 3436 4811 τοῖς
3463 4746 3744 4827 φυλέταις,

2541 4837 2641 4891 Καὶ
2674 4836 2943 4913 Θεοδώρῳ
2971 4843 3052 4910 τῷ
3082 4842 3359 4911 Κομνηνῷ
3390 4837 3685 4901 πολλάκις·

2538 4928 2658 4982 Τινὶ
2690 4925 2737 4982 δ’
2766 4927 3016 4983 ἀπάντων
3051 4926 3112 4983 οὐ
3146 4928 3443 5003 συνήρχετ⁹
3478 4927 3553 4991 είς
3582 4925 3773 5001 λόγον,

2360 5020 2503 5074 8135
2543 5015 3055 5092 ’Λλλοπρόσαλλος,
3088 5017 3403 5092 εὐρίπιστος
3435 5019 3747 5093 τυγχάνων.

2538 5109 2652 5163 Τοῦ
2684 5103 2742 5161 δὲ
2770 5112 3099 5180 κρατοῦντος
3133 5105 3360 5163 Ἰταλῶν
3401 5111 3500 5161 τοῦ
3540 5107 3885 5183 Ῥομπέρτου

2537 5198 2665 5253 Βίον
2700 5198 3169 5273 καταστρέψαντος
3199 5196 3250 5251 ἐν
3281 5197 3541 5269 Βοιωτίᾳ,

2538 5290 2696 5363 Σφῶν
2728 5284 2982 5357 Ἰωάννης
3009 5282 3434 5363 παραλαμϐάνει
3482 5287 3702 5359 κράτος,

2535 5377 2778 5447 Ἐξωρος
2812 5376 2973 5452 ἀνὴρ,
2999 5379 3102 5440 τῆς
3134 5377 3276 5431 Σιὼλ
3442 5377 3752 5453 τυγχάνων,

2354 5467 2497 5522 8140
2532 5468 2632 5526 ’Ὃς
2663 5464 2754 5519 καί
2790 5465 2979 5540 μάχην
3008 5464 3195 5535 ἵστησι
3228 5466 3363 5541 πρὸς
3400 5465 3649 5541 βασιλέα,

2534 5553 2679 5621 Μετά
2712 5575 2775 5622 γε
2805 5560 2954 5624 νηῶν
2990 5554 3377 5618 ἐκπεπλευκὼς
3405 5555 3484 5617 εἰς
3515 5555 3609 5624 ἔω,

2534 5644 2634 5699 Καὶ
2669 5650 2769 5713 τῆς
2806 5644 3111 5718 Λαμψάκου
3141 5643 3378 5720 κατάρας
3405 5645 3640 5717 νεωρίῳ,

2532 5733 2711 5790 [Ιλέον
2747 5732 2803 5791 δὲ
2840 5734 3011 5807 μηδὲν
3045 5733 3344 5811 δεδρακὼς,
3381 5737 3729 5813 ὑποσορὲφει·
