4250 6432
202 414 307 469 301

389 541 451 596 '0
479 540 579 613 γάρ
616 536 869 611 βασιλεὺς
896 538 1153 595 Αὐσόνων
1186 538 1438 607 Ἰωάννης

208 631 358 685 8115
396 633 648 688 Γενναῖος
676 626 983 702 ἀντίμαχος
1011 628 1103 697 ἦν,
1136 626 1457 697 ἆντιστάτης
1491 645 1503 657 ·

395 718 457 773 Εἰ
488 716 577 771 καὶ
612 717 1042 791 καθυπὲστρεψεν
1076 717 1194 789 ἄρτι
1226 724 1327 785 τῆς
1363 717 1549 791 μάχης

391 811 502 873 Τῆς
533 805 667 878 πρὸς
701 803 944 878 Καίσαρα
975 800 1221 859 Γαϐαλᾶν
1248 804 1557 873 ἀποστάτην
1589 824 1601 836 ·

393 894 463 950 Εἴ
492 896 581 948 καὶ
611 894 857 968 τριήρεις
882 893 971 947 καὶ
995 891 1251 966 δυνάμεις
1283 892 1347 947 αὖ
1377 890 1541 947 πάλιν

399 978 772 1054 Παλαιολόγῳ
802 978 1079 1056 παραδοὺς
1108 980 1469 1055 ’Δνδρονίκῳ,

202 1073 355 1129 8150
390 1073 487 1129 Ὀν
522 1072 640 1145 εἶχε
671 1068 992 1142 δομὲστικον
1024 1071 1185 1145 μέγαν
1220 1074 1299 1141 τῷ
1327 1072 1470 1140 τότε,

396 1160 540 1233 Πρὸς
572 1161 671 1226 τὴν
704 1155 888 1213 Ῥόδον
920 1158 1175 1235 πέπομφε
1202 1161 1315 1212 κατ’
1347 1159 1650 1212 ὰποστάτου
1682 1174 1694 1187 ·

393 1247 561 1303 Ἀλλ’
588 1246 681 1301 οὖν
716 1247 965 1321 μετρίους
995 1243 1327 1323 παραλαϐὼν
1361 1245 1612 1312 ὁπλίτας,

396 1341 635 1399 ’Ὁπλοις
660 1337 912 1412 ἀπεῖργεν
944 1335 1219 1411 ἐκδρομὰς
1249 1341 1367 1397 τοῖς
1409 1336 1677 1396 Λατίνοις.

400 1428 508 1483 Καὶ
536 1427 603 1481 τὰ
632 1428 768 1480 κατᾶ
802 1426 986 1501 μάχην
1022 1424 1079 1480 δὲ
1106 1427 1205 1495 τὴν
1237 1425 1561 1495 ἀποστάτου,

217 1520 366 1574 8155
406 1515 588 1573 Αἴσιον
622 1513 752 1589 ἔσχε
784 1512 1148 1588 Παλαιολόγῳ
1178 1516 1366 1589 πέρας,

396 1605 502 1661 Καὶ
533 1605 670 1658 κατὰ
700 1608 824 1658 νοῦν
850 1604 1096 1657 τείνοντα
1123 1608 1220 1657 τοῦ
1255 1601 1544 1677 βασιλέως.

395 1698 511 1751 Τοῦ
543 1693 877 1767 λατινάρχου
906 1690 952 1747 δ’
984 1690 1374 1753 ἐκλελοιπότος
1408 1691 1544 1766 βίον,

402 1782 733 1857 Κληροῦχος
766 1784 947 1856 ἀρχῆς
981 1780 1313 1843 Βαλδουϊνος
1341 1784 1571 1855 γίνεται,

393 1875 595 1935 Ἥπιος
623 1872 786 1947 ἀνὴρ,
815 1872 1174 1948 σωφρονικὸς,
1207 1870 1420 1945 χαρίεις
1451 1888 1463 1900 ·

206 1964 354 2019 8160
395 1962 559 2031 ’Ἃναξ
590 1958 646 2015 δὲ
674 1961 841 2021 τιθεὶς
870 1966 986 2021 τοῖς
1024 1960 1288 2029 ὑπηκόοις
1317 1962 1517 2031 σθὲνος,

398 2051 503 2107 Καὶ
532 2056 651 2113 τοῖς
684 2052 772 2105 ὑπ’
801 2051 964 2105 αὐτὸν
998 2052 1174 2104 ἅστεσι
1204 2050 1294 2103 καὶ
1324 2050 1563 2124 χωρίοις

400 2140 701 2215 Εἰρηνικήν
734 2140 985 2211 σύναρσιν
1018 2138 1123 2193 εἴτε
1152 2138 1240 2192 καὶ
1271 2137 1500 2205 πλάτος,

394 2228 697 2289 Ἐναντίοις
729 2227 787 2282 δὲ
808 2230 1077 2295 συστολὴν
1110 2229 1199 2281 καὶ
1232 2226 1459 2297 δειλίαν,

399 2316 585 2387 Κῆδός
618 2339 675 2372 τε
699 2316 1011 2387 κατήλλαξε
1045 2316 1332 2389 μνηστείαν
1362 2318 1407 2370 0⁷
1439 2319 1550 2389 ἅμα

210 2412 360 2465 8165
401 2409 542 2475 Ηρὸς
563 2408 654 2461 τὸν
686 2412 991 2482 κρατοῦντα
1022 2405 1352 2480 Βουλγαρων
1382 2406 1474 2460 τὸν
1508 2404 1759 2477 Ἀσάνην,

393 2497 493 2551 Καὶ
527 2498 691 2551 πιστᾶ
721 2498 1051 2551 συντέθεικεν
1086 2497 1246 2570 ὅρκια
1275 2494 1465 2561 πάλιν,

395 2584 647 2648 Σπονδάς
677 2585 991 2658 ἐνωμότους
1018 2606 1075 2639 τε
1103 2584 1193 2639 καὶ
1226 2584 1541 2661 συμφωνίας
1578 2603 1591 2616 '

390 2678 479 2738 Ὠς
512 2675 559 2731 εἲ
587 2676 837 2747 παρείκοι
870 2681 1226 2750 συγκροτοὶτο
1251 2673 1603 2751 προσφόρως,

404 2766 506 2821 Καὶ
544 2770 903 2840 συμμαχοῖτο
934 2766 1068 2839 πρὸς
1106 2765 1287 2839 μάχας
1321 2762 1569 2818 ἐναντίων
1604 2777 1620 2793 ⁸

214 2858 364 2914 8170
406 2856 505 2911 Καὶ
536 2856 702 2911 πάλιν
733 2856 780 2911 εἰ
813 2854 987 2911 δέοιτο
1022 2856 1205 2930 χειρὸς
1236 2853 1513 2925 Αὐσόνων,

404 2945 791 3003 Καταπολαύει
824 2944 1151 3021 Βουλγάρων
1183 2944 1525 3019 ἀρχηγέτης.

406 3035 623 3090 Τούτων
660 3035 1016 3110 πραχθέντων
1050 3035 1212 3105 ὅνπερ
1245 3034 1481 3106 εἰρήκειν
1506 3028 1729 3109 τρόπον,

405 3126 742 3200 Συνέρχεναι
774 3121 839 3192 δὴ
873 3124 1008 3197 πρὸς
1043 3122 1206 3177 πόλιν
1234 3123 1331 3191 τήν
1365 3120 1607 3177 Καλλίου

404 3214 551 3269 Μετὰ
580 3215 837 3267 συνεύνου
862 3212 951 3267 καὶ
984 3213 1252 3286 θυγατρὸς
1277 3211 1525 3281 Ἑλίνης,

216 3307 362 3363 8175
401 3305 560 3360 Ἄσαν
593 3302 811 3377 βασιλεῖ
839 3301 928 3356 καὶ
964 3300 1203 3376 βασιλίδι
1235 3300 1377 3371 τότε,

400 3394 506 3448 Καὶ
539 3392 855 3447 συντελοῦσι
888 3392 1170 3467 συνάφειαν
1205 3392 1387 3459 υἱέων,

405 3479 693 3555 Θεοδώρου
726 3482 968 3555 Λάσκαρι
992 3484 1243 3554 συνεζευγ
1254 3482 1418 3551 μὲνου

404 3572 563 3627 Ἀσᾶν
598 3569 821 3645 θυγατρὶ
851 3568 987 3623 κατά
1016 3570 1223 3641 νόμους
1252 3567 1481 3642 ’Βλένῃ’

408 3660 730 3732 Ἐπευλὸγει
765 3656 821 3713 δὲ
848 3657 976 3719 τοὺς
1008 3658 1221 3733 γάμους
1249 3657 1552 3733 ἀρχιθύτης

216 3752 364 3807 8180
404 3754 558 3811 Θεῖος
592 3749 865 3821 Γερμανὸς
899 3746 1199 3822 συμπαρὼν
1226 3746 1598 3820 τελουμένοις,

410 3842 505 3911 Τῷ
533 3842 835 3907 τηνικαῦτα
860 3838 1247 3912 ποιμενάρχης
1278 3831 1549 3911 Τρινόϐου

408 3931 502 3999 Τῷ
533 3926 880 4002 Βουλγαρίας
906 3929 1018 4001 (81)
1056 3926 1414 3998 ὑποκείμενος
1445 3928 1645 4002 θρόνῳ,

410 4018 526 4074 Οὐκ
557 4014 658 4071 οἶδ’
690 4015 841 4077 ὅπως
872 4016 1089 4089 κὲκριτο
1122 4012 1351 4070 συνόδου
1380 4015 1552 4090 κρίσει

410 4106 744 4179 Θεσπίσματί
775 4126 833 4160 τε
861 4109 958 4160 τοῦ
984 4108 1313 4181 κρατοῦντος
1345 4104 1599 4161 Αὐσόνων

224 4199 373 4255 8185
412 4198 597 4269 Τιμήν
630 4194 977 4269 πατριάρχου
1002 4216 1063 4270 γε
1091 4194 1179 4249 καὶ
1211 4195 1408 4262 κλῆσιν
1442 4189 1609 4269 ἔχειν,

414 4282 629 4354 Κήδους
656 4280 911 4339 τινόντων
942 4288 1053 4338 τῶν
1082 4284 1423 4355 κρατούντων
1458 4284 1509 4337 οἱ
1540 4285 1726 4359 χάριν.

410 4372 567 4431 Ἐπεὶ
600 4370 647 4427 δ’
679 4370 1041 4444 ἐπεπλήρωτο
1072 4372 1139 4427 τά
1165 4373 1303 4426 κατᾶ
1328 4372 1561 4447 γάμους,

416 4461 647 4525 Βασιλὶς
679 4461 893 4537 Εῗρήνη
928 4463 1021 4534 μὲν
1054 4463 1168 4534 ἅμα
1195 4462 1452 4538 νυμφίοις

419 4549 611 4610 Οἶκαδ⁹
640 4551 804 4624 ἀπῄει
834 4552 972 4605 κατὰ
998 4549 1127 4611 τοὺς
1154 4546 1230 4605 ἕω
1258 4550 1459 4612 τόπους
1496 4571 1508 4583 ο

238 4644 383 4699 8190
423 4642 567 4716 Πρὸς
603 4641 810 4698 Μυσίαν
844 4637 891 4694 δ’
922 4637 987 4694 αὖ
1012 4642 1046 4709 ἡ
1080 4636 1296 4714 βασιλὶς
1326 4638 1676 4715 Βουλγάρων.

416 4732 553 4793 Δυάς
586 4727 630 4785 δ’
664 4729 907 4785 ἀνάκτων
940 4728 1033 4783 σὺν
1068 4727 1322 4802 δυνάμεσι
1355 4728 1519 4785 πάλιν

417 4817 763 4878 Μακεδονίαν
795 4816 1102 4893 κατέδραμε
1128 4818 1218 4873 καὶ
1251 4818 1489 4894 Θρᾴκην,

418 4908 522 4965 Καὶ
552 4908 814 4964 Λατινικὰ
844 4908 1027 4983 χωρία
1053 4928 1111 4962 τε
1138 4907 1227 4963 καὶ
1258 4907 1450 4969 πόλεις

415 5001 623 5061 Αὐτοῖς
657 4996 861 5054 διεῖλον
894 4997 984 5052 καὶ
1016 4998 1282 5073 κατέσχον
1312 4998 1427 5070 ἁμά
1433 5018 1547 5073 χως
1578 5013 1591 5027 ·

235 5092 381 5148 8195
421 5089 504 5147 Τὰ
533 5085 756 5144 Μάδυτα
788 5089 900 5162 (82)
935 5088 1029 5161 μὲν
1061 5087 1151 5142 καὶ
1176 5085 1518 5163 Χερρονήσου
1547 5084 1731 5143 πλάκα

412 5177 590 5235 ΙΙόλιν
622 5175 867 5233 Καλλίου
897 5178 990 5231 σὺν
1024 5173 1137 5253 ὄρει
1166 5197 1225 5231 τε
1251 5180 1349 5232 τοῦ
1383 5178 1553 5231 Γάνου

415 5267 591 5343 Μάχῃ
621 5268 998 5339 παρεστήσατο
1028 5266 1275 5343 προφθάς
1308 5267 1335 5320 ὁ
1365 5267 1603 5341 κράτωρ,

415 5358 497 5415 Οὗ
522 5357 613 5412 καὶ
643 5354 810 5411 πόλιν
843 5353 1021 5411 ἔκτισε
1044 5355 1182 5430 πρὸς
1211 5352 1382 5418 πόδας
1416 5354 1583 5431 ὅρους
1617 5374 1632 5390 ο

413 5450 631 5523 ’Δρχῆς
657 5444 705 5502 δ’
732 5448 894 5522 ὅρους
925 5440 1119 5517 ἔπηξεν
1147 5443 1281 5521 ἄχρι
1313 5446 1592 5523 Μαρίτζης
1624 5465 1637 5478 ·

307 5608 427 5681 (81)
466 5608 705 5681 Rectius
748 5607 1085 5679 Acropolita
1128 5604 1894 5681 αἱῑᾼΚωνσταντινουπόλεως.

242 5679 444 5753 Neque
470 5685 634 5753 certe
658 5679 923 5753 Joannes
955 5682 1207 5753 Grecus
1226 5679 1541 5753 imperator
1596 5681 1895 5753 decretum

1734 414 2097 469 CBSARES.

1890 541 1943 604 Α
1974 536 2229 591 Joannes
2263 536 2417 590 enim
2449 536 2768 607 imperator
2798 538 2994 589 noster

1971 626 2203 681 validus
2229 630 2353 681 erat
2382 626 2527 681 obex
2557 630 2612 681 et
2644 627 3032 681 adversarius.

1970 716 2076 779 Qui
2108 732 2440 787 quanquam
2476 715 2625 771 bello
2655 717 2745 769 vix
2772 715 3113 787 perfunctus
3146 715 3333 770 fuerat

1974 806 2253 859 adversus
2284 804 2558 859 Gabalam
2592 805 2871 860 Caesarem
2909 804 3179 860 rebellem
3215 821 3229 859 :

1974 898 2031 946 et
2063 910 2400 963 quanquam
2437 909 2610 949 naves
2643 894 2819 948 etiam
2853 908 2983 947 cum
3016 892 3303 948 militibus

1976 982 2101 1034 And
2115 981 2309 1037 ronico
2342 981 2589 1036 traditas
2622 981 2939 1052 Palmologo

1973 1070 2093 1140 (qui
2130 1086 2380 1137 magnus
2412 1068 2493 1123 illi
2527 1075 2665 1125 tunc
2695 1074 2819 1125 erat
2847 1070 3226 1135 domesticus)

1973 1158 2210 1214 rebellis
2241 1176 2417 1213 causa
2450 1160 2716 1214 Rhodum
2750 1161 3162 1215 amandaverat
3190 1178 3202 1227 ;

1974 1254 2230 1303 attamen
2269 1250 2466 1315 paucis
2500 1251 2753 1317 stipatus
2786 1246 3074 1301 militibus

1974 1338 2155 1392 armis
2191 1337 2423 1391 Latinas
2457 1336 2820 1390 incursiones
2854 1334 3087 1405 repulit.

1976 1431 2219 1497 Insuper
2251 1443 2505 1499 pugnam
2540 1427 2821 1481 adversus
2853 1423 3128 1481 rebellem

1976 1533 2253 1588 prospero
2284 1520 2487 1570 eventu
2524 1515 2705 1586 gessit
2729 1514 3082 1585 Palasologus

1974 1612 2030 1663 et
2058 1625 2126 1662 ex
2153 1607 2440 1662 sententia
2470 1605 2708 1660 Caesaris
2737 1604 2999 1659 Joannis.

1978 1700 2331 1767 Imperatore
2362 1696 2635 1751 Latinoru
2648 1710 2700 1747 m
2729 1698 2982 1753 mortuo,

1976 1787 2160 1841 haeres
2192 1786 2506 1855 imperium
2541 1784 2861 1839 Balduinus
2888 1784 3055 1851 adiit,

1976 1876 2062 1930 vir
2091 1876 2249 1931 mitis
2284 1892 2349 1931 ac
2374 1875 2678 1930 modestus
2708 1879 2765 1929 et
2796 1873 3107 1945 gratiosus.

1974 1969 2047 2021 At
2074 1967 2265 2022 Caesar
2295 1970 2491 2021 noster
2520 1964 2885 2019 subditorum
2919 1964 3106 2019 auctis

1975 2056 2221 2125 viribus,
2246 2059 2301 2111 et
2332 2072 2547 2110 securas
2581 2054 2740 2126 pacis
2773 2070 3014 2109 munere

1975 2163 2079 2217 per
2108 2150 2318 2201 cuncta
2347 2144 2577 2217 imperii
2601 2144 2813 2216 oppida
2846 2144 3107 2211 florente,

1980 2235 2408 2306 perterrefactis
2441 2234 2707 2289 hostibus
2739 2239 2792 2288 et
2822 2234 3142 2304 repressis;

1976 2326 2320 2381 afﬁnitatem
2354 2340 2608 2397 quoque,
2641 2323 2902 2395 quaesitis
2934 2324 3176 2395 nuptiis,

1976 2432 2107 2471 cum
2140 2416 2523 2487 Bulgarorum
2559 2430 2690 2485 rege
2720 2417 2906 2469 Asane
2929 2415 3148 2484 junxit,

1973 2509 2351 2577 juratamque
2384 2506 2556 2560 ﬁdem
2587 2521 2793 2560 rursus
2824 2503 3034 2560 obtulit

1978 2600 2034 2649 et
2064 2594 2265 2649 ﬁrmas
2296 2592 2564 2648 amicitias
2594 2592 2960 2647 conditiones
2990 2610 3002 2645 :

1978 2698 2189 2754 nempe
2219 2687 2285 2737 ut
2315 2682 2517 2738 utilem
2550 2697 2785 2753 operam
2819 2682 3107 2736 conferret
3138 2680 3247 2736 sibi

1979 2772 2267 2844 Bulgarus
2299 2776 2355 2826 et
2383 2771 2672 2827 bellorum
2705 2771 2901 2827 socius
2931 2772 3094 2826 fieret
3125 2786 3139 2827 :

1978 2862 2134 2919 idem
2165 2862 2447 2929 vicissim,
2479 2862 2527 2916 si
2562 2861 2825 2917 Romano
2856 2860 3075 2916 auxilio

1981 2953 2127 3009 forte
2160 2953 2470 3025 indigeret,
2506 2953 2725 3007 frustra
2756 2968 2872 3005 non
2908 2951 3247 3023 requireret.

1984 3044 2082 3099 His
2109 3042 2603 3114 quemadmodum
2633 3042 2748 3096 dixi
2778 3040 3135 3109 constitutis,

1984 3133 2278 3205 profectus
2300 3137 2390 3187 est
2422 3138 2647 3187 Asanes
2678 3130 3042 3202 Calliopolim

1982 3238 2116 3279 cum
2152 3223 2262 3278 tori
2296 3223 2472 3289 socia,
2508 3221 2743 3291 {iliaque
2776 3220 3008 3290 Helena,

1984 3315 2052 3369 ad
2087 3317 2369 3369 Caesarem
2404 3312 2788 3385 reginamque
2820 3316 3167 3383 praesentem
3201 3312 3305 3380 ibi,

1980 3407 2037 3460 et
2065 3404 2381 3459 liberorum
2414 3402 2785 3459 celebrarunt
2814 3401 3050 3473 nuptias
3076 3419 3089 3469 ;

1982 3494 2194 3550 Asanis
2225 3510 2435 3565 nempe
2461 3492 2785 3549 filia‘datur
2814 3492 3032 3548 Helena

1982 3585 2213 3641 Lascari
2243 3584 2540 3640 Theodoro
2573 3584 2629 3639 in
2664 3583 3109 3639 matrimonium

1986 3675 2396 3747 benedixitque
2429 3674 2650 3742 nuptiis
2681 3672 3012 3746 patriarcha

1986 3765 2068 3821 rei
2099 3771 2275 3838 gesta:
2308 3782 2565 3836 prasens
2595 3764 2921 3821 Germanus
2949 3762 3321 3820 venerabilis.

1984 3858 2271 3929 Tempore
2298 3856 2397 3913 illo
2427 3856 2679 3912 Ternobi
2713 3854 3092 3927 archipresul

1989 3943 2370 4018 metropolitm
2403 3944 2650 4017 Bulgaro
2676 3948 2847 4000 antea
2878 3944 3153 3999 subditus

1990 4032 2439 4107 patriarchslem
2469 4033 2706 4088 titulum
2739 4032 2994 4088 obtinuit

1990 4123 2188 4179 nescio
2218 4139 2335 4195 quo
2361 4140 2539 4178 sacrae
2571 4122 2776 4195 synodi
2802 4122 3027 4193 judicio

1990 4214 2338 4285 decretoque
2369 4211 2546 4268 simul
2580 4211 2762 4268 nostri
2792 4210 3035 4267 Caesaris

1992 4303 2093 4375 qui
2124 4302 2399 4360 affinitati
2427 4301 2637 4357 tribuit
2666 4300 2818 4357 hanc
2850 4301 3123 4373 gratiam.

1992 4396 2129 4449 Post
2159 4392 2480 4448 celebratos
2511 4391 2853 4464 nuptiarum
2882 4390 3031 4445 ritus

1994 4482 2196 4553 regina
2220 4482 2384 4537 Irene
2416 4495 2548 4535 cum
2585 4478 2817 4534 novitiis
2847 4479 3081 4551 sponsis

1996 4571 2055 4626 in
2089 4572 2371 4628 orientem
2407 4572 2591 4626 redux
2622 4572 2864 4626 domum
2899 4570 3061 4641 petiit
3089 4586 3101 4636 ;

1921 4653 1970 4717 D
1998 4666 2055 4717 et
2088 4662 2333 4734 Bulgara
2364 4661 2567 4734 regina
2596 4662 2653 4716 in
2684 4660 2945 4716 Moesiam
2981 4659 3171 4716 rediit.

1998 4756 2069 4809 At
2099 4770 2265 4827 reges
2295 4753 2468 4810 ambo
2499 4753 2699 4824 stipati
2730 4751 3082 4809 exercitibus

1998 4844 2306 4900 Thraciam
2337 4844 2862 4917 Macedoniamque
2920 4842 3364 4915 percurrehant,

1997 4936 2056 4987 et
2085 4931 2267 4988 latina
2296 4932 2537 4988 castella
2566 4932 2867 5003 urbesque
2897 4934 3097 5003 captas

2000 5022 2225 5094 absque
2255 5023 2455 5080 labore
2487 5024 2699 5081 bellico
2732 5023 3091 5079 dividebant.

2000 5112 2228 5185 Madyta
2259 5114 2493 5185 quidem
2529 5120 2585 5170 et
2617 5119 2869 5171 tractum
2898 5113 3262 5179 Chersonesi,

2002 5204 2230 5259 Canum
2264 5204 2438 5260 etiam
2472 5210 2733 5261 montem
2766 5209 2825 5260 et
2853 5202 3223 5275 Calliopolim

2004 5298 2178 5351 antea
2209 5299 2407 5352 noster
2438 5296 2591 5353 bello
2620 5296 3068 5368 Caesar-ceperat
3100 5312 3114 5355 :

2004 5387 2289 5459 oppidum
2324 5404 2561 5462 quoque
2598 5388 2668 5445 ad
2703 5387 2924 5445 montis
2954 5387 3160 5459 pedem
3196 5388 3490 5445 struxerat
3522 5402 3535 5441 :

2006 5476 2273 5551 ﬁnesque
2304 5478 2540 5552 imperii
2573 5479 2821 5553 protulit
2850 5478 3153 5536 Maritzam
3181 5493 3398 5550 usque;

2006 5613 2426 5686 prerogativis.

2080 5688 2192 5755 (82)
2226 5684 2343 5743 Hoc
2375 5702 2590 5743 nomen
2616 5702 2767 5743 vers.
2788 5684 2931 5740 7987
2964 5683 3197 5741 eﬂ'ertur
3228 5683 3515 5757 singulari
3549 5699 3665 5741 nu-

245 5752 609 5810 con’didisset
638 5752 711 5808 ds
740 5752 1155 5825 episcoporum
1190 5752 1576 5825 Bulgarorum
1624 5752 1781 5810 inter
1835 5770 1899 5811 se
2012 5752 2191 5814 mero.
