4190 6448
616 404 723 458 303
1833 403 2202 457 ΕΡΗΒΕΜΙΙ
2239 402 2271 455 C

1833 403 2202 457 ΕΡΗΒΕΜΙΙ
2239 401 2684 457 CHRONOGRA
2692 403 2810 457 PHI

620 543 820 584 verum
853 508 1117 598 regiones
1144 525 1400 597 reliquas
1434 526 1500 581 ad
1534 527 1769 581 boream
1804 527 1951 581 sitas

624 634 720 672 rex
750 616 1132 683 Bulgarorum
1166 618 1277 671 sibi
1310 617 1645 671 vindicavit.

622 710 771 771 Quin
805 710 947 764 adeo
980 708 1299 781 Byzantina
1330 725 1516 779 usque
1547 709 1616 763 ad
1652 709 1868 763 moenia

625 816 758 854 cum
790 800 972 853 armis
1002 798 1175 853 ambo
1209 815 1373 869 reges
1404 798 1970 869 appropinquarunt,

626 889 980 943 incutientes
1015 890 1231 942 mirum
1263 888 1482 943 Latinis
1516 894 1736 942 metum
1776 905 1787 942 :

627 993 824 1031 verum
860 977 1113 1031 instante
1145 976 1332 1032 hieme
1366 995 1461 1031 rex
1494 982 1738 1049 uterque

626 1065 684 1119 in
714 1082 887 1120 suum
924 1081 1183 1121 reversus
1215 1072 1303 1120 est
1333 1066 1540 1120 deinde
1572 1066 1907 1137 imperium.

625 1155 754 1211 Jam
784 1146 1126 1211 Theodorus
1157 1156 1529 1225 imperatoris
1563 1156 1718 1211 ﬁlius

625 1248 895 1318 impubes
927 1247 1117 1301 adhuc
1146 1253 1460 1316 teneraque
1488 1252 1671 1301 atate.

624 1352 963 1406 quanquam
998 1334 1197 1405 puella:
1232 1336 1490 1389 nondum
1524 1335 1769 1389 idoneus
1801 1340 1944 1400 erat,

623 1426 1028 1481 diversabatur
1056 1431 1253 1479 tamen
1287 1440 1415 1479 cum
1447 1442 1667 1495 eponsa
1707 1424 1923 1480 Helena

623 1514 777 1585 apud
808 1513 1063 1584 reginam
1098 1519 1345 1568 matrem
1380 1514 1869 1568 amantissimam.

623 1605 731 1659 Sed
763 1605 917 1659 enim
952 1610 1127 1673 Asan,
1163 1611 1225 1659 ut
1257 1606 1491 1658 credere
1525 1622 1627 1675 par
1659 1610 1802 1673 erat,

622 1700 795 1767 gestae
827 1712 957 1750 cum
993 1700 1191 1750 nostro
1224 1698 1442 1749 Caesare
1476 1695 1552 1749 rei
1590 1695 1898 1766 pcenitens,

626 1786 807 1841 misso
840 1785 1053 1857 legato,
1090 1786 1359 1856 precibus
1392 1784 1698 1839 iallacibus

623 1875 695 1929 ad
731 1892 792 1930 se
826 1874 1023 1930 reduci
1057 1875 1223 1945 petiit
1255 1874 1437 1929 tiliam
1466 1891 1658 1941 suam,

625 1968 688 2017 ut
719 1965 847 2034 ejus
878 1962 1133 2033 alloquio
1164 1968 1220 2017 et
1250 1962 1373 2017 visu
1402 1964 1714 2030 frueretur,

622 2054 813 2126 quoad
843 2058 1173 2108 versaretur
1204 2053 1261 2107 in
1297 2052 1570 2107 Hadriani
1599 2053 1741 2107 urbe

621 2144 867 2214 conjuge
895 2159 1027 2197 cum
1058 2142 1269 2198 dilecta
1295 2146 1351 2197 et
1383 2158 1515 2196 cum
1547 2143 1797 2197 exercitu
1829 2160 1842 2209 ;

618 2233 689 2287 ad
724 2249 1007 2304 sponsum
1037 2248 1207 2287 suum
1243 2236 1445 2302 postea
1475 2248 1860 2286 reversuram.

622 2323 805 2393 Igitur
831 2322 1071 2377 missam
1106 2321 1284 2376 filiam
1321 2336 1533 2393 parens
1568 2321 1826 2393 perﬁdus

620 2411 777 2467 haud
801 2414 922 2482 jam
960 2412 1204 2477 remisit,
1239 2410 1657 2481 lacrymantem
1691 2411 1844 2477 licet,

622 2519 811 2575 neque
844 2504 1201 2575 promissum
1236 2503 1488 2557 reditum
1523 2504 1811 2557 concessit
1844 2519 1856 2557 :

622 2611 825 2651 verum
857 2610 989 2649 cum
1019 2594 1147 2663 ipsa
1178 2593 1323 2648 abiit
1354 2593 1411 2647 in
1446 2593 1709 2648 Moesiam
1737 2612 1752 2657 ;

620 2687 867 2741 comites
897 2689 1122 2739 tantum
1149 2690 1299 2739 retro
1323 2684 1506 2754 jussit
1535 2685 1653 2737 ced.
1686 2702 1757 2738 η

622 2777 754 2833 Mox
782 2774 1008 2831 inﬁnita
1040 2774 1389 2847 Scytharum
1421 2773 1731 2829 multitudo

621 2866 769 2921 Istro
799 2866 1044 2936 trajecto
1076 2880 1209 2919 cum
1246 2862 1479 2918 feminis
1510 2879 1576 2918 ac
1608 2862 1828 2932 liberis,

620 2955 800 3010 invito
834 2960 1039 3023 Asane,
1074 2970 1177 3025 per
1204 2953 1434 3008 fEmum
1469 2961 1641 3023 atque
1674 2954 1989 3027 Rhodopen

618 3044 806 3100 etfusa
838 3049 927 3100 est
958 3044 1015 3099 in
1048 3060 1255 3115 agrum
1292 3043 1662 3110 Macedonia},

617 3152 751 3191 cum
785 3135 1057 3191 universa
1088 3134 1340 3190 Thracia
1373 3136 1526 3190 hunc
1557 3135 1920 3207 depopulans
1956 3154 1970 3193 :

615 3228 944 3299 fEnumque
977 3243 1165 3297 usque
1197 3232 1587 3298 pervenerunt
1619 3227 1817 3283 urbem

616 3324 789 3388 atque
818 3319 887 3372 ad
922 3317 1194 3373 occiduas
1226 3316 1362 3371 item
1398 3321 1591 3386 partes
1616 3317 1837 3389 Scytha:
1874 3335 1885 3373 :

615 3425 861 3481 quorum
898 3407 995 3463 alii
1028 3407 1227 3463 liberis
1259 3406 1623 3478 vagabantur
1654 3407 1929 3464 tribubus

616 3516 733 3573 qua
765 3516 826 3556 se
856 3499 1075 3554 flumen
1108 3498 1333 3553 Hebrus
1364 3498 1421 3551 in
1456 3514 1617 3553 mare
1648 3504 1959 3567 exonerat;

615 3594 714 3648 olii
740 3590 1041 3662 occupatis
1073 3588 1291 3644 villulis
1324 3589 1599 3660 utrinque

618 3688 677 3742 in
701 3686 880 3755 hujus
912 3682 1056 3737 hora
1085 3681 1398 3737 stationem
1432 3681 1698 3746 ﬁxerant,

613 3781 670 3833 et
701 3792 803 3847 per
832 3773 1135 3846 planitiem
1166 3771 1405 3842 locaque
1432 3770 1764 3840 maritima;

610 3867 766 3922 unde
797 3867 1037 3921 ruentes
1066 3861 1277 3933 praedis
1311 3858 1697 3927 indulgebant

605 3956 747 4011 urbe
779 3952 1085 4025 capiendo,
1124 3967 1301 4022 pagos
1328 3955 1644 4019 exurendo,

598 4043 865 4117 Scythica
897 4041 1116 4112 ubique
1148 4041 1296 4094 facta
1324 4038 1661 4095 solitudine.

595 4133 860 4203 Denique
892 4131 1179 4201 captivam
1212 4129 1445 4184 turbam
1476 4129 1535 4184 in
1569 4130 1784 4186 Graacis
1818 4130 2067 4188 urbibus

592 4224 776 4280 hasta:
805 4220 1171 4293 suppositam
1207 4220 1451 4292 pecunia
1482 4221 1941 4277 commutabant.

588 4316 692 4369 Ast
726 4311 1000 4368 Italorum
1028 4310 1344 4381 impudens
1374 4326 1517 4381 gens
1551 4310 1851 4383 fcedifraga

588 4402 809 4473 ingenti
844 4401 1125 4454 adversus
1158 4404 1392 4454 nostros
1425 4399 1509 4453 ira
1542 4404 1867 4456 exaestuans

586 4492 658 4546 ob
690 4490 940 4544 inflictas
972 4505 1005 4543 a
1035 4491 1254 4543 Caesare
1284 4487 1479 4543 clades
1510 4489 1723 4555 varias,

583 4597 718 4635 cum
749 4579 979 4652 Scythis
1010 4584 1067 4633 et
1099 4582 1285 4634 Asane
1316 4579 1503 4634 fcedus
1535 4580 1793 4651 pepigit;

581 4675 638 4723 et
671 4670 753 4723 sic
786 4684 919 4723 cum
954 4666 1136 4722 armis
1168 4666 1454 4735 Scythicis
1482 4673 1538 4722 et
1564 4667 1886 4739 Bulgaricis

579 4764 783 4815 contra
814 4764 1145 4815 Romanum
1181 4760 1464 4813 Caesarem
1498 4758 1814 4814 commovit
1844 4759 2086 4817 bellum.

576 4854 724 4921 Ergo
757 4852 1135 4904 accesserunt
1165 4848 1235 4903 ad
1268 4847 1505 4903 Tzuruli
1538 4866 1747 4915 arcem,

574 4945 749 5011 atque
779 4939 931 4994 hanc
955 4938 1247 4993 machinis
1276 4938 1537 5009 undique
1569 4940 1873 5011 cingentes

571 5031 824 5085 summis
857 5028 1283 5100 oppugnabant
1314 5028 1539 5083 connisi
1572 5027 1818 5096 viribus,

566 5119 779 5189 jaculis
811 5135 879 5173 ex
911 5120 1156 5173 adverso
1189 5116 1464 5188 saxisque
1486 5118 1687 5187 jactis,

568 5214 745 5279 atque
773 5208 1085 5263 tormentis
1119 5222 1319 5261 muros
1343 5206 1727 5262 suﬂ'odientes

565 5298 712 5353 nihil
744 5297 969 5354 excidio
1001 5296 1277 5352 idoneum
1303 5297 1675 5352 omittebant.

562 5392 777 5442 Verum
811 5402 1017 5442 omnes
1045 5386 1354 5455 machinae,
1384 5403 1576 5457 arcus,
1616 5385 1727 5443 tela

558 5478 617 5531 in
650 5477 884 5531 irritum
917 5475 1232 5546 lusumque
1266 5474 1627 5530 recidebant.

550 5566 689 5621 Erat
722 5566 879 5622 enim
915 5565 1069 5621 arcis
1099 5581 1312 5636 praeses
1344 5565 1579 5636 duxque
1610 5564 1744 5620 belli

550 5655 919 5727 Nicephorus
949 5659 1007 5711 et
1037 5654 1277 5709 nomine
1300 5658 1357 5710 et
1389 5654 1557 5710 factis
1588 5654 1772 5710 victor

549 5744 1080 5801 Tarchaniotarum
1112 5742 1348 5815 genitus
1380 5742 1625 5811 familia,

2294 528 2352 592 Α
2378 524 2520 579 8200
2558 526 2639 580 Τὰ
2664 521 2711 582 δ’
2739 523 2804 578 αὖ
2834 527 2950 579 κατ’
2976 523 3170 597 ἄρκτον
3203 524 3629 601 προσνενευκότα
3666 526 3805 599 μέρη

2567 613 2918 687 κληρουχίαν
2954 612 3146 691 ε’ίληφε
3176 614 3504 689 Βουλγάρων
3539 613 3683 683 ἅναξ.

2555 703 2656 756 Καὶ
2687 703 2851 776 μέχρι
2885 699 2929 756 δ’
2962 702 3136 757 αὐτῶν
3163 705 3392 777 τειχέων
3421 701 3741 771 Βυζαντίδος

2557 796 2815 852 ’Ἄνακτες
2849 790 3013 867 ἄμφω
3043 790 3511 867 προσπελάζουσιν
3541 792 3755 861 ὅπλοις,

2559 879 2655 932 Καὶ
2687 880 2877 935 πτοίαν
2911 878 3025 935 οἵαν
3047 880 3311 945 έντιθοῦσι
3343 881 3593 942 Λατίνοις
3630 901 3643 912 ’

2377 968 2518 1023 8205
2555 968 2837 1045 Ἑκάτερος
2868 968 2912 1024 δ’
2940 966 3123 1025 ἔπειτα
3153 976 3257 1025 τῶν
3292 970 3557 1045 βασιλέων

2553 1060 2844 1134 Χειμῶνος
2878 1058 3197 1133 ὑπέστρεψεν
3233 1058 3308 1121 εἷς
3339 1060 3695 1135 κραταρχίαν.

2552 1146 2613 1202 Ὁ
2647 1142 2742 1219 μέν
2770 1168 2830 1222 γε
2860 1145 3139 1221 Θεόδωρος
3172 1150 3397 1208 ἄνακτος
3425 1148 3586 1224 γόνος

2553 1231 2800 1305 ’Ἃνηϐυς
2833 1232 2907 1291 ὥν
2939 1259 3023 1300 τις
3056 1238 3143 1291 καὶ
3174 1239 3440 1301 νεώτατος
3466 1238 3642 1314 φύσει,

2494 1364 2499 1367 -
2556 1324 2612 1379 Et
2643 1327 2731 1380 καὶ
2764 1326 2949 1395 συνήει
2983 1326 3255 1402 μηδαμῶς
3286 1350 3348 1404 γε
3374 1334 3443 1404 τῇ
3470 1330 3625 1405 κόρῃ,

2373 1424 2514 1478 8210
2554 1422 2706 1492 [Ιλῆν
2735 1423 2862 1479 ἀλλ’
2892 1426 3095 1495 ἀνῆκτο
3127 1426 3219 1480 σὺν
3252 1427 3442 1501 Ἑλένῃ
3477 1426 3691 1502 συζύγῳ

2554 1513 2695 1585 Πρὸς
2730 1511 3011 1586 βασιλίδος
3042 1516 3283 1587 εὐμενῶς
3317 1515 3668 1592 φιλοφρόνως
3699 1536 3710 1548 ·

2553 1601 2966 1673 Μεταμεληθεὶς
2997 1600 3045 1657 δ’
3067 1604 3142 1665 ὡς
3175 1604 3300 1673 ἐνῆν
3332 1606 3641 1678 ἀπεικάσαι,

2555 1691 2669 1764 Ἐφ’
2700 1693 2782 1752 οἷς
2815 1692 2974 1745 Ἀσὰν
3006 1689 3229 1767 δέδρακε
3259 1696 3395 1769 πρὸς
3427 1694 3676 1770 βασιλέα,

2554 1779 2780 1843 Στείλας
2806 1781 2943 1853 πρὸς
2972 1781 3131 1836 αὐτὸν
3161 1782 3448 1858 ἐκλιπαρεῖ
3476 1783 3567 1838 σὺν
3602 1781 3752 1855 δόλῳ

2292 1890 2341 1954 Β
2372 1870 2512 1923 8215
2549 1869 2713 1940 Αὐτῷ
2743 1868 3007 1939 σταλῆναι
3037 1873 3136 1940 τὴν
3170 1869 3339 1947 φίλην
3371 1872 3633 1948 θυγατέρα

2551 1958 2910 2031 ίΙροσρήσεώς
2938 1980 2995 2013 τε
3023 1960 3111 2014 καὶ
3144 1958 3312 2036 φίλης
3344 1963 3465 2024 θέας
3498 1965 3658 2038 χάριν

2550 2047 2634 2100 Ἐν
2668 2044 2989 2123 Ἀνδριανοῦ
3017 2052 3085 2122 τῇ
3113 2048 3272 2104 πόλει
3304 2052 3656 2124 σκηνουμένῳ

2549 2135 2703 2191 Μετὰ
2732 2142 2982 2210 στρατιᾶς
3013 2138 3103 2192 καὶ
3136 2140 3387 2193 συνεύνου
3419 2139 3711 2217 φιλτάτης,

2552 2224 2709 2280 Μετά
2743 2222 2788 2277 δ’
2821 2224 3105 2294 ἐπανήκειν
3134 2248 3194 2303 γε
3223 2230 3360 2302 πρὸς
3383 2230 3474 2282 τὸν
3506 2232 3773 2303 γαμέτην.

2370 2324 2512 2378 8220
2552 2320 2849 2377 Σταλεῖσαν
2882 2326 3076 2379 οὐκοῦν
3108 2322 3437 2399 προσλαϐὼν
3466 2330 3807 2405 φυτοσπόρος

2551 2410 2761 2468 Οὔκουν
2799 2416 3001 2484 μεθῆκε
3030 2415 3118 2469 καὶ
3152 2412 3486 2489 δακρύουσαν
3521 2418 3670 2489 μάλα

2554 2500 3008 2575 Ἐπαναδραμεῖν,
3043 2504 3117 2566 ὡς
3151 2505 3465 2581 ὑπόσχεσις,
3496 2506 3660 2562 πάλιν
3693 2526 3707 2539 ·

2554 2590 2727 2647 Ἀλλὰ
2758 2591 2850 2646 σὺν
2879 2592 3013 2665 αὐτῇ
3046 2594 3181 2667 πρὸς
3218 2594 3434 2657 Μυσοὺς
3461 2596 3778 2672 ἀποτρέχει,

2554 2684 2747 2745 Μεθεὶς
2779 2682 3016 2745 ὀπαδοὺς
3047 2684 3186 2739 ἱέναι
3217 2684 3627 2761 παλινδρόμους
3661 2706 3674 2719 ·

2375 2773 2517 2827 8225
2549 2773 2677 2827 Εἶτα
2708 2774 2973 2828 Σκυθικὸν
3008 2777 3375 2851 μυριάριθμον
3414 2776 3593 2855 πίφος

2553 2862 2761 2935 Ἴστρον
2796 2864 3033 2937 περάσαν
3065 2863 3159 2918 σὺν
3190 2866 3399 2937 γυναιξί
3429 2866 3517 2920 καὶ
3546 2865 3776 2933 τέκνοις,

2553 2956 2821 3017 νΑκοντος
2851 2955 3038 3021 Ἀσὰν,
3070 2953 3141 3009 δι’
3168 2955 3347 3028 ΑἿμου
3372 2958 3460 3011 καὶ
3494 2954 3762 3029 Ῥοδόπης

2553 3039 2741 3111 Χύδην
2776 3041 2981 3111 ἐπῆλθε
3014 3042 3349 3107 Μακεδονίας
3379 3047 3594 3117 τόποις,

2555 3134 2652 3184 Καὶ
2683 3129 2838 3200 τήνδ’
2869 3130 3162 3202 ἐληίσαντό
3191 3133 3282 3187 σὺν
3318 3136 3460 3207 πάσῃ
3490 3136 3691 3210 Θρᾴκῃ,

2293 3258 2336 3325 C
2373 3220 2517 3275 8230
2555 3219 2647 3283 Εἷς
2682 3220 2829 3276 Αἶνον
2862 3220 3027 3289 αὐτὴν
3060 3222 3391 3300 πεφθακότες
3419 3226 3518 3293 τήν
3551 3224 3735 3294 πόλιν,

2554 3309 2652 3363 Καὶ
2677 3308 2743 3363 τὰ
2772 3310 2906 3383 πρὸς
2936 3309 3160 3383 ἑσπέρας
3192 3332 3255 3384 γε
3284 3311 3502 3367 νεύοντα
3538 3315 3673 3389 μέρη
3713 3335 3725 3345 ·

2551 3401 2643 3453 Ὧν
2671 3400 2722 3452 οἳ
2756 3399 2849 3470 μὲν
2877 3400 3029 3473 εἶχον
3061 3400 3156 3462 τὰς
3186 3401 3359 3473 νομὰς
3389 3400 3696 3478 ἐλευθέρας,

2554 3487 2696 3541 Κατᾶ
2726 3489 2976 3560 ποταμὸν
3013 3490 3181 3563 Εὗρον
3216 3489 3628 3564 ὠνομασμένον,

2549 3577 2644 3639 Ὃς
2674 3571 2908 3640 ἐκϐολὰς
2936 3576 3148 3648 τίθησιν
3182 3578 3257 3641 εἷς
3288 3581 3648 3659 ’Λμφιτρίτην
3681 3601 3694 3614 ·

2368 3676 2510 3732 8235
2548 3676 2616 3733 Οἱ
2649 3672 2696 3729 δ’
2726 3674 2791 3730 αὖ
2817 3675 3166 3745 ἐνηυλίζοντο
3198 3676 3356 3733 τοῦδε
3380 3680 3632 3755 χωρίοις,

2546 3767 2658 3823 Κάν
2680 3772 2799 3830 τοῖς
2827 3765 3035 3829 πεδίοις
3067 3768 3155 3822 καὶ
3187 3768 3378 3832 τόποις
3410 3768 3723 3846 παραλίοις,

2546 3858 2660 3933 Ἐφ’
2691 3858 2762 3910 ὧν
2797 3854 3011 3929 ἐδῄουν,
3045 3856 3332 3913 ἐσκύλευον
3365 3859 3430 3913 τὰ
3460 3861 3633 3935 πέριξ,

2539 3947 2831 4019 Αἱροῦντες
2863 3945 3019 4017 ἄστη,
3054 3948 3463 4021 πυρπολοῦντες
3493 3950 3693 4025 χωρία,

2537 4036 2635 4089 Καὶ
2665 4035 2837 4089 πάντα
2866 4034 3094 4109 δρῶντες
3131 4039 3401 4107 Σκυθικὴν
3437 4038 3670 4113 ἐρημίαν
3702 4059 3719 4075 ο

2353 4126 2497 4180 8240
2535 4124 2672 4186 Τοὺς
2705 4123 2753 4179 δ’
2782 4122 3178 4199 αἰχμαλώτους
3212 4127 3285 4188 εἰς
3315 4127 3508 4191 πόλεις
3535 4130 3629 4189 τὰς
3658 4131 3936 4188 Αὐσόνων

2529 4214 2850 4278 Πωλοῦντες
2880 4216 3016 4291 ἦγον
3048 4216 3290 4291 ἀργύρου
3320 4220 3407 4273 καὶ
3443 4220 3697 4294 χρυσίου.

2530 4306 2605 4360 Τὸ
2638 4303 2685 4360 δ’
2714 4303 2936 4360 Ἰταλῶν
2970 4304 3294 4377 ἔκσπονδον,
3330 4306 3543 4372 ἀναιδὲς
3570 4313 3724 4384 γένος

2530 4396 2655 4449 Κατ’
2683 4395 2940 4449 Αὐσόνων
2979 4395 3139 4468 μῆνίν
3171 4416 3229 4450 τε
3256 4398 3343 4451 καὶ
3377 4397 3552 4472 χόλον
3592 4399 3784 4478 τρέφον

2528 4484 2641 4561 Ἐφ’
2665 4486 2748 4545 οἷς
2778 4485 2958 4544 κακῶς
2991 4483 3254 4549 πέπονθεν
3288 4485 3347 4540 ἐκ
3381 4486 3675 4561 βασιλέως,

2345 4582 2487 4638 8245
2528 4580 2803 4648 Συνῆλθεν
2838 4581 2999 4638 Ἀσὰν
3024 4582 3112 4636 καὶ
3147 4584 3379 4645 Σκύθαις
3411 4584 3487 4646 εἷς
3514 4580 3814 4658 συμϐάσεις
3856 4609 3874 4621 ·

2523 4670 2627 4727 Καὶ
2662 4670 2753 4724 σὺν
2788 4676 3011 4745 στρατιᾷ
3044 4675 3283 4745 Σκυθικῇ
3315 4674 3405 4727 καὶ
3438 4674 3770 4751 Βουλγάρων

2524 4765 2642 4819 Ἐπ’
2671 4763 2832 4817 αὐτὸν
2865 4764 3010 4836 ὁρμᾷ
3040 4765 3131 4817 τὸν
3160 4766 3479 4840 κρατάρχην
3511 4767 3791 4827 Αὐσόνων.

2518 4853 2605 4914 Ὠς
2640 4849 2687 4906 δ’
2716 4853 2851 4921 ἧκον
2884 4848 2986 4907 ἕνθ’
3017 4846 3196 4927 ἔρυμα
3224 4854 3580 4930 Τζουρούλου
3611 4855 3765 4913 πέλει

2519 4936 2914 5017 Περιλαϐόντες
2948 4948 3225 5017 μηχαναῖς
3253 4943 3449 5007 πάσαις
3477 4944 3622 5014 τόδε,

2338 5034 2480 5089 8250
2520 5034 2721 5107 Μάχην
2756 5030 2839 5085 ἐπ’
2869 5030 2998 5085 αὐτὸ
3029 5033 3291 5107 καρτερὰν
3326 5034 3701 5109 συνεκρότουν,

2514 5122 2721 5191 Τόξοις,
2756 5120 2934 5185 λίθοις
2970 5120 3271 5196 βάλλοντες
3305 5122 3357 5193 ἐξ
3398 5122 3667 5193 ἆναντίας,

2515 5211 2612 5266 Καὶ
2650 5216 2930 5285 μηχαναῖς
2960 5210 3252 5273 τύπτοντες
3281 5212 3443 5267 αὐτοῦ
3472 5214 3566 5275 τὰς
3593 5215 3805 5291 βάρεις,

2512 5301 2611 5354 Καὶ
2638 5302 2809 5354 πάντα
2842 5297 3076 5373 δρῶντες
3107 5299 3246 5354 ὥστε
3276 5309 3550 5378 πορθῆσαι
3578 5302 3723 5363 τόδε.

2512 5387 2671 5444 Ἀλλ’
2702 5390 2836 5458 ἦσαν
2872 5388 3054 5451 αὐτοῖς
3087 5391 3353 5465 μηχαναὶ,
3385 5392 3534 5465 τόξα,
3572 5393 3731 5470 βέλη,

2327 5482 2471 5537 8255
2508 5478 2701 5536 ’Έωλα
2730 5480 2901 5533 πάντα
2933 5478 3022 5533 καὶ
3056 5482 3230 5557 σαφὴς
3262 5479 3514 5557 ληρωδία
3547 5504 3558 5515 '

2506 5571 2566 5626 Ὁ
2596 5569 2695 5643 γὰρ
2725 5562 2831 5623 ἔσω
2857 5568 3211 5646 φρούραρχος
3242 5569 3278 5639 ἢ
3313 5572 3680 5647 πρατηγὲτης

2500 5657 2822 5736 Νικηφόρος
2850 5657 3044 5729 κλήσει
3070 5680 3129 5714 τε
3158 5658 3251 5714 καὶ
3278 5660 3503 5733 τρόποις
3522 5660 3698 5718 πλέον

2496 5753 2932 5824 Ταρχανιιωτῶν
2966 5748 3027 5804 lx
3056 5750 3248 5825 γένους
3280 5751 3645 5826 κατηγμένος,

2267 4633 2315 4695 D
