4250 6432
148 390 255 446 305

328 516 390 573 Ὀ
418 518 517 569 τοῦ
551 512 789 588 μεγάλου
820 510 1141 586 δομεστίκου
1171 512 1403 589 νυμφίος

147 606 292 660 8260
336 600 735 676 Παλαιολόγων
772 600 830 655 ἐκ
858 599 1038 677 φυλῆς
1068 598 1441 673 Ἀνδρονίκου,

331 692 427 752 Εἷς
456 688 815 763 πρωτόπαιδα
847 690 1057 765 Μαρίαν
1094 690 1380 763 Θυγατέρα,

333 783 449 848 Τῆς
485 778 761 855 βασιλείου
792 780 1065 851 τραπέζης
1098 776 1394 851 ὑπηρέτης,

334 869 485 924 Πετὰ
514 865 570 922 δὲ
602 865 923 940 δομέστικος
957 866 1137 944 ὀφθείς
1169 886 1251 927 τις
1289 863 1477 937 μέγας,

333 956 611 1029 Ἀνδρεῖος
641 957 799 1029 ἀνὴρ,
835 956 1047 1017 συνετὸς
1078 954 1169 1009 καὶ
1207 950 1485 1029 γεννάδας,

150 1060 297 1114 8265
336 1061 471 1112 Θεοῦ
500 1054 747 1131 Θεράπων
778 1055 1045 1129 νουνεχής
1072 1054 1117 1106 θ’
1152 1052 1449 1126 ὑπηρέτης,

334 1149 471 1208 Ταῖς
499 1144 777 1218 εὐτυχίαις
809 1143 900 1197 καὶ
941 1141 1293 1216 στρατηγίαις
1329 1140 1519 1212 μέγας·

330 1236 432 1296 "Oc
461 1240 580 1294 ταῖς
604 1236 721 1287 κατ’
750 1232 967 1308 ἐχθρῶν
998 1228 1362 1301 ἀναδούμενος
1392 1227 1590 1292 νίκαις,

334 1322 569 1399 Στερῤός
597 1342 679 1383 τις
711 1320 1018 1395 ἀντίμαχος
1047 1321 1113 1389 ἦν
1145 1318 1484 1377 άντιστάταις

332 1410 685 1488 Ἀποτρέπων
718 1410 1007 1484 φάλαγγας
1038 1409 1213 1463 αὐτῶν
1247 1405 1528 1481 εὐψύχως,

148 1504 292 1558 8270
330 1506 465 1557 Θεοῦ
494 1501 662 1564 σθένει
693 1521 752 1554 τε
780 1499 869 1554 καὶ
896 1498 1222 1573 στρατηγίας
1253 1497 1443 1571 τέχνῃ.

334 1590 523 1651 Οὕτως
552 1589 813 1665 ἐχόντων,
845 1589 919 1649 ὡς
948 1584 1105 1664 ἔφην,
1136 1591 1242 1639 τῶν
1274 1583 1633 1659 πραγμάτων,

336 1681 497 1736 Ἀσάν
522 1677 881 1734 τολυπεύοντι
909 1677 976 1731 τὰ
1000 1676 1137 1731 κατὰ
1167 1677 1377 1749 μάχην,

330 1767 684 1844 Ἀγγέλλεται
719 1769 944 1840 μήνυμα
978 1767 1168 1838 μεστὸν
1209 1763 1449 1835 πικρίας,

331 1859 424 1920 Ὧς
458 1857 683 1930 σύζυγός
716 1877 772 1911 τε
800 1856 889 1911 καὶ
921 1855 1013 1909 σὺν
1043 1855 1179 1927 αὐτῇ
1206 1851 1443 1917 παιδίον,

147 1950 293 2006 8375
329 1947 437 2004 Καὶ
468 1940 741 2021 Τρινόϐου
770 1942 1035 2020 πρόεδρος
1064 1942 1254 1998 αὐτίκα
1286 1938 1434 2014 μάλα

329 2039 588 2100 Τεθνᾶσιν
620 2033 731 2103 ἤδη
762 2035 853 2089 τὸν
890 2034 1007 2093 Βίον
1042 2031 1363 2091 λελοιπότες

330 2127 420 2187 Ὠς
453 2125 545 2179 οὗν
574 2125 723 2179 ταῦτ’
751 2124 1044 2192 ήνώτιστο,
1078 2119 1244 2181 λύσας
1273 2120 1373 2187 τὴν
1409 2117 1620 2192 μάχην,

329 2214 508 2278 Εὐθὺς
533 2212 841 2282 έπανέζευξε
869 2211 1005 2285 πρὸς
1031 2196 1131 2278 τῆν
1165 2208 1391 2277 Μυσίαν,

330 2304 467 2377 Πυρὶ
499 2299 781 2376 παραδοὺς
810 2300 1041 2373 τειχέων
1072 2296 1427 2373 καθαιρέσεις.

154 2405 299 2459 8280
338 2401 525 2459 Μόνον
559 2399 615 2455 δὶ
640 2398 813 2476 φῦλον
844 2396 1069 2452 Ἰταλῶν
1097 2395 1481 2469 λελειμμένον,

332 2492 435 2545 Καὶ
465 2491 611 2544 τοῦτ’
638 2489 951 2557 ἐπανέζευξε
978 2487 1115 2559 πρὸς
1142 2481 1461 2554 Βυζαντίδα,

335 2582 506 2635 "Actu
538 2577 799 2638 λελοιπὸς
829 2576 1025 2643 ἀσινὲς,
1062 2570 1276 2649 βλάϐης
1297 2570 1450 2647 δίχα.

336 2670 497 2725 Ἀσὰν
530 2666 587 2723 δὲ
617 2667 793 2730 συνεὶς
822 2668 1102 2742 συμφορᾶς
1136 2664 1233 2732 τὴν
1265 2662 1436 2717 αἰτίαν

336 2760 428 2821 Ὠς
458 2756 657 2819 ἔκτισις
688 2758 894 2829 πέφυκε
920 2761 1020 2823 τῆς
1051 2752 1331 2829 έφορκίας,

155 2850 303 2905 8285
346 2841 702 2921 Ηρεσϐεὐεται
730 2845 961 2918 τάχιστα
990 2842 1124 2915 πρὸς
1159 2838 1405 2915 βασιλέα,

338 2938 604 2993 Ἀνανεῶν
635 2932 806 3003 κῆδός
833 2954 892 2987 τε
922 2931 1011 2985 καὶ
1044 2924 1422 3002 συμϐιϐάσεις,

338 3029 409 3083 ’Ὰ
441 3022 665 3099 δέδρακε
692 3024 844 3097 πρὶν,
877 3022 1111 3091 ἠθέτησε
1141 3016 1187 3073 δ’
1220 3018 1472 3091 ὑστέρως.

338 3117 403 3173 Ὁ
436 3112 481 3169 δ’
513 3114 758 3187 ἀσμένως
788 3111 990 3180 ἤκουσε
1014 3103 1300 3183 πρεσϐείας
1334 3106 1557 3181 λόγους,

341 3205 443 3261 Καὶ
477 3200 757 3257 σπένδεται
791 3200 857 3270 δὴ
887 3198 1246 3274 συγγινώσκει
1276 3199 1324 3250 τ’
1355 3194 1418 3250 αὖ
1454 3195 1603 3268 μάλα

161 3298 308 3353 8290
347 3296 717 3351 Μετανοοῦντι
753 3287 1081 3364 Βουλγάρων
1111 3286 1413 3362 ἀρχηγέτῃ,

341 3386 457 3460 Ἐφ’
491 3384 573 3443 οἷς
604 3385 785 3443 κακῶς
813 3375 1034 3455 ἔπραξεν
1068 3376 1263 3453 ὅρκους
1296 3376 1553 3449 συγχέας·

339 3475 440 3534 Ὅς
472 3470 670 3527 λοιπὸν
702 3468 1020 3541 ἐκπέπομφε
1047 3467 1136 3520 καὶ
1169 3464 1451 3540 θυγατέρα,
1508 3506 1517 3515 .

342 3562 445 3617 Καὶ
480 3555 836 3633 συμϐιϐάσεις
868 3553 1098 3629 έμπεδοῖ
1122 3554 1211 3609 καὶ
1238 3552 1447 3631 φιλίαν,

343 3651 451 3708 Καὶ
480 3648 647 3705 πάλιν
684 3646 939 3703 Αὐσόνων
968 3665 1025 3699 τε
1058 3642 1377 3719 Βουλγάρων
1402 3643 1567 3714 μέσον

160 3744 309 3799 8295
345 3742 621 3814 Ὑπῆρχιν
655 3737 876 3811 εἰρήνης
900 3755 957 3789 τε
986 3734 1076 3788 καὶ
1110 3732 1299 3807 φιλίας
1329 3730 1512 3792 κλέος.

349 3828 745 3901 Ἐξαπορηθεὶς
767 3830 889 3886 τοῖς
922 3822 1080 3885 ὅλοις
1108 3819 1442 3883 Βαλδουῖνος

343 3921 435 3981 Ὧς
468 3914 779 3979 συνελαθεὶς
812 3914 888 3976 εἷς
920 3910 1082 3968 πόλιν
1115 3909 1476 3986 πανταχόθεν,

350 4010 495 4084 Πρὸς
526 4011 618 4061 τεῦ
647 4008 977 4079 κρατοῦντος
1008 4002 1262 4060 Αὐσόνων
1295 4000 1549 4057 Ἰωάννου

352 4099 497 4170 Πρὸς
526 4097 667 4173 ῥῆγα
696 4096 966 4170 Φράγγων
1000 4091 1052 4147 ἐν
1082 4093 1329 4166 τριήρεσι
1360 4090 1538 4158 πΑέει,

164 4202 314 4258 8300
354 4196 453 4251 Καὶ
479 4194 833 4269 συμμαχικὸν
864 4185 1192 4265 προσλαϐὼν
1226 4187 1483 4244 πλεῖστον
1523 4186 1691 4262 μάλα,

352 4287 457 4344 Καὶ
488 4281 768 4343 διοδεύσας
798 4278 1056 4347 Γαλλίας,
1085 4277 1343 4346 Ἰταλίαν,

352 4375 446 4439 Εἷς
477 4374 717 4429 ΙΙαιόνων
751 4366 946 4449 ἔφθασε
976 4367 1211 4443 λιπαρὰν
1245 4366 1432 4442 χθόνα·

353 4468 474 4542 Ἀφ’
507 4462 569 4518 οὗ
598 4463 833 4537 περάσας
862 4461 953 4515 τὸν
990 4455 1281 4533 βαθυδίνην
1307 4460 1538 4532 Ἴστρον,

351 4554 636 4630 Προσέσχε
664 4553 865 4608 Μυσῶν
894 4554 1014 4610 τοῖς
1043 4549 1425 4622 ἀποκρήμνοις
1456 4545 1671 4614 τόποις,

170 4650 316 4704 8305
353 4643 425 4703 ΟΊ
452 4644 545 4698 καὶ
576 4641 851 4716 παρέσχον
887 4634 1071 4693 δίοδον
1098 4642 1216 4699 τοῖς
1244 4636 1517 4703 Λατίνοις,

354 4733 461 4789 Τὰς
497 4731 633 4807 πρὸς
663 4732 963 4802 κρατοῦντα
992 4723 1228 4790 σπονδὰς
1262 4724 1611 4795 ἠθετηκότες.

351 4822 522 4881 Εἶλον
556 4818 602 4876 δ’
633 4818 833 4877 Ἰταλοὶ
867 4817 955 4873 καὶ
984 4812 1333 4891 Τζουρουλὸν
1364 4819 1442 4886 τῷ
1468 4816 1591 4870 τότε

355 4910 572 4975 Σκύθας
600 4908 821 4985 ἔχοντες
854 4905 1186 4986 συμμάχους
1214 4904 1573 4980 παριστρίους

350 5005 464 5058 Τοῦ
495 4995 811 5073 ῐῐετραλίφα
840 4997 975 5068 πρὸς
1006 4992 1256 5073 φυλακὴν
1284 4992 1568 5071 φρουρίου,
1611 5042 1617 5047 .

172 5104 317 5159 8310
356 5102 645 5161 Ἒνκοσθεν
677 5092 831 5157 ὄντος
861 5094 1113 5168 εὐγενοῦς
1144 5090 1529 5165 στρατηγέτου.

352 5187 516 5257 "mag
542 5183 590 5241 δ’
620 5184 861 5241 ἐπελθὼν
890 5179 1257 5255 Νικομηδείας
1283 5180 1477 5243 τόποις

359 5282 437 5335 Δι’
474 5275 813 5353 ὑγσοχέρσου
844 5279 1095 5347 στρατιᾶς
1129 5267 1442 5348 ῥωμαλέας,

356 5364 667 5439 Δακιϐύζης
698 5366 959 5442 φρούριον
993 5366 1103 5420 εἷλε
1128 5366 1198 5437 τῇ
1232 5365 1414 5437 μάχῃ,

357 5459 578 5537 ’Έρυμά
600 5461 646 5514 τ’
679 5455 805 5513 ἄλλ’
834 5455 881 5529 ᾦ
910 5454 1110 5524 κλῆσις
1135 5453 1485 5524 Νικητιάτου.

179 5557 324 5613 8315
363 5553 461 5609 Καὶ
496 5551 644 5607 λείαν
677 5547 928 5619 ἀπήλασε
957 5544 1171 5615 πλῆθος
1201 5542 1479 5621 λαφύρων.

362 5644 608 5706 Πέπονθε
638 5638 685 5696 δ’
716 5637 907 5703 ἄλλως
934 5636 987 5692 ἐν
1023 5635 1208 5708 στόλῳ
1240 5634 1549 5711 δυστυχίαψ

357 5738 472 5793 Τοῦ
500 5734 605 5809 γὰρ
639 5730 917 5811 Κοντοφρὶ
948 5727 1219 5798 Μανουὴλ
1250 5726 1590 5801 κεκλημένου

1681 379 2039 437 ΟΒΒΔΒΒΘ.

1824 507 1878 572 Α
1909 502 2009 574 qui
2039 501 2346 557 domestici
2379 500 2575 572 magni
2608 516 2785 571 gener
2814 502 2939 554 erat

1912 591 2227 647 Andronici
2259 594 2431 662 gente
2462 588 2765 659 Palaeologi
2779 630 2791 648 ,

1914 681 2085 751 cujus
2118 680 2407 735 seniorem
2447 678 2627 732 filiam
2660 675 2899 730 Mariam
2932 676 3193 742 duxerat,

1915 779 2073 834 Idem
2106 784 2162 833 et
2195 778 2363 847 regia:
2397 792 2611 831 mensa:
2648 775 2925 846 pincerna
2955 778 3106 839 erat;

1917 884 2049 923 mox
2079 874 2135 923 et
2165 883 2416 937 magnus
2447 865 2801 919 domesticus
2835 863 2943 916 fuit
2973 866 3201 916 creatus
3238 878 3250 915 :

1914 958 2001 1011 vir
2030 974 2169 1012 sane
2200 957 2386 1025 fortis,
2419 955 2675 1026 prudens
2702 959 2757 1007 et
2789 953 3224 1022 magnanimus,

1915 1047 2232 1101 admodum
2269 1044 2578 1115 religiosus
2605 1042 2701 1097 Dei
2740 1040 3021 1105 famulus,

1916 1136 2149 1190 fortuna
2178 1139 2234 1189 et
2265 1133 2439 1187 rebus
2470 1130 2695 1187 bellicis
2728 1128 3063 1200 praeclarus.

1916 1226 2018 1280 Hic
2048 1224 2121 1280 ob
2154 1223 2365 1279 relatas
2399 1220 2610 1276 nobilis
2642 1217 2936 1286 victorias,

1916 1314 2185 1369 hostibus
2215 1315 2338 1367 erat
2371 1311 2575 1363 firmus
2607 1306 2998 1370 adversarius,

1913 1418 2163 1475 quorum
2199 1398 2516 1472 phalanges
2550 1395 2864 1465 repellebat
2894 1394 3120 1449 fortiter

1913 1493 2106 1548 divino
2139 1490 2351 1545 auxilio
2384 1489 2565 1541 fretus
2595 1491 2651 1539 et
2676 1490 2797 1539 arte
2829 1482 3052 1538 bellica.

1913 1582 2057 1636 Ecce
2088 1585 2283 1634 autem
2317 1576 2490 1631 rebus
2523 1575 2602 1628 ita
2630 1590 2692 1629 se
2724 1570 3078 1627 habentibus

1913 1670 2111 1735 Asani,
2147 1672 2211 1722 ut
2240 1667 2379 1732 dixi,
2416 1665 2482 1718 ad
2522 1662 2735 1719 bellum
2775 1661 3132 1716 incumbenti

1914 1759 2156 1815 nuntius
2184 1755 2339 1810 venit
2371 1753 2581 1825 plenus
2611 1751 2877 1807 amaritie

1831 1872 1878 1936 B
1914 1849 2067 1921 quod
2103 1848 2230 1915 ejus
2261 1843 2436 1899 simul
2470 1859 2613 1896 uxor
2641 1857 2707 1895 ac
2744 1839 2978 1906 liliolus,

1908 1943 2085 2007 atque
2117 1930 2497 2004 archiprzesul
2528 1929 2799 1995 Ternobi,
2834 1934 3070 1998 repente

1904 2026 2082 2080 vitam
2114 2040 2245 2080 cum
2279 2026 2465 2077 morte
2497 2035 2680 2089 nuper
2709 2022 3235 2072 commutaverunt.

1908 2125 2131 2191 Quibus
2165 2122 2257 2179 ille
2288 2120 2529 2187 auditis,
2562 2116 2781 2173 omisso
2813 2115 2985 2183 bello,

1909 2212 2110 2270 statim
2143 2213 2202 2267 in
2233 2209 2492 2266 Mmsiam
2528 2205 2844 2261 maturavit
2874 2204 3147 2271 reditum,

1911 2305 2041 2369 iane
2072 2299 2438 2370 consumptis
2468 2295 2692 2353 bellicis
2722 2294 3051 2350 tormentis.

1912 2394 2077 2448 Tunc
2109 2399 2162 2445 et
2194 2388 2397 2446 Latins
2425 2384 2701 2442 derelicta
2734 2382 2989 2454 phalanx
3036 2421 3047 2433 .

1914 2482 2254 2555 Byzantium
2286 2477 2400 2533 sibi
2432 2475 2797 2530 redeundum
2828 2472 3081 2539 censuit,

1915 2577 1973 2626 et
2002 2570 2086 2625 sic
2110 2566 2399 2623 'l‘zurulus
2431 2563 2685 2635 perstitit
2708 2560 3045 2616 incolumis.

1916 2660 2084 2716 Tunc
2116 2672 2249 2712 vero
2275 2658 2497 2723 Asanes
2528 2649 2915 2707 infortunium
2949 2665 3123 2705 suum

1912 2751 2135 2821 justam
2171 2744 2411 2818 perjurii
2445 2756 2673 2814 pmnam
2703 2754 2832 2795 esse
2864 2738 3220 2810 intelligens,

1922 2838 2186 2910 protinus
2219 2834 2381 2889 misit
2409 2832 2477 2889 ad
2514 2833 2795 2886 Caesarem
2830 2828 3054 2898 legatos

1923 2941 2123 2998 pacem
2158 2926 2496 2978 instaurans
2527 2923 2584 2973 et
2613 2916 2979 2983 affinitatem,

1925 3032 2099 3089 quam
2133 3014 2270 3071 olim
2305 3014 2356 3069 is
2386 3009 2769 3081 compositam
2804 3023 2936 3062 mox
2978 3007 3313 3061 resciderat.

1924 3113 2110 3165 Caesar
2140 3106 2389 3160 libenter
2416 3098 2769 3171 legationem
2801 3095 3009 3162 audiit,

1930 3199 2228 3268 faedusque
2259 3190 2575 3255 renovavit,
2606 3192 2662 3243 et
2690 3186 2921 3242 veniam
2953 3184 3165 3240 obtulit

1932 3282 2301 3357 resipiscenti
2333 3278 2717 3351 Bulgarorum
2750 3275 2871 3345 regi

1928 3376 1999 3431 de
2029 3372 2245 3429 violato
2278 3370 2411 3425 fidei
2435 3368 2645 3439 jurate
2671 3365 2840 3436 jure:

1929 3464 2028 3536 qui
2063 3479 2195 3518 mox
2223 3467 2278 3517 et
2308 3458 2490 3515 filiam
2524 3454 2751 3512 remisit
2775 3453 2847 3509 ad
2880 3464 3189 3524 sponsum,

1928 3561 1985 3612 et
2014 3548 2384 3609 confirmavit
2423 3546 2611 3601 fcedus
2643 3540 2933 3599 amicitiae.

1930 3658 2121 3724 Atque
2152 3650 2233 3704 ita
2264 3661 2472 3703 rursus
2503 3644 2657 3699 inter
2685 3657 2794 3696 nos
2825 3656 2891 3695 ac
2922 3636 3204 3710 Bulgaros

1931 3735 2347 3799 benevolentia:
2380 3751 2447 3790 ac
2479 3732 2639 3806 pacis
2671 3744 2891 3785 munus
2923 3725 3133 3783 floruit.

1928 3835 2001 3889 At
2030 3828 2356 3887 Balduinus
2386 3825 2563 3881 rebus
2593 3821 2720 3878 suis
2745 3819 3089 3891 desperans,

1935 3926 2240 3996 propterea
2269 3915 2425 3989 quod
2460 3914 2518 3969 in
2553 3911 2696 3968 urbe
2724 3901 3229 3976 Constantinopoli

1934 4026 2176 4086 prorsus
2207 4005 2520 4064 conclusus
2553 4005 2710 4057 esset
2735 4016 2768 4055 a
2797 4001 2999 4055 nostro
3026 3997 3284 4062 Caesare;

1934 4098 2303 4171 adnavigavit
2329 4095 2399 4151 ad
2435 4095 2788 4149 Francorum
2822 4101 3043 4159 regem,

1934 4209 1967 4248 a
1998 4207 2111 4262 quo
2144 4183 2481 4261 permagnis
2510 4181 2838 4237 instructus
2872 4174 3105 4233 auxiliis

1937 4277 2373 4354 permeatisque
2401 4270 2609 4329 Galliis
2638 4273 2814 4340 atque
2845 4264 3013 4323 Italis

1938 4372 2009 4428 ad
2037 4374 2310 4425 Paeonum
2342 4359 2603 4435 pervenit
2631 4357 2845 4430 pingue
2879 4354 3105 4421 solum;

1938 4460 2037 4516 ubi
2070 4457 2312 4527 trajecto
2343 4449 2599 4508 maximo
2629 4445 2899 4503 Danubio

1937 4547 2185 4607 accessit
2214 4544 2284 4599 ad
2316 4545 2627 4598 montanas
2657 4540 2965 4593 Massorum
2999 4533 3193 4601 sedes,

1939 4639 2036 4711 qui
2069 4633 2385 4691 transitum
2418 4629 2640 4685 Latinis
2672 4626 3111 4687 concesserunt,

1938 4732 2142 4784 contra
2180 4722 2497 4796 promissas
2523 4714 2734 4773 ϐαδιοτί
2770 4712 3155 4770 conditiones.

1938 4829 2106 4883 Tunc
2137 4819 2458 4879 'l‘zurulum
2490 4831 2726 4888 quoque
2758 4814 3037 4884 ceperunt
3065 4808 3194 4866 Itali

1942 4911 2363 4975 auxiliantibus
2392 4906 2622 4980 Scythis
2656 4902 2787 4960 Istri
2818 4899 3065 4967 accolis;

1942 5017 2278 5080 quanquam
2311 4998 2472 5054 illius
2502 4995 2653 5052 arcis
2684 4992 2954 5050 custodia
2986 4988 3199 5045 tradita

1944 5094 2126 5151 nobili
2158 5090 2292 5146 dnci
2323 5084 2667 5156 Petralipbaa
2700 5082 2911 5139 fuerat.

1943 5180 2447 5240 Nicomediensem
2477 5178 2666 5230 Cesar
2694 5171 2979 5227 invadens
3010 5183 3218 5240 agrum

1948 5273 2079 5330 forti
2112 5286 2179 5327 ac
2210 5272 2443 5340 potente
2474 5263 2729 5337 stipatus
2759 5260 3016 5317 exercitu

1946 5363 2003 5419 vi
2035 5357 2335 5433 superavit
2366 5353 2662 5426 Dacibyzaa
2692 5348 3027 5419 castellum,

1950 5452 2247 5520 aliamque
2277 5460 2469 5501 arcem
2506 5442 2722 5498 dictam
2753 5437 3069 5508 Nicetiataa,

1952 5552 2345 5613 magnamque
2378 5532 2581 5607 praedae
2612 5528 2840 5601 copiam
2874 5528 3010 5582 inde
3043 5524 3255 5598 abegit.

1950 5631 2166 5687 Verum
2201 5624 2422 5695 accepi:
2452 5620 2599 5676 mari
2631 5618 3075 5674 detrimentum.

1951 5720 2151 5787 Quoad
2182 5717 2339 5773 enim
2373 5709 2602 5770 Manuel
2632 5705 3040 5779 Contophreus
