4250 6432
660 388 764 445 307

662 514 778 569 dux
804 510 1041 582 sapiens
1069 515 1123 565 et
1154 511 1235 565 rei
1270 510 1518 567 nautica)
1546 511 1770 583 peritus

665 599 995 656 navarchus
1027 599 1277 670 praefuit,
1311 599 1520 655 classis
1551 601 1695 655 bene
1722 597 1930 653 habuit
1962 614 1974 651 :

668 689 767 744 sed
806 692 1115 759 postquam
1153 687 1207 741 id
1242 688 1502 742 ofﬁcium
1535 688 1790 743 obtinuit
1824 685 2103 756 Iaphreus

671 794 705 832 a
733 776 979 843 Caesare,
1012 781 1068 831 et
1098 791 1229 831 cum
1258 776 1419 831 Italis
1451 792 1707 847 pugnam
1740 775 1890 841 iniit,

672 880 960 920 summam
992 864 1063 919 ab
1096 863 1187 919 his
1218 880 1533 936 perpessus
1563 864 1788 919 cladem
1824 867 1933 928 est,

671 954 729 1007 in
766 952 960 1024 pralio
990 952 1229 1008 amissis
1259 953 1538 1008 tredecim
1570 952 1837 1024 navigiis.

666 1047 857 1113 Atque
889 1042 982 1097 hic
1016 1041 1125 1097 fuit
1155 1043 1442 1113 praedicta
1471 1047 1717 1098 eventus
1748 1040 1852 1097 rei.

661 1133 889 1186 Asanes
920 1136 1117 1186 autem
1153 1132 1211 1186 in
1247 1132 1460 1187 fcedere
1492 1131 1794 1194 manebat,
1860 1178 1865 1183 .

664 1221 774 1275 etsi
810 1237 922 1274 non
959 1236 1219 1291 pronus,
1253 1226 1514 1275 attamen
1545 1237 1614 1274 ex
1646 1223 1831 1290 parte.

666 1308 721 1364 ls
753 1309 1025 1363 defuncta
1056 1308 1193 1375 sibi,
1230 1314 1295 1364 ut
1327 1326 1506 1380 supra
1539 1309 1816 1372 diximus,

670 1396 960 1467 Ungarica
992 1401 1283 1458 consorte.
1317 1398 1593 1453 secundis
1627 1396 1851 1468 nuptiis

672 1486 838 1540 duxit
869 1501 1105 1540 uxorem
1139 1492 1347 1541 contra
1374 1487 1473 1556 jus
1503 1485 1850 1541 canonicum

675 1574 961 1630 Theodori
994 1572 1174 1629 ﬁliam
1206 1573 1691 1645 Comnenangeli,

678 1678 854 1734 quem
888 1663 1013 1734 ipse
1043 1662 1182 1719 olim
1210 1663 1397 1719 oculis
1426 1664 1751 1732 orbaverat,

680 1752 917 1807 nomine
944 1752 1193 1819 Irenem,
1219 1758 1457 1824 aspectu
1493 1751 2002 1816 formosissimam,

678 1841 875 1896 fratris
907 1842 1251 1896 afﬁnitatem
1287 1843 1439 1897 haud
1472 1842 1773 1897 reveritus.

676 1934 853 1985 Erant
884 1930 1023 1986 huic
1052 1929 1352 1986 Theodoro
1384 1935 1637 2002 quatuor
1670 1930 1860 1997 liberi,

674 2020 953 2089 Joannes,
986 2024 1043 2075 et
1076 2019 1418 2089 Demetrius,
1451 2025 1628 2090 atque
1658 2026 1853 2085 Anna,

674 2109 927 2180 denique
958 2109 1121 2164 lrene
1154 2126 1299 2164 uxor
1328 2110 1539 2165 Asanis
1571 2107 1843 2181 Bulgari;

676 2215 802 2269 quae
834 2198 987 2269 apud
1022 2199 1213 2269 ipsum
1249 2200 1471 2270 peperit
1499 2205 1617 2254 tres
1650 2198 1866 2253 liberos

678 2285 1043 2354 Michaelem,
1078 2288 1343 2354 Mariam,
1376 2293 1433 2343 et
1464 2288 1851 2342 Theodoram.

679 2378 921 2432 Carcere
954 2392 1123 2448 porro
1155 2377 1408 2433 emissus
1439 2378 1512 2432 ob
1545 2376 1691 2431 istas
1726 2376 1961 2447 nuptias

682 2464 1023 2521 Theodorus
1054 2464 1173 2535 ille,
1205 2466 1276 2520 de
1307 2482 1423 2536 quo
1455 2482 1608 2537 sazpe
1640 2464 1918 2531 diximus,

684 2552 1160 2609 Thessalonicam
1189 2553 1351 2609 venit
1383 2554 1533 2609 haud
1567 2555 1785 2624 absque
1816 2552 1949 2608 dolo
1984 2569 1995 2606 :

686 2659 825 2697 nam
858 2658 992 2697 cum
1024 2641 1221 2714 galero
1248 2658 1628 2713 pannosaque
1662 2647 1816 2697 veste

685 2731 833 2786 clam
870 2732 1023 2787 intra
1053 2732 1265 2787 moenia
1296 2731 1493 2803 oppidi
1526 2736 1818 2802 receptus,

681 2822 1121 2893 eonjuratorum
1155 2821 1509 2894 conspiratis
1541 2821 1764 2878 viribus

678 2912 941 2980 fratrem,
978 2918 1043 2967 ut
1074 2912 1263 2967 dicam
1298 2911 1567 2980 breviter,
1602 2911 1661 2965 in
1693 2911 1886 2966 vincla
1916 2911 2175 2983 conjicit,

676 2999 996 3071 pristinum
1033 3001 1158 3072 ipse
1187 2999 1552 3055 dominatum
1584 3000 1808 3072 recipit.

674 3093 801 3145 Mox
833 3108 1016 3145 unum
1046 3108 1075 3145 e
1108 3091 1233 3146 suis
1265 3090 1468 3145 liberis
1502 3090 1787 3146 Joannem

675 3179 1010 3251 insignibus
1042 3181 1237 3236 ornari
1274 3180 1449 3251 regiis
1479 3178 1682 3247 voluit,

686 3274 859 3339 atque
891 3270 1045 3323 hunc
1078 3285 1267 3341 regem
1302 3269 1579 3340 appellari
1603 3269 1817 3339 jussit;

693 3357 819 3427 ipse
850 3357 1111 3428 suscepit
1141 3356 1477 3427 reipublicae
1509 3374 1731 3411 curam.

696 3447 872 3501 Porro
906 3462 1248 3518 germanum
1282 3445 1541 3501 exsulem
1576 3447 1644 3501 ad
1680 3446 1883 3501 urbem
1915 3445 2090 3501 Attali

695 3534 937 3606 expulit,
970 3536 1213 3606 ejusque
1244 3535 1552 3605 conjugem
1585 3535 1834 3599 remisit,

692 3642 724 3679 o
759 3626 1007 3680 fortunze
1037 3625 1495 3679 inconstantiam
1525 3624 1536 3679 ί
1573 3626 1641 3679 ad
1678 3628 1900 3694 patrem
1930 3625 2199 3680 Asanem.

689 3714 1008 3785 Ceteroqui
1040 3713 1269 3769 Manucl
1300 3714 1596 3784 profectus
1630 3713 1909 3785 Pergamo

691 3803 761 3858 ad
794 3807 1081 3858 Caesarem
1112 3803 1398 3858 Joannem
1434 3803 1679 3875 supplex
1710 3803 1886 3869 venit,

685 3893 930 3963 ejusque
964 3898 1172 3948 nactus
1205 3892 1366 3964 pium
1402 3892 1816 3963 patrocinium,

681 3987 857 4052 atque
885 3985 947 4036 ut
981 3998 1085 4052 par
1115 3986 1239 4037 erat
1270 3987 1639 4051 peramanter
1667 3981 1927 4050 habitus,

680 4071 927 4143 pecunia
957 4069 1284 4125 instructus
1316 4071 1572 4141 itemque
1600 4086 1700 4125 sex
1732 4070 2095 4138 triremibus,

680 4160 897 4231 quibus
930 4160 999 4214 ad
1033 4164 1249 4215 terram
1285 4165 1485 4231 posset
1517 4165 1645 4213 tuto
1678 4160 2051 4229 exscendere,

677 4249 747 4304 ad
781 4248 1070 4304 Valachize
1102 4265 1235 4304 oras
1269 4248 1479 4303 direxit
1508 4265 1747 4303 cursum
1780 4266 1793 4303 ε

674 4353 929 4409 cumque
962 4336 1284 4407 appulisset
1316 4353 1489 4391 naves
1521 4336 1951 4392 Demetriadem

671 4427 987 4482 contractis
1020 4426 1176 4481 brevi
1208 4425 1393 4497 copiis
1425 4426 1732 4496 occupavit

671 4516 969 4582 Pharsale,
1003 4515 1401 4572 Platamonem
1436 4521 1491 4572 et
1524 4517 1836 4572 Larissam.

668 4606 796 4661 Mox
825 4606 881 4659 in
914 4604 1275 4677 colloquium
1308 4606 1465 4660 venit
1498 4622 1629 4660 cum
1663 4606 1896 4661 duobus

668 4695 971 4760 fratribus,
1002 4694 1307 4749 Theodoro
1340 4712 1489 4750 caeco
1520 4701 1575 4749 et
1606 4695 1987 4751 Constantino
2022 4713 2035 4749 :

666 4785 881 4856 quibus
914 4784 1348 4855 obtemperans,
1374 4784 1799 4854 jusjurandum
1834 4784 2032 4851 violat,

664 4874 864 4928 volens
895 4872 1114 4928 scilicet
1144 4872 1368 4938 nolens,
1406 4878 1469 4927 ut
1500 4874 1580 4927 ait
1613 4875 2010 4945 proverbium,

664 4963 818 5033 quod
855 4979 1039 5033 nuper
1072 4966 1269 5017 nostro
1302 4964 1508 5020 Caesari
1541 4964 1924 5036 praestiterat;

664 5058 720 5105 et
749 5067 885 5106 cum
917 5052 1211 5122 germanis
1246 5052 1586 5107 societatem
1621 5053 1772 5107 iniit.

661 5142 769 5197 Sed
804 5142 961 5196 enim
993 5141 1166 5212 paulo
1200 5146 1331 5213 post
1363 5142 1454 5197 hic
1491 5142 1722 5196 Manuel
1758 5142 2013 5199 moriens

661 5248 921 5287 amaram
961 5249 1071 5300 prae
1105 5248 1165 5285 se
1199 5230 1334 5286 tulit
1363 5233 1770 5303 paenitentiam

660 5322 732 5374 ob
768 5319 1035 5375 violatam
1070 5320 1199 5373 ﬁulei
1236 5319 1600 5391 religionem.

664 5409 889 5481 Regina
922 5425 1155 5480 quoque
1189 5412 1353 5464 Ireno
1384 5412 1502 5465 vita
1532 5411 1779 5466 excessit

664 5502 841 5571 atque
874 5498 945 5553 ad
978 5497 1244 5553 caelestes
1270 5500 1508 5554 transiit
1539 5499 1853 5559 stationes:

734 5696 848 5768 (83)
882 5695 1091 5754 Recole
1122 5712 1175 5753 v.
1209 5696 1369 5752 8068.

2343 506 2397 572 A

2356 1875 2402 1938 Β

2360 3243 2403 3309 C

2359 4614 2402 4677 D

1877 383 2250 442 BPHREHII
2287 375 2861 433 CHRONOGRAPHI

2606 494 2830 572 ’Δνδρὸς
2862 503 3192 574 στρατηγοῦ,
3222 496 3398 570 δεξιοῦ
3426 501 3749 576 ναυαρχίαν,

2603 587 2797 648 ’Όντος
2828 585 3141 663 στολάρχου
3178 590 3387 662 τοπρὶν,
3419 590 3637 665 εὐτύχει
3670 592 3892 654 στόλος·

2424 677 2567 732 8320
2601 680 2688 737 Ὠς
2718 673 2762 729 δ’
2802 676 2979 750 Ἰαφρέ
3007 676 3285 752 ναύαρχος
3314 676 3366 733 ἒν
3399 678 3669 754 βασιλέως

2604 765 3021 827 ’Δντικαταστάς
3050 766 3282 829 Ἰταλοῖς
3316 768 3652 839 συνεπλάκη,

2603 854 2800 909 Ἠτταν
2836 854 3039 928 ὑπέσχε
3066 856 3212 930 παρὰ
3239 856 3431 911 τούτον
3465 856 3726 931 ἐσχάτην,

2603 940 2986 1014 Τρεισκαίδεκα
3015 948 3142 1005 ναῦς
3168 939 3465 1000 ἀποϐαλὼν
3496 944 3548 1000 ἐν
3586 947 3759 1021 μάχη.

2601 1035 2777 1085 Ταῦτα
2810 1032 2905 1104 μὲν
2939 1029 3030 1087 οὖν
3062 1030 3267 1108 ἔσχηκε
3295 1031 3451 1089 τόνδε
3477 1036 3570 1090 τὸν
3604 1037 3825 1110 τρόπον·

2426 1120 2567 1177 8325
2605 1124 2659 1173 '0
2692 1117 2739 1174 δ’
2770 1122 3001 1191 Ἀσάνης
3033 1116 3250 1196 ἔστεργε
3280 1118 3578 1195 συμϐάσεις
3605 1126 3765 1193 τέως,

2606 1208 2671 1266 Εἰ
2705 1211 2782 1281 μὴ
2813 1215 3087 1285 καθαρῶς,
3118 1210 3265 1266 ἀλλα
3292 1213 3354 1266 τὸ
3386 1211 3551 1267 πλέον
3590 1213 3775 1288 μέρος.

2607 1298 2802 1369 Τούτῳ
2833 1300 3119 1370 θανούσης,
3152 1301 3224 1362 ὡς
3254 1298 3412 1378 ἔφην,
3442 1309 3541 1371 τῆς
3572 1303 3802 1377 συζύγου

2608 1388 2719 1448 Τῖς
2752 1387 2802 1459 ἐξ
2834 1387 3129 1463 Οὐγγρίας,
3161 1390 3295 1464 πρὸς
3323 1389 3531 1465 γάμους
3561 1411 3625 1465 γε
3654 1387 3938 1466 δευτέρους

2610 1475 2861 1551 Ἠγάγετ’
2890 1476 3141 1551 ἀθέσμως
3171 1500 3229 1533 τε
3258 1478 3347 1533 καὶ
3382 1480 3711 1555 παρανόμως

2431 1565 2575 1620 8330
2611 1565 2723 1632 Τὴν
2757 1562 3043 1641 Θεοδώρου
3073 1564 3240 1621 παῖδα
3266 1566 3733 1643 Κομνηναγγέλου

2610 1646 2711 1700 "Ov
2744 1646 2921 1721 φωτὸς
2954 1645 3199 1719 ἐστέρησι
3230 1648 3423 1723 τοπρὶν
3455 1647 3744 1721 ὀμμάτων,

2614 1731 2821 1801 Κλῆσιν
2856 1734 3116 1809 Εἰρήνην,
3151 1735 3353 1811 ἀγαθήν
3382 1731 3504 1809 ὄψιν
3540 1737 3703 1805 πάνυ,

2612 1822 2704 1890 Μὴ
2738 1824 3067 1897 κασιγνήτου
3096 1821 3264 1888 κῆδος
3297 1827 3405 1898 (33)
3434 1824 3485 1880 ἐν
3518 1830 3596 1897 νῷ
3623 1819 3940 1898 λαμϐάνων·

2610 1908 2826 1965 Παίδων
2861 1909 2907 1965 δ’
2944 1913 3161 1987 ὑπῆρχε
3186 1913 3478 1988 τετρακτὺς
3507 1911 3801 1989 Θεοδώρῳ,

2432 2000 2574 2055 8335
2612 2000 2867 2070 Ἰωάννης
2889 2022 2968 2072 τε,
3002 2003 3320 2077 Δημήτριος
3349 2002 3439 2057 σὺν
3474 2009 3667 2077 “¹Αννῃ,

2612 2088 2819 2163 Εἰρήνη
2853 2091 2901 2144 τ’
2930 2088 2994 2144 αὖ
3029 2090 3277 2153 σύνευνος
3311 2092 3467 2148 Ἀσάν
3501 2091 3841 2166 Βουλγάρου,

2611 2179 2681 2232 "Il
2713 2175 2910 2241 παῖδάς
2942 2180 2993 2232 οἱ
3019 2186 3166 2249 τρεῖς
3196 2180 3496 2254 άποτέξασα
3526 2182 3739 2258 φθάνει,

2615 2266 2872 2341 Μιχαὴλ,
2908 2270 3122 2343 Μαρίαν
3152 2290 3210 2324 τε
3238 2271 3328 2324 καὶ
3360 2267 3667 2343 Θεοδώραν.

2617 2356 2851 2429 Εἰρκτῆς
2883 2354 2939 2411 δὲ
2970 2355 3181 2430 δεσμῶν
3214 2358 3461 2423 ἐκλυθεὶς
3492 2356 3697 2430 κήδους
3729 2360 3892 2435 χάριν

2437 2446 2579 2500 8340
2615 2450 2669 2497 Ὁ
2697 2449 3095 2518 μνημονευθείς
3129 2446 3410 2522 Θεόδωρος
3443 2447 3739 2517 ποΛλάκις,

2617 2534 3012 2605 Θεσσαλονίκην
3044 2532 3445 2610 καταλαμϐάνει
3476 2537 3663 2592 πόλιν·

2622 2624 2770 2681 Μετὰ
2800 2626 3033 2701 φενάκης
3065 2624 3109 2681 δ’
3141 2626 3377 2682 εὐτελῶν
3402 2649 3462 2682 τε
3495 2627 3699 2703 ῥακίων

2619 2710 2764 2769 Εἶ’σω
2796 2714 3081 2791 παρελθὼν
3110 2713 3275 2784 τῆσδε
3307 2714 3487 2779 λαθὼν
3516 2714 3744 2790 τειχέων
3806 2745 3811 2749 -

2623 2804 2961 2878 Συνιστόρων
2998 2806 3168 2869 σθένει
3198 2826 3256 2861 τε
3277 2807 3363 2860 καὶ
3398 2805 3648 2880 συνεργίᾳ

2439 2894 2582 2948 8345
2620 2898 2823 2964 Δεσμοῖ
2848 2894 2895 2946 τ’
2924 2891 3179 2969 ἀδελφὸν,
3214 2895 3264 2949 ἂν
3298 2894 3578 2971 κεφαλαίῳ
3610 2892 3791 2971 φάναι,

2622 2982 2719 3038 Καὶ
2750 2982 2811 3036 τὸ
2843 2980 2967 3057 πρῖν
2996 2983 3257 3060 ἀνείληφε
3288 2991 3386 3053 τῆς
3419 2984 3604 3058 χώρας
3634 2984 3851 3058 κράτος·

2620 3070 2731 3128 Εἶτ’
2764 3072 3020 3143 Ἰωάννην
3053 3074 3211 3127 υἱέων
3241 3070 3419 3151 φίλων
3452 3070 3540 3128 ἕνα

2616 3166 2745 3224 Τοῖς
2779 3160 3086 3235 βασιλικοῖς
3118 3160 3355 3237 ὡραίσας
3392 3156 3718 3236 συμϐόλοις,

2624 3251 2763 3325 Πρὸς
2790 3247 2836 3304 δ’
2868 3248 2932 3304 αὖ
2964 3250 3244 3305 καλεῖσθαι
3274 3252 3527 3327 θεσπίσας
3560 3250 3809 3327 βασιλέα,

2446 3342 2588 3397 8350
2630 3339 2798 3404 Αὐτὸς
2829 3338 3003 3395 διεῖπε
3033 3335 3366 3417 πραγμάτων
3395 3342 3492 3403 τὰς
3524 3338 3836 3417 φροντίδας.

2623 3429 2733 3509 Τὸν,
2758 3431 3013 3505 σύγγονον
3046 3428 3102 3485 Si
3130 3432 3266 3506 πρὸς
3294 3430 3455 3486 πόλιν
3486 3431 3584 3498 τήν
3619 3427 3885 3487 Ἀττάλου

2624 3521 2905 3594 Ἔπεμψεν
2938 3520 3233 3599 ἐξόριστον,
3264 3521 3428 3577 αὐτοῦ
3461 3518 3507 3575 δ’
3539 3520 3738 3576 εὐνέτιν

2627 3609 2785 3664 Ἀσὰν
2819 3614 2983 3687 πατρὶ
3013 3613 3321 3689 πέπομφεν,
3354 3612 3585 3667 ἀστάτου
3615 3610 3795 3685 τύχης

2627 3696 2801 3754 Ἀλλά
2832 3699 3094 3770 Μανουήλ
3130 3702 3339 3774 ἀπάρας
3372 3701 3423 3771 ἐξ
3456 3698 3722 3757 Ἀττάλου

2444 3788 2586 3844 8355
2625 3790 2766 3860 Πρὸς
2792 3789 2884 3845 τὸν
2920 3792 3307 3865 χαριτώνυμον
3337 3789 3538 3846 ἄνακτα
3559 3791 3766 3867 τρέχει,

2620 3878 2720 3933 Καὶ
2750 3876 2911 3933 τοῦδε
2938 3881 3123 3955 τυχὼν
3157 3880 3415 3953 εὐμενοῦς
3444 3900 3505 3956 γε
3530 3882 3835 3956 προστάτου

2622 3968 3060 4047 Φιλοφρονηθείς
3095 3970 3141 4026 δ’
3168 3973 3370 4036 ἱκανῶς
3394 3972 3573 4046 ὥσπερ
3603 3969 3746 4043 δέον,

2622 4061 2897 4133 Χρήματα
2928 4056 3111 4116 λαϐὼν
3144 4062 3233 4116 καὶ
3263 4064 3507 4137 τριήρεις
3540 4058 3592 4132 ἔξ
3624 4061 3787 4117 πάλιν
3852 4132 3855 4133 ν

2621 4155 2656 4201 Δ
2688 4149 2698 4167 ι
2738 4149 2759 4166 γ
3073 4157 3094 4166 -
3474 4152 3485 4165 .
3609 4148 3620 4167 ι

2667 4168 2680 4200 ι
2725 4169 2797 4201 ων
2829 4170 3122 4224 κατασχειν
3152 4148 3399 4221 ἠδυνήθη
3434 4172 3525 4205 τον
3558 4171 3749 4219 τοπον,

2439 4236 2581 4291 8360
2620 4239 2760 4313 Πρὸς
2790 4238 2857 4293 τὰ
2891 4239 3135 4315 Βλαχίας
3170 4240 3506 4313 ἐξαπεστάλη
3544 4242 3707 4314 μέρη·

2620 4330 2720 4385 Καὶ
2747 4328 3069 4386 καταλαϐὼν
3106 4342 3179 4401 Δη
3192 4329 3491 4405 μητριάδος
3518 4333 3706 4402 τόπον,

2621 4418 2919 4493 Στράτευμ⁹
2948 4421 3130 4476 ἱκανὸν
3164 4420 3217 4476 ἐν
3254 4424 3459 4497 Βραχεῖ
3498 4420 3808 4488 συναλίσας,

2613 4509 2807 4583 ’Ἀρχει
2843 4510 3171 4586 Φαρσαλων,
3211 4510 3612 4584 Πλαταμῶνος,
3652 4508 3952 4586 Λαρίσσης·

2614 4596 2741 4652 Εἶτα
2772 4600 3007 4667 συνῆλθε
3036 4604 3152 4654 τοῖν
3182 4596 3330 4654 δυοῖν
3365 4600 3695 4673 ὁμαιμόνοιν

2432 4685 2574 4741 8365
2614 4690 2784 4762 Πηρῷ
2815 4686 3082 4765 Θεοδώρῳ
3109 4710 3167 4745 τε
3194 4691 3282 4745 καὶ
3319 4691 3731 4762 Κωνσταντίνῳ,

2613 4777 2710 4830 Καὶ
2741 4776 2924 4833 τοῖσδε
2954 4779 3192 4841 πεισθεὶς
3228 4776 3425 4852 ὀμελεῖ
3453 4784 3560 4833 τῶν
3595 4778 3793 4853 ὁρκίων

2611 4866 2781 4921 Ἐκὼν
2814 4864 2979 4937 ἄκων,
3014 4868 3088 4931 ὥς
3120 4889 3269 4946 φασι,
3301 4870 3391 4924 καὶ
3432 4870 3795 4944 συγκειμένων

2610 4960 2725 5008 Τῶν
2764 4958 2899 5032 πρὸς
2932 4960 3251 5034 κρατάρχην
3286 4957 3535 5013 Αὐσόνων
3567 4956 3844 5029 Ἰωάννην·

2610 5048 2928 5104 Ἐσπείσατο
2958 5048 3105 5123 σφίσι
3139 5046 3196 5102 δὲ
3221 5047 3309 5101 καὶ
3337 5048 3661 5123 συνεκράθη.

2429 5138 2571 5193 8370
2612 5138 2745 5192 Μετ’
2776 5136 2837 5191 οὐ
2868 5135 3012 5191 πολὺ
3046 5139 3293 5207 θνήσκων
3328 5134 3385 5191 δὲ
3418 5136 3680 5207 Μανουήλ
3712 5134 3823 5197 ὅδε,

2607 5227 2853 5300 Ἒχρῆτο
2880 5225 3083 5299 πολλῷ
3112 5226 3203 5281 καὶ
3234 5230 3415 5301 πικρῷ
3448 5225 3742 5301 μεταμέλῳ

2610 5312 2951 5389 Παραϐασίας
2984 5316 3185 5392 ὁρκίων
3220 5319 3554 5394 φρικαλέων.

2610 5406 2792 5459 Λείπει
2824 5404 2880 5461 δί
2914 5406 3032 5482 βίον
3062 5407 3153 5461 καὶ
3190 5405 3406 5481 βασιλὶς
3437 5405 3668 5480 Εἰρήνη,

2608 5498 2708 5553 Καὶ
2740 5498 2875 5570 πρὸς
2910 5497 3077 5569 μονὰς
3115 5492 3315 5571 βέϐηκε
3342 5496 3437 5559 τάς
3469 5496 3771 5572 οὐρανίους,

3966 378 4093 436 308
