4250 6432
706 403 804 458 311
1916 389 2288 447 ΕΡΗΒΕΜΠ
2323 387 2905 445 σΗΒοΝοαΒΔΡΗι

704 534 761 583 et
791 528 889 600 qui
923 525 1235 583 concilium
1270 524 1572 597 publicum
1607 520 1846 592 regebat

705 615 1229 671 Tarcbaniatorum
1266 614 1336 667 de
1368 616 1540 684 gente
1570 609 1935 679 Nicephorus
1969 621 1982 659 :

709 704 1154 774 protosebastus
1186 703 1326 756 item
1355 698 1883 768 Contostcphanus,

708 801 763 846 et
797 790 1158 862 Pctraliphas
1191 806 1443 860 magnus
1476 784 1898 848 chartularius,

708 898 843 935 cum
876 880 1009 935 aliis
1038 878 1241 934 multis
1274 879 1448 933 claris
1480 875 1873 932 senatoribus.

708 970 858 1025 Dum
891 969 971 1023 ibi
1006 968 1317 1023 imcumbit
1347 968 1415 1021 ad
1449 965 1666 1020 bellum
1697 960 2004 1027 exercitus,

709 1076 842 1113 ecce
873 1059 1136 1113 defertur
1167 1058 1412 1111 nuntius
1443 1056 1510 1109 οιὶ
1540 1057 1821 1110 Caesarem

710 1148 865 1217 quod
894 1147 1313 1201 Tachariorum
1347 1160 1489 1217 gens
1522 1141 1840 1197 commisso
1874 1136 2069 1209 praelio

712 1236 861 1289 vires
892 1235 1213 1289 Turcarum
1249 1232 1489 1303 penitus
1521 1228 1802 1298 fregisset.

711 1332 922 1387 Morari
956 1334 1145 1387 Caesar
1176 1331 1463 1401 nequiens
1496 1327 1717 1381 omissa

719 1422 1027 1476 obsidione
1056 1420 1423 1475 conditiones
1454 1415 1687 1482 obtulit,

727 1516 781 1564 et
811 1509 1190 1564 mediatorem
1226 1507 1307 1561 rei
1344 1508 1596 1577 legatum
1632 1503 1789 1557 misit

640 1614 655 1624 '
712 1598 906 1667 ipsum
936 1596 1179 1652 Joannis
1212 1605 1432 1666 patrem
1465 1593 1856 1648 Theodorum.

713 1686 1033 1740 Mandabat
1065 1689 1257 1739 autem
1294 1683 1484 1738 Caesar
1514 1687 1576 1735 ut
1606 1686 1856 1738 Joannes

710 1774 939 1843 imperii
974 1774 1524 1852 cunctadeponeret
1555 1770 1811 1840 insignia

713 1863 937 1918 calceos
971 1864 1200 1928 rubros,
1237 1862 1558 1934 pyramidis
1587 1858 1887 1930 lapillum;

718 1968 1043 2023 nomenque
1072 1956 1129 2006 et
1161 1952 1510 2022 dignitatem
1545 1949 1786 2003 haberet
1817 1949 2089 2017 despotaa,

716 2051 1165 2121 benivolumque
1193 2052 1455 2105 animum
1488 2054 1740 2104 servaret
1771 2048 1998 2102 Cazsari.

710 2141 811 2195 His
846 2140 1014 2209 actis,
1044 2141 1364 2211 imperator
1396 2139 1528 2193 inde
1559 2136 1813 2192 abcessit

710 2235 840 2299 post
870 2230 1283 2283 conﬁrmatum
1320 2230 1686 2282 sacramento
1721 2224 1926 2280 fcedus.

709 2319 1203 2388 Theodorumque
1231 2317 1513 2387 Angelum
1548 2316 1669 2370 ﬁlio
1702 2313 1961 2369 tradidit.

710 2409 960 2463 Reverso
994 2413 1187 2461 autem
1220 2406 1431 2461 Cresari
1473 2406 1757 2461 orientem

712 2497 1039 2553 Iatbatines
1070 2497 1341 2552 sultanus
1376 2495 1549 2551 lconii

711 2586 874 2640 misit
904 2585 1127 2657 legatos
1159 2591 1334 2657 atque
1364 2585 1552 2640 enixis
1585 2584 1855 2655 precibus

709 2677 780 2731 ab
812 2691 877 2729 eo
909 2676 1211 2746 suppetias
1246 2674 1411 2745 petiit
1441 2678 1498 2727 et
1539 2673 1897 2741 societatem,

708 2763 861 2819 male
894 2763 1185 2818 mulcatus
1217 2763 1439 2817 scilicet
1468 2780 1501 2816 a
1533 2762 1833 2816 Tacbariis

702 2852 892 2923 deque
924 2869 1117 2907 rerum
1154 2868 1389 2907 summa
1412 2852 1535 2922 jam
1573 2849 1933 2922 periclitans.

704 2949 853 3005 Utile
881 2950 993 3004 sibi
1026 2950 1219 3005 Cresar
1249 2966 1377 3004 esse
1414 2948 1748 3019 intelligens

702 3039 751 3094 si
788 3040 1074 3095 laboranti
1106 3039 1337 3093 sultano
1370 3038 1728 3102 subveniret,

702 3128 925 3182 libente
960 3129 1157 3183 animo
1188 3128 1414 3195 excepit
1440 3126 1818 3197 legationem,

703 3222 763 3274 et
796 3236 928 3273 cum
965 3218 1197 3274 sultano
1230 3219 1387 3273 venit
1415 3219 1470 3271 in
1502 3217 1860 3288 colloquium

708 3306 1076 3378 Tripolitana
1107 3307 1164 3361 in
1202 3308 1342 3361 urbe
1374 3308 1443 3360 ad
1481 3307 1861 3374 Maeandrum,

702 3397 800 3450 ubi
831 3397 1184 3468 conscriptis
1218 3396 1467 3450 ﬁrmiter
1496 3394 1930 3450 conditionibus

702 3486 773 3539 de
805 3486 1173 3539 sufﬁciendis
1204 3486 1451 3539 invicem
1488 3485 1719 3539 auxiliis

700 3575 759 3629 in
792 3592 966 3629 suum
1000 3576 1259 3645 quisque
1294 3574 1463 3629 rediit
1496 3574 1831 3645 imperium.

702 3662 867 3715 Brevi
901 3668 1033 3731 post
1064 3661 1211 3715 illud
1247 3667 1478 3732 tempus
1511 3662 1567 3715 in
1599 3662 1903 3717 Thessalia

704 3750 953 3806 excessit
984 3750 1097 3805 vita
1132 3752 1373 3821 despota
1404 3752 1684 3816 Joannes,

704 3842 794 3893 vir
827 3841 1040 3905 tonus,
1076 3840 1209 3910 pius
1244 3842 1436 3911 legum
1474 3840 1981 3905 servantissimus,

707 3929 1030 3994 modestus,
1066 3929 1274 3995 comis,
1314 3928 1575 3983 clemens
1607 3945 1743 3999 erga
1776 3928 2067 3995 subditos,

702 4025 756 4073 et
788 4033 1022 4088 semper
1052 4035 1229 4073 sacres
1262 4017 1495 4073 deditus
1529 4018 1863 4089 hymnodiee

695 4123 945 4178 cumque
978 4107 1306 4178 potioribus
1341 4108 1655 4162 monachis
1687 4122 2066 4161 conversans.

700 4206 886 4275 Hujus
919 4205 1175 4260 defuncti
1206 4205 1520 4260 stationem
1550 4204 1765 4276 excipit

699 4295 1075 4365 despotazque
1105 4311 1137 4349 a
1169 4294 1392 4349 Caesare
1424 4295 1775 4365 dignitatem

704 4384 883 4438 frater
918 4384 1243 4438 Demetrius
1278 4383 1541 4437 moribus
1575 4382 1916 4455 incomptis,

702 4472 889 4527 amori
922 4472 1233 4539 obnoxius,
1268 4472 1512 4527 Veneris
1547 4473 1931 4543 mancipium,

698 4563 843 4615 viris
878 4562 1228 4633 plerumque
1262 4562 1541 4631 pessimis
1575 4578 1634 4615 se
1673 4563 1925 4628 socians,

699 4657 755 4705 et
785 4656 1192 4722 corruptorum
1222 4653 1501 4720 juvenum
1557 4651 1887 4706 familiaris.

695 4741 858 4795 Tunc
890 4742 1115 4796 otiosus
1148 4759 1179 4795 a
1211 4741 1383 4795 bellis
1416 4742 1736 4811 imperator

698 4830 901 4901 paucis
933 4829 1188 4901 stipatus
1223 4829 1665 4901 Hellespontum
1708 4831 1942 4900 trajicit,

697 4918 1090 4989 occiduaeque
1124 4924 1312 4973 terras
1342 4919 1525 4973 armis
1554 4921 1790 4990 appetit.

700 5008 928 5063 Cissum
954 5008 1257 5063 castellum
1293 5008 1550 5063 Thraciae
1586 5011 1885 5080 praeteriit,

698 5099 1081 5169 Hebrumque
1108 5098 1325 5152 flumen
1361 5104 1561 5154 vectus
1592 5116 1741 5169 equo
1778 5107 2017 5155 tranans

697 5188 1047 5241 Zicbnorum
1084 5188 1239 5243 illico
1271 5188 1461 5242 adfuit
1488 5190 1800 5244 urbeculze.

702 5278 783 5331 lbi
809 5277 1101 5347 intellixit,
1138 5278 1520 5347 Bulgaroruzn
1557 5297 1752 5349 regem

696 5366 1091 5421 Callimanum
1129 5367 1287 5421 vitali
1325 5369 1609 5439 privatum
1648 5369 1793 5423 luce.

699 5459 966 5510 Attamen
1005 5474 1251 5528 pergens
1281 5463 1482 5511 Serras
1517 5475 1705 5528 usque
1742 5459 1915 5528 venit,

703 5562 878 5615 quam
915 5550 971 5598 et
1005 5562 1213 5617 sagace
1247 5545 1504 5601 obtinuit
1536 5548 1803 5614 consilio,

702 5640 871 5688 Moeso
907 5636 1157 5703 Dragota
1189 5636 1471 5705 oppidum
1509 5638 1794 5703 tradente,

696 5725 870 5793 cujus
905 5726 1175 5795 praesidio
1196 5731 1251 5779 ct
1285 5740 1435 5779 curae
1474 5730 1817 5782 mandatum
1854 5730 2062 5784 luerat.

2382 518 2435 581 Α
2644 510 2941 587 Πράγματα
2970 513 3125 565 κοινά
3156 508 3446 588 φροντίδας
3478 513 3525 565 τ’
3558 513 3621 565 αὗ
3653 511 3862 586 ἀνέχων

2462 601 2604 657 8435
2642 603 3078 675 Ταρχανειωτῶν
3112 599 3171 654 ἐκ
3197 599 3385 674 γένους
3418 601 3760 677 Νικηφόρος,

2642 683 3097 760 Πρωτοσεϐαστὸς
3132 689 3561 762 Κοντοστέφανος
3589 686 3754 741 πάλιν
3766 730 3778 753 ,

2644 775 2740 829 Καὶ
2771 775 3111 850 Πετραλίφας
3144 775 3588 851 χαρτουλλάριος
3625 778 3792 849 μέγας

2639 865 2785 920 Mati
2812 887 2873 939 γε
2906 866 3131 921 πολλῶν
3167 864 3401 921 εὐκλεῶν
3437 864 3822 942 βουληφόρων.

2645 955 3160 1030 Ἀμφιπονουμένων
3201 954 3257 1008 δὲ
3285 953 3417 1026 τῇδε
3444 957 3762 1028 ταγμάτων,

2464 1044 2605 1098 8440
2644 1043 2868 1120 ’Δφῖκτό
2899 1064 2951 1096 τι
2987 1045 3211 1115 μήνυμα
3242 1044 3379 1117 πρὸς
3412 1042 3656 1117 βασιλέα,

2642 1132 2731 1192 Ὡς
2759 1131 3053 1207 Ταχαρίων
3086 1130 3237 1193 ἔθνος
3269 1132 3658 1205 ὠνομασμένον

2642 1220 2910 1295 Τούρκοις
2942 1219 3222 1287 συνελθὸν,
3256 1220 3437 1292 ἐκνικᾷ
3470 1227 3602 1297 σφᾶς
3636 1220 3687 1275 έν
3725 1221 3897 1295 μάχῃ.

2641 1311 2799 1362 Ταῦτ’
2828 1304 3183 1381 ἐμϐραδύνειν
3221 1312 3295 1381 μή
3332 1310 3625 1382 δυνάμενος
3651 1309 3889 1383 κράτωρ,

2647 1398 2829 1471 ’Λφεὶς
2856 1400 2918 1452 τὸ
2947 1400 3192 1473 πορθεῖν,
3215 1399 3393 1475 ἀφορᾷ
3422 1400 3556 1474 πρὸς
3587 1394 3902 1470 συμϐάσεις,

2466 1498 2606 1553 8445
2645 1492 2885 1571 Ῑῐρέσϐυν
2924 1498 3273 1569 μεσιτεύοντα
3302 1497 3523 1559 ταύταις
3567 1493 3862 1570 λαμϐάνων

2642 1586 2748 1641 Τὸν
2783 1588 3034 1641 Ἰωάννου
3066 1584 3347 1656 Θεόδωρον
3380 1586 3602 1662 πατέρα.

2646 1676 2727 1731 Τὰ
2756 1673 2802 1730 δ’
2834 1676 3031 1749 ὁρκίων
3060 1675 3125 1744 ἦν
3162 1677 3236 1740 ὡς
3266 1677 3453 1730 ἅπαντ’
3487 1676 3741 1746 Ἰωάννην

2646 1765 2727 1821 Τά
2758 1760 3011 1837 σύμϐολα
3042 1765 3270 1840 ῥίψαντα
3298 1772 3398 1834 τῆς
3429 1768 3787 1842 κραταρχίας.

2646 1852 2827 1909 ΙΙὲδιλ¹
2855 1852 3051 1928 ἐρυθρά
3074 1854 3163 1907 καὶ
3194 1852 3500 1927 πυραμίδος
3534 1854 3711 1924 λίθον,

2464 1945 2605 1998 8450
2646 1940 2853 2011 Κλῆσιν
2886 1944 3176 2009 κεκτῆσθαι
3207 1949 3295 1995 καί
3325 1943 3494 2014 τιμὴν
3526 1944 3623 2010 τήν
3659 1940 3945 2011 δεσπότου,

2645 2030 2744 2086 Καὶ
2779 2030 2937 2107 φίλον
2973 2028 3157 2084 εὔνουν
3195 2030 3409 2105 βασιλεῖ
3438 2032 3781 2086 καθεστάναι.

2643 2116 2800 2174 Οὕτω
2834 2114 3107 2191 δεδρακὼς
3142 2115 3397 2192 βασιλεὺς
3424 2118 3769 2194 ὑποστρέφει,

2644 2204 3072 2279 Κατεμπεδώσας
3106 2206 3312 2278 ὁρκίοις
3344 2208 3440 2268 τάς
3475 2203 3769 2280 συμϐάσεις
3806 2226 3819 2239 ·

2640 2294 2919 2367 Θεόδωρον
2955 2293 3001 2349 δ’
3032 2295 3297 2371 Ἄγγελον
3331 2297 3507 2351 λιπὼν
3542 2295 3806 2374 φιλτάτῳ.

2464 2388 2605 2443 8455
2643 2387 2731 2448 Ὠς
2765 2387 2855 2440 οὗν
2890 2384 3199 2455 ἐπανέζευξε
3228 2387 3366 2459 πρὸς
3397 2387 3463 2440 τά
3490 2389 3588 2454 τῆς
3619 2384 3715 2454 ἕω,

2644 2474 2944 2540 Ἰαθατίνης
2974 2473 3207 2529 σουλτάν
3240 2474 3512 2531 Ἰκονιέων

2642 2565 2896 2635 ’Έπεμψε
2922 2558 3175 2637 πρέσϐεις
3208 2562 3455 2633 λιπαρῶν
3493 2563 3718 2638 βασιλέα

2642 2657 2837 2727 Τυχεῖν
2875 2651 3127 2723 βοηθείας
3154 2673 3213 2705 τε
3241 2652 3330 2705 καὶ
3361 2654 3684 2728 συμμαχίας
3811 2725 3814 2728 ,

2644 2743 2837 2802 Κακῶς
2867 2742 3177 2811 πεπονθὼς,
3210 2742 3283 2803 ὡς
3316 2738 3474 2818 ἔφην,
3500 2744 3818 2818 Ταχαρίοις,

2464 2833 2606 2887 8460
2646 2831 2740 2884 Καὶ
2773 2827 3094 2884 κινδυνεύων
3128 2830 3426 2886 ἀπολέσθαι
3458 2834 3757 2890 παντάπαν.

2647 2920 2835 2983 Συνεὶς
2868 2918 3123 2994 βασιλεὺς
3146 2920 3219 2981 ὡς
3250 2921 3425 2991 ἑαυτῷ
3456 2922 3717 3000 συμφέρει

2644 3010 2709 3067 Εἰ
2738 3008 3097 3083 δυστυχοῦντι
3123 3013 3481 3085 συμμαχήσει
3507 3010 3811 3085 σουλτάνῳ,

2647 3095 2936 3169 [Ιρεσϐεἱαν
2972 3096 3275 3153 εἷσδέδεκτο
3305 3100 3394 3153 καὶ
3430 3099 3560 3172 μάλ’
3591 3101 3837 3173 ἀσμένως
3873 3122 3885 3133 ⁸

2642 3191 2793 3243 Ὅθεν
2827 3190 3143 3264 κρατάρχης
3175 3188 3264 3243 καὶ
3299 3188 3530 3244 σουλτάν
3558 3190 3892 3260 συνηλθέτην

2464 3292 2606 3345 8465
2646 3290 2733 3345 Ἑν
2761 3291 2829 3360 τῇ
2861 3286 3127 3361 Τριπόλει
3155 3287 3224 3362 τῇ
3254 3288 3391 3363 πρὸς
3424 3286 3718 3361 Μαιάνδρῳ
3748 3289 3909 3344 πόλει
3950 3310 3965 3323 ’

2647 3374 3006 3449 Σπεισάμενοι
3041 3374 3097 3430 δὲ
3126 3377 3212 3430 καὶ
3248 3374 3534 3451 δράσαντες
3565 3374 3860 3449 συμϐάσεις

2642 3468 2729 3527 Ὠς
2761 3466 2821 3520 ἃν
2854 3467 3226 3535 συνασπίζοιιν
3260 3464 3533 3536 ἀλλήλοις
3571 3467 3742 3541 μάχῃ,

2576 3615 2584 3619 ,
2644 3556 2785 3629 Πρὸς
2817 3552 3080 3626 πατρίδας
3113 3552 3331 3630 ᾤχοντο
3361 3554 3451 3609 καὶ
3483 3556 3841 3631 κραταρχίας.

2644 3644 2792 3702 Μετά
2826 3641 2881 3698 δὲ
2916 3646 3107 3717 μικρὸν
3143 3642 3430 3699 ἀπολείπει
3460 3643 3550 3698 τὸν
3588 3644 3705 3719 βίον

2463 3735 2606 3790 8470
2643 3734 2731 3790 Ἐν
2756 3731 3027 3805 Θεσσαλίᾳ
3059 3730 3327 3803 δεσπότης
3364 3734 3645 3803 Ἰωάννης,

2641 3824 2810 3897 Ἀνὴρ
2844 3822 3061 3897 ἀγαθὸς,
3096 3818 3364 3895 εὐλαϐὴς,
3398 3824 3583 3895 νόμων
3613 3824 3810 3901 φύλαξ,

2647 3913 2914 3988 Σώφρων,
2949 3911 3163 3986 ἱλαρὸς,
3195 3911 3430 3985 εὐμενής
3464 3912 3759 3980 ὑπηκόοις,

2647 4001 2759 4056 Ἀεὶ
2791 4000 3082 4075 σχολάζων
3116 4003 3286 4076 ἱεραῖς
3322 4000 3644 4074 ὑμνῳδίαις,

2644 4090 2749 4145 Καὶ
2772 4091 3068 4164 ναζιραίων
3097 4092 3417 4164 προκρίτοις
3450 4091 3816 4167 ἐντυγχάνων.

2385 3237 2427 3302 C

2463 4190 2605 4245 8475
2644 4188 2854 4246 Τούτου
2888 4188 3165 4261 θανόντος,
3198 4184 3468 4262 λαμϐάνει
3499 4188 3845 4266 κληρουχίαν

2645 4278 2747 4333 Καὶ
2781 4276 3103 4347 δεσποτικὴν
3139 4278 3190 4348 ἐξ
3222 4276 3449 4343 ἄνακτος
3478 4278 3627 4349 ἀξίαν

2645 4370 2962 4443 Δημήτριος
2996 4368 3283 4441 σύναιμος,
3317 4370 3387 4423 οὐ
3423 4367 3593 4429 καλὸς
3622 4369 3883 4444 τρόπους,

2644 4458 2884 4530 ’Ἑρωτος
2914 4457 3118 4527 ἥττων,
3152 4456 3349 4519 δοῦλος
3382 4456 3731 4534 ἀφροδισίων,

2641 4548 2719 4602 Τά
2748 4546 2935 4603 πολλά
2965 4548 3136 4601 συνὼν
3171 4545 3425 4622 ἀνδράσιν
3459 4543 3793 4620 ἀϐελτέροις,

2390 4612 2431 4675 D
2461 4640 2605 4694 8480
2646 4638 2746 4694 Καὶ
2784 4637 3089 4711 μειρανίοις
3125 4612 3440 4708 συνομιλῶν
3476 4612 3826 4711 δυστρόποις.

2644 4730 2829 4802 Ἀγων
2862 4727 2919 4781 δὲ
2953 4728 3139 4801 μάχης
3175 4727 3474 4801 ἀνακωχὴν
3507 4728 3534 4780 ὁ
3566 4729 3807 4801 κράτωρ,

2643 4816 2880 4890 Περάσας
2912 4814 3323 4886 Ἑλλήσποντον
3359 4817 3471 4887 ἅμα
3507 4816 3765 4891 βραχέσιν

2644 4907 3047 4981 Ἐπιστρατεύει
3080 4911 3198 4967 τοῖς
3225 4906 3360 4959 κατὰ
3392 4903 3543 4959 δύσιν
3573 4905 3783 4967 τόποις.

2646 4998 2836 5050 Κισσὸν
2870 4995 3220 5070 παραμείψας
3256 4992 3311 5049 δὲ
3343 4995 3605 5072 φρούριον
3637 4995 3855 5070 Θρᾴκης

2463 5098 2605 5152 8485
2643 5094 2821 5169 Εὕρου
2853 5115 2911 5148 τε
2938 5095 3029 5149 τὸν
3062 5094 3194 5169 ῥοῦν
3228 5093 3526 5169 ἐκπεράσας
3558 5093 3823 5163 ἱππότης,

2642 5185 2783 5248 Εὑθὺ
2809 5189 3021 5258 Ζιχνῶν
3050 5182 3258 5252 ἤλαυνε
3289 5188 3385 5238 τοῦ
3416 5183 3742 5258 πολιχνίου.

2642 5278 2879 5346 Μήνυμα
2911 5272 2956 5327 δ’
2986 5275 3113 5343 ἧκεν
3145 5275 3218 5335 ὡς
3246 5274 3274 5326 ὁ
3307 5273 3633 5349 Βουλγάρων
3669 5272 3795 5343 ἄναξ

2644 5361 3001 5436 Καλλιμάνος
3034 5360 3289 5417 λέλοιπεν
3314 5363 3481 5431 ἡλίου
3513 5360 3646 5440 φᾶος
3682 5381 3695 5394 ·

2644 5454 2851 5510 Βαίνων
2885 5450 2928 5506 δ’
2961 5450 3114 5524 ὅμως
3146 5452 3387 5529 πέφθαγε
3422 5452 3626 5529 Σέῤῥας
3653 5458 3754 5521 τῆν
3788 5450 3985 5521 πόλιν,

2463 5547 2604 5602 8490
2640 5546 2741 5600 ’Ἡν
2773 5543 2860 5597 καὶ
2894 5544 3269 5617 παρεστήσατο
3301 5547 3418 5602 ταῖς
3452 5537 3763 5603 εὐϐουλίαις
3805 5561 3817 5573 ·

2643 5636 2832 5689 Μυσοῦ
2866 5638 3126 5705 Δραγωτᾶ
3156 5630 3493 5705 παραδόντος
3522 5633 3621 5700 τήν
3654 5630 3818 5686 πόλιν

2640 5726 2744 5777 Τοῦ
2773 5721 2938 5791 τῆσδε
2970 5720 3325 5797 φρουράρχου
3358 5743 3416 5776 τε
3444 5722 3533 5776 καὶ
3562 5730 3979 5799 πρωτοστατου.

4011 387 4125 443 312
