4250 6432
156 414 279 471 313

352 536 795 615 Φιλοφρονηθεὶς
828 534 873 589 δ’
903 534 963 589 lx
997 534 1263 609 βασιλέως
1296 532 1408 601 ὅδε,

352 628 496 699 Πρὸς
529 624 829 681 Μελενίκου
860 627 957 693 τήν
991 623 1156 678 πόλιν
1190 622 1489 693 ἀπεστάλη-

161 719 316 773 8495
356 718 486 772 Εἶτα
517 714 590 787 (τί
621 712 806 768 πολλά
850 711 1159 785 μηκόνοντα
1190 711 1273 766 δεῖ
1300 716 1521 789 γράφειν
1550 718 1589 787 ς)

354 806 459 859 Σὺν
497 805 753 874 Νικολάῳ
786 797 1141 877 Μαγκλαϐίτῃ
1167 801 1473 871 τούπίκλην

354 891 543 963 Ἀνδρὶ
576 892 827 967 φρονίμῳ
858 891 945 944 καὶ
979 894 1115 944 πάνυ
1149 888 1463 965 δραστηρίῳ

355 980 722 1053 Παραδιδοῦσι
755 985 833 1050 τῷ
862 978 1144 1053 κρατάρχη
1172 981 1269 1045 τήν
1303 979 1491 1046 πόλιν,

351 1071 561 1146 Τοπρὶν
591 1065 911 1143 προϐάντων
943 1089 1187 1142 χρυσοση
1201 1071 1414 1139 μάντων
1449 1068 1625 1144 λόγων

165 1169 317 1223 8500
353 1165 779 1241 Ἐρυθογράφων
810 1164 861 1234 ἐξ
892 1161 1142 1232 ἄνακτος,
1176 1165 1248 1224 ὡς
1279 1162 1420 1231 ἔθος,

351 1255 524 1312 Ηὸλιι
553 1253 866 1309 τυποῦντων
903 1250 1107 1326 δωρεάς
1145 1252 1437 1326 χορηγίας.

354 1343 579 1400 Τούτων
610 1341 966 1396 τελεσθέντων
998 1339 1055 1395 δὲ
1084 1338 1241 1395 τόνδε
1268 1342 1357 1394 τὸν
1388 1343 1614 1413 τρόπον,

352 1432 423 1487 Οἱ
456 1430 757 1506 κρείττονες
785 1450 841 1483 τε
870 1428 959 1482 καὶ
990 1425 1349 1502 περίϐλεπτοι
1382 1428 1523 1503 γένει

350 1520 674 1593 Οίκητόρων
703 1518 897 1587 ἥκουσι
930 1520 1067 1593 πρὸς
1106 1515 1333 1590 βασιλέα

164 1612 315 1667 8505
352 1609 451 1663 Καὶ
488 1605 701 1679 μᾶλλον
736 1612 817 1669 οἷς
845 1610 1019 1680 ’Ἄρης
1050 1626 1109 1660 τε
1138 1606 1227 1659 καὶ
1275 1604 1428 1679 μάχη
1464 1604 1616 1682 φίλα,

348 1694 581 1770 ’Ἄνδρες
617 1696 887 1772 σθεναροῖ,
918 1692 1188 1770 γεννάδαι,
1224 1694 1529 1770 ῥωμαλέοι,

354 1786 592 1847 Πλείους
626 1786 846 1858 ἀριθμῷ
878 1785 1247 1838 πεντακοσίων
1279 1785 1447 1858 τάχα,

352 1875 453 1929 Καὶ
490 1873 706 1949 βασιλεῖ
732 1874 938 1928 τίνουσι
965 1874 1279 1947 πρόσφορον
1309 1868 1490 1934 σέϐας.

354 1964 489 2021 Εἶτα
518 1963 779 2037 κατῆρξεν
812 1963 1016 2037 ἀμαχεὶ
1054 1963 1394 2039 στεφηφόρος

165 2056 317 2110 8510
358 2054 719 2127 Στενομάχου
748 2072 807 2105 τε
834 2051 1143 2120 Τζεπαίνης
1174 2050 1505 2124 πολιχνίων,

359 2143 559 2214 Χώρας
585 2162 642 2194 τε
672 2142 851 2209 πάσης
883 2140 1021 2215 πρὸς
1049 2138 1281 2213 Ῥοδόπτ⁶
1311 2139 1595 2211 κειμένης,

355 2231 453 2287 Καὶ
490 2225 761 2286 Βελέσϐου
786 2230 910 2283 Δίου
939 2250 1000 2303 γε
1034 2229 1345 2301 σύμπαντος
1375 2229 1566 2283 τόπου·

351 2318 455 2375 Καὶ
484 2317 749 2375 Βελεσσὸν
781 2319 891 2373 εἷλε
918 2315 976 2371 δὲ
1007 2317 1099 2371 σὺν
1128 2323 1244 2379 τοῖς
1270 2317 1548 2379 Σκοπίοις·

354 2410 597 2482 Κατέσχε
626 2409 710 2462 καὶ
746 2408 1030 2478 Πρίλαπον
1061 2410 1174 2480 ἅμα
1202 2413 1319 2468 τοῖς
1347 2408 1524 2481 πέριξ,

172 2508 320 2563 8515
360 2504 699 2578 Πελαγονίας
732 2503 859 2564 τοὺς
892 2502 1052 2577 ὅρους
1086 2504 1174 2557 καὶ
1204 2504 1271 2558 τά
1299 2504 1506 2572 πλάτη,

359 2593 458 2650 Καὶ
491 2592 751 2667 φρούριον
789 2591 1070 2664 Πρόσακον
1100 2592 1193 2663 ἅμ’
1228 2588 1407 2661 Εὔτζᾳ
1436 2588 1618 2647 πόλει.

352 2686 539 2737 Ταῦτα
572 2680 906 2750 καθυπέταεε
933 2683 1002 2753 τῇ
1034 2680 1343 2753 κραταρχίᾳ

358 2771 525 2841 Ἀναξ
556 2770 948 2845 χαριτώνυμος
980 2770 1197 2831 ἄνευθεν
1233 2768 1442 2843 μάχης’

359 2862 482 2935 Ἐφ’
515 2862 598 2921 οἷς
627 2858 897 2934 παρέσχεν
926 2857 1178 2928 αἰτήσασι
1211 2856 1553 2932 Βουλγάροις

185 2954 329 3009 8520
370 2952 672 3025 Ἐχέγγυον
706 2947 891 3020 μόνοις
918 2967 978 3021 γε
1004 2946 1222 3007 τούτοις
1252 2946 1529 3019 ἐμμένειν.

364 3041 576 3095 Ἐπειτ’
607 3036 813 3107 ἐπῆλθε
844 3036 1246 3107 Θεσσαλονίκης
1278 3039 1452 3110 ὅροις,

362 3127 467 3184 Καὶ
494 3124 661 3195 τῆσδε
690 3131 877 3201 κρατεῖ
904 3130 972 3199 τῇ
996 3129 1129 3180 Θεοῦ
1162 3125 1471 3200 συμμαχίᾳ.

361 3219 551 3279 Ὀπως
582 3214 628 3271 δ’
661 3215 829 3283 έάλω,
862 3213 1101 3269 συνελὼν
1136 3212 1314 3284 δήπου
1346 3215 1554 3292 φράσω.

356 3306 570 3375 Ταύτης
599 3306 949 3379 κρατοῦντος,
985 3305 1058 3365 ὡς
1092 3303 1252 3381 ἔφην,
1284 3306 1606 3378 Δημητρίου

181 3399 322 3453 8525
363 3394 709 3459 Ἀτασθάλου
737 3415 796 3448 τε
827 3392 1213 3468 δυσαναγώγου
1245 3392 1389 3462 νέου,

366 3486 469 3541 Καὶ
500 3482 750 3545 παιδιαῖς
783 3485 1069 3558 χαίροντες
1098 3482 1179 3536 ἀεὶ
1210 3484 1296 3536 καὶ
1335 3482 1545 3554 μέθαις,

366 3572 820 3647 Καταμελοῦντος
845 3571 1077 3626 ἀστικῶν
1112 3570 1170 3626 δὲ
1201 3574 1557 3645 πραγμάτων,

363 3662 669 3719 Καττύεταί
701 3664 757 3715 o't
790 3661 1007 3735 σκέμμα
1036 3662 1125 3715 καὶ
1158 3663 1428 3735 σκευωρία

364 3753 520 3826 Παρὰ
545 3751 791 3807 πολιτῶν
824 3749 1117 3827 γνωρίμων
1148 3754 1216 3823 τῇ
1249 3747 1493 3825 πατρίδι,

184 3855 327 3909 8530
368 3848 789 3924 Ἰατροπούλου,
825 3853 1171 3923 Σπάρτηνοῦ,
1203 3846 1640 3919 Κουνσουλάτου,

370 3941 475 3995 Σὺν
506 3943 591 4001 οἷς
621 3939 932 4011 Καμπανὸς,
971 3937 1202 4014 Σίσυφος
1228 3935 1399 3999 ἄλλος
1434 3937 1692 4013 τρόπους·

367 4031 465 4087 Ἐκ
495 4026 543 4083 δ’
575 4028 804 4102 εὐγενῶν
841 4027 1109 4101 Λάσκαρις
1138 4026 1228 4081 καί
1257 4047 1340 4088 τις
1370 4025 1654 4100 Τζιρίθων·

364 4120 433 4177 Oi.
460 4119 552 4173 καὶ
586 4115 736 4190 δόλῳ
765 4116 1073 4190 πέμψαντες
1106 4116 1182 4179 ὡς
1216 4115 1444 4190 βασιλέα

366 4206 755 4279 Σκηνούμενόν
789 4226 895 4259 που
925 4207 1045 4269 καθ’
1076 4204 1237 4280 ὅρους
1271 4204 1571 4262 Μελενίκου

182 4301 327 4356 8535
368 4300 581 4356 Τοῦτον
612 4295 904 4368 Καμπανὸν
935 4299 1042 4349 τῶν
1078 4294 1409 4369 συνιστόρωο
1439 4291 1551 4364 ἕνα,

366 4389 453 4460 Τῇ
490 4385 584 4457 μὶν
619 4386 886 4463 προφάσει
918 4382 1381 4458 πραγματεύσεως
1409 4382 1595 4459 χάριν,

368 4479 468 4547 Τῷ
500 4472 547 4529 δ’
580 4471 694 4528 ὄντι
730 4468 918 4528 λαϐεῖν
951 4492 1195 4547 χρυσοση
1209 4473 1422 4545 μάντων
1453 4473 1630 4549 Λόγων

370 4564 831 4641 Ἐρυθρογράφων
864 4562 1159 4637 ἀσφάλειαν
1192 4560 1435 4636 πατρίδι,

365 4662 615 4709 *Απαντα
645 4656 856 4725 κρατῶν
892 4650 1195 4725 ἐκπεραίνει
1226 4651 1575 4728 προφρόνως,

186 4757 332 4812 8540
373 4750 667 4812 Ἀλώσεως
699 4748 901 4817 ἤνυσαν
932 4750 1135 4803 ἅπαντα
1166 4747 1362 4824 λόχον.

374 4838 810 4913 Ἐπαναδραμὼν
845 4840 1142 4911 Καμπανὸς
1171 4837 1298 4913 γοῦν
1336 4839 1409 4900 εἷς
1448 4838 1636 4909 πόλιν,

369 4933 614 4987 Ἕκαστα
646 4933 802 5004 σαφεῖ
832 4926 1005 5003 λάθρα
1032 4934 1147 4990 τοῖς
1181 4928 1546 5001 συνωμόταις·

373 5020 512 5078 Εἶτα
540 5015 798 5094 βασιλεὺς
835 5016 1030 5089 μηνύει
1064 5018 1387 5092 Δημητρίῳ,

366 5113 458 5173 Ὠς
486 5108 646 5163 αὐτὸν
677 5106 853 5171 ἐλθεῖν
884 5108 1252 5182 προσκύνησιν
1284 5108 1529 5179 ἐκτίσων,

184 5206 330 5261 8545
371 5201 629 5272 Καθάπερ
664 5196 957 5272 έστοίχησε
983 5197 1178 5272 τοπρὶν
1212 5198 1441 5271 ὁρκίοις,

364 5292 482 5358 Τὴν
518 5286 845 5354 δεσποτικὴν
880 5287 1026 5357 ἀξίαν
1057 5285 1406 5362 δεδεγμένος*

369 5383 433 5439 Ὁ
467 5377 512 5434 δ’
546 5376 774 5447 ἀκλινὴς
798 5379 889 5449 ἦν,
922 5376 1193 5450 μηδαμῶς
1233 5376 1459 5438 ἐπαΐων,

373 5469 575 5528 Τοίνυν
609 5466 827 5527 ἐπιστάς
861 5465 1231 5541 Θεσσαλονίκῃ
1263 5467 1479 5542 κράτωρ

372 5563 549 5617 Πάλιν
586 5554 790 5627 ἐδήλου
815 5560 983 5611 ταῦτα
1013 5562 1093 5627 τῷ
1124 5556 1448 5629 Δημητρίῳ·

189 5656 335 5711 8550
373 5649 532 5707 Ἀλλ’
562 5649 629 5715 ἦν
660 5647 889 5715 ἀπειθὴς
922 5646 1148 5718 ἀμελῶν
1183 5642 1541 5717 συμϐουλίας,

371 5743 497 5798 Τῶν
525 5735 862 5812 πραγμάτων
892 5734 986 5791 οὖν
1015 5735 1149 5811 τῇδε
1178 5735 1538 5808 διακειμένων

1704 412 2060 468 ΟΕΒΔΒΕΒ.

1853 541 1905 605 Α
1936 536 2039 589 Hic
2070 535 2346 591 delinitus
2378 553 2411 591 a
2439 536 2663 591 Camars
2692 533 2921 604 ofﬁciis,

1935 624 2161 695 legatus
2194 630 2283 679 est
2314 626 2383 679 ad
2416 626 2620 680 urbem
2654 624 2993 679 Melenicum
3032 641 3042 677 :

1937 713 1985 768 is
2018 718 2212 768 autem
2246 717 2336 777 (ne
2369 730 2488 768 rem
2524 713 2695 784 longo
2729 729 2996 768 sermone
3026 710 3314 782 differam)

1936 817 2068 857 cum
2102 802 2335 857 Nicolao
2366 803 2711 873 conspirans
2742 801 3091 856 manclavita

1937 891 2164 961 sagacis
2200 892 2408 946 mentis
2435 891 2555 946 viro
2588 898 2645 945 et
2674 890 2894 945 efﬁcaci

1938 979 2276 1049 imperatori
2310 986 2505 1035 nostro
2539 981 2741 1035 urbem
2775 980 3015 1035 tradidit
3046 997 3059 1035 :

1940 1068 2240 1137 praemisso
2272 1075 2474 1123 tamen
2504 1086 2678 1123 aureo
2712 1068 2925 1137 libello,

1940 1173 2113 1226 quem
2146 1156 2337 1211 Caesar
2361 1159 2471 1212 rite
2505 1157 2685 1212 minio
2719 1157 3170 1228 subscripserat,

1940 1246 2069 1299 urbi
2102 1247 2426 1317 spondente
2453 1246 2793 1317 largitiones
2826 1245 3130 1317 plurimas.

1940 1342 2133 1397 Rebus
2165 1343 2273 1397 hoc
2306 1344 2478 1399 modo
2511 1344 2761 1414 denique
2795 1343 3157 1414 compositis,

1941 1448 2072 1487 ecce
2101 1432 2411 1502 optimates
2444 1438 2501 1486 et
2532 1448 2737 1502 genere
2772 1434 3072 1503 conspicui

1940 1520 2142 1575 lucolie
2177 1522 2339 1575 urbis
2364 1523 2435 1575 ad
2467 1521 2750 1576 Caesarem
2784 1527 3094 1585 venerunt,

1944 1612 2349 1682 praacipueque
2379 1611 2484 1664 viri
2518 1612 2666 1665 sueti
2701 1610 2890 1675 bellis,

1944 1700 2176 1757 asseclze
2212 1699 2429 1768 Martis,
2464 1700 2708 1765 strenui,
2741 1716 3056 1771 pugnaces,

1944 1805 2191 1860 quorum
2229 1788 2534 1859 quingenti
2567 1794 2668 1842 aut
2700 1790 2878 1843 ferme
2912 1790 3084 1859 paulo
3118 1788 3313 1859 plures

1864 1907 1909 1971 Β
1942 1878 2203 1934 debitum
2236 1876 2576 1932 obtulerunt
2607 1878 2956 1947 obsequium
2990 1878 3218 1933 Caesari.

1945 1969 2073 2038 Ipse
2105 1966 2315 2021 deinde
2348 1968 2473 2021 sine
2507 1966 2702 2037 prmlio
2732 1967 2987 2022 obtinuit

1946 2056 2254 2110 urbeculas
2286 2056 2731 2110 Stenimachum
2764 2062 2820 2109 et
2850 2057 3210 2125 Tzepzenam,

1945 2150 2247 2214 terrasque
2279 2150 2521 2199 cunctas
2552 2146 2623 2199 ad
2660 2146 2974 2215 Rhodopen
3012 2147 3252 2216 positas,

1945 2231 2277 2302 Belesbum,
2316 2234 2504 2301 Dium,
2539 2250 2672 2287 cum
2706 2234 2864 2288 omni
2900 2235 3207 2289 territorio.

1946 2320 2244 2377 Belessum
2280 2322 2521 2393 insuper
2551 2323 2853 2394 occupavit
2883 2339 3013 2377 cum
3049 2322 3291 2394 Scopiis,

1946 2410 2244 2481 Prilapum
2277 2427 2509 2483 quoque
2542 2427 2675 2466 cum
2708 2411 2850 2467 locis
2884 2412 3172 2481 ﬁnitimis,

1946 2504 2005 2555 et
2032 2499 2349 2570 Pelagoniae
2381 2500 2527 2554 ﬁnes
2559 2517 2692 2554 cum
2722 2516 2829 2555 sua
2860 2502 3121 2570 planitie,

1948 2588 2261 2643 Prusaeum
2294 2595 2553 2643 castrum
2586 2605 2719 2644 cum
2752 2591 2964 2660 oppido
2996 2592 3193 2647 Eutza.

1947 2676 2097 2746 Haec,
2131 2678 2390 2748 inquam,
2419 2679 2619 2733 omnia
2650 2679 2913 2734 subdidit
2944 2681 3188 2752 imperio

1949 2766 2173 2839 absque
2200 2783 2404 2822 cruore
2428 2767 2687 2823 Joannes
2720 2768 3056 2840 imperator.

1949 2864 2216 2937 Bulgaris
2247 2869 2442 2921 autem
2478 2866 2749 2937 promisit
2779 2866 3237 2939 postulantibus,

1950 2954 2044 3009 his
2074 2970 2131 3008 se
2163 2958 2499 3010 contentum
2536 2954 2803 3010 terminis
2836 2955 3123 3011 futurum.

1951 3043 2431 3099 Thessalonicam
2468 3050 2665 3115 postea
2700 3045 2971 3115 perrexit,

1951 3138 2127 3205 atque
2162 3133 2267 3187 hac
2296 3133 2521 3188 favente
2554 3134 2773 3206 potitus
2801 3140 2892 3189 est
2921 3135 3191 3202 Numine,

1952 3224 2125 3293 cujus
2156 3221 2237 3277 rei
2270 3223 2537 3278 ordinem
2570 3223 2823 3278 breviter
2852 3225 3179 3295 expediam.

1872 3277 1913 3343 Ο
1958 3277 2163 3368 υτίωω
2193 3316 2546 3375 tenente,ut
2576 3312 2714 3381 dixi,

1953 3398 2197 3455 scelesto
2224 3400 2437 3470 juvene
2468 3405 2524 3455 et
2555 3401 2809 3473 pessime
2842 3407 3067 3457 morato

1953 3493 2245 3560 perpetuae
2276 3489 2473 3544 dedito
2504 3490 2755 3561 crapulaa
2784 3493 2841 3545 et
2872 3490 3122 3545 lascivia:

1953 3580 2011 3631 et
2042 3575 2375 3647 negligente
2406 3576 2649 3647 publicae
2682 3578 2765 3632 rei
2796 3593 3019 3645 curam,

1956 3666 2021 3719 ﬁt
2054 3669 2256 3720 contra
2285 3664 2477 3735 ipsum
2507 3666 2841 3736 conspirata
2874 3666 3050 3722 factio

1955 3754 2169 3811 civium
2204 3756 2263 3809 in
2297 3754 2486 3827 patria
2518 3755 2759 3810 minime
2792 3756 3174 3812 obscurorum

1959 3844 2261 3915 Iatropuli,
2292 3844 2585 3916 Spartani,
2617 3844 2946 3911 Cunsulati,

1956 3952 2091 3991 cum
2124 3936 2341 4007 quibus
2374 3939 2501 3990 erat
2532 3934 2891 4006 Campanus,
2925 3936 3071 3991 alter
3099 3935 3425 4009 Sisyphus;

1956 4027 2183 4084 nobiles
2214 4033 2408 4083 autem
2441 4029 2579 4093 duo,
2616 4026 2883 4083 Lasoaris
2912 4033 2969 4082 et
3000 4028 3281 4085 Tziritbo.

1957 4118 2023 4173 Hi
2060 4116 2461 4173 fraudulenter
2492 4117 2781 4172 miserunt
2812 4118 2881 4173 ad
2915 4117 3198 4173 Caesarem

1955 4215 2098 4263 tunc
2128 4206 2394 4263 Melenici
2427 4206 2486 4262 in
2519 4223 2655 4275 agro
2687 4207 3116 4275 demorantem,

1956 4304 2321 4375 Campanum
2354 4303 2542 4371 illum,
2573 4308 2636 4359 ut
2666 4303 2806 4371 dixi,
2839 4306 3246 4374 conjuratum;

1958 4399 2231 4465 praetextu
2268 4393 2506 4465 quidem
2544 4393 2759 4463 publici
2795 4395 3035 4466 negotii,

1958 4500 2151 4539 revera
2183 4487 2249 4537 ut
2278 4482 2503 4537 bullam
2533 4498 2770 4538 auream
2804 4483 3149 4555 impetraret

1959 4573 2144 4629 minio
2177 4572 2571 4644 subscriptam
2605 4573 2673 4626 ad
2708 4572 2958 4627 salutem
2994 4574 3214 4645 patriae.

1879 4651 1926 4716 D
1961 4662 2180 4717 Annuit
2211 4662 2440 4717 cunctis
2472 4660 2723 4715 libenter
2750 4662 3090 4733 imperator;

1964 4752 2050 4807 illi
2084 4751 2363 4806 dedendas
2397 4750 2524 4804 urbi
2558 4756 2845 4804 navarunt
2876 4767 3134 4822 operam.

1964 4842 2231 4911 Namque
2263 4842 2599 4911 Campanus
2631 4840 2687 4893 in
2722 4840 2923 4894 urbem
2959 4842 3255 4911 profectus

1963 4950 2082 4989 rem
2120 4947 2351 4987 omnem
2386 4935 2610 5001 gestam
2644 4931 2818 4986 sociis
2854 4932 3142 5003 patefecit.

1962 5026 2087 5079 Mox
2119 5023 2436 5093 imperator
2471 5020 2767 5091 signiﬁcat
2798 5020 3111 5087 Demetrio,

1962 5116 2026 5166 ut
2057 5111 2127 5165 ad
2163 5125 2225 5165 se
2256 5109 2451 5163 veniat
2480 5109 2830 5179 obsequium
2869 5110 3249 5180 pra'biturus,

1961 5200 2115 5271 quod
2152 5213 2212 5253 se
2245 5198 2534 5253 facturum
2570 5204 2938 5253 sacramento
2969 5200 3385 5268 obstrinxerat,

1961 5306 2094 5345 cum
2128 5287 2475 5359 dignitatem
2510 5288 2762 5358 despotm
2785 5288 3231 5359 impetraverat.

1960 5385 2180 5435 Morem
2208 5378 2440 5448 jubenti
2466 5376 2706 5446 juvenis
2738 5394 2851 5432 non
2886 5378 3088 5450 gessit.

1959 5466 2437 5525 Thessalonicam
2472 5466 2652 5537 igitur
2682 5468 2966 5522 accedens
2996 5470 3209 5539 Caesar,

1962 5559 2118 5613 idem
2152 5556 2495 5611 mandatum
2527 5555 2819 5611 Demetrio
2851 5556 3167 5627 signiﬁcat,

1962 5648 2062 5719 qui
2095 5647 2151 5700 id
2189 5661 2394 5700 rursus
2427 5646 2623 5699 surdis
2657 5646 2933 5713 praeteriit
2964 5648 3229 5705 auribus.

1962 5740 2098 5803 Quae
2128 5752 2263 5792 cum
2298 5735 2376 5791 ita
2407 5751 2467 5791 se
2496 5736 2802 5805 baberent,
2835 5753 2907 5790 en
2940 5742 3177 5809 repente

3469 408 3572 464 314
