4190 6448
701 400 808 459 315
1906 400 2280 457 BPHRBMII
2314 400 2356 455 C

2459 399 2884 457 .ONOGRAPHI
3999 404 4114 459 316

702 526 861 581 fama
893 526 1224 597 clamorque
1250 526 1477 582 diditur
1506 543 1607 598 per
1639 529 1839 582 urbem

2378 527 2426 591 Α
2634 527 2747 595 Βοή
2778 546 2859 587 τις
2892 522 3046 581 ἔνδον
3082 526 3290 601 ἀθρόως
3320 525 3578 603 ἐξερράγη

705 622 934 687 portam
963 631 997 670 a
1025 615 1165 670 viris
1195 616 1539 687 patefactam
1573 616 1797 687 aliquot

2633 614 2722 677 Ὦς
2752 612 2915 676 πυλὶς
2948 614 3187 688 ἀνέῳκτό
3215 636 3356 670 τισιν
3392 614 3639 690 ἀνδράσιν

707 721 867 760 mare
899 708 1281 776 spectantem,
1313 710 1368 759 et
1401 706 1694 760 moenibus
1724 708 2015 776 receptam

2008 724 2015 759 ι
2633 703 2694 757 Ἥ
2722 704 2838 766 καθ’
2868 701 2974 758 ἅλα
3003 702 3249 771 νεόουσα,
3280 703 3368 758 καὶ
3400 703 3663 780 συνερρύη

704 804 1057 875 phalangem
1092 809 1451 860 armatorum
1479 805 1601 871 jam
1636 804 1981 874 irrumpere.

2454 792 2598 847 8555
2634 789 2926 863 Ὀπλιτική
2960 813 3043 853 τις
3073 790 3224 847 ἔνδον
3254 794 3483 868 τειχέων
3518 793 3747 869 φάλαγξ.

704 895 788 950 Ibi
825 894 1118 949 tumultus
1150 893 1442 949 maximus
1472 900 1561 949 est
1591 897 1777 963 ortus,

2637 882 2721 936 Ἐν
2752 886 2831 952 τῷ
2859 878 2915 935 δέ
2945 902 3025 943 τις
3058 885 3220 955 θροῦς
3249 884 3546 956 παμμιγὴς
3570 880 3713 955 ἤρθη
3751 880 3932 958 μέγας,

706 991 760 1037 et
788 982 1060 1037 reseratis
1095 982 1313 1037 foribus
1345 984 1656 1050 introrsus,

2634 968 2737 1025 Καὶ
2766 974 2874 1024 τῶν
2908 967 3097 1024 πυλῶν
3124 968 3369 1034 ἔντοσθεν
3402 971 3784 1045 ἀνεῳγμένων,

706 1071 1035 1143 ingreditur
1072 1070 1361 1126 exercitus
1392 1071 1697 1141 Caesarque
1729 1068 1904 1125 simul
1940 1085 1954 1124 :

2636 1059 2871 1131 Στρατιὰ
2902 1058 3200 1129 συνήλασεν
3233 1055 3383 1114 ἔνδον
3411 1062 3498 1115 καὶ
3526 1060 3762 1135 κράτωρ·

710 1170 1032 1224 Demetrius
1065 1174 1257 1223 autem
1293 1169 1441 1240 fugit
1472 1169 1526 1223 in
1562 1168 1891 1239 acropolin;

2634 1148 2827 1221 Φεόγει
2858 1145 2916 1202 δὲ
2946 1150 3262 1224 Δημήτριος
3294 1149 3373 1209 εἷς
3400 1149 3564 1225 ἄκραν
3597 1148 3782 1220 πόλιν,

708 1258 806 1330 qui
847 1275 977 1312 mox
1007 1256 1214 1313 salutis
1248 1259 1358 1313 fide
1389 1258 1501 1312 sibi
1532 1259 1689 1323 data,

2454 1246 2597 1301 8560
2635 1244 2933 1321 Ἐχέγγυον
2967 1244 3024 1300 δὲ
3050 1242 3380 1321 προσλαϐὼν
3415 1248 3688 1322 σωτηρίας

709 1352 895 1402 semet
926 1363 1058 1401 cum
1092 1362 1223 1401 arce
1253 1346 1587 1417 imperatori
1618 1344 1875 1400 tradidit.

2631 1335 2802 1391 Αὐτὸν
2833 1355 2891 1389 τε
2921 1336 3162 1413 φρουρὰν
3194 1340 3274 1408 τῷ
3302 1338 3587 1411 κρατάρχῃ
3615 1338 3928 1412 προσνέμει.

706 1436 799 1490 Sic
834 1436 974 1490 urbs
1006 1434 1417 1491 Thessalonica
1446 1441 1615 1507 capta
1646 1434 1756 1489 fuit
1789 1451 1801 1488 :

2631 1424 2817 1487 Οὕτως
2845 1424 2989 1479 ὲάλω
3019 1424 3386 1496 Θεσσαλονίκη
3418 1426 3603 1487 πόλις·

705 1534 804 1589 ubi
840 1535 1161 1603 imperator
1190 1532 1455 1589 substitit
1481 1548 1813 1604 parumper,

2632 1512 2705 1567 Οὖ
2739 1511 3013 1604 διαγαγὼν
3051 1513 3307 1589 βασιλεὺς
3338 1515 3546 1590 βραχὺν
3580 1517 3804 1590 χρόνον,

705 1622 1111 1692 ordinatisque
1142 1622 1317 1677 rebus
1347 1638 1417 1678 ex
1447 1622 1757 1690 sententia,

2634 1601 2737 1659 Καὶ
2770 1599 2973 1665 διαθεὶς
3008 1604 3215 1657 ἅπαντα
3245 1602 3485 1677 καθάπερ
3519 1601 3660 1674 δέον,

697 1710 867 1767 laetus
898 1713 967 1765 ad
1002 1691 1137 1767 eoas
1170 1711 1496 1781 provincias
1528 1710 1700 1766 rediit

2455 1695 2599 1751 8565
2636 1692 2855 1767 Χαίρων
2887 1692 3228 1763 ἐπανέζευξεν
3260 1693 3338 1755 εἷς
3368 1691 3442 1749 ἕω
3470 1694 3700 1765 τόπους,

694 1817 725 1856 a
760 1800 985 1855 cunctis
1018 1801 1345 1856 celebratus
1378 1817 1478 1855 ceu
1513 1800 1923 1871 triumphator.

2631 1782 2994 1856 Ὗμνούμενος
3025 1782 3295 1854 ξύμπασιν
3327 1783 3401 1845 ὡς
3430 1784 3744 1861 νικηφόρος.

700 1899 956 1970 Reliquit
988 1904 1183 1954 autem
1215 1900 1501 1954 exercitus
1535 1897 1761 1953 occidui

2372 1884 2421 1949 B
2631 1872 2813 1948 Ἀφεὶς
2843 1872 3146 1946 στρατηγὸν
3176 1876 3283 1926 τῶν
3319 1868 3548 1926 δυτικῶν
3580 1873 3869 1946 ταγμάτων

2630 1960 2854 2018 Πάντων
2884 1959 3171 2031 ἐπιστάτην
3204 1980 3264 2014 τε
3294 1965 3518 2035 χωρῶν,
3552 1960 3753 2015 ἀστέων

2630 2047 3009 2125 Παλαιολόγον
3043 2048 3095 2103 ἐν
3129 2045 3472 2121 δομεστίκοις
3508 2050 3697 2124 μέγαν,

2454 2141 2596 2196 8570
2634 2136 2835 2212 ’Χνδρα
2868 2137 3199 2213 στρατηγίας
3229 2158 3287 2193 τε
3316 2138 3404 2192 καὶ
3436 2139 3623 2213 μάχης
3652 2136 3815 2213 ἴδριν,

2632 2228 2735 2285 Καὶ
2766 2224 3133 2289 παντοδαπαῖς
3164 2225 3461 2282 καλλοναῖς
3488 2229 3832 2300 ἠνθισμένον·

2630 2318 2733 2374 Τὸν
2769 2315 2816 2365 δ’
2840 2315 2906 2370 αὖ
2934 2317 3217 2389 Κομνηνὸν
3252 2315 3484 2391 Μιχαὴλ
3517 2317 3713 2372 τούτου
3741 2317 3927 2393 γόνον,

2629 2406 2728 2461 Τὸν
2762 2406 3005 2478 ὑστέροις
3035 2404 3259 2480 ἄρξαντα
3286 2405 3575 2479 Ῥωμαίων
3612 2407 3860 2482 χρόνοις,

2635 2498 2968 2550 Ἐπιστατεῖν
3006 2494 3223 2570 Σερῥῶν
3247 2516 3305 2551 τε
3327 2495 3418 2550 καὶ
3453 2496 3779 2565 Μελενίκου,

702 1989 1156 2061 generalemque
1192 1989 1427 2044 urbium
1463 1994 1743 2044 rectorem

703 2096 983 2150 magnum
1018 2080 1402 2136 domesticum
1441 2079 1829 2149 I‘alazologum

702 2168 952 2222 ducendi
988 2168 1400 2239 pugnandique
1432 2167 1916 2235 scientissimum,

701 2270 875 2335 atque
908 2265 1269 2320 ornamentis
1298 2265 1694 2320 abundantem
1726 2264 2018 2319 omnibus.

698 2354 887 2425 Hujus
919 2369 1050 2409 vero
1084 2352 1269 2408 filium
1302 2353 1643 2409 Michaelem
1678 2355 2063 2421 Comnenum,

700 2452 799 2522 qui
836 2451 967 2505 dein
1004 2451 1323 2506 Romanum
1358 2450 1548 2505 tenuit
1583 2451 1915 2522 imperium,

696 2540 884 2595 Serris
918 2540 1171 2611 praefecit
1200 2544 1374 2609 atque
1406 2539 1702 2606 Melenico,

700 2636 757 2685 et
787 2629 1183 2699 circumjectis
1214 2629 1489 2685 omnibus
1522 2629 1879 2702 regionibus.

700 2720 860 2775 Alios
895 2726 1166 2788 praeterea
1193 2720 1399 2774 statuit
1428 2720 1727 2791 praefectos

702 2810 973 2881 regendis
1004 2808 1182 2863 variis
1210 2808 1457 2864 urbibus
1490 2825 1555 2863 ac
1588 2808 1924 2880 provinciis.

699 2908 1060 2963 Demetrium
1093 2912 1287 2963 autem
1322 2908 1380 2963 in
1420 2908 1559 2963 urbe
1589 2906 1884 2962 Lentianis

700 2998 799 3053 diu
833 2998 1076 3052 retinuit
1103 2998 1459 3053 custoditum
1492 3012 1743 3052 carcere.

696 3088 828 3143 Jam
862 3085 1194 3158 patriarcha
1225 3085 1479 3158 Byzantii
1513 3090 1800 3141 Germano

697 3177 875 3231 vitam
911 3176 1228 3247 sedemque
1258 3174 1854 3246 simul-relinquente,

702 3278 766 3327 ut
798 3275 854 3327 in
889 3277 1138 3328 aeternas
1169 3254 1448 3329 stationes
1481 3279 1773 3345 pergeret;
2374 3250 2419 3317 (Ξ

703 3362 1035 3419 Methodius
1066 3362 1307 3433 quidam
1341 3362 1410 3417 de
1442 3362 1746 3434 Hyacinthi
1780 3360 2040 3416 cmnobio

704 3451 920 3507 insedit
949 3450 1163 3506 solium
1196 3456 1455 3523 tempore
1487 3450 1830 3507 brevissimo
1860 3467 1873 3506 :

700 3540 833 3621 ρ’ὖῖῖ
851 3550 1154 3619 moriente,
1188 3550 1359 3605 sedes
1390 3549 1710 3621 Byzantina

697 3640 898 3711 perdiu
935 3640 1123 3694 caruit
1156 3639 1400 3710 praeside
1434 3644 1686 3709 pastore.

699 3730 875 3784 Paulo
907 3736 1039 3801 post
1069 3729 1245 3784 etiam
1282 3744 1532 3799 magnus
1562 3726 1917 3782 domesticus

696 3818 929 3875 mortali
962 3818 1210 3873 excessit
1239 3818 1357 3872 vita
1389 3816 1751 3889 Palaeologus

2452 2597 2594 2653 8575
2631 2595 2733 2652 Καὶ
2761 2599 2857 2648 τοῦ
2892 2592 3087 2665 μεταξὺ
3115 2594 3204 2648 καὶ
3236 2596 3388 2669 πέριξ
3420 2594 3624 2650 τούτων
3654 2596 3850 2651 τόπου·

2633 2691 2668 2737 Κ
2713 2685 2725 2702 “
2820 2683 2873 2739 ’λ
2969 2682 3068 2738 ”λλ
3213 2683 3307 2739 ’λλ
3428 2689 3450 2699 “
3532 2692 3553 2702 ”
3688 2688 3701 2704 ‘
3783 2684 3794 2704 ’

2678 2705 2727 2738 αι
2764 2704 2837 2737 πα
2883 2705 2930 2737 ιν
2962 2704 2994 2737 α
3078 2705 3168 2747 ους
3200 2706 3232 2738 α
3312 2705 3454 2759 αχου
3483 2705 3586 2759 γης
3615 2706 3705 2739 και
3735 2705 3909 2739 τοπου

2628 2775 2852 2848 ’Άρχειν
2881 2770 3047 2850 ἐφῆκε
3076 2772 3164 2825 καὶ
3194 2770 3487 2835 διευθύνειν
3520 2773 3733 2837 πόλεις.
3814 2762 3817 2765 Ι

2630 2864 2947 2937 Δημήτριον
2980 2860 3037 2917 δὲ
3071 2867 3369 2917 Λεντιανῶν
3400 2862 3451 2918 έν
3482 2864 3641 2918 πόλει

2627 2958 2974 3028 Ἐμφρουρον
3006 2952 3149 3026 εἶχεν
3181 2951 3233 3006 ἐν
3270 2957 3463 3026 μακρῷ
3488 2953 3891 3027 καθειργμένον.

2448 3045 2590 3099 8580
2626 3046 2731 3096 Τοῦ
2762 3038 2807 3095 δ’
2841 3040 3140 3116 ἀρχιΟύτου
3171 3046 3444 3113 Γερμανοῦ
3474 3040 3800 3110 Βυζαντίδος

2629 3130 2750 3189 Βίον
2784 3129 3041 3191 λιπόντος
3068 3130 3158 3184 καὶ
3192 3129 3284 3184 σὺν
3317 3130 3463 3202 αὐτῷ
3491 3132 3581 3185 τὸν
3614 3132 3829 3206 θρόνον,

2629 3216 3068 3293 Ἀναδραμόντος
3102 3215 3148 3273 δ’
3179 3219 3255 3281 εἰς
3291 3220 3458 3293 μονάς
3488 3219 3767 3291 αἷωνίους,

2636 3307 2907 3373 Μεθόδιός
2935 3330 3021 3373 τις
3050 3308 3109 3364 έκ
3142 3315 3309 3382 μονῆς
3342 3310 3623 3372 Ὑακίνθου

2634 3398 2758 3455 Ἐπὶ
2794 3400 3089 3474 βράχιστον
3117 3392 3531 3473 παραλαμϐάνει
3562 3397 3774 3471 Θρόνον,

2455 3490 2599 3546 8585
2636 3488 2849 3546 Τούτου
2880 3487 3159 3555 θανόντος,
3190 3487 3267 3548 είς
3302 3487 3507 3561 μακρὸν
3530 3486 3735 3561 χρόνου
3767 3486 3971 3559 θρόνος

2634 3581 2886 3650 Ἔρημός
2918 3578 3058 3645 ὑπῆν
3091 3577 3354 3648 ποιμένος
3383 3575 3473 3630 καὶ
3504 3576 3832 3650 προστάτου.

2636 3668 2785 3724 Μετὰ
2816 3664 2873 3720 δὲ
2908 3666 3100 3741 μικρὸν
3135 3666 3223 3719 καὶ
3257 3662 3578 3737 δομέστικος
3614 3665 3780 3738 μέγας

2634 3754 3012 3830 Ιίαλαιολόγος
3048 3748 3315 3831 έξαμηϐει
3345 3754 3436 3809 τὸν
3474 3754 3619 3829 βίον,

958 3841 1210 3918 Ρξοδδδη
1238 3841 1357 3918 γηδ
1389 3841 1794 3918 τςξυωωυίζυξξῌ
2630 3846 2711 3902 Τά
2739 3849 2847 3899 τῶν
2884 3848 3137 3918 μοναχῶν
3166 3841 3405 3906 ένδυθεὶς
3436 3842 3586 3918 πρὶν,
3620 3844 3693 3905 ὡς
3726 3844 3909 3916 θέμις·

699 3909 969 3964 monachi
1004 3909 1063 3962 in
1095 3909 1347 3979 speciem
1384 3909 1487 3962 rite
1518 3909 1879 3962 convestitus
1912 3922 1924 3959 :

2454 3947 2596 4001 8590
2632 3944 2737 4001 Καὶ
2770 3909 2937 4021 φιλής
2966 3909 3247 4016 Θεόδωρος
3269 3909 3602 4013 ἐξαπεστάλη

701 4007 920 4061 missus
952 4012 1040 4061 est
1068 4012 1266 4062 autem
1297 4007 1635 4062 Theodorus
1671 4005 1862 4061 Philes

2631 4005 3230 4109 "Apxetv,-o-rpatnyle‘iv
3264 4005 3375 4087 ἀντ’
3407 4005 3614 4088 ἐκείνου
3643 4032 3971 4107 ταγμάτων.

698 4101 797 4167 qui
829 4101 1131 4166 cepiarum
1164 4101 1423 4168 regimen
1454 4101 1765 4166 exciperet.

695 4186 859 4240 Tunc
893 4185 1033 4240 urbs
1062 4184 1476 4241 Thessalonica
1506 4190 1561 4240 et
1591 4184 1864 4240 Berrhma

696 4274 1110 4345 imperatorem
1142 4274 1336 4345 ipsum
1371 4273 1664 4329 habebant
1694 4272 2020 4327 dominum.

695 4363 1038 4418 Theodorus
1071 4369 1267 4417 autem
1301 4379 1489 4418 caecus
1521 4362 1954 4434 Angelonymus

696 4452 947 4508 Bodcnis
981 4452 1311 4524 imperabat
1342 4458 1399 4506 et
1428 4450 1762 4519 Staridolis,

693 4558 827 4597 cum
862 4541 1091 4597 Ostrobi
1125 4542 1427 4613 provincia
1455 4548 1513 4597 et
1543 4541 1896 4597 conﬁnibus.

2631 4122 2997 4192 Θεσσαλονίκη
3029 4123 3116 4176 καὶ
3147 4122 3379 4198 Βέρῥοια
3412 4125 3505 4195 μὶν
3537 4122 3729 4185 πόλεις

2630 4213 2729 4266 Τὸν
2760 4210 3107 4285 αὐσονάρχην
3143 4208 3409 4281 δεσπότην
3436 4214 3589 4286 εἶχον
3620 4211 3764 4267 τότε.

2632 4302 2817 4375 Πηρὸς
2850 4297 2907 4354 δὲ
2936 4297 3218 4373 Θεόδωρος
3243 4299 3405 4377 έκφὺς
3436 4298 3715 4375 Ἀγγέλων

2452 4393 2595 4448 8595
2634 4394 2919 4464 Κατῆρχεν
2952 4390 3101 4451 αὖθις
3137 4386 3413 4462 Βοδηνῶν,
3447 4387 3821 4465 Σταριδόλων,

2636 4479 2742 4534 Σὺν
2770 4473 3069 4553 Ὀστροϐοὒ
3099 4476 3328 4550 κλίματι
3360 4478 3451 4533 καὶ
3482 4483 3589 4533 τῶν
3624 4477 3676 4533 ἐν
3708 4477 3927 4551 κύκλῳ.

2631 4571 2752 4623 Τῶν
2781 4566 2840 4621 ἐκ
2869 4566 3246 4639 Πλαταμῶνος
3280 4564 3338 4622 δὲ
3367 4567 3458 4621 καὶ
3487 4570 3778 4641 κατωτέρω

695 4637 744 4687 Α
778 4633 1115 4689 Platamone
1148 4638 1346 4688 autem
1378 4638 1551 4703 atque
1583 4631 1828 4687 inferius

2377 4619 2425 4683 D
2635 4660 2832 4733 Μερῶν
2863 4656 3158 4712 κλινόντων
3191 4657 3264 4717 ὡς
3294 4658 3429 4731 πρὸς
3462 4658 3687 4731 ἑσπέραν
3718 4658 3965 4725 τόπους,

692 4723 752 4778 ἱη
788 4723 1053 4795 partibus
1084 4723 1154 4777 ad
1191 4722 1505 4794 hesperum
1537 4722 1852 4787 conversis,

2634 4722 2741 4800 Σὺν
2769 4743 2975 4819 Ἀχαΐα
3004 4742 3245 4819 Βλαχίας
3276 4722 3366 4798 καὶ
3397 4746 3507 4798 τῶθ
3537 4722 3688 4819 πέριξ

700 4837 803 4876 nec
838 4837 952 4875 non
986 4820 1305 4884 Blacbiani,
1338 4819 1616 4874 Achaiam
1650 4825 1706 4873 et
1736 4819 2035 4890 viciniam,

2029 4865 2035 4885 ι
2454 4846 2597 4901 8600
2640 4840 2881 4903 Ιῖαλαιᾶς
2915 4841 3175 4915 Ἠπείρου
3201 4862 3260 4895 τε
3291 4841 3383 4895 σὺν
3417 4841 3684 4913 Αἰτωλίᾳ,

693 4910 1123 4982 antiquamque
1156 4909 1393 4981 Epirum
1429 4926 1561 4963 cum
1597 4908 1824 4976 lEtolia,

2632 4933 2763 5004 "Apf
2795 4908 3092 5005 Ἰλλυρικῷ
3116 4931 3207 4985 καὶ
3239 4930 3530 5007 Δυρραχίῳ
3550 4908 3733 5002 πόλει,

691 5000 1076 5072 Illyriumque
1109 5003 1166 5055 et
1195 5000 1479 5071 oppidum
1515 4998 1924 5070 Dyrrachium,

2634 4998 2755 5078 Ἔτι
2787 4998 3099 5096 Περιλάπου
3133 4998 3471 5095 Πελαγονίάς
3501 4998 3659 5091 δλης,

686 5099 986 5172 Prilapum
1018 5101 1212 5167 etiam,
1249 5098 1619 5170 Pelagoniam
1654 5106 1951 5165 cunctam,

2636 5092 2875 5180 Κλεινῆς
2912 5107 3196 5184 Ἀχρίδος.
3232 5092 3571 5186 σελασφόρω
3603 5111 3692 5165 καὶ
3726 5110 4037 5185 Πρέσπης,
4112 5092 4124 5101 θ

686 5190 943 5246 nobilem
976 5190 1216 5253 Achrin,
1250 5189 1743 5260 splendidamque
1778 5188 2073 5261 Prespam,

2058 5233 2073 5259 9
2632 5202 2691 5255 Ὀ
2723 5198 2960 5275 Μιχαὴλ
2991 5202 3056 5268 ἦν
3086 5197 3351 5269 δεσπότης
3383 5202 3411 5255 ὁ
3443 5198 3708 5270 δεσπότης

686 5281 867 5344 Quem
905 5278 1293 5334 clandestinis
1329 5280 1550 5349 nuptiis
1581 5283 1865 5350 genuerat
1895 5277 2141 5335 Michael

2027 5277 2141 5335 iael
2452 5292 2596 5348 8605
2632 5292 2731 5352 "Oc
2765 5288 2825 5345 ἐκ
2853 5288 3066 5354 νοθείας
3100 5288 3338 5364 Μιχαὴλ
3370 5290 3495 5363 πρὶν
3526 5290 3682 5367 ἐξέφυ

690 5378 981 5434 Theodori
1015 5380 1193 5433 frater
1224 5377 1755 5449 Comnenangelus,

2633 5384 2709 5437 K0
2720 5377 3098 5454 μνηναγγέλου
3130 5380 3400 5453 συγγόνου
3431 5376 3738 5453 Θεοδώρου,

689 5470 859 5535 cujus
886 5467 1010 5535 jam
1047 5472 1245 5522 nostra
1280 5467 1545 5521 meminit
1576 5465 1841 5520 historia.

2628 5472 2719 5533 Ὠς
2747 5468 2934 5523 ἀνόπιν
2969 5467 3152 5543 ενρηκε
3178 5467 3381 5545 φθάσας
3419 5490 3511 5542 μοι
3546 5469 3735 5545 λόγος.

689 5558 793 5613 Hic
824 5563 943 5611 erat
975 5573 1167 5611 rerum
1203 5556 1260 5610 in
1294 5556 1593 5611 occidente
1626 5560 1840 5611 status.

2629 5560 2783 5613 Οὕτω
2819 5560 2911 5631 μὲν
2946 5554 3076 5633 ἔσχε
3104 5558 3168 5611 τά
3196 5558 3332 5631 πρὸς
3366 5558 3591 5634 ἑσπέραν
3628 5560 3788 5634 μέρη.

688 5654 877 5711 Caesar
909 5653 986 5707 rel
1000 5658 1105 5708 ictu
1138 5654 1304 5729 regia.
1322 5653 1651 5725 Nymphmi,

2628 5648 2791 5717 ’Ἄναξ
2824 5646 2880 5702 δὲ
2915 5646 3093 5702 λιπὼν
3130 5644 3405 5721 βασίλειον
3439 5649 3730 5725 Νυμφαίου

685 5758 817 5799 vere
848 5746 1178 5815 appetente,
1212 5742 1653 5815 Hellespontum
1692 5742 1944 5811 transiit,

2449 5743 2593 5799 8610
2629 5740 2797 5813 Ἥρος
2831 5740 3085 5815 φανέντος
3116 5737 3526 5810 Ἑλλήσποντον
3567 5732 3742 5809 διέϐη,
