4250 6432
151 386 257 444 317
1688 394 2047 452 ΘΒΒΔΒΕΒ.
3474 394 3578 450 318

1841 520 1898 588 Α
1927 516 2195 590 valloque
2227 521 2431 575 statim
2462 519 2873 575 circumclusit
2903 536 3093 575 arcem

1925 607 2183 675 Tzuruli,
2216 613 2273 663 et
2304 625 2437 665 mox
2468 608 2731 664 adhibito
2767 609 2971 663 Martis
3004 624 3195 680 opere,

340 513 446 571 Καὶ
480 512 741 590 βάλλεται
774 514 989 591 χάρακα
1017 522 1134 572 κατ’
1165 514 1294 573 ἄστυ
1325 520 1529 597 φθάσας

339 604 419 659 Τὸ
445 610 545 672 τῆς
578 605 953 679 Τζουρουλοῦ,
986 610 1073 660 καί
1105 606 1259 680 νόμῳ
1285 612 1364 679 τῷ
1391 614 1493 677 τῆς
1528 609 1717 681 μάχης

341 693 747 767 Καθαιρετικῶν
778 694 1199 768 μηχανημάτων
1229 697 1401 771 τέχνῃ

339 781 537 849 Ῥᾷστα
567 784 942 856 παρεστήσατο
977 785 1236 861 φρούριον
1278 783 1423 839 τόδε·

151 871 303 926 8615
341 869 421 927 OB
452 872 786 942 κασιγνήτην
824 870 1065 946 Εἰρήνης
1109 871 1392 947 βασιλίδος

337 955 605 1014 Εὐδοκίαν
639 957 877 1023 ἔντοσθεν
908 961 1077 1035 εὑρὼν
1114 963 1317 1016 εὐνέτιν

338 1052 469 1125 Παρ’
504 1050 735 1113 Ἰταλοῖς
768 1050 1037 1126 ἄρχοντος
1070 1051 1390 1109 Ἀσελδεκάε

336 1138 593 1209 Κάλλητι
625 1142 974 1214 παρέπεμψεν
1003 1141 1078 1203 είς
1110 1140 1431 1210 Βυζαντίδα,

338 1227 565 1282 Πάντων
592 1228 885 1302 γυμνώσας
914 1232 1021 1282 τῶν
1050 1228 1279 1284 ἐνόντων
1310 1227 1643 1303 πραγμάτων

151 1323 298 1379 8620
341 1320 525 1391 Αὐτήν
553 1342 613 1376 τε
636 1322 990 1397 προσπόλους
1019 1344 1077 1379 τε
1105 1326 1192 1379 καὶ
1236 1322 1595 1402 δορυφόρους.

337 1412 548 1466 Έκεῖσε
579 1409 627 1465 δ’
656 1409 728 1466 ὢν
762 1413 1007 1474 σύνευνος
1039 1415 1209 1483 αὐτῆς
1242 1412 1449 1488 ἀπέδρα

338 1500 511 1575 Πρινὴ
544 1502 863 1576 κρατάρχην
891 1498 1225 1576 προσϐαλεῖν
1256 1507 1335 1575 τῷ
1365 1522 1631 1580 φρουριῳ,

333 1588 537 1664 Τρόμῳ
564 1610 622 1644 τε
652 1590 882 1668 ληφθεὶς
913 1591 1004 1645 καὶ
1035 1594 1221 1665 ψυχῆς
1259 1591 1491 1666 ἀγωνίᾳ.

336 1674 482 1748 Ἤδη
511 1681 889 1750 παρεστήσατο
918 1680 1009 1734 καὶ
1037 1682 1139 1749 τὴν
1173 1681 1374 1751 Βιζύην

154 1769 301 1824 8625
338 1767 573 1841 Πέμψας
602 1771 720 1823 κατ’
749 1769 917 1838 αὐτῆς
946 1770 1197 1843 στρατιὰν
1229 1769 1600 1845 αὐτοκράτωρ.

338 1855 573 1918 Τούτοις
610 1856 755 1912 έάλω
778 1864 901 1920 τοῖς
933 1859 1160 1934 χρόνοις
1187 1865 1351 1927 νῆσος
1381 1857 1568 1921 Ῥόδος

338 1954 467 2010 Τοῖς
499 1947 805 2010 Γενουΐταις
841 1949 1080 2010 Ἰταλοῖς
1115 1948 1251 2021 μετά
1281 1946 1470 2005 δόλου.

345 2039 499 2093 Ἐπεὶ
532 2039 633 2113 γάρ
664 2036 953 2109 ἀπόδημος
986 2041 1052 2106 ἦν
1084 2038 1376 2105 ἐπιστάτης

344 2126 541 2183 Ῥόδου
574 2123 822 2188 ΓαϐαΑᾶς
858 2129 1112 2197 Ἰωάννης
1142 2132 1223 2199 τῷ
1252 2127 1376 2182 τότε

160 2229 305 2285 8630
343 2228 634 2300 Ὀμαιμος
662 2226 736 2279 ὣν
768 2226 1036 2300 Καίσαρος
1070 2224 1326 2301 ἄρξαντος
1352 2223 1547 2281 Ῥόδου

344 2315 823 2391 Συνεκστρατεύων
858 2314 1181 2390 Δύσονάρχῃ
1215 2313 1474 2389 δεσπότῃ,

341 2411 524 2472 Νῆσον
555 2406 824 2479 κατέσχον
858 2408 909 2460 οἱ
938 2404 1265 2479 λελεγμένοι
1296 2406 1489 2479 λάθρα·

339 2498 410 2553 Ὃ
441 2495 605 2569 γνοὺς
638 2494 893 2569 βασιλεὺς
928 2496 979 2549 έν
1009 2496 1192 2569 Θρᾴκῃ
1221 2490 1541 2568 διατρίϐων,

342 2590 808 2655 Καντακουζηνῶν
845 2586 904 2639 ἐκ
932 2586 1119 2659 γένους
1150 2585 1405 2653 Ἰωάννην

154 2678 300 2732 8635
341 2676 447 2729 Σὺν
483 2680 707 2749 στρατιᾷ
736 2674 991 2751 πέπομφε
1019 2671 1247 2729 Ῥοδίων
1282 2672 1463 2727 πόλει·

335 2767 443 2826 "Oc
474 2761 858 2824 ἐκπεπλευκὼς
887 2765 976 2817 καὶ
1009 2764 1243 2837 κατάρας
1274 2762 1326 2817 ἐν
1355 2759 1553 2833 Ῥόδῳ,

344 2855 588 2927 Κατὲσχε
619 2852 830 2928 Φιλέρη
844 2875 942 2926 μον
972 2851 1103 2908 ἄστυ
1130 2856 1199 2925 τῇ
1236 2854 1413 2926 μάχῃ·

346 2944 469 3019 Ἀφ’
501 2940 666 3017 οὗπερ
703 2942 926 3018 έχθροῖς
955 2944 1219 2997 ἀντεπιὼν
1255 2941 1512 3014 εὐψύχως

340 3034 537 3102 Ῥᾷστα
566 3033 804 3087 κατέσπα
831 3034 932 3100 τὴν
966 3032 1133 3108 ὀφρὺν
1162 3036 1306 3109 σφῶν
1339 3033 1426 3085 καὶ
1462 3030 1678 3105 θράσος.

160 3126 304 3179 8640
346 3123 446 3177 Καὶ
467 3123 598 3196 τάχ’
630 3122 689 3176 ἂν
719 3123 829 3177 εἷλε
857 3122 945 3176 καί
977 3122 1144 3176 πόλιν
1175 3121 1309 3175 κατά
1336 3120 1557 3193 κράτος,

340 3211 407 3269 Εἰ
442 3212 519 3283 μή
552 3210 786 3285 πρίγκιψ
812 3208 989 3283 ἤμυνε
1018 3218 1118 3280 τῆς
1148 3209 1397 3284 Ἀχαίας,

338 3300 610 3361 Ὁπλίτας
642 3301 829 3362 αὐτοῖς
864 3302 1195 3373 συμμάχους
1227 3297 1356 3360 δοὺς
1389 3297 1642 3362 ἱππότας.

339 3390 432 3451 Ὧς
465 3388 558 3444 οὖν
594 3387 927 3459 έπανέζευξεν
959 3388 1020 3443 ἐκ
1053 3390 1241 3464 μάχης
1276 3389 1423 3457 άνάξ,

337 3484 485 3539 Ναῦς
515 3479 870 3552 ἱππαγωγοὺς
902 3477 1217 3552 εὐτρεπίσας
1252 3476 1343 3531 καὶ
1373 3475 1603 3544 στόλον,

161 3580 301 3635 8645
340 3579 579 3638 Ἵππους
611 3575 664 3630 έν
699 3578 786 3637 αἷς
817 3573 984 3629 ἔϐαλε
1014 3574 1380 3650 τριακοσίους,

337 3667 453 3721 Εἶτ’
484 3665 753 3735 ἀποτάξας
784 3664 875 3719 καὶ
906 3663 1222 3738 στολάρχην
1255 3667 1353 3717 τοῦ
1385 3660 1585 3717 στόλου

340 3756 483 3814 Τινά
517 3753 951 3819 Κοντοστέφανον
983 3751 1151 3828 ἄνδρα
1179 3749 1459 3827 γεννάδαν,

346 3838 815 3919 Πρωτοσεόαστοῦ
840 3844 940 3912 τὴν
971 3844 1141 3915 τιμὴν
1174 3841 1467 3917 εἷληχοτα⁹

340 3935 438 3997 Εἷς
469 3940 634 4003 νῆσον
671 3930 955 3988 ἀπέστειλε
985 3934 1085 4001 τὴν
1113 3936 1221 3986 τῶν
1249 3927 1497 3988 Ῥοδίων⁴

164 4029 300 4083 8650
342 4026 448 4083 Καὶ
482 4024 617 4079 κατά
650 4025 837 4098 μάχην
873 4022 1214 4095 συμπλακεὶς
1242 4019 1573 4087 Γενουίταις,

341 4115 497 4174 Κάτά
524 4115 723 4188 κράτος
755 4118 891 4187 σφᾶς
920 4112 1103 4181 ἐκνικᾷ
1132 4110 1220 4166 καὶ
1252 4104 1550 4183 συντρίϐει,

340 4204 445 4260 Καὶ
480 4209 646 4271 νῆσον
679 4202 942 4256 ἀνέσωσεν
979 4197 1181 4255 Αὕσοσι
1214 4199 1403 4255 πάλιν.

332 4298 394 4350 Ὀ
427 4290 474 4347 δ’
506 4290 859 4366 αὐτοκράτωρ
892 4291 1031 4364 πρὸς
1059 4288 1291 4364 Μιχαὴλ
1327 4286 1587 4355 δεσπότην

336 4379 521 4451 Κῆδός
548 4402 607 4435 τε
632 4386 785 4435 ποιεῖ
818 4374 1110 4453 συμϐάσεις
1139 4380 1186 4432 τ’
1217 4378 1551 4451 ἐνωμότους.

155 4476 295 4532 8655
332 4476 475 4532 Παῖς
508 4469 775 4525 δεσπότου
806 4469 910 4544 γὰρ
946 4466 1182 4543 Μιχαὴλ
1218 4468 1534 4543 Νικηφόρος

334 4560 435 4623 Εἰς
468 4561 713 4635 γαμετὴν
746 4556 943 4637 εἴληφε
970 4559 1070 4626 τὴν
1105 4554 1392 4633 Θεοδώρου

335 4658 611 4711 ’Ἄνακτος
643 4650 765 4702 υἱοῦ
798 4646 1013 4722 Μαρίαν
1044 4646 1330 4722 θυγατέρα·

334 4746 449 4809 Τῆς
480 4742 577 4793 τοῦ
608 4735 843 4812 Μιχαὴλ
874 4737 1105 4813 συζύγου
1138 4734 1421 4812 Θεοδώρας

337 4833 419 4885 Δι’
454 4827 872 4898 Ἑλλησπόντου
904 4828 1182 4903 φθασάσης
1215 4827 1438 4901 χώρους
1472 4822 1572 4897 ἕω,

152 4933 295 4987 8660
336 4926 494 4986 Μετά
523 4946 584 5002 γε
614 4921 809 4986 παιδὸς
843 4922 1109 5003 φιλτάτου
1141 4922 1462 5001 Νικηφόρου

338 5018 441 5073 Καὶ
471 5016 575 5083 τὴν
604 5012 690 5069 ἐπ’
719 5014 867 5085 αὐτῷ
894 5012 1201 5088 συγγένειαν
1237 5010 1535 5086 δράσάσης,

333 5107 473 5164 Εἶτά
502 5104 595 5159 σὺν
630 5104 781 5175 αὐτῷ
810 5102 948 5176 πρὸς
985 5100 1134 5157 δόσιν
1169 5103 1530 5177 χωρησάσης.

336 5192 525 5251 Ἀλλά
553 5191 790 5268 Μιχαὴλ
826 5192 1018 5265 Αἰθίοψ
1051 5192 1123 5246 ὥν
1151 5192 1423 5267 καρκίνος.

333 5284 455 5343 Οὐκ
484 5282 542 5338 εὖ
573 5279 809 5358 βαδίζειν
845 5278 970 5336 οὐδὲ
1001 5281 1292 5356 ῥύπτεσθαι
1326 5280 1493 5344 θέλει·

153 5380 299 5436 8665
341 5372 678 5452 Συμφωνίας
708 5373 809 5448 γάρ
843 5372 1127 5442 ἠθετηκὼς
1162 5367 1479 5444 συμϐάσεις,

338 5462 736 5540 Ἀναπέφανται
770 5458 1041 5533 δυσμενὴς
1073 5460 1381 5531 ἀποστάτης
1393 5504 1406 5529 ,

340 5547 671 5625 Σύμϐουλον
703 5551 874 5625 εὑρὼν
907 5547 1288 5627 πατράδελφον
1319 5550 1395 5612 είς
1425 5548 1551 5606 τόδε

339 5639 623 5711 Θεόδωρον
659 5638 929 5715 ’Ἄγγελον
955 5637 1175 5715 εὔριπον
1206 5641 1467 5709 τρόπους.

341 5733 431 5796 Ὠς
456 5730 548 5786 οὗν
579 5727 696 5785 τάδ’
722 5730 995 5802 ἠνώτιστο
1017 5733 1098 5805 τῷ
1128 5728 1477 5808 στεφηφόρῳ,

1926 696 2178 752 admotis
2211 698 2501 753 machinis
2532 697 3049 768 obsidionalibus,.

1926 782 2093 838 facile
2125 801 2317 840 arcem
2352 786 2462 841 sibi
2493 786 2813 840 vindicavit
2850 803 2863 841 :

1928 872 2024 926 ubi
2058 890 2315 929 sororem
2350 876 2561 947 reginaa
2593 875 2790 929 uxoris
2823 891 2943 929 suae

1928 960 2239 1017 Eudociam
2271 964 2719 1034 deprehensam,
2753 980 2874 1033 quae
2909 968 3189 1032 nupserat

1929 1050 2243 1107 Aseldecao
2276 1052 2418 1107 Italo
2451 1054 2732 1125 dynastas,

1926 1140 2095 1195 celeri
2126 1157 2275 1211 equo
2308 1142 2646 1212 impositam
2680 1142 3020 1213 Byzantium
3056 1142 3239 1209 misit,

1924 1246 2123 1312 erepto
2155 1242 2314 1295 omni
2346 1246 2555 1295 ornatu
2589 1245 2645 1294 et
2677 1240 3039 1312 supellectile

1927 1329 2062 1401 ipsi,
2094 1330 2521 1396 comitibusque
2552 1335 2607 1385 et
2641 1329 3013 1385 satellitibus.

1930 1419 2073 1474 Nam
2108 1435 2364 1489 sponsus
2394 1420 2522 1489 eius
2553 1420 2690 1489 fuga
2720 1435 2782 1473 se
2812 1419 3169 1474 subduxerat

1930 1509 2185 1580 percitus
2217 1512 2398 1574 metu,
2432 1513 2838 1563 consternatus
2869 1508 3065 1562 animo

1925 1598 2271 1669 priusquam
2306 1613 2497 1653 arcem
2526 1596 2715 1651 Caesar
2742 1597 3056 1652 obsideret.

1924 1684 2119 1757 Neque
2149 1685 2249 1740 diu
2284 1690 2415 1757 post
2445 1686 2598 1757 cepit
2630 1702 2864 1757 quoque
2900 1686 3125 1755 Byziam

1929 1774 2127 1830 missis
2160 1775 2391 1829 infestis
2422 1774 2604 1844 copiis
2638 1775 2969 1846 imperator.

1847 1882 1895 1947 Β
1924 1869 2032 1919 Per
2061 1865 2216 1919 idem
2250 1870 2483 1934 tempus
2514 1869 2642 1919 astu
2679 1864 2788 1918 fuit
2819 1870 2991 1935 capta

1930 1954 2002 2009 ab
2032 1951 2196 2008 Italis
2225 1952 2627 2007 Januensibus
2660 1952 2902 2007 Rhodus
2936 1953 3149 2008 insula.

1929 2046 2075 2097 Nam
2107 2058 2239 2096 cum
2275 2042 2507 2096 abesset
2536 2042 2747 2096 exteris
2780 2042 2837 2095 in
2874 2043 3042 2097 terris

1932 2130 2119 2187 Rhodi
2152 2130 2454 2202 praefectus
2484 2129 2733 2185 Gabalas
2762 2130 3018 2185 Joannes

1930 2220 2194 2291 (Casaris
2227 2219 2402 2275 frater
2430 2220 2526 2291 qui
2557 2219 2744 2274 Rhodi
2779 2219 3048 2292 princeps
3082 2220 3289 2289 fuerat)

1930 2306 2302 2380 imperatoris
2334 2308 2557 2363 domini
2590 2311 2782 2363 castra
2813 2324 3090 2379 sequens,

1929 2395 2129 2452 hostes
2161 2396 2418 2467 prmdicti
2451 2397 2599 2451 clam
2633 2402 2912 2469 ceperunt
2943 2398 3216 2464 insulam.

1932 2496 2073 2550 Rem
2104 2495 2201 2549 ubi
2235 2494 2292 2548 in
2325 2495 2573 2549 Thracia
2605 2496 2762 2550 novit
2792 2497 3129 2567 imperator,

1930 2588 2398 2639 Cantacuzenum
2432 2601 2563 2638 cum
2597 2586 2779 2655 copiis
2810 2586 3096 2640 Joannem

1934 2674 2005 2729 ad
2040 2673 2458 2728 Rhodiensium
2493 2674 2772 2744 Oppidum
2807 2675 3035 2730 direxit.

1933 2761 2034 2817 Ille
2066 2778 2195 2817 cum
2226 2760 2472 2818 classem
2507 2762 2773 2818 Rhodum
2809 2764 3157 2836 appulisset,

1933 2851 2213 2923 oppidum
2246 2852 2398 2923 cepit
2430 2852 2625 2923 praelio
2658 2852 3083 2921 Phileremum;

1934 2957 2002 2995 ex
2032 2958 2143 3011 quo
2176 2956 2521 3013 progressus
2555 2942 2778 2996 fortiter
2810 2943 2865 2997 in
2902 2943 3101 2998 hostes

1934 3030 2196 3101 ipsorum
2231 3030 2398 3086 facile
2430 3032 2696 3085 contudit
2725 3032 3026 3087 audaciam
3067 3051 3079 3087 :

1924 3130 2170 3200 jamque
2198 3135 2475 3200 capturus
2506 3134 2627 3185 erat
2657 3135 2714 3185 et
2743 3131 3115 3202 metropolin,

1852 3245 1896 3311 Ο
1934 3217 2048 3273 nisi
2084 3217 2408 3273 obstitisset
2436 3218 2550 3290 ipsi
2581 3218 2809 3273 Achaiae
2842 3219 3137 3291 princeps,

1934 3307 2036 3379 qui
2069 3316 2324 3363 armatos
2354 3306 2580 3378 equites
2613 3306 2884 3363 hostibus
2917 3309 3227 3365 concessit.

1933 3398 2043 3453 Sed
2077 3414 2183 3453 suo
2216 3396 2367 3453 bello
2399 3398 2578 3453 redux
2610 3397 2929 3469 imperator

1932 3487 2307 3558 equestribus
2341 3487 2590 3559 navigiis
2622 3504 2756 3543 cum
2790 3488 2975 3543 classe
3010 3488 3311 3545 instructis

1933 3574 2013 3629 ibi
2046 3579 2336 3631 trecentos
2368 3592 2551 3647 equos
2584 3575 2886 3647 imposuit.

1933 3666 2081 3721 Tum
2114 3674 2173 3720 et
2204 3666 2561 3721 navarchum
2596 3665 2773 3721 classi
2812 3667 3188 3739 praepositum

1933 3754 2474 3827 Contostephanum
2506 3756 2820 3826 quemdam
2852 3756 3040 3811 virum
3074 3763 3381 3813 strenuum

1934 3845 2322 3916 protosebasti
2351 3844 2639 3916 dignitate
2671 3846 3009 3917 praeditum,

1936 3936 1993 3989 in
2026 3934 2411 3990 Rhodiensem
2444 3934 2527 3990 ire
2548 3935 2733 4005 jussit
2764 3934 3020 3992 insulam
3058 3953 3071 3991 :

1933 4023 2034 4096 qui
2063 4024 2387 4079 Januenses
2421 4024 2479 4078 in
2514 4024 2775 4096 praelium
2811 4031 3045 4082 vocatos

1932 4118 2199 4186 potenter
2228 4112 2537 4169 debellavit
2566 4130 2631 4169 ac
2664 4114 2955 4186 protrivit,

1932 4207 1990 4258 et
2020 4203 2101 4259 sic
2132 4202 2377 4275 imperio
2408 4203 2667 4259 insulam
2702 4205 2981 4260 restituit.

1931 4296 2003 4347 At
2031 4293 2347 4362 imperator
2375 4308 2509 4347 cum
2542 4291 2817 4348 Michaele
2849 4294 3093 4365 despota

1932 4381 2278 4436 affinitatem
2313 4380 2514 4452 panxit
2543 4385 2599 4435 et
2630 4380 2974 4438 amicitiam.

1930 4469 2112 4525 Filius
2144 4471 2295 4526 enim
2329 4471 2585 4541 despotte
2616 4469 2981 4541 Nicephorus

1934 4574 2171 4614 uxorem
2204 4557 2315 4613 sibi
2344 4558 2647 4614 Theodoro
2677 4560 2938 4630 genitam

1854 4622 1904 4685 ί)
1935 4646 2303 4719 imperatoris
2332 4647 2447 4702 filio
2480 4622 2723 4702 Mariam
2749 4649 2969 4719 junxit.

1931 4738 2003 4792 Et
2033 4736 2339 4791 Theodore
2372 4736 2669 4791 Michaelis
2702 4738 2914 4808 conjux

1933 4844 2035 4899 per
2065 4825 2504 4897 Hellespontum
2538 4826 2637 4880 ivit
2674 4828 2727 4881 in
2762 4828 3045 4883 orientem

1933 4932 2048 4971 una
2080 4930 2212 4969 cum
2249 4914 2404 4970 dulci
2438 4914 2556 4970 filio
2588 4916 2914 4987 Nicephoro

1930 5005 2001 5060 ad
2036 5003 2395 5076 copulandas
2429 5010 2659 5074 nuptias
2692 5006 3001 5076 praedictas
3036 5025 3047 5061 :

1929 5095 2060 5151 exin
2093 5111 2224 5149 cum
2258 5096 2386 5165 ipso
2421 5094 2593 5149 rediit
2620 5095 2678 5149 in
2714 5096 2987 5167 patriam.

1929 5186 2193 5239 Attamen
2228 5183 2464 5239 Michael
2500 5184 2761 5255 [Ethiops
2790 5190 2848 5239 et
2880 5202 3091 5241 cancer
3268 5242 3273 5246 .

1929 5290 2034 5329 nec
2064 5278 2216 5329 recte
2249 5274 2519 5328 incedere
2553 5278 2779 5344 poterat
2800 5292 2915 5343 [nec
2946 5276 3260 5335 albescere.

1928 5371 2195 5443 Namque
2228 5372 2430 5427 deletis
2465 5372 2624 5443 pacis
2656 5374 3097 5432 conditionibus

1932 5461 2200 5517 rabidum
2235 5466 2420 5515 semet
2452 5461 2701 5531 praebuit
2732 5463 3035 5531 rebellem,

1933 5557 2137 5607 nactus
2170 5550 2238 5605 ad
2274 5550 2381 5605 hoc
2413 5551 2846 5623 conspirantem
2884 5560 3156 5625 patruum

1926 5640 2217 5712 Angelum
2249 5640 2617 5696 Theodorum
2648 5642 3035 5713 versipellem.

1928 5730 2059 5786 Haec
2087 5730 2406 5802 imperator
2431 5746 2566 5787 cum
2600 5730 3006 5804 intellexisset,
