4250 6432
707 372 814 429 319
1924 378 2295 437 ΕΡΗΒΕΜῘΙ
2333 373 2385 427 Cl

1924 378 2295 437 ΕΡΗΒΒΜῘΙ
2333 371 2905 430 CHBONOGBAPHI

701 502 995 555 Romanas
1028 502 1175 557 vires
1209 504 1399 558 denuo
1431 502 1686 576 collegit,

702 604 960 660 suosque
991 591 1166 646 duces
1195 593 1397 646 robore
1431 594 1782 663 praecipuos;

701 677 1148 733 Tarchaniotam
1184 679 1405 735 scilicet
1433 681 1824 750 Nicephorum

700 782 911 820 nomen
946 772 1241 837 gerentem
1279 768 1501 823 meritis
1533 769 1830 835 idoneum,

698 855 842 926 regii
877 855 1225 927 insignitum
1260 858 1549 929 pincernaa
1580 859 1792 924 officio,

696 945 1121 1016 domesticique
1154 947 1349 1017 magni
1384 952 1679 1019 gerentem
1712 949 1870 1004 vices
1902 964 1914 1002 :

694 1030 1162 1105 sirategopulum
1195 1043 1503 1090 strenuum
1537 1036 1804 1093 Alexium
1839 1055 1853 1094 :

694 1123 879 1178 ﬁlium
916 1128 1195 1194 praterea
1228 1124 1425 1196 magni
1456 1126 1765 1181 domestici

693 1213 1085 1282 Paleeologum
1118 1213 1462 1268 Michaelem
1498 1216 1985 1285 decusjuvenum
2022 1233 2034 1269 :

692 1301 929 1355 demum
968 1297 1286 1356 Macrinum
1319 1306 1376 1357 et
1405 1307 1721 1374 tyrannum
1756 1305 2060 1359 Budelum.

686 1386 788 1453 His
821 1399 1072 1454 ducibus
1103 1400 1360 1469 stipatus
1391 1405 1566 1470 atque
1596 1402 1850 1456 exercitu

688 1487 1173 1543 Thessalonicam
1206 1488 1457 1543 contulit
1486 1505 1550 1543 se
1582 1490 1641 1544 in
1676 1490 1879 1545 urbem
1915 1505 1930 1545 :

689 1579 859 1645 atque
894 1576 1055 1631 illinc
1087 1592 1334 1648 pergens
1367 1578 1435 1632 ad
1469 1578 1767 1633 Bodenum
1801 1583 2087 1643 castrum,

688 1666 767 1720 ibi
804 1666 1004 1720 deﬁxit
1034 1667 1258 1738 regium
1292 1669 1630 1735 tentorium,

689 1756 907 1827 diuque
940 1758 1151 1812 muenia
1182 1763 1451 1828 perstans
1483 1761 1876 1832 oppugnabat.

686 1846 789 1898 Sed
825 1846 1167 1901 Theodorus
1197 1847 1453 1901 evolarat
1479 1864 1610 1904 arce

687 1934 756 1986 ad
796 1932 1139 1989 Michaelem
1172 1936 1477 2006 despotam
1512 1938 1868 2009 profugiens.

683 2024 810 2075 Mox
842 2024 910 2076 ad
946 2024 1175 2079 Ostrobi
1212 2024 1402 2080 lacum
1438 2026 1539 2080 ivit
1569 2026 1776 2096 Caesar,

684 2108 1121 2182 exercitumque
1156 2113 1319 2169 misit
1350 2119 1553 2170 contra
1584 2116 1912 2186 despotam.

683 2199 861 2254 Paulo
896 2206 1027 2271 post
1058 2202 1213 2256 venit
1244 2202 1579 2274 insperatus
1613 2206 1857 2262 nuntius

679 2289 749 2343 ad
783 2290 1124 2346 comitatum
1153 2293 1398 2348 Cesaris
1430 2293 1644 2350 Glabas
1677 2296 1915 2366 quidam

682 2383 906 2450 gratam
940 2381 1207 2435 Castoria
1239 2384 1496 2437 referens
1529 2384 1830 2451 notitiam;

681 2465 981 2539 simulque
1014 2469 1374 2541 Petralipbas
1405 2477 1640 2527 senator
1669 2473 1906 2541 nobilis,

683 2557 780 2628 qui
810 2558 1089 2613 Demetrii
1120 2559 1377 2614 Tornicaa
1404 2576 1578 2632 gener
1606 2566 1751 2627 erat,

679 2655 733 2701 et
768 2646 1064 2702 Michaelis
1098 2652 1350 2718 despota:
1386 2650 1546 2705 uxori
1579 2651 1776 2707 frater.

678 2734 751 2789 Ut
780 2753 916 2807 ergo
950 2737 1020 2791 ad
1055 2739 1336 2793 Caesarem
1374 2739 1632 2810 pervenit
1661 2740 2051 2814 Petraliphas,

678 2832 872 2901 ipsum
909 2835 1346 2907 exercitumque
1379 2837 1643 2907 implevit
1672 2839 1887 2909 gaudio
1923 2858 1936 2896 :

677 2922 758 2976 ait
793 2923 972 2987 enim,
1006 2923 1161 2979 illico
1194 2925 1453 2980 deditam
1484 2927 1802 2983 Castoriam

677 3028 813 3067 cum
848 3013 1139 3068 territorio
1170 3019 1381 3068 cuncto
1413 3018 1469 3068 et
1498 3031 1628 3070 cum
1663 3015 1919 3072 Deaboli.

678 3101 994 3157 Goleamus
1026 3102 1202 3157 etiam
1239 3102 1451 3158 nobilis
1479 3105 1741 3161 Albanus

676 3192 890 3261 reginas
927 3192 1116 3245 [renes
1148 3195 1378 3261 neptem
1412 3191 1471 3246 in
1508 3193 1882 3250 matrimonio

675 3278 902 3333 habens
932 3279 1310 3350 desponsam,
1344 3280 1625 3337 invitatus
1656 3281 1865 3338 litteris

671 3367 885 3422 lubens
918 3368 988 3423 ad
1026 3385 1226 3439 pacem
1260 3370 1723 3426 confirmandam
1758 3373 1933 3428 venit.

676 3458 831 3521 Quos
859 3472 1063 3512 omnes
1094 3460 1282 3513 Caesar
1313 3458 1578 3514 benivole
1608 3464 1880 3531 exceptos

677 3545 885 3601 multis
916 3548 1138 3601 ornavit
1174 3546 1325 3602 ultro
1357 3548 1679 3605 beneficiis.

676 3634 782 3691 Ubi
819 3634 936 3689 Ι]ωο
972 3636 1205 3691 rescivit
1236 3636 1475 3693 Michael
1507 3640 1751 3709 despota

676 3725 844 3780 misit
875 3724 1123 3797 legatos,
1153 3726 1433 3798 Naupacti
1467 3729 1834 3801 episcopum,

676 3814 933 3869 nobilem
969 3814 1377 3883 Maliasenum,
1412 3834 1477 3872 ac
1511 3818 1879 3890 Lampetem;

671 3907 771 3975 qui
806 3904 1174 3960 conditiones
1206 3906 1517 3961 firmarunt
1548 3924 1680 3962 cum
1713 3908 1955 3965 Caesare.

669 4003 858 4073 Igitur
890 4003 1135 4059 Michael
1170 4003 1465 4076 Prilapum
1499 4008 1811 4072 concessit,

668 4089 995 4151 Belessum.
1031 4091 1227 4158 Croas,
1260 4092 1469 4147 ditioni
1503 4110 1783 4151 caasareaa.

670 4179 877 4234 Postea
909 4181 1279 4251 subscriptas
1314 4182 1473 4236 misit
1504 4184 1869 4241 conditiones

668 4270 737 4323 ad
775 4269 1116 4324 Michaelem
1148 4271 1450 4342 despotam
1486 4273 1803 4343 imperator

665 4375 767 4428 per
804 4359 1049 4414 Pbocam
1084 4360 1424 4432 episcopum
1464 4362 1898 4434 Philadelphia,

663 4448 950 4502 Isaacium
985 4449 1220 4515 ducam,
1254 4455 1309 4504 et
1340 4450 1613 4523 Hyaleam
1650 4469 1663 4505 :

662 4538 763 4608 qui
794 4537 1062 4593 Michaeli
1099 4539 1345 4594 Larissa:
1377 4545 1753 4597 occurrentes

657 4626 817 4695 pacis
850 4627 1149 4694 negotium
1184 4628 1291 4682 rite
1321 4632 1773 4697 transegerunt:

659 4728 835 4794 atque
868 4724 1228 4779 abducentes
1262 4725 1424 4780 illinc
1453 4726 1847 4798 Nicephorum

657 4814 910 4884 despotae
945 4814 1153 4881 lilium,
1188 4831 1319 4869 cum
1354 4831 1538 4887 eoque
1573 4816 1789 4886 pariter

657 4903 759 4975 qui
795 4902 1105 4959 rebellarat
1130 4903 1412 4975 Angelum
1443 4904 1739 4975 captivum

655 4994 727 5048 ad
758 4997 1046 5050 Caesarem
1082 4993 1252 5066 legati
1289 4999 1623 5049 remearunt
1657 5014 1669 5053 :

650 5084 743 5137 cui
781 5083 1078 5139 Michaelis
1111 5083 1267 5138 hunc
1302 5082 1487 5138 lilium
1522 5085 1913 5155 Nicephorum

649 5173 901 5243 despotaz
931 5173 1220 5245 dignitate
1252 5190 1459 5228 ornare
1493 5173 1731 5245 placuit.

649 5262 943 5331 Hesperiis
978 5263 1154 5317 rebus
1186 5264 1269 5317 sic
1300 5266 1489 5316 Caesar
1519 5263 1849 5334 dispositis,

646 5356 826 5422 atque
858 5352 1109 5407 Bodenis
1142 5352 1336 5406 hieme
1368 5357 1685 5417 transacto,

644 5442 798 5495 veris
830 5442 941 5495 sub
972 5447 1127 5507 ortu,
1160 5440 1397 5511 reliquit
1428 5442 1645 5496 ibidem

643 5530 953 5601 plerasque
984 5530 1215 5602 copias;
1250 5530 1374 5603 ipse
1406 5531 1829 5587 comitantibus

643 5619 848 5692 paucis
882 5620 1145 5685 armatis,
1180 5626 1371 5674 castra
1407 5636 1595 5691 nuper
1625 5621 1821 5676 dedita

638 5710 872 5779 invisit;
910 5726 1119 5783 nempe
1144 5711 1303 5767 venit
1332 5711 1403 5767 ad
1438 5712 1643 5767 urbem
1676 5712 2071 5785 Lychnidum,

2376 498 2429 562 Α
2457 495 2599 549 8670
2636 495 2744 555 Τὰς
2768 494 3077 566 Ῥωμαϊκὰς
3110 492 3367 567 δυνάμεις
3399 495 3689 557 συναλίσας

2635 583 2731 637 Καὶ
2762 582 2891 645 τοὺς
2921 582 3010 637 ὑπ’
3039 582 3200 637 αὐτὸν
3233 582 3495 647 εὐσθενεῖς
3528 587 3918 661 στρατηγέτας,

2632 674 3070 746 Ταρχανειωτῶν
3101 670 3161 725 ἐκ
3188 673 3377 746 γένους
3408 673 3721 750 Νικηφόρον

2634 758 2839 829 Κλῆσιν
2872 760 3248 829 άληθεύουσαν
3279 763 3336 815 εὖ
3360 762 3720 834 κεκτημένον,

2630 852 2740 919 Τήν
2772 850 2922 921 ἀξίαν
2952 871 3011 905 τε
3036 853 3137 920 τὴν
3170 850 3258 906 ἐπὶ
3286 858 3390 920 τῆς
3417 854 3711 925 τραπέζης,

2453 951 2596 1005 8675
2637 946 2970 1024 Πληροῦντα
2991 946 3035 1003 δ’
3067 946 3195 1024 ἔργα
3228 950 3473 1024 μεγάλου
3506 947 3851 1022 δομεστίκου’

2635 1036 3129 1113 Στρατηγόπουλον
3160 1037 3405 1111 Ἀλέειον
3431 1037 3710 1114 γεννάδαν,

2632 1126 2728 1181 Καὶ
2762 1126 2921 1203 φίλον
2959 1128 3073 1181 υἱὸν
3106 1127 3352 1201 μεγάλου
3386 1125 3710 1200 δομεστέκου

2628 1214 3014 1291 Παλαιολόγον
3046 1215 3283 1291 Μιχαὴλ
3314 1216 3479 1279 κλέος
3508 1216 3661 1287 νέων,

2628 1305 2731 1359 Καὶ
2760 1305 2853 1360 τὸν
2884 1305 3174 1378 Μακρηνὸν
3201 1304 3291 1359 καὶ
3319 1305 3576 1379 τύραννον
3612 1305 3905 1363 Βουδελόν·

2446 1395 2587 1451 8680
2628 1389 2967 1466 Παραλαϐὼν
2996 1394 3225 1456 τούτους
3252 1415 3311 1449 τε
3339 1395 3547 1457 καὶτὰς
3580 1393 3859 1470 δυνάμεις,

2624 1480 3021 1551 Θεσσαλονίκην
3052 1477 3461 1553 καταλαμϐάνει
3499 1482 3681 1541 πόλιν.

2624 1572 2880 1635 Κάκεῖθεν
2914 1573 3045 1644 ἄρας
3076 1571 3128 1625 έν
3162 1569 3419 1642 Βοδηνῶν
3448 1574 3693 1649 φρουρίῳ

2624 1661 3011 1735 Ἀνακτορικὰς
3042 1662 3243 1730 σκηνὰς
3274 1659 3643 1735 ἐγκαθιδρύει,

2624 1749 2725 1806 Καὶ
2755 1753 2921 1804 τοῦτο
2950 1750 3143 1823 πορθεῖ
3177 1755 3452 1824 μηχαναῖς
3482 1751 3570 1805 καὶ
3603 1753 3697 1805 σὺν
3742 1752 3953 1826 χρόνῳ.

2366 1858 2412 1921 Β
2441 1839 2583 1894 8685
2621 1838 2798 1914 ’Έφθη
2834 1835 2879 1892 δ’
2910 1836 3151 1911 ἀποδρὰς
3178 1835 3459 1913 Θεόδωρος
3490 1840 3779 1916 φρουρίου,

2622 1928 2727 1982 Καὶ
2758 1932 2837 1997 τῷ
2868 1926 3104 2002 Μιχαὴλ
3137 1925 3371 2001 δεσπότῃ
3399 1928 3736 2004 προσερρὐ.

2622 2017 2753 2071 Εἶτα
2787 2016 3040 2091 βασιλεὺς
3074 2012 3375 2091 Ὀστροϐοὖ
3405 2019 3592 2094 φθάνει
3625 2018 3852 2089 λίμνην,

2623 2104 2721 2160 Καὶ
2750 2106 3006 2181 στρατιὰν
3038 2106 3295 2180 πέπομφε
3319 2107 3457 2161 κατὰ
3486 2104 3771 2166 δεσπότου.

2624 2196 2775 2251 Μετὰ
2805 2193 2863 2249 δὲ
2897 2196 3087 2269 μικρὸν
3119 2196 3266 2270 παρὰ
3293 2200 3464 2250 πᾶσαν
3498 2194 3696 2251 ἐλπίδα

2442 2286 2584 2342 8690
2624 2283 3001 2359 Προσελθέτην
3035 2282 3222 2339 ἄνακτι
3252 2279 3467 2347 Γλαϐἆς
3498 2285 3813 2357 τούπίκλην

2623 2376 2719 2431 Ἐκ
2752 2373 3072 2448 Καστορίας,
3107 2371 3372 2449 ἀγγελεὺς
3398 2378 3508 2429 τῶν
3542 2373 3891 2448 κρειττόνων,

2622 2465 2715 2517 Καὶ
2747 2463 3088 2541 Πετραλίφας
3117 2463 3345 2538 εὐγενῶν
3374 2468 3482 2519 τῶν
3517 2463 3569 2518 έν
3597 2464 3767 2531 τέΑει,

2620 2547 2871 2627 Γαμϐρὸς
2901 2554 3132 2626 Τορνίκη
3165 2552 3456 2627 τυγχάνων
3491 2553 3840 2629 Δημητρίου,

2620 2639 3054 2716 Γυναικάδελφος
3086 2640 3322 2717 Μιχαὴλ
3351 2646 3449 2697 τοῦ
3481 2639 3768 2699 δεσπότου.
3814 2703 3818 2707 ,

2437 2742 2579 2797 8695
2614 2745 2702 2803 Ὦς
2733 2740 2827 2795 οὗν
2856 2739 3141 2815 προσῆλθε
3174 2740 3389 2816 βασιλεῖ
3430 2738 3772 2817 ΙΙετραλίφας

2621 2830 2789 2884 Αὐτόν
2822 2850 2881 2884 τε
2912 2835 3085 2904 χαρᾶς
3115 2828 3415 2903 ἐμπιμπλᾷ
3445 2828 3754 2903 στράτευμά
3780 2849 3858 2884 τέ’

2618 2917 2793 2982 Εὐθὺς
2823 2917 3133 2993 προσερῥύη
3168 2919 3273 2993 γάρ
3304 2920 3338 2986 ἡ
3373 2917 3642 2990 Καστορία

2617 3008 2713 3063 Καὶ
2746 3011 2811 3063 τὰ
2840 3008 2993 3082 πέριξ
3025 3009 3233 3063 ἅπαντα
3262 3008 3354 3062 σὺν
3390 3003 3673 3063 Δεαϐόλει.

2617 3100 2719 3155 Καὶ
2752 3098 3033 3170 Γολεάμος
3066 3093 3349 3153 ’Δλϐανῶν
3383 3100 3459 3159 εἷς
3490 3096 3721 3169 ἐντίμων

2358 3225 2402 3291 C
2438 3192 2580 3246 8700
2620 3186 2955 3261 Αὐτανεψιὰν
2989 3187 3232 3262 Εἰρήνης
3266 3183 3549 3291 βασιλίδος

2622 3277 2885 3332 Σύνευνον
2916 3276 3122 3351 αὐχῶν,
3156 3276 3234 3337 είς
3265 3275 3452 3349 ὅμηρα
3482 3274 3667 3352 φιλίας

2618 3369 2908 3441 Γράμμασι
2938 3365 3201 3433 πεισθεὶς,
3236 3364 3667 3439 αὐτεπάγγελτος
3694 3365 3901 3442 φθάνειι

2616 3456 2827 3528 Οῧσπερ
2856 3457 3177 3529 κρατάρχης
3211 3454 3450 3526 εὐμενως
3484 3451 3804 3527 δεδεγμένος

2617 3544 2863 3606 ΙΙολλαῖς
2892 3541 3207 3617 ἐδωρήσατο
3238 3548 3358 3605 ταῖς
3386 3542 3683 3605 εὐποιίαις.

2436 3638 2577 3691 8705
2616 3636 2779 3691 Ταῦτ’
2811 3636 2912 3710 ἄρα
2947 3635 3133 3705 μαθων
3167 3631 3406 3707 Μιχαὴλ
3440 3635 3467 3687 ὁ
3500 3630 3770 3703 δεσπότης

2612 3728 2865 3799 Ἔπεμψε
2894 3718 3166 3796 πρέσϐεις,
3198 3724 3439 3796 ποιμένα
3466 3723 3847 3792 Ναυπακτίων,

2615 3814 2972 3885 Μαλιασηνὸν
3003 3814 3195 3889 εὐγενῆ
3228 3813 3317 3868 καῖ
3353 3813 3647 3886 Λαμπέτην

2612 3905 2756 3980 Πρὸς
2792 3905 2882 3959 τὸν
2915 3904 3243 3979 κρατοῦντα,
3273 3902 3362 3957 καὶ
3398 3906 3611 3967 τιθοῦσι
3646 3898 3955 3975 συμϐάσεις

2612 3995 2713 4052 Καὶ
2745 3990 3333 4069 παραχωρεὶ,Μιχαήλ
3358 3997 3456 4048 τοῦ
3489 3992 3836 4067 Πριλλάπου,

2430 4098 2572 4153 8710
2608 4097 2902 4161 ΒεΑεσσοῦ,
2932 4096 3119 4167 Κροῶν
3154 4092 3355 4147 ἀστέων
3390 4087 3739 4168 στεφηφόρῳ.

2608 4185 2718 4240 Εἶτ’
2749 4183 3009 4260 ἀσφαλεῖς
3034 4182 3247 4252 τίθησιν
3280 4180 3481 4251 ὅρκους
3513 4179 3821 4258 ἐγγράφως.

2608 4275 2707 4328 Καὶ
2738 4271 2971 4347 Μιχαὴλ
3004 4271 3290 4347 πέπομφεν
3318 4270 3441 4340 ἄναξ
3474 4266 3708 4343 δεσπότῃ

2609 4363 2687 4416 Δι’
2716 4361 3021 4436 άρχιθύτου
3052 4365 3223 4414 Φωκᾶ
3252 4356 3683 4436 Φιλαδελφείας,

2605 4449 2835 4507 Ἰσακίου
2868 4449 3044 4503 Δούκα
3071 4468 3131 4502 τε
3154 4448 3244 4502 καὶ
3274 4446 3489 4513 Ὑαλέα,

2427 4544 2570 4598 8715
2608 4538 2675 4597 Ο’ί
2707 4540 2848 4614 πρὸς
2881 4538 3118 4613 Λαρίσσῃ
3150 4537 3387 4612 Μιγαὴλ
3421 4537 3733 4610 εὑρηκότες,

2609 4626 2858 4691 Σπονδὰς
2886 4624 3286 4700 πεπληρώκασι
3317 4624 3559 4700 καθάπερ
3591 4622 3731 4680 δέον’

2602 4724 2828 4773 Ἔπειτα
2856 4713 3025 4771 παῖδα
3053 4713 3213 4770 τοῦδε
3234 4715 3325 4769 τὸν
3354 4714 3671 4791 Νικηφόρον

2605 4800 3023 4881 Παραλαϐόντες
3052 4805 3143 4859 καὶ
3180 4806 3296 4877 μετ’
3328 4804 3495 4858 αὐτοῦ
3527 4801 3574 4858 δ’
3605 4802 3670 4858 αὖ
3699 4802 3865 4859 πάλιν

2602 4897 2711 4953 Τὸν
2742 4893 3009 4970 ’Ἄγγελον
3044 4890 3267 4967 δέσμιον
3303 4894 3377 4955 ὡς
3410 4891 3791 4969 φαυλεργάτην

2422 4996 2565 5051 8720
2604 4994 2765 5057 Αὖθις
2796 4991 3192 5067 ὑποστρέφουσι
3223 4990 3361 5065 πρὸς
3393 4988 3639 5064 βασιλέα.

2598 5087 2742 5154 Τιμᾷ
2774 5079 2820 5136 δ’
2854 5083 2881 5136 ὁ
2912 5085 3127 5156 κρατῶν
3162 5080 3283 5151 ἄξια
3309 5083 3407 5133 τοῦ
3441 5076 3728 5150 δεσπότου,

2600 5174 2707 5229 Τὸν
2737 5175 2835 5227 τοῦ
2867 5168 3101 5244 Μιχαὴλ
3130 5166 3298 5223 παῖδα
3328 5169 3421 5223 τὸν
3452 5169 3793 5246 Νικηφόρον.

2598 5260 2757 5319 Οὕτω
2787 5259 3021 5337 περάνας
3051 5258 3118 5314 τὰ
3145 5258 3281 5333 πρὸς
3310 5257 3536 5331 έσπέραν
3563 5260 3805 5335 κράτωρ,

2598 5350 2705 5408 Κάν
2735 5355 2855 5412 τοῖς
2890 5346 3137 5425 βοδηνῶν
3169 5348 3589 5423 παραχειμάσας
3618 5348 3836 5417 τόποις,

2418 5444 2562 5498 8725
2600 5442 2770 5515 Ἦρος
2802 5440 3060 5518 φανέντος
3083 5434 3401 5493 καταλιπὼν
3432 5438 3624 5503 αὐτόθι

2600 5531 2863 5586 Πλεῖστον
2893 5534 3168 5603 στρατιᾶς,
3199 5526 3291 5581 σὺν
3327 5526 3578 5589 ὁπλίταις
3614 5527 3828 5601 μετρίοι
3853 5552 3869 5601 ς

2600 5621 2827 5693 Βλέψων
2859 5618 3023 5691 ἀπῄει
3056 5618 3402 5693 προσρυέντα
3431 5617 3727 5691 φρουρίων·

2598 5711 2822 5787 Ἀφῖκτο
2855 5707 3051 5786 λοιπὸν
3085 5706 3162 5770 εἷς
3193 5704 3467 5781 Λυχνιδὸν
3498 5708 3599 5778 τήν
3639 5707 3827 5782 πόλιν,

4009 372 4175 429 320
