4250 6432
134 408 245 463 325

317 528 550 600 Οὐκοῦν,
589 526 804 603 μέγιστε
833 523 1185 599 ποιμενάρχα
1215 523 1441 598 Κυρίου,

222 618 237 627 ’
320 617 406 673 Τὰ
432 619 552 672 κατ’
581 616 811 689 ἐμαυτὸν
847 613 1225 682 ἐκτελεσθῆναι
1259 610 1402 682 δέον,

320 708 414 768 Ὠς
444 705 746 777 Ῥωμαϊκοὶ
780 702 1099 759 διατυποῦσι
1129 701 1313 773 νόμοι·

325 796 390 853 Εἰ
427 796 521 867 μέν
554 794 658 869 γὰρ
688 794 848 854 αὑτὸς
882 792 1063 868 έξέφυν
1092 791 1151 845 έκ
1186 784 1497 865 βαρϐάρων,

139 898 287 952 8850
325 895 398 948 Ἦ
433 888 792 967 βαρϐαρικοῖς
827 891 1235 963 ἀνατέθραμμαι
1267 887 1483 959 νόμοις,

326 983 463 1056 ’τάχ’
499 980 558 1034 ἃν
592 979 818 1041 δικαίως
852 984 998 1056 σφῶν
1036 980 1321 1051 ὑπήγομεν
1357 973 1553 1036 δίκαις·

334 1072 609 1142 Ῥωμαῖος
644 1068 904 1143 ὑπάρχων
940 1065 996 1121 δέ
1025 1068 1131 1121 κάκ
1156 1066 1353 1120 τούτου
1383 1062 1592 1139 γένους,

327 1164 457 1220 Τοῖς
488 1160 818 1230 Ῥωμαϊκοῖς
851 1157 1245 1231 ὑπαχθήσομαι
1276 1153 1495 1227 νόμοις,

330 1247 492 1305 Οὕτω
532 1247 760 1322 Μιχαὴλ
796 1247 1022 1320 φαμένῳ
1050 1246 1117 1298 τὰ
1149 1247 1245 1308 τῆς
1279 1241 1453 1308 δίκης.

142 1341 291 1395 8855
331 1342 566 1393 Ἀνεῖται
597 1340 894 1406 τηνικαῦτα
922 1335 1057 1408 πρὸς
1092 1332 1382 1408 βασιλέως·

324 1428 521 1497 Ὅμως
548 1431 811 1499 παρεῖχεν
846 1423 907 1479 οὐ
943 1426 1139 1497 μικρὰν
1172 1422 1433 1495 ὑποψίαν,

328 1516 540 1586 Πέμπει
570 1514 634 1569 τὸ
666 1512 860 1568 λοιπὸν
894 1512 1287 1587 χαριτώνυμος
1319 1512 1536 1583 κράτωρ

330 1606 541 1660 Τοῦτον
574 1602 709 1676 πρὸς
740 1600 856 1656 υἱὸν
888 1601 978 1655 καὶ
1010 1598 1270 1674 διάδοχον
1299 1600 1528 1667 κράτους

332 1693 440 1748 Καὶ
463 1693 849 1766 ποιμενάρχην
883 1689 1151 1757 Μανουὴλ
1185 1685 1527 1757 Βυζαντίδος,

146 1785 293 1839 8860
331 1782 506 1843 Οὗτος
536 1782 637 1856 γάρ
669 1782 813 1856 ἦρχε
849 1780 1127 1849 τηνικαῦτ’
1155 1775 1508 1846 Ἑκκλησίας·

330 1873 395 1927 Ὀ
426 1868 472 1924 δ’
510 1865 815 1925 ὑποϐάλλει
850 1867 1083 1942 Μιχαὴλ
1114 1865 1432 1943 φρικαλέοις

334 1959 696 2031 Ἐπιτιμίοις,
728 1958 1056 2032 ἁφορισμοῖς
1090 1955 1180 2009 καὶ
1214 1952 1409 2028 λέγειν,

332 2054 407 2104 Ἠ
437 2050 545 2119 μὴν
577 2052 831 2120 καθαρῶς
864 2045 1065 2101 εύνοεῖν
1094 2046 1174 2114 τῲ
1206 2041 1440 2115 δεσπότῃ

334 2136 438 2192 Καὶ
476 2134 691 2209 βασιλεῖ
719 2134 892 2189 πάντα
923 2155 985 2206 γε
1022 2132 1114 2188 τὸν
1149 2134 1291 2200 ζωῆς
1316 2130 1540 2206 χρόνον,

147 2227 293 2281 8865
335 2226 533 2281 Μισεῖν
560 2230 608 2278 τ’
639 2222 973 2278 ἀποστάτιδα
1002 2222 1234 2297 γνώμην
1257 2220 1520 2280 ἐκτόπως.

334 2314 551 2371 Τούτου
582 2313 920 2388 πραχθέντος
958 2310 1212 2387 βασιλεὺς
1243 2310 1500 2379 Ἰωάννης

336 2403 434 2465 Εἷς
470 2405 755 2480 συνάφειαν
773 2403 1015 2478 γαμικὴν
1048 2398 1358 2475 συζευγνύει

334 2493 525 2565 Τούτῳ
559 2490 792 2567 Μιχαὴλ
826 2489 1219 2563 Παλαιολόγων
1252 2488 1437 2563 γένους

336 2584 449 2651 Τὴν
480 2579 762 2655 Θεοδώραν
794 2577 1009 2655 ἔγγονον
1040 2582 1136 2634 τοῦ
1166 2578 1429 2653 συγγόνου

154 2682 300 2737 8870
338 2682 451 2737 Τοῦ
484 2674 981 2753 σεϐαστοκράτορος
1009 2676 1295 2734 Ἰσαακίου·

338 2770 447 2825 Καὶ
481 2768 677 2824 λοιπὸν
704 2769 864 2823 αὑτὸν
906 2767 1146 2839 εὐμενῶς
1177 2767 1244 2834 ἦν
1272 2759 1658 2840 προσϐλέπων,

340 2860 445 2917 Καὶ
480 2860 786 2913 συνέταττεν
822 2857 1065 2912 εύνοοῦσι
1097 2856 1356 2930 γνησίως.

337 2948 499 3006 Οὕτω
530 2947 837 3021 συνηνέχθη
877 2947 969 3019 μὲν
1014 2945 1239 3019 ὑπάρξαι
1262 2942 1408 2999 τάδε·

335 3040 401 3096 Ὀ
426 3036 475 3093 δ’
508 3037 858 3114 αὐτοκράτωρ
888 3039 1018 3105 ἧκεν
1050 3036 1127 3097 εἷς
1158 3036 1399 3091 Νικαέων

154 3131 298 3186 8875
339 3128 529 3198 Μηνὸς
562 3127 683 3201 περί
712 3148 817 3181 που
848 3126 1022 3199 τέρμα
1053 3119 1450 3199 Φεϐρουαρίου.

332 3216 457 3273 Ἐπὶ
496 3216 689 3286 κλίνης
721 3213 779 3270 δὲ
807 3216 1032 3275 καθίσας
1063 3215 1180 3269 καθ’
1213 3214 1437 3287 ἑσπέραν

335 3311 607 3381 Παρεῖχεν
637 3305 933 3359 ἀνάπαυσιν
963 3305 1131 3359 αὐτοῦ
1162 3302 1389 3377 σαρκίῳ·

339 3397 497 3453 Μετὰ
529 3394 710 3471 βραχὺ
741 3392 787 3449 δ’
818 3394 1017 3468 εὕρητο
1047 3394 1263 3467 πρηνὴς
1296 3392 1348 3446 έν
1378 3390 1540 3465 κλίνῃ

342 3486 636 3557 Ἑξαπίνης
668 3481 924 3553 ἄναυδος,
958 3483 1057 3538 οὑκ
1086 3481 1313 3540 ἇπαίων.

160 3586 306 3642 8880
344 3584 509 3639 ’ταῦτ’
539 3579 642 3657 ἄρα
672 3578 1004 3655 συνέδραμον
1038 3575 1439 3649 Ἀσκληπιάδαι

346 3678 612 3732 Ἕκαστος
643 3665 1009 3745 συμφέροντες
1042 3671 1170 3729 ἄκος
1198 3676 1299 3738 τῆς
1327 3668 1511 3741 νόσου,

347 3764 495 3838 Πρὸς
520 3758 567 3815 δ’
597 3761 662 3815 αὗ
694 3761 913 3835 ἀμυχὰς
948 3758 1000 3814 έν
1034 3759 1162 3814 ποσὶ
1191 3759 1513 3825 τεθεικότες,

346 3849 543 3907 Τᾶλλα
569 3870 627 3905 τε
660 3848 893 3925 δρῶντες
926 3850 998 3903 ὧν
1032 3846 1360 3909 διδάσκαλος
1390 3847 1583 3922 τέχνη·

355 3940 519 3997 Ἀλλ’
558 3937 714 3995 οὐδέν
744 3942 907 4008 ἧττον
936 3939 1145 4012 ἡμέραν
1178 3938 1253 4000 εἷς
1288 3936 1539 4013 δευτέραν

169 4035 315 4090 8885
352 4034 631 4105 ἰ’πῆρχεν
663 4029 944 4101 ἀκίνητος,
978 4026 1193 4103 ἄφωνος
1220 4028 1459 4103 κράτωρ,

355 4118 699 4194 Ἐμπληξίας
729 4119 877 4191 νόσῳ
904 4138 963 4190 γε
992 4118 1419 4192 συνισχημένος·

355 4210 538 4264 Νόσου
570 4206 627 4263 δὶ
661 4208 853 4282 μικρὸν
888 4206 1076 4283 ῥαΐσας
1107 4207 1253 4276 πλὴν
1288 4204 1560 4272 δυσκόλου

361 4298 499 4373 Εἶχε
527 4299 699 4372 χρόαν
729 4298 982 4370 σώματος
1008 4296 1427 4369 ἠλλοιωμένην·

355 4391 584 4462 Ἀφῖκτο
617 4384 814 4440 λοιπὸν
843 4385 920 4447 εἷς
950 4383 1269 4461 βασιλείους
1300 4381 1507 4455 δόμους

168 4486 311 4543 8890
350 4484 497 4546 Τοὺς
529 4482 581 4537 έν
615 4482 901 4561 Νυμφαίῳ’
930 4481 1021 4536 καί
1056 4481 1265 4558 βραχὺν
1300 4482 1457 4556 βιοὺς
1486 4479 1683 4555 χρόνον

358 4572 611 4643 Ἀπῆλθε
639 4573 778 4647 πρὸς
809 4571 1010 4637 Κύριον
1038 4570 1284 4627 ἐκλιπὼν
1322 4570 1461 4647 βίον·

356 4663 528 4732 νΔναιξ
559 4661 761 4735 ἀγαθὸς
793 4661 883 4715 καὶ
916 4661 1221 4736 στρατηγὸς
1248 4656 1508 4735 γεννάδας

355 4751 502 4824 Πρὸς
536 4748 686 4804 δυσὶν
717 4750 982 4820 ἑξήκοντα
1016 4750 1217 4824 βιώσας
1251 4747 1369 4817 ἔτη,

363 4840 453 4911 Ἐξ
487 4839 560 4893 ὧν
587 4840 819 4912 κατῆρξε
848 4840 986 4914 πρὸς
1015 4839 1310 4911 τριάκοντα
1339 4837 1483 4911 τρία.

178 4932 319 4988 8895
360 4928 517 4984 Ἐπεὶ
552 4926 600 4982 δ’
631 4927 972 5005 έτετρύχωτο
1008 4924 1220 5001 χαλετῇ
1247 4925 1414 4998 νόσῳ,

358 5016 747 5086 Ἐπιπολάζων
777 5022 896 5081 τοῖς
922 5016 1115 5078 τόποις
1144 5017 1212 5085 ἦν
1242 5015 1557 5093 Νυμφαίου,

362 5109 515 5165 Κατὰ
544 5104 890 5180 διαστήματα
918 5106 1149 5183 πάσχων
1179 5111 1277 5161 τοῦ
1308 5107 1537 5181 χρόνου·

362 5198 452 5254 Ἐν
482 5196 736 5269 παλατιῳ
767 5194 964 5272 διάγων
995 5196 1095 5271 γὰρ
1128 5192 1237 5250 ἔσθ’
1272 5197 1362 5251 ὅτε

362 5286 490 5344 Ἐπὶ
519 5285 715 5356 κλίνης
746 5282 978 5349 ἄναυδος
1004 5286 1071 5354 ἧν
1103 5283 1452 5361 ἐρριμμένος·

181 5379 324 5436 8900
367 5376 564 5434 Ἐνίοτ’
598 5376 751 5440 αὗθις
784 5375 1024 5446 ἱππότης
1053 5372 1402 5449 δεδειγμένος

364 5460 731 5519 Ἐκινδύνευεν
765 5461 1007 5517 ἐκπεσεῖν
1039 5459 1371 5539 ἐφεστρίδος,

363 5553 429 5609 Εἴ
464 5554 541 5625 μὴ
575 5550 1009 5626 παριππεύοντες
1042 5551 1294 5626 ἀντεῖχον
1327 5553 1461 5605 νέοι·

366 5642 500 5700 Εἶτα
528 5642 805 5706 καθεστὼς
836 5642 895 5696 τὸ
928 5641 1187 5719 φρόνημα
1220 5634 1542 5713 λαμϐάνων,

366 5729 551 5805 Βάδην
588 5732 836 5808 ὑπῆρχεν
867 5729 942 5793 είς
974 5728 1179 5805 δόμους
1212 5729 1562 5805 ὑποστρέφων

1674 400 2036 458 CESABES.

1824 532 1877 595 Α
1910 524 2107 591 Igitur,
2140 541 2172 580 ο
2206 527 2285 581 mi
2319 527 2569 583 maxime
2600 526 2699 583 Dei
2730 527 3007 599 pontifex,

1916 629 2003 668 ine
2040 629 2167 668 meo
2194 616 2326 683 jure
2358 632 2527 687 agere
2559 617 2632 670 sit
2660 634 2919 688 aequum,

1912 706 2087 771 atque
2119 702 2394 759 Romanis
2423 704 2651 775 legibus
2685 706 3040 775 pracipitur.

1913 790 2057 845 Nam
2091 793 2138 845 si
2174 793 2513 863 parentibus
2541 800 2713 849 natus
2744 810 2931 848 essem
2965 795 3255 859 barbaris,

1913 886 2087 951 atque
2117 881 2437 938 barbaricis
2470 884 2793 937 innutritus
2824 884 3074 953 legibus,

1908 969 2090 1037 juste,
2128 976 2190 1025 ut
2220 972 2447 1041 opinor,
2480 974 2549 1026 ad
2584 973 2691 1026 hoc
2717 977 2817 1042 jus
2848 973 3231 1044 compellerer
3269 993 3280 1030 :

1918 1084 2073 1123 nunc
2105 1084 2238 1123 cum
2274 1070 2534 1125 Romana
2564 1071 2745 1140 stirpe
2776 1071 2889 1125 sim
2925 1076 3183 1142 creatus,

1918 1157 2197 1213 Romanis
2227 1158 2355 1213 volo
2387 1160 2722 1231 desceptare
2752 1160 3000 1232 legibus.

1918 1247 2012 1301 Sic
2045 1247 2381 1303 Michaelem
2414 1250 2527 1303 cibi
2562 1251 3021 1319 patrocinantem

1918 1338 2108 1392 Ciesar
2137 1344 2277 1392 tunc
2307 1338 2545 1408 quidem
2573 1340 2990 1395 dimittendum
3022 1344 3291 1409 censuit;

1922 1443 2026 1481 nec
2055 1432 2253 1481 tamen
2284 1427 2380 1482 ille
2408 1428 2567 1499 gravi
2599 1429 2935 1499 suspicione.
2961 1432 3170 1487 caruit.

1923 1518 2171 1572 Mittitur
2199 1534 2334 1589 ergo
2364 1535 2396 1572 a
2425 1520 2665 1574 domino
2696 1520 2955 1591 gratioso

1924 1608 1992 1660 ad
2029 1606 2211 1661 ﬁlium
2245 1624 2418 1661 suum
2453 1608 2681 1678 imperii
2716 1626 3116 1665 successorem

1924 1696 2362 1767 Manuelemque
2392 1697 2698 1769 praesulem
2734 1700 2992 1769 Byzantii

1923 1784 2041 1854 (hic
2071 1786 2224 1840 enim
2260 1802 2361 1855 per
2391 1786 2447 1839 id
2480 1792 2711 1857 tempus
2758 1789 3023 1843 Ecclesiae
3058 1792 3321 1860 praerat)

1850 1847 1894 1910 Β
1926 1847 2025 1943 qui
2074 1847 2351 1944 perquam
2382 1847 2656 1945 gravibus
2688 1876 3027 1932 Michaelem
3057 1847 3236 1932 minis

1926 1963 2343 2033 canonicisque
2368 1964 2638 2032 jussi'ous
2669 1965 2823 2035 cogit
2842 1966 3057 2029 dicere,

1926 2068 1988 2106 se
2018 2068 2151 2106 vere
2182 2052 2416 2107 domino
2450 2054 2592 2108 bene
2623 2055 2768 2109 velle
2799 2057 3031 2119 Caesari,

1930 2141 2221 2211 ﬁdemque
2252 2142 2308 2195 in
2342 2142 2499 2196 omni
2535 2144 2649 2197 vita
2681 2150 3069 2209 servaturum,

1927 2232 2102 2299 atque
2132 2229 2427 2300 apostasia
2457 2247 2699 2301 prorsus
2730 2231 2983 2287 alienum
3020 2234 3156 2288 fore.

1927 2326 2181 2382 Peractis
2213 2326 2303 2382 bis
2333 2328 2582 2383 Joannes
2615 2329 2931 2399 imperator

1928 2415 2348 2470 matrimoniali
2378 2416 2613 2487 copulat
2643 2419 2936 2473 consortio
2995 2431 3005 2443 ‘

1928 2503 2064 2558 huic
2096 2503 2363 2559 Michaeli
2394 2505 2576 2577 stirpe
2605 2505 2926 2578 Palasologo

1926 2592 2289 2648 Theodoram
2324 2599 2553 2663 neptem
2585 2597 2850 2667 germani
2885 2598 3009 2662 sui,

1928 2681 2407 2738 sebastocratoris
2439 2682 2663 2737 scilicet
2696 2686 2900 2740 lsaacii
2934 2702 2947 2739 :

1921 2771 2166 2841 jamque
2198 2785 2333 2824 eum
2367 2771 2618 2842 benigno
2652 2774 3005 2842 respiciebat
3036 2774 3224 2846 vultu,

1930 2862 2104 2929 atque
2136 2858 2455 2913 amicorum
2487 2860 2740 2916 habebat
2772 2862 2828 2916 in
2862 2880 3127 2921 numero.

1932 2946 2035 3000 Hic
2067 2946 2177 3001 fuit
2203 2948 2338 3001 dicti
2370 2950 2559 3003 exitus
2593 2949 2825 3019 negotii.

1932 3036 2139 3092 Postea
2183 3036 2431 3092 Nicaeam
2464 3037 2568 3091 ivit
2617 3038 2939 3110 imperator

1931 3126 2111 3181 ferme
2143 3127 2254 3181 sub
2286 3126 2509 3182 mensis
2540 3127 2716 3182 tinem
2754 3128 3075 3185 Februarii.

1852 3211 1896 3279 C
1936 3214 2181 3287 Vespere
2215 3231 2384 3286 porro
2416 3214 2627 3271 lectulo
2652 3218 3014 3273 decumbens

1934 3304 2267 3375 corpusculi
2296 3304 2478 3375 quieti
2512 3306 2859 3378 indulgebat
2892 3324 2905 3362 :

1936 3392 2110 3464 paulo
2143 3401 2272 3465 post
2298 3394 2492 3450 subito
2524 3411 2779 3452 cernuus
2812 3396 2872 3451 in
2905 3397 3178 3455 culcitam

1941 3487 2140 3538 mutus
2173 3484 2441 3539 inventus
2471 3490 2561 3539 est
2590 3491 2649 3539 et
2683 3485 2827 3539 nihil
2858 3486 3106 3543 audiens
3142 3505 3154 3543 :

1942 3582 2324 3652 quamobrem
2357 3588 2732 3638 accurrentes
2767 3583 3115 3655 Asclepiadis

1942 3671 2147 3726 morbo
2178 3670 2463 3727 medelam
2501 3672 2719 3727 variam
2756 3673 3140 3743 adhibebant,

1944 3765 2003 3815 et
2035 3760 2211 3832 pedes
2240 3761 2414 3816 etiam
2448 3762 2713 3833 punctim
2746 3762 3114 3831 vellicabant,

1947 3855 2282 3921 promentes
2311 3850 2454 3906 artis
2485 3867 2656 3907 omne
2687 3852 3114 3923 magisterium.

1946 3938 2140 3994 Nihilo
2171 3944 2368 3995 tamen
2404 3940 2599 3995 minus
2620 3941 2743 4011 jam
2777 3941 2869 3995 die
2900 3942 3161 3999 secunda

1944 4029 2270 4084 immobilis
2302 4037 2618 4101 mutuaque
2641 4031 2873 4101 jacebat
2902 4032 3100 4099 Cesar,

1948 4118 2225 4173 sensibus
2253 4118 2481 4175 cunctis
2510 4120 2712 4175 morbo
2744 4120 3087 4191 consopitis.

1950 4206 2083 4262 Mox
2109 4206 2479 4279 aliquantum
2512 4208 2796 4281 reviguit;
2831 4225 3193 4281 quamquam

1946 4294 2298 4367 corpusculo
2330 4296 2652 4353 deﬂuxerat
2682 4298 2876 4355 omnis
2906 4298 3091 4355 color.

1948 4383 2137 4447 Quare
2167 4384 2427 4441 defertur
2455 4385 2513 4440 in
2540 4386 2828 4458 Nimphaai
2861 4386 3107 4459 regiam,

1950 4472 2050 4528 ubi
2080 4478 2173 4530 sat
2203 4473 2363 4531 brevi
2396 4479 2657 4547 tempore
2687 4482 3009 4548 superstes,

1874 4568 1920 4634 Ι)
1952 4567 2154 4634 postea
2182 4562 2498 4619 defunctus
2524 4564 2595 4619 ad
2628 4562 2943 4620 Dominum
2982 4564 3127 4621 abiit
3157 4581 3172 4621 :

1954 4675 2053 4714 rex
2082 4675 2222 4716 sane
2252 4661 2442 4715 bonus
2472 4665 2529 4715 et
2555 4661 2722 4717 fortis
2753 4661 3098 4733 imperator,

1953 4749 2125 4805 annis
2157 4750 2388 4805 duobus
2418 4766 2598 4822 supra
2627 4752 2932 4822 sexaginta

1952 4839 2113 4907 vixit,
2147 4838 2208 4894 in
2240 4839 2487 4911 imperio
2520 4841 2765 4912 triginta
2795 4842 3007 4897 tribus.

1954 4928 2009 4984 Is
2040 4933 2353 4999 postquam
2384 4945 2616 5001 gravem
2655 4931 2862 4986 incidit
2890 4931 2949 4986 in
2986 4933 3280 5003 morbum,

1954 5018 2110 5074 circa
2163 5018 2467 5091 Nymphai
2500 5020 2719 5093 regiam
2753 5021 3058 5079 diversans

1954 5123 2022 5163 ex
2046 5107 2349 5164 intervallo
2380 5109 2684 5165 deﬁciebat
2714 5110 2931 5166 animo.

1956 5197 2258 5253 Interdum
2286 5198 2443 5253 enim
2473 5197 2533 5253 in
2566 5198 2781 5269 palatio
2811 5200 3034 5271 degens

1956 5285 2190 5358 loquela
2215 5286 2275 5342 in
2306 5286 2457 5343 lecto
2489 5304 2697 5344 carens
2729 5291 3113 5347 recumbebat
3145 5309 3158 5346 :

1958 5375 2255 5431 interdum
2287 5376 2464 5433 etiam
2497 5378 2772 5449 equitans
2793 5380 2852 5434 in
2884 5380 3143 5451 publico,

1959 5464 2235 5535 lapsurus
2263 5471 2386 5521 erat
2417 5482 2669 5522 cernuus
2700 5468 2977 5540 ephippio

1960 5553 2019 5609 ni
2051 5554 2463 5626 adequitantes
2495 5556 3174 5628 subvenissentjuvenes
3204 5576 3217 5615 :

1960 5647 2018 5699 et
2047 5659 2182 5699 mox
2213 5650 2462 5712 erectus,
2495 5644 2705 5716 spiritu
2742 5650 2997 5719 recepto,

1963 5734 2364 5790 revertebatur
2395 5734 2647 5805 pedibus
2676 5734 2734 5791 in
2767 5737 3013 5808 regiam,
