4190 6448
639 420 743 472 327
1844 421 2219 475 ΕΡΗΒΒΜΙῙ
2256 420 2294 474 C

2392 416 2699 479 ιοιιοοῐιΑ
2707 425 2830 478 ΡΗῐ
3933 429 4047 485 328

636 547 720 603 vel
755 551 1019 618 gestatus
1047 563 1079 600 a
1110 544 1345 599 famulis
1370 544 1427 598 in
1461 543 1688 599 sellula.

2313 547 2364 609 Α
2395 542 2537 598 8905
2573 545 2639 598 Ἥ
2670 546 2758 598 καὶ
2783 541 3026 618 φοράδην
3059 551 3174 608 τοῖς
3208 547 3690 621 ὑπηρετουμένοις.

808 660 1448 736 Taouoausnucas
1467 660 1832 736 “scarus
1861 659 1976 713 AN.
2012 659 2108 714 Ill.
2349 663 2356 673 ·

2349 663 2356 673 ·
2466 660 2820 715 eEOAQPOz
2863 662 3130 717 ΔΟΥΚΑΣ
3171 666 3216 718 o
3255 664 3606 720 ΛΑΣΚΑΡΙΣ
3648 666 3772 721 ET’.
3810 665 3882 736 r',
3923 685 3973 728 ς.

1164 733 1376 788 MENS.
1412 731 1749 797 ALIQUUT.

633 843 725 895 Sic
761 842 885 895 vitae
918 840 1170 895 termino
1199 839 1458 893 Joannes
1490 839 1763 909 imposito

2569 836 2726 895 Οὕτω
2759 839 2819 892 τὸ
2856 839 3007 913 βιοῦν
3043 839 3323 915 έκμετρῶν
3357 843 3611 911 Ἰωάννης

635 931 918 983 hmredem
954 927 1260 999 dignitatis
1287 934 1342 982 et
1374 927 1602 997 imperii

2567 924 2847 1002 Θεόδωρον
2871 925 3187 1002 κληροῦχον
3224 929 3403 1003 ἀρχῆς
3431 931 3520 984 καὶ
3551 930 3782 1004 κράτους

638 1020 818 1075 ﬁlium
855 1019 1088 1089 reliquit
1115 1019 1481 1074 Theodorum
1519 1018 1816 1073 Lascarim

2566 1019 2674 1073 Τὸν
2707 1015 2873 1071 παῖδα
2895 1018 3207 1090 κατέλιπεν,
3241 1018 3300 1073 ἐκ
3332 1021 3647 1095 Λασκαρίων

634 1127 952 1181 cognomen
985 1110 1039 1162 id
1075 1108 1384 1163 habentem
1417 1125 1449 1162 a
1489 1108 1832 1178 majoribus,

2565 1106 2938 1179 Τούπώνυμον
2973 1106 3200 1184 φέροντα
3229 1113 3334 1162 τῶν
3367 1109 3749 1183 προπατόρων·

630 1216 816 1253 annos
848 1204 988 1252 tunc
1020 1202 1219 1252 natum
1251 1202 1368 1252 tres
1399 1214 1577 1268 supra
1609 1197 1870 1266 triginta,

2386 1197 2528 1252 8910
2565 1199 2800 1271 ’Ἃγοντα
2822 1201 3113 1271 τριάκοντα
3143 1201 3240 1252 τοῦ
3270 1198 3392 1272 βίου
3423 1197 3657 1272 χρόνους

632 1293 695 1340 υι
730 1287 1097 1342 tradiderunt
1128 1291 1456 1357 temporum
1498 1287 1686 1356 periti.

2563 1287 2704 1358 Πρὸς
2733 1286 2910 1360 τρισὶν
2943 1283 3159 1355 ἄλλοις,
3307 1280 3502 1362 ἔφασαν
3535 1285 3757 1349 εἰδότες.

633 1377 796 1430 Hunc
825 1393 982 1431 more
1014 1375 1182 1430 solito
1207 1375 1406 1446 clypeo
1439 1375 1738 1430 sublatum

2562 1377 2658 1435 Ὃς
2690 1374 3040 1448 αὐτοκράτωρ
3067 1373 3322 1448 βασιλεὺς
3351 1373 3436 1429 ἐπ’
3461 1374 3686 1437 ἀσπίδος

631 1467 1042 1534 imperatorem
1077 1465 1353 1520 salutavit
1388 1465 1639 1536 populus
1676 1483 1687 1518 :

2562 1464 2972 1538 Ἀναγορευθεὶς
3001 1463 3137 1518 κατὰ
3166 1470 3441 1538 κρατῆσαν
3471 1461 3612 1537 ἔθος,

632 1554 798 1624 isque
829 1553 1132 1625 Nymphzei
1167 1554 1322 1623 regia
1357 1555 1650 1624 profectus

2564 1550 2740 1613 Εὐθὺς
2776 1551 2982 1626 ἀπάρας
3016 1553 3122 1606 ἀπὸ
3155 1557 3346 1626 χώρου
3377 1554 3681 1630 Νυμφαίου,

632 1641 1096 1712 Philadelphiam
1126 1643 1253 1696 sine
1285 1659 1447 1697 mora
1479 1643 1746 1709 accessit,

2383 1643 2524 1697 8915
2560 1643 2672 1710 Τὴν
2708 1638 3066 1712 Φιλαδέλφου
3094 1639 3505 1715 καταλαμβάνει
3535 1639 3715 1712 πόλιν,

631 1732 728 1784 ubi
761 1747 891 1785 cum
915 1730 1144 1784 sultano
1179 1731 1366 1785 foedus
1399 1731 1783 1786 conﬁrmavit.

2559 1732 2675 1806 Ἀφ’
2707 1731 2769 1784 οὗ
2804 1730 3023 1804 βεβαιοῖ
3043 1731 3138 1790 τὰς
3168 1730 3305 1803 πρὸς
3335 1729 3568 1785 σουλνᾶν
3600 1725 3917 1804 συμϐάσεις.

628 1820 797 1873 Illinc
828 1819 1118 1874 Niczenam
1168 1836 1514 1890 progressus
1546 1820 1602 1873 in
1640 1821 1841 1874 urbem

2560 1821 2818 1875 Κάκεῖθεν
2850 1819 3021 1873 ἐλθὼν
3053 1819 3128 1881 εἰς
3160 1821 3409 1876 Νικαέων
3442 1819 3626 1891 πόλιν,

629 1909 854 1980 regium
883 1909 1153 1979 plausum
1197 1909 1383 1962 audiit
1413 1909 1770 1963 solemniter.

2304 1907 2350 1970 B
2561 1908 2862 1977 Βασιλικῆς
2890 1906 3050 1983 ἔτυχε
3081 1915 3181 1976 τῆς
3213 1908 3511 1986 εὐφημίας·

628 1998 758 2051 Mox
790 1998 1159 2068 congregatis
1194 1997 1452 2068 undique
1484 1997 1821 2068 pastoribus

2562 1997 2673 2053 Εἶτ’
2704 1997 3002 2072 ἀρχιθῦτας
3033 1995 3226 2058 ἁλίσας
3257 1997 3593 2072 πανταχόθεν

599 2087 1042 2157 ,ρι’ωοίρυδιᾳιιε
1077 2086 1182 2140 rite
1212 2085 1349 2140 cleri
1385 2092 1546 2156 parte

2381 2087 2523 2142 8920
2563 2085 2788 2160 Κλήρου
2820 2107 2876 2140 τε
2907 2087 3107 2148 παντὸς
3134 2085 3263 2148 τοὺς
3295 2083 3532 2160 λογάδας
3565 2087 3641 2148 ὡς
3675 2083 3816 2153 δέον,

633 2193 766 2230 cum
797 2175 889 2230 his
921 2177 989 2229 de
1021 2191 1254 2228 summo
1296 2175 1541 2246 praesule
1573 2175 1955 2245 deliberabat,

2563 2174 2665 2228 Σὺν
2698 2171 2870 2229 τοῖσδ’
2900 2172 3056 2252 έδίφα
3085 2176 3394 2248 προστάτην
3431 2173 3750 2245 Ἐκκλησίᾳ,

631 2265 908 2336 quoniam
942 2263 1173 2319 Manuel
1211 2265 1542 2335 patriarcha
1572 2265 1796 2320 obierat

2559 2269 2663 2318 Τοῦ
2694 2263 3072 2338 ποιμενάρχου
3100 2260 3366 2331 Μανουήλ
3396 2263 3723 2333 τεθνηκότος

631 2353 932 2408 mensibus
965 2358 1096 2407 ante
1128 2357 1410 2408 Caesarem
1444 2354 1696 2410 duobus.

2563 2354 2734 2428 Πρινὴ
2767 2355 2943 2407 Θανεῖν
2977 2353 3176 2407 ἄνακτα
3210 2353 3343 2424 μησί
3374 2375 3479 2407 που
3513 2351 3648 2412 δύο,¹

629 2448 816 2513 Atque
847 2443 902 2496 id
940 2443 1204 2513 urgebat,
1239 2448 1303 2496 ut
1332 2455 1566 2513 accepto
1593 2448 1903 2498 stemmate

2561 2440 2856 2499 ’Έσπευδεν
2891 2443 2982 2496 οὗν
3015 2443 3088 2503 ὡς
3115 2443 3420 2503 ταινιωθεὶς
3448 2447 3527 2512 τῷ
3548 2443 3727 2515 στέφει

633 2533 691 2586 in
724 2533 1080 2587 occidentem
1118 2531 1227 2585 iret
1250 2549 1381 2586 cum
1415 2531 1693 2598 exercitu,

2383 2535 2523 2588 8925
2562 2531 3000 2604 Ἐπιστρατεύσει
3025 2537 3144 2593 τοῖς
3171 2532 3307 2585 κατὰ
3339 2528 3486 2586 δύσιν
3518 2531 3708 2592 τόποις

633 2639 723 2675 res
749 2621 827 2675 ibi
863 2619 1450 2676 turbanteMichaele
1484 2621 1730 2692 Bulgaro

2561 2621 2839 2696 Πάσχουσι
2869 2626 3049 2682 κακῶς
3081 2622 3218 2694 πρὸς
3247 2618 3476 2694 Μιχαὴλ
3502 2619 3820 2694 Βουλγάρου

633 2726 807 2780 quem
844 2727 911 2763 ex
945 2715 1133 2763 Asane
1165 2710 1428 2763 ediderat
1461 2709 1578 2764 lilia
1610 2709 1832 2781 Angeli.

2558 2714 2658 2769 "0v
2689 2711 2952 2786 Ἀγγέλου
2981 2715 3108 2772 παῖς
3141 2710 3419 2764 ἀπέτικτεν
3449 2710 3666 2782 Ἀσάνῃ·

628 2797 870 2852 Cresaris
902 2797 1055 2850 enim
1092 2796 1185 2850 hic
1219 2797 1416 2851 audito
1443 2797 1629 2864 obitu,

2561 2803 2763 2858 Μαθὼν
2795 2802 2896 2876 γὰρ
2929 2799 3087 2863 οὗτος
3114 2799 3207 2854 τὸν
3244 2800 3410 2872 μόρον
3437 2797 3702 2872 βασιλέως

627 2895 827 2943 nostra
861 2887 1198 2940 incursabat
1229 2889 1480 2956 graviter
1510 2888 1752 2942 castella

2563 2888 2820 2968 Σφοδρῶς
2843 2889 2996 2962 ἐπῄει
3027 2891 3362 2961 Ἃωμαϊκοῖς
3395 2889 3679 2964 φρουρίοις

634 2978 1037 3048 llesperiisque
1064 2977 1310 3031 nocebat
1333 2978 1663 3048 provinciis.

2381 2984 2522 3036 8930
2560 2984 2689 3040 Τοῖς
2723 2979 2856 3033 κατά
2889 2976 3036 3032 δύσιν
3067 2977 3336 3050 κειμένοις
3365 2978 3456 3031 καὶ
3487 2977 3737 3050 χωρίοις.

631 3070 827 3137 Itaque
859 3065 989 3121 aliis
1013 3065 1158 3120 alios
1191 3065 1543 3135 eligentibus

2557 3069 2778 3126 Ἃλλων
2812 3071 2937 3143 παρ’
2969 3066 3155 3121 ἄλλων
3186 3071 3471 3141 τοιγαροῦν
3493 3063 3844 3137 καλουμένων

629 3158 698 3212 ad
735 3156 1078 3227 patriarchae
1111 3157 1806 3227 summamdignitatem,

2562 3160 2657 3216 Εἰσ
2687 3158 3084 3232 ποιμεναρχίαν
3117 3179 3174 3210 τε
3203 3157 3288 3210 καὶ
3324 3153 3639 3229 προεδρίαν,

627 3246 958 3302 communis
992 3247 1225 3300 demum
1264 3245 1660 3319 Blemmydam
1695 3247 1983 3302 sententia

2304 3274 2346 3339 C
2564 3251 2624 3301 Ἠ
2661 3245 2786 3316 δόξα
2817 3248 2974 3313 κοινή
3009 3242 3341 3317 Βλεμμύδην
3379 3242 3691 3319 Νικηφόρον
3727 3244 3839 3312 (84)

626 3337 1016 3408 Nicephorum
1054 3335 1272 3389 honore
1302 3336 1542 3404 dignum
1576 3338 1820 3402 censuit,

2310 3331 2345 3339 “
2563 3335 2896 3410 Προστασίας
2930 3333 3073 3403 ἄξιον
3104 3335 3236 3387 εἶναι
3267 3331 3573 3405 προύτίθει,

625 3427 815 3480 virum
850 3426 1059 3478 virtute
1094 3433 1145 3478 et
1180 3430 1371 3478 mente
1405 3427 1985 3495 pra'stantissimum,

1973 3468 1985 3491 ,
2381 3429 2523 3484 8935
2560 3423 2746 3498 ”Ανδρ’
2778 3425 2940 3496 ἀρετῇ
2966 3444 3024 3478 τε
3047 3423 3246 3476 συνέσει
3268 3422 3622 3491 κεκασμένον.

625 3516 784 3572 omni
815 3520 1154 3570 exornatum
1190 3515 1586 3569 doctrinarum
1613 3532 1844 3586 genere,

2561 3513 2730 3587 Ἴδριν
2764 3513 2954 3585 σοφίας
2981 3509 3333 3577 παντοδαπῆς
3367 3510 3456 3564 καὶ
3488 3508 3695 3582 λόγων,

626 3621 864 3676 sumque
897 3604 1084 3658 artatis
1119 3603 1340 3658 nemini
1373 3606 1723 3673 secundum,

2562 3604 2660 3658 Καὶ
2690 3607 2797 3657 τῶν
2829 3603 2943 3656 κατ’
2977 3599 3134 3654 αὐτὸν
3170 3597 3385 3660 οὐδενὸς
3417 3596 3803 3670 λελειμμένον,

622 3693 1038 3763 (Ιὶοἰίοιὶηειωω
1064 3695 1713 3763 omniummagistrum

2556 3691 2900 3766 Τετρακτύος
2934 3687 3259 3744 διδάσκαλον
3297 3690 3439 3761 μαθη
3451 3689 3655 3759 μάτων,

624 3789 678 3839 et
711 3799 942 3839 summo
967 3798 1153 3836 amore
1182 3783 1388 3838 Caesari
1417 3785 1776 3848 devinctum,

2558 3780 2836 3838 Φιλοῦντα
2867 3777 3131 3857 φιλοῦντα
3161 3778 3294 3851 πρὸς
3333 3775 3625 3846 βασιλέως,

624 3873 716 3927 cui
745 3873 964 3927 litteras
997 3873 1244 3925 discenti
1282 3877 1600 3943 przeceptor
1634 3875 1838 3941 fuerat,

2378 3876 2520 3930 8940
2561 3869 2896 3926 Διδάσκαλον
2931 3869 3160 3944 φανέντα
3189 3863 3330 3937 τῷδε
3359 3869 3466 3918 τῶν
3502 3864 3708 3937 λόγων,

622 3979 848 4017 necnon
884 3962 950 4014 ad
981 3960 1124 4014 alias
1161 3960 1434 4031 pulchras
1467 3961 1828 4033 disciplinas.

2558 3958 2810 4020 Παιδείας
2841 3957 3019 4026 ἄλλης
3048 3957 3137 4010 καὶ
3168 3955 3352 4010 καλῶν
3388 3951 3753 4026 διδαγμάτων·

621 4053 764 4106 Mire
796 4066 932 4120 ergo
963 4049 1171 4103 (lassari
1208 4049 1470 4120 placebat
1508 4051 1731 4115 electio,

2557 4051 2658 4106 Καὶ
2695 4048 2948 4123 βασιλεὺς
2981 4047 3091 4120 οὐχ
3118 4047 3281 4112 ἧττον
3319 4041 3503 4115 ἠγάπα
3531 4037 3676 4096 τόδε.

621 4142 717 4210 qui
756 4140 910 4193 hunc
952 4139 1022 4193 ad
1057 4155 1291 4192 sacrum
1326 4139 1539 4193 solium
1575 4142 1816 4195 vocabat

2555 4137 2844 4195 Ἔσπευδεν
2879 4136 3073 4190 οὐκοῦν
3104 4131 3249 4188 τόνδ’
3283 4129 3554 4204 ένιδρῦσαι
3587 4127 3784 4203 Θρόνῳ,

620 4231 774 4284 haud
811 4247 1008 4300 preces
1039 4229 1228 4284 solum
1261 4232 1360 4285 sed
1396 4232 1510 4285 vim
1543 4248 1774 4302 quoque
1806 4232 2110 4288 adhibens.

2555 4232 2750 4302 ΙΙεῖραν
2781 4225 3099 4300 προσάγων,
3133 4218 3447 4297 προστιθείς
3480 4239 3530 4272 τι
3562 4221 3649 4270 καί
3685 4216 3821 4290 βίας,

617 4319 724 4371 Sed
757 4324 1179 4390 repugnantem
1205 4320 1476 4390 dignitati
1512 4337 1779 4389 cernens,

2376 4323 2516 4378 8945
2553 4321 2641 4378 Ὦς
2673 4316 2720 4371 δ’
2749 4315 2886 4371 εἱδεν
2917 4314 2978 4369 οὐ
3012 4313 3171 4376 θέλον
3226 4333 3252 4365 α
3278 4313 3378 4377 τὴν
3410 4304 3723 4383 προεδρίαν,

615 4425 802 4478 neque
836 4425 896 4462 se
927 4409 1168 4462 omnino
1202 4408 1517 4478 patientem
1550 4410 1727 4470 flecti,

2552 4409 2750 4480 Τρόπῳ
2777 4404 2833 4460 δὲ
2863 4402 3022 4458 παντὶ
3058 4398 3320 4473 μηδόλως
3354 4395 3731 4468 πεπεισμένον,

620 4499 689 4552 ad
727 4498 1082 4552 monachum
1119 4498 1426 4552 Arsenium
1463 4499 1810 4569 suti‘ragium
1842 4500 2016 4555 vertit

1880 4500 2016 4555 ertit
2553 4496 2677 4555 Ἐπὶ
2715 4493 2956 4567 μοναχὸν
2992 4489 3264 4564 Ἀρσένιον
3304 4486 3533 4560 ἐτράπη,

613 4589 921 4657 degentem
958 4603 1136 4657 prope
1168 4586 1359 4640 lacum
1394 4587 1839 4658 Appolloniatis.

2297 4635 2337 4658 η
2549 4586 2824 4643 Ἀσκοῦντ’
2852 4576 3304 4638 Ἀπολλωνιάδος
3333 4577 3470 4630 κατά
3501 4573 3723 4645 λίμνην,

616 4635 921 4657 “”⁹(ῗ)“’“”“⁷“”“
959 4635 1134 4657 Γ¹⁷Γ⁷
1168 4635 1359 4640 “““⁷““““’
1394 4635 1839 4658 "I"l'""""'""

611 4675 775 4730 nulla
808 4677 1231 4746 propemodum
1267 4676 1572 4745 praeditum
1616 4679 1899 4743 doctrina,

2293 4635 2339 4699 D
2783 4635 2975 4747 όλίγην
3007 4635 3347 4743 γραμμάτων
3381 4685 3543 4733 κεκτη
3557 4635 3733 4736 μένον..

612 4766 789 4819 unius
827 4765 1030 4819 leviter
1061 4765 1361 4819 conscium
1410 4766 1833 4837 grammaticae,

2372 4770 2514 4825 8950
2550 4761 2926 4822 Ἐπιπολαίως
2956 4763 3348 4835 γραμματικῆς
3379 4753 3653 4827 ἡμμένον,

612 4855 891 4923 gravibus
927 4869 1166 4924 prorsus
1193 4853 1452 4908 scientiis
1485 4860 1799 4926 expertem.

2553 4852 2771 4911 Ἀυλων
2798 4849 2840 4904 δ’
2871 4848 3127 4924 ἄγευστον
3162 4843 3423 4920 ἐγκρίτων
3455 4840 3815 4914 μαθημάτων.

608 4949 802 5014 Atque
833 4943 992 4997 hunc
1025 4943 1276 4997 accitum
1315 4943 1630 5002 festinatim
1656 4945 1867 5009 Caesar,

2547 4947 2744 4997 Τοῦτον
2782 4938 3162 5014 μετεστείλατο
3187 4934 3404 5008 ταχέως
3434 4929 3674 5005 κράτωρ,

611 5034 848 5103 jamque
880 5037 1245 5102 praesentem,
1281 5033 1674 5102 patriarcbam
1699 5035 1873 5105 elegit
1904 5051 1918 5089 :

2553 5033 2650 5088 Καὶ
2680 5030 2745 5100 δὴ
2780 5028 3022 5103 παρόντα
3050 5023 3397 5098 πατριάρχην
3430 5018 3677 5075 δεικνύει·

611 5122 1064 5192 pastoribusque
1099 5123 1382 5192 praecipit,
1411 5122 1678 5177 celeriter

2552 5122 2656 5178 Καὶ
2688 5119 3092 5191 ποιμενάρχαις
3126 5110 3458 5187 έγκελεύεται
3490 5109 3660 5182 τάχος

614 5211 810 5280 ipsum
845 5212 1157 5267 ordinibus
1189 5212 1490 5267 initiareut
1520 5214 1701 5268 sacris
1737 5217 1765 5268 :'

2374 5217 2516 5271 8955
2553 5211 2776 5268 Ἂπαντ⁹
2809 5207 2891 5261 ἐπ’
2924 5205 3071 5276 αὐτῷ
3100 5204 3165 5256 τὰ
3195 5201 3331 5255 κατὰ
3359 5198 3563 5270 νόμους
3594 5193 3807 5272 δράσαι,

608 5302 707 5371 qui
744 5301 920 5355 tridui
958 5303 1149 5372 spatio
1178 5307 1528 5357 consecrant
1561 5303 1869 5359 Arseuium

2552 5305 2650 5372 "0v
2681 5298 2770 5353 καὶ
2802 5295 3047 5352 τελοῦσιν
3080 5292 3131 5347 έν
3152 5290 3294 5366 τρισὶ
3327 5285 3466 5343 τόνδ’
3499 5285 3729 5360 ἡμέραις

608 5391 923 5444 diaconum
959 5391 1364 5461 presbyterum
1401 5394 1457 5444 et
1483 5391 1826 5461 episcopum
1863 5409 1874 5445 :

2553 5387 2810 5446 Δικάονόν
2828 5407 2886 5441 τε
2916 5384 3005 5439 καὶ
3039 5381 3203 5452 θύτην
3236 5379 3324 5435 καὶ
3356 5379 3609 5450 ποιμένα·

607 5497 639 5534 a
671 5496 785 5550 quo
819 5479 1142 5551 imperator
1174 5497 1389 5536 corona
1423 5479 1734 5535 redimitus

2553 5481 2687 5555 Παρ⁹
2711 5479 2771 5532 οὗ
2807 5473 3063 5552 βασιλεὺς
3095 5467 3404 5532 ταινιωθεὶς
3431 5471 3512 5538 τῷ
3545 5463 3744 5542 στέφει,

679 5676 792 5746 (48)
826 5676 926 5751 Hic
957 5682 1065 5751 est,
1097 5678 1268 5748 cujus
1290 5677 1614 5732 orationem
1636 5675 1701 5732 de
1728 5677 1876 5748 regis
1905 5681 2110 5751 ofﬁcio,
2145 5685 2215 5739 ad
2249 5683 2619 5740 Theodorum
2665 5678 2811 5748 imp.
2840 5672 3144 5744 scriptam,
3191 5684 3300 5742 ego
3353 5681 3540 5737 nuper
3586 5661 3745 5719 edidi
3801 5661 3875 5720 in
3920 5671 4092 5728 coll,

605 5751 736 5805 Vat.
771 5748 1064 5806 volumine
1087 5751 1364 5806 secundo.
