4250 6432
204 421 320 479 329

390 543 482 605 Ὦς
513 542 662 618 εἶχεν
691 537 1006 616 ιξὼρμηστν
1035 538 1192 603 εὸθδς
1221 538 1363 614 πρὸς
1401 534 1554 594 δόσιν

203 634 354 689 8960
393 631 650 705 Πορθμόν
675 624 868 692 διαϐὰς
888 628 1072 684 ναυσὶν
1099 625 1572 700 Ἑλλησποντίων·

389 721 496 777 Καὶ
524 713 848 774 καταλαϐὼν
880 715 1173 793 Ἀδριανοῦ
1198 718 1302 786 τὴν
1331 715 1520 786 πόλιν,

389 809 480 866 ἐν
515 805 657 880 τῷδε
687 805 943 884 διήγαγεν
976 807 1188 881 ἡμιραν
1225 805 1373 880 μίαν·

386 897 504 955 Εἶτ’
532 895 838 977 ἰκτρατεόει
869 897 1008 972 πρὸς
1037 895 1104 951 τὰ
1129 892 1400 966 Ῥοδόπης
1428 893 1565 970 μέρη

391 987 542 1042 Κατὰ
573 984 811 1061 Μιχαὴλ
842 982 1177 1060 Βουλγάρων
1211 984 1525 1060 ἁρχηγίτου

203 1085 351 1141 8965
392 1083 498 1138 Σὺν
529 1087 753 1158 στρατιᾷ
780 1085 900 1140 κατ’
932 1081 1106 1157 Εὗρον
1139 1080 1433 1157 ιαηγὲτου

385 1175 481 1234 ’ος
513 1170 629 1227 εἷλε
661 1169 1029 1246 Στενίμαχον,
1062 1170 1391 1240 Τζίπαιναν,
1422 1167 1692 1246 Οὕστραν,

386 1255 660 1332 Κρυὸοὺς,
695 1260 1065 1336 Περπεράκιον
1096 1257 1190 1314 καὶ
1223 1259 1594 1334 Περιστίτζαν,

387 1349 646 1426 Ἐφραίμ,
680 1349 1003 1424 Κριτζιμὸν,
1041 1345 1310 1423 ’Δχριδοῦ
1343 1347 1516 1402 πάντα
1545 1349 1740 1420 τόπον,

387 1438 633 1508 ’Υκήκοα
662 1436 897 1514 φρούρια
919 1439 988 1510 τῇ
1019 1434 1308 1509 Ῥωμαίδι·

201 1528 348 1583 8970
387 1524 579 1587 Οὕτως
609 1525 864 1588 ἐπιόντος
895 1522 953 1580 δὶ
981 1527 1302 1601 κραταρχου
1324 1523 1539 1599 δρόμῳ,

387 1616 449 1673 Ὀ
481 1613 710 1692 Μιχαὴλ
740 1613 898 1691 γνοὺς
925 1613 990 1670 ὲκ
1019 1615 1376 1670 κατασκόπων
1397 1612 1580 1690 δράμα

386 1705 577 1778 (πηγὰς
608 1703 787 1760 ἀπιὼν
817 1707 998 1778 ᾦχετο
1029 1703 1168 1770 πρὸς
1201 1701 1438 1774 πατρίδα

386 1791 566 1855 Αὐτός
595 1813 653 1848 τε
680 1792 772 1847 καὶ
813 1791 1120 1868 στράτευμα
1151 1789 1242 1847 διὰ
1275 1789 1559 1868 δυσπόρων

390 1885 719 1956 Συνηρεφῶν
757 1875 955 1957 τρίϐων
984 1900 1043 1934 τε
1071 1880 1162 1935 καὶ
1194 1877 1557 1938 δυσεκϐάτων.

204 1973 354 2029 8975
393 1971 583 2044 Εὖρὼν
612 1970 764 2025 κενόν
797 1967 845 2025 δ’
881 1966 1049 2034 ῐωθεν
1083 1971 1208 2044 ἄναξ
1239 1971 1331 2025 τὸν
1356 1970 1549 2038 τόπον,

390 2058 515 2114 Ἐπὶ
545 2054 787 2136 Βερῥόην
819 2059 923 2129 ἧκε
948 2060 1051 2128 τὴν
1081 2059 1136 2114 ἰν
1165 2058 1448 2136 γειτόνων·

392 2146 565 2203 Ἐλὼν
594 2145 652 2203 δὶ
680 2146 882 2218 ταύτην
909 2147 999 2202 καὶ
1033 2147 1331 2212 σκυλεύσας
1357 2150 1424 2202 τὰ
1452 2149 1626 2224 πίριξ.

392 2236 490 2294 Et:
519 2234 813 2312 Ἀδριανοῦ
841 2238 941 2306 τὴν
973 2234 1137 2291 πόλιν
1172 2236 1491 2313 ὑποστρέφει

393 2326 544 2383 Μετὰ
574 2325 832 2402 λαφύρων
862 2325 1160 2399 ἀμυθήτων
1192 2347 1250 2382 τε
1278 2326 1517 2382 σκύλων·

206 2425 354 2480 8980
393 2423 518 2502 Ἀφ’
547 2423 612 2478 οὗ
642 2424 950 2502 πεπομφὼς
990 2423 1242 2499 στρατιὰν
1271 2424 1354 2479 δτι
1383 2423 1577 2501 τάχος,

305 2548 308 2551 -
385 2514 584 2575 Πόλεις
612 2515 991 2588 παρεστήσατδ
1021 2514 1118 2576 τὰς
1150 2515 1478 2578 ἀποστάσας·

384 2602 484 2657 Καὶ
517 2601 778 2677 βασιλεύς
807 2599 855 2657 δ’
890 2600 1051 2674 ἔξεισι
1081 2605 1219 2658 κατὰ
1247 2602 1541 2675 Ῥοδόπης,

385 2691 491 2748 Καὶ
523 2691 893 2768 Στενίμαχον,
926 2693 1254 2768 Κρυτζιμὸν,
1293 2693 1662 2766 Περιστίτζαν,

383 2780 746 2850 ’Βιανασώζει
778 2783 964 2854 κράτει
992 2785 1101 2836 τῶν
1133 2781 1410 2838 Αὐσόνων·

201 2871 345 2926 8985
385 2870 613 2942 Ἔμεινε
641 2866 689 2923 δ’
720 2869 1001 2932 ἀνάλωτος
1045 2871 1317 2940 Τζὲπαινα
1353 2871 1493 2946 μόνη

399 2957 498 3012 Διά
525 2978 586 3014 τε
611 2959 822 3033 κρυμὸν
852 2956 942 3013 καὶ
968 2958 1139 3014 τόπου
1166 2957 1498 3037 δυσχωρίαν.

393 3049 567 3123 Ἥρος
601 3044 649 3102 δ’
673 3046 1097 3122 ἔπιλὰμψαντος
1127 3048 1319 3105 αὐτίκα
1347 3053 1540 3130 γράφει

389 3138 554 3210 Ἄναξ
587 3141 922 3211 στρατηγοῖς
950 3143 1068 3199 τοῖς
1088 3138 1223 3217 κατᾶ
1255 3138 1457 3216 Σίῤῥας
1487 3141 1650 3197 πόλιν

389 3227 488 3298 Τῷ
518 3225 1011 3300 Στρατηγοπούλῳ
1040 3227 1132 3283 καὶ
1163 3231 1439 3303 Τορνικίῳ

210 3318 354 3373 8990
393 3315 543 3370 Μετὰ
571 3315 824 3390 στρατιὰς
849 3309 1150 3392 προϐαλεῖν
1175 3322 1246 3392 τῇ
1276 3320 1561 3394 Τζεπαίνῃ.

393 3403 519 3476 Ἐξή
530 3423 650 3458 εσαν
677 3400 772 3458 οὖν
801 3404 950 3479 παρὰ
975 3402 1129 3460 τόνδε
1147 3407 1238 3461 τὸν
1263 3408 1455 3462 τόπον·

393 3493 504 3550 Εἶτ’
531 3491 629 3546 οὐκ
659 3489 862 3554 ἰδόντες
892 3496 1146 3570 στρατιάν
1175 3494 1452 3567 ιναντίων,

391 3585 522 3659 Οὐχ
545 3581 775 3646 ὁπλίτας
806 3584 984 3648 ῒόντας
1015 3587 1094 3649 είς
1129 3589 1316 3663 μάχην
1349 3589 1516 3655 ὅλως·

389 3670 631 3728 Φύλλων
660 3670 719 3728 δὶ
746 3673 964 3730 κτύπων
990 3676 1082 3731 καὶ
1107 3677 1298 3750 ψόφων
1324 3679 1650 3755 ᾐσθημένοι,

207 3764 356 3820 8995
420 3758 627 3836 ᾤχοντ’
655 3761 913 3836 ἀκόσμως
945 3763 1001 3820 ἰν
1030 3771 1177 3842 φυγῇ
1210 3767 1532 3834 λελοιπότες

389 3854 621 3915 Ἵππους
647 3851 954 3917 πανοπλίας
977 3874 1038 3909 τε
1066 3856 1154 3909 καὶ
1187 3860 1384 3928 σκευὴν
1413 3859 1550 3930 ὅλην

391 3943 527 3998 Τοῖς
558 3936 930 4019 ἱπποφορϐοἷς
953 3944 1042 3998 καὶ
1072 3940 1341 4010 συϐώταις
1366 3947 1718 4027 Βουλγάρων·

393 4030 465 4087 ’Ὀ
492 4030 729 4106 γνωσθὶν
761 4031 975 4100 ἠνίασεν
1007 4035 1209 4090 ἄνακτα
1237 4034 1382 4092 λίαν.

398 4118 524 4194 Οὐχ
550 4121 712 4189 ἧττον
740 4119 957 4190 ἠνίασεν
984 4123 1230 4180 εἰσπεσὸν
1257 4125 1422 4182 πάλιν

211 4217 359 4274 οοοο
395 4220 616 4273 Λυποῦν
644 4238 697 4274 τι
728 4219 894 4275 κακὸν
927 4228 1214 4298 Δραγωτᾶς
1238 4223 1298 4280 ix
1326 4224 1678 4302 Βουλγάρων,

395 4307 624 4382 Ἄρχων
651 4314 906 4380 στρατιᾶς
931 4316 1035 4381 τῆς
1064 4313 1199 4368 κατᾶ
1229 4313 1554 4371 Μελενίκον·

392 4395 586 4458 Ὀστις
615 4395 854 4460 ἀποστὰς
883 4399 973 4454 καὶ
1006 4402 1235 4476 στρατὸν
1269 4404 1559 4471 συναλίσας

392 4487 762 4562 Κατατριχων
789 4486 854 4562 ἦν
874 4488 942 4543 τὰ
972 4488 1124 4564 περιε
1151 4492 1477 4549 Μελενίκου·

393 4574 570 4628 ’Δστυ
597 4570 656 4630 δὶ
683 4575 995 4633 συνεκλεισε
1020 4583 1292 4654 πορθῆσαι
1324 4582 1519 4642 θιλων.

209 4665 357 4722 9α5
393 4664 670 4721 ’Πκουστο
699 4669 868 4722 ταῦτα
901 4667 1120 4742 βασιλεῖ
1149 4673 1503 4748 πρατηγὲτῃ,

395 4754 499 4808 Καὶ
525 4753 626 4823 τήν
652 4755 920 4831 ταχίστην
945 4757 1099 4822 ἀετός
1128 4781 1211 4822 τις
1242 4761 1481 4834 καθάπερ

396 4849 656 4906 Ὄκιστος
685 4841 822 4916 επτη
848 4848 985 4922 πρὸς
1017 4847 1316 4907 Πελενίκου
1346 4852 1548 4919 τόπους

400 4931 554 4988 Μετὰ
580 4939 830 5008 στρατιᾶς
855 4936 948 4992 καὶ
980 4944 1302 5014 στρατηγῶν
1332 4943 1643 5018 ταγμάτων.

404 5020 510 5078 Καὶ
544 5022 894 5097 καταπλήξας
929 5027 1182 5102 στρατιὰν
1214 5028 1471 5086 ἐναντίων

218 5121 367 5178 9010
402 5116 676 5197 Αίφνιδίῳ
699 5142 759 5176 τε
785 5124 878 5178 καὶ
906 5132 1158 5201 στρατιᾶς
1185 5131 1255 5202 τῇ
1288 5129 1485 5208 στίφει,

407 5207 707 5284 Ἐτρέψατο
737 5217 874 5289 σφᾶς
900 5213 977 5277 είς
1009 5218 1188 5292 φυγὴν
1221 5207 1579 5294 κατακρατος,

406 5297 670 5367 Κτείνων,
699 5297 941 5372 διώκων,
973 5303 1372 5380 αἰχμαλώτους
1403 5305 1719 5383 λαμϐάνων,

405 5388 497 5450 Ὠς
529 5385 591 5442 tu
619 5389 894 5446 τοσούτων
927 5392 1174 5471 ἆκφυγεῖν
1213 5396 1437 5472 βραχεῖς
1474 5399 1667 5473 μόρον,

405 5475 512 5532 Καὶ
543 5477 678 5552 πρὸς
707 5479 920 5542 Μυσίας
944 5479 1275 5552 διασωθῆναι
1310 5486 1474 5561 μὲρη.

219 5567 366 5626 9015
406 5566 470 5624 Ὁ
501 5563 550 5621 δ’
580 5566 646 5622 αὗ
677 5576 960 5646 Δραγωτᾶς
992 5574 1364 5644 συμπατηθεις
1396 5573 1604 5642 ἀθλίως

405 5657 618 5713 Ἵππων
653 5660 812 5713 ποσὶν
842 5659 1097 5732 τέθνηκεν
1125 5660 1366 5718 ἐκλιπὼν
1397 5663 1555 5740 φάος.

410 5744 568 5801 Οὕτω
602 5745 863 5823 βασιλεὺς
897 5747 1099 5815 διαθεὶς
1131 5750 1285 5806 πάνθ’
1315 5753 1390 5815 ὡς
1415 5756 1560 5826 δεον,

559 5867 826 5931 Pauor"
875 5870 988 5932 Gn.
1034 5871 1293 5934 CXLIII.

1737 417 2100 476 ΟΠΑΙΕ.

1889 543 1942 611 Α
1971 539 2033 596 in
2058 541 2418 601 occidentem
2452 545 2721 612 protinus
2751 547 3024 618 discedit,

1964 629 2498 704 Hellespontiacum
2531 637 2782 691 navibus
2805 635 3018 692 fretum
3051 638 3372 696 transiens.

1962 719 2150 790 Atque
2182 720 2455 778 Hadriani
2487 723 2716 780 delatus
2743 725 2813 779 ad
2849 726 3078 792 urbem,

1965 806 2047 861 ibi
2076 807 2167 863 vix
2198 825 2315 865 uno
2344 811 2682 867 demoratus
2712 813 2829 879 die,

1964 900 2156 951 castra
2185 899 2474 969 promovit
2505 899 2842 972 Rbodopem
2875 919 3082 959 versus

1965 988 2165 1039 contra
2189 985 2561 1059 Bulgaricum
2597 990 2918 1062 principem
2954 992 3320 1064 Michaelem,

1965 1073 2064 1143 qui
2097 1089 2231 1128 curn
2262 1078 2516 1132 exercitu
2547 1079 2618 1132 ad
2653 1077 2906 1135 Hebrum
2940 1083 3320 1150 morabatur;

1964 1162 2402 1220 Stenimacbum
2434 1171 2687 1238 ceperat,
2718 1169 3099 1240 Tzaapaanam,
3130 1176 3392 1240 Uetram,

1963 1257 2187 1327 Cribos,
2223 1263 2657 1334 Perpcracium,
2691 1269 2750 1320 et
2781 1265 3171 1338 Peristitzam,

1965 1347 2361 1421 prrmmum,
2393 1351 2756 1420 Critzimum,
2790 1360 3065 1410 cunctam
3101 1355 3413 1413 Achridem

1966 1452 2094 1507 qua
2127 1439 2298 1494 nobis
2327 1456 2489 1495 arces
2520 1445 2687 1497 antea
2717 1443 3024 1514 parebant.

1967 1524 2135 1582 Nunc
2160 1527 2232 1582 de
2261 1527 2520 1585 irruente
2541 1530 2811 1587 celeriter
2839 1532 3061 1588 Caesare

1966 1614 2039 1668 ab
2069 1613 2407 1686 explorante
2438 1618 2683 1674 Michael
2717 1620 3075 1687 admonitus,

1967 1703 2106 1775 fuga
2126 1720 2190 1759 se
2219 1705 2422 1760 statim
2453 1707 2653 1762 retulit
2683 1708 2741 1763 in
2775 1711 3028 1781 patriam

1970 1791 2095 1862 ipse
2117 1809 2251 1848 cum
2285 1794 2493 1865 copiis,
2527 1812 2630 1866 per
2661 1795 2818 1852 locos
2851 1797 3122 1854 difﬁciles

1887 1911 1935 1977 Β
1968 1896 2186 1977 perque
2216 1883 2501 1938 dumosos
2533 1884 2660 1977 sine
2692 1885 2839 1941 calle
2866 1885 3075 1977 saltus.

1965 1970 2134 2026 Mane
2163 1987 2296 2027 cum
2327 1987 2579 2029 vacuum
2611 1972 2804 2030 locum
2839 1975 3153 2047 reperiseet

1958 2059 2169 2127 Casar,
2204 2061 2592 2133 propinquam
2625 2063 2890 2134 pervenit
2920 2065 2990 2119 ad
3025 2065 3318 2122 Berrhoen
3355 2083 3369 2123 :

1962 2154 2298 2222 quacapta,
2330 2167 2587 2223 agroque
2619 2153 2882 2223 proximo
2914 2153 3141 2226 direpto

1963 2238 2441 2310 Hadrianopolim
2478 2246 2666 2296 semet
2699 2243 3020 2314 recipiebat

1964 2343 2081 2383 non
2111 2327 2240 2384 sine
2263 2329 2468 2384 multis
2500 2330 2822 2400 spoliorum
2855 2332 3097 2388 divitiis.

1962 2418 2154 2488 Atque
2183 2417 2346 2473 illinc
2380 2419 2562 2475 misso
2588 2423 2852 2491 protinus
2883 2423 3138 2478 exercitu

1967 2506 2333 2579 recuperavit
2363 2509 2539 2564 urbes
2569 2510 2940 2580 apostolicae.

1969 2596 2099 2666 Ipse
2121 2596 2372 2666 perrexit
2402 2597 2725 2670 imperator
2763 2600 2832 2654 ad
2872 2600 3212 2673 Rhodopen.

1969 2684 2550 2757 Stenimacbumque,
2585 2687 2974 2757 Peristitzam,
3004 2689 3386 2763 Crytzimum,

1973 2786 2236 2838 Romano
2267 2799 2472 2839 rursus
2503 2785 2731 2839 addidit
2764 2785 3030 2858 imperio.

1971 2870 2098 2927 Una
2119 2871 2400 2943 Tzepasna
2429 2872 2684 2943 perstitit
2714 2874 2929 2930 invicta

1970 2961 2044 3017 ob
2077 2959 2186 3016 loci
2219 2960 2594 3032 asperitatem
2633 2967 2810 3035 atque
2839 2963 3075 3020 hiemis.

1972 3050 2082 3106 Sed
2114 3066 2247 3105 vere
2276 3055 2495 3122 exorto,
2529 3052 2731 3107 statim
2766 3053 2925 3108 dedit
2959 3052 3190 3110 litteras

1973 3141 2044 3196 ad
2079 3141 2258 3196 duces
2288 3140 2482 3196 Caesar
2501 3142 2688 3196 Serris
2722 3143 3094 3200 demorantcs

1899 3271 1942 3337 C
1977 3229 2455 3302 Slrategopulum
2479 3230 2701 3286 scilicet
2729 3237 2786 3286 et
2815 3233 3175 3300 Tornicium,

1981 3323 2044 3373 ut
2066 3335 2196 3374 cum
2231 3320 2488 3376 exercitu
2521 3324 2831 3391 quaterent
2861 3323 3224 3394 Tzepasnam.

1970 3408 2060 3465 Illi
2093 3408 2163 3463 ad
2197 3407 2354 3464 hunc
2382 3409 2617 3481 agmine
2648 3410 2956 3466 tendentes
2989 3411 3204 3480 locum,

1970 3514 2103 3554 cum
2136 3513 2241 3553 nec
2273 3498 2554 3554 vidissent
2581 3498 2854 3556 hostilem
2888 3502 3206 3558 exercitum

1971 3603 2161 3659 neque
2191 3591 2428 3642 ruentes
2457 3588 2514 3641 in
2547 3587 2810 3659 praelium
2842 3594 3121 3659 armatos,

1970 3677 2244 3734 foliorum
2275 3683 2507 3733 tantum
2540 3679 2735 3733 sonitu
2771 3679 3058 3749 perterriti

1971 3767 2223 3839 turpiter
2253 3767 2631 3839 diffugerunt,
2665 3768 2910 3838 abjectis
2935 3770 3113 3824 etiam

1970 3857 2140 3929 equis
2171 3859 2228 3912 et
2248 3857 2427 3912 armis
2456 3861 2512 3911 et
2543 3857 2774 3912 sarcina
2805 3858 3094 3913 universa.

1971 3963 2098 4018 quas
2123 3946 2317 4018 prada
2345 3946 2524 4002 cessit
2554 3946 2926 4003 armentariis
2957 3947 3244 4019 Bulgaria.

1973 4035 2114 4091 Rem
2145 4040 2343 4091 autem
2373 4035 2567 4091 Caesar
2598 4036 2836 4107 pertulit
2865 4040 3184 4110 aegerrime.

1972 4134 2089 4189 Nec
2121 4133 2319 4189 minus
2350 4133 2506 4188 aliud
2538 4135 2953 4204 superveniens
2984 4136 3207 4191 malum

1973 4222 2180 4289 sensit,
2212 4222 2480 4278 videlicet
2509 4221 2826 4295 Bulgarum
2861 4229 3196 4296 Dragotam,

1975 4315 2208 4367 nostras
2239 4316 2536 4384 regentem
2563 4311 2828 4368 Melenici
2860 4312 3077 4384 copias.

1975 4402 2284 4459 Rebellans
2314 4403 2491 4470 enim,
2524 4408 2874 4475 congregato
2905 4405 3186 4472 exercitu,

1976 4491 2366 4564 populabatur
2396 4492 2661 4549 Melenici
2691 4493 2838 4549 fines

1977 4583 2286 4655 ipsamque
2318 4581 2519 4638 urbem
2551 4582 2832 4638 obsidens
2864 4583 3190 4655 premebat.

1877 4644 1948 4707 -ο
1977 4644 2316 4727 Audiit-hoc
2343 4671 2400 4726 in
2424 4671 2636 4727 castris
2665 4644 3003 4744 imperator,

1985 4766 2160 4831 atque
2188 4759 2446 4816 volatum
2476 4759 2688 4832 aquila:
2709 4759 3019 4816 aemulatus

1987 4850 2089 4904 vita
2121 4848 2467 4921 compendio
2500 4849 2688 4922 pergit
2721 4849 3071 4906 Melenicum

1989 4965 2126 5004 cum
2160 4948 2282 5004 suis
2314 4947 2496 5020 copiis
2523 4949 2918 5019 ordinumque
2949 4948 3202 5005 ducibus
3229 4966 3242 5005 ε

1989 5038 2413 5110 perterritoque
2446 5036 2706 5092 hostium
2740 5039 2996 5094 exercitu

1991 5129 2182 5184 subito
2214 5129 2460 5183 adventu
2497 5127 2872 5199 militumque
2905 5145 3175 5195 numero,

1993 5218 2192 5289 fugam
2225 5216 2522 5288 ingentem
2555 5222 2732 5288 atque
2763 5217 2990 5273 cladem
3023 5219 3231 5289 edidit,

1993 5321 2373 5378 persequens,
2408 5306 2657 5373 cadens,
2690 5305 2953 5378 captivos
2975 5306 3378 5381 intercipiens,

1996 5409 2061 5458 ut
2089 5402 2260 5475 pauci
2290 5419 2358 5460 ex
2389 5408 2477 5459 tot
2509 5403 2811 5460 interitum
2844 5404 3177 5475 vitaverint,

1998 5494 2098 5564 qui
2130 5493 2267 5566 fuga
2295 5496 2353 5548 in
2387 5492 2600 5549 Mmsiae
2635 5498 2828 5565 partes
2859 5501 3190 5550 evaserunt.

1997 5584 2282 5656 Dragotas
2314 5588 2510 5638 autem
2545 5584 2917 5655 proculcatus
2946 5585 3159 5640 misere

2001 5688 2286 5744 equorum
2322 5673 2565 5744 pedibus
2597 5672 2727 5727 vitm
2756 5674 2912 5745 rupit
2944 5674 3108 5728 ﬁlum

2002 5762 2104 5818 His
2133 5763 2324 5818 Cesar
2353 5763 2499 5818 actis
2529 5779 2597 5818 ex
2627 5763 2808 5818 animi
2838 5765 3152 5829 sententia,

3263 5885 3330 5944 Η

3510 427 3618 484 330
