4190 6448
609 428 710 484 331
1817 433 2186 486 ΕΡΗΒΑΕΜΙΙ
2222 431 2264 485 C

1817 433 2186 486 ΕΡΗΒΛΕΜΙΙ
2222 427 2790 486 CHRONOGRAPHI

608 555 667 608 et
698 550 1057 609 defectorum
1093 551 1330 606 feminis
1361 567 1428 607 ac
1459 551 1662 609 liberis

608 640 726 696 alio
757 640 1086 710 translatis,
1118 640 1321 711 procul
1352 639 1648 696 Melenico.

607 729 1090 786 Thessalonicam
1123 729 1284 784 illinc
1315 734 1404 785 est
1435 745 1739 786 reversus:

603 819 760 874 unde
789 817 1142 873 transmisso
1173 817 1313 872 Axio
1346 818 1658 888 profundo,

598 909 866 965 Bodenos
891 908 1051 961 venit
1082 906 1255 978 aquis
1286 908 1694 964 abundantes:

599 994 700 1050 ubi
731 994 1009 1051 laborans
1039 995 1261 1049 ventris
1294 994 1617 1061 doloribus,

594 1083 841 1155 paulum
871 1092 1175 1156 propterea
1198 1083 1463 1139 substitit
1491 1085 1721 1140 diebus.

594 1173 729 1228 Mox
763 1177 1084 1242 recreatus,
1116 1172 1414 1244 Prilapum
1445 1173 1670 1243 invisit,

591 1261 691 1316 ubi
726 1278 842 1318 non
875 1262 1080 1333 paucis
1113 1263 1372 1334 perstitit
1398 1263 1628 1318 diebus.

587 1349 810 1423 Deinde
836 1351 1076 1407 transiit
1107 1351 1179 1406 ad
1215 1350 1488 1407 Belesum
1525 1351 1842 1423 oppidum;

589 1421 794 1504 cont;a'
826 1449 982 1520 quod
1018 1448 1315 1503 machinis
1347 1421 1580 1504 bellicis
1607 1449 1865 1518 directis,

589 1537 650 1593 in
683 1536 1042 1593 deditionem
1069 1553 1203 1592 mox
1236 1537 1389 1592 cives
1413 1538 1656 1609 accepit,

590 1626 690 1698 qui
723 1627 963 1682 obtenta
990 1627 1209 1698 nequid
1244 1631 1581 1699 paterentur
1609 1627 1725 1682 ﬁde

586 1719 774 1771 semet
804 1732 871 1770 ac
906 1716 1193 1788 oppidum
1227 1716 1626 1788 permiserunt
1655 1716 1890 1773 Caesari.

582 1805 974 1869 Quamobrem
1008 1805 1126 1860 arci
1163 1805 1441 1878 imposito
1469 1805 1762 1876 praesidio,

584 1913 691 1969 per
719 1896 1152 1968 Nautzapoleos
1182 1897 1406 1952 aridam
1450 1898 1772 1969 regionem,

581 2006 736 2062 aqua
766 1989 1042 2045 laborans
1073 1993 1248 2061 atque
1281 1993 1634 2056 commeatu,

588 2094 739 2150 aegre
768 2078 1034 2150 pervenit
1065 2081 1263 2133 tamen
1297 2079 1366 2133 ad
1401 2079 1606 2134 urbem
1630 2078 1864 2148 Serras;

587 2167 689 2222 ubi
723 2183 791 2223 ex
821 2167 1057 2224 Oriente
1087 2167 1302 2223 litteris
1334 2168 1598 2240 perlatis,

588 2257 816 2312 Turcas
849 2260 1059 2329 agente
1093 2257 1530 2313 Tacharionum
1563 2257 1757 2314 denuo

581 2346 904 2417 periclitari
938 2346 1221 2419 intelligit
1241 2351 1298 2403 et
1328 2347 1689 2402 conturbari.

582 2435 746 2500 Quod
779 2435 879 2489 ubi
903 2437 1096 2492 Caesar
1128 2435 1307 2504 novit,
1341 2453 1515 2490 cursu
1544 2435 1796 2503 concito,

580 2524 868 2595 processit
898 2526 1026 2580 sine
1058 2542 1222 2580 mora
1255 2526 1325 2580 ad
1363 2525 1619 2580 Hebrum
1653 2525 1874 2580 ﬂumen
1902 2542 1915 2581 :

581 2621 681 2677 ubi
714 2637 1010 2677 rumorem
1047 2621 1262 2681 falsum
1295 2638 1426 2678 esse
1457 2622 1816 2695 intelligens.

579 2711 651 2765 de
677 2708 885 2764 itinere
917 2714 1192 2781 suscepto
1227 2711 1497 2766 nonnihil
1530 2711 1771 2767 devians

583 2798 1056 2872 Didymoticbum
1089 2800 1338 2856 contulit
1369 2816 1430 2855 se
1461 2800 1520 2854 in
1549 2800 1777 2871 urbem,

576 2888 788 2944 deinde
820 2889 892 2943 ad
918 2887 1201 2961 inclytam
1235 2888 1720 2962 Hadrianopolin,

572 2980 626 3032 et
655 2977 727 3033 ad
759 2978 1103 3050 Tzepaenam
1136 2979 1596 3052 oppugnandam
1628 2978 1834 3046 rediit;

571 3067 672 3123 sed
703 3083 838 3123 cum
872 3067 1020 3123 nihil
1054 3069 1361 3141 proﬁceret
1392 3083 1661 3124 reversus
1693 3073 1783 3124 est

573 3157 644 3212 ad
679 3157 976 3212 munitum
1012 3158 1297 3231 oppidum
1325 3157 1847 3231 Didymotichum:

567 3246 669 3301 ubi
703 3246 900 3302 relicto
927 3262 1045 3302 non
1080 3247 1310 3302 modico
1341 3247 1596 3302 exercitu

569 3349 704 3388 cum
737 3334 987 3389 ducibus
1010 3338 1067 3390 et
1096 3335 1295 3406 oppidi
1318 3335 1688 3404 custodibus,

569 3422 804 3478 Lascari
838 3422 1129 3492 Manuale,
1163 3429 1221 3479 et
1251 3424 1565 3495 Margarite

562 3511 804 3568 homine
833 3515 1134 3568 rusticano
1165 3517 1222 3568 et
1252 3513 1415 3585 pulte
1441 3512 1583 3567 alito

559 3602 1015 3674 Neocastrisque
1047 3603 1332 3674 originem
1363 3601 1671 3670 trahente;

564 3691 809 3763 insuper
836 3691 974 3747 belli
1001 3692 1206 3747 ordine
1240 3691 1605 3763 praescripto;

562 3778 730 3836 illinc
761 3781 1073 3838 discedens
1107 3781 1556 3853 Hellespontum
1590 3782 1848 3848 transiit,

566 3879 974 3951 stationesque
1005 3879 1306 3952 Lompsaci
1338 3879 1684 3935 constituit:

571 3967 672 4022 ubi
699 3984 838 4024 suos
870 3969 1050 4025 duces
1082 3967 1256 4024 celsis
1288 3967 1675 4041 dignitatibus

569 4057 751 4124 auxit,
783 4059 1030 4126 ornavit,
1067 4058 1423 4130 praemiaque
1453 4057 1774 4124 distribuit.

566 4146 877 4218 Georgium
910 4148 1150 4218 quidem
1179 4148 1352 4218 vulgo
1385 4146 1753 4202 Muzalonem

561 4236 991 4306 protovestiarii
1025 4242 1081 4292 et
1112 4236 1292 4292 simul
1325 4235 1717 4308 protoscbasti

559 4340 664 4379 nec
698 4341 814 4381 non
846 4326 1344 4398 stratopedarchas
1376 4326 1602 4381 orvavit
1634 4325 1861 4382 titulis:

554 4413 735 4485 hujus
766 4419 962 4470 autem
998 4416 1236 4471 fratrem
1259 4415 1686 4483 Andronicum,

554 4503 752 4575 magni
781 4505 1018 4559 donavit
1047 4506 1240 4561 ofﬁcio
1273 4505 1618 4561 domestici:

549 4593 838 4664 Angelum
868 4594 1122 4665 denique
1150 4594 1288 4650 fecit
1318 4599 1823 4667 protostratorcm.

545 4679 651 4735 His
684 4681 832 4736 actis
865 4681 1183 4753 imperator
1214 4684 1616 4738 revertebatur

542 4770 612 4824 ad
649 4787 825 4826 suum
858 4771 1050 4841 regale
1080 4772 1383 4844 Nymphei
1418 4772 1740 4843 palatium:

538 4859 637 4913 ubi
672 4875 774 4931 per
805 4860 1015 4916 hiemis
1037 4865 1303 4933 tempora
1325 4867 1612 4928 versatus,

533 4965 665 5004 vere
693 4955 1004 5023 appetente
1034 4952 1356 5007 exercitum
1389 4951 1623 5023 collegit

529 5037 911 5094 innumerum
943 5041 1273 5111 pedestrem
1308 5046 1486 5114 atque
1517 5045 1876 5112 equestrem,

525 5133 869 5184 concretum
904 5129 1126 5196 Moesis,
1158 5131 1345 5200 Italis,
1371 5136 1546 5203 atque
1577 5130 1829 5203 Scythis.

524 5226 817 5299 praecipue
851 5232 1048 5285 tamen
1083 5229 1223 5285 viris
1256 5229 1443 5286 nostri
1475 5230 1746 5300 generis:

522 5316 905 5389 dirigensque
938 5320 1046 5375 iter
1068 5321 1126 5375 in
1155 5321 1537 5390 occidentem,

519 5405 1030 5479 Helespontiacam
1066 5409 1397 5482 Lampsacu.
1483 5411 1742 5467 devenit:

522 5495 622 5551 ubi
653 5496 881 5553 cladem
918 5500 1210 5554 exercitus
1239 5501 1400 5557 intell

511 5586 862 5659 ducumque
891 5589 1232 5644 relictorum
1271 5589 1683 5661 Didymotichi.

510 5675 655 5731 Nam
693 5677 919 5734 Caesare
951 5679 1009 5734 in
1037 5679 1374 5750 longinquis
1405 5681 1643 5735 absente
1673 5678 1842 5750 locis,

504 5781 600 5820 rex
636 5765 1027 5839 Bulgarorum
1062 5770 1392 5841 conscripta
1415 5769 1764 5842 Scytharum

2235 4648 2282 4709 D

2284 553 2339 619 Α
2547 547 2648 603 Καὶ
2677 547 2775 612 τὰς
2804 545 3043 604 ἀπίστων
3072 548 3311 624 γαμετὰς
3338 548 3429 603 καὶ
3457 546 3641 604 τεκνία

2547 636 2890 713 “oppetam
2921 639 3031 700 θεὶς
3063 635 3251 702 ἄστεος
3283 635 3607 708 Μελενίκου,

2362 727 2502 781 9020
2544 727 2776 801 Ἐκεῖθεν
2807 728 2936 795 ἧκεν
2970 725 3045 787 εἰς
3079 723 3531 780 Θεσσαλονικέων·

2539 817 2660 889 ’Λφ’
2693 815 2756 868 οὗ
2788 816 3025 890 περάσας
3060 815 3260 884 Ἀξειὸν
3299 812 3589 890 βαθυδίνην

2536 906 2702 960 Ἀστυ
2733 901 2993 974 Βοδηνῶν
3030 900 3388 978 ὑδατόρῥυτον
3416 905 3618 981 φθάνει·

2532 994 2696 1049 Ἔνθα
2724 995 2956 1064 νοσήσας
2985 991 3267 1048 κοιλιακόν
3299 1013 3352 1046 τι
3381 992 3570 1061 πάθος,

2533 1082 2746 1156 Μικρόν
2768 1103 2820 1136 τι
2852 1083 3024 1157 χώρῳ
3053 1082 3348 1156 προσμένει
3374 1082 3570 1136 τούτου
3603 1081 3782 1158 χάριν.

2356 1172 2500 1226 9025
2537 1171 2671 1226 Εἶτα
2703 1170 2892 1246 ῥαῖσας
2925 1172 3054 1225 ἄστυ
3085 1169 3415 1246 Πριλλλάπου
3451 1170 3663 1246 βλέπει,

2531 1259 2608 1315 Οὗ
2642 1257 2914 1334 διαγαγὼν
2945 1259 3043 1314 οὐκ
3083 1258 3268 1333 ὀλίγας
3297 1259 3526 1335 ἡμέρας,

2533 1349 2636 1404 Ἐπ
2667 1347 2942 1422 στρατεύει
2973 1348 3194 1420 Βελεσῷ
3222 1369 3324 1402 τινι
3356 1349 3538 1420 πόλει,

2534 1438 2920 1512 Καθαιρετικᾶς
2954 1437 3207 1512 μηχανὰς
3237 1436 3564 1512 έπηγμένος·

2528 1527 2732 1600 Ἤνπερ
2763 1529 3140 1602 παρεστήσατο
3169 1525 3238 1600 τῇ
3271 1531 3562 1604 συμφωοίᾳ

2355 1625 2497 1681 9030
2534 1628 2647 1679 Τοῦ
2681 1625 2756 1697 μή
2788 1624 2860 1678 τι⁹
2878 1625 3065 1678 παθεῖν
3098 1622 3259 1699 ὅρκον
3293 1622 3676 1697 εἰσδεξαμένων

2533 1717 2659 1770 Τῶν
2691 1711 2845 1768 ἔνδον
2879 1711 3048 1769 ὄντων
3080 1713 3170 1769 καὶ
3199 1713 3512 1788 προδόντων
3543 1718 3642 1786 τήν
3675 1717 3858 1773 πόλιν.

2531 1803 2776 1859 Ἀπαντα
2804 1802 2982 1856 τοίνυν
3014 1804 3070 1857 εὗ
3103 1800 3304 1865 διαθεὶς
3338 1805 3626 1879 φρουρίου,

2269 1918 2316 1983 Β
2527 1891 2624 1945 Διά
2655 1889 3095 1983 ῌαυτζαπόλεως
3131 1888 3363 1966 ἀνύδρου
3388 1892 3558 1948 τόπου

2537 1983 2641 2036 Σὺν
2670 1980 2873 2055 ἀπορίᾳ
2903 1981 2991 2035 καὶ
3023 1986 3204 2036 ποτῶν
3233 1983 3322 2036 καὶ
3356 1983 3684 2058 βρωμάτων,

2355 2071 2496 2126 9035
2533 2070 2628 2133 Εἷς
2663 2069 2864 2146 Σέῤῥας
2893 2073 2992 2139 ἧκε
3020 2069 3316 2140 τληπαθῶς
3349 2071 3494 2140 πλὴν
3525 2074 3624 2141 τὴν
3655 2071 3818 2129 πόλιν

2528 2161 2690 2224 Ἔνθα
2721 2160 2931 2236 γραφὴν
2966 2157 3182 2215 δέδεκτο
3211 2161 3348 2234 πρὸς
3375 2165 3483 2215 τῶν
3507 2161 3555 2235 ἐξ
3584 2160 3679 2222 ἔω.

2527 2251 2649 2307 ’Ότι
2678 2249 2744 2304 τά
2773 2250 3034 2324 Τούρκων
3067 2251 3202 2326 πρὸς
3233 2250 3520 2327 Ταχαρίων
3552 2249 3738 2316 ἔθνους
3769 2242 3772 2243 ν

2529 2337 2862 2411 Κυμαίνεται
2893 2343 2982 2393 νῦν
3015 2339 3103 2393 καὶ
3134 2339 3453 2414 ταράσσεται
3485 2341 3672 2400 πάλιν.

2522 2431 2703 2485 Ταῦτα
2734 2426 3003 2504 διαγνοὺς,
3035 2431 3444 2503 συντεταγμένῳ
3476 2428 3666 2505 δρόμῳ

2348 2527 2490 2581 9040
2529 2524 2800 2600 Πέφθακεν
2833 2522 3006 2596 Εὗρον
3036 2524 3127 2577 τὸν
3161 2526 3406 2597 ποταμὸν
3441 2525 3492 2580 έν
3514 2527 3694 2600 τάχει·

2525 2613 2602 2670 Οὗ
2638 2614 2861 2684 μήνυμα
2891 2614 3053 2686 γνοὺς
3084 2612 3300 2688 άερεκές
3335 2616 3410 2686 μή
3442 2617 3757 2690 τυγχάνειν,

2523 2697 2723 2775 Τρίϐου
2751 2700 3113 2774 παρεκκλίνας
3133 2723 3186 2756 τι
3217 2699 3624 2776 καταλαμϐάνει

2525 2787 2920 2864 Διδυμότειχον
2955 2790 3350 2864 ὠνομασμένην
3381 2792 3566 2848 πόλιν

2516 2881 2651 2936 Εἶτα
2681 2876 2937 2949 κυδίστην
2973 2877 3260 2954 Ἀδριανοῦ
3287 2882 3388 2950 τὴν
3421 2881 3606 2937 πόλιν.

2344 2970 2488 3024 9045
2526 2967 2628 3024 Καὶ
2659 2965 2827 3022 πάλιν
2859 2967 3176 3043 ἐστράτευσε
3198 2971 3336 3024 κατὰ
3364 2971 3684 3042 Τζεπαίνηςο

2519 3058 2617 3111 Καὶ
2653 3056 2949 3130 μηδοτιοῦν
2984 3055 3280 3134 δεδρακὼς,
3315 3060 3637 3138 ὑποστρέφει

2515 3145 2664 3201 Κατὰ
2695 3143 3088 3221 Διδυμότειχον
3121 3146 3338 3224 ἀσφαλῆ
3370 3148 3556 3205 πόλινο

2253 3276 2296 3342 C
2517 3237 2678 3292 Ἔνθα
2709 3233 2986 3298 λελοιπὼς
3021 3237 3272 3313 στρατιὰν
3307 3238 3368 3294 οὐ
3402 3243 3648 3316 μετρίαν,

2515 3325 2610 3381 Καὶ
2645 3325 3037 3401 ταγματάρχας
3065 3328 3153 3382 καὶ
3186 3327 3430 3404 φύλακας
3454 3331 3738 3408 φρουρίου,

2333 3424 2475 3479 9050
2513 3423 2771 3492 Μανουήλ
2803 3425 2891 3479 τὸν
2924 3426 3195 3500 Λάσκαριν
3223 3428 3313 3481 καὶ
3348 3430 3706 3505 Μαργαρίτην

2508 3514 2800 3588 Ἀγροῖκον
2825 3510 2990 3587 ἄνδρα
3018 3517 3269 3588 πιτύροις
3293 3519 3664 3592 τεθραμμένον

2508 3603 2603 3659 Ἐκ
2632 3603 2985 3678 Νεοκάστρων
3021 3603 3202 3679 σείρὰν
3233 3602 3466 3661 ἕλκοντα
3494 3608 3705 3682 γένους’

2508 3692 2606 3746 Καὶ
2637 3695 2966 3763 νουθετήσας
2996 3699 3129 3770 σφᾶς
3163 3691 3351 3750 δέοντα
3380 3697 3517 3770 πρὸς
3551 3697 3726 3774 μάχα,

2510 3783 2747 3839 Ἐκεῖθεν
2779 3780 2911 3859 ἄρας
2941 3781 3348 3854 Ἑλλήσποντον
3383 3782 3563 3845 διέ6η’

2326 3873 2469 3929 9055
2510 3873 2605 3926 Καὶ
2641 3873 2842 3942 σκηνάς
2875 3872 3039 3927 αὑτοῦ
3069 3876 3298 3950 πηγνύει
3330 3876 3465 3951 πρὸς
3492 3879 3801 3951 Λαμψάκῳ,

2505 3963 2610 4020 Καὶ
2642 3963 2768 4026 τοὺς
2799 3965 2883 4040 ὑφ’
2920 3965 3083 4020 αὑτὸν
3115 3964 3286 4036 ἀξίαις
3319 3966 3641 4042 ὑπερτάταις

2502 4057 2665 4125 Τιμᾷ,
2697 4049 2933 4107 κυδαίνει
2969 4051 3175 4128 δωρεάς
3205 4076 3262 4110 τε
3287 4057 3603 4131 προσνέμει.

2503 4143 2772 4217 Γεώργιον
2810 4143 2906 4216 μὲν
2937 4143 3282 4212 Μουζάλωνα
3310 4145 3612 4217 τούπίκλην

2503 4227 3006 4306 Πρωτοϐεστιάριον
3038 4230 3370 4289 ἀναδεικνυει

2321 4330 2464 4385 9060
2507 4325 2961 4402 Πρωτοσεϐαστὸν
2987 4331 3472 4409 στρατοπεδάρχην
3504 4336 3693 4411 μέγαν

2501 4416 2853 4493 Ἀνδρόνιλον
2880 4418 2937 4474 δὲ
2968 4421 3220 4496 σύγγονον
3251 4424 3450 4479 τούτου
3490 4425 3656 4482 πάλιν

2498 4509 2673 4583 Μέγαν
2702 4509 3084 4582 κατωνόμασεν
3118 4510 3167 4564 ἐν
3198 4509 3569 4585 δομεστίκοις’

2496 4599 2601 4655 Τὸν
2637 4597 2904 4675 ’Ἄγγελον
2939 4597 2997 4654 δὲ
3026 4605 3504 4681 πρωτοστράτωρα
3524 4605 3689 4660 πάλιν

2489 4690 2669 4745 Ταῦτα
2703 4686 2980 4763 δεδρακὼς
3017 4690 3273 4766 βασιλεὺς
3307 4693 3631 4772 ὑποστρέφει

2312 4779 2454 4834 9065
2493 4779 2636 4852 Πρὸς
2667 4778 2975 4852 βασιλείους
3002 4779 3129 4842 τοὺς
3160 4779 3212 4836 έν
3235 4784 3510 4860 Νυμφαίῳ
3544 4783 3752 4859 δόμους

2488 4869 2564 4924 Οὔ
2597 4865 2870 4944 διαγαγὼν
2903 4872 3223 4944 χειμερινάς
3255 4873 3486 4947 ἡμέρας,

2487 4959 2654 5032 Ἥρος
2684 4957 2939 5035 φανέντος
2971 4960 3222 5034 στρατιὰν
3258 4961 3551 5026 συναλίσας

2483 5048 2867 5123 Μυριάριθμον
2892 5050 3119 5118 πεζικὴν
3150 5051 3212 5104 οὗ
3245 5051 3468 5106 ἱππότιν

2481 5138 2689 5197 Μυσοῖς
2719 5139 3224 5214 συγκροτουμένην,
3253 5141 3512 5210 Σκύθαις,
3602 5172 3613 5183 ο

2303 5229 2444 5283 9070
2485 5226 2738 5284 Μάλιστα
2759 5227 2974 5282 πάντων
3006 5229 3290 5304 Ῥωμαϊκῇ
3325 5229 3557 5301 πληθύϊ,

2473 5317 2562 5377 Ὠς
2589 5317 2726 5391 πρὸς
2753 5315 2900 5372 δύσιν
2934 5316 3128 5374 ἔτεινεν
3159 5319 3393 5393 ὅρμημα
3421 5324 3663 5396 κράτωρ,

2476 5405 2574 5459 Καὶ
2606 5406 2906 5478 Λάμψακον
2938 5405 3205 5484 πέφθακεν
3241 5408 3702 5478 Ἑλλησποντίαν*

2471 5496 2639 5558 Ἔνθα
2669 5515 2767 5568 περ
2797 5493 2933 5571 ἔγνω
2965 5499 3257 5571 συμῳορὰν
3288 5500 3706 5573 στρατευμάτων

2468 5582 2572 5640 Καὶ
2603 5589 2710 5638 τῶν
2746 5591 3061 5659 στρατηγῶν
3093 5592 3200 5641 τῶν
3235 5587 3288 5642 έν
3320 5586 3732 5667 Διδυμοτείχῳ.

2282 5676 2426 5732 9075
2470 5672 2618 5727 Ἐπεὶ
2649 5672 2749 5748 γὰρ
2782 5675 2921 5744 ἀπῆν
2957 5675 3214 5751 βασιλεὺς
3250 5679 3460 5754 μακρὰν
3487 5681 3682 5752 τόπου,

2460 5764 2520 5821 Ὁ
2550 5765 2936 5840 Βουλγαράναξ
2969 5764 3028 5821 ἐκ
3060 5767 3278 5822 Σκυθῶν
3314 5765 3606 5833 συναλίσας

3907 429 4025 484 332
