4190 6448
208 410 306 467 333

367 527 629 593 Χιλιάδας
651 530 933 604 τετταρας,
963 526 1071 584 εἴτε
1097 527 1189 582 καὶ
1219 525 1412 597 πλόον,

367 621 511 676 Κατᾶ
539 620 750 695 Θρᾴκης
778 617 1033 692 πίπομφε
1070 619 1294 692 χωρῶν,
1325 615 1528 672 ἆστὲων
1560 633 1572 646 ·

364 711 431 768 Οἳ
463 710 597 785 πρὸς
631 711 876 781 ποταμὸν
906 707 1131 782 Ῥηγῖνα
1157 704 1478 780 κεχυμένοι,

196 804 326 858 9080
360 800 592 856 Ἀπαντ’
623 795 840 853 ἰποίουν
876 795 1148 863 Σκυθικὴν
1175 793 1407 870 ἕρημίαν
1443 812 1457 827 ·

366 891 535 952 Ἔνθα
563 885 855 962 στρατηγοὶ
887 890 1198 959 προπαγῆς
1231 882 1501 959 βασιλέως

364 978 473 1032 Οὔκ
502 974 620 1032 οἶδα
647 975 699 1030 τί
727 974 984 1039 παθόντες
1015 972 1426 1045 ἐκλελησμὲνοι,

364 1070 654 1144 Ἐπαφιᾶσι
675 1065 774 1132 τήν
809 1062 1056 1139 στρατιάν
1087 1068 1204 1124 τοῖς
1238 1061 1470 1125 Σκύθαις
1505 1079 1519 1094 ·

366 1155 688 1231 Συρῥήξεως
720 1151 813 1208 οὖν
843 1146 1125 1224 συμϐάσης
1158 1149 1454 1225 δκατὲροις,

192 1250 325 1304 9085
359 1248 610 1302 Νικῶσαν
645 1243 938 1317 ἠνέγκαντο
971 1235 1258 1316 βαρϐάρων
1289 1239 1498 1318 στίφος,

361 1333 465 1390 Καὶ
495 1332 756 1386 κτείνεται
791 1331 1096 1405 στράτευμα
1124 1327 1409 1402 Ῥωμαίων
1443 1327 1580 1405 ξίφει
1615 1346 1628 1359 ·

363 1421 672 1480 Ἀλίσκεται
705 1417 764 1474 δὶ
787 1419 1137 1494 Μαργαρίτης
1169 1423 1285 1480 τοῖς
1320 1419 1553 1479 Σκύθαις

361 1509 604 1571 Πολλοῖς
636 1508 848 1580 σύναμα
876 1507 964 1562 καὶ
995 1507 1354 1582 πιπράσκεται
1384 1507 1565 1584 σφίσιν
1600 1525 1613 1539 ο

358 1603 423 1654 Ὀ
453 1599 612 1673 γνοὺς
641 1599 668 1653 ὁ
699 1601 908 1673 κρατῶν
938 1598 1319 1670 καταταχήσας
1354 1594 1545 1670 δρόμῳ

191 1693 326 1747 9090
365 1687 813 1765 Βουλγαροφύγῳ
843 1685 1209 1761 προσπελάζει
1241 1685 1484 1760 φρουρίῳ

359 1778 460 1834 Καί
487 1798 630 1837 τινας
662 1777 833 1852 εὑρὼν
870 1771 1157 1851 βαρϐάρων
1185 1774 1236 1829 ὲν
1270 1774 1465 1848 Βιζύῃ,

355 1871 560 1943 Ἔργον
589 1868 796 1936 σπάθης
822 1865 1034 1935 τίθησιν
1067 1862 1262 1926 αὐτοὺς
1293 1865 1380 1918 καὶ
1414 1863 1619 1941 ξίφους,

360 1956 516 2026 Πλὴν
548 1949 870 2010 καταΑαὸὼν
899 1953 992 2010 τὰν
1019 1955 1265 2027 ποταμὸν
1295 1954 1541 2029 Ῥηγῖνα,

362 2048 582 2116 Σκηνὰς
611 2044 724 2101 ἐκεῖ
751 2046 987 2120 πήγνυσι
1018 2044 1107 2099 καὶ
1137 2042 1438 2118 παραμένει
1472 2059 1487 2075 ⁸

183 2141 320 2194 9095
358 2139 525 2194 Ἔνθα
554 2155 654 2209 περ
685 2135 858 2208 Οὖρον
889 2135 1088 2188 Ῥῶσον
1116 2133 1505 2206 ὠνομασμένον

354 2227 468 2283 Τὸν
496 2225 736 2280 Παιόνων
767 2224 1021 2300 πέπομφε
1053 2221 1193 2298 ῥῆγα
1225 2224 1280 2296 (8
1319 2225 1334 2293 )
1369 2219 1610 2292 Μυσάναξ

355 2316 503 2390 Πρὸς
533 2315 625 2368 τὸν
655 2313 973 2388 κρατάρχην
1005 2309 1284 2387 Θεόδωρον
1320 2310 1595 2380 Αὐσόνων,

357 2407 451 2466 Ὠς
482 2402 543 2458 ἃν
579 2403 870 2479 ἐρωτήσειε
892 2403 960 2456 τά
982 2404 1118 2469 πρὸς
1148 2396 1463 2474 συμϐάσεις.

358 2493 694 2571 Ἀφιγμένος
717 2496 847 2567 γοῦν
879 2493 1080 2554 Ῥὦσος
1110 2492 1186 2553 ὡς
1219 2488 1450 2566 βασιλέα

177 2588 314 2642 9100
351 2586 448 2639 Ὧν
482 2581 740 2657 πενθερός
768 2603 831 2657 γε
863 2579 1191 2656 Βουλγάρων
1222 2578 1540 2656 ἀρχηγέτου

352 2672 552 2733 Καλῶς
584 2669 781 2745 ἰδὲχθη
822 2671 912 2725 καὶ
942 2668 1063 2725 λιαν
1095 2669 1471 2745 φιλοφρόνως,

354 2762 461 2819 Καὶ
493 2754 848 2831 συμϐιϐάσεις
878 2757 1090 2814 ἐκτελεῖ
1113 2760 1206 2812 σὺν
1239 2757 1448 2832 ὁρκίοις
1481 2777 1494 2791 ο

349 2851 419 2906 Αἱ
453 2846 501 2904 δ’
531 2849 687 2917 ἦσαν,
721 2848 794 2909 ὡς
827 2849 1103 2916 Τζὲπιινα
1130 2845 1417 2920 Ῥωμαίων
1445 2845 1628 2921 κράτει

348 2939 494 3013 Πρὸς
526 2938 852 3012 Βουλγάρων
891 2938 1161 3012 ἄρχοντος
1193 2936 1365 3014 ἀφεθῇ
1395 2935 1561 2991 πάλιν
1598 2954 1612 2968 ·

175 3032 314 3086 9105
350 3027 579 3084 Τούτων
614 3025 830 3101 βασιλεῖ
855 3028 992 3082 κατά
1019 3031 1147 3082 νοῦν
1172 3020 1593 3101 πεπραγμένων,

350 3120 524 3191 ’Ἄρας
557 3115 782 3185 ικεῖθεν,
814 3115 1216 3186 Θεσσαλονίκην
1253 3115 1468 3190 βλέπει,

341 3210 534 3281 Ἐχων
571 3206 686 3278 μεθ’
717 3205 880 3260 αὐτοῦ
909 3205 998 3260 καὶ
1029 3205 1263 3280 Μιχαὴλ
1290 3200 1552 3260 δεσπότου

347 3296 620 3350 Σύνευνον
654 3293 766 3366 ἅμα
796 3293 1043 3372 φιλτάτῳ
1074 3294 1401 3369 Νικηφόρῳ,

347 3382 816 3457 Ὀδοιποροῦντας
845 3381 921 3444 εἷς
952 3381 1254 3458 περάτωσιν
1282 3383 1495 3456 γάμων.

171 3476 308 3531 9110
347 3475 590 3531 ’Ἡνυπο
621 3471 801 3526 τοίνυν
829 3472 896 3527 τά
920 3476 1026 3527 τῶν
1052 3474 1242 3547 γάμων
1275 3471 1350 3535 ὡς
1380 3469 1498 3526 δὲον
1531 3489 1544 3505 ·

343 3559 523 3617 Παῖδα
552 3563 867 3636 κρατάρχου
897 3559 1109 3634 Μαρίαν
1141 3567 1184 3616 Ν
1195 3561 1457 3636 ικηφόρος

341 3651 500 3708 Κατὰ
527 3651 730 3724 νόμους
763 3651 910 3726 σχιὶιν
942 3651 1019 3712 εἷς
1051 3652 1233 3725 γάμου
1261 3649 1572 3708 κοινωνίαν.

351 3742 510 3810 Πλήν
543 3739 775 3814 πρόσθεν
799 3739 1063 3795 άπὲλυσεν
1098 3738 1348 3795 Αὐσόνων
1372 3741 1558 3814 κράτει

354 3824 567 3906 Σὲρεια
597 3827 903 3906 Δυῤῥάχιον
939 3830 1096 3891 οὗτος
1125 3825 1395 3897 δεσπότης

170 3920 307 3978 9115
345 3919 484 3992 Περὶ
512 3918 770 3995 γυναικὸτ
798 3915 1018 3974 δειλιῶν
1049 3919 1138 3973 καὶ
1171 3916 1435 3996 φιλτάτου
1469 3935 1486 3955 ο

347 4011 437 4066 Ἐν
464 4003 654 4062 τοῖσδε
682 4004 964 4083 διάγοντος
996 4005 1224 4069 ἄνακτος
1254 4007 1399 4078 τότε,

350 4098 580 4173 Γραφήν
612 4115 696 4159 τις
728 4093 1072 4174 ἱκπὲπομφὲν
1100 4096 1152 4150 οἱ
1186 4095 1474 4160 Βιθυνόθεν

352 4187 669 4256 Διεξιοῦσαν
703 4185 777 4247 ὡς
808 4182 1116 4259 ἀποδράσας
1149 4182 1268 4260 ἔχει

343 4277 493 4350 Πρὸς
527 4273 789 4349 Περσίδος
817 4281 920 4349 γῆν
949 4273 1172 4352 ἡγεμὼν
1205 4272 1424 4330 Βιθυνία

179 4366 312 4421 9120
351 4361 740 4439 Ηαλαιολόγος
773 4363 1004 4439 Μιχαὴλ
1034 4364 1444 4436 Κομνηνόπαις.

347 4454 512 4508 Τοῦτ’
542 4454 781 4524 άνακυκᾷ
809 4449 1034 4527 καρδίαν
1070 4451 1340 4528 βασιλὲως
1376 4470 1390 4486 °

345 4544 549 4616 Ὅμως
577 4542 756 4596 ἀπιὼν
789 4541 844 4597 ἰν
875 4545 1018 4619 φυγῇ
1048 4542 1184 4617 πρὸς
1215 4537 1452 4615 Περσίδα

349 4631 574 4706 Γράμμ⁹
609 4630 927 4706 ἑγχαράττει
956 4628 1286 4704 προστάταις
1319 4629 1578 4693 Βιθυνίας

352 4723 441 4776 Ἑν
478 4720 824 4797 ὑπογραφαῖς
845 4718 1169 4796 ἆσφαλισθὶν
1199 4715 1366 4780 ἰδίαις
1400 4737 1414 4750 ·

176 4811 312 4866 9125
353 4812 689 4885 Διαγορεῦον
723 4809 798 4870 ὡς
829 4810 1066 4871 Ἐκεινος
1101 4809 1195 4882 μὶν
1225 4809 1374 4882 τάχα

351 4898 560 4972 Φεύγει
594 4894 788 4959 δεδιὼς
822 4898 924 4967 τήν
955 4893 1136 4952 σϐἐσιν
1166 4901 1274 4952 τῶν
1308 4896 1574 4970 ὀμμάτων
1605 4914 1620 4931 ⁶

350 4988 525 5046 Αὐτοὶ
555 4983 606 5041 δ’
639 4983 830 5062 ἔχεσθε
853 4991 1128 5064 νουνεχῶς
1154 4984 1263 5042 τῶν
1295 4985 1658 5063 πραγμάτων.

351 5077 466 5136 Καί
493 5077 670 5132 πάντα
701 5075 864 5153 δρᾶτε
890 5078 1027 5153 πρὸς
1050 5077 1300 5155 φυλακὴν
1329 5077 1534 5132 ἀστέων

353 5169 557 5244 Χώρας
587 5186 650 5222 τε
679 5164 904 5237 λοιπῆς,
930 5166 1086 5243 φησὶ,
1119 5168 1205 5222 καὶ
1238 5167 1676 5241 στρατευμάτων.

175 5257 312 5315 913)
353 5257 529 5316 Τουτὶ
558 5257 820 5329 κομισθὲν
848 5257 940 5312 τὸν
971 5257 1289 5333 κρατάρχην
1321 5253 1512 5326 ἡδύνει
1547 5277 1560 5290 ·

358 5345 523 5416 Πλὴν
552 5342 761 5408 διαθεὶς
793 5347 852 5401 εὖ
881 5346 948 5401 τά
975 5347 1093 5400 καθ’
1119 5345 1344 5422 ἑσπέραν
1374 5347 1524 5419 ἄναξ,

356 5435 518 5493 Μετὰ
546 5440 801 5510 στρατιᾶς
835 5433 1080 5512 ἰκτρὲχει
1112 5435 1249 5510 πρὸς
1277 5435 1378 5504 τὴν
1409 5430 1484 5490 ἓω

361 5525 552 5580 Λιπὼν
583 5524 926 5601 στρατηγοὺς
955 5526 1093 5580 κατὰ
1122 5523 1525 5595 Θεσσαλονίκην

1705 402 2069 458 ΘΒΘΔΒΒΒ.

1856 527 1912 595 Α
1943 525 2106 582 milla
2133 526 2311 583 ferme
2338 527 2594 598 quatuor
2620 528 2721 581 aut
2741 526 2913 584 etiam
2949 528 3122 600 plura

1933 631 2036 686 per
2063 615 2319 672 Thracia:
2349 615 2599 669 immisit
2626 618 2811 671 terras
2843 622 3018 689 atque
3044 619 3217 674 urbes
3243 634 3256 673 :

1931 705 2030 776 qui
2062 706 2214 761 circa
2245 706 2484 776 ﬂumen,
2517 705 2612 761 cui
2642 723 2852 763 nomen
2887 709 3124 779 Regina,

1929 794 2057 866 vagi
2092 794 2353 866 palantes
2383 795 2581 851 omnia
2603 799 3076 870 corrumpebant.

1929 884 2089 940 Tunc
2123 886 2306 939 nostri
2338 885 2536 953 duces,
2570 884 2815 941 Caesaris
2849 887 3124 944 mandato

1932 973 2126 1029 nescio
2157 989 2270 1044 quo
2296 979 2461 1045 pacto
2491 973 2765 1030 oblivioni
2799 977 3030 1044 tradito,

1932 1079 2066 1119 cum
2099 1064 2223 1118 suis
2254 1063 2437 1133 copiis
2469 1064 2893 1135 aggrediuntur
2912 1065 3195 1137 Scythas:

1931 1157 1988 1207 et
2009 1153 2132 1222 jam
2166 1151 2440 1224 utrinque
2472 1152 2651 1209 armis
2684 1155 3198 1224 concurrentibus,

1930 1241 2178 1296 barbara
2209 1241 2463 1313 phalanx
2493 1242 2691 1296 retulit
2721 1243 3043 1312 victoriam,

1933 1346 2232 1401 caecusque
2265 1334 2462 1385 noster
2493 1331 2601 1385 fuit
2629 1329 2823 1402 gladio
2855 1333 3142 1389 exercitus
3169 1351 3181 1387 :

1933 1419 2057 1490 ipse
2087 1421 2227 1490 quin
2262 1419 2435 1473 etiam
2463 1421 2806 1492 Margarites
2839 1422 3072 1493 capitur

1932 1523 2066 1562 cum
2098 1507 2230 1562 aliis
2263 1507 2486 1573 multis,
2517 1513 2692 1579 atque
2723 1527 2756 1564 a
2785 1510 3014 1582 Scythis
3045 1511 3335 1568 venditur.

1933 1596 2120 1652 Casar
2151 1613 2211 1652 re
2235 1597 2488 1668 cognita,
2525 1597 2778 1653 subditis
2810 1599 3138 1655 calcaribus

1933 1686 2004 1740 ad
2036 1701 2229 1740 arcem
2264 1686 2776 1758 Bulgarophygum
2810 1690 3064 1744 accurrit
3098 1690 3300 1746 statim
3330 1707 3343 1746 :

1935 1774 2232 1846 Byzieque
2265 1779 2471 1830 nactus
2502 1775 2836 1847 aliquanlos
2864 1778 3163 1847 barbaros,

1857 1880 1905 1945 Β
1936 1865 2234 1922 occidione
2259 1882 2462 1922 omnes
2495 1865 2689 1938 gladio
2721 1868 2953 1925 occidit.

1936 1954 2144 2011 Verum
2178 1969 2527 2026 progressus
2559 1957 2628 2010 ad
2665 1956 2946 2028 Reginam
2979 1958 3245 2031 ﬂuvium,

1934 2044 2247 2099 tentorium
2277 2043 2357 2098 ibi
2390 2044 2532 2112 ﬁxit,
2565 2050 2740 2116 atque
2772 2048 3057 2103 substitit.

1934 2135 2118 2203 Atque
2145 2132 2284 2189 illuc
2317 2137 2495 2188 Urum
2530 2141 2914 2206 cognomento
2944 2142 3166 2193 Rosum

1933 2221 2174 2277 Paeonia
2207 2238 2399 2292 regem
2434 2223 2594 2279 misit
2626 2242 2723 2280 rex
2753 2226 3099 2299 Bulgaricus

1932 2311 2002 2364 ad
2035 2313 2355 2366 Romanum
2382 2310 2665 2368 Cesarem
2697 2312 3068 2370 Theodorum

1936 2404 1998 2455 ut
2032 2402 2102 2455 de
2139 2400 2488 2473 integranda
2519 2419 2660 2474 pace
2689 2404 2865 2459 verba
2893 2405 3125 2461 faceret.

1933 2489 2344 2562 Imperatorem
2377 2491 2558 2563 igitur
2587 2494 2935 2549 conveniens
2966 2495 3176 2563 Rosus,

1933 2579 2034 2650 qui
2065 2595 2229 2634 socer
2258 2585 2384 2635 erat
2415 2583 2738 2652 regnatoris
2770 2582 3027 2655 Bulgari,

1932 2672 2198 2724 amanter
2219 2673 2308 2724 est
2335 2674 2613 2740 exceptus
2644 2676 2701 2725 et
2733 2672 3075 2743 honoriﬁce,

1926 2759 2248 2828 jurataaque
2281 2757 2442 2828 pacis
2471 2765 2613 2814 sunt
2643 2760 3006 2816 conditiones

1935 2861 2145 2916 nempe
2178 2851 2241 2900 ut
2271 2846 2532 2902 Romano
2563 2849 2898 2920 Tzepenam
2942 2850 3187 2922 imperio

1934 2952 2033 2990 rex
2057 2935 2446 3006 Bulgarorum
2481 2937 2670 2993 denuo
2703 2940 3066 2995 concederet.

1934 3029 2055 3092 Qua
2087 3041 2146 3080 re
2179 3030 2410 3096 peracta
2440 3043 2508 3082 ex
2538 3027 2719 3083 animi
2752 3030 3065 3101 sententia,

1931 3114 2408 3170 Thessalonicam
2441 3115 2604 3171 illinc
2630 3117 2822 3172 Caesar
2851 3119 3028 3187 venit,

1849 3238 1894 3304 Ο
1933 3204 2186 3273 όεεροιω
2217 3220 2454 3275 quoque
2486 3204 2790 3261 Michaelis
2823 3206 3048 3264 habens

1933 3292 1992 3347 in
2025 3292 2305 3349 comitatu
2339 3309 2577 3349 uxorem
2610 3311 2743 3351 cum
2776 3295 2893 3351 ﬁlio
2926 3313 3032 3352 suo

1927 3382 2000 3438 ob
2033 3382 2394 3454 peragendas
2425 3384 2663 3454 nuptias
2693 3384 3038 3456 Nicephoro.

1928 3473 2076 3543 Ergo
2109 3473 2446 3543 nuptiarum
2490 3472 2820 3528 celebratur
2852 3474 3023 3543 ritus,

1927 3561 2169 3618 Caesaris
2201 3560 2382 3616 ﬁliam
2417 3562 2656 3617 Mariam
2688 3563 3049 3635 Nicephorus

1930 3650 2191 3722 legitimo
2224 3650 2494 3722 conjugio
2528 3651 2641 3706 sibi
2671 3653 2925 3723 copulat.

1928 3741 2114 3796 Antea
2143 3744 2340 3795 tamen
2374 3745 2631 3796 cesserat
2658 3739 2907 3813 imperio

1933 3833 2134 3885 nostro
2167 3829 2549 3901 Dyrrachium
2581 3829 3037 3904 Serviorumque
3058 3837 3319 3891 castrum

1933 3919 2180 3991 despota
2211 3919 2374 3974 uxori
2408 3918 2647 3991 ﬁlioque
2679 3921 2918 3977 timens.

1933 4006 2164 4065 Dumin
2196 4007 2306 4063 hoc
2334 4008 2527 4064 Cesar
2553 4014 2826 4066 versatur
2854 4011 3086 4084 negotio

1937 4098 2150 4170 accipit
2180 4097 2406 4154 litteras
2441 4098 2657 4156 missas
2682 4116 2753 4155 ex
2781 4100 3048 4175 Bithynia

1935 4186 2334 4260 signiﬁcantes
2366 4187 2698 4260 profugisse
2730 4190 2799 4245 ad
2833 4190 3052 4248 Turcas

1940 4276 2224 4350 Bithyniae
2248 4281 2531 4333 rectorem
2565 4277 2955 4352 Palaeologum

1938 4365 2282 4422 Michaelem
2315 4366 2483 4423 illum
2515 4367 2832 4426 Comnenis
2859 4375 3061 4427 natum
3088 4390 3101 4428 :

1939 4472 2067 4528 quas
2092 4472 2184 4511 res
2215 4457 2471 4512 turbavit
2498 4458 2867 4530 imperatoris
2894 4461 3182 4518 animum.

1941 4546 2086 4600 Cum
2118 4543 2215 4600 ille
2247 4549 2442 4600 tamen
2480 4546 2552 4602 ad
2582 4550 2802 4603 Turcas
2833 4550 3190 4623 profugeret,

1857 4609 1911 4673 Ῑ)
1943 4633 2220 4690 schedam
2251 4633 2535 4708 Bithyniae
2568 4635 2807 4708 scripsit
2833 4609 3282 4710 magistratibus

1947 4737 2124 4792 quam
2157 4724 2392 4795 propria
2426 4741 2606 4781 manu
2638 4726 3018 4784 subscribens
3051 4730 3342 4787 ﬁrmavit:

1946 4812 2312 4884 signiﬁcans,
2346 4830 2408 4869 se
2439 4815 2679 4885 quidem
2712 4821 3001 4874 extorrem
3033 4820 3143 4886 ire,

1946 4917 2018 4957 ne
2045 4906 2342 4974 pateretur
2371 4903 2675 4961 oculorum
2707 4908 2992 4964 damnum
3021 4929 3035 4978 ;

1947 4997 2220 5049 ceterum
2254 4993 2367 5064 ipsi
2402 5011 2526 5050 rem
2559 4996 2880 5067 prudenter
2907 5004 3203 5069 gererent,

1946 5086 2004 5136 et
2033 5081 2399 5137 custodirent
2427 5083 2633 5140 sedulo
2663 5084 2951 5180 civitates.

1948 5169 2432 5243 provinciamque
2460 5177 2518 5228 et
2548 5172 2764 5230 milites
2791 5169 2943 5232 recte
2974 5184 3267 5251 regerent.

1949 5259 2086 5325 Quae
2114 5274 2209 5315 res
2239 5262 2509 5318 nuntiata
2537 5261 2879 5335 imperatori
2911 5265 3141 5338 placuit
3167 5286 3179 5325 :

1939 5348 2186 5420 jamque
2218 5351 2502 5408 ordinatis
2534 5352 2592 5408 in
2624 5353 2928 5411 occidente
2961 5358 3162 5426 rebus,

1946 5438 2017 5493 ad
2046 5438 2329 5496 orientem
2359 5457 2488 5497 cum
2525 5441 2689 5498 mlite
2718 5444 2996 5516 excurrit,

1948 5526 2149 5584 relicto
2181 5530 2328 5586 duce
2359 5532 2791 5589 Thessalonica

3477 406 3582 460 334

259 5672 375 5743 (85)
413 5672 560 5730 Falli
633 5673 868 5730 videtur
924 5672 1314 5746 Ephremius.
1355 5671 1691 5744 Aoropoltia
1737 5672 1896 5730 enim
1956 5674 2098 5731 dicit
2145 5675 2302 5734 hunc
2361 5677 2542 5736 Urum
2603 5679 2868 5752 Ungariaz
2924 5684 3079 5755 regis
3134 5702 3439 5762 generum,
3494 5710 3608 5752 non

197 5754 418 5816 regem.
