4190 6448
580 418 691 473 335
1807 423 2180 477 EPHREMII
2217 422 2787 478 CHRONOGRAPHI

577 539 811 597 Lascari
844 539 1135 597 Michaele
1167 541 1289 599 viro
1321 547 1583 611 strenuo,

572 624 795 700 Prilapi
825 632 1023 684 autem
1055 629 1318 685 Scuterio
1350 629 1524 703 Xylea

575 734 901 789 congruum
935 716 1047 773 sibi
1079 734 1401 789 cognomen
1435 723 1691 789 gerente.

578 806 812 862 Belesso
844 806 1124 878 imposuit
1153 807 1418 878 locisque
1447 807 1715 864 ﬁnitimis

575 896 877 951 custodem
910 896 1279 951 Theodorum
1310 896 1738 969 Calampacem.

570 983 836 1056 Illyrium
869 983 1122 1055 denique
1150 984 1475 1041 Chabaroni
1499 986 1758 1041 tradidit.

568 1072 671 1128 His
702 1089 901 1144 super,
930 1090 1165 1128 summo
1197 1074 1508 1146 dignitatis
1540 1076 1722 1145 apice,

568 1164 877 1220 constituit
906 1164 1221 1236 Georgium
1253 1164 1634 1236 acr0politam

566 1253 833 1324 praetoris
853 1252 1020 1309 titulo
1054 1252 1281 1323 pridem
1315 1258 1681 1311 exornatum.

564 1342 849 1415 Georgius
881 1342 975 1398 hic
1007 1343 1257 1398 contulit
1285 1360 1347 1399 se
1381 1344 1755 1413 Berrhoeam,

567 1431 665 1487 ubi
696 1434 1117 1505 exspectabant
1150 1449 1284 1488 eum
1319 1432 1495 1505 legati
1527 1450 1726 1506 papaa:

565 1520 921 1592 quibuscum
956 1537 1023 1576 ex
1053 1522 1344 1577 sententia
1376 1521 1675 1594 negotium
1708 1521 1915 1593 gessit,

563 1626 780 1681 eosque
806 1609 1077 1681 posthinc
1108 1611 1333 1667 dimisit
1362 1610 1422 1665 in
1451 1611 1722 1683 patriam.

563 1698 785 1755 Deinde
818 1701 1065 1756 accessit
1096 1700 1166 1756 ad
1196 1699 1531 1756 Serviorum
1564 1705 1844 1770 castrum,

564 1787 1026 1861 praeteriensque
1057 1789 1270 1860 oppido
1302 1789 1583 1859 Castoria,

561 1892 665 1949 per
692 1878 905 1932 Achrin
938 1878 1049 1933 iter
1082 1877 1300 1934 faciens
1332 1877 1623 1935 Albanum
1651 1879 1828 1946 venit,

459 1987 461 1991 π
561 1969 737 2038 atque
770 1965 934 2022 illinc
968 1966 1208 2022 demum
1240 1967 1310 2022 ad
1347 1968 1551 2023 urbem
1582 1968 1987 2041 Epidaurum:

560 2063 620 2117 in
654 2080 773 2134 qua
803 2063 1107 2136 dispositis
1139 2069 1313 2136 prout
1343 2065 1535 2121 visum
1570 2070 1660 2120 est
1691 2065 1891 2135 rebus,

555 2152 711 2207 viam
747 2168 1026 2208 emensus
1060 2169 1163 2225 per
1192 2153 1583 2221 Chunabiam,
1615 2158 1853 2221 Matem,

555 2240 818 2297 Gitzabin
846 2246 1022 2313 atque
1050 2242 1277 2299 Debren
1312 2260 1518 2315 parvas
1553 2244 1747 2309 urbes,

556 2334 621 2385 ut
653 2330 842 2401 potuit
873 2332 1137 2403 pervenit
1167 2333 1237 2387 ad
1272 2333 1475 2389 urbem
1508 2332 1832 2405 Prilapum.

557 2426 745 2492 Atque
777 2419 856 2475 ibi
886 2421 1144 2477 versanti
1178 2421 1521 2494 Acropolitte

554 2508 743 2564 tristis
774 2514 1013 2581 repente
1046 2527 1248 2566 rumor
1275 2518 1365 2566 est
1394 2511 1749 2583 intellectus,

549 2597 939 2653 Chabarorem
972 2598 1197 2679 scilicet
1224 2601 1680 2656 Constantinum

546 2687 604 2742 in
630 2686 984 2743 Caninorum
1019 2687 1363 2745 conclusum
1396 2690 1659 2758 castello,

547 2794 580 2831 a
609 2793 820 2832 sonore
851 2777 1048 2833 uxoris
1086 2777 1394 2833 Michaelis
1426 2780 1681 2850 despota

543 2865 728 2921 Maria
756 2866 1063 2938 deceptum
1102 2866 1324 2938 nuptiis
1355 2872 1413 2922 et
1444 2883 1663 2935 amore,

542 2954 808 3010 vinctum
840 2955 1022 3009 teneri
1059 2954 1261 3010 ferreis
1292 2955 1700 3027 compedibus.

546 3050 788 3107 Interim
820 3067 953 3106 vero
987 3050 1330 3107 Michaelem
1365 3053 1671 3125 despotam

542 3139 707 3212 pacis
738 3156 871 3196 cum
905 3142 1130 3195 Cmsare
1160 3139 1373 3216 violato
1397 3140 1556 3211 jure,

535 3228 821 3285 ditionem
858 3232 1121 3284 nostram
1154 3228 1336 3285 armis
1367 3246 1718 3285 concursare
1751 3246 1762 3283 :

525 3326 771 3397 jamque
802 3324 1102 3380 invenisse
1135 3330 1406 3380 cunctam
1438 3325 1834 3397 Pelagoniam,

534 3413 998 3482 universumque
1031 3413 1247 3486 Prilapi
1279 3414 1662 3481 territorium,

534 3504 708 3562 unico
740 3511 981 3578 excepto
1016 3505 1229 3577 Prilapi
1267 3506 1561 3577 praesidio,

533 3595 690 3668 quod
723 3599 917 3651 tamen
951 3595 1139 3666 ipsam
1165 3595 1493 3666 proditione
1523 3597 1696 3668 cepit.

532 3682 883 3756 acropolites
915 3688 1110 3739 autem
1140 3683 1200 3738 in
1234 3700 1364 3739 arce
1394 3684 1634 3757 degens,

530 3773 788 3845 quadam
822 3788 1143 3828 conscensa
1173 3772 1397 3829 castelli
1431 3775 1738 3846 turricula,

527 3862 828 3935 perstabat
858 3860 977 3917 illic
998 3878 1021 3924 ;
1052 3861 1233 3917 donec
1258 3861 1525 3932 juratam
1554 3862 1730 3919 fidem

528 3950 744 4009 obtulit
776 3950 860 4007 illi
885 3951 1152 4022 despota,
1184 3951 1338 4007 force
1369 3950 1751 4023 incolumem,

533 4046 717 4113 atque
749 4041 820 4097 ad
856 4057 1029 4097 suum
1064 4040 1351 4097 Caesarem
1383 4040 1699 4098 dimissum
1731 4043 1825 4108 iri,

529 4130 697 4185 Tunc
727 4146 789 4186 se
819 4128 1085 4200 permisit
1113 4128 1267 4185 hosti
1300 4145 1435 4185 cum
1460 4130 1767 4188 turricula.

529 4218 776 4275 Michael
813 4222 1008 4274 tamen
1041 4219 1287 4290 despota
1318 4219 1592 4290 perjurus

520 4306 735 4365 solidis
764 4307 931 4363 illum
965 4307 1218 4364 vinculis
1248 4308 1548 4366 astrinxit.

519 4399 675 4475 Ecce
696 4402 896 4455 autem
925 4397 1177 4455 Michael
1209 4402 1571 4455 Comnemus
1604 4398 1722 4470 ille,

519 4505 695 4561 quem
730 4505 881 4560 sape
914 4488 1265 4543 memoravit
1288 4488 1536 4545 historia
1564 4494 1786 4560 nostra,

518 4594 633 4633 non
659 4578 786 4633 sine
818 4582 1189 4634 sacramento
1222 4578 1282 4633 in
1314 4577 1488 4633 ﬁdem
1522 4579 1765 4635 Caesaris

516 4683 723 4722 rursus
751 4670 1050 4738 recuptus,
1082 4684 1115 4722 a
1146 4668 1353 4723 Turcis
1386 4667 1755 4739 regreditur:

514 4760 572 4812 et
604 4772 738 4812 cum
761 4757 1144 4812 Macedonum:
1180 4756 1437 4811 militum
1466 4757 1725 4811 exercitu

517 4847 575 4902 in
610 4845 974 4902 occidentem
1009 4846 1265 4902 mittitur
1286 4851 1493 4903 contra
1523 4847 1849 4918 despotam.

508 4950 565 5002 ls
596 4945 778 5019 igitur
808 4962 871 5002 se
902 4946 1153 5002 contulit
1183 4945 1668 5003 Thessalonicam
1698 4970 1713 5013 ;

505 5052 760 5107 moxque
790 5036 1140 5107 conjunctus
1172 5035 1439 5092 Michaeli
1474 5036 1708 5092 Lascari

505 5124 684 5182 simul
716 5126 775 5180 in
808 5141 1017 5198 agrum
1052 5125 1651 5195 incurriwerrhoee,

506 5219 684 5287 atque
716 5214 851 5270 inde
882 5215 1142 5287 predam
1175 5216 1468 5271 abstrahit
1498 5216 1895 5273 innumeram.

503 5303 597 5359 Sic
629 5304 969 5376 perturbato
1001 5304 1083 5359 rei
1121 5303 1370 5375 publica:
1402 5309 1581 5372 statu,

505 5393 800 5465 pessimus
829 5392 1006 5448 etiam
1038 5393 1429 5449 Triballorun‘
1469 5394 1742 5467 princeps

500 5483 774 5555 perjurus
805 5482 911 5552 vir,
943 5482 1220 5549 crudelis,
1254 5487 1406 5539 teme
1484 5484 1628 5551 rius,

501 5572 659 5628 mille
690 5572 1045 5644 conscriptis
1077 5577 1133 5628 et
1162 5573 1412 5645 amplius
1447 5573 1762 5644 militibus,

502 5662 795 5718 Romanas
829 5667 1016 5718 terras
1048 5680 1266 5735 vagans
1299 5664 1639 5720 infestabat.

500 5756 691 5825 Neque
721 5754 989 5810 cessabat
1020 5752 1076 5807 in
1109 5753 1408 5811 occidente
1442 5754 1697 5811 Michael

2254 546 2310 612 Α
2519 542 2757 618 Μιχαὴλ
2782 540 3084 618 Λασκάριον
3117 538 3283 617 ἄνδρα
3312 538 3589 616 γεννάδαν,

2329 632 2471 687 9135
2513 633 2599 689 Ἐν
2632 630 2688 686 δὲ
2718 630 3026 705 Πριλλάπῳ
3058 628 3380 702 Σκουτέριον
3410 624 3619 682 Ξυλέαν

2514 720 2859 792 Ἐπωθυμίαν
2892 719 3089 791 ἀτρεκῆ
3123 714 3454 790 κεκτημένον
3492 736 3504 748 ·

2510 810 2594 865 Ἐν
2628 806 2674 863 δ’
2707 809 2769 863 αὖ
2804 809 3050 879 Βελεσσῷ
3078 813 3194 869 τοῖς
3225 804 3541 879 περικύκλῳ
3565 803 3758 867 τόποις

2508 896 2735 952 Φύλακα
2765 895 3043 970 Θεόδωρον
3062 896 3154 951 τὸν
3189 894 3578 967 Καλαμπάκην
3611 913 3624 927 ·

2506 983 2796 1061 Ἰλλυριῶν
2832 984 2888 1040 δὲ
2917 980 3198 1060 Χαϐάρων²
3231 983 3544 1053 ἐπιστάτην.

2326 1082 2469 1138 91-10
2510 1083 2648 1155 Πρὸς
2679 1081 2863 1138 τοῖσδε
2894 1081 3165 1158 Γεώργιον
3200 1078 3596 1157 Ἀκροπολίτην

2506 1172 2783 1247 Ἄρχοντα
2812 1174 3029 1227 πάντων
3062 1170 3151 1225 καὶ
3181 1168 3450 1244 πρόεδρον
3481 1166 3734 1238 δεικνύει,

2507 1261 2742 1335 Πρόσθεν
2771 1262 3008 1332 τιμήσας
3036 1264 3106 1333 τῇ
3136 1260 3446 1331 πραίτωρος
3481 1257 3618 1329 ἀξίᾳ.

2504 1348 2692 1412 Οὕτως
2726 1351 2921 1425 ἀφῖκτο
2953 1349 3091 1424 πρὸς
3118 1344 3281 1403 πόλιν
3313 1347 3661 1424 Βερῥοιαίων,

2500 1439 2732 1494 Κᾶκεῖσε
2760 1433 3012 1514 πρέσϐεις
3042 1437 3446 1512 προσμένοντας
3476 1439 3571 1491 τοῦ
3600 1438 3753 1490 πάπα

2321 1528 2463 1584 9145
2501 1529 2575 1584 Εὖ
2604 1528 2670 1582 τὰ
2700 1530 2814 1582 κατ’
2844 1528 3040 1589 αὐτοὺς
3073 1524 3275 1588 διαθεὶς
3308 1526 3489 1601 ὥσπερ
3521 1523 3661 1595 δέον,

2498 1618 2877 1693 Ὑποστρέφειν
2909 1614 3133 1691 δέδρακε
3162 1616 3296 1691 πρὸς
3328 1616 3425 1683 τὴν
3455 1612 3710 1688 πατρίδα.

2499 1704 2631 1761 Εἶτα
2660 1704 2945 1778 παρελθὼν
2979 1706 3240 1780 φρούριον
3274 1708 3382 1758 τῶν
3418 1699 3681 1777 Σερϐίων,

2503 1795 2605 1852 Καὶ
2640 1794 2931 1870 Καστορίαν
2964 1793 3312 1867 παραμείψας
3340 1793 3438 1861 τὴν
3466 1791 3652 1863 πόλιν,

2499 1886 2574 1940 Δι’
2608 1881 2869 1958 Ἀχρίδος
2899 1880 3164 1960 πέφθακεν
3198 1876 3467 1937 ’Λλϐάνου
3497 1882 3686 1952 τόπον,

2318 1975 2460 2029 9150
2496 1974 2753 2029 Κάκεῖθεν
2783 1975 2909 2041 ἧκεν
2945 1971 3023 2033 εἷς
3058 1969 3389 2043 Ἐπίδαμνον
3422 1970 3610 2042 πόλιν,

2493 2062 2658 2117 Κάκεῖ
2688 2058 2886 2123 διαθεὶς
2917 2060 2982 2115 τὰ
3011 2062 3145 2115 κατά
3172 2064 3298 2115 νοῦν
3330 2060 3403 2123 ὡς
3438 2056 3577 2129 δέον,

2494 2152 2592 2206 Διά
2623 2146 2925 2211 Χουναϐίας
2953 2171 3011 2204 τε
3040 2150 3128 2204 καὶ
3159 2150 3349 2219 Μάτης
3378 2148 3587 2215 τόπων,

2495 2234 2810 2309 Κιτζάϐεως
2839 2238 3041 2313 Δεύρης
3060 2259 3119 2293 τε
3147 2243 3254 2292 τῶν
3288 2236 3621 2312 πολιχνίων,

2492 2330 2580 2392 Ὠς
2612 2332 2731 2402 εἶχε
2762 2322 3052 2383 κατέλαϐεν
3088 2328 3217 2381 ἄστυ
3248 2324 3575 2402 Ιιριλλάπου
3612 2345 3623 2356 ·

2309 2429 2452 2484 9155
2488 2429 2656 2490 "Even
2676 2420 3011 2497 διατρίϐοντι
3042 2427 3155 2479 κατ’
3189 2423 3317 2478 ἄστυ
3346 2422 3473 2479 τόδε

2490 2512 2826 2591 Δυσάγγελος
2860 2517 2931 2593 φή
2945 2537 3018 2587 μη
3050 2536 3134 2576 τις
3163 2515 3292 2582 ἧκεν
3322 2513 3541 2589 ἀθρόον,

2485 2609 2608 2663 ’Ὁτι
2641 2626 2741 2680 περ
2774 2604 2939 2665 ἁλοὺς
2969 2599 3231 2679 Χαϐάρων
3265 2605 3677 2663 Κωνσταντῖνος

2488 2698 2572 2752 Ἐν
2602 2693 2916 2765 καστελλίῳ
2944 2693 3185 2749 Κανίνων
3214 2694 3352 2767 πρὸς
3386 2690 3599 2766 Μαρίας

2484 2781 2930 2859 Γυναικαδέλφης
2958 2782 3195 2857 Μιχαὴλ
3223 2785 3321 2837 τοῦ
3353 2778 3640 2852 δεσπότου,
3726 2786 3729 2787 ⁷

2304 2877 2446 2931 9160
2485 2872 2921 2949 Ἐρωτοδέσμαις
2951 2871 3247 2943 ἀπατηθεὶς
3274 2872 3361 2926 καὶ
3393 2871 3553 2944 γάμῳ

2479 2966 2717 3039 Εἱρκτὴν
2749 2962 3103 3036 κατακέκριτο
3132 2960 3296 3016 κλοιὰ
3324 2961 3412 3015 καὶ
3443 2957 3629 3021 πέδας.

2480 3053 2582 3108 Καὶ
2610 3056 2906 3122 τηνικαῦτα
2936 3048 3167 3126 Μιχαὴλ
3202 3051 3229 3105 ὁ
3262 3048 3531 3118 δεσπότης

2479 3142 2590 3203 Τὰς
2617 3142 2752 3215 πρὸς
2778 3144 3075 3216 κρατοῦντα
3099 3134 3400 3212 ,συμϐάσεις
3428 3136 3712 3207 διαλύσας,

2224 3265 2266 3331 C
2482 3232 2677 3306 Χώρας
2711 3229 2868 3304 ἐπῄει
2896 3228 3211 3302 Ῥωμαϊκὰς
3241 3228 3333 3283 σὺν
3368 3226 3587 3297 ὅπλοις,

2304 3328 2448 3383 9165
2487 3326 2666 3380 Πᾶσάν
2695 3346 2753 3380 τε
2783 3322 3088 3398 κατέδραμε
3120 3322 3480 3398 Πελαγονίαν,

2478 3416 2579 3472 Καὶ
2610 3416 2702 3470 τὸν
2734 3414 2888 3489 πέριξ
2922 3414 3133 3468 ἅπαντα
3160 3416 3344 3487 χῶρον
3378 3408 3705 3485 Πριλλάπου
3739 3428 3753 3441 ·

2476 3504 2550 3560 Τὸ
2580 3504 2841 3581 φρούριον
2875 3501 3131 3558 λέλειπτο
3169 3498 3492 3574 Ηριλλάπου
3528 3500 3715 3573 μόνον,

2473 3597 2649 3667 ’Όπερ
2679 3590 2997 3667 προδόντων
3028 3585 3292 3647 συνέλαϐε
3320 3589 3410 3645 καὶ
3434 3587 3561 3644 τόδε
3593 3609 3605 3621 ·

2475 3680 2879 3755 Ἀκροπολίτης
2913 3679 2959 3737 δ’
2993 3680 3228 3755 εὑρεθεὶς
3262 3676 3413 3734 ἔνδον
3445 3679 3589 3748 τότε,

2292 3776 2436 3830 9170
2476 3771 2779 3845 Ἐρύματός
2807 3793 2860 3826 τι
2889 3765 3212 3825 καταλαϐὼν
3244 3770 3499 3845 πυργίον,

2475 3863 2619 3917 Ἐκεῖ
2648 3859 2823 3934 διῆγε,
2853 3858 2943 3914 καὶ
2977 3852 3161 3914 λαϐὼν
3194 3858 3330 3932 πρὸς
3363 3855 3634 3911 δεσπότου

2470 3953 2665 4027 Ὃρκια
2689 3954 2870 4005 κακῶν
2902 3949 3082 4017 ἀπαθῆ
3115 3948 3410 4025 πεφηνέναι

2472 4042 2571 4095 Καὶ
2602 4039 3065 4112 παραπεμφθῆναι
3098 4034 3155 4091 δὶ
3184 4038 3320 4111 πρὸς
3357 4034 3604 4111 βασιλέα,

2471 4130 2653 4187 Αὑτὸν
2682 4125 3035 4203 παραδέδωκε
3065 4129 3157 4181 σὺν
3188 4130 3268 4198 τῷ
3297 4124 3538 4199 πυργίῳ.

2292 4222 2435 4277 9175
2473 4221 2533 4277 Ὀ
2565 4217 2799 4293 Μιχαὴλ
2833 4214 2878 4271 δ’
2909 4214 3139 4294 ἔφορκος
3173 4212 3244 4269 ὢν
3279 4216 3307 4269 ὁ
3339 4213 3635 4285 δεσπότης,

2469 4313 2700 4381 Δεσμοῖς
2727 4301 3049 4383 περιέϐαλεν
3081 4304 3242 4360 αὐτὸν
3274 4302 3558 4381 ἀφύκτοις.

2464 4400 2524 4455 Ὁ
2559 4395 2605 4452 δ’
2635 4394 2700 4451 αὖ
2732 4392 3025 4468 Κομνηνδς
3058 4390 3316 4469 Μιχαὴλ,
3351 4394 3412 4447 οὗ
3451 4390 3729 4455 πολλάκις

2464 4489 2703 4560 Μνήμην
2737 4485 3070 4557 ἐποιησάμεν
3104 4483 3296 4537 ἂνόπιν
3327 4482 3519 4559 λόγου,

2465 4580 2666 4653 ’Ὀρκια
2697 4569 2881 4628 λαϐὼν
2915 4573 3079 4627 πιστὰ
3107 4573 3243 4645 πρὸς
3278 4571 3572 4647 βασιλέως,

2208 4632 2255 4696 D
2286 4680 2429 4735 9180
2468 4632 2613 4747 Πριὸς
2643 4669 2789 4727 τόνδ’
2822 4632 3162 4739 ἕπανέζευξεν
3196 4668 3254 4723 ἐκ
3278 4632 3383 4737 ,τῆς
3416 4632 3679 4742 Περσίδος
3712 4690 3726 4704 ·

2464 4767 2530 4841 ᾮ
2562 4759 2687 4823 δοὺς
2718 4759 2971 4835 στρατιὰν
3004 4758 3063 4813 ἐκ
3092 4755 3419 4815 Μακεδόνων
3448 4758 3598 4829 ἅναξ,

2460 4852 2559 4914 Εἲς
2590 4850 2816 4923 ἑσπέραν
2852 4847 3110 4925 πέπομφε
3138 4850 3273 4902 κατὰ
3306 4844 3572 4902 δεσπότου
3607 4865 3620 4878 ·

2460 4940 2565 5000 Καὶ
2594 4937 2913 4995 καταλαόὼν
2948 4935 3344 5005 Θεσσαλονίκην
3377 4934 3543 4992 πόλιν

2458 5031 2556 5087 Καί
2589 5051 2696 5085 που
2728 5028 2999 5092 συνελθὼν
3031 5026 3264 5103 Μιχαὴλ
3297 5026 3615 5100 Λασκαρίῳ,

2275 5125 2420 5181 9185
2460 5122 2566 5176 Σὺν
2597 5116 2727 5192 τῷδ’
2761 5116 2968 5186 ἐπῆλθε
2995 5116 3062 5171 τὰ
3095 5115 3235 5191 μέρη
3265 5123 3369 5183 τῆς
3400 5115 3678 5193 Βερῤοίας,

2453 5212 2557 5268 Καὶ
2590 5208 2737 5265 λείαν
2770 5206 3049 5277 ἀπήλασεν
3083 5203 3231 5283 ἔνφεν
3270 5206 3492 5280 μυρίαν.

2451 5303 2577 5357 Τῶν
2605 5298 2939 5372 πραγμάτων
2974 5294 3117 5350 οὕτω
3144 5292 3202 5349 δὲ
3233 5292 3623 5368 διακειμένων,

2451 5388 2555 5446 Καὶ
2588 5382 2986 5462 Τριϐαλάρχης
3017 5387 3051 5453 ὴ
3086 5385 3341 5446 κάκιστος
3372 5381 3591 5460 καρδία,

2448 5474 2785 5539 Ἔκσπονδος
2818 5476 2977 5548 ἀνὴρ,
3007 5474 3274 5551 ἀποφράς,
3309 5472 3622 5551 μιαιφόνος,

2267 5572 2410 5629 9190
2448 5568 2606 5639 Ὑπὲρ
2638 5562 2859 5641 χιλίους
2894 5563 3145 5638 στρατιὰν
3178 5562 3497 5631 συναλίσας,

2454 5659 2529 5714 Τὰ
2553 5655 2836 5730 Ῥωμαϊκᾶ
2860 5651 3168 5728 κατέδραμε
3198 5654 3403 5730 χωρία.

2444 5752 2502 5807 Ὀ
2532 5747 2801 5817 δεσπότης
2835 5742 2890 5801 δὲ
2924 5743 3164 5819 Μιχαὴλ
3190 5744 3256 5799 τὰ
3292 5744 3429 5820 πρὸς
3463 5739 3614 5798 δύσιν

3884 416 3982 471 336
