4250 6432
154 406 257 458 337

333 527 516 598 Δῃῶν,
546 521 770 596 ὶρημῶν
802 517 901 573 οὐκ
928 515 1096 588 ἔληγε
1125 509 1366 574 καθόλου

330 597 438 667 Καὶ
467 615 537 684 τῇ
570 611 684 664 κατ’
710 608 873 663 αὐτὸν
906 601 1217 677 προστιθεὶς
1250 597 1463 668 ἐξουσίᾳ

150 705 296 759 9195
331 701 494 757 Ὀθεν
523 696 776 772 στρατιάν
806 694 996 761 ἱκανὴν
1027 688 1323 764 ἀποκρίνας

331 790 433 850 Ἧς
464 770 688 861 ἡγεμὼν
721 789 848 844 παῖς
879 778 1162 855 Θεόδωρός
1188 798 1272 838 τις
1302 770 1479 843 νόθος,

333 878 481 952 Πρὸς
506 876 573 930 τὰ
606 870 862 944 Βοδηνῶν
896 865 1280 941 ἐξαποστέλλει
1317 864 1478 952 μὲρη·

327 951 403 1023 Ἥ
435 964 730 1036 Ῥωμαϊκῷ
764 957 1106 1033 συντυχοῦσά
1134 976 1240 1010 που
1270 951 1470 1028 στίφει,

329 1058 625 1124 “HI-mou,
658 1049 936 1106 ἐσκέδασιν
969 1047 1102 1101 αὐτὸ
1125 1041 1346 1120 ῥᾳδίως·

149 1158 294 1212 9200
330 1157 398 1206 Ὃ
428 1151 592 1226 γνοὺς
624 1147 858 1224 Μιχαὴλ
895 1143 1278 1215 Παλαιολόγος
1296 1136 1423 1226 τόδε

332 1225 507 1314 Ἀνὴρ
543 1239 820 1314 μαχητὴς,
851 1230 1127 1312 γεννάδας,
1161 1225 1477 1301 Ῥωμαλὲος

329 1333 423 1392 Ὠς
453 1330 598 1403 εἶχεν
631 1321 916 1398 ἐξώρμησε
944 1323 1062 1377 κατ’
1093 1316 1424 1374 ἀντιπάλωνο

327 1421 433 1476 Καί
467 1438 589 1472 τινα
617 1421 697 1488 τῷ
728 1413 915 1488 δόρατι
944 1410 1156 1480 πλήξας
1189 1407 1452 1475 ἱππότην,

333 1507 460 1580 (Ἤν
497 1505 542 1561 δ’
574 1505 673 1580 ἄρα
703 1500 983 1576 Θεόδωρος
1013 1505 1142 1561 παῖς
1172 1495 1520 1563 ἀποστάτου),

143 1601 287 1654 9205
331 1598 428 1657 Εἲς
457 1603 558 1672 γῆν
586 1587 993 1660 καταϐέϐληκεν
1028 1589 1079 1658 ἐξ
1109 1582 1442 1672 ἐφεστρίδοςΖ

323 1689 386 1744 Ὁ
419 1667 482 1740 δ’⁷
500 1682 563 1739 αὖ
587 1687 864 1752 Κομνηνῷ
891 1675 1263 1755 προσδραμὼν
1290 1667 1574 1742 ἠντιϐόλει

328 1779 490 1843 Ζωῆς
517 1795 575 1828 τε
604 1774 766 1848 χάριν
797 1772 882 1825 καὶ
917 1771 1103 1842 ψυχῆς
1135 1762 1499 1842 πεφιλμὲνης,

325 1865 432 1920 Καὶ
466 1866 782 1935 συμπαθοῦς
813 1859 973 1933 ἔτυχε
1005 1856 1335 1930 συγγνώμης
1366 1851 1510 1908 τότε.

324 1953 482 2022 Πλὴν
515 1954 773 2026 ἠγνοεῖτο
800 1949 883 2010 τίς
914 1946 1016 2022 ἄρα
1040 1947 1130 2000 καὶ
1159 1944 1443 2017 τυγχάνειο

142 2047 287 2100 9210
327 2045 426 2112 Τῷ
450 2062 533 2096 τοι
564 2036 934 2115 παραδίδωσιν
967 2033 1256 2113 φυλάσσειν
1283 2029 1530 2104 Τοόρκῳ.

316 2133 376 2184 '0
411 2129 468 2185 δὲ
499 2129 562 2184 αὖ
594 2127 806 2203 φονεύει
838 2127 925 2180 καὶ
958 2124 1308 2197 παραπέμπει
1338 2119 1515 2194 μόρῳ.

320 2221 489 2278 Τουτὶ
525 2219 618 2291 μὶν
654 2216 799 2271 οὕτω
832 2213 1063 2289 Μιχαὴλ
1095 2209 1420 2284 δεδραμένος

321 2309 426 2364 Σὺν
459 2313 578 2368 τοῖς
605 2306 650 2361 δ’
693 2307 780 2382 ὑφ’
814 2304 974 2359 αὐτὸν
1007 2303 1249 2376 ἀρεϊκοῖς
1281 2295 1506 2373 ἀνδράσι

319 2395 708 2475 Παφλαγονίαν
743 2391 979 2468 πατρίδα
1009 2413 1171 2460 κεκτη
1185 2389 1311 2463 μὲνο
1323 2410 1391 2456 ις,

135 2500 282 2554 9215
320 2494 580 2556 Πολλοὺς
616 2495 708 2566 μὲν
744 2491 900 2568 ἔργον
929 2488 1217 2564 εἰργάσατο
1246 2490 1341 2540 τοῦ
1372 2483 1584 2560 ξίφους’

321 2584 505 2646 Ζωοῦς
537 2583 593 2638 δὲ
627 2581 955 2656 συνέσχηκεν
986 2577 1187 2634 εἴκοσιν
1213 2574 1378 2629 πάλιν

321 2672 561 2750 ’Δνδρας
591 2673 832 2746 τιμίους,
864 2669 1142 2744 ὲγκρίτους
1175 2666 1471 2736 ἀποστάτῃ.

322 2769 511 2822 Ταῦτα
544 2764 637 2836 μὶν
673 2759 817 2816 οὕτω
849 2753 1190 2831 συμϐέϐηκεν
1226 2755 1298 2816 ὡς
1332 2752 1487 2829 ἔφην·

323 2857 388 2911 Ὁ
420 2851 658 2929 Μιχαὴλ
690 2849 1020 2925 Βουλγάρων
1044 2843 1376 2921 ἀρχηγέτης,

138 2947 284 3002 9220
321 2946 421 3004 ’Ός
457 2941 523 3010 δὴ
552 2937 984 3016 γυναικάδελφος
1010 2937 1077 3004 ἦν
1112 2931 1404 3010 βασιλέως,

327 3033 560 3107 Ἐχθρὸς
594 3029 639 3084 δ’
673 3027 942 3088 ἄσπονδος
974 3024 1231 3107 Αὐσόνων
1261 3016 1589 3096 κραταρχίᾳ,

324 3106 471 3194 Πρός
501 3118 862 3190 Καλλιμᾶνου
888 3115 1100 3186 καιρίαν
1137 3106 1476 3187 βεϐλημένος

320 3206 783 3283 Πρωτεξαδὲλφου
812 3208 1144 3281 προσγενοῦς
1174 3199 1504 3276 πεφυκότος,

324 3297 611 3368 Ἐξαπίνης
643 3296 896 3360 τέθνηκεν
931 3291 1170 3348 ἐκλιπὼν
1204 3291 1361 3368 φάος’

137 3390 284 3445 9225
322 3388 401 3444 Οὗ
430 3390 499 3460 τῇ
531 3385 746 3461 γυναικὶ
779 3383 1063 3461 ωναφθεῖς
1093 3378 1471 3450 Καλλιμάνος,

319 3473 540 3548 Ἐδοξεν
576 3477 756 3551 ἀρχὴν
789 3467 1128 3547 προσλαϐεῖν
1156 3468 1247 3524 καὶ
1281 3465 1638 3540 Βουλγάρων.

319 3565 505 3622 Ἀλλά
532 3567 730 3625 Ῥὦσος
764 3561 940 3637 Οὗρος
976 3561 1069 3634 μὶν
1103 3560 1179 3620 ὡς
1211 3556 1474 3632 θυγατέρα

321 3655 473 3710 Μετὰ
502 3657 755 3730 στρατιᾶς
789 3651 1078 3723 συμπεσὼν
1111 3638 1551 3722 προσλαμϐάνει·

320 3741 614 3798 Φονεόεται
645 3739 703 3796 δὲ
734 3739 1094 3812 Καλλιμάνος
1125 3732 1488 3807 Βουλγάροις.

136 3844 286 3900 9230
323 3843 582 3916 ’Έρημον
611 3835 807 3895 οὖκοῦν
840 3836 1069 3912 γνησίου
1101 3830 1368 3907 διαδόχου

321 3931 570 4003 Τπῆρχε
600 3927 795 3983 λοιπὸν
826 3926 889 3980 τὸ
919 3926 1117 4001 κράτος
1142 3927 1259 3985 τοῖς
1290 3917 1656 3994 Βουλγάροις⁶

319 4018 477 4076 Ἀλλ’
506 4017 557 4072 οἱ
587 4017 714 4092 παρ’
742 4016 932 4076 αὐτοῖς
963 4013 1200 4089 ἔγκριτοι
1233 4009 1586 4086 Βουληφόροι

319 4110 681 4183 Ἀρχηγετεῖν
709 4107 996 4162 τάσσουσιν
1029 4105 1209 4178 ἀρχῆς
1242 4097 1570 4174 Βουλγάρων

319 4197 530 4271 Τείχου
557 4197 649 4251 τὸν
682 4197 807 4250 Υἱὸν
837 4195 928 4250 τὸν
957 4191 1125 4249 καλὸν
1156 4192 1586 4246 Κωνσταντῖνον·

134 4290 284 4346 9235
320 4289 410 4349 Ὠς
442 4284 501 4341 ἂν
537 4284 594 4341 δὲ
621 4285 712 4341 καὶ
746 4281 944 4357 δόξειεν
971 4283 1030 4338 ἐκ
1057 4278 1402 4357 κληρουχίας

320 4377 419 4438 Εἷς
458 4374 820 4452 βουλγαρικὸν
853 4373 1237 4449 ἐγκαθεστάναι
1266 4367 1457 4443 θρόνον

317 4465 604 4540 Ἐρίτιμοι
635 4466 917 4538 πέμπουσι
946 4457 1198 4536 πρέσϐεις
1230 4455 1562 4531 Βουλγάρων

325 4555 472 4629 Πρὸς
500 4555 590 4609 τὸν
622 4557 924 4628 κρποῦντα
960 4549 1238 4625 Θεόδωρον
1269 4544 1522 4604 Αὐσόνων

321 4647 440 4701 Ἶνα
471 4646 715 4722 συναφθῇ
746 4645 824 4715 τῷ
853 4643 1059 4717 Τείχου
1092 4637 1477 4707 Κωνσταντίνῳ

142 4748 289 4801 9240
330 4744 544 4820 Εἰρήνη
576 4744 769 4819 πρώτη
801 4739 963 4797 τοῦδε
987 4745 1094 4796 τῶν
1127 4737 1435 4813 θυγατὲρων

329 4835 495 4890 Ἀσάν
525 4833 841 4907 κρατάρχου
873 4829 1203 4906 Βουλγάρων
1237 4826 1351 4907 οὐσ’
1381 4824 1597 4899 ἐγγόνη·

325 4916 396 4972 Ἀ
429 4915 518 4968 καὶ
549 4906 778 4988 περατοῖ
808 4913 901 4968 σὺν
933 4910 1216 4986 προθυμίᾳ
1243 4906 1480 4983 κράτωρ.

329 5003 478 5059 Ἐπεὶ
513 5001 561 5058 δ’
591 5005 618 5058 ὁ
647 5003 845 5078 Τείχου
875 5002 943 5070 ἦν
974 5000 1116 5076 ἔχων
1152 4997 1455 5072 ὁμευνέτιν,

327 5092 549 5163 Ταύτην
584 5090 951 5166 διαζεύξαντες
979 5088 1174 5164 ἀνδρὸς
1204 5086 1443 5158 ἀνόμως,
1561 5078 1563 5080 η

144 5186 290 5240 9245
328 5181 429 5246 Εἷς
460 5181 709 5258 φυλακὴν
743 5183 1025 5255 πέμπουσι
1056 5183 1139 5250 τῷ
1168 5173 1518 5253 στεφηφόρῳ.

331 5271 489 5329 Μετά
520 5270 577 5326 δὶ
604 5275 774 5327 ταῦτα
801 5269 1171 5347 χαλεπωτάτῃ
1205 5265 1350 5338 νόσῳ

331 5362 650 5437 Περιπεσὼν
681 5357 854 5416 ἔκειτο
886 5360 1206 5435 κρατάρχης
1237 5354 1416 5428 κλίνῃ·

328 5451 393 5508 Ἦ
422 5447 469 5504 δ’
499 5450 568 5520 ἦν
599 5449 948 5526 ἀνιάτρευτος
978 5441 1441 5516 ’Δσκληπιάδαις,

324 5539 427 5595 Καὶ
508 5544 659 5616 σφῶν
728 5541 946 5617 τέχναις
1020 5534 1308 5611 ἄκαμπτος
1385 5529 1501 5589 οὐδ’
1569 5527 1812 5586 εἶᾏιουσά-

1575 5622 1738 5697 [πως.

147 5722 295 5780 9250
331 5720 528 5781 Τοίνυν
563 5718 840 5796 ἀπογνοὺς
865 5719 953 5776 καὶ
991 5716 1242 5797 διαγνοὺς
1275 5714 1348 5779 ὡς
1382 5710 1526 5787 δίον,

1685 383 2045 436 ΟΛΕΞΔΒΕΒ.

1833 506 1887 571 Α
1918 502 2158 572 despota
2197 502 2427 557 damnis
2459 499 2791 573 omnigenis
2826 497 3106 554 faciendis

1919 595 1977 645 et
2007 607 2125 646 sua)
2156 591 2364 647 ditioni
2399 591 2570 646 terris
2602 587 2969 660 subigendis.

1923 679 2067 735 Nam
2099 684 2436 751 comparato
2470 679 2677 735 idoneo
2708 677 2985 741 exercitu,

1919 784 2090 839 quem
2125 769 2304 824 notho
2330 769 2448 824 ﬁlio
2477 769 2782 823 Theodoro
2815 764 3076 830 tradidit,

1907 857 2093 927 jussit
2126 858 2400 914 invadere
2429 858 2799 914 Bodenorum
2834 869 3042 926 agrum
3077 867 3090 906 :

1917 961 2090 1026 atque
2124 955 2203 1010 ibi
2237 960 2469 1012 nostras
2500 971 2648 1027 quas
2679 953 2924 1010 oﬂ‘endit
2954 950 3152 1023 copias

1914 1045 2072 1111 vicit,
2107 1044 2384 1115 dispersit
2414 1044 2569 1100 {acili
2605 1043 2860 1115 negotio.

1916 1130 2159 1188 Michael
2194 1149 2253 1188 re
2283 1134 2516 1205 cognita
2548 1131 2908 1203 Palisologus

1916 1221 2160 1276 bellator
2188 1223 2278 1276 vir
2303 1221 2741 1291 magnanimus,
2780 1219 2972 1284 fortis,

1918 1311 2167 1381 abrupta
2200 1327 2360 1366 mora
2395 1310 2660 1366 hostibus
2693 1307 2949 1364 occurrit
2978 1323 2990 1360 :

1917 1403 1973 1456 et
2004 1401 2318 1470 quemdam
2361 1400 2530 1455 basta
2561 1399 2819 1469 equitem
2855 1411 3204 1468 percussum

1919 1491 2065 1561 (erat
2096 1492 2145 1545 is
2178 1490 2334 1546 {ilius
2366 1490 2571 1562 perfidi
2605 1487 2976 1557 Theodorus)

1919 1579 2081 1635 humi
2114 1581 2358 1652 projecit
2379 1579 2653 1650 ephippio
2685 1576 3024 1650 depulsum.

1919 1669 2022 1725 Ille
2051 1670 2329 1724 Comneni
2364 1669 2702 1741 provolutus
2735 1667 2987 1739 genibus

1919 1759 2094 1813 vitam
2128 1759 2371 1830 rogabat
2400 1758 2512 1813 sibi
2546 1760 2938 1823 conservaret,

1833 1868 1878 1933 Β
1920 1863 2097 1918 reque
2126 1847 2256 1919 ipsa
2283 1848 2512 1903 veniam
2547 1846 2748 1901 mitem
2782 1841 3140 1916 impetravit,

1910 1954 2248 2008 quanquam
2275 1938 2402 2008 ejus
2434 1937 2639 2008 ignota
2671 1935 2929 1990 conditio
2953 1935 3080 1988 erat
3115 1947 3128 1985 :

1908 2034 2221 2105 Turcasque
2252 2034 2475 2090 homini
2507 2032 2927 2089 custodiendus
2960 2029 3234 2094 traditur,

1908 2125 2006 2196 qui
2041 2123 2322 2179 miserum
2357 2123 2652 2194 captivum
2687 2120 2882 2192 gladio
2918 2118 3174 2190 perimit.

1909 2219 2098 2284 Atque
2129 2199 2616 2268 hanc'victoriam
2650 2208 2893 2264 Michael
2929 2207 3179 2280 patravit

1908 2303 2320 2357 Mavortiorum
2353 2318 2503 2374 quos
2535 2301 2787 2355 ducebat
2820 2297 3077 2352 militum

1907 2408 2080 2462 opera
2111 2408 2277 2462 usus,
2303 2392 2493 2463 patria
2523 2389 2988 2461 Paphlagonum.
3049 2459 3056 2466 Ι

1906 2481 1975 2536 Et
2014 2480 2228 2536 multos
2259 2480 2498 2551 quidem
2535 2478 2833 2534 interemit
2866 2476 3088 2543 hostes,

1908 2574 2186 2642 praeterea
2213 2569 2419 2642 viginti
2450 2569 2609 2623 vivos
2641 2567 2796 2639 cepit

1907 2660 2060 2715 viros
2091 2659 2354 2730 insignes
2388 2659 2458 2713 de
2490 2657 2730 2712 rebellis
2763 2656 2917 2711 aula.

1908 2753 2094 2820 Atque
2124 2748 2279 2802 hunc
2313 2747 2586 2818 praedicta
2621 2762 2710 2800 res
2741 2747 2962 2800 exitum
3006 2741 3235 2812 habuit,

1909 2837 2153 2893 Michael
2187 2840 2382 2892 autem
2416 2835 2798 2907 Bulgarorum
2831 2832 3134 2901 dominus,

1909 2927 2078 2996 cujus
2114 2942 2278 2980 soror
2307 2924 2518 2980 Caesari
2552 2928 2738 2994 nupta
2771 2925 2914 2991 erat,

1908 3015 2093 3070 nostri
2127 3014 2474 3086 fcsdifragus
2507 3013 2695 3068 hostis
2727 3010 2984 3084 imperii,

1910 3121 1942 3160 a
1975 3104 2327 3159 consobrino
2359 3120 2465 3158 suo
2497 3102 2821 3157 Callimano

1833 3227 1875 3294 Ο
1916 3191 2213 3248 mortifero
2246 3196 2482 3264 repente
2508 3206 2826 3262 percussus
2854 3186 3094 3242 vulnere

1915 3281 2090 3336 vitam
2122 3297 2252 3336 cum
2285 3286 2472 3336 morte
2503 3281 2698 3335 statim
2731 3275 3119 3333 commutavit
3153 3292 3165 3329 :

1913 3370 2080 3440 cujus
2111 3386 2288 3425 uxore
2319 3371 2496 3424 ducta
2524 3368 2889 3426 Callimanus

1912 3459 2074 3516 visus
2105 3464 2196 3516 est
2227 3475 2472 3531 regnum
2506 3457 2766 3514 obtinere
2796 3453 3197 3527 Bulgaricum.

1913 3549 2024 3604 Sed
2062 3549 2218 3619 regis
2250 3565 2416 3604 socer
2445 3564 2760 3603 accurrens
2787 3544 3202 3618 cum|exercitu

1915 3637 2106 3694 Rosus
2143 3637 2291 3692 Urus
2323 3636 2500 3692 ﬁliam
2535 3652 2702 3692 suam
2738 3633 2945 3706 recipit
2979 3651 2992 3688 :

1914 3727 2321 3798 occiditurque
2352 3744 2384 3782 a
2419 3725 2682 3797 Bulgaris
2712 3723 3096 3780 Callimanus.

1913 3825 2166 3898 Jamque
2195 3825 2430 3880 carebat
2459 3839 2795 3880 successore
2836 3820 3099 3893 legitimo

1915 3914 2236 3986 Bulgaricee
2268 3913 2603 3986 reipublicae
2632 3927 2846 3967 vacans
2876 3910 3149 3965 thronus.

1918 4004 2018 4058 sed
2052 4003 2365 4074 optimates
2397 4001 2590 4070 gentis
2621 4017 2686 4056 ac
2720 4003 3020 4054 senatores

1918 4093 1989 4148 ad
2023 4093 2405 4163 Bulgarorum
2438 4091 2716 4146 thronum
2753 4090 3127 4144 advocarunt

1918 4181 2218 4253 egregium
2251 4179 2416 4236 Tichi
2449 4179 2635 4234 filium
2669 4176 3143 4232 Constantinum.

1918 4275 2107 4341 Atque
2137 4274 2204 4326 ut
2231 4268 2492 4339 legitimo
2519 4265 2875 4324 successoris
2899 4265 3034 4336 jure

1921 4377 2165 4433 regnum
2202 4361 2360 4415 adire
2390 4360 2686 4415 videretur
2717 4355 3112 4429 Bulgaricum,

1922 4452 1992 4505 ad
2027 4450 2424 4505 Romanorum
2457 4449 2736 4504 Caesarem
2770 4445 3146 4500 Theodorum

1923 4538 2104 4594 mittit
2134 4542 2376 4594 senatus
2406 4536 2754 4608 legationem
2791 4538 2995 4606 petens

1917 4630 2345 4700 utjungeretur
2374 4627 2528 4682 dicto
2560 4625 2943 4681 Constantino

1924 4718 2105 4774 Irenaa
2136 4717 2253 4772 lilia
2283 4716 2525 4772 Caesaris
2560 4719 2700 4770 natu
2731 4714 2940 4784 major,

1923 4825 2051 4878 quae
2081 4807 2292 4862 Asanis
2322 4805 2478 4878 regis
2499 4803 2738 4877 Bulgari
2772 4803 2964 4876 neptis
2995 4804 3141 4858 erat.

1922 4901 1992 4953 Et
2018 4903 2205 4952 Caesar
2234 4899 2434 4952 noster
2465 4911 2585 4950 rem
2621 4894 2868 4950 libenter
2899 4891 3113 4948 annuit

1923 4997 2073 5051 Tum
2102 4995 2242 5066 quia
2265 4994 2392 5066 jam
2425 4993 2807 5049 Constantino
2839 5007 2983 5045 uxor
3013 4992 3159 5057 erat,

1923 5085 2076 5141 hanc
2107 5102 2140 5140 a
2170 5100 2275 5140 suo
2307 5082 2429 5138 viro
2460 5083 2816 5138 abstractam
2848 5080 3050 5134 illicite

1925 5173 2264 5247 imperatori
2291 5172 2739 5229 custodiendam
2775 5168 3039 5226 mittunt.

1925 5264 2126 5319 Morbo
2158 5267 2289 5335 post
2317 5262 2439 5318 haec
2469 5264 2775 5333 correptus
2805 5256 3155 5332 gravissimo

1924 5356 2112 5410 Caesar
2143 5352 2484 5408 Theodorus
2513 5343 2830 5406 tenebatur
2857 5348 3005 5404 lecto
3032 5365 3046 5414 ;

1923 5447 1979 5498 et
2010 5443 2091 5498 nil
2122 5441 2410 5498 medendo
2443 5440 2828 5510 proﬁciebant
2861 5435 3094 5501 medici,

1923 5536 2106 5589 artem
2139 5531 2511 5605 Hippocratis
2543 5533 2857 5603 superante
2889 5527 3116 5584 morbo.

1926 5710 2115 5778 Quare
2145 5724 2248 5784 sps
2278 5709 2408 5766 vite
2439 5707 2760 5783 prudenter
2789 5706 3019 5780 abjecta

3463 369 3567 422 338
