4190 6448
622 421 728 477 339
1833 426 2204 481 EPHRBMH
2242 425 2811 486 CHBONOGRAPBI
3932 424 4044 480 340

626 544 1110 617 ornamentisque
1142 545 1316 618 regiis
1349 546 1634 618 depositis

2560 549 2745 624 Ῥίψας
2792 550 2857 604 τὰ
2907 546 3137 624 λαμπρὰ
3185 550 3286 603 τοῦ
3337 548 3568 624 κράτους
3621 545 3709 602 καὶ
3766 551 3864 601 τοῦ
3919 545 4040 601 στὲ-

3855 639 4041 714 [φουςν

626 722 898 779 monachi
931 724 1124 780 Cmsar
1149 723 1342 780 induit
1371 724 1722 795 tuniculam,

2562 727 2635 781 Τὰ
2657 732 2766 782 τῶν
2799 732 3058 803 μοναχῶν
3092 724 3454 781 ἐνδιδύσκεται
3487 725 3622 801 ῥάκη

626 811 826 868 omnia
856 829 963 868 sua
996 813 1282 868 confitens
1315 819 1553 886 peccata

2560 817 2947 891 Ἐξαγορεύσας
2980 819 3153 870 πάντα
3179 817 3230 870 οἱ
3262 817 3610 890 πεπραγμένα

633 917 829 956 coram
862 901 1205 958 hominibus
1237 903 1337 958 sed
1373 904 1681 974 presertim
1715 909 1829 959 Deo

2563 907 2906 980 Ἐμπροσθεν
2943 906 3243 980 ἀνθρώπων
3273 926 3332 959 τε
3357 906 3446 959 καὶ
3477 907 3611 960 θεοῦ
3641 901 3830 958 πλέον·

632 996 914 1064 (namque
945 993 1103 1049 hunc
1136 998 1534 1050 transversum
1571 999 1812 1066 egerant
1841 993 2126 1050 illecebrae

2385 996 2527 1051 9255
2565 995 2779 1069 Πόρνης
2805 997 2905 1072 γὰρ
2940 993 3099 1053 οὗτος
3132 996 3409 1072 σώφρονος
3445 991 3881 1068 Θρυλλουμὲνης,

627 1098 912 1155 amorque
944 1084 1122 1140 scorti
1158 1083 1374 1142 nobilis
1405 1084 1559 1139 haud
1590 1084 1862 1154 protriti).

2564 1086 2674 1154 Τήν
2729 1082 2908 1140 πίστιν
2973 1084 3024 1139 ὲν
3085 1088 3161 1156 νῷ
3238 1079 3570 1157 προσλαϐὼν
3636 1081 3725 1136 καὶ
3786 1081 3877 1135 τὸν
3939 1080 4050 1134 πό-

3776 1171 3891 1244 [οον
3927 1171 4049 1242 (86)

632 1261 934 1318 Accedens
964 1277 1101 1332 ergo
1132 1262 1201 1316 ad
1235 1261 1543 1334 Mitylenes
1576 1261 1919 1332 episcopum

2567 1265 2662 1334 Τῷ
2692 1264 3043 1337 ποιμενάρχῃ
3075 1259 3445 1337 προσδραμὼν
3478 1259 3795 1330 Μιτυλήνης

632 1350 726 1406 cui
757 1351 1024 1407 conﬁteri
1053 1350 1265 1406 solitus
1298 1357 1534 1423 peccata
1565 1350 1772 1420 fuerat,

2567 1357 2632 1428 ’ῼ
2667 1352 3001 1426 σφαλμάτων
3025 1355 3089 1420 ἦν
3121 1350 3515 1405 ἀνακαλύπτων
3558 1348 3721 1424 βάρη,

633 1439 705 1494 ad
738 1439 919 1511 hujus
951 1441 1132 1511 pedes
1167 1441 1379 1496 accidit
1411 1444 1744 1512 prostratus
1776 1438 1945 1493 humi

2570 1439 2662 1502 Είς
2694 1437 2965 1518 τοῦδαφος
2996 1442 3278 1495 πέπτωκεν
3312 1439 3481 1494 αὐτοῦ
3509 1439 3646 1513 πρὸς
3677 1434 3867 1508 πόδας,

631 1543 849 1599 eosque
875 1527 1083 1584 calidis
1114 1529 1419 1600 perluebat
1450 1528 1746 1600 lacrymis,

2392 1530 2536 1583 9260
2575 1528 2678 1583 Καὶ
2709 1526 2901 1583 τούσδε
2931 1531 3154 1601 Θερμοῖς
3184 1526 3438 1603 δάκρυσιν
3472 1524 3769 1581 άποπλύνει

633 1634 734 1673 ceu
771 1618 1071 1688 quondam
1104 1617 1319 1673 Christi
1348 1618 1565 1673 femina
1597 1617 1888 1689 peccatrix
1922 1633 1934 1671 :

2571 1621 2660 1684 Ὦς
2690 1622 2815 1694 πρὶν
2846 1622 2981 1695 γυνή
3020 1616 3262 1695 βέϐηλος
3295 1623 3535 1694 Χριστοῦ
3564 1616 3847 1673 δεσπότου·

636 1721 822 1776 quare
851 1711 908 1761 et
942 1706 1214 1762 madebat
1241 1706 1377 1761 ﬂetu
1411 1707 1830 1777 pavimentum.

2572 1711 2660 1772 Ὠς
2691 1710 2778 1764 καὶ
2810 1711 3054 1785 γενέσθαι
3085 1708 3266 1781 πηλὸν
3299 1707 3358 1763 ἐκ
3384 1714 3493 1764 τῶν
3528 1706 3797 1784 δακρύων.

637 1799 830 1866 Atque
862 1795 982 1850 haec
1012 1797 1186 1851 verba
1218 1796 1555 1864 geminabat
1585 1797 1869 1851 confitens
1906 1812 1916 1848 :

2573 1801 2920 1874 Ἐξαγορείας
2948 1805 3112 1856 ταῦτα
3144 1799 3402 1876 συνείρων
3435 1798 3647 1873 λόγοις·

639 1883 740 1952 Te,
775 1885 1020 1954 Christe,
1056 1885 1341 1957 dereliqui
1371 1905 1384 1953 ;
1419 1885 1708 1956 prapitius
1739 1889 1884 1941 esto.

2323 1909 2370 1973 B
2582 1890 2672 1957 Σὶ,
2699 1891 2914 1962 Χριστὲ,
2944 1890 3256 1945 κατέλιπνν·
3283 1888 3454 1950 ’ίλεως
3488 1887 3598 1947 ἔσο.

647 1973 743 2030 Sic
776 1975 1143 2030 continenter
1172 1980 1440 2044 repetens
1469 1976 1657 2030 bonus
1690 1974 1904 2040 Casar,

2405 1981 2548 2035 9265
2586 1978 2744 2036 Οὕτω
2778 1977 3050 2054 δεδρακὼς
3083 1984 3326 2053 συνεχῶς
3369 1979 3609 2054 χρηστὸς
3635 1977 3874 2053 κράτωρ,

651 2063 723 2120 ad
757 2064 1046 2120 stationes
1075 2065 1308 2120 transiit
1334 2064 1617 2131 ccelestes,

2583 2067 2726 2143 Πρὸς
2753 2068 2849 2130 τὰς
2884 2073 3052 2142 μονάς
3084 2064 3276 2143 βέϐηκε
3304 2069 3400 2131 τάς
3432 2067 3735 2145 οὐρανίους,

648 2153 771 2208 filio
802 2153 1140 2225 relinquens
1173 2171 1417 2226 regnum
1446 2154 1659 2209 Joanni

2583 2160 2774 2215 Λιπὼν
2798 2159 2860 2213 τὸ
2891 2160 3089 2234 κράτος
3111 2155 3263 2212 παιδὶ
3293 2156 3373 2232 τῷ
3403 2159 3627 2233 Ἰωάννῃ

649 2243 919 2315 septenni
952 2245 1134 2300 ferme
1162 2249 1328 2300 aetate
1361 2249 1462 2300 aut
1492 2243 1666 2316 paulo
1700 2243 1956 2317 amplius
1991 2261 2003 2299 :

2583 2250 2858 2305 Ἐπταὲτει
2891 2271 2995 2304 που
3024 2250 3355 2324 τυγχάνοντι
3387 2248 3476 2303 καὶ
3509 2246 3698 2303 πλέον·

646 2332 773 2406 ipse
798 2338 1049 2406 quatuor
1079 2336 1340 2390 nondum
1374 2335 1575 2406 plenos
1607 2352 1792 2390 annos

2584 2340 2768 2408 Μήπω
2797 2344 3046 2415 καθαρῶς
3077 2340 3332 2414 τέτταρας
3365 2336 3532 2401 ὅλους
3569 2338 3809 2412 χρόνους

647 2426 978 2479 Romanum
1011 2429 1242 2496 sceptro
1277 2430 1504 2481 rexerat
1533 2425 1847 2496 imperium
1882 2441 1894 2479 :

2406 2429 2549 2483 9270
2585 2429 2699 2495 Τὴν
2727 2429 3045 2501 Ῥωμαϊκὴν
3081 2427 3262 2491 ἷθύνας
3290 2428 3646 2503 κραταρχίαν·

646 2512 733 2568 vir
763 2531 903 2570 sane
933 2515 1147 2580 bonus,
1179 2520 1452 2586 regnator
1482 2514 1816 2586 religiosus,

2587 2518 2752 2589 Ἀνήρ
2785 2516 3007 2590 ἀγαθὸς,
3041 2512 3266 2585 εὐσεϐής
3299 2516 3671 2592 αὐτοκράτωρ,

648 2601 873 2672 hilaris,
905 2601 1182 2684 blandus,
1213 2605 1470 2660 subditis
1511 2604 1839 2674 benivolus,

2585 2603 2773 2677 Ἢδὺς,
2807 2605 3018 2680 ἱλαρὸς,
3052 2606 3284 2678 εὐμενὴς
3320 2607 3608 2676 ὑπηκόοις,

642 2692 804 2748 omni
835 2693 1102 2750 doctrina
1130 2699 1188 2750 et
1214 2693 1422 2750 litteris
1453 2698 1730 2762 ornatus;

2581 2693 2751 2771 ’Ίδρις
2785 2695 2974 2770 σοφίας
3007 2692 3360 2765 παντοδαπῆς
3392 2695 3483 2750 καὶ
3515 2697 3715 2770 λόγων.

647 2782 838 2839 fidelis
869 2782 1098 2838 Domini
1131 2788 1306 2856 atque
1331 2785 1590 2856 prudens
1623 2783 1882 2838 famulus

2587 2785 2782 2847 Πιστὸς
2820 2784 3043 2860 Κυρίου,
3075 2786 3348 2860 νουνεχὴς
3373 2783 3667 2861 ὑπηρέτης,

645 2870 747 2943 qui
779 2872 942 2944 regni
973 2872 1260 2928 talentum
1295 2873 1622 2944 ampliavit,
1655 2872 1835 2939 auxit,

2409 2877 2552 2932 9275
2587 2875 2858 2930 Τάλαντον
2890 2871 3089 2946 αὔξων,
3119 2873 3410 2930 πλατύνων
3442 2874 3803 2952 κραταρχίας,

646 2965 703 3016 et
733 2961 1152 3034 patrimonium
1185 2967 1423 3019 strenue
1455 2961 1709 3034 protexit
1741 2979 1754 3017 :

2589 2961 3034 3040 Προκινδυνεύων
3063 2963 3322 3039 εὐψύχως
3341 2962 3705 3040 κληρουχίας·

643 3049 919 3124 princeps
951 3052 1258 3124 benignus,
1289 3053 1456 3108 fortis
1487 3053 1824 3124 imperator,

2585 3055 2746 3124 Ἅναξ
2777 3055 3084 3130 προσηνὴς,
3117 3053 3206 3108 καὶ
3240 3055 3547 3130 στρατηγὸς
3568 3051 3851 3128 γεννάδας,

647 3141 868 3212 quique
900 3140 959 3196 in
991 3141 1250 3198 Ecclesia
1281 3141 1427 3218 nihil
1460 3140 1773 3211 innovavit,

2586 3141 2773 3214 Μηδὲν
2801 3143 3128 3218 νεοχμώσας
3151 3164 3210 3198 τι
3239 3149 3342 3213 τῆς
3374 3141 3724 3214 Ἐκκλησίας,

642 3227 954 3286 laudabilis
985 3235 1112 3286 tum
1144 3231 1260 3287 vita
1290 3236 1416 3287 tum
1449 3231 1697 3302 imperio
1723 3250 1736 3299 ;

2325 3267 2369 3335 Ο
2589 3233 2905 3295 Ἐπαινετός
2933 3253 2990 3288 τε
3014 3237 3110 3287 τοῦ
3146 3231 3270 3309 βίου
3300 3235 3388 3288 καὶ
3421 3236 3518 3288 τοῦ
3547 3232 3803 3310 κράτους,

2409 3324 2547 3335 MM
2589 3324 2631 3335 ..
2676 3321 2690 3335 ι
3007 3323 3019 3335 .
3122 3328 3150 3335 _
3285 3318 3304 3335 ς
3331 3324 3359 3335 -
3617 3320 3628 3335 .

639 3320 871 3392 egregio
900 3321 1135 3378 demum
1166 3338 1234 3377 ex
1263 3321 1372 3376 hac
1404 3325 1560 3377 terra
1591 3319 1845 3375 transitu

2329 3318 2369 3335 u
2407 3324 2550 3379 9280
2589 3321 2692 3379 Καὶ
2729 3323 3061 3397 μακαριστὸς
3083 3328 3183 3391 τῆς
3213 3318 3387 3390 καλῆς
3417 3320 3692 3394 μετοικίας

640 3414 815 3482 atque
845 3410 1067 3467 salubri
1102 3411 1443 3484 pcenitentia
1475 3409 1647 3466 felix!

2579 3411 2677 3465 Καὶ
2707 3413 2805 3480 τῆς
2843 3410 3126 3484 μετανοίας
3155 3431 3219 3485 γε
3245 3417 3346 3480 τῆς
3373 3411 3663 3485 σωτηρίου.

639 3498 906 3556 Delatum
939 3506 1028 3557 est
1057 3502 1302 3558 cadaver
1332 3501 1404 3556 ad
1431 3499 1763 3555 cmnobium

2579 3500 2791 3557 Τούτου
2822 3499 3078 3563 θανόντος
3110 3499 3187 3562 εἷς
3217 3501 3392 3578 ταφήν
3425 3501 3580 3554 νέκυν
3615 3501 3762 3578 φέρει

639 3606 672 3646 a
703 3595 863 3662 patre
893 3595 1253 3648 exstructum
1286 3591 1634 3647 salutarium
1672 3592 2024 3662 martyrum,

2580 3591 2732 3659 Μενή
2765 3590 2992 3665 πατρῴα
3023 3588 3361 3666 Σωσάνδρων
3390 3588 3731 3664 κεκλημὲνη,

641 3680 742 3736 ubi
769 3685 827 3737 et
856 3681 1307 3754 fundatorjacet
1340 3681 1681 3739 honorifice.

2580 3677 2658 3737 Οὐ
2688 3678 2777 3734 καὶ
2807 3682 2987 3756 πατὴρ
3018 3681 3252 3744 τέθαπτο
3286 3681 3458 3744 θανὼν
3493 3677 3749 3753 ἐντίμως·

711 3843 1032 3901 JOANNES
1063 3843 1431 3900 THEODORI
1481 3843 1712 3900 FILIUS
1759 3845 1848 3900 ET
1899 3841 2222 3900 MICHAEL

2505 3843 2820 3900 ΙΩΑΝΝΗΣ
2860 3843 2904 3901 Ο
2943 3843 3072 3900 ΤΟΥ
3119 3844 3475 3900 ΘΕΟΔΩΡΟΥ
3512 3843 3632 3900 ΚΔῙ
3671 3840 3955 3897 ΜΙΧΔΗΛ

1215 3920 1304 3971 ΡΑ
1318 3915 1714 3972 L/EOLOGUS.

2963 3916 3491 3973 ΠΑΛΛΙΟΛΟΓΟΣ.

643 4042 896 4100 Moriens
927 4041 1271 4099 Theodorus
1302 4046 1421 4098 tres
1449 4041 1686 4114 reliquit
1719 4041 1880 4102 domi

2398 4042 2541 4098 9285
2581 4037 2754 4102 Οὗτος
2790 4037 2894 4115 βίῳ
2925 4036 3153 4095 λέλοιπε
3183 4036 3375 4095 παιδία
3401 4039 3546 4114 τρία,

642 4132 816 4200 filios,
850 4148 1026 4205 quem
1057 4132 1173 4187 dixi
1198 4130 1502 4204 parvulum
1534 4132 1818 4188 Joannem

2574 4131 2673 4188 "0v
2701 4128 2934 4204 πρόσθεν
2965 4130 3115 4184 εἷπον
3147 4129 3536 4204 χαριτώνυμον
3567 4126 3685 4183 νέον

641 4223 929 4279 heredem
963 4221 1267 4295 dignitatis
1294 4227 1352 4278 et
1375 4221 1629 4294 imperii,

2575 4218 2900 4294 Κληροῦχον
2934 4218 3115 4295 ἀρχῆς
3143 4220 3233 4273 καὶ
3264 4215 3528 4293 διάδοχον
3559 4219 3812 4293 κράτους·

639 4313 907 4384 duasque
933 4311 1211 4382 innuptas
1241 4311 1485 4382 insuper
1515 4309 1914 4381 virgunculae,

2576 4308 2679 4366 Καὶ
2711 4307 2884 4378 θήλεα
2915 4305 2961 4363 δ’
2991 4306 3162 4384 ἄζυγα
3190 4309 3329 4383 πρὸς
3359 4307 3540 4380 τούτῳ
3571 4304 3690 4378 δύο,

638 4402 960 4459 Eudociam
991 4400 1260 4457 videlicet
1286 4417 1350 4456 ac
1381 4400 1768 4457 Theodoram.

2578 4395 2848 4455 Εὐδοκίαν
2878 4418 2937 4452 τε
2967 4396 3056 4452 καὶ
3087 4394 3370 4474 Θεοδώραν
3405 4397 3537 4472 ἅμα.

638 4482 787 4548 Nam
821 4493 1011 4564 major
1035 4495 1176 4547 natu
1209 4492 1372 4546 Irene
1402 4490 1583 4545 Ticho
1615 4492 1918 4561 nupserat,

2397 4489 2543 4544 9290
2580 4487 2778 4562 Πρώτη
2813 4485 2858 4541 δ’
2889 4486 3101 4563 Εἰρήνη
3132 4492 3213 4559 τῷ
3244 4485 3433 4562 Τείχῳ
3465 4487 3721 4563 συνεζύγη

641 4581 886 4638 Mariam
920 4581 1204 4637 minorem
1240 4580 1487 4634 duxerat
1518 4577 1884 4651 Nicephorus

1867 4596 1884 4634 3
2322 4639 2362 4654 ἢ
2574 4579 2637 4632 Ἦ
2671 4574 2892 4651 δευτέρα
2923 4574 2981 4632 δὲ
3011 4576 3194 4652 Μαρία
3220 4576 3522 4654 Νικηφὸρῳ

642 4671 823 4740 ﬁlius,
858 4675 922 4726 ut
951 4671 1090 4738 dixi,
1128 4668 1436 4725 Michaelis
1467 4639 1746 4741 despotm.

2320 4639 2366 4702 D
2577 4663 2737 4721 Παιδὶ
2769 4639 3028 4741 Μιχαὴλ,
3061 4639 3138 4728 ὡις
3165 4639 3392 4743 ἔφαμενξ
3421 4639 3705 4725 δεσπότου.

639 4761 863 4818 Tenera
896 4759 1063 4832 plane
1093 4764 1258 4814 astate
1283 4759 1542 4814 Joannes
1573 4763 1701 4814 crat
1731 4778 1745 4826 ;

2576 4756 2868 4818 Νεώτατος
2902 4753 2950 4810 δ’
2979 4755 3045 4824 ἦν
3079 4760 3206 4818 παῖς
3251 4754 3502 4826 Ἰωάννης
3533 4756 3692 4810 πάνυ·

640 4851 1026 4922 quamobrem
1058 4865 1269 4904 cavens
1296 4865 1395 4904 rex
1426 4851 1591 4919 pater
1621 4846 1823 4916 ﬁliolo,

2571 4846 2730 4909 Ὅθεν
2765 4842 2958 4907 δεδιὼς
2986 4843 3199 4900 τεκνίου
3230 4843 3402 4922 φύτης
3435 4846 3581 4918 ἄναξ,

641 4939 779 4996 huic
809 4937 1106 5012 supremis
1129 4937 1345 4994 tabulis
1379 4936 1690 5010 imperium
1724 4936 1994 5006 liquerat,

2397 4936 2539 4991 9295
2581 4936 2669 4992 ’Ev
2701 4931 2987 5005 διαθήκαις
3016 4932 3157 5006 τῷδε
3187 4934 3365 4990 λείπει
3393 4935 3458 4990 τὸ
3487 4937 3706 5010 κράτος,

641 5030 865 5086 adactis
897 5028 1060 5102 prius
1091 5028 1150 5083 in
1183 5027 1894 5098 sanctumjusjurandum

2576 5023 2816 5099 Πρόσθεν
2847 5019 3167 5100 προϐάντων
3199 5023 3396 5099 ὁρκίων
3432 5023 3741 5103 φρικαλὲων

639 5120 895 5177 subditis
923 5118 1214 5175 universis
1247 5135 1312 5173 ac
1344 5116 1792 5189 magistratibus

2573 5114 2864 5184 Ὑπηκόοις
2895 5114 3060 5170 ἅπασι
3091 5112 3182 5169 καί
3212 5119 3327 5176 τοῖς
3357 5113 3410 5169 ἐν
3442 5114 3585 5170 τέλει

638 5216 705 5268 ut
729 5213 1145 5267 conservarent
1174 5207 1446 5264 stabilem
1479 5206 1659 5262 filiolo
1693 5205 1868 5260 ﬁdem
1897 5222 1910 5262 :

2572 5205 2642 5260 Ἦ
2679 5204 2787 5277 μὴν
2820 5202 3071 5282 φυλάξειν
3101 5204 3296 5276 τεκνίῳ
3321 5204 3520 5275 πίστιν,
3551 5205 3759 5282 σχίσιν·

637 5317 812 5374 quem
840 5296 1276 5358 commendavit
1305 5300 1509 5369 postea
1537 5294 1857 5362 tutoribus,

2575 5293 2707 5350 Εἶτα
2737 5289 3075 5370 παραδίδωσι
3104 5299 3222 5356 τοῖς
3251 5293 3591 5370 ἐπιτρόποις,

711 5505 820 5576 (86)
855 5497 1434 5579 Ηί-οοὶηίοιιξείῑηυε.
1460 5495 1597 5579 quid
1645 5497 1869 5579 spectet
1919 5492 2287 5579 l‘iicephorus
2397 5492 2758 5579 Ephraamius
2789 5511 2842 5548 v.
2887 5494 3067 5579 7896;
3103 5493 3592 5579 Aliatiugna‘u'tem
3615 5495 3684 5579 _in
3708 5497 4021 5579 adoptatio
4047 5531 4070 5543 ε

641 5565 752 5635 sub
780 5565 1069 5650 praedicta:
1101 5565 1380 5650 orationis
1420 5565 1743 5650 initioku’bi
1779 5566 2032 5650 graviter
2059 5566 2287 5621 invehi-
2399 5565 2672 5650 nibus‘ad
2707 5565 3105 5650 acropolilam
3148 5583 3276 5650 cap:
3318 5568 3388 5621 52
3407 5567 3759 5650 ‘Nicephori
3782 5570 4064 5650 eiusdem

641 5584 752 5635 sub
780 5584 1069 5650 praedicta:
1101 5584 1380 5650 orationis
1420 5584 1610 5634 mmo,
1645 5584 1743 5622 UDl
1779 5584 2030 5638 gravuer
2059 5584 2287 5621 invem-
2399 5584 2578 5648 mnus
2600 5584 2672 5621 an
2707 5584 3105 5637 acropomam
3148 5584 3276 5693 cap,
3318 5584 3388 5621 az
3430 5584 3738 5639 rucepnori
3782 5584 4064 5640 ejusdem

641 5657 740 5708 tur
770 5649 829 5704 in
860 5659 1120 5704 amorem
1155 5642 1548 5716 illegitimum.
1606 5641 1955 5716 Quanquam
2001 5637 2284 5716 Joannem
2397 5637 2959 5716 recitat_episto_lam_
3002 5639 3075 5694 de
3129 5639 3339 5710 pelice
3396 5639 3644 5716 Joannis
3703 5644 4065 5716 Marcesina,

642 5714 1199 5796 quoqueATheodori
1231 5709 1684 5796 p'arentemopraa.
1713 5710 1899 5767 oculis
1942 5710 2155 5796 habere
2182 5725 2282 5796 po:
2397 5725 2577 5782 quam
2611 5709 2735 5783 ipse
2771 5709 3143 5783 Nicephorus
3158 5727 3324 5768 sacra
3356 5713 3479 5767 aede
3506 5712 3856 5770 excluserat.

641 5779 985 5865 t'uit'cujus
1042 5791 1103 5845 in
1157 5779 1354 5843 amore
1410 5779 1786 5858 fragilitatem
1835 5785 2034 5840 noster
2090 5779 2286 5838 innuit
