4250 6432
208 340 311 395 341

205 465 356 520 9300
390 465 488 518 Ὧν
522 468 740 537 πρῶτος
772 463 912 531 ὑπῆν
945 461 1216 536 Γεώργιος
1245 457 1546 528 Μουζάλων

393 547 897 629 Πρωτοϐεστιάριος
925 549 997 605 ὢν
1028 553 1128 620 τὴν
1159 549 1330 621 ἀξίαν.

393 642 572 700 Ἀλλὰ
599 646 841 718 τριταῖος
876 638 1097 695 οὐδέπω
1127 641 1262 715 πρὸς
1294 642 1373 711 τῷ
1403 639 1562 716 τάφῳ

391 733 611 788 Ἑκειτο
640 731 826 804 νεκρὸς
856 728 1084 792 ἄνακτος
1112 728 1444 801 τεθειμένος,

389 819 492 876 Καὶ
523 819 680 875 πάντ’
706 818 904 892 ἀναμὶξ
935 819 1103 892 μεστά
1127 838 1186 872 τε
1214 816 1529 891 τρικυμίας.

204 922 353 976 93(5
389 918 491 982 Εἲς
517 919 616 994 γάρ
651 915 987 992 Σωσάνδρων
1018 919 1118 987 τὴν
1150 916 1320 989 μονὴν
1357 913 1667 992 ἀφιγμένων

385 1008 509 1064 Τῶν
543 1007 595 1061 έν
620 1005 766 1062 τέλει
795 1027 855 1061 τε
876 1007 964 1060 καὶ
997 1002 1409 1078 στρατευμάτων
1443 1000 1688 1074 στίφους,

385 1098 478 1158 Ὠς
505 1096 566 1150 ἃν
595 1096 744 1150 ὁσίαν
781 1099 918 1159 θῶσι
945 1095 1257 1164 τεθνηκότι,

386 1190 514 1247 τοῖς
545 1186 893 1261 κασιγνήτοις
927 1189 1218 1256 συμπαρῆν
1250 1181 1340 1235 καὶ
1375 1176 1710 1248 Μουζάλων.

388 1273 490 1330 Καὶ
517 1281 619 1342 τῆς
652 1270 962 1350 φρικώδους
995 1271 1179 1337 θυσίας
1211 1267 1576 1342 τελουμένης,

199 1364 351 1420 9310
391 1360 698 1431 Πουζάλων
728 1361 1026 1437 παρίστατο
1062 1359 1154 1413 σὺν
1188 1357 1476 1433 ὁμογνίοις
1509 1377 1521 1390 ·

385 1449 548 1507 Ἀλλ’
577 1452 630 1505 οἱ
661 1450 950 1525 γερουσίας
979 1469 1038 1504 τε
1065 1448 1154 1503 καὶ
1185 1452 1293 1503 τῶν
1322 1445 1374 1500 ἐν
1404 1444 1548 1501 τέλει

383 1539 842 1614 Συσπειραθέντες
872 1539 1065 1599 πάντες
1095 1537 1170 1599 εἲς
1203 1536 1538 1611 ὁμαιχμίαν,

383 1630 476 1691 Ὠς
506 1627 692 1704 ἄγριοι
722 1629 885 1703 θῆρές
911 1648 970 1682 τε
999 1626 1087 1681 καὶ
1123 1625 1502 1702 βροτοκτόνοι,

385 1717 509 1772 Ἐπὶ
543 1719 716 1790 μονὴν
748 1715 952 1785 ἥλαντο
980 1716 1078 1783 τὴν
1114 1708 1430 1786 σεϐασμίαν,

196 1810 345 1865 9315
382 1804 830 1875 Ῥινηλατοῦντες
860 1802 1154 1878 έκλαφύξαι
1187 1801 1278 1857 σὺν
1316 1801 1405 1878 βίᾳ

386 1890 893 1972 Πρωτοϐεστιᾶριον
923 1892 1016 1948 σὺν
1049 1893 1380 1966 ὁμαιμόνοις
1416 1909 1428 1921 ·

381 1985 487 2040 Σὺν
521 1985 868 2060 κασιγνήτοις
891 1981 1196 2051 Μουζάλων
1223 1981 1364 2055 ᾔσθη
1378 1981 1559 2053 μένος,

381 2072 580 2133 Ἐνδον
611 2074 887 2150 τραπέζης
918 2075 1187 2147 παναγοῦς
1223 2067 1496 2125 ὑπεισέδυ.

378 2163 546 2220 Ἀλλ’
573 2165 625 2219 οἱ
660 2163 847 2240 μιαροί
882 2165 972 2218 καὶ
1004 2159 1220 2236 φονικοὶ
1248 2160 1377 2223 τοὺς
1405 2157 1643 2234 τρόπους

190 2266 339 2321 9320
378 2263 517 2318 Ποσὶ
551 2257 814 2338 βεϐήλοις
848 2257 1233 2334 εἰσδραμόντες
1263 2256 1462 2320 εὐθέως

382 2353 480 2414 Εἷς
514 2352 662 2427 ἱερὰν
691 2349 960 2428 τράπεζαν
991 2347 1339 2423 ἱλαστηρίου,

377 2441 699 2520 Ξιφηφόροι
729 2460 788 2494 τε
811 2439 902 2494 καὶ
932 2441 1108 2512 θυμοῦ
1137 2433 1513 2508 πεπνευκότες,

380 2535 493 2587 Φεῦ
521 2525 766 2591 ἀσεϐείας
802 2522 1139 2605 βαρϐαρικῆς
1177 2526 1404 2601 μανίαςί

378 2616 639 2689 Μεληδὸν
672 2617 984 2692 ἑκτέμνουσι
1013 2616 1144 2679 τοὺς
1172 2615 1464 2686 ἀναιτίους,

188 2712 337 2767 9325
376 2708 563 2764 Καίτοι
594 2705 862 2778 διαθήκης
889 2727 948 2761 τε
976 2705 1067 2760 καὶ
1095 2709 1201 2760 τῶν
1233 2703 1432 2779 ὁρκίων

375 2801 604 2874 Τρανῶς
636 2818 695 2852 τε
726 2800 906 2874 σαφῶς
937 2795 1360 2870 ἀνεγνωσμένων
1389 2790 1574 2867 τρίτου

375 2887 500 2945 Ἐπὶ
531 2885 817 2961 γερουσίας
844 2904 903 2939 τε
933 2884 1022 2939 καὶ
1056 2880 1497 2958 στρατευμάτων,

368 2977 465 3031 Καὶ
499 2973 682 3030 τοῖσδε
707 2974 906 3034 παντὸς
939 2971 1190 3045 ἐμμένειν
1221 2971 1509 3045 εἴρηκότος
1544 2987 1558 3002 ⁶

372 3065 524 3120 Μετὰ
553 3063 611 3119 δὶ
639 3061 805 3134 τήνδε
827 3064 929 3132 τὴν
960 3062 1132 3131 κακὴν
1166 3059 1514 3135 φονουργίαν,

178 3157 328 3213 9330
368 3154 445 3213 Οἵ
467 3156 517 3229 γ’
551 3153 602 3209 έν
632 3151 780 3208 τέλει
809 3172 869 3208 τε
896 3151 985 3207 καὶ
1011 3149 1248 3227 λοχαγοὶ
1277 3150 1590 3225 ταγμάτων,

366 3244 586 3319 Κλῆρος
617 3241 968 3319 πατριάρχης
996 3261 1055 3295 τε
1080 3239 1172 3295 σὺν
1201 3237 1525 3316 ἀρχιθόταις

371 3332 869 3410 Συνεισδραμόντες
902 3331 978 3394 είς
1014 3331 1139 3405 μίαν
1175 3330 1520 3406 συμφωνίαν,

371 3425 574 3499 Σκέψιν
605 3423 813 3478 ἐτίθουν
845 3419 1178 3497 πραγμάτων
1206 3423 1406 3474 κοινῶν
1438 3419 1627 3494 χάριν,

366 3513 465 3578 Τίς
494 3511 554 3568 ἂν
585 3506 937 3588 κυϐερνήσεις
966 3506 1432 3585 προσδεδεγμένος

181 3615 334 3671 9335
370 3615 487 3682 Τῆς
513 3613 833 3685 Ῥωμαϊκῆς
859 3604 1068 3664 ὁλκάδα
1093 3608 1433 3683 κραταρχίας
1466 3625 1482 3642 ο

361 3699 761 3758 Ἐπυνθάνοντο
791 3701 1083 3774 τοιγαροῦν
1111 3698 1246 3751 κατὰ
1268 3696 1397 3770 γένη

373 3789 479 3848 Καὶ
508 3789 645 3845 κατᾶ
667 3789 813 3861 τάξιν
846 3785 1038 3849 πάντες
1069 3787 1120 3840 οἱ
1150 3790 1257 3841 τῶν
1290 3785 1340 3840 έν
1371 3785 1542 3844 τέλει.

360 3879 463 3935 Καὶ
493 3877 743 3934 πλείοσιν
773 3877 842 3948 ἦν
871 3879 906 3946 ἡ
942 3875 1085 3951 ῥοπὴ
1117 3875 1207 3931 καὶ
1235 3872 1434 3952 καρδία

355 3968 488 4028 Ἐπὶ
519 3966 804 4042 Κομνηνὸν
838 3964 1073 4042 Μιχαὴλ
1103 3964 1393 4038 τεταμένη.

169 4062 319 4118 9340
358 4060 519 4117 ’ὐΘεν
546 4058 599 4113 τί
636 4055 877 4131 μακροὺς
910 4053 994 4111 δεῖ
1022 4057 1297 4131 περιάγειν
1329 4053 1603 4125 κύκλουςς

357 4146 659 4224 Χειρίζεται
691 4143 758 4216 δὴ
789 4145 888 4214 τὴν
922 4143 1190 4215 διοίκησιν
1221 4141 1368 4198 ὅλων

355 4237 458 4292 Καὶ
488 4239 817 4311 Ῥωμαϊκῶν
848 4234 1188 4311 πραγμάτων
1219 4235 1320 4304 τὴν
1347 4230 1608 4312 φροντίδα

358 4328 533 4389 Οὗτος
565 4324 804 4402 Μιχαὴλ
832 4322 1230 4400 Παλαιολόγων
1262 4325 1474 4400 γένους,

356 4414 696 4492 Δραστήριός
723 4434 807 4476 τις
834 4413 924 4469 καὶ
954 4413 1211 4493 πεφυκὼς
1239 4414 1378 4489 πρὸς
1406 4411 1553 4487 τόδε,

166 4517 315 4573 9345
357 4511 518 4577 Εἶδος
549 4510 873 4590 προδεικνὺς
901 4513 1047 4584 ἄξιον
1078 4511 1416 4588 τυραννίδος,

353 4604 667 4680 Βλοσσυρὸν
700 4603 835 4672 ¹ἦθος
867 4603 957 4657 καὶ
991 4600 1262 4657 λεόντειον
1295 4602 1495 4680 φέρων,

351 4695 589 4770 Φρικτὸς
619 4693 714 4768 μὶν
744 4690 988 4767 ἐχθροῖς,
1023 4690 1231 4766 ἥμερος
1266 4687 1313 4745 δ’
1357 4689 1643 4764 ὑπηκόοις,

351 4785 514 4857 ’Δναξ
546 4780 792 4858 ἀριστεὺς
822 4779 912 4836 καὶ
943 4781 1238 4857 στρατηγὸς
1268 4778 1548 4856 γεννάδας,

351 4877 551 4949 Πρῶτα
585 4872 677 4945 μὲν
712 4868 928 4944 ἀξίωμα
957 4863 1140 4925 λαϐὼν
1171 4866 1456 4943 δεσπότου,

159 4966 309 5023 9350
349 4963 505 5022 Μετᾶ
534 4959 591 5017 δὲ
623 4960 818 5038 μικρὸν
846 4959 1151 5020 ταινιωθεῖς
1179 4963 1258 5031 τῷ
1288 4959 1464 5039 στέφει

350 5053 490 5129 Παρ’
517 5050 818 5129 άρχιθύτου
847 5048 983 5104 κατᾶ
1001 5051 1099 5118 τήν
1131 5048 1403 5107 Νικαέων.

347 5143 527 5206 Οὗτος
558 5141 826 5203 Λατίνους
860 5136 1127 5214 ἐξελαύνει
1161 5137 1420 5215 πατρίδος

342 5237 454 5302 Τῆς
486 5227 900 5301 Κωνσταντίνου
934 5225 1221 5304 βασιλίδος
1251 5227 1477 5298 ἀστέων,

342 5319 754 5396 Ἐλευθερώσας
781 5314 947 5390 τήνδε
975 5316 1219 5375 Λατίνων
1251 5317 1390 5393 βίας.

160 5415 308 5472 9355
342 5415 490 5485 Τιμᾷ
519 5408 566 5466 δ’
596 5407 831 5486 ἀδελφὸν
863 5409 1150 5483 Κομνηνὸν
1183 5408 1440 5481 Ἰωάννην

344 5503 433 5576 Τῇ
463 5494 963 5574 σεϐαστοκράτορος
994 5496 1148 5560 εὐθὺς
1180 5498 1320 5571 ἀξίᾳ,

343 5586 519 5662 Ἔκδη
530 5609 634 5664 μον
662 5585 793 5646 ’ὄντα
817 5592 935 5651 τοῖς
963 5587 1084 5652 καθ’
1113 5587 1340 5663 ὶσπέραν
1370 5588 1562 5654 τόποις
1587 5609 1601 5624 ·

346 5677 596 5753 Ἃλίξιον
629 5673 687 5736 δὶ
717 5671 1216 5755 Στρατηγόπουλον
1246 5678 1412 5735 πάλιν
1473 5694 1478 5699 ’
1503 5708 1506 5712 ι

1750 337 2106 390 CEARES.

1889 458 1944 526 Α
1973 475 2226 532 quorum
2255 461 2539 535 Georgius
2570 462 2797 518 Muzalo
2831 461 3059 535 primus
3087 465 3213 518 erat

1974 551 2402 620 protovestiarii
2434 556 2573 608 tunc
2605 551 2823 608 honore
2855 552 3126 624 fungens.

1971 641 2080 695 Sed
2111 641 2269 697 enim
2301 642 2551 698 necdum
2583 643 2846 698 triduum
2879 647 3180 715 peractum
3211 645 3336 698 erat

1972 744 2042 785 ex
2072 746 2188 802 quo
2219 731 2536 803 imperator
2565 731 2795 787 tumulo
2818 732 3074 803 jacebat,

1967 819 2208 892 jamque
2236 821 2562 876 metuebant
2591 823 2791 878 omnia
2821 827 3099 894 tanquam
3132 837 3312 889 mare,

1970 907 2235 981 Namque
2263 911 2333 966 ad
2364 910 2693 966 coenobium
2725 910 3076 966 salutarium
3109 919 3434 983 marlyrum

1971 998 2300 1070 progressis
2324 999 2768 1071 magistratibus
2796 1005 2972 1072 atque
3003 999 3263 1056 exercitu

1971 1091 2034 1142 ut
2055 1087 2306 1159 principi
2336 1088 2610 1144 defuncto
2633 1089 2796 1159 justa
2826 1088 3139 1157 solverent,

1968 1185 2190 1241 analo
2221 1202 2455 1259 quoque
2485 1203 2620 1244 cum
2656 1188 2950 1259 germanis
2979 1188 3159 1243 venit.

1972 1277 2118 1330 Dum
2144 1291 2280 1347 ergo
2311 1292 2477 1333 sacra
2505 1276 2833 1333 celebratur
2862 1278 3064 1345 missa,

1969 1362 2267 1419 Muzalone
2295 1380 2430 1420 cum
2463 1364 2744 1422 fratribus
2777 1366 3067 1436 adstante,

1967 1469 2038 1508 en
2072 1457 2372 1510 senatores
2394 1453 2611 1526 aliique
2643 1455 3026 1527 magistratus

1967 1543 2402 1614 conspiratione
2433 1542 2696 1598 unanimi
2731 1543 3004 1612 conﬂata,

1966 1647 2068 1686 ceu
2097 1631 2426 1688 furibundae
2457 1632 2587 1689 fere
2619 1637 2796 1705 atque
2826 1632 3136 1688 homicidae

1965 1720 2023 1774 in
2053 1725 2322 1777 sanctum
2355 1722 2576 1778 cursim
2609 1721 2845 1777 irruunt
2876 1721 3206 1778 coenobium

1887 1825 1935 1892 Β
1965 1809 2037 1865 ob
2068 1811 2444 1867 lacerandum
2474 1811 2743 1868 violentis
2774 1812 3074 1882 unguibus

1964 1915 2099 1954 cum
2129 1900 2256 1956 suis
2285 1899 2581 1972 germanis
2611 1900 3124 1973 protovestiarium
3157 1918 3170 1956 :

1961 1989 2059 2058 qui
2091 2005 2151 2045 re
2181 1988 2498 2058 intellecta,
2531 1991 2641 2044 sub
2670 1988 2901 2062 asylum
2933 2006 3167 2045 sacrum

1963 2093 2177 2133 mensae
2208 2077 2593 2132 sanctissimae
2628 2081 2846 2149 raptim
2879 2078 3297 2149 confugerunt.

1959 2166 2173 2222 Verum
2206 2165 2438 2222 scelesti
2469 2165 2555 2221 illi
2586 2170 2644 2221 et
2673 2167 3037 2239 sanguinarii

1960 2253 2202 2324 pollutis
2230 2254 2476 2325 pedibus
2507 2254 2799 2324 penetrale
2829 2254 3084 2326 ingressi

1957 2359 2147 2415 usque
2179 2343 2249 2398 ad
2282 2360 2398 2400 arae
2427 2343 2681 2414 pacificaa
2715 2359 2981 2399 mensam
3017 2360 3270 2412 sacram,

1958 2432 2242 2488 districtis
2270 2432 2482 2504 gladiis
2513 2432 2732 2502 turgidi
2765 2432 2982 2499 furore,
3065 2428 3073 2438 ’

1956 2521 2089 2579 hem
2122 2526 2338 2578 tetrum
2370 2521 2601 2578 scelus!
2637 2522 2772 2577 hem
2806 2523 3026 2577 rabiem
3061 2522 3429 2578 barbaricam
3459 2523 3470 2577 !

1958 2621 2252 2676 frustatim
2285 2620 2498 2692 gladiis
2530 2621 2872 2676 innocentes
2903 2622 3154 2676 caedunt.

1955 2711 2075 2766 Etsi
2108 2727 2393 2782 supremae
2423 2709 2636 2766 tabulae
2668 2714 2757 2765 ter
2787 2711 3018 2766 fuerant

1952 2816 2086 2857 cum
2120 2802 2472 2856 sacramenti
2503 2800 2753 2856 formula
2786 2799 3068 2871 praelecta:

1951 2907 2146 2946 coram
2176 2894 2382 2946 senatu
2413 2895 2470 2945 et
2499 2905 2692 2945 coram
2724 2890 3096 2957 exercitibus,

1952 2979 2053 3052 qui
2083 2997 2146 3036 se
2175 2979 2234 3035 in
2266 2979 2544 3049 obsequio
2574 2978 2693 3035 fore
2724 2978 2920 3034 cuncti
2949 2978 3240 3034 dixerant.

1950 3070 2086 3124 Post
2114 3069 2264 3125 hanc
2297 3068 2602 3125 scelestam
2634 3072 3026 3140 perpetratam
3058 3069 3298 3135 caedem,

1950 3158 2152 3214 civiles
2183 3157 2561 3231 magistratus
2590 3161 2651 3213 et
2678 3157 2859 3213 duces
2887 3155 3168 3223 militum,

1950 3246 2142 3303 clerus
2172 3262 2306 3304 cum
2335 3245 2667 3318 patriarcha
2694 3245 2944 3315 aliisque
2973 3245 3291 3318 episcopis,

1951 3339 2024 3393 ad
2055 3337 2218 3409 regni
2242 3335 2425 3393 veluti
2456 3343 2729 3391 coeuntes
2760 3335 3024 3402 comitia,

1950 3428 2022 3483 de
2052 3425 2385 3498 reipublicae
2411 3442 2644 3482 summa
2673 3425 3096 3492 deliberabant,

1948 3518 2224 3590 quisnam
2251 3516 2517 3573 videlicet
2546 3516 2607 3571 in
2638 3515 2930 3570 demortui
2958 3513 3085 3571 loco

1948 3615 2194 3672 Romani
2225 3615 2458 3687 imperii
2489 3629 2694 3670 navem
2727 3615 2887 3668 clavo
2919 3617 3147 3685 regeret
3180 3629 3194 3670 :

1946 3710 2002 3762 et
2031 3705 2390 3776 rogabantur
2418 3701 2706 3758 nobilium
2741 3702 3046 3758 sententia

1945 3812 2048 3868 per
2078 3793 2344 3867 singulas
2377 3792 2627 3849 familias
2656 3807 2877 3864 perque
2905 3792 3160 3848 ordines.

1942 3887 2023 3940 Ac
2054 3884 2469 3955 suffragiorum
2501 3897 2642 3938 sane
2673 3882 2863 3952 major
2891 3897 3176 3937 numerus

1939 3977 2308 4031 Comnenum
2339 3971 2689 4044 designabat
2718 3969 3079 4027 Michaelem.

1940 4065 2057 4120 Cur
2084 4080 2222 4137 ergo
2252 4062 2446 4135 longis
2477 4062 2739 4117 differam
2772 4077 2895 4116 rem
2919 4059 3289 4118 sermonibus
3311 4062 3338 4116 ?

1939 4153 2042 4209 Rei
2074 4151 2321 4226 publica
2361 4150 2644 4206 universae
2677 4149 3051 4205 moderamen

1937 4242 2300 4314 Romanique
2321 4239 2552 4313 imperii
2583 4255 2724 4295 cura
2753 4238 3006 4294 traditur

1937 4332 2074 4388 huic
2105 4330 2377 4387 Michaeli
2412 4333 2582 4404 gente
2615 4328 2974 4399 Palaeologo;

1937 4423 2039 4496 qui
2069 4423 2159 4478 vir
2188 4426 2312 4478 erat
2332 4421 2536 4477 efﬁcax
2565 4426 2623 4476 et
2652 4421 2735 4475 rei
2776 4421 3047 4491 idoneus,

1935 4511 2197 4584 corporis
2228 4512 2473 4566 formam
2507 4525 2686 4582 regno
2717 4509 2954 4579 dignam
2988 4525 3231 4581 gerens;

1935 4595 2134 4656 severo
2162 4616 2320 4656 more
2351 4603 2410 4655 et
2436 4598 2599 4655 vultu
2629 4597 2994 4665 truculento;

1932 4689 2204 4746 hostibus
2235 4689 2664 4756 forminandus,
2698 4687 2884 4744 comis
2913 4687 3166 4744 subditis
3194 4714 3209 4758 ;

1932 4780 2195 4853 optimus
2227 4778 2520 4852 princeps,
2553 4782 2612 4834 et
2644 4777 2812 4834 fortis
2841 4777 3185 4850 imperator.

1933 4879 1989 4934 Is
2019 4877 2206 4950 primo
2229 4877 2454 4950 accepit
2481 4876 2831 4950 dignitatem
2863 4876 3119 4950 despotm
3153 4895 3166 4934 :

1932 4968 2107 5040 paulo
2141 4973 2275 5040 post
2302 4971 2496 5023 autem
2528 4966 2588 5021 in
2624 4967 2770 5022 urbe
2799 4966 3032 5022 Nicena

1932 5075 1965 5113 a
1996 5057 2320 5127 patriarcha
2351 5059 2663 5113 stemmate
2693 5061 2783 5112 est
2815 5056 3148 5112 redimitus.

1932 5147 2036 5203 Hic
2061 5151 2171 5215 est,
2201 5146 2305 5220 qui
2344 5149 2548 5202 nostra
2579 5145 2769 5218 patria
2801 5145 3040 5202 Latinos
3070 5147 3313 5220 expulit,

1931 5235 2315 5309 reginamque
2344 5234 2578 5291 urbium
2600 5235 3171 5314 Constantinopolim

1928 5326 2135 5382 Latino
2156 5325 2303 5398 jugo
2332 5324 2578 5381 liberam
2611 5324 2886 5381 assuerit.

1932 5415 1986 5471 Is
2015 5417 2378 5471 Comnenum
2408 5414 2691 5471 Joannem
2725 5413 2962 5469 fratrem
2996 5431 3172 5471 suum

1928 5504 2144 5561 creavit
2169 5504 2296 5562 sine
2325 5519 2490 5560 mora
2519 5503 3063 5561 sebastocratorem.

1927 5610 2268 5668 quanquam
2297 5593 2598 5650 absentem
2631 5591 2691 5648 in
2722 5591 3019 5665 Hesperiis
3049 5593 3318 5667 partibus

1922 5681 2394 5759 Strategopulum
2426 5681 2670 5757 insuper
2696 5680 2961 5740 Alexium

3506 337 3621 390 ’342
