4212 6442
652 380 761 441 343
1862 364 2237 435 Bassam!
2273 375 2843 435 cammaqu
3948 390 4056 446 344

654 508 725 563 ad
759 505 1066 562 domestici
1085 505 1283 577 magni
1315 504 1573 562 ofﬁcium
1603 503 1781 575 legit:

656 595 840 651 alium
873 594 1127 666 denique
1158 595 1392 649 fratrem
1421 593 1872 649 Constantinum

655 688 919 741 Casarea
946 684 1232 756 dignitate
1264 683 1647 754 conspicuum
1680 682 1834 747 fecit,

655 778 832 844 atque
864 773 935 827 ad
969 774 1245 828 tuendam
1271 771 1432 827 misit
1460 769 1941 842 Paphlagoniam,

649 862 735 918 Ad
768 860 1113 918 Michaelem
1144 878 1275 917 vero
1309 861 1522 933 legavit
1551 860 1855 930 despotam

654 948 879 1006 Philem
910 951 1279 1006 Theodorum
1312 950 1383 1006 ob
1415 950 1722 1022 petendam
1752 964 1953 1019 pacem

654 1039 1301 1111 constringendumque
1332 1038 1633 1094 vinculum
1665 1036 1957 1106 amicitia,

652 1128 1161 1201 reposcendasque
1195 1128 1440 1200 imperio
1472 1144 1631 1183 arces
1666 1125 1891 1198 aliquot
1925 1141 1937 1181 :

654 1224 950 1296 simulque
984 1232 1046 1281 ut
1076 1226 1221 1281 duos
1256 1226 1513 1298 captivos
1546 1224 1702 1280 tristi
1735 1224 2014 1279 eximeret

654 1314 1051 1385 AcrOpolitam
1085 1331 1312 1370 carcere
1345 1319 1401 1370 et
1431 1314 1851 1370 Chabaronem.

656 1404 907 1474 Despota
935 1408 1133 1459 tamen
1165 1404 1351 1459 durus
1381 1408 1439 1459 et
1470 1402 1841 1458 refractarius

656 1492 1030 1563 imperatoris
1061 1492 1411 1564 legationem
1442 1492 1650 1558 audiit,
1748 1492 1749 1495 “

657 1596 762 1635 nec
794 1581 1115 1652 postulanti
1149 1583 1475 1653 quidquam
1504 1597 1748 1652 prorsus
1778 1579 2011 1635 annuit.

654 1670 1043 1734 Quamobrem
1070 1670 1387 1741 imperator
1415 1670 1500 1725 ira
1526 1669 1782 1742 percitus

656 1759 898 1831 scripsit
924 1760 994 1814 ad
1032 1760 1269 1815 fratrem
1302 1761 1851 1827 sebastocratorem,

656 1849 758 1921 qui
790 1850 848 1903 in
881 1848 1199 1913 occidente,
1233 1854 1296 1903 ut
1326 1848 1446 1903 dixi
1476 1849 1815 1903 versabatur

658 1954 793 1994 cum
825 1937 1055 1993 selectis
1084 1938 1335 1993 ducibus
1374 1942 1432 1994 et
1460 1955 1594 1993 cum
1627 1937 1904 2003 exercitu,

656 2030 722 2082 ut
748 2026 1013 2082 Michaeli
1048 2026 1267 2083 bellum
1295 2028 1532 2083 inferret
1562 2027 1832 2097 despota.

654 2117 819 2181 Quod
847 2118 967 2187 jam
1001 2124 1363 2172 commotum
1389 2117 1633 2188 despota
1664 2132 2039 2187 cognoscens,

651 2207 751 2277 qui
786 2206 1108 2263 Castoriam
1140 2222 1276 2262 cum
1310 2206 1487 2262 armis
1521 2205 1832 2273 insidebat,

648 2297 849 2368 fugam
884 2296 1137 2368 arripuit
1165 2314 1268 2369 per
1298 2300 1623 2368 praruptos
1653 2294 1834 2352 locos.

651 2394 1098 2450 Sebastocrator
1125 2400 1322 2451 autem
1355 2397 1440 2452 sic
1470 2394 1811 2467 ditfugiente

651 2483 952 2541 Michaelis
983 2486 1240 2541 exercitu
1271 2485 1626 2550 adversario,

651 2572 939 2643 impetum
970 2574 1107 2631 fecit
1138 2579 1345 2630 contra
1376 2574 1551 2629 urbes
1583 2576 1839 2645 despota

651 2662 973 2734 Bulgarum
1006 2652 1403 2735 patriarcham
1435 2680 1634 2719 secum
1668 2664 1891 2719 ducens

650 2751 979 2807 Cabasilam
1001 2752 1199 2808 divum
1234 2753 1713 2817 Constantinum,

649 2842 820 2912 cujus
854 2841 1105 2914 egregiis
1136 2843 1375 2898 monitis
1405 2846 1463 2897 et
1492 2840 1755 2897 consiliis

649 2928 931 3001 inclytam
965 2931 1281 3002 acquisivit
1304 2931 1508 2986 urbem
1539 2929 1751 2985 Achrin
1786 2946 1800 2984 :

653 3019 917 3075 Dealolin
946 3020 1160 3077 deinde
1190 3037 1383 3076 arcem
1417 3020 1661 3075 alteram

654 3108 945 3164 machinis
974 3114 1032 3165 et
1060 3109 1199 3165 belli
1230 3110 1447 3165 viribus
1479 3108 1852 3180 expugnavit.

655 3197 818 3252 Tunc
847 3197 1090 3253 Michael
1118 3199 1188 3254 de
1219 3188 1453 3253 summa
1483 3197 1796 3263 sollicitus,

654 3280 943 3358 quotquot
975 3287 1223 3343 habebat
1255 3287 1437 3358 copiis
1465 3287 1854 3358 congregatis,

653 3375 873 3431 Latinis
905 3393 1138 3447 quoque
1167 3377 1493 3448 assumptis
1524 3376 1909 3430 auxiliaribus

648 3467 720 3521 ab
753 3465 981 3521 Achaia
1017 3467 1302 3539 principe,
1335 3466 1663 3536 Siciliaque
1692 3484 1724 3519 τι
1754 3482 1909 3537 rege,

650 3571 905 3626 quorum
940 3562 1187 3628 uterque
1219 3560 1341 3611 erat
1370 3572 1547 3627 gener
1577 3556 1854 3627 despota,

650 3644 725 3700 ad
759 3646 1240 3701 committendam
1270 3645 1410 3701 exiit
1442 3644 1750 3699 nobiscum
1787 3661 2067 3717 pugnam.

653 3743 1000 3799 Prateriens
1031 3760 1167 3815 ergo
1200 3745 1361 3799 Stani
1393 3743 1672 3815 Soscique
1698 3759 1861 3797 arces

655 3838 713 3889 et
740 3833 1060 3906 Pelagonia
1108 3833 1393 3889 humilem
1430 3832 1749 3905 planiliem,

656 3921 867 3994 Prilapi
901 3928 1141 3995 propter
1166 3923 1430 3979 constitit
1462 3922 1801 3995 praesidium
1838 3937 1850 3975 :

651 4012 753 4067 ubi
785 4028 847 4067 se
872 4014 1141 4085 angustis
1176 4029 1423 4068 cernens
1453 4016 1783 4067 versantem
1820 4016 2017 4078 rebus,

650 4101 1019 4173 fortunaque
1054 4093 1239 4157 aleam
1277 4100 1694 4173 periculosam,

651 4197 829 4246 noctu
861 4191 1119 4263 profugit
1150 4208 1284 4247 cum
1319 4190 1439 4246 filio
1471 4189 1818 4261 Nicephoro,

652 4280 973 4334 exercitum
1004 4281 1063 4335 in
1097 4280 1307 4335 castris
1340 4279 1463 4335 illic
1495 4281 1793 4335 deserens.

654 4370 765 4425 Sed
793 4374 990 4425 tamen
1024 4386 1193 4425 mane
1228 4375 1463 4441 postero
1494 4386 1587 4425 res
1618 4373 1926 4435 nocturna,

652 4456 844 4515 ex'his
876 4476 1003 4531 qua
1032 4465 1173 4515 sunt
1204 4464 1429 4528 secuta,
1463 4458 1633 4513 nobis
1666 4458 1879 4512 notuit.

651 4548 793 4605 Pars
822 4548 980 4605 enim
1013 4548 1114 4603 illa
1144 4550 1447 4621 cepiarum
1480 4550 1758 4619 despota,

648 4655 774 4707 qua
807 4644 1019 4694 nostra
1051 4639 1244 4710 gentis
1279 4639 1465 4693 milite
1496 4637 1741 4693 conﬂata
1772 4640 1917 4705 erat,

646 4743 781 4782 cum
814 4726 951 4783 viris
985 4744 1048 4782 se
1079 4728 1377 4783 nobilibus
1410 4732 1586 4798 atque
1618 4726 1871 4782 ducibus

646 4818 1093 4873 sebastocratori
1125 4818 1367 4873 tradidit
1394 4816 1601 4873 Joauni
1637 4834 1650 4872 :

645 4920 823 4986 atque
853 4916 912 4969 in
946 4915 1036 4970 his
1067 4922 1187 4971 erat
1218 4916 1496 4987 fugientis
1527 4916 1775 4984 despota

649 5004 1020 5061 adulterinus
1052 5006 1292 5077 quidam
1323 5006 1577 5062 Joannes
1608 5004 1788 5059 ﬁlius.

650 5094 800 5149 Tum
833 5095 1136 5151 auxiliaris
1167 5100 1415 5151 cunctus
1453 5096 1696 5150 Latinus
1729 5094 1897 5149 miles

645 5183 854 5239 vinclis
886 5184 1167 5240 astrictus
1197 5201 1330 5239 cum
1358 5184 1589 5239 Achaia
1623 5184 1886 5255 principe

646 5274 933 5330 dimissus
962 5278 1051 5329 est
1077 5275 1149 5329 ad
1182 5276 1460 5330 Casarem
1493 5275 1775 5345 captivus.

644 5363 948 5419 Provincia
977 5368 1172 5419 autem
1208 5364 1401 5419 omnis
1431 5379 1562 5419 cum
1600 5361 1893 5419 urbeculis

643 5451 705 5507 in
738 5458 996 5509 nostram
1029 5455 1205 5509 cessit
1238 5454 1479 5509 subdita
1512 5453 1818 5508 ditionem.

644 5541 851 5598 Postea
880 5543 1240 5599 domesticus
1275 5559 1524 5615 magnus
1558 5540 1818 5609 Alexius,

644 5633 789 5687 Raul
814 5636 1068 5688 Joannes
1100 5638 1157 5688 et
1183 5631 1601 5705 Srategopulus

645 5743 834 5800 usque
864 5727 935 5784 ad
968 5724 1253 5797 oppidum
1285 5729 1435 5782 Arta
1468 5724 1877 5797 decurrerunt,

2327 512 2381 579 Α
2588 494 2965 574 Προύϐάλλετ⁹
2996 502 3072 565 εἷς
3098 502 3349 580 μῖγιστον
3381 507 3434 563 ἂν
3460 506 3801 583 δομεστίκοις
3827 530 3845 548 θ

2405 588 2548 643 9360
2588 594 2980 646 Κωνσταντῖνον
3010 590 3181 649 ἄλλον
3213 592 3269 650 δὶ
3299 597 3567 673 σύγγονον
3600 597 3766 654 πάλιν

2588 682 2664 751 Τῇ
2698 680 3003 754 Καισαρικῇ
3034 684 3325 749 ταινιώσας
3351 686 3548 758 ταινίᾳ,

2582 768 2882 844 Πρόμαχον
2912 770 3199 828 ἀπέστειλε
3228 774 3337 828 τῶν
3371 774 3743 855 Παφλαγόνων
3780 795 3795 809 ·

2584 856 2686 913 Καὶ
2716 858 2852 932 πρὸς
2884 860 3116 936 Μιχαὴλ
3146 860 3460 943 ἔκπὲπομφε
3499 862 3765 936 δεσπότην

2583 944 2689 1000 Τὸν
2724 945 2903 1017 Φιλῆν
2936 947 3240 1025 Θεόδωρον,
3275 952 3440 1008 αἰτῶν
3473 950 3659 1031 φιλίαν

2406 1041 2549 1097 9365
2588 1041 2899 1118 Σύνδεσμον
2930 1046 3154 1123 εἰρήνης
3184 1048 3273 1105 καὶ
3302 1054 3401 1117 τῆς
3431 1052 3769 1130 συμφωνίας,

2585 1131 2689 1187 Καί
2716 1154 2833 1188 τινα
2862 1132 3023 1190 λῦσαι
3056 1139 3330 1215 φρουρίων
3355 1138 3653 1213 Ῥωμαΐδιο

2586 1220 2728 1304 Πρός
2763 1218 2810 1275 δ’
2840 1221 2904 1277 αὖ
2932 1225 3352 1301 καθειμγμᾶνους
3388 1249 3443 1304 γε
3469 1234 3576 1284 τῶν
3619 1229 3669 1304 ἓξ
3701 1230 3954 1287 Αὐσόνων

2587 1303 2895 1374 Χαϐάρωνά
2922 1333 2978 1367 τε
3005 1316 3095 1368 καὶ
3122 1315 3215 1370 τὸν
3246 1303 3675 1392 Ἀκροπολίτην.

2582 1395 2840 1486 ’Δλλὶἧν
2871 1401 3097 1470 ἀπειθὴς
3128 1404 3364 1480 Μιχαὴλ
3396 1408 3532 1483 πρὸς
3563 1406 3692 1470 τοὺς
3725 1407 3925 1486 λόγους

2407 1485 2549 1539 9370
2588 1482 3012 1558 Πρεσϐευτικοὺς
3042 1489 3290 1563 ἄνακτος,
3325 1482 3581 1570 ἄτεγκτος
3612 1496 3773 1570 πάνυ,

2587 1576 2691 1631 Καὶ
2725 1574 3025 1649 μηδοτιοῦν
3054 1580 3286 1637 ἐκτελῶν
3318 1583 3653 1658 αἰτουμένων
3686 1608 3697 1619 ·

2582 1667 2742 1728 ’Όθεν
2779 1666 3059 1742 βαρυνθεὶς
3091 1671 3348 1746 βασιλεὺς
3375 1674 3582 1730 τούτων
3609 1674 3769 1751 χόλῳ

2582 1759 2675 1826 Τῷ
2702 1751 3154 1837 σεϐαστοκράτορι
3188 1764 3435 1839 συγγόνῳ
3463 1767 3654 1843 γράφει

2329 1867 2377 1932 Β
2585 1846 2714 1901 Τοῖς
2747 1846 2883 1903 κατά
2912 1845 3120 1922 δυσμὴν
3154 1851 3446 1926 ἰμμὲνοντί
3475 1876 3580 1909 που
3608 1856 3821 1926 τόποις,

2408 1938 2551 1995 9375
2590 1940 2739 1995 Μετά
2767 1950 3020 2017 στρατιᾶς
3049 1946 3137 1999 καὶ
3170 1953 3485 2024 στρατηγῶν
3518 1948 3779 2025 ἐκκρίτων

2586 2027 2788 2105 Μάχην
2825 2036 3055 2107 συνάψαι
3080 2034 3315 2110 Μιχαὴλ
3346 2042 3424 2110 τῷ
3456 2035 3712 2115 δεσπότῃ.

2585 2117 2686 2173 Καὶ
2717 2120 2881 2175 τοῦτο
2906 2120 3145 2197 δρῶντος
3178 2126 3352 2189 συνεὶς
3383 2128 3411 2182 ὁ
3439 2125 3706 2201 δεσπότης

2584 2211 2806 2283 Στρατῷ
2838 2214 3279 2289 συνυπάρχοντος
3310 2216 3363 2272 ἐν
3396 2219 3671 2293 Καστορίᾳ

2583 2299 2766 2374 Φυγὰς
2792 2300 3005 2373 ἆπέπτη
3038 2306 3155 2359 κατ’
3187 2304 3561 2380 ἀποκρήμνων
3595 2308 3801 2366 τόπων.

2404 2388 2546 2442 9380
2588 2382 3045 2468 Σεϐαστοκράτωρ
3078 2391 3125 2447 δ’
3156 2392 3401 2449 ἐκποδὼν
3436 2397 3745 2473 ὑπαρξάσης

2581 2475 2734 2532 Οὕτω
2760 2486 3012 2554 στρατιᾶς
3040 2484 3270 2558 Μιχαὴλ
3302 2485 3636 2561 άντιμάχου,

2583 2567 2713 2622 Κατ’
2739 2566 2941 2623 ἀστέων
2975 2568 3200 2643 ὥσμησε
3226 2578 3335 2628 τῶν
3355 2578 3452 2628 τοῦ
3485 2572 3769 2649 δεσπότου,

2582 2656 2769 2730 Ἐχων
2805 2660 2921 2731 μεθ’
2954 2661 3122 2715 αὐτοῦ
3151 2662 3535 2739 ποιμενάρχην
3577 2662 3908 2742 Βουλγάρων

2582 2746 2681 2799 Τὸν
2716 2748 2859 2801 θεῖον
2888 2744 3196 2806 Καϐάσιλαν
3228 2753 3319 2807 τὸν
3352 2755 3755 2811 Κωνσταντῖνον
3788 2776 3802 2789 ⁸

2406 2835 2548 2891 9385
2588 2835 2664 2891 Οὗ
2694 2840 2995 2902 νουθεσίαις
3022 2840 3111 2895 καὶ
3142 2840 3335 2905 καλαῖς
3369 2839 3731 2917 συμϐουλίαις

2586 2921 2754 2979 Πόλιν
2788 2930 3162 3002 παρεστήσατο
3194 2929 3416 3002 κλεινὴν
3449 2932 3703 3009 Ἀχρίδος
3739 2953 3751 2967 ·

2582 3016 2808 3071 Ἔπειτα
2840 3012 3101 3073 Δεάϐολιν
3136 3019 3276 3076 ἄλλο
3308 3022 3580 3099 φρουρίων

2584 3105 2715 3166 Ταῖς
2747 3109 3187 3183 μηχανουργίαις
3218 3131 3275 3165 τε
3304 3112 3393 3166 καὶ
3432 3113 3616 3188 μάχης
3647 3113 3829 3189 νόμῳ.

2331 3237 2375 3303 C
2593 3192 2979 3268 Ἐξαπορηθεὶς
3010 3196 3242 3271 Μιχαὴλ
3274 3202 3403 3272 γοῦν
3434 3204 3556 3262 τοῖς
3597 3199 3778 3274 ὅλοις,

2414 3290 2555 3345 9390
2594 3292 2844 3347 Ἐνοῦσαν
2877 3294 3028 3352 αύτω
3061 3296 3312 3352 στρατιὰν
3346 3295 3635 3352 συναλίσας

2655 3312 2844 3347 »ουσαν
2877 3315 3028 3367 αυτῳ
3061 3312 3312 3370 στρατιάν
3346 3312 3635 3360 συναλίσας

2588 3380 2692 3436 Καὶ
2722 3384 3091 3458 Συμμαχικὸν
3123 3380 3454 3460 προσλαϐὼν
3485 3384 3545 3441 ἐκ
3574 3387 3819 3443 Λατίνων

2589 3471 2711 3525 Τῶν
2742 3468 2902 3525 τοῦδε
2930 3467 3194 3547 γαμϐρῶν
3230 3474 3530 3548 πρίγκιπός
3554 3476 3605 3531 τ’
3637 3477 3861 3552 Ἀχαΐας

2591 3560 2695 3615 Καὶ
2728 3560 2972 3616 Σικελῶν
3001 3559 3269 3637 ἄρχοντος
3302 3560 3477 3619 ἄλλου
3507 3565 3770 3643 νυμφίου,

2592 3647 2685 3709 Εἰς
2714 3648 3130 3724 ἀντιπαράταξιν
3163 3653 3291 3720 ἧκεν
3326 3654 3584 3708 Αὐσόνων
3623 3674 3634 3687 °

2408 3737 2551 3794 9395
2592 3740 2794 3793 Στανὸν
2824 3740 3172 3815 παραμείψας
3205 3737 3281 3808 δὲ,
3317 3743 3537 3797 Σωσκὸν
3571 3743 3772 3820 χωρία,

2588 3828 2685 3882 Καὶ
2718 3828 3057 3904 Πελαγονίας
3094 3827 3151 3884 δὲ
3177 3830 3272 3892 τὰς
3298 3828 3557 3895 πεδιάδας

2586 3917 2794 3992 ’Δγχοῦ
2818 3918 3145 3993 Πριλλάπου
3176 3920 3439 3996 φρουρίου
3471 3923 3771 3993 κττεστάθη
3812 3941 3825 3955 ⁸

2587 4006 2751 4061 Κάκεῖ
2781 4004 3011 4062 συνιδὼν
3045 4008 3120 4069 ὡς
3148 4007 3299 4063 στενά
3330 4008 3381 4063 οἱ
3412 4010 3670 4085 τυγχάνει

2584 4096 2660 4149 Τά
2687 4103 2787 4165 τῆς
2816 4096 2994 4171 τύχης
3028 4098 3233 4152 ἅπαντα
3262 4096 3351 4151 καὶ
3383 4096 3573 4173 πλήρη
3605 4097 3798 4170 ζάλης,

2406 4195 2549 4250 9400
2585 4194 2814 4270 Νύκτωρ
2849 4194 3053 4270 ἀπέδρα
3084 4195 3175 4251 σὺν
3206 4199 3379 4269 τὲκνῳ
3402 4197 3729 4274 Νικηφόρῳ,

2587 4286 2971 4358 Σκὴνούμενον
3006 4286 3313 4359 στράτευμα
3342 4285 3519 4342 λιπὼν
3553 4286 3761 4342 αὐτόθι.

2585 4378 2791 4432 ’Ἑωθεν
2823 4375 3017 4450 ἀμέλει
3052 4375 3109 4432 δὶ
3139 4374 3539 4453 διεγνωσμένου

2588 4466 2670 4520 Τὰ
2698 4463 2859 4520 τοῦδε
2887 4464 2984 4521 τοῦ
3016 4464 3292 4541 δράματος
3326 4466 3387 4521 ἐκ
3416 4470 3525 4521 τῶν
3556 4466 3914 4543 πραγμάτων,

2586 4554 2940 4627 Προστίθεται
2977 4557 3073 4627 μὶν
3104 4556 3162 4611 ἐκ
3187 4555 3472 4633 φάλαγγος
3500 4553 3765 4611 δεσπότου

2407 4644 2549 4698 9405
2585 4644 2647 4699 Ἡ
2680 4644 2991 4717 Ῥωμαϊκοῦ
3020 4649 3117 4699 τοῦ
3147 4652 3339 4720 γένους
3367 4643 3680 4719 κατηγμὲνη

2586 4731 2690 4786 Σὺν
2723 4733 3141 4810 ταγματάρχαις
3174 4732 3397 4808 ἀνδράσι
3427 4739 3473 4789 τ’
3500 4732 3771 4809 ἐριτίμοις

2584 4827 2671 4894 Τῴ
2703 4817 3163 4899 σεϐαστοκράτορι
3195 4822 3569 4899 χαριτωνύμῳ
3604 4842 3617 4855 ·

2584 4914 2672 4968 Ἐν
2706 4914 2790 4976 οἷς
2818 4934 2880 4988 γι
2912 4916 3233 4969 συντέτακτο
3262 4915 3351 4968 καὶ
3381 4918 3510 4976 παῖς
3537 4934 3620 4974 τις
3649 4912 3809 4977 νόθος

2583 5002 2645 5059 Ὁ
2679 5003 2939 5073 Ἰωάννης
2966 5008 3062 5058 τοῦ
3090 5001 3331 5081 φυγάδος
3358 5000 3645 5058 δεσπότου.

2403 5092 2543 5147 9410
2586 5093 2949 5167 Συμμαχικὸν
2983 5093 3196 5166 ξύμπαν
3227 5090 3284 5147 δὲ
3313 5091 3555 5150 Λατίνων
3582 5090 3773 5166 γένους

2586 5181 2691 5236 Σὺν
2724 5181 2954 5259 Ἀχαΐας
2986 5182 3335 5259 συσχεθέντες
3366 5182 3671 5259 πριγκίπῳ,

2587 5272 2729 5347 Πρὸς
2758 5273 2850 5327 τὸν
2880 5274 3195 5348 κρατάρχην
3230 5271 3531 5342 ἐστάλησαν
3564 5270 3614 5325 ἓν
3649 5269 3865 5334 πέδαις.

2583 5363 2753 5432 Χώρα
2783 5359 2840 5416 δὲ
2869 5368 3014 5417 πᾶσα
3044 5361 3134 5417 σὺν
3167 5361 3490 5438 πολιχνίοις
3518 5358 3673 5423 ὅλοις

2580 5454 2675 5523 Τῷ
2705 5452 3000 5525 Ῥωμαίκῷ
3026 5450 3398 5523 καθυπεκλίθη
3426 5456 3632 5525 κράτει.

2402 5543 2545 5599 9445
2584 5540 2827 5615 ’Λλὲξιος
2856 5546 2987 5616 γοῦν
3019 5542 3073 5598 ἐν
3105 5539 3452 5616 δομεστίκοις
3489 5541 3652 5617 μέγας

2582 5630 3085 5706 Στρατηγόπουλος
3106 5634 3194 5688 καὶ
3226 5630 3420 5687 Ῥαοὺλ
3455 5631 3710 5700 Ἰωάννης

2578 5720 2686 5779 Καὶ
2716 5722 2914 5798 μὲχρις
2939 5721 3109 5795 αὐτῆς
3140 5718 3482 5798 κατέδραμον
3508 5726 3611 5794 τῆς
3635 5720 3873 5798 Ἄρης,

2328 4600 2377 4664 D
