4250 6432
143 386 250 442 345

323 506 757 577 Λεηλατοῦντες,
789 496 1130 576 έκτρίῦοντες
1160 500 1406 575 ἰσχάτως

321 595 526 667 Χώραν
557 590 793 667 Μιχαὴλ
827 588 1092 646 δεσπότου
1123 590 1215 643 σὺν
1249 584 1557 662 φρουρίοις.

142 687 286 742 9420
326 678 790 755 Σεϐαστοκάάτωρ
821 681 1082 749 Ἰωάννης
1115 675 1162 732 δ’
1192 677 1256 732 αὗ
1287 674 1450 731 πάλιν

326 772 477 845 Πρὸς
509 770 725 843 Πάτραν
760 767 1077 842 ἐστράτευσε
1105 768 1203 835 νὴν
1226 764 1489 840 νεωτέραν

326 862 518 936 Ἐχων
555 859 669 932 μεθ’
703 857 869 913 αὐτοῦ
899 856 990 912 καὶ
1020 857 1111 912 τὸν
1140 857 1255 910 υἱὸν
1289 851 1576 909 δεσπότου.

327 950 411 1008 Οὗ
443 950 578 1027 φθὰς
620 946 1024 1021 έμνημόνευσεν
1054 946 1244 1001 άνόπιν
1274 937 1462 1017 Λόγος,

324 1039 517 1100 Ὀστις
543 1038 636 1091 σὺν
671 1035 868 1098 ἄλλοις
897 1031 1202 1110 άπνδράσας
1235 1030 1474 1107 μετρίοις

147 1139 293 1194 9425
329 1135 534 1211 Τρόχει
563 1134 700 1210 πρὸς
734 1134 902 1188 αὐτοῦ
929 1130 1135 1208 πατέρα
1162 1131 1254 1187 τὸν
1288 1127 1579 1197 δεσπότην,

327 1227 551 1296 Νήσους
582 1222 952 1298 περιπλέοντα
975 1222 1070 1284 τὰς
1103 1218 1500 1298 άμφιρῥύτους,

325 1317 441 1383 Τὴν
473 1318 578 1368 τῶν
611 1310 941 1390 Κεφαλήνων
973 1331 1032 1366 τε
1060 1311 1149 1365 καὶ
1177 1309 1283 1378 τὴΑ
1312 1303 1578 1376 Λευκάδα,

331 1405 586 1477 Ἕρημος
619 1403 692 1456 ὧν
722 1399 912 1465 ἅθλιος
941 1401 1122 1474 ἀρχῆς
1155 1394 1436 1471 πατρίδος·

327 1492 482 1548 Ἐπεὶ
509 1488 556 1545 δ’
589 1487 926 1564 έπανέδραμε
957 1489 1094 1564 πρὸς
1122 1486 1218 1542 τὸν
1249 1486 1476 1559 πατέρα,

146 1584 290 1640 9ί30
335 1580 441 1636 Σὺν
473 1577 605 1653 τῷδ’
637 1579 894 1653 ἁθροίσας
925 1578 1178 1653 στρατιὰν
1213 1576 1274 1631 οὐ
1309 1574 1554 1648 μετρίαν,

327 1671 443 1738 Τὴν
476 1668 795 1740 Ῥωμαϊκὴν
825 1664 1098 1736 ἐξελαύνει
1133 1663 1400 1738 μακρόθεν

335 1761 523 1832 ’Όρων
555 1760 792 1819 παλαιᾶς
825 1755 1083 1828 Ἠπείρου
1117 1755 1305 1830 μάχης
1335 1752 1511 1827 νόμῳ.

337 1846 520 1903 Ἀλλὰ
548 1846 827 1922 χαριτώνυ
837 1865 938 1918 μος
969 1838 1412 1916 σεϐαστοκράτωρ
1424 1889 1438 1911 ,

337 1938 444 1993 Καὶ
475 1933 625 1990 τοῦδ’
656 1935 842 2010 ἑκυρὸς
871 1939 1278 1994 Κωνσταντῖνος
1306 1931 1576 2006 Τορνίκης

151 2029 298 2085 9⁴35
337 2029 426 2082 Ἐν
455 2030 524 2100 τῇ
554 2025 842 2099 Λαμψάκῳ
875 2024 1093 2100 βασιλεῖ
1121 2022 1527 2098 προσηλθέτην·

339 2117 438 2171 Καὶ
470 2115 561 2170 τὸν
597 2116 691 2188 μὶν
724 2111 1062 2188 αὐτάδελφον
1095 2111 1260 2167 αὐτοῦ
1289 2111 1388 2178 τὴν
1413 2110 1574 2186 χάριν

331 2208 430 2278 Τῷ
459 2201 770 2276 δεσποτικῷ
797 2207 1001 2258 ταινιοῖ
1031 2201 1275 2276 Λαμπρῷ
1307 2200 1507 2276 στέφει·

328 2294 428 2357 El:
461 2294 609 2367 ἀξίαν
645 2290 705 2348 δὶ
727 2286 1253 2367 σεϐαστοκρατορίας

333 2377 687 2451 Ἀναϐιϐάζει
717 2381 989 2456 Τορνίκην
1017 2382 1445 2436 Κωνσταντῖνον·

147 2486 309 2542 8έ4ον
335 2480 587 2552 ’Λλέξεον
620 2478 680 2535 δὲ
712 2476 1217 2554 Στρατηγόπουλον
1244 2477 1409 2533 πάλιν

339 2569 440 2632 Εἷς
467 2569 750 2643 Καισάρων
783 2566 954 2644 ἤγαγε
983 2568 1239 2641 λαμπρὰν
1272 2566 1444 2637 ἀξίαν·

331 2659 439 2718 Τὸν
475 2660 716 2732 Καίσαρα
747 2655 805 2712 δὲ
837 2657 1099 2732 σύγγονον
1131 2660 1535 2713 Κωνσταντῖνον

337 2749 437 2810 Εἷς
469 2743 948 2821 σεϐαστοκράτορα
975 2746 1065 2800 καὶ
1089 2742 1231 2802 τόνδ’
1263 2744 1465 2819 ἀνάγει·

343 2837 501 2906 Πλὴν
535 2842 868 2915 χρυσουφεῖς
898 2836 1089 2899 ἀετοὺς
1121 2841 1304 2913 φορεῖν
1332 2835 1487 2908 νέμει

152 2931 299 2987 6Η5
339 2929 426 2983 Ἐν
456 2934 578 2992 τοῖς
605 2924 878 2996 πεδίλοις,
911 2927 1243 3001 παράσημον
1273 2925 1440 2998 ἀξίας.

336 3019 511 3092 Ἦρος
543 3014 588 3072 δ’
620 3014 1041 3090 ἐπιλάμψαντος
1071 3013 1204 3091 ἄρας
1237 3016 1543 3088 Λαμψάκου

347 3104 512 3176 Ἀναξ
538 3103 776 3180 Μιχαὴλ
806 3103 898 3158 σὺν
933 3103 1326 3178 στρατεύμασιν
1355 3099 1511 3165 ὅλοις

343 3194 780 3270 Ἐπιστρατεύειν
809 3196 879 3267 τῇ
913 3192 1316 3248 Κωνσταντίνου
1353 3189 1539 3262 πόλει,

343 3282 418 3341 Ei'
441 3304 558 3346 πως
589 3281 799 3356 δυνηθῇ
839 3284 1130 3351 Δατινικῆς
1162 3282 1352 3344 κακίας

157 3374 307 3429 9450
348 3372 748 3447 Ἐλευθερῶσαι
774 3368 940 3441 τήνδε
965 3376 1087 3432 ταῖς
1118 3369 1494 3445 στρατηγίαις.

338 3460 448 3517 Καὶ
476 3461 624 3515 ταῦτ’
656 3458 830 3514 ἐποίει
858 3463 978 3522 τοῖς
1011 3457 1200 3534 λόγοις
1225 3456 1590 3528 πεπεισμένος

341 3549 469 3625 Οὐχ
496 3550 662 3619 ἦττον
692 3546 834 3623 ἤπερ
863 3552 943 3621 τῷ
973 3547 1389 3623 στρατευμάτων
1423 3546 1619 3614 σθένει,

346 3637 576 3714 Ἀνδρὸς
607 3638 848 3694 Λατίνου
867 3635 1067 3707 κλῆσιν
1099 3635 1420 3694 Ἀσελδεκάε

345 3725 518 3782 Πόλιν
551 3724 856 3802 προδώσειν
894 3724 1112 3801 βασιλεῖ
1139 3724 1512 3802 προφαμένου.

159 3828 310 3883 9455
352 3825 506 3882 Ἑπεί
538 3824 586 3879 δ’
615 3823 1028 3898 ἐπεστράτευσεν
1055 3822 1111 3878 έτ
1141 3819 1445 3892 Βυζαντίδι,

348 3915 452 3969 Καὶ
483 3917 727 3988 φανερῶς
756 3910 962 3988 ἔγνωκε
989 3914 1058 3967 τὰ
1083 3918 1186 3981 τῆς
1216 3912 1450 3981 ἀπάτης,

345 4001 515 4067 Λῦθις
548 4002 892 4073 έπανέζευξεν
925 4000 1001 4063 εἰς
1029 3999 1104 4056 ’έω
1131 4001 1355 4068 τόπους,

343 4094 511 4156 Ἔνθα
538 4091 861 4166 προσελθὼν
888 4089 1153 4164 Τορνίκης
1185 4089 1244 4146 έκ
1279 4089 1511 4151 Νικαίας

346 4183 428 4236 Δι’
461 4181 734 4254 Ἀρσένιον
770 4179 1020 4255 λιπαρῶς
1049 4175 1332 4249 ἠντιϐόλει

158 4274 310 4328 9460
347 4271 440 4334 Ὧς
471 4269 734 4346 έγκρατὴς
764 4289 975 4343 γενοιτο
1005 4266 1170 4323 πάλιν
1200 4272 1298 4324 τοῦ
1329 4266 1547 4344 θρόνου·

344 4359 502 4418 Ἐπεὶ
532 4361 637 4435 γὰρ
671 4359 928 4434 έστέρητο
959 4359 1228 4432 ποιμένος
1256 4358 1452 4433 θρόνος

345 4450 507 4524 Ἀρτι
538 4448 792 4512 θανόντος
823 4448 1051 4526 Ἐφέσου
1082 4448 1405 4524 Νικηφόρου

344 4539 445 4601 "Oc
476 4535 542 4606 δὴ
580 4539 835 4613 μετήχθη
870 4538 1007 4612 πρὸς
1043 4537 1236 4612 θρόνον
1269 4534 1612 4606 Βυζαντίδος·

344 4630 463 4686 Τοῦ
493 4624 542 4682 δ’
574 4626 858 4702 Ἀρσενίου
886 4631 1078 4682 τοῦτον
1110 4626 1508 4698 ἀπειπαμένου,

156 4728 304 4783 9465
347 4721 561 4780 Ἐδεῖτο
594 4721 763 4779 πάλιν
794 4721 956 4780 τόνδε
986 4718 1173 4779 λαϐεῖν
1204 4724 1296 4780 τὸν
1331 4723 1544 4800 θρόνον·

344 4813 588 4869 Δύσνουν
617 4811 664 4869 δ’
694 4815 868 4886 έαυτῷ
896 4812 1282 4889 ποιμενάρχην
1317 4814 1393 4886 μὴ
1426 4812 1600 4869 θέλων

342 4907 577 4979 ’Λρχειν
610 4901 889 4980 βασιλεὺς,
921 4901 1296 4979 παρακλήσεις
1325 4903 1556 4980 ἠκύρου.

349 4993 530 5056 Οὗτος
558 4994 660 5070 γὰρ
695 4993 975 5069 ’Δρσένιος
1009 4990 1082 5048 ὣν
1111 4993 1408 5070 ἀρχιθύτης

351 5082 549 5160 Στέφει
582 5080 816 5157 Μιχαὴλ
847 5086 928 5154 τῷ
956 5102 1294 5158 κραταρχιας
1329 5081 1532 5160 στέφει,

153 5174 302 5230 9470
339 5178 580 5232 ’Δνακτα
605 5169 784 5243 δείξας
813 5171 1173 5248 αὐτοκράτορ’
1204 5172 1480 5230 Αὐσόνων·

341 5266 575 5316 Ἔπειτα
605 5259 790 5339 φανεὶς
825 5257 1097 5334 δυσμενὴς
1133 5260 1231 5316 οὐκ
1257 5259 1358 5317 οἶδ’
1398 5263 1549 5325 ὅπως

341 5349 450 5406 Σὺν
498 5344 839 5427 Ἀνδρονίκῳ
871 5347 1126 5427 Σάρδεων
1159 5352 1426 5428 ἀρχιθύτῃ

349 5442 494 5516 Πρὸς
525 5438 572 5497 δ’
602 5438 668 5496 αὖ
697 5439 964 5511 Πανουὴλ
994 5445 1075 5514 τῷ
1105 5441 1565 5512 Θεσσαλονικέων,

349 5533 507 5605 Μονῇ
537 5525 921 5605 παραδέδωκεν
950 5528 1112 5585 αὐτὸν
1145 5527 1372 5608 διάγειν,

163 5619 312 5675 9475
353 5619 527 5677 Έκὼν
563 5617 841 5680 λελοιπὼς
867 5617 968 5688 τὴν
999 5616 1112 5675 λεὼ
1137 5617 1448 5697 προεδρίαν·

348 5713 508 5780 Ὅθεν
545 5705 804 5790 βασιλεὺς
827 5712 1227 5787 ποιμεναρχῶν
1254 5709 1317 5769 τὸ
1350 5708 1536 5791 στίφος

1673 373 2042 428 οδεηκε.

1835 496 1890 564 Α
1919 495 2284 568 diripientes,
2316 497 2572 554 vastitati
2605 497 2809 552 dantes

1914 597 2126 648 terram
2155 610 2437 666 arcesque
2467 593 2771 649 Michaelis
2801 593 3059 663 despote

1914 682 2357 739 Sebastocrator
2384 685 2596 738 deinde
2623 683 2886 738 Joannes

1914 773 1986 826 ad
2018 788 2195 827 novas
2228 776 2435 828 Patras
2468 771 2742 844 produxit
2772 770 3118 834 exercitum,

1913 859 2139 915 habens
2171 861 2230 915 in
2261 861 2540 916 comitatu
2573 859 2761 914 ﬁlium
2794 859 3051 929 despotae

1914 949 2183 1020 spurium
2214 949 2381 1004 illum
2413 950 2483 1004 de
2509 965 2623 1021 quo
2651 953 2803 1004 retro
2833 947 3092 1002 diximus
3127 964 3141 1004 :

1916 1037 2018 1110 qui
2050 1038 2188 1110 fuga
2217 1037 2454 1110 elapsus
2485 1054 2618 1093 cum
2652 1037 2854 1109 paucis
2884 1036 3206 1092 comitibus

1916 1127 2130 1198 raptim
2165 1143 2433 1183 reversus
2460 1133 2551 1182 est
2575 1129 2648 1182 ad
2681 1131 2900 1198 patrem
2932 1126 3257 1196 despotam,

1918 1225 2018 1296 qui
2049 1225 2357 1281 oberrabat
2386 1224 2613 1297 cymbis
2645 1224 2800 1280 circa
2831 1223 3058 1278 insulas

1917 1313 2332 1385 Cephaleniam
2367 1313 2566 1368 infelix
2596 1318 2773 1384 atque
2804 1313 3128 1369 Leucadem

1917 1402 2076 1458 exsul
2111 1407 2168 1458 et
2193 1402 2380 1474 patrio
2413 1402 2702 1474 spoliatus
2734 1419 2929 1472 regno.

1920 1493 2032 1547 Sed
2062 1494 2220 1547 enim
2253 1497 2386 1563 post
2415 1508 2711 1547 reversum
2742 1493 2812 1546 ad
2843 1508 2903 1546 se
2926 1491 3112 1546 ﬁlium

1918 1581 2274 1652 recuperatis
2300 1581 2490 1636 adhuc
2514 1597 2630 1636 non
2665 1582 2853 1652 parvis
2884 1580 3091 1651 copiis,

1919 1671 2236 1726 exercitum
2269 1675 2587 1726 nostratem
2619 1669 2819 1741 procul
2850 1668 3074 1740 expulit

1919 1759 2164 1830 antiqua
2192 1759 2363 1830 Epiro
2393 1760 2573 1814 armis
2604 1758 2974 1814 debellatum.

1919 1849 2352 1904 Sebastocrator
2379 1849 2613 1904 interim
2642 1849 2896 1904 Joannes

1922 1954 2057 1993 cum
2088 1937 2468 1993 Constantino
2500 1953 2700 1993 socero
2727 1937 2974 1993 Tornice

1920 2026 2333 2097 imperatorem
2366 2025 2671 2098 Lampsaci
2710 2028 3144 2088 convenerunt;

1923 2115 1975 2170 is
1998 2120 2191 2170 autem
2215 2116 2449 2170 fratrem
2480 2120 2715 2186 propter
2743 2129 2808 2169 ea
2839 2129 2968 2184 qum
2997 2113 3257 2182 gesserat

1926 2204 2167 2260 sublimi
2199 2204 2480 2275 dignitate
2509 2202 2737 2259 ornavit
2762 2203 3015 2273 despotas
3051 2217 3064 2256 :

1923 2293 2351 2364 Tornicemque
2380 2291 2560 2348 simul
2591 2291 3041 2348 Constantinum

1927 2391 2218 2462 promovit
2245 2393 2315 2446 ad
2348 2390 2606 2446 ofﬁcium
2639 2387 3123 2454 sebastocratoris
3155 2403 3168 2441 :

1926 2479 2004 2534 ite
2034 2497 2062 2529 ιι
2089 2478 2351 2534 Alexium
2386 2477 2862 2550 Strategopulum

1927 2567 2236 2639 splendido
2264 2568 2436 2624 titulo
2469 2568 2760 2624 decoravit
2787 2567 3052 2632 Caesaris,

1927 2657 2311 2713 Constantino
2340 2656 2597 2729 denique
2630 2656 2791 2711 fratri
2822 2655 3035 2710 Caesari

1927 2747 2407 2802 sebastocratoris
2438 2745 2648 2801 detulit
2678 2746 2988 2812 honorem;

1929 2852 2136 2890 aureas
2161 2836 2402 2906 insuper
2422 2835 2651 2905 aquilas
2683 2834 2975 2890 concessit

1928 2924 2212 2980 indicium
2244 2923 2548 2995 dignitatis
2579 2930 2807 2996 gestare
2838 2925 2896 2977 in
2919 2921 3149 2978 calceis.

1931 3014 2059 3070 Mox
2088 3029 2222 3069 vere
2251 3018 2470 3084 exorto,
2502 3017 2822 3084 Lampsaco
2851 3012 3161 3067 discedens

1933 3119 2063 3159 cum
2089 3103 2273 3174 copiis
2305 3103 2533 3160 cunctis
2563 3104 2882 3175 imperator
2913 3101 3150 3159 Michael

1934 3192 2499 3265 Constantinopolim
2527 3209 2732 3249 versus
2758 3193 2971 3247 direxit
3001 3192 3147 3259 iter;

1938 3281 2218 3339 nimirum
2250 3287 2596 3354 experturus
2626 3299 2698 3338 an
2731 3287 2855 3338 arte
2886 3280 3096 3337 bellica

1930 3371 2081 3428 hanc
2110 3377 2308 3444 posset
2327 3372 2474 3443 jugo
2505 3373 2702 3428 Latino
2733 3371 3080 3429 subducam.

1931 3460 2114 3531 quue
2146 3462 2412 3516 tentabat
2440 3461 2745 3518 confidens
2771 3459 3082 3533 promissis

1930 3559 2114 3629 (haud
2148 3574 2290 3615 sane
2320 3559 2514 3615 secius
2544 3574 2720 3629 quam
2748 3558 2970 3614 viribus
3001 3555 3230 3614 bellicis

1931 3647 2118 3704 Latini
2149 3648 2279 3714 viri,
2312 3648 2406 3705 cui
2437 3664 2646 3705 nomen
2679 3648 3012 3716 Aseldecae,

1935 3739 2139 3793 urbem
2172 3738 2516 3810 spondentis
2546 3737 2716 3793 nobis
2745 3736 3134 3810 proditurum.

1932 3827 2040 3882 Sed
2074 3826 2175 3881 ubi
2195 3827 2443 3883 accessit
2461 3827 2532 3883 ad
2564 3827 2819 3900 Byzantii
2851 3827 3084 3895 mmnia,

1934 3931 2115 3986 seque
2143 3916 2455 3987 deceptum
2485 3915 2672 3972 sensit
2701 3915 3036 3987 imperator,

1935 4003 1996 4059 in
2028 4004 2312 4061 orientem
2345 4004 2505 4060 ﬂexit
2535 4020 2775 4061 cursum
2807 4005 3021 4060 denuo.

1936 4091 2019 4148 lbi
2049 4093 2281 4150 Nicena
2309 4094 2369 4148 in
2400 4094 2545 4150 urbe
2575 4094 2811 4150 obvium
2844 4092 3050 4148 habuit

1935 4182 2240 4239 Tornicem
2273 4182 2703 4256 supplicantem
2729 4186 2796 4239 ut
2823 4181 3107 4238 Arsenius

1937 4270 2386 4344 patriarchalem
2418 4274 2612 4330 sedem
2644 4276 3034 4344 recuperaret.

1937 4361 2082 4418 Nam
2114 4360 2398 4418 destituta
2430 4360 2684 4419 Ecclesia
2714 4365 2944 4434 pastore
2973 4360 3162 4416 fuerat

1938 4458 2171 4508 mortuo
2199 4469 2388 4525 nuper
2421 4452 2674 4526 Ephesio
2703 4453 3027 4524 Nicephoro

1939 4540 2101 4597 illinc
2130 4543 2415 4599 translato
2443 4543 2516 4598 ad
2550 4543 2746 4599 sedem
2779 4541 3190 4614 Byzantinam;

1939 4647 2117 4702 quam
2151 4648 2283 4688 cum
2326 4632 2607 4689 Arsenius
2639 4638 2848 4705 sponte
2877 4631 3256 4698 deseruisset,

1942 4745 2101 4785 nunc
2123 4747 2184 4786 se
2215 4731 2444 4786 volebat
2475 4747 2682 4786 rursus
2712 4731 2770 4786 in
2801 4746 2928 4786 eam
2960 4729 3213 4786 restitui.

1940 4817 2156 4874 Verum
2200 4819 2497 4876 infensum
2524 4820 2914 4892 patriarcham
2949 4833 3234 4891 respuens

1942 4907 2180 4964 obtrudi
2213 4908 2326 4964 sibi
2358 4909 2598 4966 Michael
2633 4909 2946 4977 abnuebat,

1944 4995 2048 5052 Hic
2070 5013 2210 5055 sane
2239 4999 2524 5055 Arsenius
2555 5000 2814 5071 pontifex
2842 4999 2984 5054 dum
3017 5001 3172 5054 esset

1945 5086 2168 5159 regiam
2200 5104 2474 5145 coronam
2507 5089 2772 5145 Michaeli
2803 5089 3188 5161 imposuerat,

1945 5179 2395 5252 Romanumque
2426 5178 2641 5234 fecerat
2668 5177 3105 5249 imperatorem.

1949 5264 2081 5321 Mox
2110 5266 2380 5324 Michaeli
2407 5267 2604 5326 nescio
2630 5285 2734 5324 cur
2758 5267 2962 5335 iratus,

1948 5373 2084 5412 cum
2115 5358 2450 5415 Andronico
2470 5359 2738 5415 Sardium
2759 5359 3055 5431 episc0po,

1945 5449 2003 5502 et
2030 5446 2295 5504 Manuale
2325 5448 2857 5520 Thessalonicensi,

1943 5537 2013 5591 ad
2048 5538 2386 5594 monasterii
2419 5538 2680 5612 quietem
2720 5553 2783 5594 se
2810 5537 3157 5608 contulerat,

1943 5630 2152 5698 sponte
2179 5627 2426 5686 dimissa
2454 5627 2774 5700 Byzantina
2803 5629 2963 5686 sede.

1943 5714 2129 5780 Quare
2151 5720 2471 5795 imperator
2497 5733 2568 5778 ex
2596 5716 2804 5792 synodi
2836 5719 3129 5778 sententia

3458 363 3565 417 346
