4212 6442
622 396 728 452 347
1838 394 2211 450 ΕΡΗΒΒΜΙῙ
2257 393 2285 447 ε

1838 394 2211 450 ΕΡΗΒΒΜΙῙ
2257 391 2828 450 CBIONOGBAPHI

619 520 1057 594 metropolitam
1089 519 1304 592 Ephesi
1334 520 1733 594 Nicephorum

622 613 691 667 ad
724 609 1077 683 Byzantines
1103 608 1322 664 infulas
1344 609 1745 665 transtulerat.

617 698 785 755 Nunc
818 697 1152 770 postulante
1183 714 1391 753 rursus
1423 697 1696 765 utilitate,

619 787 822 843 volens
852 786 1079 853 nolens,
1112 789 1179 841 ut
1208 785 1445 855 dicitur,
1487 785 1734 842 Tornicc
1762 787 1988 854 orante,

619 877 816 932 sedem
842 874 1085 931 Arsenio
1117 874 1309 930 reddit
1337 874 1678 945 imperator.

620 964 719 1019 llic
752 963 863 1018 fuit
891 962 1030 1017 dicti
1060 961 1250 1017 exitus
1283 960 1522 1033 negotii.

618 1053 897 1108 Idoneum
932 1054 1136 1123 postea
1156 1049 1467 1107 collectum
1498 1050 1815 1107 exercitum

619 1140 1028 1213 StrategOpulo
1053 1138 1269 1195 Caesari
1299 1140 1687 1209 demandans,

616 1231 777 1287 misit
804 1230 875 1286 ad
905 1230 1220 1301 Hesperios
1249 1228 1625 1284 debellandos
1656 1227 1878 1283 hostes.

616 1329 817 1384 Obiter
847 1336 1042 1384 tamen
1073 1333 1132 1384 et
1162 1327 1502 1399 Byzantium
1536 1326 1725 1383 visere

606 1416 810 1487 jussit,
838 1421 897 1473 et
925 1416 1009 1472 illi
1039 1416 1232 1472 minas
1265 1420 1582 1472 ostentare.

619 1509 733 1564 Res
764 1506 847 1562 ita
870 1510 961 1562 est
991 1510 1142 1561 acta.
1175 1505 1369 1561 Caesar
1394 1504 1534 1560 illuc
1563 1503 1807 1559 veniens

619 1597 864 1653 armatis
895 1611 1135 1650 vacuam
1160 1594 1546 1665 deprehendit
1576 1594 1800 1660 urbem,

620 1685 760 1758 quia
790 1684 963 1757 paulo
986 1689 1121 1740 ante
1150 1683 1360 1740 classis
1391 1683 1650 1755 profecta
1671 1686 1799 1738 erat

619 1777 691 1832 ad
725 1773 1095 1846 spoliandam
1125 1771 1382 1829 insulam
1416 1771 1840 1845 Daphuusiam.

617 1865 690 1922 Ut
723 1881 859 1937 ergo
896 1868 1068 1920 noctu
1101 1864 1351 1921 accessit
1376 1864 1449 1920 ad
1476 1864 1693 1919 mcsnia
1722 1865 1913 1918 Caesar

616 1955 863 2012 comites
895 1954 1120 2010 habens
1152 1954 1439 2026 quosdam
1472 1968 1540 2008 ex
1570 1954 1713 2008 urbe
1753 1952 2052 2023 perfugas,

618 2045 689 2101 ab
725 2044 820 2100 his
848 2044 959 2099 fuit
989 2043 1204 2099 certior
1224 2043 1435 2113 factus,
1464 2058 1595 2098 esse
1620 2040 1946 2113 antiquitus

620 2132 830 2189 urbani
867 2132 1163 2204 quoddam
1198 2132 1353 2187 muri
1384 2133 1646 2187 foramen
1679 2136 1909 2202 patens.

619 2222 896 2279 Protinus
926 2238 1063 2293 ergo
1095 2220 1323 2277 adstitit
1351 2220 1434 2275 illi
1459 2220 1584 2276 loco
1620 2236 1633 2276 :

619 2311 720 2368 ubi
752 2312 1149 2383 introgressus
1182 2325 1286 2381 per
1315 2310 1580 2365 foramen
1614 2307 1784 2365 miles

618 2400 866 2473 reliquis
895 2400 1069 2456 sociis
1096 2398 1266 2455 valde
1304 2398 1610 2455 audaciam
1643 2398 1837 2469 auxit;

616 2493 700 2549 ita
729 2498 796 2549 ut
824 2491 984 2548 aliud
1016 2508 1148 2548 mox
1181 2491 1500 2563 penetrarit
1528 2489 1699 2546 miles
1724 2507 1739 2558 ;

615 2583 827 2639 deinde
857 2582 1091 2649 tertius,
1126 2586 1305 2652 atque
1342 2581 1415 2637 ad
1445 2584 1774 2637 extremum
1808 2578 2148 2651 quindecim
2176 2594 2191 2634 :

617 2680 719 2754 qui
751 2680 1031 2737 continuo
1062 2679 1330 2735 refractis
1363 2678 1658 2735 introrsus
1687 2676 1874 2749 portis

623 2773 923 2841 patentem
951 2768 1183 2825 cunctis
1212 2767 1398 2840 copiis
1431 2768 1697 2823 fecerunt
1735 2765 1985 2822 aditum.

623 2864 693 2913 At
714 2858 868 2915 cives
892 2858 1211 2930 improviso
1242 2856 1496 2930 perculsi
1528 2873 1665 2912 casu

618 2949 678 3004 in
703 2946 1102 3005 subterraneis
1132 2947 1323 3019 adytis
1354 2946 1637 3018 cellisque
1664 2944 1883 3001 abditis

623 3037 683 3092 in
715 3036 951 3110 angulis
987 3036 1254 3093 obscuris
1284 3036 1586 3106 sacrisque
1616 3034 1858 3107 templis

616 3127 708 3183 vel
738 3124 1114 3183 monasteriis
1151 3130 1337 3181 semet
1365 3125 1809 3180 abstrudebant.
1882 3188 1885 3191 _

619 3216 861 3271 Latinus
892 3219 1089 3271 autem
1120 3218 1311 3270 Caesar
1341 3214 1659 3269 Balduinus

616 3304 836 3361 cursim
868 3321 931 3361 se
960 3303 1188 3377 regium
1221 3301 1472 3359 contulit
1500 3303 1571 3358 ad
1606 3300 1915 3373 palatium,

617 3411 687 3451 ex
717 3409 836 3465 quo
866 3393 1039 3449 celeri
1070 3409 1215 3449 nave
1235 3392 1296 3447 in
1328 3392 1578 3464 patriam
1606 3391 1777 3463 fugit.

617 3484 864 3539 Interim
893 3486 1095 3539 noster
1127 3482 1297 3538 miles
1328 3480 1619 3553 spoliabat
1642 3480 1871 3547 urbem,

614 3572 740 3628 vias
779 3588 1165 3637 concursans,
1192 3571 1350 3627 vicos
1370 3575 1428 3626 et
1462 3570 1831 3642 angiportus,

612 3660 745 3717 Jam
778 3678 906 3733 quas
937 3661 1010 3717 ad
1042 3660 1443 3731 Daphnusiam
1473 3659 1682 3715 classis
1710 3658 1897 3714 iverat

616 3750 889 3823 cognovit
919 3750 1085 3806 urbis
1116 3767 1316 3807 casum
1349 3750 1504 3821 apud
1536 3748 1850 3821 Anaplum,

614 3841 951 3913 raptimque
983 3840 1055 3896 ad
1083 3841 1211 3912 ejus
1233 3839 1477 3896 tutelam
1502 3838 1834 3895 advolabat.

612 3930 829 3985 Verum
854 3930 981 4001 jam
1015 3934 1215 3987 noster
1246 3928 1413 3985 miles
1438 3928 1677 3985 Latinas
1698 3928 1905 3984 domos

612 4019 747 4092 igne
777 4019 1043 4091 subjecto
1074 4024 1317 4076 cunctas
1348 4018 1807 4081 concremabat:

616 4126 743 4181 quae
775 4125 869 4165 res
900 4125 929 4165 e
963 4110 1112 4166 mari
1143 4108 1348 4182 procul
1380 4112 1644 4181 spectata
1676 4105 1861 4178 Italis,

615 4199 828 4255 horum
852 4198 1117 4255 cohibuit
1146 4200 1452 4270 impetum,
1484 4197 1766 4270 dispersit
1806 4196 2079 4264 classem,

611 4296 705 4353 Bic
736 4298 809 4353 ad
840 4297 1168 4355 Romanum
1199 4297 1372 4354 rediit
1400 4296 1716 4369 imperium

611 4387 1149 4460 Constantinopolis
1180 4387 1416 4444 urbium
1449 4386 1668 4459 regina,

616 4476 941 4534 lndictione
971 4481 1206 4550 quarta,
1238 4476 1380 4534 Julii
1412 4476 1638 4533 mensis

611 4565 822 4637 quinta
851 4582 1033 4638 supra
1058 4566 1399 4623 vicesimam
1434 4565 1670 4623 labente
1700 4564 1813 4621 die.

611 4672 767 4711 anno
799 4671 867 4710 ex
896 4672 1010 4727 quo
1037 4656 1299 4712 mundus
1330 4656 1447 4713 Deo
1479 4660 1713 4712 creante
1738 4654 1916 4727 coepit

608 4742 1031 4800 sexmillesimo
1063 4749 1121 4801 et
1148 4744 1689 4817 septingentesimo.

611 4836 1009 4904 praetereaque
1031 4850 1184 4890 nono
1211 4838 1269 4889 et
1295 4834 1677 4907 sexagesimo.

609 4922 731 4977 Sub
763 4921 1043 4979 Italorum
1064 4923 1327 4980 hostium
1359 4923 1641 4980 dominio.

610 5011 1046 5084 quinquaginta
1073 5017 1131 5069 et
1159 5017 1288 5070 octo
1320 5030 1505 5070 annos
1536 5014 1747 5071 fuerat.

607 5110 898 5167 Nimirum
928 5112 1045 5169 Deo
1076 5112 1347 5170 collibuit
1376 5118 1440 5169 ut
1468 5112 1839 5170 Constantini

609 5200 874 5257 omnium
904 5200 1124 5275 linguis
1155 5202 1449 5260 celebrata
1477 5201 1683 5259 civitas

606 5306 741 5345 vere
772 5292 979 5347 mundi
1012 5292 1365 5349 miraculum
1398 5298 1456 5349 et
1476 5308 1759 5367 magnum
1787 5292 1970 5349 decus

602 5379 951 5436 liberaretur
979 5380 1316 5439 Latinorum
1347 5383 1657 5455 tyrannide

605 5470 912 5542 nostrique
940 5469 1175 5545 imperii
1204 5489 1414 5529 rursus
1443 5472 1653 5528 ditioni
1683 5470 2003 5529 accederet.

601 5559 850 5616 Michael
882 5560 1207 5635 imperator
1234 5566 1378 5618 tunc
1407 5561 1712 5619 diversans

602 5650 673 5705 ad
705 5650 1050 5708 Meteorium
1082 5650 1273 5709 audiit
1304 5656 1545 5726 repente

601 5736 881 5798 nuntium
908 5755 1198 5799 remoram
1227 5740 1529 5815 voluptate
1559 5739 1800 5815 planum

2293 515 2349 583 Α
2553 515 2873 592 Νικηφόρον
2905 513 3171 592 πρόεδρον
3203 510 3315 572 ὅντ’
3340 514 3599 595 Ἐφεσίων

2548 607 2663 675 Τῆς
2694 605 3099 661 Κωνσταντίνου
3125 603 3431 661 δεικνύουσι
3460 607 3796 682 προστάτην.

2545 694 2695 751 Ἐπεὶ
2728 692 2774 749 δ’
2800 694 3187 772 έλειτούργησε
3212 700 3295 768 τῷ
3322 696 3503 772 χρεὼν
3533 696 3679 769 τότε,

2366 784 2510 839 9480
2545 783 2717 839 Ἐκὼν
2750 784 2920 856 ἄκων,
2952 784 3027 847 ὥς
3058 806 3208 863 φασι,
3238 784 3417 848 λιτυῖς
3449 785 3688 860 Τορνίκη

2545 873 2801 948 Ἀρσενίῳ
2830 871 3050 929 δίδωσιν
3082 875 3207 947 ἅναξ
3236 870 3329 929 τὸν
3354 875 3567 949 θρόνον,

2545 966 2725 1017 Ταῦτα
2758 964 2853 1035 μὲν
2884 962 3029 1018 οὕτω
3055 958 3418 1036 συμϐέϐηκεν,
3449 964 3526 1026 ὡς
3553 959 3709 1042 ἔφην’

2549 1050 2868 1127 Στράτευμα
2896 1049 2944 1109 δ’
2969 1051 3095 1123 ἄναξ
3125 1052 3309 1107 ἱκανὸν
3338 1051 3651 1121 συναλίσας,

2548 1142 2648 1197 Καὶ
2680 1145 2842 1196 τοῦτο
2872 1138 3000 1203 δοὺς
3034 1140 3254 1217 Καίσαρι
3286 1141 3776 1217 Στρατηγοπούλῳ

2368 1240 2512 1295 9485
2548 1244 2684 1303 Καθ’
2716 1237 2976 1315 ἐσπερίων
3005 1238 3323 1318 έκπόπομφε
3348 1237 3586 1294 δυσνόων

2549 1326 2701 1395 Πλὴν
2732 1326 2784 1381 έν
2816 1328 3077 1403 παρέργῳ
3104 1328 3195 1383 καὶ
3227 1326 3529 1398 Βυζαντίδα
3557 1329 3756 1407 φθάσαι

2549 1418 2647 1473 Καὶ
2675 1414 2800 1491 τῇδ’
2831 1416 3086 1490 ὁμοκλὴν
3126 1415 3461 1492 προσδράσαι
3493 1416 3807 1492 παρηγγύα·

2547 1506 2806 1580 Ὑπῆρξεν
2838 1504 3002 1561 οὕτω·
3030 1505 3121 1561 καὶ
3149 1507 3353 1584 φθάσας
3378 1512 3581 1583 Καῖσαρ
3609 1505 3774 1561 πόλιν

2548 1595 2790 1668 Ἔρημον
2824 1595 2971 1668 εὗρεν
3007 1594 3248 1650 ὁπλιτῶν
3280 1593 3613 1669 οῒκητόρων,

2369 1683 2512 1738 9490
2549 1683 2693 1758 Πρὸς
2729 1684 2966 1759 βραχέος
2996 1689 3144 1759 σφῶν
3177 1683 3229 1739 έν
3262 1684 3443 1758 στόλῳ
3470 1683 3860 1740 πεπλευκότων

2552 1775 2674 1830 Ἐπὶ
2705 1775 2989 1831 σκύλευσιν
3019 1774 3239 1847 νησῖδος
3270 1774 3605 1854 Δαφνουσίας

2295 1865 2343 1931 Β
2550 1864 2639 1927 Ὠς
2668 1863 2852 1919 τοίνυν
2880 1865 2984 1935 ἦκα
3011 1866 3201 1927 νυκτὸς
3233 1866 3308 1927 εἷς
3335 1865 3540 1934 ταύτην
3569 1863 3735 1919 πόλιν

2546 1954 2734 2029 Ἕχων
2764 1950 3002 2017 ὀπαδοὺς
3035 1951 3274 2032 φυγάδας
3300 1952 3502 2025 ταύτης
3532 1956 3763 2027 Καῖσαρ,

2547 2044 2733 2117 Ἔγνω
2763 2044 2892 2115 παρ’
2922 2042 3096 2098 αὐτῶν
3129 2042 3205 2105 ὡς
3238 2044 3345 2114 ὀπή
3376 2063 3460 2107 τις
3490 2040 3747 2119 τυγχάνει

2366 2142 2512 2196 9495
2549 2141 2698 2197 Κατά
2727 2162 2790 2217 γε
2816 2146 3005 2216 τεῖχος
3034 2136 3413 2215 συμϐεθηκυῖα
3436 2140 3630 2197 πάλαι.

2546 2230 2859 2304 Ἐφίσταται
2892 2235 3024 2306 γοῦν
3052 2230 3089 2305 ᾖ
3113 2230 3285 2306 τάχος
3315 2231 3453 2302 πρὸς
3482 2230 3573 2285 τὸν
3603 2228 3802 2301 τόπον,

2545 2318 2645 2373 Καὶ
2677 2316 2749 2373 δι’
2779 2319 2919 2389 ὀπῆς
2950 2340 3033 2383 τις
3061 2318 3297 2390 ὁπλίτης
3323 2318 3725 2395 προσερπύσας,

2545 2409 2738 2473 Ἐνῆκε
2770 2411 2966 2484 θάρσος
2996 2406 3058 2463 οὐ
3089 2406 3268 2484 βραχὺ
3295 2406 3664 2469 συνοπλίταις·

2544 2498 2656 2555 Εἶτ’
2685 2496 2856 2561 ἄλλος
2891 2497 3224 2573 ιίσείρπυσεν
3258 2497 3496 2568 ὁπλίτης
3518 2494 3709 2566 πᾶλιν,

2365 2590 2507 2646 9500
2546 2589 2647 2644 Καὶ
2680 2585 2845 2642 πάλιν
2879 2585 3077 2655 ἄλλος,
3106 2587 3196 2642 καὶ
3225 2587 3381 2662 τριὰς
3413 2590 3519 2641 ποῦ
3545 2582 3823 2641 πενταδων

2545 2676 2677 2735 Εἶτα
2704 2675 3133 2754 καταρράξαντες
3164 2674 3316 2732 οὗτοι
3343 2675 3439 2740 τὰς
3466 2674 3646 2740 πύλας

2543 2767 2767 2837 ’Βᾳστην
2798 2765 3082 2841 παρέσχον
3112 2762 3323 2820 εἴσοδον
3354 2763 3550 2826 κάσαις
3580 2762 3749 2826 ἴλαις.

2545 2856 2613 2913 Ol
2645 2852 2693 2910 δ’
2722 2854 2871 2917 ἐντὸς
2903 2853 2954 2909 έν
2985 2852 3223 2930 δράματι
3260 2852 3666 2928 κατεπτηχότες

2546 2946 2639 3008 Εἷς
2678 2951 2782 3020 γῆς
2818 2943 3029 3019 μυχοὺς
3060 2938 3238 3015 ἔδυον,
3271 2942 3347 3005 εἰς
3377 2946 3548 2997 στοῶν
3586 2940 3749 3016 βάθη,

2368 3038 2512 3093 9505
2548 3034 2641 3098 Ei:
2672 3034 3021 3112 ἀποκρύφους
3046 3033 3137 3089 καὶ
3171 3034 3448 3095 σκοτεινὰς
3478 3031 3702 3106 γωνίας,

2547 3124 2641 3189 Εἷς
2669 3123 2849 3199 ἱερούς
2878 3125 2925 3178 τ⁹
2956 3124 3020 3178 αὗ
3045 3122 3136 3178 καὶ
3168 3118 3497 3195 σεϐασμίους
3528 3118 3754 3195 δόμους.

2291 3220 2336 3288 C
2549 3211 2888 3275 Βαλδουῖνος
2920 3209 2966 3267 δ’
2997 3209 3225 3286 ὥρμησε
3254 3209 3540 3281 λατινάναξ

2550 3304 2673 3359 Ἐπὶ
2706 3300 2980 3378 μεγάλους
3007 3302 3096 3356 καὶ
3135 3298 3451 3376 βασιλείους
3479 3297 3708 3372 δόμους,

2547 3392 2671 3469 ’Λφ⁹
2696 3392 2774 3446 ὧν
2805 3391 2975 3471 φυγὰς
3006 3387 3233 3446 ἔπλευσε
3260 3389 3396 3463 πρὸς
3423 3390 3525 3459 τὴν
3554 3382 3810 3463 πατρίδα.

2366 3492 2509 3548 9510
2548 3491 2867 3563 Στράτευμα
2896 3486 2941 3545 δ’
2972 3487 3229 3545 έσκύλευε
3253 3485 3543 3561 Ῥωμαίων
3576 3483 3740 3541 πόλιν

2544 3577 2754 3649 Ταύτης
2778 3578 2927 3633 ἐπιὸν
2958 3577 3049 3633 καὶ
3081 3575 3392 3639 στενωποὺς
3418 3575 3511 3631 καὶ
3540 3569 3781 3651 τρίϐους.

2544 3670 2605 3727 Ὁ
2636 3665 2683 3723 δ’
2712 3667 3094 3728 ἐκπεπλευκὼς
3124 3665 3203 3729 εἲς
3234 3663 3575 3743 Λαφνουσίαν
3610 3662 3807 3727 στόλος

2545 3759 2673 3816 Κατ’
2705 3755 2980 3813 ἀνάπλουν
3006 3754 3166 3832 γνοὺς
3207 3750 3594 3829 συμϐεϐηκότα
3620 3751 3805 3825 πόλει,

2544 3848 2753 3922 Τάχιον
2786 3845 2981 3902 έκπλεῖ
3006 3840 3446 3923 προσϐοηθήσων
3472 3842 3656 3916 πόλει,

2366 3940 2510 3996 9515
2543 3934 2701 3994 Ἀλλ’
2729 3936 2765 4005 ὴ
2796 3935 3019 4009 στρατιὰ
3048 3934 3355 3999 λατινικαῖς
3384 3933 3582 3995 οἰκίαις

2545 4028 2751 4085 Ἐνιᾶσι
2779 4030 2887 4101 πῦρ
2914 4027 3005 4081 καὶ
3034 4022 3299 4104 φλέγουσι
3328 4024 3424 4086 τὰς
3454 4021 3611 4085 ὅλας·

2543 4119 2711 4193 Ὅπερ
2740 4116 2922 4171 θεαθὲν
2953 4113 3186 4177 Ἰταλοῖς
3214 4112 3304 4170 καὶ
3339 4113 3628 4188 μακρόθεν,

2544 4207 2753 4281 Ὀρμήν
2784 4206 3003 4282 ἀπεῖρξε
3031 4205 3123 4260 καὶ
3154 4202 3459 4260 σκεδαννύει
3496 4199 3715 4257 στόλον

2545 4295 2681 4351 Ὑπό
2708 4294 3039 4372 κραταρχίαν
3067 4290 3126 4349 δὶ
3155 4293 3351 4350 λοιπὸν
3383 4290 3640 4350 Αὐσόνων

2368 4388 2511 4444 9520
2548 4384 2711 4449 Αὖθις
2746 4386 2974 4460 ὑπήχθη
3012 4382 3228 4459 βασιλὶς
3256 4385 3365 4437 τῶν
3392 4380 3595 4436 ἀστέων

2548 4470 2731 4546 Οὔσης
2758 4475 3027 4549 τετάρτης
3055 4469 3397 4534 ίνδικτιῶνος
3422 4470 3566 4539 τότε,

2292 4597 2344 4661 Β
2550 4564 2648 4620 Καὶ
2678 4563 2826 4661 πέντ’
2852 4564 3079 4661 ἄγοντρς
3109 4562 3366 4661 πεντάκις
3406 4556 3664 4661 Ἰουλίου,

2548 4657 2745 4716 Ἐἰους
2778 4650 2827 4708 δ’
2854 4651 3242 4728 έπιτρέχοντος
3273 4651 3455 4727 ἀρχῆς
3485 4648 3575 4705 ἀπ’
3601 4649 3773 4723 ἄκρῆς

2549 4740 2831 4799 Χιλιάδων
2858 4738 2912 4813 ἓξ
2939 4739 3281 4803 ἑπτακοσίοις
3313 4737 3427 4815 ἅμα

2368 4845 2512 4901 6525
2548 4841 2694 4915 Πρὸς
2727 4838 2775 4896 δ’
2801 4841 2864 4895 αὗ
2895 4840 3012 4903 ἐνὸς
3042 4838 3261 4901 δέοντος
3287 4836 3509 4901 ἑπτάκις
3537 4833 3682 4893 δέκα.

2548 4933 2806 5007 Ἐχθροῖς
2832 4927 2880 4985 δ’
2908 4928 3143 4992 Ἰταλοῖς
3170 4926 3273 4998 ἥδε
3298 4924 3706 5003 τυραννουμένη

2545 5022 2724 5078 Ὀκτὼ
2754 5019 2891 5096 πρὸς
2918 5019 3258 5090 πεντήκοντα
3284 5021 3403 5081 τοῖς
3430 5014 3588 5077 ὅλοις
3617 5012 3868 5090 χρόνοιςο

2546 5107 2701 5162 Οὕτω
2730 5111 2864 5163 Θεοῦ
2892 5107 3179 5171 νεύσαντος
3198 5108 3234 5176 ἡ
3259 5103 3663 5161 Κωνσταντίνου

2546 5195 2718 5261 Πόλις
2745 5193 3208 5272 πολυθρύλλητος
3237 5194 3548 5271 ἀνθρώποις
3577 5192 3734 5256 δ’λοις

2366 5289 2510 5345 9530
2546 5286 2891 5361 Οἰκουμένης
2919 5286 3100 5361 θαῦμά
3126 5308 3185 5342 τε
3211 5286 3299 5341 καὶ
3332 5285 3467 5361 μέγα
3495 5283 3658 5348 κλέος

2546 5376 2922 5451 ἘΑευθερώθη
2952 5375 3199 5430 Λατίνων
3222 5370 3539 5451 τυραννίδος

2546 5466 2646 5520 Καὶ
2670 5466 2969 5540 Ῥωμαϊκῷ
2998 5463 3370 5536 καςυπεκλίθη
3400 5462 3611 5541 κράτει,

2545 5558 2643 5629 Τῷ
2674 5552 2732 5611 δὶ
2760 5559 3047 5633 κρατάρχῃ
3075 5552 3308 5631 Μιχαὴλ
3341 5554 3700 5629 σκηνουμένῳ

2542 5644 2677 5723 Περὶ
2709 5646 3020 5723 Μιτεώριον
3042 5643 3266 5717 ἤκουστ⁸
3293 5643 3507 5720 ἁθρόως

2364 5734 2508 5794 9535
2546 5730 2863 5814 Εὐάγγελος
2892 5736 3167 5815 φημηδτιε
3186 5730 3414 5806 ’ἠδονης
3430 5729 3577 5791 πλέα
