4250 6432
176 414 289 471 353

352 533 699 606 Λυμαντικὸς
727 531 893 592 λύκος
912 550 1018 596 τις,
1054 529 1115 585 ού
1145 528 1364 603 νομεὺς,
1398 529 1544 592 ὅλως

353 620 786 699 Ηαρεισφθαρεῖς
818 616 972 674 ἔλαθε
1003 618 1211 693 ποίμνῃ
1246 619 1538 674 Δεσπὸτουο

168 715 318 769 9635
354 713 453 768 "Ov
483 709 756 770 ἀπελάσας
791 709 1160 770 Κωνστάντιος
1183 712 1280 762 τοῦ
1306 707 1501 783 θρόνου

357 802 435 855 Δι’
467 799 561 861 οὕς
592 820 654 873 γε
682 796 1045 872 προύξένησεο
1078 795 1297 858 ἀδίκους
1326 796 1546 875 φόνους,

350 889 453 946 Καὶ
492 888 707 961 μᾶλλον
743 889 931 958 οἷσπερ
966 887 1110 960 ἱερον
1142 887 1347 961 πατρὸς
1378 886 1531 941 νέκυν

350 978 722 1049 Ἀνάκομίσας
757 975 907 1029 ὦπτο
938 980 1066 1029 νηοῦ
1096 974 1360 1049 Κηρύκων

354 1066 447 1127 Εἲς
484 1064 740 1122 Ἀκακίου
776 1064 1051 1140 μάρτυρος
1083 1066 1228 1118 Θεῖον
1263 1062 1456 1137 δόμον,

164 1157 311 1212 9640
348 1152 578 1224 ’Άδοξον
614 1150 873 1226 Εὗδόξιον
910 1153 1121 1228 Ἀρείου
1155 1152 1315 1228 φίλον

352 1246 736 1314 Ἀντικαθιστᾷ
769 1240 933 1297 λύκον
967 1242 1081 1297 ἀντὶ
1116 1243 1399 1315 ποιμένος·

350 1335 450 1395 "Oc
482 1331 767 1407 τυγχάνων
799 1329 1068 1406 πρόεδρος
1101 1330 1509 1404 Γερμανικείας,

347 1423 483 1479 Εἶτα
511 1421 806 1496 κατασχὼν
839 1418 1187 1495 Ἀντιοχείας
1219 1420 1429 1495 Ορόνον,

350 1511 530 1572 Τέλος
560 1514 814 1585 τυραννεῖ
844 1508 934 1563 καί
966 1510 1155 1584 θρόνον
1191 1506 1541 1577 Βυζαντίδος.

162 1611 309 1664 9645
351 1610 495 1683 Πρὸς
521 1604 703 1663 τοῖσδε
734 1606 1057 1680 Δημόφιλος
1090 1606 1297 1679 μύστης
1331 1604 1545 1680 Ἀρείου

351 1696 682 1758 Ἐπίσκοπός
713 1718 797 1759 τις
828 1694 1071 1771 Βεῤῥόης
1100 1702 1201 1764 τῆς
1231 1695 1281 1749 έν
1310 1694 1490 1767 Θρᾴκῃ

350 1786 679 1846 Μετατεθεὶς
710 1780 917 1859 ᾔσχυνε
940 1785 1038 1851 τήν
1072 1782 1389 1858 προεδρίαν,

344 1873 530 1950 Οὗπερ
558 1875 621 1928 τὸ
660 1875 812 1949 βιοῦν
845 1872 1279 1947 έκμετρήσαντος
1314 1872 1488 1947 μόρῳ,

345 1962 613 2039 Εύάργιός
641 1984 724 2023 τις
756 1959 1073 2037 ὀρθοδοξίας
1098 1960 1257 2039 φίλος

161 2055 309 2109 9650
351 2050 654 2128 Προεδρίαν
688 2050 884 2130 εἷ’)ηφε
913 2058 1012 2120 τῆς
1044 2052 1451 2106 Κωνσταντίνου

352 2142 497 2216 Πρὸς
530 2142 827 2196 Εύσταθὶου
855 2145 1192 2215 μακαριστοῦ
1224 2140 1509 2212 ποιμένος,

346 2235 535 2293 ’Ὀστις
564 2231 701 2306 πρὸς
726 2230 1029 2291 Οὐάλεντος
1053 2229 1257 2300 tamen
1291 2230 1507 2303 θρόνου,

361 2318 523 2389 Μηδὲ
557 2319 737 2395 βραχύ
760 2341 815 2374 τι
843 2323 941 2374 τοῦ
975 2318 1191 2394 λάχους
1221 2317 1569 2394 γεγευμένος,

353 2411 487 2465 Εἶτα
506 2409 744 2481 προέστη
779 2408 1024 2482 κοσμίως
1053 2407 1385 2479 Ἐκκλησίας

162 2501 307 2556 9655
348 2501 411 2556 Ὀ
437 2500 710 2575 γρήγορος
738 2503 889 2564 νοῦς,
912 2501 944 2567 ἡ
972 2498 1234 2571 θεηγόρος
1265 2496 1405 2571 λύρα

347 2592 468 2659 Θεῷ
497 2589 740 2657 κινηθεὶς
772 2586 909 2662 πρὸς
938 2581 1259 2661 κυϐέρνησιν
1294 2586 1514 2660 θρόνου,

350 2683 534 2739 Ὅστις
566 2674 763 2745 ἀνέτλη
799 2676 1023 2749 μυρίους
1052 2674 1180 2739 τοὺς
1220 2673 1504 2737 κινδύνους

350 2768 715 2841 Τπερμαχῶν
746 2766 1018 2821 κάλλιστα
1044 2772 1144 2835 τῆς
1174 2765 1523 2836 Ἐκκλησίας’

352 2858 470 2930 Ἐφ’
504 2856 566 2911 οὗ
598 2856 823 2925 συνέστη
856 2856 993 2910 κατὰ
1015 2852 1355 2912 Μακεδονίου

166 2954 318 3011 9660
358 2955 668 3028 ’Ὰθροισμα
698 2953 894 3007 σεπτὸν
925 2950 1154 3007 συνόδου
1182 2959 1281 3022 τῆς
1312 2949 1562 3026 δευτέρας

374 3049 460 3097 Ἐν
494 3040 737 3118 βασιλιδι
768 3046 836 3115 τῇ
870 3042 1283 3099 Κωνσταντίνου
1314 3040 1493 3097 πόλει.

353 3133 705 3208 Αῦθαιρέτως
734 3131 933 3187 τούτου
967 3129 1025 3186 δὲ
1056 3130 1318 3193 λιπόντος
1345 3130 1533 3207 θρόνον

357 3224 419 3278 Ἡ
448 3219 675 3285 σύνοδος
707 3221 926 3296 χρίουσι
959 3222 1196 3293 ποιμένα
1224 3220 1383 3275 πόλει

351 3310 651 3386 Νεκτάριον
687 3308 980 3382 λάμποντα
1015 3308 1118 3383 βίῳ
1149 3312 1237 3364 καὶ
1269 3309 1441 3386 λόγῳ,

166 3404 317 3459 9665
359 3399 753 3473 Συγκλητικῶν
780 3420 838 3454 τε
872 3400 959 3454 καὶ
994 3396 1293 3473 περιδόξων
1332 3396 1448 3468 ἕνα,

359 3490 753 3565 Χριστώνυμον
786 3489 908 3562 μὲν,
942 3487 1190 3561 ἀμύητον
1221 3485 1267 3542 δ’
1298 3488 1480 3544 εἷσέτιο

352 3583 451 3634 Ὃν
485 3580 602 3651 ἅμα
632 3579 972 3654 βαπτίζουσι,
1004 3576 1222 3653 χρίουσι
1256 3576 1445 3647 Θύτην.

360 3670 547 3742 Οὗπερ
584 3667 1019 3741 μεταλλάξαντος
1058 3666 1263 3743 εύαγῶς
1301 3665 1439 3741 βίον,

356 3756 527 3820 Κλέτς
562 3762 841 3831 μοναστῶν
874 3759 987 3830 ἅμα
1016 3756 1106 3812 καὶ
1138 3751 1518 3832 πρεσϐυτέρων

170 3851 318 3906 9670
363 3850 554 3920 Στόμα
583 3848 645 3903 τὸ
676 3852 914 3923 χρυσοῦν
946 3849 981 3915 ἡ
1016 3843 1299 3909 θεόσδοτος
1332 3846 1520 3921 χάρις,

353 3940 417 3995 ’Π
454 3942 560 3993 τῶν
592 3937 775 4012 λόγων
807 3936 1067 4006 θάλασσα,
1101 3935 1257 4013 φύσις
1287 3937 1323 4004 ἡ
1356 3935 1502 4005 ξένη,

356 4028 635 4101 Ααμπτήρ
666 4027 907 4099 καθάπερ
941 4026 1145 4099 ἀρετῶν
1177 4023 1410 4096 λάμπων
1445 4022 1565 4102 φάει

356 4117 447 4186 Ἐξ
479 4110 775 4190 Ἀντιόχου
805 4114 1147 4189 κατηύγασεν
1180 4113 1376 4176 ἐνθέως

358 4211 474 4274 Τῆς
504 4204 917 4261 Κωνσταντίνου
946 4203 1039 4258 τὸν
1071 4202 1397 4277 περικλυτὸν
1431 4202 1644 4277 θρόνον,

171 4307 323 4362 9675
362 4305 433 4361 Ἤ
471 4301 684 4375 μᾶλλον
719 4301 890 4357 εἰπεῖν
914 4303 1013 4369 τήν
1045 4298 1411 4376 τετράκλιμον
1443 4301 1616 4355 κτίσιν

362 4388 752 4452 Διδασκαλίαις
783 4386 1065 4467 φαιδρύνει
1095 4400 1234 4459 καθη
1247 4388 1431 4464 μέραν,

363 4478 713 4551 Οἰκουμένης
745 4476 908 4547 ἤλιος
940 4476 1012 4532 ὥν
1046 4479 1425 4554 ψυχοτρόφος.

356 4567 435 4626 Οῦ
467 4572 565 4623 τοῦ
598 4568 795 4637 θρόνου
825 4572 923 4644 φεῦ
959 4567 971 4623 l
1005 4566 1404 4628 ἀπελασϐέντος
1436 4562 1640 4641 φθόνῳ,

364 4657 459 4718 Εἷς
491 4654 538 4711 δ’
568 4654 895 4724 ἀλλοδαπὴν
926 4653 1328 4730 έκδιωχθέντος
1352 4655 1525 4730 χθόνα

170 4752 319 4807 9680
356 4750 467 4815 Τήν
500 4745 554 4801 έν
587 4748 864 4819 Κομάνοις
890 4744 1127 4821 ἐσχάτην
1158 4744 1411 4819 ἐρημίαν,

356 4839 437 4895 Οὔ
470 4836 801 4909 μακαριστὸν
834 4830 966 4911 ἔσχε
994 4834 1083 4889 καὶ
1113 4836 1289 4910 τέρμα
1322 4833 1469 4910 βίου,

359 4925 601 5001 Γηραιὸς
630 4926 923 4999 Ἀρσάκιος
955 4922 1209 5000 ἔμψυχος
1246 4924 1402 4987 νέκυς

363 5014 514 5086 Πρὸς
548 5011 834 5089 βασιλίδος
860 5012 1219 5089 ἐγκατεστάθη
1255 5012 1429 5088 θρόνῳ

363 5101 654 5175 Εύδοξίας,
686 5107 784 5181 φεῦ
810 5106 927 5165 οἷος
959 5098 1032 5156 ὤν
1072 5104 1208 5175 μετὰ
1234 5105 1351 5157 τίνα
1386 5105 1397 5159 l

174 5209 325 5264 9685
363 5205 500 5262 Μετ’
529 5202 686 5271 ἣλιον
727 5202 972 5274 ζόῳωσις
999 5201 1094 5256 εἶτ’
1122 5200 1379 5274 ἀκοσμία.

359 5294 577 5353 Τούτου
609 5292 1073 5368 καταστρέψαντος
1106 5292 1157 5348 ἐν
1192 5292 1368 5368 Θρόνῳ
1403 5293 1540 5368 βίον,

363 5378 739 5460 Πρεσϐύτερός
770 5403 853 5445 τις
888 5376 1129 5451 εὐλαϐὴς
1157 5381 1489 5453 Ἐκκλησίας

353 5475 566 5544 Κλῆσιν
602 5472 873 5539 Ἀττικὸς,
904 5471 1199 5547 ἐμπρέπων
1233 5470 1362 5547 βίῳ,
1396 5471 1576 5547 λόγῳ,

355 5569 573 5639 Κοσμεῖ
601 5562 866 5639 καθέδραν
899 5564 1048 5641 ἱεράν
1082 5562 1431 5634 Βκζαντιδος.

173 5659 319 5715 9590
356 5657 492 5715 Μεθ’
533 5654 591 5710 ὅν
619 5674 704 5716 τις
740 5652 1008 5715 Σισίννιος
1041 5654 1178 5730 ἀνὴρ
1218 5648 1521 5727 πρεςϐύτης

359 5753 471 5817 Τῆς
502 5747 617 5801 κατ’
652 5741 868 5801 Ἐλαίαν
902 5738 976 5798 ὤν
1010 5744 1178 5815 θύτης
1209 5742 1526 5815 ἐκκλησίας,

1706 408 2063 464 CBSARES.

1857 533 1913 599 Α
1939 546 2134 593 vorax,
2168 545 2282 584 non
2316 534 2531 601 pastor,
2565 529 2662 585 ille
2694 528 3269 585 Pneumatomachus

1942 619 2000 673 in
2032 634 2267 689 gregem
2301 617 2532 673 Domini
2575 616 2907 673 clanculum
2942 617 3151 689 irrupit
3187 634 3200 673 :

1941 707 2122 761 donec
2153 722 2283 761 eum
2318 707 2457 761 sede
2489 705 2712 779 pepulit
2741 705 3141 775 Constantius,

1940 800 2177 867 prepter
2202 800 2466 867 patratas
2500 796 2707 863 caedes,
2732 799 2787 849 et
2818 795 3141 867 praesertim

1940 889 2175 956 propter
2204 884 2555 939 translatum
2590 882 2958 938 Constantini
2993 884 3177 954 patris

1941 989 2174 1028 sacrum
2200 975 2447 1028 cadaver
2475 989 2504 1027 e
2536 971 2754 1044 templo
2786 971 3194 1042 Apostolorum

1937 1062 2007 1117 ad
2041 1062 2318 1134 martyris
2348 1061 2539 1118 Acacii
2575 1078 2800 1116 sacram
2834 1062 3014 1115 eadem
3052 1079 3065 1118 :

1946 1161 2374 1233 substituitque
2404 1162 2687 1216 intamem
2720 1159 2857 1215 huic
2892 1160 3216 1217 Eudoxium

1937 1250 2054 1304 Arii
2089 1251 2445 1319 studiosum,
2477 1248 2683 1321 lupum
2716 1264 2820 1321 pro
2853 1254 3123 1321 pastore;

1936 1338 2196 1411 quicum
2226 1339 2432 1394 fuisset
2462 1337 2675 1411 praesul
2706 1338 3107 1407 Germaniciae,

1939 1427 2359 1483 Antiochenam
2394 1433 2595 1500 postea
2628 1427 2913 1482 tenuisset
2944 1428 3164 1496 sedem,

1933 1517 2184 1588 denique
2214 1524 2269 1572 et
2298 1517 2673 1588 Byzantinam
2706 1516 2903 1587 inique
2933 1517 3164 1572 invasit.

1932 1607 2180 1661 Secutus
2212 1611 2303 1661 est
2332 1605 2713 1676 Demophilus
2744 1606 2859 1660 Arii
2893 1606 3221 1676 discipulus

1933 1696 2032 1767 qui
2063 1710 2130 1749 ex
2161 1695 2499 1766 episcopatu
2534 1693 2868 1749 Bcrrohoeaa
2899 1694 3173 1749 Threiciae

1930 1782 2274 1849 translatus,
2308 1783 2463 1837 hunc
2494 1783 2809 1854 primatum
2844 1783 3134 1838 decoravit
3165 1799 3180 1839 :

1854 1891 1901 1955 Β
1933 1882 2101 1951 cujus
2130 1896 2260 1936 cum
2292 1881 2468 1936 vitam
2502 1881 2683 1935 fatum
2717 1880 3069 1952 abrupisset,

1932 1970 2213 2042 Evagrius
2244 1970 2577 2026 orthodoxae
2608 1975 2777 2025 tenax
2810 1970 2937 2026 ﬁdei

1934 2080 1966 2116 a
1992 2063 2169 2117 beatas
2194 2063 2486 2117 memorias
2508 2061 2813 2117 Eustathio
2845 2063 3117 2133 episcopo

1935 2151 1993 2205 in
2019 2150 2334 2223 Byzantina
2360 2151 2495 2205 sede
2528 2150 2944 2219 constituitur;

1934 2241 2036 2312 qui
2064 2240 2261 2295 statim
2296 2257 2328 2295 a
2358 2239 2599 2296 Valente
2629 2240 2790 2295 exsul
2823 2239 3083 2312 pellitur,

1937 2346 2008 2384 ne
2039 2346 2243 2401 parum
2275 2328 2511 2401 quidem
2536 2330 2844 2401 degustato
2878 2330 3116 2386 honore.

1939 2418 2151 2474 Deinde
2180 2418 2415 2489 praefuit
2445 2419 2754 2491 magniﬁce
2789 2418 3050 2475 Ecclesite

1938 2507 2253 2579 Gregorius
2283 2507 2408 2579 lyra
2436 2511 2492 2563 et
2521 2515 2716 2563 animo
2752 2508 3059 2580 theologus

1938 2614 1970 2652 a
2001 2596 2116 2651 Deo
2150 2602 2452 2668 promotus
2479 2597 2549 2651 ad
2577 2596 2734 2652 sedis
2764 2596 3231 2668 gubernaculum
3259 2613 3271 2651 :

1939 2685 2038 2756 qui
2068 2701 2131 2740 se
2162 2684 2489 2742 innumeris
2522 2684 2736 2740 obtulit
2770 2684 3045 2757 periculis

1940 2774 2083 2830 dum
2114 2774 2249 2830 forti
2282 2789 2460 2830 manu
2493 2776 2744 2847 protegit
2772 2774 3117 2833 Ecclesiam.

1938 2864 2059 2919 Sub
2090 2863 2199 2918 hoc
2221 2862 2440 2920 coaluit
2468 2867 2669 2919 contra
2700 2863 3107 2921 Macedoniam

1942 2952 2199 3008 secunda
2226 2952 2459 3007 Patrum
2489 2953 2820 3008 veneranda
2851 2954 3113 3025 synodus

1941 3044 1998 3097 in
2032 3041 2397 3097 Constantini
2426 3042 2587 3113 regia
2609 3040 2935 3113 metropoli.

1940 3130 2217 3203 Gregorio
2249 3134 2456 3203 sponte
2482 3130 2680 3187 sedem
2714 3130 3107 3203 relinquente,

1948 3221 2209 3293 synodus
2240 3220 2366 3275 urbi
2401 3220 2639 3291 praeficit
2672 3225 2967 3292 pastorem

1947 3309 2281 3365 Nectarium
2313 3309 2427 3363 vita
2455 3314 2513 3364 et
2542 3308 2754 3365 litteris
2787 3309 3129 3382 fulgentem,

1948 3403 2272 3455 senatorem
2305 3397 2561 3454 nobilem
2594 3402 2653 3454 et
2677 3397 3042 3471 optimatem,

1947 3486 2229 3544 asseclam
2261 3486 2499 3552 Christi,
2530 3487 2630 3544 sed
2665 3487 2923 3543 nondum
2954 3485 3251 3546 initiatum
3282 3504 3299 3545 :

1948 3593 2128 3650 quare
2159 3576 2455 3649 baptizant
2486 3575 2666 3633 simul
2696 3581 2753 3633 et
2782 3584 3032 3650 mystam
3066 3581 3316 3649 ungunt.

1948 3677 2139 3748 Atque
2168 3673 2278 3730 hoc
2309 3678 2509 3731 sancte
2538 3674 2718 3732 vitam
2749 3674 3158 3745 concludente,

1949 3764 2367 3822 monachorum
2399 3763 2545 3820 illud
2576 3764 2756 3821 decus
2787 3770 2843 3820 et
2872 3762 3239 3839 presbyterii,

1948 3870 2193 3912 aureum
2225 3870 2314 3921 os,
2345 3852 2575 3911 coalitus
2602 3852 2794 3927 gratia
2821 3854 2979 3923 data,

1949 3960 2109 4001 mare
2140 3942 2507 4013 eloquentiae,
2539 3941 2843 4016 ingenium
2884 3941 3313 4015 prodigiosum,

1945 4034 2231 4089 virtutum
2265 4032 2395 4089 luce
2425 4031 2746 4105 splendens
2769 4037 3053 4105 tanquam
3084 4032 3337 4107 lampas,

1947 4121 2258 4179 Antiochia
2288 4121 2567 4177 divinitus
2597 4121 2817 4178 etl‘ulsit

1949 4214 2017 4268 ad
2054 4210 2432 4285 Byzantinam
2463 4210 2929 4268 collustrandam
2964 4211 3206 4279 sedem;

1948 4302 2037 4357 vel
2072 4300 2266 4374 potius
2297 4299 2572 4356 universo
2598 4299 2791 4356 illuxit
2822 4301 3064 4371 mundo,

1952 4407 2127 4465 quem
2160 4388 2495 4461 magisterio
2526 4405 2632 4446 suo
2663 4390 2925 4462 quotidie
2953 4388 3276 4462 illuminat,

1956 4496 2088 4536 vere
2119 4478 2376 4535 universi
2405 4477 2569 4534 orbis
2598 4476 2685 4534 sol
2714 4478 3001 4535 vivificus.

1956 4575 2145 4641 Atque
2168 4567 2279 4623 hoc
2305 4568 2441 4623 sede
2472 4567 2543 4622 ab
2570 4566 2784 4623 invidis
2810 4566 3052 4639 expulso

1954 4664 2129 4730 atque
2163 4658 2235 4713 ad
2266 4661 2571 4713 extraneas
2600 4656 2911 4727 proterrito
2937 4657 3229 4729 regiones,

1952 4764 2161 4819 nempe
2191 4747 2263 4802 ad
2291 4746 2663 4801 Comanicam
2697 4746 2862 4801 Ponti
2895 4745 3300 4818 solitudinem,

1954 4838 2054 4893 ubi
2085 4841 2142 4893 et
2171 4837 2410 4892 beatum
2442 4834 2652 4891 habuit
2681 4834 2809 4890 vita:
2836 4834 3156 4892 terminum
3182 4855 3199 4905 ;

1953 4934 2289 5007 decrepitus
2321 4932 2589 4989 Arsacius
2620 4937 2677 4989 et
2705 4933 2799 4988 vix
2827 4932 3063 5004 spirans

1955 5023 2227 5083 Eudoxiaa
2252 5023 2426 5095 jussu
2462 5026 2725 5094 augustae
2756 5022 2813 5079 in
2846 5022 3126 5096 pastorali

1953 5114 2167 5189 (qualis
2200 5116 2331 5186 post
2362 5118 2646 5185 quantum
2676 5113 2714 5185 ι)
2747 5115 2842 5169 sed
2876 5112 3294 5183 constituitur;

1956 5219 2166 5277 nempe
2194 5206 2325 5275 post
2354 5200 2537 5258 solem
2567 5201 2819 5259 tenebrce
2850 5206 2909 5259 et
2937 5203 3230 5261 confusio.

1955 5297 2073 5352 Hoc
2102 5295 2281 5349 vitam
2309 5291 2486 5348 simul
2513 5292 2834 5367 sedemque
2861 5292 3249 5367 relinquente,

1953 5386 2182 5442 Atticus
2213 5381 2426 5437 ﬂorens
2459 5382 2722 5438 moribus
2752 5386 2809 5437 et
2836 5380 3071 5453 litteris,

1955 5475 2056 5549 qui
2094 5474 2223 5545 pius
2246 5475 2371 5527 erat
2402 5472 2705 5544 presbyter
2734 5472 3024 5537 Ecclesiae,

1954 5578 2183 5622 sacram
2215 5560 2445 5618 ornavit
2473 5560 2812 5618 cathedram
2849 5562 3130 5634 Byzantii.

1954 5656 2089 5711 Post
2121 5653 2277 5707 hunc
2308 5652 2656 5723 grandaevus
2683 5656 2848 5708 aatate
2876 5651 3195 5723 Sisinnius,

1953 5740 2252 5802 Ececlesire
2285 5740 2563 5798 sacerdos
2595 5741 2664 5799 ad
2697 5742 2897 5799 Oleam
2932 5743 3155 5815 posite,
