4250 6432
671 395 779 452 855
1882 394 2255 449 ΕΡΗΒΕΜΙῙ
2288 392 2349 449 Cl

1882 394 2255 449 ΕΡΗΒΕΜΙῙ
2288 391 2858 450 CEIONOGBAPHI

659 519 849 589 utilis,
885 516 1071 587 mitis,
1103 516 1477 572 venerandus
1507 518 1727 588 pastor.

652 611 775 675 Quo
808 610 1067 677 mortuo,
1097 604 1401 662 Nestorius
1430 605 1705 661 sacerdos
1734 602 1875 660 olim

650 697 1022 753 Antiochena
1055 695 1344 761 Ecclesia,
1379 693 1544 766 impii
1574 694 1893 766 dogmatis,

650 792 986 861 protervum
1018 802 1103 851 os,
1132 790 1190 840 et
1220 784 1456 840 animus
1487 784 1792 855 profanus,

646 878 1044 947 exiliosusque
1073 873 1273 945 lupus,
1307 873 1507 928 sedem
1537 871 1749 928 insilit.

649 972 836 1037 Atque
866 965 918 1020 is
949 968 1147 1019 tamen
1178 964 1388 1017 exutus
1419 960 1724 1033 dignitate,

646 1065 787 1137 quia
816 1063 1155 1135 spuriorum
1187 1061 1532 1131 dogmatum
1567 1064 1770 1115 auctor
1799 1062 1944 1127 erat,

645 1155 716 1210 ab
750 1152 1041 1223 Ephesino
1074 1149 1245 1205 tertio
1277 1148 1524 1204 concilio

648 1242 743 1298 cui
775 1243 1019 1313 praerat
1044 1236 1296 1307 Cyrillus
1328 1235 1779 1302 Alevandrinus,

640 1332 802 1404 justo
837 1329 898 1384 in
928 1328 1200 1383 exsilium
1233 1324 1474 1396 pellitur
1497 1324 1743 1395 judicio.

646 1419 866 1475 Deinde
898 1416 1052 1473 sedit
1081 1415 1400 1488 Byzantina
1428 1413 1487 1468 in
1521 1413 1803 1469 cathedra

647 1510 822 1564 homo
853 1508 1177 1575 Romanus,
1199 1501 1467 1559 Ecclesia
1501 1503 1798 1569 sacerdos,

641 1596 1033 1653 Maximianus
1065 1591 1421 1649 orthodoxia
1451 1590 1745 1647 columen.

644 1690 965 1757 Postquam
997 1683 1093 1737 hic
1124 1685 1339 1737 terram
1372 1696 1507 1735 cum
1540 1678 1683 1734 calo
1708 1677 2115 1748 commutavit,

640 1774 832 1831 Patris
862 1771 1261 1845 Chrysostomi
1294 1768 1543 1825 dilectus
1575 1768 1905 1841 discipulus

640 1881 806 1920 sacer
836 1867 1067 1918 creatur
1098 1859 1432 1932 patriarcha
1462 1857 1703 1913 Proclus
1735 1874 1748 1911 :

640 1952 742 2025 qui
777 1951 1083 2008 ordinatus
1114 1948 1254 2003 olim
1287 1953 1488 2019 pastor
1517 1946 1701 2019 Cyzici

638 2060 673 2098 a
700 2043 870 2097 beato
900 2038 1163 2095 Sisinnio
1195 2037 1553 2109 patriarcha,

639 2149 673 2187 a
703 2132 996 2204 Cyzicenis
1026 2130 1223 2184 nescio
1256 2144 1361 2181 cur
1389 2126 1683 2197 exclusus,

638 2222 873 2280 interim
906 2236 1123 2275 vacuus
1153 2219 1226 2273 ab
1256 2217 1448 2274 ofﬁcio
1478 2218 1690 2285 fuerat,

638 2330 795 2370 nunc
825 2312 895 2367 ad
930 2308 1189 2381 Byzantii
1222 2310 1528 2378 promotus
1558 2310 1647 2362 est
1677 2305 2035 2362 cathedram.

639 2409 1008 2468 Dominicum
1043 2407 1138 2462 hic
1172 2421 1407 2477 gregem
1434 2409 1589 2460 recte
1622 2405 1800 2476 pavit,

638 2499 1032 2570 mortalesque
1063 2496 1302 2552 exuvias
1334 2494 1606 2566 magistri
1636 2494 1729 2550 sui

633 2589 860 2648 curavit
887 2584 1287 2660 pervehendas
1319 2584 1390 2639 ad
1424 2583 1813 2655 metropolim.

634 2679 836 2736 Proclo
868 2694 933 2732 ex
968 2676 1233 2732 convictu
1266 2674 1571 2729 hominum
1604 2671 1837 2727 sublato

632 2769 941 2825 Flavianus
971 2766 1089 2821 veri
1121 2763 1413 2835 dogmatis
1445 2762 1718 2819 defensor

636 2857 907 2914 Ecclesia
942 2858 1153 2910 nostra
1184 2851 1488 2924 presbyter
1517 2851 1796 2907 alumnus

634 2948 1047 3020 pontiﬁcatum
1078 2942 1223 2998 adiit
1256 2942 1430 3013 digne
1460 2942 1803 2997 admodum.

635 3041 769 3093 Post
798 3051 971 3107 quem
1004 3032 1361 3088 exstinctum
1392 3048 1462 3087 ex
1494 3030 1648 3087 calce
1680 3030 1939 3087 Dioscori

629 3128 691 3182 in
722 3124 1017 3198 Ephesius
1043 3123 1265 3195 synodo
1296 3120 1645 3191 latrocinali,

629 3216 730 3271 ubi
763 3217 1052 3269 rectorum
1085 3213 1428 3281 dogmatum
1461 3213 1753 3282 protector
1781 3213 1926 3280 erat,

629 3304 905 3360 sacerdos
930 3300 1242 3356 Anatolius
1275 3299 1713 3354 Alexandrinus

626 3406 861 3458 creatur
890 3404 1089 3473 pastor
1115 3396 1703 3469 Constantinopoleos
1729 3416 1744 3466 ;

626 3492 803 3564 cpilio
836 3491 1047 3554 bonus,
1082 3493 1253 3543 recta
1279 3487 1412 3542 ﬁdei
1444 3487 1648 3551 turris,

628 3582 739 3637 sub
772 3597 888 3653 quo
919 3576 1149 3634 concilii
1182 3577 1375 3648 quarti
1406 3592 1572 3632 sacer
1600 3580 1785 3632 catus

631 3669 855 3726 utiliter
884 3667 1247 3724 Chalcedone
1278 3670 1671 3737 congregatus

626 3760 885 3816 alienum
916 3756 1235 3813 declaravit
1264 3755 1336 3811 ah
1369 3755 1631 3812 Ecclesia

622 3846 1082 3904 Alexandrinum
1118 3844 1399 3900 miserum
1439 3845 1800 3914 Dioscorum,

626 3953 759 3993 cum
785 3934 1105 4007 Eutychete
1137 3938 1194 3989 et
1223 3934 1357 3990 aliis
1385 3936 1544 4007 paris
1576 3934 1838 3990 furfuris.

627 4029 835 4084 Postea
866 4024 1209 4081 Gennadius
1238 4023 1325 4079 vir
1348 4025 1642 4096 egregius,

629 4115 764 4171 ﬁdei
796 4120 972 4185 typus
1004 4118 1063 4169 et
1082 4113 1274 4169 omnis
1307 4113 1656 4181 honestatis,

629 4204 899 4261 Ecclesia
932 4202 1216 4259 alumnus
1244 4201 1421 4258 simul
1455 4207 1513 4259 et
1540 4203 1835 4273 sacerdos,

622 4295 851 4351 clavum
885 4292 1144 4364 suscepit
1175 4293 1497 4363 regendum
1528 4292 1817 4348 Ecclesia.

628 4388 772 4446 Post,
790 4400 965 4455 quem
998 4382 1244 4437 Acacius
1275 4382 1673 4454 orphanorum
1708 4399 1943 4455 prases,

623 4474 924 4547 presbyter
953 4470 1245 4541 Ecclesia,
1278 4473 1377 4527 sed
1414 4476 1574 4527 secta
1604 4472 1922 4544 pessimus,

623 4561 1087 4637 patriarchatum
1118 4560 1385 4632 improbe
1416 4561 1733 4633 subripuit.

624 4664 680 4719 Is
715 4662 893 4718 etiam
926 4665 1197 4733 quartam
1229 4664 1621 4719 venerandam
1648 4664 1965 4733 synodum,

622 4757 913 4825 quantum
943 4751 1000 4806 in
1035 4752 1163 4823 ipso
1195 4757 1338 4820 erat,
1374 4752 1623 4807 abolevit
1656 4752 1849 4809 miser.

624 4847 763 4899 Post
793 4842 949 4897 hunc
980 4840 1201 4914 duplici
1225 4858 1357 4897 vere
1386 4842 1743 4898 exstinctum
1776 4846 1962 4900 morte

623 4932 880 4989 Flavitas
910 4931 1215 5004 presbyter
1247 4931 1575 4987 ministerio
1607 4933 1881 4989 addictus

622 5024 682 5079 in
715 5022 937 5095 templo
967 5020 1197 5078 Thecla
1227 5021 1503 5095 martyris
1536 5024 1693 5095 apud
1723 5028 1923 5094 Sycas,

620 5114 904 5188 profanus
936 5117 993 5169 et
1023 5112 1411 5186 blasphemus
1444 5114 1879 5187 monophysita,

622 5208 800 5277 atque
830 5202 1104 5259 Acaciani
1132 5204 1429 5276 dogmatis
1460 5207 1736 5270 sectator,

624 5292 1089 5365 patriarchatum
1122 5298 1326 5349 contra
1349 5294 1453 5364 jus
1484 5293 1761 5349 obtinuit.

623 5386 739 5439 Hoc
770 5385 968 5438 autem
1002 5382 1174 5438 breve
1206 5388 1439 5439 mortuo
1472 5387 1607 5455 post
1636 5388 1887 5455 tempus,

617 5471 983 5545 Enphemius
1014 5476 1177 5527 tanto
1210 5471 1424 5543 dignus
1459 5471 1783 5527 sacerdotio

621 5564 927 5637 presbyter
956 5562 1185 5634 pridem
1220 5562 1277 5617 in
1310 5560 1572 5618 Ecclesia
1603 5562 1724 5630 Dei,

618 5652 981 5726 Neapolique
1008 5668 1221 5725 prases
1253 5652 1678 5725 orphanorum,

620 5746 692 5803 ad
727 5760 1028 5801 summam
1061 5742 1401 5800 cathedram
1435 5742 1657 5815 optime
1689 5742 1969 5817 deligitur
2000 5758 2013 5798 :

2344 516 2402 583 Α
2602 518 2804 589 Πρᾶος,
2833 514 3063 591 γεραρὸς
3093 516 3183 571 καὶ
3209 514 3411 590 νομεὺς
3430 514 3807 595 ψυχοτρόφος.

2597 602 2799 658 Τοότου
2827 603 3100 674 θανόντος,
3133 604 3425 679 Νεστόριός
3455 626 3539 667 τις
3570 607 3737 675 θύτης

2598 694 2715 758 Τῆς
2748 693 3041 770 Ἀντιόχου
3072 690 3337 764 δυσσεϐὴς
3362 694 3454 751 καὶ
3485 696 3775 773 κακόφρων

2425 778 2569 836 9695
2609 783 2798 855 Στόμα
2828 780 3094 859 βδελυρὸν
3124 785 3215 839 καὶ
3250 780 3492 860 βέϐηλος
3522 782 3741 861 καρδία,

2594 872 2662 927 Ἣ
2697 868 2915 944 λυμεὼν
2949 871 3117 934 λύκος
3146 893 3248 941 τις,
3283 870 3505 945 ἐμπηδᾷ
3535 874 3731 947 θρόνῳ·

2595 961 2781 1021 Ὅστις
2806 960 3114 1035 γυμνωθεὶς
3144 960 3445 1033 ἱερωσύνης
3473 959 3671 1035 θρόνου

2596 1048 2674 1101 Δι’
2706 1048 2839 1121 ἅπερ
2872 1047 3139 1118 ἠρεύξατο
3171 1046 3422 1123 δόγματα
3450 1048 3584 1112 νόθα

2595 1136 2738 1212 Ηρὸς
2771 1134 3002 1191 συνόδου
3030 1137 3219 1212 τρίτης
3250 1138 3350 1205 τὴς
3385 1136 3436 1192 ἐν
3469 1137 3681 1213 Ἐφέσῳ

2412 1235 2554 1289 9700
2592 1239 2694 1295 "ll:
2728 1237 3044 1309 προστάτης
3074 1233 3354 1309 Κύριλλος
3387 1231 3819 1311 Ἀλεξανδρείας,

2592 1322 2688 1384 Εἷς
2719 1322 2925 1397 ἰξορίαν
2958 1322 3304 1394 ἀπελήλαται
3346 1321 3494 1399 δικῃ.

2592 1413 2702 1468 Εἶτ’
2729 1413 3024 1487 ἐγκατέστη
3056 1418 3136 1485 τῷ
3167 1411 3492 1482 Βυζαντίδος
3524 1412 3701 1488 θρόνῳ

2587 1502 2733 1556 Γὲνει
2760 1507 3033 1574 Ῥωμαῖος
3061 1502 3152 1557 καὶ
3184 1500 3348 1572 θύτης
3381 1500 3707 1572 Ἐκκλησίας

2586 1592 2923 1666 Μαξιμιανὸς
2952 1590 3270 1664 ὀρθοδοξίας
3305 1593 3481 1667 βάσιςο

2409 1682 2557 1738 9705
2596 1683 2764 1745 Γῆθεν
2801 1683 3161 1755 μεταστάντος
3204 1679 3262 1736 δὲ
3291 1679 3449 1736 τοῦδε
3478 1681 3617 1756 πρὸς
3647 1678 3845 1749 πόλον,

2586 1769 2811 1840 Μύστης
2842 1767 3073 1846 φιλητὸς
3100 1774 3198 1825 τυῦ
3230 1770 3438 1843 Ηατρὸς
3458 1769 3851 1845 Χρυσοστόμου

2330 1868 2377 1929 Β
2585 1859 2911 1915 Καθίσταται
2942 1857 3211 1935 πρόεδρος
3239 1859 3385 1936 ἱερὸς
3413 1859 3687 1932 Πρόκλος,

2578 1950 2765 2011 Ὅστις
2794 1970 2855 2024 γε
2884 1949 3129 2023 χρισθείς
3162 1946 3547 2024 ποιμενάρχης
3581 1947 3820 2017 Κυζίκου

2573 2039 2715 2113 Πρὸς
2758 2037 3003 2092 Σισινίου
3040 2041 3375 2111 μακαριστοῦ
3404 2038 3671 2110 ποιμένος

2392 2130 2531 2183 9710
2574 2126 2675 2183 Καὶ
2708 2132 3027 2197 Κυζικηνοῖς
3060 2128 3136 2198 μὴ
3168 2123 3384 2200 δεχθεὶς
3415 2125 3516 2180 οῦκ
3546 2123 3650 2179 οἷδ’
3681 2124 3833 2180 ὅπως

2571 2218 2749 2292 ’Ἀγων
2775 2214 2991 2290 σχολὴν
3023 2211 3080 2269 δὲ
3107 2214 3199 2269 τὸν
3234 2211 3497 2287 διαμὲσου
3530 2213 3751 2288 χρόνον,

2570 2306 2691 2360 Τότ⁹
2721 2304 2797 2369 εἰς
2825 2302 3089 2380 καθεδραν
3120 2302 3293 2379 ῄρίθη
3326 2300 3675 2372 Βυζαντίδος.

2572 2395 2817 2468 Ποίμνην
2851 2391 2909 2449 δὲ
2937 2395 3123 2457 καλῶς
3151 2395 3525 2466 ποιμάναντος
3558 2391 3834 2447 Δεσπότου

2573 2483 2915 2541 Διδασκὰλου
2947 2483 3107 2557 σῶμά
3132 2504 3193 2538 τε
3222 2483 3656 2559 συνηργηκότοςο

2392 2587 2535 2641 9715
2574 2581 3037 2655 Ἀνακομισθῆναί
3066 2602 3127 2657 γε
3164 2582 3300 2657 πρὸς
3329 2580 3494 2637 πόλιν
3520 2582 3773 2657 κράτους,

2573 2674 2708 2731 Εἶτα
2736 2670 2998 2736 λιπόντος
3023 2675 3267 2748 γηγενῶν
3298 2670 3613 2746 παροικίαν,

2573 2766 2783 2839 Ὀρθῶν
2808 2760 3105 2837 πρόμαχος
3129 2755 3445 2822 Φλαϐιανὸς
3475 2758 3761 2835 δογμάτων
3825 2750 3828 2752 ’

2572 2846 2939 2926 Πρεσϐύτερος
2970 2851 3243 2927 τρόφιμος
3274 2844 3347 2903 ὥν
3378 2848 3706 2919 Ἐκκλησίας

2570 2937 2867 3017 Προεδρίαν
2900 2937 3094 3017 εἷἈηφε
3127 2936 3257 3011 μάλ’
3285 2937 3538 3009 ἐπαξίως.

2390 3036 2533 3090 9720
2572 3032 2753 3105 Οῦπερ
2787 3030 3041 3095 θανόντος
3074 3028 3318 3084 λακτίσει
3349 3028 3649 3103 Διοσκόρου

2571 3124 2659 3176 Ἐν
2693 3118 2953 3197 Ἐφεσίων
2986 3119 3262 3193 λῃστρικῷ
3290 3116 3549 3190 συνεδρίῳ

2312 3236 2356 3303 C
2573 3212 2661 3273 Ὡς
2693 3208 3153 3283 ῦπερασπίζοντος
3187 3207 3362 3303 όρθῶν
3372 3204 3709 3303 -δογμάτων,

2573 3301 2750 3371 Θύτης
2786 3297 3104 3359 Ἀνατόλιος
3139 3294 3549 3371 Ἀλεξανδρείας

2568 3391 2783 3463 [ιοιμήν
2818 3383 3168 3443 άναδὲδεικτο
3191 3389 3290 3450 τῆς
3324 3383 3727 3440 Κωνσταντίνου

2384 3484 2527 3537 9⁵725
2564 3478 2782 3552 Νομεὺς
2814 3478 3040 3552 ἀγαθὸς,
3072 3475 3282 3549 πύρλος
3312 3471 3649 3549 ὁρθοδοξίας’

2567 3570 2684 3645 Ἐφ’
2715 3567 2777 3621 οὗ
2804 3567 3069 3640 τετάρτης
3097 3561 3325 3618 συνόδου
3354 3564 3499 3617 θεῖον
3533 3560 3719 3640 στίφος

2565 3656 2765 3717 Καλῶς
2796 3654 3015 3718 ἆλισθὶν
3051 3652 3103 3707 ἂν
3136 3651 3298 3707 πόλει
3329 3649 3643 3721 Χαλκηδόνι

2568 3743 3107 3821 Ἀλλοτριονιτίθησι
3138 3744 3237 3811 τῆς
3270 3740 3599 3812 Ἐκκλησίας

2567 3836 2863 3911 Διόσκορον
2894 3830 3159 3903 δύστηνον
3192 3827 3604 3903 ’Δλεξανδρείας

2385 3938 2528 3994 9730
2565 3934 2703 4008 "Apf
2732 3932 2975 4007 Εὐτυχεῖ
3000 3950 3059 3986 τε
3086 3929 3176 3985 καὶ
3207 3928 3384 4007 σφίσιν
3418 3928 3781 4004 ὁμοτρόποις.

2566 4026 2793 4082 Ἔπειτα
2822 4017 3111 4081 Γεννάδιος
3141 4018 3280 4095 ἀνὴρ
3311 4016 3593 4094 γεννάδας,

2564 4116 2680 4183 Τῆς
2711 4106 2985 4182 εὐσεϐείας
3016 4109 3106 4164 καὶ
3136 4107 3310 4164 καλοὸ
3340 4108 3542 4170 παντὸς
3575 4106 3767 4169 τύπος.

2564 4200 2892 4273 Ἐχκλησίας
2919 4198 3191 4277 τρόφιμος
3218 4197 3332 4271 ἅμα
3368 4196 3459 4252 καὶ
3492 4196 3681 4268 θύτης,

2562 4292 2697 4354 Τοὺς
2731 4288 2920 4351 οἷάκας
2951 4286 3100 4352 ἴθυνε
3127 4292 3228 4356 τῆς
3261 4285 3616 4357 ’Βκκλησίας.

2382 4386 2526 4442 9735
2565 4382 2694 4438 Μεθ’
2723 4379 2781 4435 δν
2810 4400 2901 4434 τισ
2929 4376 3180 4438 Ἀκάκιος
3224 4374 3654 4453 ὁρφανοτρόφος,

2565 4469 2900 4540 Έκκλησίασ
2930 4466 3097 4536 θύτης
3128 4486 3188 4520 τε
3218 4466 3481 4525 κάκιστος
3510 4459 3691 4535 σέϐας,

2309 4599 2356 4663 D
2564 4564 2758 4621 Κακῶς
2787 4558 3170 4634 ἱπεισὲφρησεν
3304 4551 3591 4663 πριξδρίᾳ·

2563 4654 2753 4711 ’Ὁστις
2782 4648 3045 4722 τετάρτην
3076 4642 3301 4699 σύνοδον
3336 4638 3632 4717 σεϐασμίαν

2568 4742 2646 4801 Τό
2676 4742 2726 4818 γ’
2755 4738 2832 4801 εἷς
2865 4737 3055 4793 ἑαυτὸν
3089 4736 3283 4809 ἀκυροῖ
3312 4737 3521 4812 ψήφοις
3550 4733 3744 4797 τάλας.

2386 4847 2530 4903 9740
2566 4840 2778 4899 Τούτου
2809 4838 3067 4899 θανόντος
3095 4836 3187 4891 τὸν
3214 4832 3445 4890 διπλοῦν
3478 4831 3649 4897 ὅντως
3685 4834 3857 4909 μόρον

2567 4931 2737 5005 Ἀνὴρ
2774 4922 3055 4988 Φλαϐίτας
3088 4926 3364 5002 μάρτυρος
3392 4929 3525 4979 ναοῦ
3555 4923 3767 4995 eum

2566 5023 2678 5079 Τοῦ
2700 5020 2835 5075 κατὰ
2867 5022 3043 5079 Συκᾶς
3069 5014 3421 5089 διακειμένου
3452 5014 3639 5085 θύτης,

2572 5109 2836 5185 Ἀνίερος,
2875 5105 3231 5183 βλάσφημος,
3264 5102 3621 5181 Οίοφυσίτης,

2570 5197 2811 5270 Ἀκακίῳ
2844 5195 3125 5268 σύμπνους
3157 5193 3247 5249 καὶ
3279 5194 3549 5272 σύμφρων
3585 5187 3768 5261 σιϐας,

2390 5294 2535 5351 9745
2576 5286 2839 5358 ’Δναξίως
2873 5282 3078 5359 ἔσχηκε
3103 5284 3205 5354 τήν
3227 5280 3545 5358 προεδρίαν.

2571 5376 2782 5438 Τούτου
2812 5373 3239 5444 τελευτήσαντος
3269 5370 3321 5427 ἂν
3357 5372 3560 5448 βραχεῖ
3588 5370 3800 5447 χρόνῳ,

2571 5468 2723 5546 Εύφή
2736 5486 2860 5538 μιος
2888 5464 3034 5535 ἄξιος
3069 5462 3353 5538 ῒεραρχίας

2571 5551 2941 5633 Πρεσϐύτερος
2980 5555 3074 5627 μὶν
3105 5560 3207 5622 τῆς
3236 5556 3369 5608 Θεοῦ
3399 5553 3452 5628 γ’
3474 5549 3764 5623 Εκκλησία

2568 5651 2677 5718 Τῆς
2701 5644 2746 5701 δ’
2778 5644 2843 5700 αῦ
2871 5642 3197 5705 Νεαπόλεως
3219 5640 3654 5721 ὁρφανοτρόφος,

2389 5746 2533 5801 9750
2572 5734 2885 5798 Πιστεύεται
2916 5730 3186 5790 κάλλιστα
3216 5734 3315 5803 τήν
3348 5730 3677 5808 προστασίαν
