4250 6432
169 405 278 461 357

349 531 535 592 Ὀσιος
558 528 718 601 άνήρ,
747 527 1050 606 ὀρθοδόξων
1083 529 1413 607 προστάτης,

349 619 550 673 “Οντιν’
581 619 874 692 ἀναθέματι
908 621 984 693 μὴ
1013 621 1372 693 πεπεισμένον

349 702 765 762 Καθυποϐαλεῖν
798 705 1027 763 σύνοδον
1057 704 1374 785 τρισολῦίαν

351 797 441 852 Ἐν
476 793 787 865 Χαλκηδόνι
820 796 1224 861 ωναλισθεῖσαν
1257 798 1429 853 πάλαι

166 887 310 942 9755
351 884 516 966 Ἂναξ
551 884 898 947 Ἀναστάσιος
928 881 1174 942 ἐκϐαλὼν
1209 887 1428 963 θρόνου,

350 973 584 1044 Τίθησιν
614 973 883 1049 ἐξόριστον
916 973 1092 1047 ἀδίκῳ
1123 974 1267 1050 δικῃ·

346 1063 726 1133 Ἀντικαθιστᾷ
752 1062 798 1117 δ’
829 1063 905 1125 εἷς
937 1065 1130 1136 θρόνον
1163 1061 1490 1133 Βυζαντίδος

349 1155 567 1204 Σκευῶν
605 1153 768 1225 μέγαν
802 1152 1017 1230 φύλακα
1045 1160 1145 1222 τῆς
1182 1151 1510 1223 Ἐκκλησίας

350 1244 506 1293 Θεῖον
539 1237 872 1294 Μακεδόνιον
904 1239 962 1295 ἐκ
991 1236 1390 1316 πρεσϐυτέρων·

161 1331 304 1386 9760
344 1331 445 1386 ’Ὁν
480 1331 738 1400 ἀθετῆσαι
773 1330 1047 1405 μηδαμῶς
1080 1333 1362 1407 ᾑρημίνον

344 1418 654 1490 Εἰρημὲνον
688 1419 940 1492 σύστημα
971 1426 1180 1476 σεπτῶν
1210 1422 1490 1496 Πατέρων,

343 1507 446 1568 Εἰς
481 1506 732 1582 Εύχάϊτα
763 1506 1048 1585 φυγαδεύει
1079 1512 1181 1579 τὴν
1214 1506 1402 1566 πόλιν.

351 1597 626 1669 Τιμόθεον
660 1595 707 1651 δ’
736 1596 928 1670 ἄτιμον
963 1597 1320 1674 ἐγκαθιδρύει,

351 1685 528 1756 Θύτην
566 1687 661 1758 μὲν
692 1683 841 1756 ὄντα,
877 1687 1258 1765 σκευοφύλακά
1285 1691 1327 1742 θ’
1362 1691 1474 1761 ἅμα

162 1784 308 1839 9765
342 1783 675 1852 Ἐκκλησίας
707 1784 858 1858 πρὶν,
890 1786 1159 1860 αἱρετικὸν
1191 1784 1238 1841 δ’
1264 1787 1328 1841 αὖ
1361 1783 1546 1855 σέϐας,

351 1871 715 1946 Ὀρθόφροσιν
746 1875 918 1948 ἁζχθος
948 1896 1000 1929 τι
1034 1876 1263 1952 φανέντα
1296 1877 1455 1950 μέγα.

348 1961 556 2015 Τούτου
586 1962 1058 2036 καταστρέψαντος
1084 1963 1292 2028 ἀθλίως
1330 1966 1468 2039 βίον,

358 2052 616 2121 Ἰωάννης
645 2050 954 2126 σύγκελλος
991 2056 1102 2126 ἅμα
1132 2056 1220 2109 καὶ
1255 2055 1444 2126 θύτης,

357 2138 506 2194 Γὲνει
539 2138 906 2211 Καππαδόκης
939 2140 1018 2211 δὲ,
1053 2137 1320 2214 λαμϐάνει
1354 2144 1566 2216 θρόνον·

169 2230 317 2284 9770
359 2230 541 2304 Οὗπερ
568 2229 996 2300 τελευτήσαντος
1030 2231 1080 2285 ἐν
1113 2229 1398 2307 προεδρίᾳ,

360 2320 681 2391 Ἐπιφάνιος
713 2317 959 2396 ἐμφανὴς
990 2319 1061 2374 ὣν
1096 2326 1186 2375 τὸν
1222 2320 1337 2396 βίον

358 2403 733 2484 Ηρεσὸύτερος
766 2408 1071 2484 σύγκελλος
1102 2408 1229 2487 ἔσχε
1257 2411 1347 2466 τὸν
1381 2412 1594 2486 θρόνον.

355 2497 565 2554 Τούτου
607 2497 864 2561 θανόντος
897 2499 1160 2572 ’Λνθιμος
1190 2503 1600 2575 Τραπεζοῦντος

356 2581 657 2656 Ἐπιϐάτης
689 2584 932 2642 δέδεικτο
962 2592 1060 2642 τοῦ
1093 2593 1291 2644 σεπτοῦ
1323 2591 1538 2663 θρόνου,

165 2684 311 2739 9775
354 2684 545 2741 Νοσῶν
581 2678 830 2760 Σεὸήρου
861 2685 949 2740 καὶ
986 2685 1288 2760 Διοσκόρου
1318 2687 1500 2757 νόσον,

349 2774 448 2830 “Ov
479 2773 786 2848 Ἀγαπητὸς
817 2773 1062 2838 καθελὼν
1092 2776 1313 2848 Ῥώμης
1341 2778 1546 2840 πάπας.

355 2862 452 2924 Εἰς
481 2862 861 2938 ποιμενάρχην
889 2866 990 2933 τῆς
1025 2862 1309 2940 βασιλίδος
1344 2865 1487 2942 χρίει

353 2953 544 3022 Μηνᾶν
579 2951 732 3028 λόγῳ
763 2951 1054 3026 λάμποντα
1081 2954 1172 3008 καὶ
1209 2955 1314 3030 βίῳ
1343 2953 1509 3012 πλέον

350 3040 684 3113 Ἐκκλησίας
713 3042 983 3121 τρόφιμον
1013 3039 1143 3098 ὄντα
1170 3045 1260 3098 καὶ
1295 3045 1460 3116 θύτην

162 3132 310 3186 9780
351 3127 736 3207 ⁹Δλεξανδρέα,
765 3136 874 3186 τῶν
907 3133 1150 3206 Σαμψὼν
1184 3131 1494 3209 ξενοδόχον.

349 3218 531 3294 Οὗπερ
563 3219 999 3293 μεταλλάξαντος
1032 3221 1236 3298 εύαγῶς
1271 3223 1389 3298 βίον

351 3307 620 3384 Εὐτύχιός
650 3330 735 3372 τις
764 3311 853 3365 καὶ
893 3312 1168 3383 μοναστης
1198 3313 1286 3366 καὶ
1316 3311 1482 3384 θύτης

349 3399 541 3467 Μανῆς
571 3400 690 3453 κατ’
719 3398 1014 3472 ’Λμάσειαν
1048 3399 1425 3476 εὐαγεστάτης,

344 3486 534 3561 Λόγων
569 3489 782 3564 ἑταῖρος
813 3489 1009 3565 ἀρετῆς
1040 3492 1092 3545 τ’
1122 3491 1186 3545 αὗ
1217 3488 1472 3566 ἐργάτης,

159 3587 306 3642 9785
346 3586 566 3660 Νομιὺς
596 3587 796 3662 ἀγαθὸς
829 3589 979 3644 ὧπτο
1013 3594 1249 3664 Χριστοῦ
1277 3592 1629 3667 θρεμμάτων

343 3677 464 3754 Ἐφ’
494 3679 558 3732 οὗ
588 3699 650 3752 γε
679 3677 941 3751 πέμπτης
973 3678 1202 3736 συνόδου
1237 3686 1384 3745 θεῖον
1418 3683 1603 3762 στίφος

347 3768 553 3829 Καλῶς
580 3767 799 3832 άλισθὲν
835 3768 887 3824 ἐν
921 3767 1164 3845 βασιλίδι
1197 3768 1357 3826 πόλει

350 3862 622 3932 Στοιχοῦν
651 3856 912 3934 τετάρτης
948 3857 1174 3914 συνόδου
1205 3860 1371 3924 θείοις
1404 3862 1553 3936 ὅροις

347 3947 552 4009 Αύτοῖς
585 3969 649 4023 γε
679 3951 1068 4024 συγγράμμασι
1098 3949 1191 4005 τὸν
1226 3949 1508 4027 Ὠριγὲνην

159 4038 306 4094 9790
349 4036 581 4108 Τίθησιν
614 4036 945 4114 ἐκκήρυκνον
981 4040 1094 4114 ἅμα
1126 4037 1351 4113 Διδύμῳ

349 4127 449 4181 Καὶ
482 4125 763 4202 Θεόδωρον
793 4128 885 4183 τὸν
913 4136 1012 4198 τῆς
1034 4129 1430 4204 Μοψουεστίας.

350 4217 691 4288 Ἐξωσμὲνυυ
725 4217 918 4285 θρόνου
945 4215 1003 4273 δὲ
1032 4216 1180 4274 τοῦδ’
1212 4219 1489 4295 Εὖτυχίου

345 4307 466 4378 Ἐφ’
495 4303 666 4378 οὗπερ
698 4304 964 4382 ἐξήλεγχε
991 4308 1083 4362 τὸν
1117 4307 1343 4383 βασιλέα

346 4393 538 4469 Δόγμα
567 4396 836 4470 στυγητὸν
868 4397 1204 4471 κρατύνοντα
1233 4397 1321 4452 καὶ
1355 4397 1510 4462 νόθον

1710 409 2068 464 οδεΑιιεε.

1859 535 1914 601 Α

1944 531 2033 587 vir
2063 535 2306 588 sanctus
2332 536 2389 587 et
2418 536 2708 603 protector
2735 533 3193 590 orthodoxorum
3230 548 3245 590 :

1938 636 2116 692 quem
2146 623 2484 675 renuentem
2518 621 2770 677 subdere
2800 621 3159 677 anathemati

1935 709 2172 765 beatum
2206 708 2372 765 illum
2404 715 2617 767 ccstum
2650 711 3063 783 episcoporum

1935 797 2036 868 qui
2065 798 2424 854 Chalcedone
2457 800 2596 855 olim
2628 805 2863 856 coactus
2892 802 3103 868 fuerat,

1935 887 2123 942 Caesar
2148 904 2178 943 e
2204 888 2339 943 sede
2371 889 2595 960 depulit
2624 890 2977 945 Anastasius

1935 980 2339 1048 extorremque
2371 977 2500 1032 fecit
2530 978 2719 1032 edicto
2750 978 2955 1048 iniquo
2990 996 3003 1035 :

1937 1076 2184 1145 ejusque
2214 1073 2338 1130 loco
2367 1075 2436 1130 ad
2470 1075 2806 1132 cathedram
2841 1077 3096 1146 Byzantii

1935 1162 2141 1218 extulit
2171 1180 2452 1235 magnum
2485 1163 2748 1220 Ecclesia:
2780 1165 3257 1236 scev0pbylacem

1935 1253 2131 1309 divum
2160 1254 2563 1310 Macedonium
2597 1260 2732 1310 tunc
2767 1256 3192 1325 presbyterum,

1934 1358 2109 1413 quem
2141 1343 2280 1398 item
2314 1348 2654 1400 renuentem
2686 1343 3002 1401 valedicere

1934 1431 2206 1502 pradicto
2237 1431 2473 1487 Patrum
2503 1433 2683 1488 nobili
2711 1433 2953 1488 concilio

1934 1521 2000 1574 ad
2036 1519 2237 1574 urbem
2269 1520 2667 1577 Euchaiticam
2699 1522 2889 1576 Caesar
2916 1521 3138 1594 expulit
3169 1562 3182 1576 .

1935 1608 2429 1680 Timotheumque
2461 1611 2778 1681 ignobilem
2811 1611 3084 1678 obtrusit,

1935 1696 2293 1752 sacerdotem
2327 1696 2566 1768 quidem
2598 1703 2655 1753 et
2687 1698 3165 1770 scevophylacem

1939 1785 2204 1842 Ecclesiae
2239 1785 2486 1857 pridem,
2521 1787 2620 1842 sed
2655 1786 2863 1842 heresi
2895 1785 3187 1858 pollutum
3224 1803 3236 1842 :

1865 1885 1912 1950 B
1942 1883 1998 1938 id
2033 1886 2188 1954 quod
2221 1884 2518 1956 aegerrime
2548 1884 2808 1940 tulerunt
2839 1884 3169 1940 orthodoxi.

1860 3244 1904 3313 C

151 4493 302 4546 9795
343 4493 469 4547 Τῶν
505 4491 676 4566 σάρκα
708 4492 950 4567 φθαρτὴν
1007 4493 1083 4564 μή
1118 4490 1393 4567 λεγόντων
1430 4500 1582 4571 σχεῖν
1620 4496 1826 4573 Λόγον,

343 4579 726 4654 Σχολαστικός
756 4602 839 4642 τις
874 4576 1102 4651 εὐσεϐὴς
1131 4584 1386 4654 Ἰωάννης

341 4672 457 4735 Τῆς
489 4670 786 4744 Ἀντιόχου
817 4670 1104 4746 τυγχάνων
1140 4672 1446 4744 θυηπόλος,

339 4755 636 4834 Προεδρίαν
671 4756 867 4833 εἴληφε
895 4765 996 4828 τῆς
1030 4762 1462 4818 Κωνσταντίνου.

337 4847 698 4922 Χρησαμὲνου
727 4847 876 4902 τὲλει
910 4846 968 4903 δὲ
995 4847 1156 4904 τοῦδε
1185 4855 1282 4905 τοῦ
1319 4851 1468 4927 βίου,

151 4941 300 4997 9800
341 4938 447 4993 Καὶ
479 4934 648 4992 πάλιν
679 4936 954 5013 Εὗτύχιος
975 4937 1195 5015 εὐτυχεῖ
1218 4940 1426 5016 Θρόνον.

339 5027 473 5085 Μεθ’
506 5027 563 5081 δν
597 5027 904 5103 καθωράϊσε
931 5030 1030 5097 τὴν
1064 5030 1415 5100 Ἐκκλησίαν,

339 5120 512 5194 Ἀνὴρ
543 5119 954 5194 χαριτώνυμος,
987 5115 1180 5176 ὄλϐιον
1214 5125 1372 5197 κάρα,

337 5209 658 5278 Νηστευτὴς
686 5209 1050 5284 τοὺπώνυμον
1085 5210 1135 5284 ἐξ
1168 5209 1339 5288 ἔργων
1373 5215 1550 5293 φέρων

333 5297 665 5368 Ἐκκλησίας
691 5299 962 5376 τρόφιμος
993 5305 1066 5356 ὢν
1094 5303 1182 5356 καὶ
1219 5301 1461 5375 λευΐτης.

141 5392 288 5447 9805
327 5388 648 5464 Σύγκελλος
674 5387 821 5460 ἀξίαν
855 5387 914 5444 δὲ
945 5390 1257 5464 Πνεύματος
1289 5391 1482 5466 δόμος,

327 5481 426 5542 ⁸ος
456 5477 763 5553 Μαυρίκιον
789 5485 994 5535 ταινιοῖ
1024 5480 1269 5556 λαμπρῷ
1302 5482 1502 5561 στέφει.

319 5568 536 5625 Τούτου
563 5565 608 5623 δ’
641 5568 1014 5634 ἆναλύσαντος
1045 5571 1120 5632 εἷς
1159 5571 1336 5636 θείους
1370 5570 1602 5648 δόμους,

324 5654 601 5734 Κυριακός
633 5680 716 5722 τις
747 5659 1038 5733 οἰκονόμος
1070 5661 1159 5715 καὶ
1192 5661 1358 5733 θύτης

324 5752 460 5805 Θεοῦ
495 5749 747 5826 μεγάλης
778 5749 932 5826 άγίας
966 5748 1318 5824 Ἐκκλησίας,

1855 4616 1901 4681 D

1943 1977 2076 2029 Post
2104 1975 2282 2044 hujus
2315 1978 2508 2029 autem
2543 1974 2833 2028 infelicem
2862 1974 3114 2041 obitum,

1941 2062 2236 2135 syncellus
2267 2062 2448 2118 simul
2477 2068 2534 2118 et
2564 2064 2866 2134 presbyter
2893 2063 3150 2118 Joannes

1943 2153 2252 2224 Cappadox
2282 2158 2453 2225 gente
2483 2153 2680 2208 sedem
2712 2153 3033 2225 occupavit.

1944 2243 2079 2297 Post
2103 2258 2276 2312 quem
2312 2242 2563 2313 pastoris
2595 2242 2652 2296 in
2684 2257 2925 2297 munere
2958 2242 3322 2306 defunctum,

1943 2330 2270 2403 splendidis
2297 2331 2606 2402 praedictus
2641 2331 2997 2402 Epiphanius
3031 2331 3296 2386 moribus

1943 2422 2244 2493 presbyter
2268 2425 2326 2477 et
2349 2421 2643 2491 syncellus
2674 2422 2745 2476 ad
2778 2422 2976 2476 sedem
3009 2421 3187 2478 venit.

1942 2512 2061 2567 Hoc
2088 2527 2320 2582 quoque
2353 2517 2604 2576 mortuo,
2638 2510 3065 2583 Trapezuntius
3094 2508 3413 2565 Anthimus

1941 2601 2138 2656 sedem
2168 2599 2605 2656 sanctissimam
2635 2601 2839 2669 jussus
2866 2604 2955 2656 est
2981 2598 3392 2664 conscendere,

1941 2705 2291 2762 quanquam
2311 2692 2518 2746 Severo
2550 2689 2784 2745 deditus
2811 2693 2868 2745 et
2901 2689 3171 2746 Dioscoro
3204 2703 3219 2743 :

1941 2796 2058 2852 quo
2087 2783 2283 2835 tamen
2311 2780 2606 2851 Agapetus
2637 2778 2830 2836 Romae
2862 2794 3013 2851 papa

1939 2872 2333 2936 exauctorato,
2365 2867 2498 2924 fecit
2532 2867 2928 2940 patriarcham

1940 2958 2212 3015 Mennam
2243 2956 2701 3014 Alexandrinum
2732 2955 3008 3014 facundia
3031 2953 3255 3012 clarum

1941 3049 2247 3120 magisque
2277 3046 2562 3116 moribus,
2592 3046 2902 3103 alumnum
2943 3044 3304 3103 sacerdotem

1940 3135 2228 3206 Ecclesiae,
2260 3135 2621 3192 xenodochio
2653 3135 2989 3209 praefectum
3015 3130 3382 3209 Sampsonis.

1941 3237 2062 3302 Quo
2095 3236 2186 3308 pie
2218 3236 2525 3291 mortalem
2559 3235 2864 3291 deserente
2890 3234 3099 3302 vitam,

1938 3324 2261 3399 Eutychius
2291 3323 2527 3397 quidam
2555 3324 2882 3381 monachus
2912 3328 2972 3382 et
3001 3322 3275 3381 sacerdos

1937 3432 2006 3473 ex
2033 3417 2322 3472 Amaseno
2353 3412 2728 3471 sanctissimo
2759 3412 3024 3472 cauobio

1937 3504 2162 3562 amicus
2195 3504 2547 3573 litterarum,
2576 3502 2812 3560 virtutis
2842 3508 3069 3572 auctor,

1936 3593 2254 3651 Christiani
2287 3593 2478 3650 bonus
2511 3597 2711 3666 pastor
2738 3591 2906 3650 ovilis
2939 3592 3072 3649 fuit.

1937 3685 2058 3744 Sub
2089 3700 2156 3741 eo
2186 3683 2407 3757 quinta:
2439 3683 2646 3754 synodi
2678 3683 2851 3740 divus
2880 3687 3066 3740 cestus

1937 3773 2117 3848 regali
2149 3774 2208 3830 in
2243 3775 2386 3831 urbe
2411 3774 2522 3830 rite
2554 3777 2970 3846 congregatus,

1934 3863 2220 3920 insistens
2249 3864 2470 3934 quarta
2501 3859 2708 3930 synodi
2738 3859 3067 3918 canonibus

1936 3951 2198 4025 ipsisque
2228 3951 2494 4023 ejusdem
2527 3949 2822 4017 formulis.
2856 3948 3166 4022 Origenem

1934 4042 2103 4114 ejecit
2134 4041 2207 4098 ab
2236 4039 2512 4109 Ecclesia,
2545 4039 2843 4111 simulque
2871 4038 3211 4112 Didymum,

1932 4141 1988 4188 ct
2007 4131 2378 4189 Theodorum
2411 4129 2783 4202 Mopsuestia
2811 4128 3174 4202 episcopum.

1935 4220 2212 4295 Eutychio
2244 4225 2448 4293 postea
2476 4218 2755 4276 cathedra
2784 4217 3058 4291 depulso,
3206 4277 3211 4283 ,

1934 4316 2237 4385 propterea
2267 4310 2421 4382 quod
2453 4307 2927 4383 reprehendisset
2953 4307 3266 4375 Cassarem,

1933 4402 2034 4474 qui
2069 4399 2282 4456 falsum
2315 4400 2531 4472 dogma
2560 4403 2619 4456 et
2650 4398 2978 4471 pessimum
3010 4395 3244 4454 tovebat

1933 4501 2004 4556 de
2035 4498 2250 4556 Christi
2277 4498 2336 4554 in
2369 4503 2526 4554 terra
2555 4513 2728 4554 carne
2759 4493 3196 4568 incorruptibili
3223 4509 3240 4562 ;

1933 4589 2318 4646 scholasticus
2346 4587 2608 4644 Joannes
2638 4585 2814 4642 homo
2839 4583 2972 4658 pius

1931 4679 2299 4736 Antiochena
2329 4695 2398 4734 ex
2429 4678 2572 4733 urbe
2602 4680 2742 4732 tunc
2767 4675 3039 4732 sacerdos

1934 4768 2392 4842 patriarchatum
2422 4766 2565 4822 adiit
2592 4764 3003 4836 Byzantinum.

1933 4861 2042 4917 Sed
2079 4859 2177 4915 ubi
2210 4859 2260 4915 is
2291 4872 2524 4930 quoque
2555 4857 2681 4912 vita
2714 4859 2930 4911 metam
2959 4851 3176 4926 attigit,

1932 4965 2138 5006 rursus
2169 4947 2486 5020 Eutychius
2510 4945 2569 5002 in
2601 4944 2736 5002 sede
2760 4941 3162 5002 constituitur.

1930 5041 2067 5098 Post
2098 5054 2273 5113 quem
2308 5035 2577 5094 Ecclesia
2607 5033 2954 5108 splendidus
2979 5029 3180 5089 illuxit

1929 5130 2187 5187 Joannes
2211 5129 2377 5196 alter,
2410 5127 2587 5183 homo
2620 5122 3022 5194 beatissimus,

1931 5219 2125 5276 dictus
2154 5232 2355 5274 verace
2385 5215 2556 5272 titulo
2586 5215 2919 5286 Jejunator,

1930 5309 2031 5383 qui
2062 5306 2336 5365 Ecclesiae
2365 5305 2646 5363 alumnus
2675 5303 2864 5361 fuerat
2891 5307 2950 5360 et
2978 5300 3156 5360 levita

1930 5397 2339 5472 syncellusque
2370 5395 2562 5453 ofﬁcio
2590 5396 2649 5451 in
2675 5395 2799 5451 aede
2823 5392 3103 5465 Spiritus.

1929 5489 2032 5545 Hic
2063 5486 2405 5543 Mauricium
2438 5484 2729 5542 redimivit
2763 5485 3093 5539 stemmate.

1929 5581 2075 5637 Cum
2107 5585 2304 5634 autem
2332 5593 2577 5649 superas
2609 5574 2851 5631 adiisset
2883 5574 3077 5640 sedes,

1927 5670 2208 5742 Cyriacus
2239 5683 2579 5724 meonomus
2607 5670 2666 5723 et
2697 5664 2968 5722 sacerdos

1928 5776 2155 5835 magnae
2186 5763 2363 5832 atque
2395 5761 2612 5816 sanctas
2641 5755 2744 5814 Dei
2775 5754 3053 5813 Ecclesia
