4250 6432
677 402 785 459 359
1894 399 2268 455 aream
2304 398 2876 457 CHIONOGBAPBI

674 543 908 583 sacrum
938 523 1225 583 successit
1253 524 1314 580 in
1345 523 1781 597 pontiﬁcatum,

673 616 909 670 divinus
935 614 1022 668 vir
1046 618 1103 669 et
1133 612 1489 669 orthodoxia
1521 610 1813 668 columen.

673 706 795 769 Quo
826 704 1134 759 deserente
1164 706 1462 757 terrenum
1498 700 1650 755 hunc
1684 700 2027 773 primatum,

675 795 746 848 ad
773 792 1060 848 Thomam
1093 790 1466 847 sacellarium
1496 795 1554 846 et
1586 790 1954 846 sacerdotem

673 882 933 937 defertur
963 880 1160 953 populi
1194 896 1360 936 sacer
1389 880 1781 952 principatus,

673 970 1059 1043 apostolicum
1089 968 1385 1025 hominem
1420 968 1957 1041 religiosissimum.

673 1068 817 1125 Huic
846 1069 1095 1124 solerem
1129 1067 1420 1124 deserenti
1449 1067 1637 1123 lucem

671 1173 981 1213 successor
1010 1158 1183 1213 datus
1210 1161 1301 1213 est
1325 1155 1499 1211 levita
1530 1154 1797 1213 Ecclesia

650 1246 1104 1321 [ptoohotrophii
1140 1246 1447 1319 praefectus
1476 1246 1546 1301 ad
1582 1250 1815 1316 portum
1848 1243 2043 1299 Phrixi

644 1321 911 1407 1Sergius
942 1334 1204 1407 pollutus
1236 1335 1514 1406 dogmate
1546 1332 2036 1405 monophysltico.

668 1426 770 1480 Cui
805 1424 1074 1481 morienti
1109 1424 1364 1497 Pyrrhus
1394 1422 1778 1478 substituitur

668 1514 825 1568 haud
859 1513 1058 1568 minus
1081 1513 1281 1584 Sergio
1308 1512 1513 1568 haresi
1544 1514 1881 1580 corruptus.

668 1603 803 1657 Erat
834 1602 883 1657 is
916 1618 1138 1674 magna
1170 1602 1466 1674 presbyter
1494 1601 1782 1669 Ecclesia,

666 1692 975 1762 prafectus
1002 1692 1450 1757 monachorum,
1483 1690 1731 1746 coenobii
1762 1690 1945 1745 abbas

664 1782 818 1851 quod
851 1785 939 1836 est
966 1785 1131 1835 trans
1157 1782 1367 1837 fretum
1399 1780 1457 1835 in
1492 1781 1633 1836 urbe
1664 1779 2031 1853 Chrysopoli,

664 1869 847 1924 divini
879 1870 1052 1926 Verbi
1088 1870 1257 1927 Matri
1290 1871 1625 1925 dedicatum

663 1959 1110 2031 antiquitusque
1140 1959 1441 2015 conditum
1475 1976 1508 2014 a
1538 1958 1886 2032 Philippica.

660 2052 979 2120 Postquam
1012 2048 1293 2121 expulsus
1329 2049 1583 2120 Pyrrhus
1613 2048 1870 2105 Ecclesia
1900 2048 2028 2118 fuit,

658 2146 877 2201 Paulus
911 2146 1177 2202 Ecclesia
1209 2162 1548 2202 aconomus
1578 2150 1634 2201 et
1664 2146 1956 2215 sacerdos,

658 2252 876 2306 prases
908 2237 1241 2306 custodum,
1275 2237 1549 2307 dogmate
1578 2251 1911 2307 perversus,

658 2328 846 2381 semet
874 2325 1006 2381 ovili
1043 2325 1327 2381 obstrusit
1356 2330 1640 2397 tanquam
1676 2324 1873 2397 lupus.

658 2419 796 2470 Post
825 2431 1000 2487 quem
1035 2415 1377 2470 defunctum
1411 2414 1671 2485 impiein
1709 2413 2035 2471 ministerio

651 2504 855 2559 sedem
890 2504 1253 2576 recuperavit
1280 2504 1473 2559 denuo
1503 2502 1780 2576 Pyrrhus.

653 2592 868 2647 Deinde
896 2593 1104 2649 Petrus
1132 2592 1430 2664 pessimus
1458 2592 1529 2647 ad
1564 2593 1765 2648 sedem
1790 2592 1972 2661 venit,

649 2681 829 2736 levita
859 2681 1151 2747 Ecclesia,
1181 2698 1399 2753 praess
1427 2681 1882 2754 ptoohotrophii,

647 2770 1105 2835 referendarius,
1139 2774 1491 2842 curatorque
1522 2786 1727 2826 senum

644 2858 700 2913 in
729 2876 795 2915 eo
827 2860 984 2930 quod
1021 2863 1110 2914 est
1138 2859 1381 2931 Neapoli
1416 2858 1867 2930 ptochodoohio,

642 2948 826 3019 Sergii
860 2947 1182 3019 Pyrrhique
1213 2953 1270 3003 et
1300 2947 1461 3003 Pauli
1494 2952 1729 3004 sectans
1758 2948 2052 3005 haresim.

644 3036 763 3091 Hoc
798 3052 992 3108 passo,
1026 3040 1093 3091 ut
1126 3053 1255 3092 vere
1287 3038 1501 3105 dicam,
1537 3041 1779 3093 mortem
1813 3039 2129 3111 duplicem,

650 3125 820 3181 Alius
850 3125 1102 3181 Thomas
1134 3126 1489 3183 orthodoxia
1522 3143 1751 3196 amans,

642 3215 741 3286 qui
773 3215 1042 3270 Ecclesia
1074 3214 1351 3271 alumnus
1382 3220 1505 3272 erat
1533 3221 1591 3271 et
1618 3216 1813 3282 levita,

638 3303 911 3376 praclare
942 3305 1291 3377 gubernavit
1320 3305 1537 3361 Christi
1569 3305 1911 3363 Eoclesiam.

635 3406 824 3475 Atque
854 3404 965 3459 hoc
998 3404 1090 3477 pie
1122 3404 1510 3462 concludente
1535 3406 1737 3477 vitam,

640 3492 1051 3564 pontiﬁcatum
1084 3494 1231 3549 adiit
1258 3494 1539 3561 Joannes,

636 3583 910 3637 sacerdos
940 3587 997 3637 et
1029 3583 1399 3655 protecdicus
1429 3583 1720 3653 Ecclesia,

634 3672 1043 3744 scevophylax,
1077 3672 1394 3743 syncellus,
1428 3678 1483 3728 et
1511 3690 1871 3742 oeconomus,

634 3765 692 3815 et
716 3761 1029 3833 gerocomii
1066 3761 1352 3817 Rosorum
1387 3762 1749 3820 Dexiocratis

635 3852 945 3920 prafectus
975 3868 987 3917 ;
1026 3856 1223 3922 pastor
1254 3851 1417 3908 utilis
1446 3852 1603 3909 ovili.

632 3942 755 4006 Quo
790 3940 1097 4008 moriente,
1129 3940 1305 3997 levita
1334 3942 1777 4015 Constantinus,

628 4045 902 4084 vasorum
938 4034 1136 4085 custos
1168 4031 1224 4085 in
1260 4030 1518 4087 Ecclesia
1551 4032 1667 4089 Dei.

628 4117 969 4189 periodeuta
1001 4119 1267 4175 Thracia
1300 4125 1355 4175 et
1378 4121 1751 4190 Macedonia,

630 4208 701 4263 ad
735 4207 1004 4263 Ecclesia
1036 4213 1399 4266 summatum
1433 4215 1522 4267 est
1544 4216 1894 4283 provectus;

631 4307 915 4378 probatus
945 4306 1050 4375 vir,
1082 4312 1141 4363 et
1161 4309 1341 4364 decus
1368 4308 1849 4367 orthodoxorum.

630 4394 749 4450 Hoc
780 4395 839 4450 in
872 4411 1153 4469 suprema
1183 4397 1463 4454 cathedra
1494 4399 1819 4469 demortuo,

629 4500 795 4539 sacer
822 4484 1163 4541 Theodorus
1188 4486 1406 4543 Christi
1440 4489 1535 4544 Dei
1564 4491 1837 4547 sacerdos

627 4578 968 4630 sanctorum
1004 4574 1059 4628 in
1094 4575 1353 4632 Ecclesia
1384 4594 1657 4634 vasorum
1690 4584 1912 4651 custos,

624 4662 919 4734 syncellus
947 4662 1253 4735 dignitate,
1288 4668 1595 4737 prafectus
1618 4670 1948 4740 monachis,

624 4767 862 4807 summa
887 4768 1020 4806 cum
1053 4751 1227 4807 laude
1264 4755 1496 4825 prafuit
1522 4757 1813 4827 Ecclesia,

624 4846 799 4913 atque
829 4840 1151 4898 orthodoxa
1191 4843 1467 4915 dogmata
1497 4847 1776 4904 defendit.

620 4932 726 4986 Sed
764 4936 957 4987 tamen
995 4932 1102 4987 hoc
1139 4933 1359 5005 injuste
1390 4935 1639 5007 depulso
1671 4939 1809 4994 sede

623 5022 906 5094 Georgius
936 5022 1248 5095 religiosus
1276 5024 1488 5081 Christi
1524 5029 1850 5101 presbyter,

624 5112 722 5182 qui
758 5128 1033 5168 summus
1062 5118 1187 5169 erat
1220 5116 1609 5189 scevophylax
1636 5118 1928 5187 Ecclesia,

619 5207 678 5257 et
708 5202 1004 5275 syncellus
1037 5202 1215 5258 etiam
1252 5206 1619 5275 patriarcha,

616 5292 997 5364 pontificatus
1023 5309 1269 5349 munere
1295 5295 1457 5368 fungi
1480 5297 1676 5370 capit,

620 5382 794 5453 Opilio
828 5382 1041 5450 bonus,
1077 5388 1277 5439 custos
1310 5385 1518 5441 divina
1552 5386 1700 5461 legis
1734 5406 1748 5443 :

619 5473 728 5527 sub
764 5489 902 5543 quo,
937 5475 1254 5529 mandante
1285 5475 1510 5531 Casare
1539 5478 1929 5537 Constantino

620 5562 940 5619 orthodoxo
974 5564 1239 5637 principe
1273 5564 1590 5639 Pogonato,

619 5652 854 5708 divinus
885 5656 1226 5710 veneranda
1259 5660 1445 5713 coitus
1476 5659 1681 5730 synodi

620 5743 793 5814 regali
829 5742 885 5798 in
920 5744 1063 5800 urbe
1094 5745 1201 5801 rite
1232 5752 1619 5819 congregatus

2353 523 2409 591 Α
2435 521 2578 578 9810
2614 522 2728 591 Τὴν
2756 523 2903 598 ἱερὰν
2936 520 3161 597 εἴληφεν
3193 520 3501 600 ἲεραρχίαν,

2615 611 2771 666 Θεῖός
2806 632 2893 673 τις
2924 612 3062 687 ἀνὴρ
3093 609 3409 687 όρθοδοείας
3441 611 3659 676 στύλος.

2612 698 2829 758 Τούτου
2860 697 3121 762 λιπόντος
3146 700 3248 770 τήν
3279 700 3427 756 κάτω
3455 698 3772 777 προεδρίαν,

2609 792 2811 861 Θωμᾶς
2844 787 3207 864 σακελλάριος
3235 789 3351 863 ἅμα
3377 790 3468 844 καὶ
3500 790 3667 861 Θύτης

2612 877 2926 933 Πιστεύεται
2955 875 3023 945 δὴ
3053 878 3152 946 τὴν
3180 876 3293 933 λεὼ
3322 879 3675 953 προστασίαν,

2428 966 2573 1021 9815
2609 964 3027 1038 Ἀποσ-τολικὸς,
3055 961 3435 1029 εύσεῦίστατος
3465 962 3648 1029 σέϐας.

2608 1051 2792 1130 Οὗπερ
2821 1055 2884 1109 τὸ
2917 1054 3051 1133 φάος
3081 1052 3477 1119 ἰκλελοιπότος
3502 1054 3647 1125 τόδε,

2607 1143 2993 1214 ’Δντικατὲστη
3026 1140 3249 1214 λευΐτης
3289 1143 3619 1215 Ἐκκλησίας

2606 1232 3018 1309 Πτωχοτρόφος
3041 1252 3101 1287 τε
3132 1231 3358 1304 λιμένος
3385 1237 3494 1288 τῶν
3524 1236 3622 1288 τοῦ
3654 1235 3860 1310 Φρίξου

2603 1321 2829 1396 Σίργιος
2862 1322 2999 1396 ἀνὴρ
3030 1320 3367 1398 Οῐοφυσίτης
3397 1317 3578 1385 σέϐας.

2424 1420 2568 1476 9820
2605 1418 2818 1477 Τούτου
2848 1420 3128 1491 θανόντος,
3160 1420 3516 1490 ἀντικατίστη
3550 1419 3787 1499 mpm,

2604 1509 2771 1583 Ἀνὴρ
2802 1507 2998 1582 ὅμοιος
3032 1508 3240 1583 Σεργίῳ
3268 1510 3405 1564 κατὰ
3436 1504 3621 1582 σέϐας,

2602 1597 2780 1666 Θύτης
2813 1596 3060 1671 μεγάλης
3083 1601 3181 1652 τοῦ
3211 1602 3346 1653 Θεοῦ
3379 1596 3734 1669 Ἐκκλησίας,

2602 1690 2831 1761 ’Ἄρχων
2862 1687 3123 1759 σεμνείων
3154 1687 3241 1741 καὶ
3278 1694 3450 1759 μονῆς
3481 1686 3773 1758 ίπιστάτης

2602 1778 2689 1834 Ἐν
2720 1776 3062 1853 Χρυσοπόλει
3096 1775 3444 1851 διακειμῦνης
3472 1778 3661 1855 πὲραν,

2344 1888 2392 1953 Β
2419 1869 2563 1924 9825
2602 1867 2915 1939 Ἀνειμὲνης
2947 1863 3005 1920 δὶ
3033 1865 3101 1940 τῇ
3130 1870 3265 1922 Θεοῦ
3296 1866 3475 1943 Μητρὶ
3508 1866 3689 1942 Λόγου

2596 1957 2709 2023 Τῆς
2742 1954 3067 2027 Φιλιππικῷ
3097 1954 3449 2025 συσταθείσης
3478 1956 3587 2031 πρὸ
3612 1954 3855 2030 χρόνων.

2590 2042 2803 2101 Τούτου
2834 2041 3169 2119 διωχθέντος
3201 2041 3260 2098 δὶ
3287 2050 3387 2113 τῆς
3421 2043 3760 2114 ’Βκκλησίας

2592 2131 2898 2204 Οἰκονόμος
2927 2131 3018 2186 καὶ
3049 2131 3217 2202 θύτης
3248 2138 3350 2200 τῆς
3378 2130 3713 2202 Ἐκκλησίος

2592 2221 2734 2276 Κάπὶ
2762 2221 3019 2299 φυλακῶν
3052 2216 3318 2289 δυσσεϐὴς
3346 2220 3565 2283 Παῦλος
3598 2216 3757 2283 σέϐας

2398 2322 2552 2378 9830
2592 2320 3002 2396 Παρεισεφθᾶρη
3034 2318 3278 2392 ποιμνίῳ
3305 2339 3391 2383 τις
3415 2318 3489 2381 ὡς
3523 2318 3713 2381 λύκος.

2588 2415 2766 2486 Οῦπερ
2802 2409 3063 2474 θανόντος
3094 2403 3368 2471 δυσσεϐῶς
3397 2406 3558 2481 ἔν’τῷ
3588 2408 3791 2485 θρόνῳ,

2586 2500 2683 2555 Καὶ
2708 2499 2873 2554 πάλιν
2905 2492 3149 2554 ἁπίλαόε
3175 2499 3267 2553 τὸν
3297 2497 3494 2573 θρόνον
3526 2497 3765 2575 Πύρρος.

2586 2591 2719 2648 Εἶτα
2759 2590 2964 2665 Πέτρος
2991 2591 3249 2653 κάκιστος
3276 2583 3407 2663 ἔσχε
3434 2588 3528 2644 τὸν
3560 2589 3778 2664 θρόνον,

2586 2678 2915 2749 Ἐκκλησίας
2939 2674 3013 2733 ὤν
3049 2676 3272 2749 λευίτης
3301 2678 3726 2756 πτωχοτρόφος,
3840 2742 3843 2745 _

2403 2770 2547 2826 9835
2584 2767 2681 2823 Καὶ
2717 2764 3159 2845 ῥαιφερενδάριος
3188 2766 3278 2821 καὶ
3308 2766 3635 2842 γηροκόμος

2581 2861 2686 2913 Τοῦ
2716 2858 2851 2912 κατᾶ
2882 2854 3157 2912 Νεάπολιν
3189 2856 3470 2931 πτωχείου
3500 2857 3647 2925 τότε,

2583 2946 2859 3023 Σύμφρων
2894 2943 3124 3021 Σεργίου
3154 2944 3244 2999 καὶ
3277 2944 3493 3021 Πύρῥου
3521 2946 3613 2999 καὶ
3646 2943 3893 3003 Παύλου.

2578 3035 2785 3091 Τούτου
2817 3034 3068 3099 θανόντος
3096 3034 3189 3089 τὸν
3219 3031 3449 3089 διπλοῦν
3482 3029 3658 3099 ὄντως
3688 3034 3882 3111 μόρον,

2580 3130 2779 3197 Θωμᾶς
2810 3145 2895 3185 τις
2925 3121 3098 3185 ἄλλος
3130 3122 3443 3196 όρθοδοξίας
3476 3121 3639 3201 φίλος

2320 3245 2365 3313 c
2403 3226 2545 3281 9840
2584 3221 3214 3313 Ἐκκλησίαςᾲτρόφιμος
3244 3220 3317 3313 ὢν
3349 3221 3438 3313 καὶ
3471 3220 3695 3313 λευΐτης

2580 3315 2819 3387 Χριστοῦ
2846 3308 3033 3373 καλῶς
3068 3310 3212 3365 ἷὉυνε
3238 3312 3339 3379 τήν
3372 3310 3727 3382 Ἐκκλησίαν.

2577 3403 2755 3477 Οὗπερ
2792 3399 3231 3475 μεταλλάξαντος
3264 3396 3500 3462 εὐσεϐῶς
3535 3401 3675 3478 βίον,

2578 3494 2832 3560 Ἰωάννης
2862 3489 3056 3567 εἴληφε
3084 3492 3183 3559 τὴν
3218 3486 3539 3565 προεδρίαν,

2576 3580 2751 3651 Θύτης
2781 3600 2841 3634 τε
2864 3577 3241 3655 πρωτὲκδικος
3272 3579 3347 3633 ὥν
3378 3578 3734 3649 Ἐκκλησίας,

2395 3675 2541 3730 9845
2578 3673 2684 3729 Καῖ
2713 3667 3076 3746 σκευοφύλαξ,
3110 3666 3438 3742 σύγκελλος,
3472 3668 3791 3742 οἰκονόμος,

2578 3759 2903 3835 Γηροκόμος
2932 3779 2991 3812 τε
3020 3760 3239 3813 Ῥωσῶν
3267 3759 3656 3832 Δεειοκράτους

2577 3848 2821 3922 ΙῘοίμνην
2854 3845 3115 3921 ποδηγῶν
3148 3847 3490 3923 πρὸςνομᾶς
3519 3847 3937 3927 ψυχοτρόφους.

2580 3938 2797 3997 Τούτου
2824 3936 3081 4001 θανόντος
3111 3942 3520 3999 Κωνσταντῖνος
3558 3935 3780 4009 Λευίτης

2577 4027 2676 4083 Καὶ
2706 4025 3045 4104 σκευοφύλαξ
3075 4026 3178 4092 τῆς
3210 4030 3345 4081 Θεοῦ
3371 4028 3423 4100 γ’
3453 4025 3801 4101 Ἐκκλησίας,

2396 4122 2541 4178 9850
2581 4115 2951 4193 Περιυδευτής
2980 4115 3220 4191 Θρᾴκης,
3254 4113 3589 4178 Μακεδονίας

2579 4206 2922 4283 Ἀρχιθύτης
2953 4203 3195 4261 δίδεικτο
3224 4210 3326 4272 τῆς
3359 4204 3713 4277 Ἑιωιλησίιις⁹

2579 4293 2893 4356 Σπουδαῖος
2921 4294 3083 4368 ἀνὴρ,
3118 4288 3526 4372 εύσεὸοφρόνων
3554 4292 3739 4358 κλιος.

2574 4384 2790 4443 Τούτου
2817 4382 3223 4443 καταλύσαντος
3256 4380 3309 4437 ιν
3339 4382 3517 4455 θρόνῳ
3550 4383 3691 4459 βίον,

2572 4472 2854 4549 Θεόδωρός
2880 4493 2965 4535 τις
2996 4472 3141 4547 ἱερὸς
3173 4475 3417 4547 Χριστοῦ
3445 4471 3615 4544 θύτης

2312 4614 2359 4678 D
2392 4578 2535 4634 9855
2574 4571 2903 4643 Ἐκκλησίας
2932 4572 2981 4625 τ’
3012 4568 3076 4626 αῦ
3105 4570 3265 4678 ἱεριῦν
3296 4575 3499 4678 σκῖευῶν
3533 4571 3731 4647 φύλαξ,

2568 4666 2790 4739 Ἀρχων
2826 4664 3007 4734 μονῶν
3038 4681 3117 4729 τε,
3149 4658 3450 4735 σύγκεΑλος
3478 4662 3578 4730 τήν
3612 4662 3782 4734 ἀξίαν,

2566 4751 2896 4829 Προΐσταται
2926 4748 3196 4805 κάλλιστα
3223 4755 3327 4819 τῆς
3360 4750 3707 4822 ’Βκκλησίας,

2564 4844 2769 4920 Ὃρθῶν
2801 4844 3114 4918 προμαχῶν
3145 4834 3377 4894 εὐσεϐῶν
3409 4861 3468 4896 τε
3500 4838 3815 4917 δογμάτων.

2459 4933 2673 4993 Τούτου
2706 4930 2953 5007 ῥιφέντος
2982 4926 3186 4991 ἀδίκως
3217 4928 3463 5001 ποίμνης
3494 4930 3712 5007 θρόνου,

2387 5028 2531 5082 9860
2567 5016 2846 5098 Κεώργιὸς
2874 5040 2959 5081 τις
2986 5013 3229 5088 εύλαεής
3256 5020 3499 5095 Χριστοῦ
3526 5020 3692 5091 θύτης

2568 5111 2954 5183 Ἐκκλησίαςτ
2977 5111 3192 5185 ἑγεστος
3224 5109 3299 5163 ὣν
3332 5110 3693 5188 σκευοφύλαξ,

2567 5204 2672 5261 Καὶ
2702 5198 3081 5275 ποιμενάρχου
3114 5198 3417 5274 σύγκελλος
3445 5201 3544 5269 τὴν
3579 5201 3749 5276 ἀξίαν,

2565 5290 2897 5364 Ἐκκλησίας
2930 5287 3126 5367 εἴληφε
3153 5290 3252 5358 τὴν
3283 5287 3599 5366 προεδρίαν,

2564 5381 2779 5457 Nepai):
2806 5380 3009 5455 ἀγαθὸς
3041 5380 3128 5434 καὶ
3163 5383 3299 5435 Θεοῦ
3328 5378 3510 5453 νόμων
3538 5380 3733 5458 φύλαξ·

2383 5478 2529 5535 9865
2563 5475 2685 5551 Ἐφ’
2715 5472 2776 5525 οὗ
2806 5468 3051 5524 κελεύσει
3081 5469 3355 5544 κράτορος
3386 5472 3799 5528 Κωνσταντίνου

2564 5556 2928 5639 Ὀρθόφρονός
2955 5580 3017 5633 γε
3046 5557 3357 5629 τούπίκλην
3391 5561 3736 5636 Πωγωνάτου

2561 5655 2760 5720 Ἐκτῆς
2789 5644 3053 5719 σεϐαστῆς
3079 5647 3311 5705 συνόδου
3343 5654 3487 5713 θεῖον
3520 5649 3708 5728 στίφος

2562 5749 2647 5800 Ἐν
2684 5736 2929 5819 βασιλίδι
2963 5737 3281 5803 συναλισθὶν
3312 5742 3381 5814 τῇ
3412 5737 3599 5812 πόλει,

3979 402 4095 462 eeo
