4250 6432
203 427 313 483 361

389 549 513 606 Ἐπί
540 571 602 627 γε
629 551 862 626 Χριστοῦ
888 555 986 606 τοῦ
1016 553 1365 627 θεανθρώπου
1395 552 1574 627 Λόγου

204 639 352 693 9870
393 643 588 700 Καλῶς
621 637 968 715 ἰδογμάτισεν
1002 636 1408 719 εὐσεϐοφρρνως

392 729 580 789 Διττὰς
615 729 864 798 θελήσεις
891 730 979 783 καὶ
1012 730 1196 807 φύσεις
1227 731 1538 803 ἡνωμίνας,

388 819 488 871 Καὶ
519 819 692 872 πάντα
720 819 1054 892 κατῄσχυνεν
1073 819 1435 896 Οΐοφυσίτην,

387 910 465 966 Οὗ
492 911 654 984 γῆθεν
687 910 994 984 ἀπάραντος
1037 911 1113 974 εἷς
1139 911 1338 982 σκητὰς
1367 909 1494 982 ἄνω,

388 996 672 1070 Θεόδωρος
703 998 767 1053 αὖ
800 995 1173 1072 ἀπολαμϐάνει
1209 1001 1422 1075 θρόνον.

195 1092 346 1146 9875
385 1089 593 1144 Τούτου
630 1089 992 1162 μεταστάντος
1025 1088 1082 1144 δὶ
1111 1091 1245 1165 πρὸς
1277 1091 1404 1144 Θεὸν
1442 1089 1617 1164 μόρῳ,

382 1179 478 1235 Ἐκ
507 1177 800 1252 βασιλείων
828 1179 1131 1252 ἀσηκρῆτίς
1159 1200 1240 1240 τις
1274 1178 1489 1241 Παῦλος

385 1273 759 1339 Ῑιοιμαντικῆς
789 1266 948 1343 ἔτυχε
979 1270 1067 1323 καὶ
1099 1266 1408 1342 προεδρίας,

389 1361 760 1428 Ποιμαντικῆς
793 1357 935 1426 ἁξιος
962 1357 1034 1410 ὥν
1067 1359 1156 1412 καὶ
1187 1361 1283 1411 τοῦ
1324 1359 1535 1428 θρόνου.

385 1446 484 1499 Καὶ
513 1442 672 1499 τοῦδε
695 1446 758 1499 τὸ
793 1450 888 1514 ζῆν
920 1445 1350 1520 ἐπιμετρήσαντος
1385 1444 1560 1519 μόρῳ,

197 1537 346 1591 9880
387 1533 717 1596 Καλλίνικός
749 1557 834 1598 τις
862 1533 1120 1609 γεννάδας
1150 1532 1431 1604 θυηπόλος

383 1623 483 1677 Καὶ
517 1623 854 1700 σκευοφύλαξ
887 1622 1218 1698 Βλαχερνῶν
1249 1622 1566 1692 ἐκκλησίας,

382 1712 545 1786 ’Δνήρ
579 1711 737 1786 λόγῳ
775 1712 878 1788 βίῳ
908 1734 963 1766 τε
993 1714 1178 1773 καλῶς
1209 1711 1528 1785 ἐμπρέπων,

385 1798 580 1857 Λαϐὼν
613 1799 940 1879 ἐκυϐέρνησε
969 1805 1066 1871 τήν
1101 1802 1449 1872 Ἐκκλησίανο

381 1898 602 1951 Ὀιτινα
632 1894 994 1966 Ῥινότμητος
1026 1890 1152 1963 ἄναξ
1176 1889 1382 1954 ἀδίκως

195 1985 347 2040 9885
385 1982 568 2056 Πηρὸν
599 1980 875 2058 δεδρακὼς
909 1981 1176 2055 ἐξελαύνει
1206 1987 1304 2037 τοῦ
1333 1983 1550 2055 θρόνου.

383 2073 564 2145 Κῦρον
597 2069 646 2126 δ’
673 2072 764 2126 ἀπ’
795 2069 1158 2146 Ἀμάστριδος
1187 2071 1404 2148 ἀγαγὼν
1446 2071 1612 2142 θύτην

379 2159 736 2235 Ἐγκλειστον
770 2156 919 2233 ὄντα,
944 2160 1326 2237 ποιμενάρχην
1356 2157 1609 2216 δεικνύει·

1738 433 2099 490 om.

1887 556 1941 622 Α
1972 555 2044 610 de
2072 555 2284 612 Christi
2317 556 2488 612 Verbi
2520 558 2774 614 essentia
2801 558 3247 631 theanthropica

1970 649 2187 699 rectam
2221 647 2572 702 sententiam
2604 647 2846 717 protulit
2872 653 2928 704 et
2958 648 3330 717 catholicam,

1970 733 2118 788 duas
2141 732 2471 790 voluntates
2503 740 2766 792 statuens
2797 742 2852 792 et
2883 738 3030 792 duas
3061 743 3304 792 naturas

1969 822 2351 891 conjunctae;
2386 840 2590 880 omnes
2621 825 2912 881 damnans
2947 826 3408 899 Monophysitas.

1969 910 2212 982 Georgio
2245 927 2376 967 mox
2407 912 2690 968 translato
2723 915 2792 968 ad
2822 915 2989 970 sedes
3021 932 3283 986 superas,

1967 997 2180 1054 iterum
2212 1001 2548 1055 Theodorus
2579 1002 2797 1073 recepit
2829 1003 3068 1074 pedum.

1969 1088 2092 1150 Quo
2117 1091 2456 1144 transeunte
2487 1090 2555 1143 ad
2593 1091 2902 1146 Dominum
2936 1109 3037 1163 per
3068 1093 3318 1162 obitum,

1970 1175 2183 1231 Paulus
2212 1177 2307 1246 qui
2341 1177 2397 1231 in
2433 1179 2591 1249 regia
2623 1184 2742 1234 erat
2773 1196 2804 1234 a
2837 1182 3072 1236 secretis

1969 1266 2342 1336 patriarcbali
2376 1268 2594 1324 honore
2625 1269 2944 1339 insignitus
2978 1269 3110 1335 fuit,

1969 1353 2181 1425 dignus
2212 1373 2408 1411 revera
2439 1358 2716 1426 pastorali
2754 1374 3016 1414 munere.

1967 1446 2105 1498 Post
2135 1444 2288 1500 hunc
2315 1447 2610 1501 communi
2645 1447 2761 1501 fato
2793 1452 3130 1519 exemptum
3163 1448 3331 1516 vivis,

1967 1531 2280 1590 Callinicus
2311 1535 2579 1606 egregius
2611 1535 2708 1590 Dei
2743 1537 3015 1591 sacerdos

1967 1621 2024 1675 in
2051 1621 2501 1678 Blachernarum
2536 1623 2756 1696 templo
2786 1641 3062 1679 vasorum
3096 1631 3312 1692 custos,

1965 1709 2055 1763 vir
2083 1709 2292 1765 litteris
2319 1717 2372 1766 et
2401 1712 2662 1767 moribus
2695 1717 2994 1784 spectatus
3027 1715 3370 1782 admodum,

1966 1796 2237 1855 Ecclesia:
2267 1815 2468 1856 curam
2499 1803 2896 1874 gubernanda:
2917 1805 3145 1875 excepit
3178 1820 3190 1858 :

1887 1902 1938 1970 Β
1968 1901 2144 1959 quem
2167 1887 2578 1946 Rhinotmetus
2605 1891 2794 1946 Guar
2822 1889 3024 1963 iniquo
3054 1892 3225 1962 iussu

1969 1975 2158 2033 oculis
2187 1982 2538 2034 excaecatum
2572 1979 2711 2035 sede
2742 1979 2971 2052 pepulit
3001 1997 3016 2036 :

1968 2064 2394 2139 substituitque
2423 2067 2635 2141 Cyrum
2667 2083 2738 2125 ex
2765 2067 3101 2124 Amastride

1963 2154 2394 2228 presbyterum,
2427 2170 2460 2213 ο
2491 2157 2799 2216 monachis
2828 2174 2976 2232 quos
3003 2158 3173 2216 aiunt
3201 2159 3484 2218 inclusos.

3511 438 3617 494 362

370 2251 470 2308 ’ον
501 2249 844 2313 Φιλιππικὸς
873 2249 1130 2326 βασιλεὺς
1160 2251 1189 2304 ὁ
1215 2246 1497 2324 Βαρδάνης

369 2341 824 2414 Ὑπερμαχοῦντα
856 2334 1146 2414 δογμάτων
1174 2343 1284 2395 τῶν
1323 2338 1514 2394 ἂνθιιυν

186 2428 332 2482 9890
370 2428 578 2502 Θρόνου
607 2447 667 2482 τε
697 2427 939 2500 ποίμνης
967 2427 1241 2491 ἀπελάσας
1271 2424 1494 2498 ἀδίκως,

305 2555 308 2557 λ
361 2517 746 2586 ’Δντικαθιστᾷ
781 2515 999 2586 Αευΐτην
1036 2517 1311 2587 Ἰωάννην.

365 2605 528 2657 Ὀντα
558 2603 1001 2680 χαρτουλλάριον
1036 2603 1215 2659 οίκονο
1225 2606 1387 2678 μείου

363 2689 574 2767 Ἀνδρα
607 2694 891 2769 στυγητὸν,
925 2692 1230 2768 Εὐτυχοῦς,
1263 2692 1564 2768 Διοσκόρου

363 2781 682 2858 Ὀμόφρονα
718 2781 925 2853 μύστην
959 2803 1038 2852 τε,
1067 2789 1166 2850 τῆς
1195 2783 1436 2855 ποίμνης
1477 2783 1668 2853 λύκον,

182 2872 326 2926 9895
364 2871 463 2930 Ὃς
493 2866 759 2942 ἐξεϐλήθη
792 2875 889 2925 τοῦ
919 2871 1115 2945 θρόνου
1147 2871 1277 2944 μάλ’
1305 2869 1550 2935 ἆνδίκως.

363 2959 542 3029 Θύτης
575 2957 632 3014 δὲ
660 2962 897 3036 Χριστοῦ
927 2960 1014 3014 καὶ
1046 2961 1247 3034 νομεὺς
1277 2962 1631 3040 ψυχοτρόφος

358 3055 514 3112 Θεῖος
547 3050 817 3122 Γερμανὸς
846 3051 1064 3125 ἀρεταῖς
1097 3049 1330 3123 λάμπων
1365 3050 1576 3127 λόγοις,

360 3139 486 3194 Ἐπὶ
520 3137 748 3213 λυχνίαν
781 3138 1009 3203 ἐντεθεὶς
1043 3137 1116 3201 ὣς
1147 3160 1229 3202 τις
1262 3138 1466 3216 λύχνος

1960 2243 2070 2300 Sed
2102 2243 2262 2302 hunc
2290 2245 2487 2302 divina
2515 2246 2797 2321 dogmata
2824 2252 3084 2305 tuentem

1961 2329 2328 2406 Philippicus
2355 2335 2649 2394 Bardanes
2680 2337 2904 2410 potitus
2936 2343 3164 2410 sceptro

1959 2422 2252 2479 sententia
2281 2424 2503 2495 injuste
2535 2426 2760 2498 pepulit
2791 2426 2950 2497 ovili,
3046 2456 3056 2468 -

1955 2506 2310 2583 levitamque
2340 2514 2410 2568 ad
2445 2515 2645 2570 sedem
2675 2514 2961 2572 Joannem
2997 2517 3226 2588 extulit,

1956 2599 2058 2670 qui
2090 2607 2491 2658 moonomatus
2522 2608 2648 2660 erat
2679 2603 3097 2672 cbartulsrius,

1955 2688 2416 2758 abominandum
2451 2691 2776 2763 hominem,
2809 2693 3113 2766 Eutycheti

1954 2776 2350 2851 Dioscoroque
2381 2782 2668 2847 deditum,
2704 2782 2762 2836 in
2795 2799 2967 2854 grege
2999 2783 3243 2855 lupum;

1953 2866 2052 2938 qui
2083 2869 2320 2924 demum
2354 2871 2491 2924 sede
2525 2870 2732 2940 pulsus
2762 2875 2850 2926 est
2873 2872 3229 2942 justissime.

1949 2958 2232 3014 Sacerdos
2265 2962 2460 3014 autem
2494 2959 2704 3016 Christi
2739 2965 2793 3016 et
2826 2968 3026 3032 pastor
3059 2964 3247 3019 bonus

1950 3047 2119 3102 divus
2148 3047 2498 3115 Germanus,
2534 3049 2743 3105 litteris
2775 3067 2841 3106 ac
2872 3051 3185 3107 virtutibus

1951 3135 2293 3208 splendens,
2317 3136 2558 3193 lucerna
2586 3138 2763 3194 veluti
2792 3140 2849 3194 in
2883 3140 3258 3211 candelabro,

1872 3251 1916 3321 c
1952 3241 1984 3280 e
2017 3225 2333 3321 Byzantina
2362 3228 2589 3321 eminus
2621 3229 2938 3321 conspicua
2968 3231 3105 3321 sede

1950 3314 2241 3371 sermonis
2275 3316 2616 3388 magisterio
2647 3317 2876 3373 etI'ulsit
2905 3318 3051 3373 orbi.

1948 3403 2361 3475 Cyzicenorum
2396 3410 2594 3478 pastor
2623 3406 2846 3463 electus
2881 3408 3106 3476 fuerat;

1949 3493 2050 3548 sed
2084 3493 2284 3550 nescio
2312 3511 2418 3550 cur
2447 3495 2519 3550 ab
2549 3495 2670 3552 illis
2703 3513 2817 3552 non
2851 3502 3142 3569 receptus,

1949 3582 2186 3638 interim
2218 3584 2436 3640 mansit
2467 3601 2674 3656 expers
2706 3585 3035 3643 ministerio
3072 3603 3085 3643 :

1951 3677 2156 3745 postea
2181 3673 2500 3730 translatus
2531 3675 2601 3730 ad
2635 3675 3012 3747 Byzantinam
3046 3679 3247 3734 sedem

1947 3777 2182 3835 gregem
2206 3761 2606 3820 Christianum
2636 3765 2811 3821 rectis
2843 3765 3091 3822 minavit
3120 3766 3368 3824 semitis.

1946 3851 2056 3908 Sed
2089 3851 2243 3909 enim
2275 3851 2433 3909 hunc
2465 3853 2706 3910 sceleste
2742 3853 2994 3910 detraxit
3023 3856 3160 3912 sede

1949 3943 2057 3998 Leo
2088 3941 2280 3997 Caesar
2312 3943 2629 4007 Isauricus.
2662 3946 2762 4016 qui
2797 3943 3014 4000 bellum

1948 4031 2177 4104 primus
2205 4030 2418 4086 indixit
2447 4033 2671 4089 sanctis
2695 4032 3078 4104 imaginibus,

1946 4123 2293 4196 obiurgante
2325 4121 2602 4178 divinitus
2633 4123 2942 4180 Germano.

1948 4210 2246 4267 Successit
2275 4211 2422 4268 falso
2455 4212 2694 4268 nomine
2726 4213 3074 4269 Anastasius

359 3229 473 3295 Τῆς
506 3227 921 3282 Κωνσταντίνου
951 3233 1030 3299 τῷ
1059 3229 1342 3302 περιόπτῳ
1374 3229 1572 3303 θρόνῳ,

175 3315 322 3371 9900
363 3314 540 3389 Λόγον
575 3313 831 3392 διδαχαῖς
863 3315 1281 3390 κατελάμπρυνε
1310 3316 1480 3372 κτίσιν

356 3405 549 3466 Ὀστις
580 3401 918 3480 προϐληθεὶς
948 3407 1332 3482 ποιμενάρχης
1365 3405 1602 3475 Κυζίκου

359 3494 462 3547 Καὶ
491 3498 608 3555 τοῖς
640 3493 811 3550 ὶκεῖσε
843 3495 920 3567 μή
954 3493 1169 3569 δεχθεὶς
1199 3495 1299 3549 οὐκ
1328 3492 1429 3549 οἷδ’
1461 3496 1613 3561 ὅπως

358 3582 530 3650 Ὑπῆν
572 3580 865 3657 σχολάζων
897 3582 991 3638 τδν
1025 3581 1289 3656 διαμὲσου
1318 3583 1544 3659 χρόνον

359 3671 683 3735 Ιετατεθεὶς
715 3669 771 3726 δὶ
801 3673 938 3745 πρὸς
971 3670 1299 3742 Βυζαντίδος
1330 3675 1546 3748 θρόνον,

173 3763 320 3818 9905
359 3760 608 3834 Ποίμνην
640 3759 1029 3838 καθωδήγησεν
1049 3758 1482 3838 εύσεϐοφρόνως,

355 3847 525 3908 Τοὸδ’
555 3849 956 3914 ἀπελασθὲντος
985 3849 1042 3906 δὲ
1069 3856 1250 3914 κακῶς
1278 3856 1376 3907 τοῦ
1407 3852 1603 3928 θρόνου

365 3941 515 4016 Πρὸς
536 3941 807 4016 κράτορος
837 3939 1068 4003 Λέοντος
1098 3941 1148 4014 ἐξ
1183 3941 1450 4016 Ἰσαυρίας

361 4030 593 4104 Πρώτου
623 4024 900 4084 σεϐαστῶν
933 4030 1158 4085 εἰκόνων
1181 4030 1510 4103 καταλύτου,

361 4119 476 4196 Ἐφ’
510 4120 659 4194 ᾧπερ
693 4119 958 4195 ἰξηλεγχε
985 4125 1182 4175 τοῦτον
1211 4120 1426 4189 ινθὲως,

170 4209 321 4265 9910
361 4207 532 4272 Νέκυς
557 4211 672 4282 (91)
701 4211 1055 4272 Ἀναστάσιος
1085 4209 1308 4265 εῗκόνων
1339 4209 1509 4279 λύτης

360 4293 734 4373 Πρεσϐύτερος
766 4297 1072 4373 σύγκελλος
1102 4299 1176 4354 ὥν
1206 4297 1557 4368 Ἐκκλησίας,

362 4387 615 4458 Ποίμνην
643 4391 893 4458 τυραννεῖ
924 4382 1258 4460 παραλαϐὼν
1288 4387 1381 4442 τὸν
1415 4385 1624 4461 θρόνον.

362 4475 651 4539 Μισθωτὸς
683 4474 924 4550 οἰκτρὸς,
957 4473 1208 4547 ἄντικρυς
1241 4473 1406 4538 λύκος
1435 4476 1662 4554 φθόρος,

361 4565 460 4626 Ὃς
492 4565 972 4639 πρῶτος.ήθὲτησε
999 4565 1168 4637 τιμὴν
1202 4565 1444 4623 εἰκόνων.

179 4655 325 4711 9915
359 4652 577 4710 Τούτου
610 4650 842 4708 διπλοῦν
870 4653 1096 4708 θάνατον
1134 4654 1522 4731 ὑφεστηκότος,

364 4747 773 4804 Κωνσταντῖνος
805 4741 995 4806 ἅθλιος
1029 4743 1270 4799 Συλαίου
1305 4744 1471 4808 λύκος

362 4831 704 4905 Ἀναστασίῳ
733 4834 887 4889 πάντ’
918 4833 1118 4896 ἐοικὼς
1146 4833 1222 4896 εἶς
1253 4829 1432 4903 σέϐας,

367 4922 598 4999 Σχολήν
628 4923 794 5000 ἄγων,
826 4924 1040 4999 ἥρπασε
1065 4927 1157 4980 τὸν
1193 4931 1336 4990 θεῖον
1370 4927 1586 5000 θρόνον·

1947 4298 2250 4372 presbyter
2277 4304 2331 4355 et
2363 4299 2660 4373 syncellus
2691 4301 2749 4357 in
2781 4301 3061 4366 Ecclesia,
3186 4377 3188 4380 ν

1945 4387 2046 4443 sed
2067 4386 2485 4444 iconomachus
2516 4393 2574 4444 et
2600 4394 2890 4462 tyrannus
2923 4390 3141 4463 gregis,

1949 4477 2347 4533 mercenarius
2377 4477 2576 4549 miser,
2608 4478 2786 4551 lupus
2812 4479 3117 4548 exitiosus,

1949 4566 2052 4638 qui
2079 4565 2361 4622 honorem
2396 4567 2626 4640 primus
2656 4567 2958 4641 abrogavit
2987 4569 3338 4642 imaginum.

1953 4653 2071 4710 Hoc
2100 4655 2409 4727 temporali
2444 4664 2628 4712 morte
2660 4663 2990 4729 aeternaque
3021 4659 3336 4729 exstincto,

1953 4744 2155 4802 iul’elix
2184 4744 2606 4802 Constantinus
2633 4745 2798 4819 Sylai
2829 4746 3034 4820 lupus,

1955 4851 2060 4906 par
2090 4835 2399 4890 Anastasio
2430 4835 2726 4908 dogmatis
2755 4836 3077 4908 impietate,

1955 4924 2336 4979 munere‘suo
2366 4939 2610 4990 vacuus,
2642 4923 2854 4981 invasit
2885 4928 3081 4983 sedem
3107 4943 3123 4983 :

1956 5029 2128 5084 quem
2160 5016 2562 5086 Copronymus
2595 5019 2814 5082 tamen,
2846 5016 2956 5071 vah
2985 5016 2997 5072 l
3025 5018 3192 5088 justa
3221 5033 3393 5090 pcnna

1956 5103 2093 5157 sede
2124 5102 2374 5158 detraxit
2402 5119 2542 5159 sane
2574 5105 3074 5162 merentissimum

1955 5191 2352 5264 (nequaquam
2389 5193 2524 5248 fidei
2555 5209 2736 5249 causa
2765 5211 2957 5266 neque
2985 5196 3378 5269 dogmatum),

1955 5285 2014 5335 et
2043 5281 2246 5352 procul
2280 5282 2424 5338 urbe
2455 5281 2682 5354 pepulit
2709 5289 2997 5349 extorrem
3036 5303 3048 5340 :

362 5015 591 5071 Ὅντινα
623 5015 1019 5089 Κοπρώνυμος,
1051 5015 1183 5069 αίνῶ
1209 5017 1279 5083 σ’,
1307 5013 1352 5070 ὦ
1384 5013 1533 5087 δίκη,

181 5105 327 5161 9920
365 5102 572 5177 Θρόνου
601 5105 945 5165 κατασπάσας
973 5124 1034 5180 γε
1061 5104 1151 5158 καὶ
1187 5102 1317 5177 μάλ’
1348 5102 1596 5173 ἰνδίκως,

360 5193 469 5267 (Οὐ
502 5191 734 5254 πίστεως
765 5193 830 5246 αὗ
861 5191 986 5247 οὐδὲ
1017 5191 1304 5269 δογμάτων
1338 5194 1524 5271 χάριν)

360 5285 597 5353 Ἕθηκεν
625 5279 898 5358 ἐξόριστον
930 5282 1006 5344 εἰς
1031 5282 1347 5358 ἀλλοτρίαν·

252 5468 365 5550 (90)
397 5467 688 5550 Germani.
710 5467 888 5550 hujus
921 5468 1583 5550 prolixum_'I‘rac_tatu_m
1615 5469 1846 5550 delita;
1954 5461 2548 5550 tum‘ex‘alioicod'i‘ce
2578 5464 2815 5548 protuli.
2853 5541 2863 5550 ι
2918 5538 2934 5550 _
3117 5542 3128 5550 Δ
3241 5540 3252 5550 .

183 5534 645 5620 termi'no‘antea
675 5534 986 5620 ineditum,
1007 5540 1186 5620 habes
1213 5540 1272 5594 in
1307 5540 1672 5620 collectionis
1693 5543 1847 5620 Vati:
1960 5604 1996 5620 ﬂ
2027 5534 2140 5606 (91)
2172 5536 2414 5620 argutia
2443 5534 2752 5620 prrgmii
2781 5541 2873 5593 est
2903 5538 3296 5620 dencontraria
3325 5540 3616 5620 significa-

182 5628 346 5686 ἔμιεῄ
368 5609 673 5686 volumine
701 5613 832 5686 Imp.
866 5611 1147 5686 285-315;
1207 5613 1364 5684 quod
1409 5613 1698 5686 scriptum
1731 5613 1844 5686 sibi
1955 5606 2117 5660 tione
2156 5606 2311 5667 vtxuc
2356 5621 2415 5663 et
2456 5606 2807 5681 ἀναστάσιος,
2836 5610 3006 5682 quasi
3053 5606 3490 5684 viviﬁcans,'vel
3519 5630 3617 5670 re-

184 5628 337 5667 cane
368 5628 673 5667 vowmnne
701 5628 743 5680 ι,
821 5652 832 5664 .
866 5628 1147 5680 usa-cm;
1207 5628 1364 5684 quoa
1409 5628 1698 5686 scriptum
1731 5628 1844 5670 ειυι
1956 5628 2117 5660 uane
2156 5628 2206 5660 νι

184 5683 430 5757 Photius
460 5683 522 5757 in
553 5628 1503 5757 Ampbirochianisusurpaverat,
1533 5685 1628 5757 uti
1670 5684 1846 5742 docui
1953 5692 2206 5749 turgens.

185 5755 316 5813 coll.
347 5755 532 5829 praui.
562 5760 606 5812 t.
640 5755 712 5828 II,
739 5772 798 5829 p.
828 5755 957 5827 682,
990 5756 1092 5813 ubi
1121 5755 1392 5827 ejusdem
1441 5756 1848 5831 complemen-

508 5871 774 5936 ΡΑι-ιοι.
823 5873 933 5934 ϐε.
987 5870 1249 5934 CXLIII.

3217 5885 3294 5947 13
