  <div class='ocr_page' id='page_1' title='image "/cluster/home/n/w/nwhite01/storage/ocr_20150623/143/nnc1.0046980733/191.png"; bbox 0 0 4250 6432; ppageno 0'>
   <div class='ocr_carea' id='block_1_1' title="bbox 594 361 4012 436">
    <p class='ocr_par' dir='ltr' id='par_1_1' title="bbox 594 361 4012 436">
     <span class='ocr_line' id='line_1_1' title="bbox 594 361 4012 436; baseline -0.004 -6"><span class='ocrx_word' id='word_1_1' title='bbox 594 375 704 436; x_wconf 81' lang='lat'>367</span> <span class='ocrx_word' id='word_1_2' title='bbox 1818 369 2190 422; x_wconf 67' lang='lat' dir='ltr'>EPHREMII</span> <span class='ocrx_word' id='word_1_3' title='bbox 2227 362 2793 426; x_wconf 78' lang='lat' dir='ltr'>CHRONOGRAPHI</span> <span class='ocrx_word' id='word_1_4' title='bbox 3903 361 4012 417; x_wconf 81' lang='lat'>368</span> 
     </span>
    </p>
   </div>
   <div class='ocr_carea' id='block_1_2' title="bbox 2576 485 3702 564">
    <p class='ocr_par' dir='ltr' id='par_1_2' title="bbox 2576 485 3702 564">
     <span class='ocr_line' id='line_1_2' title="bbox 2576 485 3702 564; baseline -0.006 -18"><span class='ocrx_word' id='word_1_5' title='bbox 2576 496 2669 546; x_wconf 87' lang='grc' dir='ltr'>Ὂν</span> <span class='ocrx_word' id='word_1_6' title='bbox 2709 491 2961 562; x_wconf 73' lang='grc' dir='ltr'>ἐξελάσας</span> <span class='ocrx_word' id='word_1_7' title='bbox 2999 490 3094 543; x_wconf 83' lang='grc' dir='ltr'>τοῦ</span> <span class='ocrx_word' id='word_1_8' title='bbox 3126 488 3326 562; x_wconf 84' lang='grc' dir='ltr'>θρόνου</span> <span class='ocrx_word' id='word_1_9' title='bbox 3358 486 3522 564; x_wconf 80' lang='grc' dir='ltr'>σοφὸς</span> <span class='ocrx_word' id='word_1_10' title='bbox 3554 485 3702 540; x_wconf 92' lang='grc' dir='ltr'>Λέων</span> 
     </span>
    </p>
   </div>
   <div class='ocr_carea' id='block_1_3' title="bbox 2583 574 3586 655">
    <p class='ocr_par' dir='ltr' id='par_1_3' title="bbox 2583 574 3586 655">
     <span class='ocr_line' id='line_1_3' title="bbox 2583 574 3586 655; baseline -0.007 -21"><span class='ocrx_word' id='word_1_11' title='bbox 2583 580 2959 655; x_wconf 84' lang='grc' dir='ltr'>Τετραγαμίας</span> <span class='ocrx_word' id='word_1_12' title='bbox 2993 577 3124 652; x_wconf 82' lang='grc' dir='ltr'>ἄγος</span> <span class='ocrx_word' id='word_1_13' title='bbox 3156 577 3217 631; x_wconf 85' lang='grc' dir='ltr'>ού</span> <span class='ocrx_word' id='word_1_14' title='bbox 3249 574 3586 650; x_wconf 70' lang='grc' dir='ltr'>δεδεγμένον,</span> 
     </span>
    </p>
   </div>
   <div class='ocr_carea' id='block_1_4' title="bbox 2583 662 3584 742">
    <p class='ocr_par' dir='ltr' id='par_1_4' title="bbox 2583 662 3584 742">
     <span class='ocr_line' id='line_1_4' title="bbox 2583 662 3584 742; baseline -0.004 -20"><span class='ocrx_word' id='word_1_15' title='bbox 2583 667 2854 739; x_wconf 76' lang='grc' dir='ltr'>Εὐθύμιον</span> <span class='ocrx_word' id='word_1_16' title='bbox 2892 666 3191 742; x_wconf 88' lang='grc' dir='ltr'>σύγκελλον</span> <span class='ocrx_word' id='word_1_17' title='bbox 3225 662 3584 738; x_wconf 82' lang='grc' dir='ltr'>ἐγκαθιδρύει.</span> 
     </span>
    </p>
   </div>
   <div class='ocr_carea' id='block_1_5' title="bbox 2373 749 3714 829">
    <p class='ocr_par' dir='ltr' id='par_1_5' title="bbox 2373 749 3714 829">
     <span class='ocr_line' id='line_1_5' title="bbox 2373 749 3714 829; baseline -0.004 -21"><span class='ocrx_word' id='word_1_18' title='bbox 2373 755 2544 810; x_wconf 73' lang='grc'>10040</span> <span class='ocrx_word' id='word_1_19' title='bbox 2584 755 2800 810; x_wconf 80' lang='grc' dir='ltr'>Τούτου</span> <span class='ocrx_word' id='word_1_20' title='bbox 2834 752 3163 829; x_wconf 88' lang='grc' dir='ltr'>διωχθέντος</span> <span class='ocrx_word' id='word_1_21' title='bbox 3197 751 3254 806; x_wconf 76' lang='grc' dir='ltr'>δὲ</span> <span class='ocrx_word' id='word_1_22' title='bbox 3281 757 3379 817; x_wconf 80' lang='grc' dir='ltr'>τῆς</span> <span class='ocrx_word' id='word_1_23' title='bbox 3406 749 3714 826; x_wconf 76' lang='grc' dir='ltr'>προεδρίας,</span> 
     </span>
    </p>
   </div>
   <div class='ocr_carea' id='block_1_6' title="bbox 2582 840 3647 916">
    <p class='ocr_par' dir='ltr' id='par_1_6' title="bbox 2582 840 3647 916">
     <span class='ocr_line' id='line_1_6' title="bbox 2582 840 3647 916; baseline -0.004 -17"><span class='ocrx_word' id='word_1_24' title='bbox 2582 846 2756 899; x_wconf 66' lang='grc' dir='ltr'>Πάλιν</span> <span class='ocrx_word' id='word_1_25' title='bbox 2792 846 2819 899; x_wconf 87' lang='grc' dir='ltr'>ὁ</span> <span class='ocrx_word' id='word_1_26' title='bbox 2852 843 3124 904; x_wconf 79' lang='grc' dir='ltr'>Νικόλαος</span> <span class='ocrx_word' id='word_1_27' title='bbox 3157 841 3284 916; x_wconf 81' lang='grc' dir='ltr'>ἔσχε</span> <span class='ocrx_word' id='word_1_28' title='bbox 3313 843 3402 895; x_wconf 88' lang='grc' dir='ltr'>τὸν</span> <span class='ocrx_word' id='word_1_29' title='bbox 3438 840 3647 913; x_wconf 82' lang='grc' dir='ltr'>θρόνον.</span> 
     </span>
    </p>
   </div>
   <div class='ocr_carea' id='block_1_7' title="bbox 2584 929 3732 1008">
    <p class='ocr_par' dir='ltr' id='par_1_7' title="bbox 2584 929 3732 1008">
     <span class='ocr_line' id='line_1_7' title="bbox 2584 929 3732 1008; baseline -0.007 -19"><span class='ocrx_word' id='word_1_30' title='bbox 2584 933 2797 989; x_wconf 90' lang='grc' dir='ltr'>Τούτου</span> <span class='ocrx_word' id='word_1_31' title='bbox 2828 933 3099 999; x_wconf 82' lang='grc' dir='ltr'>θανόντος,</span> <span class='ocrx_word' id='word_1_32' title='bbox 3137 932 3407 1008; x_wconf 73' lang='grc' dir='ltr'>Στέφανος</span> <span class='ocrx_word' id='word_1_33' title='bbox 3441 929 3732 1001; x_wconf 75' lang='grc' dir='ltr'>’Δμασείας</span> 
     </span>
    </p>
   </div>
   <div class='ocr_carea' id='block_1_8' title="bbox 2591 1018 3723 1095">
    <p class='ocr_par' dir='ltr' id='par_1_8' title="bbox 2591 1018 3723 1095">
     <span class='ocr_line' id='line_1_8' title="bbox 2591 1018 3723 1095; baseline -0.004 -19"><span class='ocrx_word' id='word_1_34' title='bbox 2591 1020 2895 1085; x_wconf 86' lang='grc' dir='ltr'>Σπουδαῖος</span> <span class='ocrx_word' id='word_1_35' title='bbox 2927 1021 3188 1095; x_wconf 75' lang='grc' dir='ltr'>εὐνοῦχός</span> <span class='ocrx_word' id='word_1_36' title='bbox 3217 1041 3320 1089; x_wconf 88' lang='grc' dir='ltr'>τις,</span> <span class='ocrx_word' id='word_1_37' title='bbox 3352 1019 3498 1092; x_wconf 78' lang='grc' dir='ltr'>ἱερὸς</span> <span class='ocrx_word' id='word_1_38' title='bbox 3535 1018 3723 1088; x_wconf 89' lang='grc' dir='ltr'>θύτης,</span> 
     </span>
    </p>
   </div>
   <div class='ocr_carea' id='block_1_9' title="bbox 595 489 2335 567">
    <p class='ocr_par' dir='ltr' id='par_1_9' title="bbox 595 489 2335 567">
     <span class='ocr_line' id='line_1_9' title="bbox 595 489 2335 567; baseline -0.006 -14"><span class='ocrx_word' id='word_1_39' title='bbox 595 503 764 553; x_wconf 88' lang='lat' dir='ltr'>Hunc</span> <span class='ocrx_word' id='word_1_40' title='bbox 795 495 1068 567; x_wconf 83' lang='lat' dir='ltr'>spoliavit</span> <span class='ocrx_word' id='word_1_41' title='bbox 1098 494 1322 550; x_wconf 82' lang='lat' dir='ltr'><strong>honore</strong></span> <span class='ocrx_word' id='word_1_42' title='bbox 1354 494 1465 548; x_wconf 88' lang='lat' dir='ltr'>Leo</span> <span class='ocrx_word' id='word_1_43' title='bbox 1494 493 1739 563; x_wconf 84' lang='lat' dir='ltr'>Sapiens</span> <span class='ocrx_word' id='word_1_44' title='bbox 2280 489 2335 552; x_wconf 76' lang='grc' dir='ltr'><strong>Α</strong></span> 
     </span>
    </p>
   </div>
   <div class='ocr_carea' id='block_1_10' title="bbox 594 581 1778 658">
    <p class='ocr_par' dir='ltr' id='par_1_10' title="bbox 594 581 1778 658">
     <span class='ocr_line' id='line_1_10' title="bbox 594 581 1778 658; baseline -0.005 -17"><span class='ocrx_word' id='word_1_45' title='bbox 594 589 834 658; x_wconf 78' lang='lat' dir='ltr'>quartas</span> <span class='ocrx_word' id='word_1_46' title='bbox 863 587 1159 638; x_wconf 82' lang='lat' dir='ltr'>vetantem</span> <span class='ocrx_word' id='word_1_47' title='bbox 1195 581 1484 638; x_wconf 90' lang='lat' dir='ltr'>celebrari</span> <span class='ocrx_word' id='word_1_48' title='bbox 1520 581 1778 652; x_wconf 91' lang='lat' dir='ltr'>nuptias,</span> 
     </span>
    </p>
   </div>
   <div class='ocr_carea' id='block_1_11' title="bbox 591 668 2053 747">
    <p class='ocr_par' dir='ltr' id='par_1_11' title="bbox 591 668 2053 747">
     <span class='ocr_line' id='line_1_11' title="bbox 591 668 2053 747; baseline -0.006 -17"><span class='ocrx_word' id='word_1_49' title='bbox 591 673 1030 747; x_wconf 87' lang='lat' dir='ltr'>syncellamque</span> <span class='ocrx_word' id='word_1_50' title='bbox 1063 672 1461 742; x_wconf 89' lang='lat' dir='ltr'>Euthymium</span> <span class='ocrx_word' id='word_1_51' title='bbox 1494 687 1594 740; x_wconf 89' lang='lat' dir='ltr'>pro</span> <span class='ocrx_word' id='word_1_52' title='bbox 1625 687 1691 726; x_wconf 90' lang='lat' dir='ltr'>eo</span> <span class='ocrx_word' id='word_1_53' title='bbox 1723 668 2053 724; x_wconf 81' lang='lat' dir='ltr'>constituit.</span> 
     </span>
    </p>
   </div>
   <div class='ocr_carea' id='block_1_12' title="bbox 603 761 1646 832">
    <p class='ocr_par' dir='ltr' id='par_1_12' title="bbox 603 761 1646 832">
     <span class='ocr_line' id='line_1_12' title="bbox 603 761 1646 832; baseline -0.005 -15"><span class='ocrx_word' id='word_1_54' title='bbox 603 764 820 818; x_wconf 91' lang='lat' dir='ltr'>Verum</span> <span class='ocrx_word' id='word_1_55' title='bbox 855 762 962 816; x_wconf 88' lang='lat' dir='ltr'>hoc</span> <span class='ocrx_word' id='word_1_56' title='bbox 997 761 1126 832; x_wconf 92' lang='lat' dir='ltr'>ipso</span> <span class='ocrx_word' id='word_1_57' title='bbox 1159 761 1444 831; x_wconf 82' lang='lat' dir='ltr'>dignitate</span> <span class='ocrx_word' id='word_1_58' title='bbox 1477 764 1646 813; x_wconf 83' lang='lat' dir='ltr'>exuto</span> 
     </span>
    </p>
   </div>
   <div class='ocr_carea' id='block_1_13' title="bbox 600 849 1623 920">
    <p class='ocr_par' dir='ltr' id='par_1_13' title="bbox 600 849 1623 920">
     <span class='ocr_line' id='line_1_13' title="bbox 600 849 1623 920; baseline -0.003 -15"><span class='ocrx_word' id='word_1_59' title='bbox 600 853 818 907; x_wconf 82' lang='lat' dir='ltr'>iterum</span> <span class='ocrx_word' id='word_1_60' title='bbox 853 849 1128 905; x_wconf 85' lang='lat' dir='ltr'>Nicolaus</span> <span class='ocrx_word' id='word_1_61' title='bbox 1159 849 1376 920; x_wconf 85' lang='lat' dir='ltr'>recepit</span> <span class='ocrx_word' id='word_1_62' title='bbox 1403 849 1623 903; x_wconf 84' lang='lat' dir='ltr'>sedem.</span> 
     </span>
    </p>
   </div>
   <div class='ocr_carea' id='block_1_14' title="bbox 603 938 1919 1007">
    <p class='ocr_par' dir='ltr' id='par_1_14' title="bbox 603 938 1919 1007">
     <span class='ocr_line' id='line_1_14' title="bbox 603 938 1919 1007; baseline -0.004 -12"><span class='ocrx_word' id='word_1_63' title='bbox 603 941 711 995; x_wconf 88' lang='lat' dir='ltr'>Sed</span> <span class='ocrx_word' id='word_1_64' title='bbox 751 939 858 994; x_wconf 90' lang='lat' dir='ltr'>hoc</span> <span class='ocrx_word' id='word_1_65' title='bbox 891 939 1191 1004; x_wconf 89' lang='lat' dir='ltr'>defuncto,</span> <span class='ocrx_word' id='word_1_66' title='bbox 1224 938 1559 1007; x_wconf 83' lang='lat' dir='ltr'>Stephanus</span> <span class='ocrx_word' id='word_1_67' title='bbox 1592 940 1919 991; x_wconf 84' lang='lat' dir='ltr'>Amasenus</span> 
     </span>
    </p>
   </div>
   <div class='ocr_carea' id='block_1_15' title="bbox 603 1025 1803 1097">
    <p class='ocr_par' dir='ltr' id='par_1_15' title="bbox 603 1025 1803 1097">
     <span class='ocr_line' id='line_1_15' title="bbox 603 1025 1803 1097; baseline -0.003 -15"><span class='ocrx_word' id='word_1_68' title='bbox 603 1026 923 1082; x_wconf 88' lang='lat' dir='ltr'>eunuchus</span> <span class='ocrx_word' id='word_1_69' title='bbox 955 1025 1130 1097; x_wconf 81' lang='lat' dir='ltr'>frugi,</span> <span class='ocrx_word' id='word_1_70' title='bbox 1164 1025 1438 1079; x_wconf 84' lang='lat' dir='ltr'>sacerdos</span> <span class='ocrx_word' id='word_1_71' title='bbox 1471 1025 1803 1091; x_wconf 81' lang='lat' dir='ltr'>ordinatus,</span> 
     </span>
    </p>
   </div>
   <div class='ocr_carea' id='block_1_16' title="bbox 609 1113 1746 1187">
    <p class='ocr_par' dir='ltr' id='par_1_16' title="bbox 609 1113 1746 1187">
     <span class='ocr_line' id='line_1_16' title="bbox 609 1113 1746 1187; baseline -0.005 -16"><span class='ocrx_word' id='word_1_72' title='bbox 609 1115 1022 1187; x_wconf 83' lang='lat' dir='ltr'>pontiﬁcatum</span> <span class='ocrx_word' id='word_1_73' title='bbox 1053 1130 1214 1168; x_wconf 67' lang='lat' dir='ltr'>novas</span> <span class='ocrx_word' id='word_1_74' title='bbox 1245 1117 1438 1167; x_wconf 70' lang='lat' dir='ltr'>Romae</span> <span class='ocrx_word' id='word_1_75' title='bbox 1471 1113 1746 1168; x_wconf 87' lang='lat' dir='ltr'>obtinuit.</span> 
     </span>
    </p>
   </div>
   <div class='ocr_carea' id='block_1_17' title="bbox 606 1201 1998 1274">
    <p class='ocr_par' dir='ltr' id='par_1_17' title="bbox 606 1201 1998 1274">
     <span class='ocr_line' id='line_1_17' title="bbox 606 1201 1998 1274; baseline -0.002 -15"><span class='ocrx_word' id='word_1_76' title='bbox 606 1204 901 1274; x_wconf 88' lang='lat' dir='ltr'>Stephano</span> <span class='ocrx_word' id='word_1_77' title='bbox 928 1203 1267 1257; x_wconf 87' lang='lat' dir='ltr'>communis</span> <span class='ocrx_word' id='word_1_78' title='bbox 1302 1202 1401 1256; x_wconf 79' lang='lat' dir='ltr'>fati</span> <span class='ocrx_word' id='word_1_79' title='bbox 1435 1201 1720 1256; x_wconf 84' lang='lat' dir='ltr'>exstincto</span> <span class='ocrx_word' id='word_1_80' title='bbox 1753 1201 1998 1268; x_wconf 86' lang='lat' dir='ltr'>viribus,</span> 
     </span>
    </p>
   </div>
   <div class='ocr_carea' id='block_1_18' title="bbox 607 1290 1662 1362">
    <p class='ocr_par' dir='ltr' id='par_1_18' title="bbox 607 1290 1662 1362">
     <span class='ocr_line' id='line_1_18' title="bbox 607 1290 1662 1362; baseline -0.004 -14"><span class='ocrx_word' id='word_1_81' title='bbox 607 1294 672 1348; x_wconf 85' lang='lat' dir='ltr'>ﬁt</span> <span class='ocrx_word' id='word_1_82' title='bbox 705 1291 1040 1362; x_wconf 84' lang='lat' dir='ltr'>patriarcha</span> <span class='ocrx_word' id='word_1_83' title='bbox 1073 1290 1662 1360; x_wconf 87' lang='lat' dir='ltr'>Constantinopoleos</span> 
     </span>
    </p>
   </div>
   <div class='ocr_carea' id='block_1_19' title="bbox 606 1379 1869 1450">
    <p class='ocr_par' dir='ltr' id='par_1_19' title="bbox 606 1379 1869 1450">
     <span class='ocr_line' id='line_1_19' title="bbox 606 1379 1869 1450; baseline -0.002 -14"><span class='ocrx_word' id='word_1_84' title='bbox 606 1382 933 1437; x_wconf 90' lang='lat' dir='ltr'>monachus</span> <span class='ocrx_word' id='word_1_85' title='bbox 962 1379 1260 1450; x_wconf 84' lang='lat' dir='ltr'>Tryphon,</span> <span class='ocrx_word' id='word_1_86' title='bbox 1295 1379 1607 1450; x_wconf 88' lang='lat' dir='ltr'>religiosus</span> <span class='ocrx_word' id='word_1_87' title='bbox 1643 1394 1821 1433; x_wconf 85' lang='lat' dir='ltr'>senex</span> <span class='ocrx_word' id='word_1_88' title='bbox 1856 1395 1869 1433; x_wconf 95' lang='lat'><strong>:</strong></span> 
     </span>
    </p>
   </div>
   <div class='ocr_carea' id='block_1_20' title="bbox 605 1472 1862 1551">
    <p class='ocr_par' dir='ltr' id='par_1_20' title="bbox 605 1472 1862 1551">
     <span class='ocr_line' id='line_1_20' title="bbox 605 1472 1862 1551; baseline -0.002 -16"><span class='ocrx_word' id='word_1_89' title='bbox 605 1496 779 1551; x_wconf 88' lang='lat' dir='ltr'>quem</span> <span class='ocrx_word' id='word_1_90' title='bbox 809 1472 1124 1550; x_wconf 78' lang='lat' dir='ltr'>postquam</span> <span class='ocrx_word' id='word_1_91' title='bbox 1154 1479 1290 1532; x_wconf 84' lang='lat' dir='ltr'>sede</span> <span class='ocrx_word' id='word_1_92' title='bbox 1323 1478 1677 1549; x_wconf 90' lang='lat' dir='ltr'>depulerunt</span> <span class='ocrx_word' id='word_1_93' title='bbox 1710 1477 1862 1541; x_wconf 90' lang='lat' dir='ltr'>dolo,</span> 
     </span>
    </p>
   </div>
   <div class='ocr_carea' id='block_1_21' title="bbox 601 1566 1854 1638">
    <p class='ocr_par' dir='ltr' id='par_1_21' title="bbox 601 1566 1854 1638">
     <span class='ocr_line' id='line_1_21' title="bbox 601 1566 1854 1638; baseline -0.005 -13"><span class='ocrx_word' id='word_1_94' title='bbox 601 1568 851 1626; x_wconf 87' lang='lat' dir='ltr'>Romani</span> <span class='ocrx_word' id='word_1_95' title='bbox 882 1568 1263 1638; x_wconf 85' lang='lat' dir='ltr'>imperatoris</span> <span class='ocrx_word' id='word_1_96' title='bbox 1296 1567 1631 1621; x_wconf 88' lang='lat' dir='ltr'>eunuchum</span> <span class='ocrx_word' id='word_1_97' title='bbox 1667 1566 1854 1620; x_wconf 85' lang='lat' dir='ltr'>ﬁlium</span> 
     </span>
    </p>
   </div>
   <div class='ocr_carea' id='block_1_22' title="bbox 605 1655 1873 1726">
    <p class='ocr_par' dir='ltr' id='par_1_22' title="bbox 605 1655 1873 1726">
     <span class='ocr_line' id='line_1_22' title="bbox 605 1655 1873 1726; baseline -0.003 -14"><span class='ocrx_word' id='word_1_98' title='bbox 605 1658 842 1712; x_wconf 89' lang='lat' dir='ltr'>nomine</span> <span class='ocrx_word' id='word_1_99' title='bbox 873 1655 1381 1726; x_wconf 78' lang='lat' dir='ltr'>Theophylactum</span> <span class='ocrx_word' id='word_1_100' title='bbox 1417 1656 1566 1726; x_wconf 91' lang='lat' dir='ltr'>pedo</span> <span class='ocrx_word' id='word_1_101' title='bbox 1601 1656 1825 1709; x_wconf 91' lang='lat' dir='ltr'>donant</span> <span class='ocrx_word' id='word_1_102' title='bbox 1861 1672 1873 1708; x_wconf 92' lang='lat'>:</span> 
     </span>
    </p>
   </div>
   <div class='ocr_carea' id='block_1_23' title="bbox 609 1743 1897 1816">
    <p class='ocr_par' dir='ltr' id='par_1_23' title="bbox 609 1743 1897 1816">
     <span class='ocr_line' id='line_1_23' title="bbox 609 1743 1897 1816; baseline -0.002 -17"><span class='ocrx_word' id='word_1_103' title='bbox 609 1746 708 1816; x_wconf 91' lang='lat' dir='ltr'>qui</span> <span class='ocrx_word' id='word_1_104' title='bbox 743 1761 931 1815; x_wconf 90' lang='lat' dir='ltr'>neque</span> <span class='ocrx_word' id='word_1_105' title='bbox 963 1749 1164 1799; x_wconf 89' lang='lat' dir='ltr'>sancte</span> <span class='ocrx_word' id='word_1_106' title='bbox 1194 1744 1337 1798; x_wconf 84' lang='lat' dir='ltr'>vixit</span> <span class='ocrx_word' id='word_1_107' title='bbox 1371 1761 1472 1798; x_wconf 88' lang='lat' dir='ltr'>nec</span> <span class='ocrx_word' id='word_1_108' title='bbox 1505 1743 1897 1814; x_wconf 89' lang='lat' dir='ltr'>pastoraliter,</span> 
     </span>
    </p>
   </div>
   <div class='ocr_carea' id='block_1_24' title="bbox 613 1833 1878 1904">
    <p class='ocr_par' dir='ltr' id='par_1_24' title="bbox 613 1833 1878 1904">
     <span class='ocr_line' id='line_1_24' title="bbox 613 1833 1878 1904; baseline -0.003 -15"><span class='ocrx_word' id='word_1_109' title='bbox 613 1835 713 1889; x_wconf 91' lang='lat' dir='ltr'>sed</span> <span class='ocrx_word' id='word_1_110' title='bbox 745 1834 1039 1889; x_wconf 85' lang='lat' dir='ltr'>venationi</span> <span class='ocrx_word' id='word_1_111' title='bbox 1073 1849 1304 1904; x_wconf 87' lang='lat' dir='ltr'>semper</span> <span class='ocrx_word' id='word_1_112' title='bbox 1335 1834 1589 1888; x_wconf 87' lang='lat' dir='ltr'>absurde</span> <span class='ocrx_word' id='word_1_113' title='bbox 1622 1833 1878 1898; x_wconf 89' lang='lat' dir='ltr'>deditus,</span> 
     </span>
    </p>
   </div>
   <div class='ocr_carea' id='block_1_25' title="bbox 615 1921 1862 1994">
    <p class='ocr_par' dir='ltr' id='par_1_25' title="bbox 615 1921 1862 1994">
     <span class='ocr_line' id='line_1_25' title="bbox 615 1921 1862 1994; baseline -0.002 -16"><span class='ocrx_word' id='word_1_114' title='bbox 615 1924 783 1994; x_wconf 90' lang='lat' dir='ltr'>equis</span> <span class='ocrx_word' id='word_1_115' title='bbox 817 1922 1144 1977; x_wconf 90' lang='lat' dir='ltr'>nutriendis</span> <span class='ocrx_word' id='word_1_116' title='bbox 1175 1926 1232 1976; x_wconf 90' lang='lat' dir='ltr'>et</span> <span class='ocrx_word' id='word_1_117' title='bbox 1257 1923 1474 1977; x_wconf 86' lang='lat' dir='ltr'>cursim</span> <span class='ocrx_word' id='word_1_118' title='bbox 1505 1921 1862 1976; x_wconf 85' lang='lat' dir='ltr'>exercendis.</span> 
     </span>
    </p>
   </div>
   <div class='ocr_carea' id='block_1_26' title="bbox 615 2011 1820 2081">
    <p class='ocr_par' dir='ltr' id='par_1_26' title="bbox 615 2011 1820 2081">
     <span class='ocr_line' id='line_1_26' title="bbox 615 2011 1820 2081; baseline -0.002 -15"><span class='ocrx_word' id='word_1_119' title='bbox 615 2013 732 2067; x_wconf 86' lang='lat' dir='ltr'>Hoc</span> <span class='ocrx_word' id='word_1_120' title='bbox 763 2012 890 2065; x_wconf 71' lang='lat' dir='ltr'>vitae</span> <span class='ocrx_word' id='word_1_121' title='bbox 916 2017 972 2065; x_wconf 92' lang='lat' dir='ltr'>et</span> <span class='ocrx_word' id='word_1_122' title='bbox 1003 2011 1311 2081; x_wconf 85' lang='lat' dir='ltr'>dignitatis</span> <span class='ocrx_word' id='word_1_123' title='bbox 1346 2011 1588 2065; x_wconf 88' lang='lat' dir='ltr'>faciente</span> <span class='ocrx_word' id='word_1_124' title='bbox 1620 2011 1820 2077; x_wconf 82' lang='lat' dir='ltr'>finem,</span> 
     </span>
    </p>
   </div>
   <div class='ocr_carea' id='block_1_27' title="bbox 613 2100 1746 2174">
    <p class='ocr_par' dir='ltr' id='par_1_27' title="bbox 613 2100 1746 2174">
     <span class='ocr_line' id='line_1_27' title="bbox 613 2100 1746 2174; baseline -0.002 -19"><span class='ocrx_word' id='word_1_125' title='bbox 613 2105 923 2174; x_wconf 82' lang='lat' dir='ltr'>promotus</span> <span class='ocrx_word' id='word_1_126' title='bbox 953 2104 1046 2155; x_wconf 91' lang='lat' dir='ltr'>est</span> <span class='ocrx_word' id='word_1_127' title='bbox 1073 2105 1136 2154; x_wconf 91' lang='lat' dir='ltr'>ut</span> <span class='ocrx_word' id='word_1_128' title='bbox 1167 2105 1323 2155; x_wconf 82' lang='lat' dir='ltr'>esset</span> <span class='ocrx_word' id='word_1_129' title='bbox 1356 2100 1450 2154; x_wconf 89' lang='lat' dir='ltr'>Dei</span> <span class='ocrx_word' id='word_1_130' title='bbox 1487 2100 1746 2171; x_wconf 84' lang='lat' dir='ltr'>pontifex</span> 
     </span>
    </p>
   </div>
   <div class='ocr_carea' id='block_1_28' title="bbox 614 2188 1770 2261">
    <p class='ocr_par' dir='ltr' id='par_1_28' title="bbox 614 2188 1770 2261">
     <span class='ocr_line' id='line_1_28' title="bbox 614 2188 1770 2261; baseline -0.002 -16"><span class='ocrx_word' id='word_1_131' title='bbox 614 2190 830 2261; x_wconf 90' lang='lat' dir='ltr'>dignus</span> <span class='ocrx_word' id='word_1_132' title='bbox 863 2205 1166 2244; x_wconf 88' lang='lat' dir='ltr'>sacrorum</span> <span class='ocrx_word' id='word_1_133' title='bbox 1202 2189 1365 2260; x_wconf 89' lang='lat' dir='ltr'>apice</span> <span class='ocrx_word' id='word_1_134' title='bbox 1399 2188 1770 2260; x_wconf 87' lang='lat' dir='ltr'>Polyeuctus,</span> 
     </span>
    </p>
   </div>
   <div class='ocr_carea' id='block_1_29' title="bbox 611 2276 1888 2352">
    <p class='ocr_par' dir='ltr' id='par_1_29' title="bbox 611 2276 1888 2352">
     <span class='ocr_line' id='line_1_29' title="bbox 611 2276 1888 2352; baseline -0.002 -18"><span class='ocrx_word' id='word_1_135' title='bbox 611 2279 882 2352; x_wconf 86' lang='lat' dir='ltr'>egregius</span> <span class='ocrx_word' id='word_1_136' title='bbox 917 2294 1058 2333; x_wconf 85' lang='lat' dir='ltr'>sane</span> <span class='ocrx_word' id='word_1_137' title='bbox 1089 2279 1180 2332; x_wconf 90' lang='lat' dir='ltr'>vir</span> <span class='ocrx_word' id='word_1_138' title='bbox 1208 2278 1558 2350; x_wconf 90' lang='lat' dir='ltr'>cunctisque</span> <span class='ocrx_word' id='word_1_139' title='bbox 1589 2276 1888 2346; x_wconf 87' lang='lat' dir='ltr'>amabilis,</span> 
     </span>
    </p>
   </div>
   <div class='ocr_carea' id='block_1_30' title="bbox 611 2368 1824 2440">
    <p class='ocr_par' dir='ltr' id='par_1_30' title="bbox 611 2368 1824 2440">
     <span class='ocr_line' id='line_1_30' title="bbox 611 2368 1824 2440; baseline -0.002 -17"><span class='ocrx_word' id='word_1_140' title='bbox 611 2370 795 2440; x_wconf 88' lang='lat' dir='ltr'>gloria</span> <span class='ocrx_word' id='word_1_141' title='bbox 825 2369 1271 2434; x_wconf 82' lang='lat' dir='ltr'>monachorum,</span> <span class='ocrx_word' id='word_1_142' title='bbox 1305 2368 1590 2421; x_wconf 90' lang='lat' dir='ltr'>virtutum</span> <span class='ocrx_word' id='word_1_143' title='bbox 1621 2371 1824 2438; x_wconf 86' lang='lat' dir='ltr'>typus.</span> 
     </span>
    </p>
   </div>
   <div class='ocr_carea' id='block_1_31' title="bbox 611 2455 1948 2526">
    <p class='ocr_par' dir='ltr' id='par_1_31' title="bbox 611 2455 1948 2526">
     <span class='ocr_line' id='line_1_31' title="bbox 611 2455 1948 2526; baseline -0.001 -15"><span class='ocrx_word' id='word_1_144' title='bbox 611 2457 892 2511; x_wconf 65' lang='lat' dir='ltr'>doctrinas</span> <span class='ocrx_word' id='word_1_145' title='bbox 925 2455 1052 2510; x_wconf 90' lang='lat' dir='ltr'>luce</span> <span class='ocrx_word' id='word_1_146' title='bbox 1079 2455 1276 2510; x_wconf 90' lang='lat' dir='ltr'>clarus</span> <span class='ocrx_word' id='word_1_147' title='bbox 1309 2456 1408 2511; x_wconf 90' lang='lat' dir='ltr'>sed</span> <span class='ocrx_word' id='word_1_148' title='bbox 1446 2456 1631 2526; x_wconf 88' lang='lat' dir='ltr'>magis</span> <span class='ocrx_word' id='word_1_149' title='bbox 1664 2455 1948 2510; x_wconf 90' lang='lat' dir='ltr'>moribus.</span> 
     </span>
    </p>
   </div>
   <div class='ocr_carea' id='block_1_32' title="bbox 614 2552 1898 2627">
    <p class='ocr_par' dir='ltr' id='par_1_32' title="bbox 614 2552 1898 2627">
     <span class='ocr_line' id='line_1_32' title="bbox 614 2552 1898 2627; baseline -0.002 -18"><span class='ocrx_word' id='word_1_150' title='bbox 614 2555 730 2609; x_wconf 87' lang='lat' dir='ltr'>Hoc</span> <span class='ocrx_word' id='word_1_151' title='bbox 761 2554 942 2609; x_wconf 90' lang='lat' dir='ltr'>etiam</span> <span class='ocrx_word' id='word_1_152' title='bbox 977 2552 1344 2627; x_wconf 84' lang='lat' dir='ltr'>relinquente</span> <span class='ocrx_word' id='word_1_153' title='bbox 1377 2553 1659 2606; x_wconf 89' lang='lat' dir='ltr'>caducam</span> <span class='ocrx_word' id='word_1_154' title='bbox 1692 2553 1898 2617; x_wconf 89' lang='lat' dir='ltr'>vitam,</span> 
     </span>
    </p>
   </div>
   <div class='ocr_carea' id='block_1_33' title="bbox 613 2633 1852 2697">
    <p class='ocr_par' dir='ltr' id='par_1_33' title="bbox 613 2633 1852 2697">
     <span class='ocr_line' id='line_1_33' title="bbox 613 2633 1852 2697; baseline -0.002 0"><span class='ocrx_word' id='word_1_155' title='bbox 613 2643 829 2697; x_wconf 91' lang='lat' dir='ltr'>insedit</span> <span class='ocrx_word' id='word_1_156' title='bbox 862 2643 1206 2697; x_wconf 90' lang='lat' dir='ltr'>cathedram</span> <span class='ocrx_word' id='word_1_157' title='bbox 1237 2642 1492 2695; x_wconf 90' lang='lat' dir='ltr'>Basilius</span> <span class='ocrx_word' id='word_1_158' title='bbox 1527 2633 1852 2695; x_wconf 86' lang='lat' dir='ltr'>monachus</span> 
     </span>
    </p>
   </div>
   <div class='ocr_carea' id='block_1_34' title="bbox 617 2730 1828 2802">
    <p class='ocr_par' dir='ltr' id='par_1_34' title="bbox 617 2730 1828 2802">
     <span class='ocr_line' id='line_1_34' title="bbox 617 2730 1828 2802; baseline -0.001 -16"><span class='ocrx_word' id='word_1_159' title='bbox 617 2733 808 2786; x_wconf 89' lang='lat' dir='ltr'>dictus</span> <span class='ocrx_word' id='word_1_160' title='bbox 844 2749 875 2785; x_wconf 94' lang='lat' dir='ltr'>a</span> <span class='ocrx_word' id='word_1_161' title='bbox 908 2732 1095 2802; x_wconf 90' lang='lat' dir='ltr'>patria</span> <span class='ocrx_word' id='word_1_162' title='bbox 1127 2730 1298 2801; x_wconf 88' lang='lat' dir='ltr'>vulgo</span> <span class='ocrx_word' id='word_1_163' title='bbox 1330 2730 1828 2785; x_wconf 90' lang='lat' dir='ltr'>Scamandrenus.</span> 
     </span>
    </p>
   </div>
   <div class='ocr_carea' id='block_1_35' title="bbox 622 2820 1774 2891">
    <p class='ocr_par' dir='ltr' id='par_1_35' title="bbox 622 2820 1774 2891">
     <span class='ocr_line' id='line_1_35' title="bbox 622 2820 1774 2891; baseline -0.003 -15"><span class='ocrx_word' id='word_1_164' title='bbox 622 2822 764 2876; x_wconf 87' lang='lat' dir='ltr'>Huic</span> <span class='ocrx_word' id='word_1_165' title='bbox 797 2821 1076 2891; x_wconf 84' lang='lat' dir='ltr'>abrogato</span> <span class='ocrx_word' id='word_1_166' title='bbox 1110 2820 1378 2889; x_wconf 73' lang='lat' dir='ltr'>posthinc</span> <span class='ocrx_word' id='word_1_167' title='bbox 1408 2820 1774 2891; x_wconf 84' lang='lat' dir='ltr'>pontiﬁcatu,</span> 
     </span>
    </p>
   </div>
   <div class='ocr_carea' id='block_1_36' title="bbox 623 2908 1695 2980">
    <p class='ocr_par' dir='ltr' id='par_1_36' title="bbox 623 2908 1695 2980">
     <span class='ocr_line' id='line_1_36' title="bbox 623 2908 1695 2980; baseline 0 -17"><span class='ocrx_word' id='word_1_168' title='bbox 623 2910 756 2980; x_wconf 90' lang='lat' dir='ltr'>pius</span> <span class='ocrx_word' id='word_1_169' title='bbox 789 2910 1077 2962; x_wconf 79' lang='lat' dir='ltr'>Antonius</span> <span class='ocrx_word' id='word_1_170' title='bbox 1108 2908 1178 2962; x_wconf 92' lang='lat' dir='ltr'>de</span> <span class='ocrx_word' id='word_1_171' title='bbox 1206 2909 1394 2962; x_wconf 87' lang='lat' dir='ltr'>Studii</span> <span class='ocrx_word' id='word_1_172' title='bbox 1431 2908 1695 2963; x_wconf 64' lang='lat' dir='ltr'>coenobio</span> 
     </span>
    </p>
   </div>
   <div class='ocr_carea' id='block_1_37' title="bbox 621 2998 1634 3069">
    <p class='ocr_par' dir='ltr' id='par_1_37' title="bbox 621 2998 1634 3069">
     <span class='ocr_line' id='line_1_37' title="bbox 621 2998 1634 3069; baseline -0.003 -16"><span class='ocrx_word' id='word_1_173' title='bbox 621 3000 686 3053; x_wconf 78' lang='lat' dir='ltr'>fit</span> <span class='ocrx_word' id='word_1_174' title='bbox 718 2998 1053 3069; x_wconf 88' lang='lat' dir='ltr'>patriarcha</span> <span class='ocrx_word' id='word_1_175' title='bbox 1086 2998 1413 3068; x_wconf 68' lang='lat' dir='ltr'>Byzantines</span> <span class='ocrx_word' id='word_1_176' title='bbox 1449 2999 1634 3052; x_wconf 89' lang='lat' dir='ltr'>urbis.</span> 
     </span>
    </p>
   </div>
   <div class='ocr_carea' id='block_1_38' title="bbox 618 3086 1712 3162">
    <p class='ocr_par' dir='ltr' id='par_1_38' title="bbox 618 3086 1712 3162">
     <span class='ocr_line' id='line_1_38' title="bbox 618 3086 1712 3162; baseline -0.002 -20"><span class='ocrx_word' id='word_1_177' title='bbox 618 3088 759 3142; x_wconf 78' lang='lat' dir='ltr'>Exin</span> <span class='ocrx_word' id='word_1_178' title='bbox 789 3088 1070 3141; x_wconf 91' lang='lat' dir='ltr'>honorem</span> <span class='ocrx_word' id='word_1_179' title='bbox 1105 3087 1412 3162; x_wconf 85' lang='lat' dir='ltr'>abdicante</span> <span class='ocrx_word' id='word_1_180' title='bbox 1441 3086 1712 3150; x_wconf 83' lang='lat' dir='ltr'>Antonio,</span> 
     </span>
    </p>
   </div>
   <div class='ocr_carea' id='block_1_39' title="bbox 615 3175 1730 3246">
    <p class='ocr_par' dir='ltr' id='par_1_39' title="bbox 615 3175 1730 3246">
     <span class='ocr_line' id='line_1_39' title="bbox 615 3175 1730 3246; baseline -0.003 -14"><span class='ocrx_word' id='word_1_181' title='bbox 615 3175 891 3232; x_wconf 89' lang='lat' dir='ltr'>Nicolaus</span> <span class='ocrx_word' id='word_1_182' title='bbox 923 3175 1269 3246; x_wconf 84' lang='lat' dir='ltr'>cognomine</span> <span class='ocrx_word' id='word_1_183' title='bbox 1298 3175 1730 3246; x_wconf 87' lang='lat' dir='ltr'>Chrysoberges</span> 
     </span>
    </p>
   </div>
   <div class='ocr_carea' id='block_1_40' title="bbox 616 3263 1811 3328">
    <p class='ocr_par' dir='ltr' id='par_1_40' title="bbox 616 3263 1811 3328">
     <span class='ocr_line' id='line_1_40' title="bbox 616 3263 1811 3328; baseline -0.002 -8"><span class='ocrx_word' id='word_1_184' title='bbox 616 3269 850 3321; x_wconf 88' lang='lat' dir='ltr'>evectus</span> <span class='ocrx_word' id='word_1_185' title='bbox 882 3269 970 3319; x_wconf 88' lang='lat' dir='ltr'>est</span> <span class='ocrx_word' id='word_1_186' title='bbox 997 3266 1066 3318; x_wconf 92' lang='lat' dir='ltr'>ad</span> <span class='ocrx_word' id='word_1_187' title='bbox 1102 3265 1296 3318; x_wconf 90' lang='lat' dir='ltr'>sedem</span> <span class='ocrx_word' id='word_1_188' title='bbox 1333 3263 1811 3328; x_wconf 84' lang='lat' dir='ltr'>famosissimam,</span> 
     </span>
    </p>
   </div>
   <div class='ocr_carea' id='block_1_41' title="bbox 616 3353 1893 3424">
    <p class='ocr_par' dir='ltr' id='par_1_41' title="bbox 616 3353 1893 3424">
     <span class='ocr_line' id='line_1_41' title="bbox 616 3353 1893 3424; baseline -0.002 -15"><span class='ocrx_word' id='word_1_189' title='bbox 616 3357 739 3420; x_wconf 89' lang='lat' dir='ltr'>Quo</span> <span class='ocrx_word' id='word_1_190' title='bbox 771 3359 1115 3408; x_wconf 87' lang='lat' dir='ltr'>transeunte</span> <span class='ocrx_word' id='word_1_191' title='bbox 1147 3354 1217 3407; x_wconf 90' lang='lat' dir='ltr'>ad</span> <span class='ocrx_word' id='word_1_192' title='bbox 1253 3353 1483 3408; x_wconf 89' lang='lat' dir='ltr'>Domini</span> <span class='ocrx_word' id='word_1_193' title='bbox 1515 3360 1893 3424; x_wconf 88' lang='lat' dir='ltr'>conspectum</span> 
     </span>
    </p>
   </div>
   <div class='ocr_carea' id='block_1_42' title="bbox 622 3440 1869 3514">
    <p class='ocr_par' dir='ltr' id='par_1_42' title="bbox 622 3440 1869 3514">
     <span class='ocr_line' id='line_1_42' title="bbox 622 3440 1869 3514; baseline -0.001 -17"><span class='ocrx_word' id='word_1_194' title='bbox 622 3443 902 3514; x_wconf 86' lang='lat' dir='ltr'>magister</span> <span class='ocrx_word' id='word_1_195' title='bbox 932 3440 1269 3496; x_wconf 85' lang='lat' dir='ltr'>cathedram</span> <span class='ocrx_word' id='word_1_196' title='bbox 1307 3442 1523 3497; x_wconf 86' lang='lat' dir='ltr'>insedit</span> <span class='ocrx_word' id='word_1_197' title='bbox 1553 3442 1869 3511; x_wconf 91' lang='lat' dir='ltr'>Sisinnius,</span> 
     </span>
    </p>
   </div>
   <div class='ocr_carea' id='block_1_43' title="bbox 619 3530 1818 3603">
    <p class='ocr_par' dir='ltr' id='par_1_43' title="bbox 619 3530 1818 3603">
     <span class='ocr_line' id='line_1_43' title="bbox 619 3530 1818 3603; baseline 0 -17"><span class='ocrx_word' id='word_1_198' title='bbox 619 3532 834 3586; x_wconf 88' lang='lat' dir='ltr'>litteris</span> <span class='ocrx_word' id='word_1_199' title='bbox 867 3532 1097 3596; x_wconf 85' lang='lat' dir='ltr'>doctus,</span> <span class='ocrx_word' id='word_1_200' title='bbox 1125 3531 1437 3596; x_wconf 90' lang='lat' dir='ltr'>medicina,</span> <span class='ocrx_word' id='word_1_201' title='bbox 1471 3536 1528 3586; x_wconf 91' lang='lat' dir='ltr'>et</span> <span class='ocrx_word' id='word_1_202' title='bbox 1560 3530 1818 3603; x_wconf 83' lang='lat' dir='ltr'>legibus,</span> 
     </span>
    </p>
   </div>
   <div class='ocr_carea' id='block_1_44' title="bbox 623 3619 1874 3692">
    <p class='ocr_par' dir='ltr' id='par_1_44' title="bbox 623 3619 1874 3692">
     <span class='ocr_line' id='line_1_44' title="bbox 623 3619 1874 3692; baseline -0.001 -17"><span class='ocrx_word' id='word_1_203' title='bbox 623 3622 723 3692; x_wconf 90' lang='lat' dir='ltr'>qui</span> <span class='ocrx_word' id='word_1_204' title='bbox 755 3620 1102 3674; x_wconf 78' lang='lat' dir='ltr'>at&#39;ﬁnitatum</span> <span class='ocrx_word' id='word_1_205' title='bbox 1143 3619 1380 3689; x_wconf 83' lang='lat' dir='ltr'>scripsit</span> <span class='ocrx_word' id='word_1_206' title='bbox 1404 3619 1602 3688; x_wconf 88' lang='lat' dir='ltr'>justos</span> <span class='ocrx_word' id='word_1_207' title='bbox 1637 3620 1874 3689; x_wconf 83' lang='lat' dir='ltr'>gradus.</span> 
     </span>
    </p>
   </div>
   <div class='ocr_carea' id='block_1_45' title="bbox 626 3707 1877 3780">
    <p class='ocr_par' dir='ltr' id='par_1_45' title="bbox 626 3707 1877 3780">
     <span class='ocr_line' id='line_1_45' title="bbox 626 3707 1877 3780; baseline -0.001 -16"><span class='ocrx_word' id='word_1_208' title='bbox 626 3714 942 3780; x_wconf 89' lang='lat' dir='ltr'>Postquam</span> <span class='ocrx_word' id='word_1_209' title='bbox 981 3707 1214 3763; x_wconf 90' lang='lat' dir='ltr'>vitalem</span> <span class='ocrx_word' id='word_1_210' title='bbox 1247 3707 1435 3762; x_wconf 90' lang='lat' dir='ltr'>lucem</span> <span class='ocrx_word' id='word_1_211' title='bbox 1469 3708 1563 3762; x_wconf 87' lang='lat' dir='ltr'>hic</span> <span class='ocrx_word' id='word_1_212' title='bbox 1596 3708 1877 3774; x_wconf 89' lang='lat' dir='ltr'>deseruit,</span> 
     </span>
    </p>
   </div>
   <div class='ocr_carea' id='block_1_46' title="bbox 627 3797 1766 3866">
    <p class='ocr_par' dir='ltr' id='par_1_46' title="bbox 627 3797 1766 3866">
     <span class='ocr_line' id='line_1_46' title="bbox 627 3797 1766 3866; baseline -0.002 -12"><span class='ocrx_word' id='word_1_213' title='bbox 627 3814 852 3854; x_wconf 88' lang='lat' dir='ltr'>sacram</span> <span class='ocrx_word' id='word_1_214' title='bbox 888 3798 1110 3866; x_wconf 85' lang='lat' dir='ltr'>excepit</span> <span class='ocrx_word' id='word_1_215' title='bbox 1140 3797 1490 3866; x_wconf 80' lang='lat' dir='ltr'>dignitatem</span> <span class='ocrx_word' id='word_1_216' title='bbox 1527 3798 1766 3866; x_wconf 86' lang='lat' dir='ltr'>Sergius</span> 
     </span>
    </p>
   </div>
   <div class='ocr_carea' id='block_1_47' title="bbox 631 3886 1700 3942">
    <p class='ocr_par' dir='ltr' id='par_1_47' title="bbox 631 3886 1700 3942">
     <span class='ocr_line' id='line_1_47' title="bbox 631 3886 1700 3942; baseline -0.004 0"><span class='ocrx_word' id='word_1_217' title='bbox 631 3886 875 3942; x_wconf 71' lang='lat' dir='ltr'>cmnobii</span> <span class='ocrx_word' id='word_1_218' title='bbox 908 3886 1191 3940; x_wconf 90' lang='lat' dir='ltr'>alumnus</span> <span class='ocrx_word' id='word_1_219' title='bbox 1224 3886 1510 3940; x_wconf 87' lang='lat' dir='ltr'>Manuelis</span> <span class='ocrx_word' id='word_1_220' title='bbox 1541 3886 1700 3940; x_wconf 90' lang='lat' dir='ltr'>dicti.</span> 
     </span>
    </p>
   </div>
   <div class='ocr_carea' id='block_1_48' title="bbox 631 3976 1881 4047">
    <p class='ocr_par' dir='ltr' id='par_1_48' title="bbox 631 3976 1881 4047">
     <span class='ocr_line' id='line_1_48' title="bbox 631 3976 1881 4047; baseline 0.001 -16"><span class='ocrx_word' id='word_1_221' title='bbox 631 3978 766 4033; x_wconf 85' lang='lat' dir='ltr'>Post</span> <span class='ocrx_word' id='word_1_222' title='bbox 797 3978 969 4046; x_wconf 80' lang='lat' dir='ltr'>cujus</span> <span class='ocrx_word' id='word_1_223' title='bbox 1001 3979 1230 4032; x_wconf 89' lang='lat' dir='ltr'>obitum</span> <span class='ocrx_word' id='word_1_224' title='bbox 1260 3977 1468 4047; x_wconf 75' lang='lat' dir='ltr'>praesul</span> <span class='ocrx_word' id='word_1_225' title='bbox 1501 3976 1881 4032; x_wconf 86' lang='lat' dir='ltr'>constituitur</span> 
     </span>
    </p>
   </div>
   <div class='ocr_carea' id='block_1_49' title="bbox 629 4066 1784 4137">
    <p class='ocr_par' dir='ltr' id='par_1_49' title="bbox 629 4066 1784 4137">
     <span class='ocr_line' id='line_1_49' title="bbox 629 4066 1784 4137; baseline -0.002 -17"><span class='ocrx_word' id='word_1_226' title='bbox 629 4067 976 4121; x_wconf 83' lang='lat' dir='ltr'>Eustathius</span> <span class='ocrx_word' id='word_1_227' title='bbox 1011 4067 1281 4137; x_wconf 90' lang='lat' dir='ltr'>princeps</span> <span class='ocrx_word' id='word_1_228' title='bbox 1313 4066 1784 4136; x_wconf 85' lang='lat' dir='ltr'>presbyterorum</span> 
     </span>
    </p>
   </div>
   <div class='ocr_carea' id='block_1_50' title="bbox 626 4155 1934 4225">
    <p class='ocr_par' dir='ltr' id='par_1_50' title="bbox 626 4155 1934 4225">
     <span class='ocr_line' id='line_1_50' title="bbox 626 4155 1934 4225; baseline 0 -17"><span class='ocrx_word' id='word_1_229' title='bbox 626 4156 722 4224; x_wconf 91' lang='lat' dir='ltr'>qui</span> <span class='ocrx_word' id='word_1_230' title='bbox 756 4155 814 4209; x_wconf 90' lang='lat' dir='ltr'>in</span> <span class='ocrx_word' id='word_1_231' title='bbox 848 4157 969 4209; x_wconf 77' lang='lat' dir='ltr'>aede</span> <span class='ocrx_word' id='word_1_232' title='bbox 1003 4155 1260 4225; x_wconf 89' lang='lat' dir='ltr'>palatina</span> <span class='ocrx_word' id='word_1_233' title='bbox 1292 4171 1413 4208; x_wconf 88' lang='lat' dir='ltr'>rem</span> <span class='ocrx_word' id='word_1_234' title='bbox 1448 4170 1674 4209; x_wconf 84' lang='lat' dir='ltr'>sacram</span> <span class='ocrx_word' id='word_1_235' title='bbox 1707 4159 1934 4210; x_wconf 88' lang='lat' dir='ltr'>curant.</span> 
     </span>
    </p>
   </div>
   <div class='ocr_carea' id='block_1_51' title="bbox 631 4252 1889 4323">
    <p class='ocr_par' dir='ltr' id='par_1_51' title="bbox 631 4252 1889 4323">
     <span class='ocr_line' id='line_1_51' title="bbox 631 4252 1889 4323; baseline 0.001 -18"><span class='ocrx_word' id='word_1_236' title='bbox 631 4253 743 4306; x_wconf 92' lang='lat' dir='ltr'>lloc</span> <span class='ocrx_word' id='word_1_237' title='bbox 772 4269 1002 4323; x_wconf 90' lang='lat' dir='ltr'>quoque</span> <span class='ocrx_word' id='word_1_238' title='bbox 1032 4253 1160 4306; x_wconf 71' lang='lat' dir='ltr'>vitae</span> <span class='ocrx_word' id='word_1_239' title='bbox 1193 4252 1513 4306; x_wconf 87' lang='lat' dir='ltr'>terminum</span> <span class='ocrx_word' id='word_1_240' title='bbox 1543 4252 1889 4322; x_wconf 88' lang='lat' dir='ltr'>attingente,</span> 
     </span>
    </p>
   </div>
   <div class='ocr_carea' id='block_1_52' title="bbox 627 4341 1876 4413">
    <p class='ocr_par' dir='ltr' id='par_1_52' title="bbox 627 4341 1876 4413">
     <span class='ocr_line' id='line_1_52' title="bbox 627 4341 1876 4413; baseline 0.001 -18"><span class='ocrx_word' id='word_1_241' title='bbox 627 4342 844 4413; x_wconf 90' lang='lat' dir='ltr'>potitus</span> <span class='ocrx_word' id='word_1_242' title='bbox 877 4346 968 4397; x_wconf 89' lang='lat' dir='ltr'>est</span> <span class='ocrx_word' id='word_1_243' title='bbox 1001 4341 1222 4396; x_wconf 92' lang='lat' dir='ltr'>honore</span> <span class='ocrx_word' id='word_1_244' title='bbox 1256 4341 1494 4396; x_wconf 78' lang='lat' dir='ltr'>Alexius</span> <span class='ocrx_word' id='word_1_245' title='bbox 1527 4343 1876 4410; x_wconf 88' lang='lat' dir='ltr'>monachus,</span> 
     </span>
    </p>
   </div>
   <div class='ocr_carea' id='block_1_53' title="bbox 625 4421 1648 4494">
    <p class='ocr_par' dir='ltr' id='par_1_53' title="bbox 625 4421 1648 4494">
     <span class='ocr_line' id='line_1_53' title="bbox 625 4421 1648 4494; baseline 0 -9"><span class='ocrx_word' id='word_1_246' title='bbox 625 4421 1014 4486; x_wconf 80' lang='lat' dir='ltr'>ecclesiarcba</span> <span class='ocrx_word' id='word_1_247' title='bbox 1046 4431 1104 4485; x_wconf 89' lang='lat' dir='ltr'>in</span> <span class='ocrx_word' id='word_1_248' title='bbox 1139 4431 1326 4485; x_wconf 86' lang='lat' dir='ltr'>Studii</span> <span class='ocrx_word' id='word_1_249' title='bbox 1360 4433 1648 4494; x_wconf 82' lang='lat' dir='ltr'>ccenobio,</span> 
     </span>
    </p>
   </div>
   <div class='ocr_carea' id='block_1_54' title="bbox 623 4519 1724 4590">
    <p class='ocr_par' dir='ltr' id='par_1_54' title="bbox 623 4519 1724 4590">
     <span class='ocr_line' id='line_1_54' title="bbox 623 4519 1724 4590; baseline -0.001 -17"><span class='ocrx_word' id='word_1_250' title='bbox 623 4521 711 4573; x_wconf 91' lang='lat' dir='ltr'>vir</span> <span class='ocrx_word' id='word_1_251' title='bbox 743 4519 1024 4589; x_wconf 89' lang='lat' dir='ltr'>liberalis,</span> <span class='ocrx_word' id='word_1_252' title='bbox 1058 4519 1403 4590; x_wconf 90' lang='lat' dir='ltr'>splendidus</span> <span class='ocrx_word' id='word_1_253' title='bbox 1436 4521 1724 4575; x_wconf 85' lang='lat' dir='ltr'>sacerdos.</span> 
     </span>
    </p>
   </div>
   <div class='ocr_carea' id='block_1_55' title="bbox 624 4608 1830 4675">
    <p class='ocr_par' dir='ltr' id='par_1_55' title="bbox 624 4608 1830 4675">
     <span class='ocr_line' id='line_1_55' title="bbox 624 4608 1830 4675; baseline 0.002 -13"><span class='ocrx_word' id='word_1_254' title='bbox 624 4609 746 4671; x_wconf 87' lang='lat' dir='ltr'>Quo</span> <span class='ocrx_word' id='word_1_255' title='bbox 781 4612 983 4664; x_wconf 88' lang='lat' dir='ltr'>sancto</span> <span class='ocrx_word' id='word_1_256' title='bbox 1015 4608 1401 4664; x_wconf 87' lang='lat' dir='ltr'>concludonte</span> <span class='ocrx_word' id='word_1_257' title='bbox 1433 4610 1609 4663; x_wconf 89' lang='lat' dir='ltr'>vitam</span> <span class='ocrx_word' id='word_1_258' title='bbox 1644 4610 1830 4675; x_wconf 91' lang='lat' dir='ltr'>obitu,</span> 
     </span>
    </p>
   </div>
   <div class='ocr_carea' id='block_1_56' title="bbox 623 4697 1654 4768">
    <p class='ocr_par' dir='ltr' id='par_1_56' title="bbox 623 4697 1654 4768">
     <span class='ocr_line' id='line_1_56' title="bbox 623 4697 1654 4768; baseline 0.003 -18"><span class='ocrx_word' id='word_1_259' title='bbox 623 4697 868 4751; x_wconf 87' lang='lat' dir='ltr'>Michael</span> <span class='ocrx_word' id='word_1_260' title='bbox 901 4704 1289 4768; x_wconf 89' lang='lat' dir='ltr'>cognomento</span> <span class='ocrx_word' id='word_1_261' title='bbox 1321 4699 1654 4753; x_wconf 89' lang='lat' dir='ltr'>Cerularius</span> 
     </span>
    </p>
   </div>
   <div class='ocr_carea' id='block_1_57' title="bbox 623 4785 1709 4857">
    <p class='ocr_par' dir='ltr' id='par_1_57' title="bbox 623 4785 1709 4857">
     <span class='ocr_line' id='line_1_57' title="bbox 623 4785 1709 4857; baseline 0.001 -17"><span class='ocrx_word' id='word_1_262' title='bbox 623 4785 838 4841; x_wconf 89' lang='lat' dir='ltr'>nobilis</span> <span class='ocrx_word' id='word_1_263' title='bbox 869 4787 958 4840; x_wconf 89' lang='lat' dir='ltr'>vir</span> <span class='ocrx_word' id='word_1_264' title='bbox 988 4787 1350 4857; x_wconf 86' lang='lat' dir='ltr'>professione</span> <span class='ocrx_word' id='word_1_265' title='bbox 1385 4787 1709 4842; x_wconf 90' lang='lat' dir='ltr'>monachus</span> 
     </span>
    </p>
   </div>
   <div class='ocr_carea' id='block_1_58' title="bbox 619 4876 1741 4948">
    <p class='ocr_par' dir='ltr' id='par_1_58' title="bbox 619 4876 1741 4948">
     <span class='ocr_line' id='line_1_58' title="bbox 619 4876 1741 4948; baseline 0.001 -17"><span class='ocrx_word' id='word_1_266' title='bbox 619 4877 1035 4948; x_wconf 82' lang='lat' dir='ltr'>episcOporum</span> <span class='ocrx_word' id='word_1_267' title='bbox 1072 4876 1281 4947; x_wconf 68' lang='lat' dir='ltr'>praesul</span> <span class='ocrx_word' id='word_1_268' title='bbox 1314 4878 1694 4932; x_wconf 89' lang='lat' dir='ltr'>constituitur</span> <span class='ocrx_word' id='word_1_269' title='bbox 1728 4895 1741 4932; x_wconf 89' lang='lat'><strong>:</strong></span> 
     </span>
    </p>
   </div>
   <div class='ocr_carea' id='block_1_59' title="bbox 619 4975 1890 5048">
    <p class='ocr_par' dir='ltr' id='par_1_59' title="bbox 619 4975 1890 5048">
     <span class='ocr_line' id='line_1_59' title="bbox 619 4975 1890 5048; baseline 0.002 -19"><span class='ocrx_word' id='word_1_270' title='bbox 619 4975 996 5030; x_wconf 89' lang='lat' dir='ltr'>turbulentus</span> <span class='ocrx_word' id='word_1_271' title='bbox 1029 4976 1223 5040; x_wconf 90' lang='lat' dir='ltr'>homo,</span> <span class='ocrx_word' id='word_1_272' title='bbox 1257 4981 1624 5048; x_wconf 89' lang='lat' dir='ltr'>contemptor</span> <span class='ocrx_word' id='word_1_273' title='bbox 1658 4976 1890 5048; x_wconf 88' lang='lat' dir='ltr'>legum;</span> 
     </span>
    </p>
   </div>
   <div class='ocr_carea' id='block_1_60' title="bbox 620 5065 1841 5134">
    <p class='ocr_par' dir='ltr' id='par_1_60' title="bbox 620 5065 1841 5134">
     <span class='ocr_line' id='line_1_60' title="bbox 620 5065 1841 5134; baseline 0.003 -16"><span class='ocrx_word' id='word_1_274' title='bbox 620 5080 795 5134; x_wconf 91' lang='lat' dir='ltr'>quem</span> <span class='ocrx_word' id='word_1_275' title='bbox 828 5065 1088 5120; x_wconf 89' lang='lat' dir='ltr'>Isaacius</span> <span class='ocrx_word' id='word_1_276' title='bbox 1120 5065 1313 5120; x_wconf 70' lang='lat' dir='ltr'>Caesar</span> <span class='ocrx_word' id='word_1_277' title='bbox 1342 5067 1669 5122; x_wconf 88' lang='lat' dir='ltr'>detractum</span> <span class='ocrx_word' id='word_1_278' title='bbox 1705 5068 1841 5122; x_wconf 88' lang='lat' dir='ltr'>sede</span> 
     </span>
    </p>
   </div>
   <div class='ocr_carea' id='block_1_61' title="bbox 620 5154 1679 5212">
    <p class='ocr_par' dir='ltr' id='par_1_61' title="bbox 620 5154 1679 5212">
     <span class='ocr_line' id='line_1_61' title="bbox 620 5154 1679 5212; baseline 0.004 -4"><span class='ocrx_word' id='word_1_279' title='bbox 620 5171 736 5209; x_wconf 89' lang='lat' dir='ltr'>non</span> <span class='ocrx_word' id='word_1_280' title='bbox 767 5154 892 5209; x_wconf 91' lang='lat' dir='ltr'>sine</span> <span class='ocrx_word' id='word_1_281' title='bbox 926 5154 1056 5209; x_wconf 91' lang='lat' dir='ltr'>dolo</span> <span class='ocrx_word' id='word_1_282' title='bbox 1093 5155 1254 5210; x_wconf 90' lang='lat' dir='ltr'>misit</span> <span class='ocrx_word' id='word_1_283' title='bbox 1285 5155 1344 5209; x_wconf 93' lang='lat' dir='ltr'>in</span> <span class='ocrx_word' id='word_1_284' title='bbox 1377 5155 1679 5212; x_wconf 80' lang='lat' dir='ltr'>exsilium.</span> 
     </span>
    </p>
   </div>
   <div class='ocr_carea' id='block_1_62' title="bbox 619 5244 1790 5317">
    <p class='ocr_par' dir='ltr' id='par_1_62' title="bbox 619 5244 1790 5317">
     <span class='ocr_line' id='line_1_62' title="bbox 619 5244 1790 5317; baseline 0.003 -19"><span class='ocrx_word' id='word_1_285' title='bbox 619 5245 800 5307; x_wconf 82' lang='lat' dir='ltr'>Cujus</span> <span class='ocrx_word' id='word_1_286' title='bbox 834 5250 962 5313; x_wconf 90' lang='lat' dir='ltr'>post</span> <span class='ocrx_word' id='word_1_287' title='bbox 995 5244 1221 5298; x_wconf 88' lang='lat' dir='ltr'>obitum</span> <span class='ocrx_word' id='word_1_288' title='bbox 1257 5245 1534 5299; x_wconf 84' lang='lat' dir='ltr'>cathedra</span> <span class='ocrx_word' id='word_1_289' title='bbox 1570 5247 1790 5317; x_wconf 89' lang='lat' dir='ltr'>potitur</span> 
     </span>
    </p>
   </div>
   <div class='ocr_carea' id='block_1_63' title="bbox 620 5333 1734 5404">
    <p class='ocr_par' dir='ltr' id='par_1_63' title="bbox 620 5333 1734 5404">
     <span class='ocr_line' id='line_1_63' title="bbox 620 5333 1734 5404; baseline 0.004 -18"><span class='ocrx_word' id='word_1_290' title='bbox 620 5338 674 5386; x_wconf 90' lang='lat' dir='ltr'>et</span> <span class='ocrx_word' id='word_1_291' title='bbox 709 5333 1038 5402; x_wconf 89' lang='lat' dir='ltr'>patriarcha</span> <span class='ocrx_word' id='word_1_292' title='bbox 1073 5349 1322 5404; x_wconf 89' lang='lat' dir='ltr'>magnus</span> <span class='ocrx_word' id='word_1_293' title='bbox 1353 5337 1734 5391; x_wconf 83' lang='lat' dir='ltr'>constituitur</span> 
     </span>
    </p>
   </div>
   <div class='ocr_carea' id='block_1_64' title="bbox 620 5422 1671 5493">
    <p class='ocr_par' dir='ltr' id='par_1_64' title="bbox 620 5422 1671 5493">
     <span class='ocr_line' id='line_1_64' title="bbox 620 5422 1671 5493; baseline 0.004 -17"><span class='ocrx_word' id='word_1_294' title='bbox 620 5422 915 5477; x_wconf 89' lang='lat' dir='ltr'>Lichudes</span> <span class='ocrx_word' id='word_1_295' title='bbox 944 5422 1201 5478; x_wconf 85' lang='lat' dir='ltr'>eviratus</span> <span class='ocrx_word' id='word_1_296' title='bbox 1229 5425 1671 5493; x_wconf 89' lang='lat' dir='ltr'>Constantinus,</span> 
     </span>
    </p>
   </div>
   <div class='ocr_carea' id='block_1_65' title="bbox 619 5513 1759 5584">
    <p class='ocr_par' dir='ltr' id='par_1_65' title="bbox 619 5513 1759 5584">
     <span class='ocr_line' id='line_1_65' title="bbox 619 5513 1759 5584; baseline 0.004 -18"><span class='ocrx_word' id='word_1_297' title='bbox 619 5514 719 5584; x_wconf 85' lang='lat' dir='ltr'>qui</span> <span class='ocrx_word' id='word_1_298' title='bbox 751 5513 1039 5582; x_wconf 91' lang='lat' dir='ltr'>dignitate</span> <span class='ocrx_word' id='word_1_299' title='bbox 1071 5519 1196 5567; x_wconf 87' lang='lat' dir='ltr'>erat</span> <span class='ocrx_word' id='word_1_300' title='bbox 1227 5517 1714 5584; x_wconf 89' lang='lat' dir='ltr'>protovestiarius</span> <span class='ocrx_word' id='word_1_301' title='bbox 1748 5535 1759 5571; x_wconf 91' lang='lat'><strong>:</strong></span> 
     </span>
    </p>
   </div>
   <div class='ocr_carea' id='block_1_66' title="bbox 618 5600 1846 5675">
    <p class='ocr_par' dir='ltr' id='par_1_66' title="bbox 618 5600 1846 5675">
     <span class='ocr_line' id='line_1_66' title="bbox 618 5600 1846 5675; baseline 0.005 -19"><span class='ocrx_word' id='word_1_302' title='bbox 618 5600 904 5672; x_wconf 89' lang='lat' dir='ltr'>probatus</span> <span class='ocrx_word' id='word_1_303' title='bbox 930 5602 1126 5669; x_wconf 92' lang='lat' dir='ltr'>homo,</span> <span class='ocrx_word' id='word_1_304' title='bbox 1163 5603 1320 5674; x_wconf 82' lang='lat' dir='ltr'>pius,</span> <span class='ocrx_word' id='word_1_305' title='bbox 1348 5607 1404 5658; x_wconf 91' lang='lat' dir='ltr'>et</span> <span class='ocrx_word' id='word_1_306' title='bbox 1426 5604 1541 5660; x_wconf 91' lang='lat' dir='ltr'>Deo</span> <span class='ocrx_word' id='word_1_307' title='bbox 1574 5606 1846 5675; x_wconf 90' lang='lat' dir='ltr'>dilectus,</span> 
     </span>
    </p>
   </div>
   <div class='ocr_carea' id='block_1_67' title="bbox 615 5692 1658 5764">
    <p class='ocr_par' dir='ltr' id='par_1_67' title="bbox 615 5692 1658 5764">
     <span class='ocr_line' id='line_1_67' title="bbox 615 5692 1658 5764; baseline 0.006 -18"><span class='ocrx_word' id='word_1_308' title='bbox 615 5692 676 5746; x_wconf 89' lang='lat' dir='ltr'>in</span> <span class='ocrx_word' id='word_1_309' title='bbox 710 5692 1078 5764; x_wconf 85' lang='lat' dir='ltr'>negotiorum</span> <span class='ocrx_word' id='word_1_310' title='bbox 1112 5692 1484 5764; x_wconf 92' lang='lat' dir='ltr'>publicorum</span> <span class='ocrx_word' id='word_1_311' title='bbox 1516 5711 1658 5752; x_wconf 90' lang='lat' dir='ltr'>cura</span> 
     </span>
    </p>
   </div>
   <div class='ocr_carea' id='block_1_68' title="bbox 2585 1105 3659 1186">
    <p class='ocr_par' dir='ltr' id='par_1_68' title="bbox 2585 1105 3659 1186">
     <span class='ocr_line' id='line_1_68' title="bbox 2585 1105 3659 1186; baseline -0.004 -19"><span class='ocrx_word' id='word_1_312' title='bbox 2585 1113 2807 1184; x_wconf 82' lang='grc' dir='ltr'>Ῥώμης</span> <span class='ocrx_word' id='word_1_313' title='bbox 2839 1112 2960 1172; x_wconf 91' lang='grc' dir='ltr'>νέας</span> <span class='ocrx_word' id='word_1_314' title='bbox 2992 1109 3190 1186; x_wconf 80' lang='grc' dir='ltr'>εἷ’ληφε</span> <span class='ocrx_word' id='word_1_315' title='bbox 3218 1112 3317 1178; x_wconf 74' lang='grc' dir='ltr'>τὴν</span> <span class='ocrx_word' id='word_1_316' title='bbox 3345 1105 3659 1182; x_wconf 81' lang='grc' dir='ltr'>προεδρίαν.</span> 
     </span>
    </p>
   </div>
   <div class='ocr_carea' id='block_1_69' title="bbox 2375 1204 3720 1283">
    <p class='ocr_par' dir='ltr' id='par_1_69' title="bbox 2375 1204 3720 1283">
     <span class='ocr_line' id='line_1_69' title="bbox 2375 1204 3720 1283; baseline -0.007 -16"><span class='ocrx_word' id='word_1_317' title='bbox 2375 1212 2549 1267; x_wconf 83' lang='grc'>10045</span> <span class='ocrx_word' id='word_1_318' title='bbox 2587 1209 2799 1266; x_wconf 86' lang='grc' dir='ltr'>Τούτου</span> <span class='ocrx_word' id='word_1_319' title='bbox 2825 1211 2887 1263; x_wconf 91' lang='grc' dir='ltr'>τὸ</span> <span class='ocrx_word' id='word_1_320' title='bbox 2924 1210 3075 1283; x_wconf 76' lang='grc' dir='ltr'>βιοῦν</span> <span class='ocrx_word' id='word_1_321' title='bbox 3108 1206 3511 1266; x_wconf 84' lang='grc' dir='ltr'>καταλύσαντος</span> <span class='ocrx_word' id='word_1_322' title='bbox 3546 1204 3720 1280; x_wconf 84' lang='grc' dir='ltr'>μόρῳ,</span> 
     </span>
    </p>
   </div>
   <div class='ocr_carea' id='block_1_70' title="bbox 2585 1294 3744 1372">
    <p class='ocr_par' dir='ltr' id='par_1_70' title="bbox 2585 1294 3744 1372">
     <span class='ocr_line' id='line_1_70' title="bbox 2585 1294 3744 1372; baseline -0.004 -20"><span class='ocrx_word' id='word_1_323' title='bbox 2585 1297 2905 1372; x_wconf 84' lang='grc' dir='ltr'>Ἀρχιερεὺς</span> <span class='ocrx_word' id='word_1_324' title='bbox 2932 1294 3173 1352; x_wconf 88' lang='grc' dir='ltr'>δέδεικτο</span> <span class='ocrx_word' id='word_1_325' title='bbox 3203 1303 3305 1364; x_wconf 82' lang='grc' dir='ltr'>τῆς</span> <span class='ocrx_word' id='word_1_326' title='bbox 3338 1295 3744 1351; x_wconf 85' lang='grc' dir='ltr'>Κιυνσταντίνου</span> 
     </span>
    </p>
   </div>
   <div class='ocr_carea' id='block_1_71' title="bbox 2584 1379 3881 1465">
    <p class='ocr_par' dir='ltr' id='par_1_71' title="bbox 2584 1379 3881 1465">
     <span class='ocr_line' id='line_1_71' title="bbox 2584 1379 3881 1465; baseline -0.005 -23"><span class='ocrx_word' id='word_1_327' title='bbox 2584 1387 2818 1465; x_wconf 79' lang='grc' dir='ltr'>Τρύφων</span> <span class='ocrx_word' id='word_1_328' title='bbox 2853 1388 3146 1459; x_wconf 75' lang='grc' dir='ltr'>μοναστής,</span> <span class='ocrx_word' id='word_1_329' title='bbox 3181 1379 3423 1454; x_wconf 74' lang='grc' dir='ltr'>εὐλαϐής</span> <span class='ocrx_word' id='word_1_330' title='bbox 3454 1405 3512 1438; x_wconf 85' lang='grc' dir='ltr'>τε</span> <span class='ocrx_word' id='word_1_331' title='bbox 3541 1383 3628 1438; x_wconf 82' lang='grc' dir='ltr'>καὶ</span> <span class='ocrx_word' id='word_1_332' title='bbox 3661 1386 3836 1458; x_wconf 80' lang='grc' dir='ltr'>γέρων</span> <span class='ocrx_word' id='word_1_333' title='bbox 3870 1400 3881 1414; x_wconf 90' lang='grc'>·</span> 
     </span>
    </p>
   </div>
   <div class='ocr_carea' id='block_1_72' title="bbox 2580 1469 3777 1547">
    <p class='ocr_par' dir='ltr' id='par_1_72' title="bbox 2580 1469 3777 1547">
     <span class='ocr_line' id='line_1_72' title="bbox 2580 1469 3777 1547; baseline -0.003 -18"><span class='ocrx_word' id='word_1_334' title='bbox 2580 1474 2735 1530; x_wconf 77' lang='grc' dir='ltr'>Τοῦδ’</span> <span class='ocrx_word' id='word_1_335' title='bbox 2762 1475 3126 1539; x_wconf 77' lang='grc' dir='ltr'>ἅπελαθέντος</span> <span class='ocrx_word' id='word_1_336' title='bbox 3156 1471 3213 1528; x_wconf 75' lang='grc' dir='ltr'>δὲ</span> <span class='ocrx_word' id='word_1_337' title='bbox 3245 1478 3340 1527; x_wconf 78' lang='grc' dir='ltr'>τοῦ</span> <span class='ocrx_word' id='word_1_338' title='bbox 3374 1474 3570 1547; x_wconf 80' lang='grc' dir='ltr'>θρόνου</span> <span class='ocrx_word' id='word_1_339' title='bbox 3601 1469 3777 1544; x_wconf 82' lang='grc' dir='ltr'>δόλῳ,</span> 
     </span>
    </p>
   </div>
   <div class='ocr_carea' id='block_1_73' title="bbox 2527 1560 3636 1639">
    <p class='ocr_par' dir='ltr' id='par_1_73' title="bbox 2527 1560 3636 1639">
     <span class='ocr_line' id='line_1_73' title="bbox 2527 1560 3636 1639; baseline -0.005 -18"><span class='ocrx_word' id='word_1_340' title='bbox 2527 1585 2533 1588; x_wconf 89' lang='grc'><strong>·</strong></span> <span class='ocrx_word' id='word_1_341' title='bbox 2585 1567 2868 1639; x_wconf 70' lang='grc' dir='ltr'>Εὐνοῦχος</span> <span class='ocrx_word' id='word_1_342' title='bbox 2901 1566 3015 1626; x_wconf 76' lang='grc' dir='ltr'>υἱὸς</span> <span class='ocrx_word' id='word_1_343' title='bbox 3048 1563 3332 1635; x_wconf 84' lang='grc' dir='ltr'>Ῥωμανοῦ</span> <span class='ocrx_word' id='word_1_344' title='bbox 3368 1560 3636 1637; x_wconf 86' lang='grc' dir='ltr'>βασιλέως</span> 
     </span>
    </p>
   </div>
   <div class='ocr_carea' id='block_1_74' title="bbox 2374 1651 3770 1730">
    <p class='ocr_par' dir='ltr' id='par_1_74' title="bbox 2374 1651 3770 1730">
     <span class='ocr_line' id='line_1_74' title="bbox 2374 1651 3770 1730; baseline -0.006 -20"><span class='ocrx_word' id='word_1_345' title='bbox 2374 1657 2548 1710; x_wconf 89' lang='grc'>10050</span> <span class='ocrx_word' id='word_1_346' title='bbox 2586 1653 2791 1718; x_wconf 73' lang='grc' dir='ltr'>Κλῆτιν</span> <span class='ocrx_word' id='word_1_347' title='bbox 2826 1652 3206 1730; x_wconf 80' lang='grc' dir='ltr'>Θεοφύλακτος</span> <span class='ocrx_word' id='word_1_348' title='bbox 3239 1652 3398 1725; x_wconf 83' lang='grc' dir='ltr'>αὐχεῖ</span> <span class='ocrx_word' id='word_1_349' title='bbox 3427 1651 3518 1704; x_wconf 90' lang='grc' dir='ltr'>τὸν</span> <span class='ocrx_word' id='word_1_350' title='bbox 3555 1651 3770 1723; x_wconf 86' lang='grc' dir='ltr'>θρόνον,</span> 
     </span>
    </p>
   </div>
   <div class='ocr_carea' id='block_1_75' title="bbox 2585 1739 3710 1817">
    <p class='ocr_par' dir='ltr' id='par_1_75' title="bbox 2585 1739 3710 1817">
     <span class='ocr_line' id='line_1_75' title="bbox 2585 1739 3710 1817; baseline -0.004 -21"><span class='ocrx_word' id='word_1_351' title='bbox 2585 1743 2704 1817; x_wconf 76' lang='grc' dir='ltr'>Οὐχ</span> <span class='ocrx_word' id='word_1_352' title='bbox 2734 1743 2940 1816; x_wconf 85' lang='grc' dir='ltr'>εύαγῶς</span> <span class='ocrx_word' id='word_1_353' title='bbox 2978 1747 3080 1810; x_wconf 86' lang='grc' dir='ltr'>ζῶν</span> <span class='ocrx_word' id='word_1_354' title='bbox 3115 1739 3240 1796; x_wconf 77' lang='grc' dir='ltr'>οὐδὲ</span> <span class='ocrx_word' id='word_1_355' title='bbox 3269 1740 3405 1794; x_wconf 85' lang='grc' dir='ltr'>κατά</span> <span class='ocrx_word' id='word_1_356' title='bbox 3425 1741 3710 1811; x_wconf 75' lang='grc' dir='ltr'>ποιμένας,</span> 
     </span>
    </p>
   </div>
   <div class='ocr_carea' id='block_1_76' title="bbox 2295 1827 3728 1905">
    <p class='ocr_par' dir='ltr' id='par_1_76' title="bbox 2295 1827 3728 1905">
     <span class='ocr_line' id='line_1_76' title="bbox 2295 1827 3728 1905; baseline -0.002 -20"><span class='ocrx_word' id='word_1_357' title='bbox 2295 1839 2342 1902; x_wconf 79' lang='grc' dir='ltr'>Β</span> <span class='ocrx_word' id='word_1_358' title='bbox 2589 1833 2945 1905; x_wconf 83' lang='grc' dir='ltr'>Κυνηγεσίοις</span> <span class='ocrx_word' id='word_1_359' title='bbox 2974 1831 3360 1905; x_wconf 78' lang='grc' dir='ltr'>προστετηκὼς</span> <span class='ocrx_word' id='word_1_360' title='bbox 3386 1827 3430 1883; x_wconf 90' lang='grc' dir='ltr'>δ’</span> <span class='ocrx_word' id='word_1_361' title='bbox 3461 1827 3728 1900; x_wconf 81' lang='grc' dir='ltr'>ἐκτόπως,</span> 
     </span>
    </p>
   </div>
   <div class='ocr_carea' id='block_1_77' title="bbox 2588 1915 3832 1992">
    <p class='ocr_par' dir='ltr' id='par_1_77' title="bbox 2588 1915 3832 1992">
     <span class='ocr_line' id='line_1_77' title="bbox 2588 1915 3832 1992; baseline -0.002 -17"><span class='ocrx_word' id='word_1_362' title='bbox 2588 1922 2718 1980; x_wconf 84' lang='grc' dir='ltr'>Ταῖς</span> <span class='ocrx_word' id='word_1_363' title='bbox 2743 1920 3104 1991; x_wconf 72' lang='grc' dir='ltr'>ἱππομανίαις</span> <span class='ocrx_word' id='word_1_364' title='bbox 3136 1941 3194 1973; x_wconf 90' lang='grc' dir='ltr'>τε</span> <span class='ocrx_word' id='word_1_365' title='bbox 3223 1918 3312 1972; x_wconf 78' lang='grc' dir='ltr'>καὶ</span> <span class='ocrx_word' id='word_1_366' title='bbox 3343 1917 3550 1972; x_wconf 89' lang='grc' dir='ltr'>τούτων</span> <span class='ocrx_word' id='word_1_367' title='bbox 3582 1915 3832 1992; x_wconf 86' lang='grc' dir='ltr'>δρόμοις.</span> 
     </span>
    </p>
   </div>
   <div class='ocr_carea' id='block_1_78' title="bbox 2588 2003 3758 2084">
    <p class='ocr_par' dir='ltr' id='par_1_78' title="bbox 2588 2003 3758 2084">
     <span class='ocr_line' id='line_1_78' title="bbox 2588 2003 3758 2084; baseline -0.003 -19"><span class='ocrx_word' id='word_1_368' title='bbox 2588 2011 2799 2065; x_wconf 82' lang='grc' dir='ltr'>Τούτου</span> <span class='ocrx_word' id='word_1_369' title='bbox 2829 2009 3292 2084; x_wconf 71' lang='grc' dir='ltr'>καταστρέψαντος</span> <span class='ocrx_word' id='word_1_370' title='bbox 3323 2007 3373 2062; x_wconf 82' lang='grc' dir='ltr'>ἐν</span> <span class='ocrx_word' id='word_1_371' title='bbox 3409 2003 3584 2079; x_wconf 80' lang='grc' dir='ltr'>θρόνῳ</span> <span class='ocrx_word' id='word_1_372' title='bbox 3619 2007 3758 2082; x_wconf 83' lang='grc' dir='ltr'>βίον,</span> 
     </span>
    </p>
   </div>
   <div class='ocr_carea' id='block_1_79' title="bbox 2378 2097 3638 2172">
    <p class='ocr_par' dir='ltr' id='par_1_79' title="bbox 2378 2097 3638 2172">
     <span class='ocr_line' id='line_1_79' title="bbox 2378 2097 3638 2172; baseline -0.005 -16"><span class='ocrx_word' id='word_1_373' title='bbox 2378 2102 2554 2157; x_wconf 80' lang='grc'>40055</span> <span class='ocrx_word' id='word_1_374' title='bbox 2595 2099 2976 2166; x_wconf 84' lang='grc' dir='ltr'>Ἀντικατέστη</span> <span class='ocrx_word' id='word_1_375' title='bbox 3015 2099 3401 2172; x_wconf 87' lang='grc' dir='ltr'>ποιμενάρχης</span> <span class='ocrx_word' id='word_1_376' title='bbox 3433 2097 3638 2171; x_wconf 84' lang='grc' dir='ltr'>Κυρίου</span> 
     </span>
    </p>
   </div>
   <div class='ocr_carea' id='block_1_80' title="bbox 2591 2185 3448 2261">
    <p class='ocr_par' dir='ltr' id='par_1_80' title="bbox 2591 2185 3448 2261">
     <span class='ocr_line' id='line_1_80' title="bbox 2591 2185 3448 2261; baseline -0.002 -20"><span class='ocrx_word' id='word_1_377' title='bbox 2591 2187 2935 2247; x_wconf 85' lang='grc' dir='ltr'>Πολύευκτος</span> <span class='ocrx_word' id='word_1_378' title='bbox 2967 2185 3112 2259; x_wconf 76' lang='grc' dir='ltr'>ἄξιος</span> <span class='ocrx_word' id='word_1_379' title='bbox 3141 2186 3448 2261; x_wconf 74' lang='grc' dir='ltr'>ἱεραρχίας,</span> 
     </span>
    </p>
   </div>
   <div class='ocr_carea' id='block_1_81' title="bbox 2591 2271 3783 2349">
    <p class='ocr_par' dir='ltr' id='par_1_81' title="bbox 2591 2271 3783 2349">
     <span class='ocr_line' id='line_1_81' title="bbox 2591 2271 3783 2349; baseline -0.004 -19"><span class='ocrx_word' id='word_1_380' title='bbox 2591 2277 2853 2332; x_wconf 80' lang='grc' dir='ltr'>Εὐκταῖον</span> <span class='ocrx_word' id='word_1_381' title='bbox 2889 2273 3060 2336; x_wconf 77' lang='grc' dir='ltr'>ὅντως</span> <span class='ocrx_word' id='word_1_382' title='bbox 3093 2281 3289 2349; x_wconf 81' lang='grc' dir='ltr'>χρῆμα</span> <span class='ocrx_word' id='word_1_383' title='bbox 3319 2273 3409 2328; x_wconf 83' lang='grc' dir='ltr'>καὶ</span> <span class='ocrx_word' id='word_1_384' title='bbox 3441 2278 3568 2327; x_wconf 81' lang='grc' dir='ltr'>πᾶσι</span> <span class='ocrx_word' id='word_1_385' title='bbox 3597 2271 3783 2349; x_wconf 79' lang='grc' dir='ltr'>φίλον,</span> 
     </span>
    </p>
   </div>
   <div class='ocr_carea' id='block_1_82' title="bbox 2597 2363 3783 2437">
    <p class='ocr_par' dir='ltr' id='par_1_82' title="bbox 2597 2363 3783 2437">
     <span class='ocr_line' id='line_1_82' title="bbox 2597 2363 3783 2437; baseline -0.004 -16"><span class='ocrx_word' id='word_1_386' title='bbox 2597 2365 2765 2426; x_wconf 83' lang='grc' dir='ltr'>Κλέος</span> <span class='ocrx_word' id='word_1_387' title='bbox 2801 2369 3110 2437; x_wconf 87' lang='grc' dir='ltr'>μοναστῶν,</span> <span class='ocrx_word' id='word_1_388' title='bbox 3142 2365 3345 2437; x_wconf 82' lang='grc' dir='ltr'>ἀρετῶν</span> <span class='ocrx_word' id='word_1_389' title='bbox 3371 2364 3558 2417; x_wconf 83' lang='grc' dir='ltr'>πασῶν</span> <span class='ocrx_word' id='word_1_390' title='bbox 3588 2363 3783 2434; x_wconf 89' lang='grc' dir='ltr'>τύπος,</span> 
     </span>
    </p>
   </div>
   <div class='ocr_carea' id='block_1_83' title="bbox 2595 2450 3650 2529">
    <p class='ocr_par' dir='ltr' id='par_1_83' title="bbox 2595 2450 3650 2529">
     <span class='ocr_line' id='line_1_83' title="bbox 2595 2450 3650 2529; baseline 0 -21"><span class='ocrx_word' id='word_1_391' title='bbox 2595 2455 2915 2529; x_wconf 87' lang='grc' dir='ltr'>Διαπρέπων</span> <span class='ocrx_word' id='word_1_392' title='bbox 2952 2453 3100 2527; x_wconf 85' lang='grc' dir='ltr'>λόγῳ</span> <span class='ocrx_word' id='word_1_393' title='bbox 3125 2453 3215 2507; x_wconf 79' lang='grc' dir='ltr'>καὶ</span> <span class='ocrx_word' id='word_1_394' title='bbox 3247 2453 3435 2528; x_wconf 87' lang='grc' dir='ltr'>τρόπῳ</span> <span class='ocrx_word' id='word_1_395' title='bbox 3465 2450 3650 2508; x_wconf 73' lang='grc' dir='ltr'>πλέον.</span> 
     </span>
    </p>
   </div>
   <div class='ocr_carea' id='block_1_84' title="bbox 2384 2550 3818 2628">
    <p class='ocr_par' dir='ltr' id='par_1_84' title="bbox 2384 2550 3818 2628">
     <span class='ocr_line' id='line_1_84' title="bbox 2384 2550 3818 2628; baseline -0.004 -18"><span class='ocrx_word' id='word_1_396' title='bbox 2384 2557 2557 2610; x_wconf 88' lang='grc'>10060</span> <span class='ocrx_word' id='word_1_397' title='bbox 2595 2551 2758 2609; x_wconf 72' lang='grc' dir='ltr'>Τοῦδ’</span> <span class='ocrx_word' id='word_1_398' title='bbox 2785 2552 3174 2613; x_wconf 81' lang='grc' dir='ltr'>ἐκλελοιπότος</span> <span class='ocrx_word' id='word_1_399' title='bbox 3206 2550 3261 2605; x_wconf 77' lang='grc' dir='ltr'>δὲ</span> <span class='ocrx_word' id='word_1_400' title='bbox 3289 2552 3380 2606; x_wconf 86' lang='grc' dir='ltr'>τὸν</span> <span class='ocrx_word' id='word_1_401' title='bbox 3414 2551 3645 2628; x_wconf 81' lang='grc' dir='ltr'>φθαρτὸν</span> <span class='ocrx_word' id='word_1_402' title='bbox 3683 2550 3818 2626; x_wconf 75' lang='grc' dir='ltr'>βίον,</span> 
     </span>
    </p>
   </div>
   <div class='ocr_carea' id='block_1_85' title="bbox 2598 2637 3773 2716">
    <p class='ocr_par' dir='ltr' id='par_1_85' title="bbox 2598 2637 3773 2716">
     <span class='ocr_line' id='line_1_85' title="bbox 2598 2637 3773 2716; baseline -0.007 -17"><span class='ocrx_word' id='word_1_403' title='bbox 2598 2642 2858 2716; x_wconf 79' lang='grc' dir='ltr'>Μοναχὸς</span> <span class='ocrx_word' id='word_1_404' title='bbox 2893 2641 3176 2702; x_wconf 85' lang='grc' dir='ltr'>Βασίλειος</span> <span class='ocrx_word' id='word_1_405' title='bbox 3209 2637 3335 2715; x_wconf 77' lang='grc' dir='ltr'>ἔσχε</span> <span class='ocrx_word' id='word_1_406' title='bbox 3365 2642 3456 2693; x_wconf 87' lang='grc' dir='ltr'>τὸν</span> <span class='ocrx_word' id='word_1_407' title='bbox 3489 2639 3676 2714; x_wconf 89' lang='grc' dir='ltr'>θρόνον</span> <span class='ocrx_word' id='word_1_408' title='bbox 3770 2708 3773 2711; x_wconf 26' lang='grc' dir='ltr'><strong><em>π</em></strong></span> 
     </span>
    </p>
   </div>
   <div class='ocr_carea' id='block_1_86' title="bbox 2598 2726 3922 2804">
    <p class='ocr_par' dir='ltr' id='par_1_86' title="bbox 2598 2726 3922 2804">
     <span class='ocr_line' id='line_1_86' title="bbox 2598 2726 3922 2804; baseline -0.003 -19"><span class='ocrx_word' id='word_1_409' title='bbox 2598 2733 2690 2785; x_wconf 85' lang='grc' dir='ltr'>Ἐκ</span> <span class='ocrx_word' id='word_1_410' title='bbox 2717 2738 2818 2799; x_wconf 81' lang='grc' dir='ltr'>τῆς</span> <span class='ocrx_word' id='word_1_411' title='bbox 2849 2729 3107 2804; x_wconf 83' lang='grc' dir='ltr'>πατρίδος</span> <span class='ocrx_word' id='word_1_412' title='bbox 3144 2726 3572 2801; x_wconf 86' lang='grc' dir='ltr'>Σκαμανδρηνὸς</span> <span class='ocrx_word' id='word_1_413' title='bbox 3602 2729 3698 2796; x_wconf 83' lang='grc' dir='ltr'>τὴν</span> <span class='ocrx_word' id='word_1_414' title='bbox 3733 2731 3877 2792; x_wconf 84' lang='grc' dir='ltr'>θέσιν</span> <span class='ocrx_word' id='word_1_415' title='bbox 3909 2747 3922 2760; x_wconf 90' lang='grc'><strong>·</strong></span> 
     </span>
    </p>
   </div>
   <div class='ocr_carea' id='block_1_87' title="bbox 2595 2815 3672 2894">
    <p class='ocr_par' dir='ltr' id='par_1_87' title="bbox 2595 2815 3672 2894">
     <span class='ocr_line' id='line_1_87' title="bbox 2595 2815 3672 2894; baseline -0.004 -20"><span class='ocrx_word' id='word_1_416' title='bbox 2595 2821 3012 2894; x_wconf 83' lang='grc' dir='ltr'>Καθαιρεθέντος</span> <span class='ocrx_word' id='word_1_417' title='bbox 3037 2816 3201 2872; x_wconf 71' lang='grc' dir='ltr'>τοῦδε</span> <span class='ocrx_word' id='word_1_418' title='bbox 3227 2825 3327 2886; x_wconf 81' lang='grc' dir='ltr'>τῆς</span> <span class='ocrx_word' id='word_1_419' title='bbox 3359 2815 3672 2892; x_wconf 86' lang='grc' dir='ltr'>προεδρίας,</span> 
     </span>
    </p>
   </div>
   <div class='ocr_carea' id='block_1_88' title="bbox 2599 2902 3647 2975">
    <p class='ocr_par' dir='ltr' id='par_1_88' title="bbox 2599 2902 3647 2975">
     <span class='ocr_line' id='line_1_88' title="bbox 2599 2902 3647 2975; baseline -0.002 -13"><span class='ocrx_word' id='word_1_420' title='bbox 2599 2908 2884 2969; x_wconf 84' lang='grc' dir='ltr'>Ἀντώνιός</span> <span class='ocrx_word' id='word_1_421' title='bbox 2912 2929 2993 2969; x_wconf 87' lang='grc' dir='ltr'>τις</span> <span class='ocrx_word' id='word_1_422' title='bbox 3026 2902 3264 2974; x_wconf 75' lang='grc' dir='ltr'>εὐλαϐὴς</span> <span class='ocrx_word' id='word_1_423' title='bbox 3297 2908 3325 2960; x_wconf 86' lang='grc' dir='ltr'>ὁ</span> <span class='ocrx_word' id='word_1_424' title='bbox 3357 2903 3647 2975; x_wconf 88' lang='grc' dir='ltr'>στουδίτης</span> 
     </span>
    </p>
   </div>
   <div class='ocr_carea' id='block_1_89' title="bbox 2385 2991 3683 3072">
    <p class='ocr_par' dir='ltr' id='par_1_89' title="bbox 2385 2991 3683 3072">
     <span class='ocr_line' id='line_1_89' title="bbox 2385 2991 3683 3072; baseline -0.004 -17"><span class='ocrx_word' id='word_1_425' title='bbox 2385 2999 2561 3055; x_wconf 76' lang='grc'>10065</span> <span class='ocrx_word' id='word_1_426' title='bbox 2601 2997 2938 3072; x_wconf 79' lang='grc' dir='ltr'>Ἀρχιθύτης</span> <span class='ocrx_word' id='word_1_427' title='bbox 2966 3002 3174 3070; x_wconf 82' lang='grc' dir='ltr'>πέφηνε</span> <span class='ocrx_word' id='word_1_428' title='bbox 3203 3002 3301 3064; x_wconf 82' lang='grc' dir='ltr'>τῆς</span> <span class='ocrx_word' id='word_1_429' title='bbox 3334 2991 3683 3063; x_wconf 84' lang='grc' dir='ltr'>Βυζαντίδος.</span> 
     </span>
    </p>
   </div>
   <div class='ocr_carea' id='block_1_90' title="bbox 2596 3084 3747 3155">
    <p class='ocr_par' dir='ltr' id='par_1_90' title="bbox 2596 3084 3747 3155">
     <span class='ocr_line' id='line_1_90' title="bbox 2596 3084 3747 3155; baseline -0.002 -16"><span class='ocrx_word' id='word_1_430' title='bbox 2596 3091 2701 3140; x_wconf 80' lang='grc' dir='ltr'>Τοῦ</span> <span class='ocrx_word' id='word_1_431' title='bbox 2736 3085 2781 3140; x_wconf 89' lang='grc' dir='ltr'>δ’</span> <span class='ocrx_word' id='word_1_432' title='bbox 2811 3085 3109 3143; x_wconf 77' lang='grc' dir='ltr'>Ἀντωνίου</span> <span class='ocrx_word' id='word_1_433' title='bbox 3142 3090 3318 3148; x_wconf 84' lang='grc' dir='ltr'>θῶκον</span> <span class='ocrx_word' id='word_1_434' title='bbox 3352 3084 3747 3155; x_wconf 75' lang='grc' dir='ltr'>ἀπειπαμένου,</span> 
     </span>
    </p>
   </div>
   <div class='ocr_carea' id='block_1_91' title="bbox 2307 3169 3716 3257">
    <p class='ocr_par' dir='ltr' id='par_1_91' title="bbox 2307 3169 3716 3257">
     <span class='ocr_line' id='line_1_91' title="bbox 2307 3169 3716 3257; baseline -0.011 -17"><span class='ocrx_word' id='word_1_435' title='bbox 2307 3193 2350 3257; x_wconf 76' lang='lat' dir='ltr'>C</span> <span class='ocrx_word' id='word_1_436' title='bbox 2601 3177 2662 3233; x_wconf 90' lang='grc' dir='ltr'>Ὁ</span> <span class='ocrx_word' id='word_1_437' title='bbox 2692 3174 2968 3237; x_wconf 84' lang='grc' dir='ltr'>Νικόλαος</span> <span class='ocrx_word' id='word_1_438' title='bbox 2997 3169 3383 3249; x_wconf 78' lang='grc' dir='ltr'>Χρυσοϐέργης</span> <span class='ocrx_word' id='word_1_439' title='bbox 3410 3171 3716 3243; x_wconf 82' lang='grc' dir='ltr'>τούπίκλην</span> 
     </span>
    </p>
   </div>
   <div class='ocr_carea' id='block_1_92' title="bbox 2602 3261 3846 3338">
    <p class='ocr_par' dir='ltr' id='par_1_92' title="bbox 2602 3261 3846 3338">
     <span class='ocr_line' id='line_1_92' title="bbox 2602 3261 3846 3338; baseline -0.002 -19"><span class='ocrx_word' id='word_1_440' title='bbox 2602 3263 2694 3326; x_wconf 80' lang='grc' dir='ltr'>Εἷς</span> <span class='ocrx_word' id='word_1_441' title='bbox 2727 3263 2871 3318; x_wconf 87' lang='grc' dir='ltr'>τόνδ’</span> <span class='ocrx_word' id='word_1_442' title='bbox 2904 3265 3122 3338; x_wconf 83' lang='grc' dir='ltr'>ἀνήχθη</span> <span class='ocrx_word' id='word_1_443' title='bbox 3155 3264 3244 3317; x_wconf 86' lang='grc' dir='ltr'>τὸν</span> <span class='ocrx_word' id='word_1_444' title='bbox 3270 3262 3598 3336; x_wconf 87' lang='grc' dir='ltr'>περίπυστον</span> <span class='ocrx_word' id='word_1_445' title='bbox 3633 3261 3846 3336; x_wconf 89' lang='grc' dir='ltr'>θρόνον.</span> 
     </span>
    </p>
   </div>
   <div class='ocr_carea' id='block_1_93' title="bbox 2599 3347 3909 3426">
    <p class='ocr_par' dir='ltr' id='par_1_93' title="bbox 2599 3347 3909 3426">
     <span class='ocr_line' id='line_1_93' title="bbox 2599 3347 3909 3426; baseline -0.004 -17"><span class='ocrx_word' id='word_1_446' title='bbox 2599 3353 2809 3410; x_wconf 84' lang='grc' dir='ltr'>Τούτου</span> <span class='ocrx_word' id='word_1_447' title='bbox 2845 3353 3204 3426; x_wconf 79' lang='grc' dir='ltr'>μεταστάντος</span> <span class='ocrx_word' id='word_1_448' title='bbox 3239 3349 3295 3406; x_wconf 73' lang='grc' dir='ltr'>δὲ</span> <span class='ocrx_word' id='word_1_449' title='bbox 3325 3352 3460 3422; x_wconf 90' lang='grc' dir='ltr'>πρὸς</span> <span class='ocrx_word' id='word_1_450' title='bbox 3490 3350 3580 3404; x_wconf 82' lang='grc' dir='ltr'>τὸν</span> <span class='ocrx_word' id='word_1_451' title='bbox 3612 3347 3909 3422; x_wconf 82' lang='grc' dir='ltr'>Δεσπὸτην,</span> 
     </span>
    </p>
   </div>
   <div class='ocr_carea' id='block_1_94' title="bbox 2388 3447 3690 3525">
    <p class='ocr_par' dir='ltr' id='par_1_94' title="bbox 2388 3447 3690 3525">
     <span class='ocr_line' id='line_1_94' title="bbox 2388 3447 3690 3525; baseline -0.007 -16"><span class='ocrx_word' id='word_1_452' title='bbox 2388 3453 2561 3509; x_wconf 87' lang='grc'>10070</span> <span class='ocrx_word' id='word_1_453' title='bbox 2602 3447 2841 3525; x_wconf 81' lang='grc' dir='ltr'>Κατέσχε</span> <span class='ocrx_word' id='word_1_454' title='bbox 2874 3449 3111 3511; x_wconf 89' lang='grc' dir='ltr'>Σισίνιος</span> <span class='ocrx_word' id='word_1_455' title='bbox 3147 3452 3444 3523; x_wconf 80' lang='grc' dir='ltr'>μάγιστρος</span> <span class='ocrx_word' id='word_1_456' title='bbox 3475 3447 3690 3521; x_wconf 86' lang='grc' dir='ltr'>θρόνον,</span> 
     </span>
    </p>
   </div>
   <div class='ocr_carea' id='block_1_95' title="bbox 2603 3537 3672 3615">
    <p class='ocr_par' dir='ltr' id='par_1_95' title="bbox 2603 3537 3672 3615">
     <span class='ocr_line' id='line_1_95' title="bbox 2603 3537 3672 3615; baseline -0.007 -19"><span class='ocrx_word' id='word_1_457' title='bbox 2603 3539 2856 3601; x_wconf 73' lang='grc' dir='ltr'>Παιδείας</span> <span class='ocrx_word' id='word_1_458' title='bbox 2888 3537 3028 3615; x_wconf 53' lang='grc' dir='ltr'>ἴδρις</span> <span class='ocrx_word' id='word_1_459' title='bbox 3061 3539 3311 3614; x_wconf 69' lang='grc' dir='ltr'>ἴατρικῆς</span> <span class='ocrx_word' id='word_1_460' title='bbox 3341 3539 3427 3592; x_wconf 84' lang='grc' dir='ltr'>καὶ</span> <span class='ocrx_word' id='word_1_461' title='bbox 3462 3537 3672 3609; x_wconf 90' lang='grc' dir='ltr'>νόμων,</span> 
     </span>
    </p>
   </div>
   <div class='ocr_carea' id='block_1_96' title="bbox 2605 3625 3868 3702">
    <p class='ocr_par' dir='ltr' id='par_1_96' title="bbox 2605 3625 3868 3702">
     <span class='ocr_line' id='line_1_96' title="bbox 2605 3625 3868 3702; baseline -0.003 -18"><span class='ocrx_word' id='word_1_462' title='bbox 2605 3629 2857 3702; x_wconf 83' lang='grc' dir='ltr'>Βαθμοὺς</span> <span class='ocrx_word' id='word_1_463' title='bbox 2890 3631 2917 3682; x_wconf 87' lang='grc' dir='ltr'>ὁ</span> <span class='ocrx_word' id='word_1_464' title='bbox 2950 3629 3161 3691; x_wconf 86' lang='grc' dir='ltr'>συνθεὶς</span> <span class='ocrx_word' id='word_1_465' title='bbox 3196 3625 3546 3702; x_wconf 82' lang='grc' dir='ltr'>συγγενικοὺς</span> <span class='ocrx_word' id='word_1_466' title='bbox 3577 3625 3868 3697; x_wconf 85' lang='grc' dir='ltr'>ἐννόμους.</span> 
     </span>
    </p>
   </div>
   <div class='ocr_carea' id='block_1_97' title="bbox 2603 3715 3773 3791">
    <p class='ocr_par' dir='ltr' id='par_1_97' title="bbox 2603 3715 3773 3791">
     <span class='ocr_line' id='line_1_97' title="bbox 2603 3715 3773 3791; baseline -0.005 -16"><span class='ocrx_word' id='word_1_467' title='bbox 2603 3718 2816 3775; x_wconf 88' lang='grc' dir='ltr'>Τούτου</span> <span class='ocrx_word' id='word_1_468' title='bbox 2850 3719 3106 3782; x_wconf 85' lang='grc' dir='ltr'>θανόντος</span> <span class='ocrx_word' id='word_1_469' title='bbox 3135 3719 3220 3772; x_wconf 86' lang='grc' dir='ltr'>καὶ</span> <span class='ocrx_word' id='word_1_470' title='bbox 3257 3715 3586 3776; x_wconf 80' lang='grc' dir='ltr'>λελοιπότος</span> <span class='ocrx_word' id='word_1_471' title='bbox 3619 3717 3773 3791; x_wconf 79' lang='grc' dir='ltr'>φάος,</span> 
     </span>
    </p>
   </div>
   <div class='ocr_carea' id='block_1_98' title="bbox 2605 3803 3788 3884">
    <p class='ocr_par' dir='ltr' id='par_1_98' title="bbox 2605 3803 3788 3884">
     <span class='ocr_line' id='line_1_98' title="bbox 2605 3803 3788 3884; baseline -0.006 -19"><span class='ocrx_word' id='word_1_472' title='bbox 2605 3811 2796 3873; x_wconf 83' lang='grc' dir='ltr'>Μονῆς</span> <span class='ocrx_word' id='word_1_473' title='bbox 2827 3808 3106 3884; x_wconf 86' lang='grc' dir='ltr'>προεστὼς</span> <span class='ocrx_word' id='word_1_474' title='bbox 3143 3806 3406 3874; x_wconf 77' lang='grc' dir='ltr'>Μανουὴλ</span> <span class='ocrx_word' id='word_1_475' title='bbox 3438 3803 3788 3876; x_wconf 69' lang='grc' dir='ltr'>κεκλῃμένης</span> 
     </span>
    </p>
   </div>
   <div class='ocr_carea' id='block_1_99' title="bbox 2395 3891 3702 3972">
    <p class='ocr_par' dir='ltr' id='par_1_99' title="bbox 2395 3891 3702 3972">
     <span class='ocr_line' id='line_1_99' title="bbox 2395 3891 3702 3972; baseline -0.004 -17"><span class='ocrx_word' id='word_1_476' title='bbox 2395 3901 2567 3955; x_wconf 85' lang='grc'>10075</span> <span class='ocrx_word' id='word_1_477' title='bbox 2608 3899 2837 3972; x_wconf 76' lang='grc' dir='ltr'>Σέργιος</span> <span class='ocrx_word' id='word_1_478' title='bbox 2868 3898 3004 3968; x_wconf 79' lang='grc' dir='ltr'>ἀνὴρ</span> <span class='ocrx_word' id='word_1_479' title='bbox 3037 3891 3455 3971; x_wconf 76' lang='grc' dir='ltr'>παραλαμϐάνει</span> <span class='ocrx_word' id='word_1_480' title='bbox 3490 3894 3702 3970; x_wconf 89' lang='grc' dir='ltr'>θρόνον.</span> 
     </span>
    </p>
   </div>
   <div class='ocr_carea' id='block_1_100' title="bbox 2605 3983 3724 4061">
    <p class='ocr_par' dir='ltr' id='par_1_100' title="bbox 2605 3983 3724 4061">
     <span class='ocr_line' id='line_1_100' title="bbox 2605 3983 3724 4061; baseline -0.004 -20"><span class='ocrx_word' id='word_1_481' title='bbox 2605 3987 2813 4041; x_wconf 87' lang='grc' dir='ltr'>Τούτου</span> <span class='ocrx_word' id='word_1_482' title='bbox 2846 3987 3101 4048; x_wconf 77' lang='grc' dir='ltr'>θανόντος</span> <span class='ocrx_word' id='word_1_483' title='bbox 3136 3986 3513 4061; x_wconf 86' lang='grc' dir='ltr'>έγκαθίσταται</span> <span class='ocrx_word' id='word_1_484' title='bbox 3546 3983 3724 4058; x_wconf 85' lang='grc' dir='ltr'>θρόνῳ</span> 
     </span>
    </p>
   </div>
   <div class='ocr_carea' id='block_1_101' title="bbox 2609 4072 3764 4152">
    <p class='ocr_par' dir='ltr' id='par_1_101' title="bbox 2609 4072 3764 4152">
     <span class='ocr_line' id='line_1_101' title="bbox 2609 4072 3764 4152; baseline -0.004 -19"><span class='ocrx_word' id='word_1_485' title='bbox 2609 4078 2835 4152; x_wconf 88' lang='grc' dir='ltr'>Πρῶτός</span> <span class='ocrx_word' id='word_1_486' title='bbox 2864 4099 2945 4138; x_wconf 90' lang='grc' dir='ltr'>τις</span> <span class='ocrx_word' id='word_1_487' title='bbox 2971 4077 3268 4140; x_wconf 82' lang='grc' dir='ltr'>Εὐστάθιος</span> <span class='ocrx_word' id='word_1_488' title='bbox 3293 4078 3344 4130; x_wconf 76' lang='grc' dir='ltr'>ἐν</span> <span class='ocrx_word' id='word_1_489' title='bbox 3377 4072 3764 4150; x_wconf 71' lang='grc' dir='ltr'>πρεσϐυτέροις</span> 
     </span>
    </p>
   </div>
   <div class='ocr_carea' id='block_1_102' title="bbox 2605 4165 3731 4242">
    <p class='ocr_par' dir='ltr' id='par_1_102' title="bbox 2605 4165 3731 4242">
     <span class='ocr_line' id='line_1_102' title="bbox 2605 4165 3731 4242; baseline -0.002 -21"><span class='ocrx_word' id='word_1_490' title='bbox 2605 4168 2725 4224; x_wconf 85' lang='grc' dir='ltr'>Τῶν</span> <span class='ocrx_word' id='word_1_491' title='bbox 2761 4167 2813 4220; x_wconf 84' lang='grc' dir='ltr'>ἐν</span> <span class='ocrx_word' id='word_1_492' title='bbox 2852 4165 3154 4242; x_wconf 81' lang='grc' dir='ltr'>βασιλείοις</span> <span class='ocrx_word' id='word_1_493' title='bbox 3183 4187 3241 4242; x_wconf 89' lang='grc' dir='ltr'>γε</span> <span class='ocrx_word' id='word_1_494' title='bbox 3272 4165 3731 4239; x_wconf 83' lang='grc' dir='ltr'>κατειλεγμένων.</span> 
     </span>
    </p>
   </div>
   <div class='ocr_carea' id='block_1_103' title="bbox 2603 4252 3794 4330">
    <p class='ocr_par' dir='ltr' id='par_1_103' title="bbox 2603 4252 3794 4330">
     <span class='ocr_line' id='line_1_103' title="bbox 2603 4252 3794 4330; baseline -0.006 -17"><span class='ocrx_word' id='word_1_495' title='bbox 2603 4258 2704 4313; x_wconf 87' lang='grc' dir='ltr'>Καὶ</span> <span class='ocrx_word' id='word_1_496' title='bbox 2735 4255 2894 4312; x_wconf 81' lang='grc' dir='ltr'>τοῦδε</span> <span class='ocrx_word' id='word_1_497' title='bbox 2923 4260 2983 4312; x_wconf 84' lang='grc' dir='ltr'>τὸ</span> <span class='ocrx_word' id='word_1_498' title='bbox 3020 4257 3115 4330; x_wconf 74' lang='grc' dir='ltr'>ζῇν</span> <span class='ocrx_word' id='word_1_499' title='bbox 3150 4257 3579 4330; x_wconf 77' lang='grc' dir='ltr'>έκμετρήσαντος</span> <span class='ocrx_word' id='word_1_500' title='bbox 3617 4252 3794 4329; x_wconf 77' lang='grc' dir='ltr'>μόρῳ,</span> 
     </span>
    </p>
   </div>
   <div class='ocr_carea' id='block_1_104' title="bbox 2390 4349 3822 4430">
    <p class='ocr_par' dir='ltr' id='par_1_104' title="bbox 2390 4349 3822 4430">
     <span class='ocr_line' id='line_1_104' title="bbox 2390 4349 3822 4430; baseline -0.006 -16"><span class='ocrx_word' id='word_1_501' title='bbox 2390 4357 2570 4414; x_wconf 80' lang='grc'>40080</span> <span class='ocrx_word' id='word_1_502' title='bbox 2610 4353 3064 4430; x_wconf 86' lang='grc' dir='ltr'>Ἐκκλησιάρχης</span> <span class='ocrx_word' id='word_1_503' title='bbox 3093 4363 3193 4425; x_wconf 84' lang='grc' dir='ltr'>τῆς</span> <span class='ocrx_word' id='word_1_504' title='bbox 3230 4362 3398 4428; x_wconf 80' lang='grc' dir='ltr'>μονῆς</span> <span class='ocrx_word' id='word_1_505' title='bbox 3426 4358 3523 4408; x_wconf 79' lang='grc' dir='ltr'>τοῦ</span> <span class='ocrx_word' id='word_1_506' title='bbox 3559 4349 3822 4406; x_wconf 84' lang='grc' dir='ltr'>Στουδίου</span> 
     </span>
    </p>
   </div>
   <div class='ocr_carea' id='block_1_105' title="bbox 2606 4443 3641 4521">
    <p class='ocr_par' dir='ltr' id='par_1_105' title="bbox 2606 4443 3641 4521">
     <span class='ocr_line' id='line_1_105' title="bbox 2606 4443 3641 4521; baseline -0.006 -20"><span class='ocrx_word' id='word_1_507' title='bbox 2606 4446 2865 4521; x_wconf 76' lang='grc' dir='ltr'>Μοναχὸς</span> <span class='ocrx_word' id='word_1_508' title='bbox 2897 4443 3139 4518; x_wconf 80' lang='grc' dir='ltr'>Ἀλέξιος</span> <span class='ocrx_word' id='word_1_509' title='bbox 3169 4443 3368 4518; x_wconf 70' lang='grc' dir='ltr'>εἴληφε</span> <span class='ocrx_word' id='word_1_510' title='bbox 3401 4444 3591 4517; x_wconf 88' lang='grc' dir='ltr'>θρόνον</span> <span class='ocrx_word' id='word_1_511' title='bbox 3628 4461 3641 4473; x_wconf 89' lang='grc'><strong>·</strong></span> 
     </span>
    </p>
   </div>
   <div class='ocr_carea' id='block_1_106' title="bbox 2313 4528 3667 4629">
    <p class='ocr_par' dir='ltr' id='par_1_106' title="bbox 2313 4528 3667 4629">
     <span class='ocr_line' id='line_1_106' title="bbox 2313 4528 3667 4629; baseline -0.001 -40"><span class='ocrx_word' id='word_1_512' title='bbox 2313 4564 2361 4629; x_wconf 81' lang='lat' dir='ltr'><strong>D</strong></span> <span class='ocrx_word' id='word_1_513' title='bbox 2607 4535 2768 4607; x_wconf 71' lang='grc' dir='ltr'>Ἀνὴρ</span> <span class='ocrx_word' id='word_1_514' title='bbox 2805 4531 3216 4609; x_wconf 86' lang='grc' dir='ltr'>μεγαλόδωρος,</span> <span class='ocrx_word' id='word_1_515' title='bbox 3251 4528 3444 4593; x_wconf 71' lang='grc' dir='ltr'>ὄλϐιος</span> <span class='ocrx_word' id='word_1_516' title='bbox 3479 4530 3667 4600; x_wconf 85' lang='grc' dir='ltr'>θύτης.</span> 
     </span>
    </p>
   </div>
   <div class='ocr_carea' id='block_1_107' title="bbox 2605 4620 3687 4698">
    <p class='ocr_par' dir='ltr' id='par_1_107' title="bbox 2605 4620 3687 4698">
     <span class='ocr_line' id='line_1_107' title="bbox 2605 4620 3687 4698; baseline -0.006 -21"><span class='ocrx_word' id='word_1_517' title='bbox 2605 4623 2786 4698; x_wconf 79' lang='grc' dir='ltr'>Οὗπερ</span> <span class='ocrx_word' id='word_1_518' title='bbox 2825 4621 3260 4695; x_wconf 74' lang='grc' dir='ltr'>μεταλλάξαντος</span> <span class='ocrx_word' id='word_1_519' title='bbox 3296 4623 3509 4696; x_wconf 83' lang='grc' dir='ltr'>εὐαγῶς</span> <span class='ocrx_word' id='word_1_520' title='bbox 3547 4620 3687 4693; x_wconf 87' lang='grc' dir='ltr'>βίον,</span> 
     </span>
    </p>
   </div>
   <div class='ocr_carea' id='block_1_108' title="bbox 2605 4709 3659 4786">
    <p class='ocr_par' dir='ltr' id='par_1_108' title="bbox 2605 4709 3659 4786">
     <span class='ocr_line' id='line_1_108' title="bbox 2605 4709 3659 4786; baseline -0.007 -18"><span class='ocrx_word' id='word_1_521' title='bbox 2605 4711 2808 4777; x_wconf 77' lang='grc' dir='ltr'>Κλῆσιν</span> <span class='ocrx_word' id='word_1_522' title='bbox 2841 4711 3077 4786; x_wconf 77' lang='grc' dir='ltr'>Μιχαὴλ</span> <span class='ocrx_word' id='word_1_523' title='bbox 3107 4709 3486 4786; x_wconf 85' lang='grc' dir='ltr'>Κηρουλάριος</span> <span class='ocrx_word' id='word_1_524' title='bbox 3518 4711 3659 4773; x_wconf 84' lang='grc' dir='ltr'>θέσιν</span> 
     </span>
    </p>
   </div>
   <div class='ocr_carea' id='block_1_109' title="bbox 2390 4799 3717 4876">
    <p class='ocr_par' dir='ltr' id='par_1_109' title="bbox 2390 4799 3717 4876">
     <span class='ocr_line' id='line_1_109' title="bbox 2390 4799 3717 4876; baseline -0.006 -17"><span class='ocrx_word' id='word_1_525' title='bbox 2390 4805 2564 4858; x_wconf 82' lang='grc'>10085</span> <span class='ocrx_word' id='word_1_526' title='bbox 2604 4800 2960 4876; x_wconf 80' lang='grc' dir='ltr'>Εὐπατριδῶν</span> <span class='ocrx_word' id='word_1_527' title='bbox 2996 4804 3072 4862; x_wconf 84' lang='grc' dir='ltr'>εἷς</span> <span class='ocrx_word' id='word_1_528' title='bbox 3094 4803 3180 4856; x_wconf 86' lang='grc' dir='ltr'>καὶ</span> <span class='ocrx_word' id='word_1_529' title='bbox 3214 4800 3571 4874; x_wconf 87' lang='grc' dir='ltr'>μονοτρόπων</span> <span class='ocrx_word' id='word_1_530' title='bbox 3601 4799 3717 4871; x_wconf 82' lang='grc' dir='ltr'>ἅμα</span> 
     </span>
    </p>
   </div>
   <div class='ocr_carea' id='block_1_110' title="bbox 2604 4890 3720 4966">
    <p class='ocr_par' dir='ltr' id='par_1_110' title="bbox 2604 4890 3720 4966">
     <span class='ocr_line' id='line_1_110' title="bbox 2604 4890 3720 4966; baseline -0.005 -20"><span class='ocrx_word' id='word_1_531' title='bbox 2604 4891 2923 4955; x_wconf 85' lang='grc' dir='ltr'>Καθίσταται</span> <span class='ocrx_word' id='word_1_532' title='bbox 2959 4890 3224 4966; x_wconf 82' lang='grc' dir='ltr'>πρόεδρος</span> <span class='ocrx_word' id='word_1_533' title='bbox 3255 4890 3671 4965; x_wconf 85' lang='grc' dir='ltr'>ἀρχιποιμένων</span> <span class='ocrx_word' id='word_1_534' title='bbox 3709 4906 3720 4918; x_wconf 90' lang='grc'><strong>·</strong></span> 
     </span>
    </p>
   </div>
   <div class='ocr_carea' id='block_1_111' title="bbox 2602 4977 3877 5056">
    <p class='ocr_par' dir='ltr' id='par_1_111' title="bbox 2602 4977 3877 5056">
     <span class='ocr_line' id='line_1_111' title="bbox 2602 4977 3877 5056; baseline -0.002 -20"><span class='ocrx_word' id='word_1_535' title='bbox 2602 4983 2953 5056; x_wconf 86' lang='grc' dir='ltr'>Θερμουργὸς</span> <span class='ocrx_word' id='word_1_536' title='bbox 2985 4981 3143 5056; x_wconf 77' lang='grc' dir='ltr'>ἀνὴρ,</span> <span class='ocrx_word' id='word_1_537' title='bbox 3181 4980 3491 5056; x_wconf 84' lang='grc' dir='ltr'>ὑπερόπτης</span> <span class='ocrx_word' id='word_1_538' title='bbox 3522 4982 3630 5033; x_wconf 88' lang='grc' dir='ltr'>τῶν</span> <span class='ocrx_word' id='word_1_539' title='bbox 3663 4977 3877 5050; x_wconf 87' lang='grc' dir='ltr'>νόμων.</span> 
     </span>
    </p>
   </div>
   <div class='ocr_carea' id='block_1_112' title="bbox 2599 5069 3593 5146">
    <p class='ocr_par' dir='ltr' id='par_1_112' title="bbox 2599 5069 3593 5146">
     <span class='ocr_line' id='line_1_112' title="bbox 2599 5069 3593 5146; baseline -0.005 -19"><span class='ocrx_word' id='word_1_540' title='bbox 2599 5073 2694 5127; x_wconf 88' lang='grc' dir='ltr'>Ὃν</span> <span class='ocrx_word' id='word_1_541' title='bbox 2727 5071 3046 5146; x_wconf 86' lang='grc' dir='ltr'>καταγαγὼν</span> <span class='ocrx_word' id='word_1_542' title='bbox 3078 5069 3342 5133; x_wconf 83' lang='grc' dir='ltr'>Ἰσαάκιος</span> <span class='ocrx_word' id='word_1_543' title='bbox 3375 5070 3593 5146; x_wconf 89' lang='grc' dir='ltr'>θρόνου,</span> 
     </span>
    </p>
   </div>
   <div class='ocr_carea' id='block_1_113' title="bbox 2604 5155 3623 5235">
    <p class='ocr_par' dir='ltr' id='par_1_113' title="bbox 2604 5155 3623 5235">
     <span class='ocr_line' id='line_1_113' title="bbox 2604 5155 3623 5235; baseline -0.002 -20"><span class='ocrx_word' id='word_1_544' title='bbox 2604 5159 2937 5235; x_wconf 79' lang='grc' dir='ltr'>Εἷς-ἐξορίαν</span> <span class='ocrx_word' id='word_1_545' title='bbox 2972 5162 3296 5233; x_wconf 86' lang='grc' dir='ltr'>παρέπεμψε</span> <span class='ocrx_word' id='word_1_546' title='bbox 3329 5159 3422 5214; x_wconf 79' lang='grc' dir='ltr'>σὺν</span> <span class='ocrx_word' id='word_1_547' title='bbox 3454 5155 3623 5230; x_wconf 87' lang='grc' dir='ltr'>δόλῳ.</span> 
     </span>
    </p>
   </div>
   <div class='ocr_carea' id='block_1_114' title="bbox 2388 5247 3710 5326">
    <p class='ocr_par' dir='ltr' id='par_1_114' title="bbox 2388 5247 3710 5326">
     <span class='ocr_line' id='line_1_114' title="bbox 2388 5247 3710 5326; baseline -0.006 -18"><span class='ocrx_word' id='word_1_548' title='bbox 2388 5252 2565 5308; x_wconf 76' lang='grc'>10090</span> <span class='ocrx_word' id='word_1_549' title='bbox 2603 5251 2773 5313; x_wconf 82' lang='grc' dir='ltr'>Ἔνθα</span> <span class='ocrx_word' id='word_1_550' title='bbox 2804 5250 3083 5321; x_wconf 82' lang='grc' dir='ltr'>θανόντος,</span> <span class='ocrx_word' id='word_1_551' title='bbox 3117 5247 3494 5326; x_wconf 80' lang='grc' dir='ltr'>έγκαθίδρυται</span> <span class='ocrx_word' id='word_1_552' title='bbox 3528 5247 3710 5323; x_wconf 81' lang='grc' dir='ltr'>θρόνῳ</span> 
     </span>
    </p>
   </div>
   <div class='ocr_carea' id='block_1_115' title="bbox 2604 5337 3716 5414">
    <p class='ocr_par' dir='ltr' id='par_1_115' title="bbox 2604 5337 3716 5414">
     <span class='ocr_line' id='line_1_115' title="bbox 2604 5337 3716 5414; baseline -0.003 -21"><span class='ocrx_word' id='word_1_553' title='bbox 2604 5339 2700 5393; x_wconf 79' lang='grc' dir='ltr'>Καὶ</span> <span class='ocrx_word' id='word_1_554' title='bbox 2733 5339 3111 5414; x_wconf 79' lang='grc' dir='ltr'>ποιμενάρχης</span> <span class='ocrx_word' id='word_1_555' title='bbox 3145 5337 3513 5394; x_wconf 82' lang='grc' dir='ltr'>ἀναδείκνυται</span> <span class='ocrx_word' id='word_1_556' title='bbox 3550 5339 3716 5412; x_wconf 82' lang='grc' dir='ltr'>μέγας</span> 
     </span>
    </p>
   </div>
   <div class='ocr_carea' id='block_1_116' title="bbox 2603 5424 3790 5501">
    <p class='ocr_par' dir='ltr' id='par_1_116' title="bbox 2603 5424 3790 5501">
     <span class='ocr_line' id='line_1_116' title="bbox 2603 5424 3790 5501; baseline -0.004 -17"><span class='ocrx_word' id='word_1_557' title='bbox 2603 5428 3005 5490; x_wconf 80' lang='grc' dir='ltr'>Κωνσταντῖνὸς</span> <span class='ocrx_word' id='word_1_558' title='bbox 3033 5451 3116 5491; x_wconf 93' lang='grc' dir='ltr'>τις</span> <span class='ocrx_word' id='word_1_559' title='bbox 3152 5428 3414 5501; x_wconf 82' lang='grc' dir='ltr'>ἐκτομίας</span> <span class='ocrx_word' id='word_1_560' title='bbox 3447 5424 3790 5501; x_wconf 79' lang='grc' dir='ltr'>Λειχούδης,</span> 
     </span>
    </p>
   </div>
   <div class='ocr_carea' id='block_1_117' title="bbox 2603 5513 3555 5595">
    <p class='ocr_par' dir='ltr' id='par_1_117' title="bbox 2603 5513 3555 5595">
     <span class='ocr_line' id='line_1_117' title="bbox 2603 5513 3555 5595; baseline -0.002 -21"><span class='ocrx_word' id='word_1_561' title='bbox 2603 5513 3113 5595; x_wconf 76' lang='grc' dir='ltr'>Πρωτοϐεστιάριος</span> <span class='ocrx_word' id='word_1_562' title='bbox 3146 5516 3218 5574; x_wconf 79' lang='grc' dir='ltr'>ὢν</span> <span class='ocrx_word' id='word_1_563' title='bbox 3251 5521 3350 5588; x_wconf 82' lang='grc' dir='ltr'>τήν</span> <span class='ocrx_word' id='word_1_564' title='bbox 3386 5519 3555 5590; x_wconf 79' lang='grc' dir='ltr'>ἀξίαν,</span> 
     </span>
    </p>
   </div>
   <div class='ocr_carea' id='block_1_118' title="bbox 2604 5605 3797 5685">
    <p class='ocr_par' dir='ltr' id='par_1_118' title="bbox 2604 5605 3797 5685">
     <span class='ocr_line' id='line_1_118' title="bbox 2604 5605 3797 5685; baseline -0.003 -21"><span class='ocrx_word' id='word_1_565' title='bbox 2604 5606 2910 5671; x_wconf 89' lang='grc' dir='ltr'>Σπουδαῖος</span> <span class='ocrx_word' id='word_1_566' title='bbox 2941 5606 3132 5681; x_wconf 76' lang='grc' dir='ltr'>ὄντως,</span> <span class='ocrx_word' id='word_1_567' title='bbox 3166 5605 3430 5681; x_wconf 77' lang='grc' dir='ltr'>εὐλαϐὴς,</span> <span class='ocrx_word' id='word_1_568' title='bbox 3463 5611 3580 5681; x_wconf 85' lang='grc' dir='ltr'>Θεῷ</span> <span class='ocrx_word' id='word_1_569' title='bbox 3611 5605 3797 5685; x_wconf 81' lang='grc' dir='ltr'>φίλος,</span> 
     </span>
    </p>
   </div>
   <div class='ocr_carea' id='block_1_119' title="bbox 2391 5696 3803 5776">
    <p class='ocr_par' dir='ltr' id='par_1_119' title="bbox 2391 5696 3803 5776">
     <span class='ocr_line' id='line_1_119' title="bbox 2391 5696 3803 5776; baseline -0.006 -17"><span class='ocrx_word' id='word_1_570' title='bbox 2391 5700 2566 5760; x_wconf 83' lang='grc'>10095</span> <span class='ocrx_word' id='word_1_571' title='bbox 2605 5701 2693 5757; x_wconf 87' lang='grc' dir='ltr'>Ἐν</span> <span class='ocrx_word' id='word_1_572' title='bbox 2724 5697 3018 5773; x_wconf 84' lang='grc' dir='ltr'>δημοσίαις</span> <span class='ocrx_word' id='word_1_573' title='bbox 3049 5701 3391 5776; x_wconf 85' lang='grc' dir='ltr'>πραγμάτων</span> <span class='ocrx_word' id='word_1_574' title='bbox 3433 5696 3803 5773; x_wconf 83' lang='grc' dir='ltr'>λειτουργίαις</span> 
     </span>
    </p>
   </div>
  </div>
