4250 6432
186 356 295 416 373

402 483 640 559 Ἔφασκε
668 481 861 543 νυκτὸς
890 476 1181 552 συλλόγων
1212 477 1617 551 ἠθροισμένων,

404 568 564 631 Εἶδός
594 590 674 637 τε,
704 566 929 636 κλῆσιν,
961 568 1156 641 ἀρετήν
1186 564 1337 621 τοῦδ’
1368 566 1649 639 εὐστόχως

404 657 608 718 Καλῶς
640 656 1003 729 διαγράψασαν
1035 656 1109 717 ὡς
1139 654 1193 709 ἐν
1222 655 1411 724 εἰκόνι,

186 751 365 808 10215
405 747 581 805 Ἀλλά
609 768 669 822 γε
695 748 784 800 καὶ
814 744 958 799 τόνδ’
991 744 1278 799 ἀπελαύνει
1308 748 1405 799 τοῦ
1436 743 1652 817 θρόνου,

403 837 585 894 Πάντα
614 834 855 911 παριδὼν
887 836 954 889 τὰ
979 835 1455 908 προηγορευμέναδ

405 926 703 982 Μετάθεσιν
738 922 795 978 δὲ
826 922 1236 998 δραματουργεῖ
1263 921 1552 994 ποιμένος·

400 1014 736 1090 Ἀρχιθύτην
769 1016 872 1087 γὰρ
903 1016 1003 1077 τῆς
1028 1012 1171 1066 Σιὼν
1211 1018 1311 1081 τῆς
1337 1011 1489 1086 ἁγίας

402 1102 615 1173 Κλῆσιν
650 1100 936 1172 Θεοδόσιον
1117 1105 1287 1177 φῦντα
1317 1101 1585 1172 Λατίνων,

180 1206 362 1261 10220
403 1200 602 1267 Ἐθὰδα
774 1198 916 1273 τῷδε
944 1201 1033 1254 καὶ
1065 1202 1381 1274 προήγορον
1409 1198 1663 1274 κράτους,

400 1292 498 1354 Εἰς
533 1295 710 1354 θῶκον
742 1290 977 1365 ἀνήγαγε
1003 1295 1103 1357 τῆς
1138 1288 1569 1345 Κωνσταντίνου.

400 1379 554 1438 Ἀλλ’
587 1376 748 1434 οὐδὲν
786 1380 1037 1433 ἀπώνατο
1066 1384 1167 1447 τῆς
1198 1376 1546 1453 κακουργίας·

399 1472 641 1546 Ἀμφοῖν
674 1469 775 1541 γὰρ
808 1466 1148 1521 ἐκπέπτωκεν
1181 1466 1487 1541 ἱεραρχίαιν

395 1559 498 1615 Καὶ
531 1554 695 1611 τῶνδ’
725 1556 936 1628 ἀτίμως
966 1557 994 1610 ὁ
1024 1552 1361 1624 προϐληθεὶς
1403 1554 1659 1626 ἀκρίτως.

175 1651 357 1706 10225
393 1654 625 1703 Ἔπειτα
656 1646 926 1720 Γεώργιος
961 1647 987 1699 ὁ
1018 1642 1311 1722 Ξιφιλῖνος

398 1734 749 1812 Σκευοπρύλαξ
783 1736 858 1786 ὧν
885 1736 985 1801 τῆς
1010 1737 1145 1788 Θεοῦ
1177 1734 1228 1806 γ’
1259 1732 1587 1804 Ἐκκλησίας

397 1826 772 1895 Ποιμαντικὴν
804 1821 1003 1900 εἴληφε
1025 1822 1112 1876 καὶ
1145 1819 1437 1897 προεδρίαν

398 1914 613 1971 Τούτου
644 1908 898 1975 θανόντος
926 1912 1301 1985 ἐγκαθίσταται
1332 1912 1508 1986 θρόνῳ
1542 1914 1653 1986 (98)

394 2004 458 2059 Ὁ
488 2002 816 2075 Καματηρὸς
848 2000 1044 2069 εὐεπὴς
1079 2000 1353 2070 Ἰωάννης,

177 2095 359 2151 10230
396 2089 569 2166 Ἶδρις
598 2090 789 2164 σοφίας
814 2086 1165 2158 παντοδαπῆς
1196 2089 1286 2143 καὶ
1319 2088 1516 2164 λόγων,

392 2177 709 2251 Ἐπήϐολός
739 2201 797 2234 τε
829 2177 1120 2255 δογμάτων
1150 2184 1257 2234 τῶν
1286 2175 1503 2248 ἐνθέων,

394 2268 723 2339 Ἐκκλησίας
756 2268 829 2323 ὥν
866 2265 1109 2338 λευΐτης,
1142 2269 1512 2345 χαρτοφύλαξ·

386 2361 511 2436 Ἐφ’
540 2357 602 2413 οὗ
632 2358 1043 2433 παρεστήσαντο
1078 2362 1296 2412 Λατῖνοι
1327 2356 1515 2412 πόλιν·

389 2451 491 2509 Ὀς
521 2446 789 2518 ἐξελαθεὶς
823 2444 1108 2521 δυστυχῶς
1138 2448 1273 2521 πρὸς
1308 2446 1548 2501 Λατίνων

168 2549 350 2604 10235
387 2546 596 2621 Θρόνου
628 2542 890 2619 πατρίδος
920 2548 1020 2613 τῆς
1050 2551 1253 2616 σεμνῆς
1304 2546 1414 2616 (99)
1471 2542 1823 2616 Βυζαντίδος,

390 2636 551 2692 Οἰκεῖ
580 2631 979 2707 Διδυμότειχον
1014 2632 1091 2695 είς
1124 2629 1514 2711 ἅστυηρθάσας,

389 2727 558 2781 Ἔνθα
590 2722 765 2777 θανὼν
800 2721 986 2777 ἔλιπεν
1017 2719 1183 2791 ἡλίου
1215 2724 1367 2799 φάος.

388 2816 543 2871 Μετᾶ
573 2810 631 2866 δὲ
658 2816 851 2867 τοῦτον
879 2811 1137 2883 ποιμένες
1172 2808 1489 2886 βυζαντίδος

389 2904 556 2960 Οὗτοι
587 2896 1013 2974 προεϐλήθησαν
1047 2900 1099 2954 ἐν
1126 2901 1393 2956 Νικαέων·

169 2995 349 3049 10240
382 2996 618 3068 Πρῶτος
648 2990 877 3064 Μιχαὴλ
909 2990 1282 3065 Αύτωρειανὸς
1313 2989 1455 3053 θέσιν

392 3078 788 3155 Βακελλάριος,
820 3077 1006 3148 λευίτη
1018 3100 1042 3141 ς
1068 3078 1424 3149 Ἐκκλησίας,

387 3168 563 3247 Ἴδρις
589 3170 782 3247 σοφίας
810 3175 1084 3240 κοσμικῆς
1118 3169 1267 3230 θείας
1299 3172 1431 3241 ἅμα.

389 3260 570 3327 Οὖπερ
604 3256 1033 3331 μεταλλάξαντες
1066 3256 1118 3311 ἐν
1150 3256 1329 3331 θρόνῳ
1372 3257 1511 3333 βίον,

388 3346 670 3424 Θεόδωρος
703 3344 899 3423 εἷ’ληφε
921 3347 1023 3415 τὴν
1053 3342 1343 3422 προεδρίαν

170 3441 350 3497 10245
388 3436 716 3508 Ἐκκλησίας
749 3430 823 3490 ὥν
857 3433 1104 3505 λευΐτης,
1138 3434 1510 3513 χαρτοφύλαξ,

385 3528 767 3598 Τούπώνυμον
802 3526 955 3600 σχὼν
986 3524 1278 3599 Είρηνικδς
1311 3526 1603 3603 πατρόθεν,

386 3617 720 3691 Φιλοσόφων
753 3614 955 3670 ὕπατον
990 3615 1155 3687 ἀξίαν,
1189 3612 1412 3691 λόγους.

388 3709 493 3764 Καὶ
516 3703 679 3761 τοῦδε
713 3705 969 3769 θανόντος
1000 3702 1076 3775 δὲ,
1107 3706 1207 3773 τήν
1240 3702 1528 3781 προεδρίαν

386 3797 639 3869 Μάξιμος
670 3794 835 3870 αὐχεῖ
862 3796 951 3849 καὶ
989 3794 1250 3870 μοναχὸς,
1282 3795 1372 3849 καὶ
1404 3795 1572 3866 θύτης

173 3900 351 3955 10250
388 3896 579 3966 Μονῆς
608 3894 890 3971 προεστὼς
922 3892 1144 3969 εύαγοῦς
1174 3894 1511 3967 ἀκοιμήτων.

387 3986 525 4049 Μεθ’
555 3986 614 4039 ’ὃν
645 3982 909 4051 Μανουήλ
945 3982 1258 4061 Φιλόσοφος
1286 3984 1380 4038 τὸν
1410 3982 1600 4059 λόγον,

388 4074 577 4148 Φύλαξ
608 4068 841 4149 ἀκριϐὴς
873 4072 964 4127 καὶ
994 4070 1179 4145 νόμων
1212 4073 1300 4127 καὶ
1331 4072 1589 4129 κανόνων.

385 4164 601 4222 Τούτου
635 4163 923 4223 λειπόντος
954 4162 1053 4229 τήν
1083 4161 1231 4215 κάτω
1262 4162 1574 4235 παροικίαν,

382 4252 570 4318 Πολὺς
594 4252 872 4327 Γερμανὸς
910 4251 1002 4306 τὸν
1036 4250 1155 4327 βίον
1188 4250 1277 4305 καὶ
1306 4256 1397 4306 τὸν
1433 4250 1600 4327 λόγον

169 4357 345 4412 10255
386 4352 726 4427 ’Δρχιθύτης
759 4346 1025 4405 δὲδεικται
1056 4354 1155 4418 τῆς
1187 4349 1619 4423 Κωνσ-ταντίνου,

387 4442 558 4516 Ἀνὴρ
595 4440 896 4514 μοναστὴς,
926 4436 1017 4491 καὶ
1045 4440 1179 4492 Θεοῦ
1211 4436 1517 4508 θυηπόλος,

386 4532 590 4605 Αύχῶν
626 4522 928 4583 Ἀνάπόουν
960 4524 1195 4600 πατρίδα
1227 4525 1625 4602 Προποντίδος,

387 4617 717 4689 Ἐκκλησίας
745 4617 1018 4691 τρόφιμος
1052 4613 1125 4670 ὢν
1157 4623 1256 4685 τῆς
1284 4616 1336 4671 ἐν
1373 4616 1554 4673 πόλει·

386 4708 524 4767 Εἶτα
557 4710 818 4781 μονάσας,
847 4707 939 4761 καὶ
972 4704 1155 4783 φανεὶς
1182 4710 1315 4761 Θεοῦ
1340 4704 1553 4782 λάτρις,

173 4802 350 4859 10260
389 4797 649 4873 Γεωργίῳ
684 4797 917 4872 μάρτυρι
946 4794 1036 4849 καὶ
1066 4793 1424 4872 πεφιλμὲνος,

385 4885 601 4962 Ἕλαχε
630 4883 872 4959 ποίμνην
902 4883 1104 4948 ἲθύνειν
1136 4881 1488 4952 Βυζαντίδος.

1718 350 2080 409 omne.
3502 357 3608 414 374

1873 479 1926 544 Α
1956 477 2189 535 dicebat
2219 482 2479 538 Isaacius
2510 481 2726 537 astanti
2759 480 2967 549 turba,

1957 573 2128 623 noctu
2163 575 2581 635 monstratum,
2614 574 2670 624 et
2700 570 2920 624 ail'abre
2950 568 3308 640 descriptam

1953 659 2211 727 corporis
2241 660 2496 729 speciem
2530 674 2666 713 cum
2698 657 2910 713 virtute
2939 674 3005 713 ac
3036 658 3293 714 nomine.

1953 745 2147 801 Nihilo
2180 754 2367 803 tamen
2400 748 2599 803 minus
2632 747 2787 801 hunc
2818 747 2956 802 sede
2987 745 3212 817 depulit

1953 840 2154 906 postea
2182 836 2472 891 dictorum
2508 836 2810 907 negligens
2836 851 3098 890 suorum.

1951 922 2216 993 Namque
2245 925 2561 979 transferre
2592 923 2777 979 voluit
2807 923 3169 995 episcopum.

1948 1014 2170 1066 Sancta
2204 1028 2412 1084 nempe
2440 1011 2631 1067 Sionis
2671 1011 3066 1082 patriarcham

1950 1101 2131 1174 stirpe
2165 1102 2458 1171 Latinum,
2489 1102 2884 1158 Theodosium
2918 1103 3177 1173 nomine,

1948 1192 2243 1263 cognitum
2279 1192 2413 1262 sibi,
2445 1196 2621 1263 atque
2656 1190 2885 1261 imperii
2916 1196 3136 1259 vatem,

1946 1282 2019 1337 ad
2051 1282 2398 1353 Byzantinas
2427 1281 2645 1337 infulas
2679 1281 2962 1353 provexit.

1947 1372 2057 1427 Sed
2090 1372 2315 1427 homini
2348 1372 2428 1426 nil
2461 1371 2680 1443 profuit
2713 1372 2848 1425 facti
2881 1372 3132 1443 novitas,

1947 1462 2235 1518 ambobus
2266 1462 2425 1517 enim
2458 1462 2804 1518 sacerdotiis
2834 1461 3050 1517 excidit

1946 1569 2075 1608 cum
2108 1552 2449 1625 ignominia,
2484 1553 2749 1622 nequiter
2778 1552 3022 1607 electus.

1943 1647 2189 1698 Secutus
2221 1645 2310 1698 est
2340 1642 2625 1713 Georgius
2656 1641 3000 1713 Xiphilinus

1874 1775 1899 1794 .
1944 1751 1974 1789 θ
2002 1733 2412 1804 scevophylace
2443 1733 2501 1786 in
2532 1732 2790 1787 Ecclesia
2820 1732 2919 1786 Dei

1867 1837 1913 1902 Β
1943 1824 2013 1878 ad
2047 1822 2393 1894 pastoralem
2427 1821 2766 1876 cathedram
2802 1820 3135 1876 subvectus.

1952 1915 2065 1969 Hoc
2094 1913 2213 1967 vita
2244 1913 2462 1979 functo,
2496 1912 2807 1967 stationem
2839 1912 3145 1982 occupavit

1948 2004 2065 2061 oris
2097 2004 2331 2059 facundi
2362 2003 2618 2058 Joannes
2649 2006 2989 2056 Camaterus

1947 2095 2256 2167 omnigena
2287 2092 2622 2148 cumulatus
2654 2092 2947 2163 sapientia
2976 2107 3041 2146 ac
3072 2090 3285 2147 litteris

1945 2189 2002 2239 et
2030 2182 2362 2237 divinorum
2396 2182 2738 2251 dogmatum
2773 2178 3255 2246 callentissimus,

1946 2277 2118 2329 antea
2145 2271 2316 2327 levita
2347 2270 2614 2325 Ecclesia
2645 2274 2703 2325 et
2727 2268 3167 2340 chartOphylax.

1944 2364 2061 2417 Sub
2092 2379 2159 2418 eo
2190 2360 2561 2431 metropolim
2598 2358 2787 2415 Latini
2817 2361 3319 2430 expugnaverunt.

1945 2452 2335 2521 Quamobrem
2366 2449 2679 2505 infeliciter
2709 2449 2781 2504 ab
2813 2448 2907 2503 his
2938 2434 3219 2519 expulsus

1944 2545 2081 2601 sede
2112 2548 2287 2613 atque
2318 2540 2471 2596 alma
2507 2540 2695 2611 patria
2725 2538 3253 2609 Constantinopoli,

1943 2632 2419 2707 Didymotichum
2453 2629 2761 2686 transtulit
2789 2628 3123 2700 stationem,

1942 2724 2142 2795 ibique
2174 2721 2388 2778 clausit
2418 2719 2619 2775 oculos
2654 2718 2816 2774 vitali
2848 2718 2988 2773 luci.

1942 2815 2078 2870 Post
2107 2813 2265 2868 hunc
2302 2814 2565 2884 pastores
2600 2809 2764 2865 urbis
2798 2807 3128 2881 Byzantina

1941 2905 2003 2961 hi
2034 2904 2385 2959 creabantur
2413 2902 2473 2956 in
2502 2900 2715 2973 Oppido
2747 2899 2957 2955 Nicaa.

1943 2996 2171 3052 Primus
2200 2996 2291 3047 est
2318 2990 2588 3060 Michael,
2620 2990 2816 3045 dictus
2848 2988 3228 3057 Autorianus,

1941 3084 2212 3143 Ecclesia
2244 3081 2590 3139 sacellarius
2621 3085 2679 3137 et
2704 3079 2899 3148 levita,

1861 3193 1905 3262 ρ
1943 3174 2261 3234 mundanis
2291 3172 2506 3228 litteris
2537 3172 2873 3262 divinisque
2905 3170 3238 3262 abundans.

1936 3271 2078 3327 Post
2108 3281 2279 3339 quem
2314 3263 2372 3318 in
2408 3262 2545 3318 sede
2575 3260 2953 3329 exstinctum,
2985 3259 3327 3316 Theodorus

1938 3356 2091 3416 sacri
2123 3354 2413 3427 primatus
2443 3351 2589 3407 adiit
2620 3351 2929 3419 honorem,

1939 3454 2110 3510 antea
2138 3445 2316 3503 levita
2344 3442 2613 3500 Ecclesia
2646 3446 2704 3499 et
2732 3440 3172 3515 cbartophylax,

1938 3535 2145 3597 Irenici
2180 3548 2503 3607 cognomen
2535 3548 2566 3586 a
2597 3536 2761 3603 patre
2793 3530 3056 3598 trahens,

1938 3630 1997 3685 in
2031 3624 2247 3683 studiis
2278 3620 2703 3695 philosophicis
2738 3620 2923 3693 gradu
2963 3620 3231 3692 hypatus.

1936 3719 2059 3784 Quo
2093 3713 2401 3782 moriente,
2435 3727 2613 3767 sacra
2644 3709 2727 3765 rei
2759 3710 3080 3781 primatum

1935 3806 2226 3864 Maximus
2256 3801 2397 3859 tulit
2424 3799 2752 3858 monachus
2784 3800 3081 3870 sacerdos,

1937 3898 2370 3954 Acametarum
2405 3889 2757 3963 prapositus
2789 3887 3075 3945 ccenobio.

1938 3986 2077 4042 Post
2105 3983 2265 4039 hunc
2297 3978 2690 4052 philosophus
2718 3978 2982 4035 oratione
3011 3977 3264 4049 Manuel,

1937 4074 2133 4149 legum
2166 4072 2439 4130 defensor
2468 4085 2884 4142 canonumqus
2913 4068 3179 4128 sedulus.

1936 4168 2057 4231 Quo
2088 4165 2396 4219 dessrente
2427 4164 2725 4217 terrenum
2759 4159 3108 4229 incolatum,

1936 4256 2132 4314 clarus
2164 4254 2433 4320 doctrina
2464 4260 2520 4309 et
2550 4252 2816 4309 moribus
2847 4250 3181 4309 Germanus

1938 4352 2172 4405 creatur
2200 4344 2415 4418 prasul
2447 4342 3060 4415 Constantinopoleos,

1939 4435 2029 4491 vir
2058 4432 2478 4490 monachatum
2512 4431 2817 4504 promens,
2844 4430 2946 4487 Dei
2978 4431 3275 4501 sacerdos,

1869 4557 1909 4618 υ
1943 4526 2156 4618 oppido
2187 4525 2480 4618 oriundus
2508 4523 2734 4618 Anap-lo
2760 4523 2825 4618 in
2862 4524 3239 4618 Bropontide,

1941 4617 2001 4673 in
2034 4617 2178 4672 urbe
2209 4633 2243 4691 a
2272 4614 2522 4686 pueritia
2552 4613 2823 4670 Ecclesia
2853 4612 3154 4683 alumnus,

1946 4706 2157 4762 deinde
2189 4705 2377 4761 factus
2408 4704 2733 4760 monachus
2764 4708 2820 4760 et
2848 4703 2950 4761 Dei
2983 4703 3276 4772 minister,

1946 4814 2119 4854 carus
2150 4796 2439 4869 pracipue
2471 4795 2713 4868 martyri
2745 4794 3022 4868 Georgio;

1946 4892 2245 4963 postremo
2274 4886 2632 4961 Byzantinus
2663 4887 2848 4944 evasit
2873 4890 3090 4960 pastor.

237 5035 357 5107 (95)
388 5032 483 5107 Sic
512 5031 689 5107 etiam
722 5047 775 5085 v.
807 5031 969 5087 6030.
992 5029 1172 5107 Atqui
1204 5029 1837 5107 hu_nc_pa_ssim_appel-
1941 5030 2195 5107 Allatqu
2216 5032 2296 5107 de
2316 5031 2583 5107 Georgiis
2616 5048 2671 5107 p.
2703 5032 2831 5103 664,
2865 5032 2957 5089 ed.
2990 5031 3213 5107 Fabric.

237 5047 357 5107 (9ο)
388 5047 483 5115 ριο
512 5047 689 5087 etiam
722 5047 775 5085 v.
807 5047 969 5087 ousu.
992 5047 1172 5115 Atqui
1204 5047 1361 5086 nunc
1389 5047 1612 5101 passim
1644 5047 1837 5157 appei-
1941 5047 2192 5089 Allauus
2216 5047 2287 5088 ne
2316 5047 2583 5103 ueorgns
2616 5048 2671 5103 p.
2703 5047 2831 5103 una,
2865 5047 2957 5089 eo.
2991 5047 3213 5089 Fabric.

166 5107 298 5189 lant
324 5107 439 5189 aln_
480 5104 828 5189 Dgsithenun‘i,
861 5118 1009 5186 quos
1042 5101 1673 5189 inter'Metho‘dj‘usjn
1697 5121 1771 5189 .ra
1800 5121 1835 5189 a
2017 5104 2130 5189 (S8)
2157 5105 2239 5189 E_x
2285 5104 2408 5189 hoc
2422 5103 2713 5189 versiculo
2761 5120 2947 5189 usque
2997 5105 3067 5160 ad
3097 5123 3153 5161 v.
3186 5104 3361 5189 193.10
3413 5105 3598 5189 habes
3644 5134 3649 5137 ι

164 5178 338 5255 nobis
370 5177 661 5255 edendus.
690 5176 803 5255 Sed
844 5174 1341 5255 e_n_im_Dqsilhg_us
1373 5174 1519 5255 nihil
1540 5174 1837 5255 _aliudest
1945 5174 2311 5255 patriarchas
2357 5174 3084 5255 Constantinopolitanae,
3134 5177 3342 5255 qui_in
3394 5179 3598 5255 cnsilio

165 5252 279 5307 nisi
314 5247 684 5323 metathesis.
710 5250 808 5300 τοῦ
828 5318 842 5323 _
862 5244 1333 5323 Theodosius.__Sic
1380 5246 1443 5323 in,
1470 5245 1598 5323 coll.
1633 5246 1760 5323 Vat.
1788 5253 1829 5301 t.
1943 5244 2110 5304 electi
2136 5248 2573 5323 fueruntLapud
2598 5244 2875 5323 Allatium
2901 5244 3383 5323 deConsénsione
3406 5250 3506 5308 lib.
3536 5269 3598 5323 η,

166 5323 242 5395 II,
274 5339 331 5390 p.
366 5321 493 5389 Ml,
528 5317 704 5391 quem
747 5318 1025 5390 Polybius
1056 5316 1455 5395 appellaverat
1490 5319 1831 5395 Theotmum,
1943 5336 2072 5392 cap.
2105 5322 2189 5389 14,
2223 5337 2279 5395 p.
2310 5320 2436 5375 725.
2462 5316 2613 5375 item
2649 5316 2861 5392 partim
2908 5320 2968 5375 in
3013 5320 3151 5377 adn.
3184 5322 3257 5377 ad
3291 5316 3597 5395 AcropoliJ

171 5389 469 5464 Diodorus
491 5389 625 5448 cum
658 5389 1277 5464 anagrammatedicit
1310 5391 1663 5464 Timotheum.
1941 5389 2063 5448 tam
2096 5389 2307 5464 cap.i6.

237 5467 357 5535 (96)
392 5463 641 5520 Allatius
672 5458 945 5536 deCons‘.
983 5461 1185 5536 p.702,
1219 5460 1446 5536 legebat
1478 5458 1681 5530 ενθάδε,
1703 5478 1832 5533 qua
1986 5464 2126 5536 _(99)
2161 5458 2412 5536 Allatius
2442 5462 2501 5518 in
2534 5466 2787 5533 utroque
2836 5462 3011 5519 citato
3055 5462 3183 5520 loco
3214 5482 3317 5536 pro
3368 5471 3597 5536 σεμνῆς,

172 5532 318 5594 mihi
382 5536 591 5592 melior
638 5534 810 5591 lectio
852 5534 1103 5607 videtur.
1151 5534 1341 5607 Codex
1388 5540 1585 5590 tamen
1636 5532 1834 5590 noster
1941 5532 2132 5607 alma,
2176 5532 2527 5607 legitiépﬁc,
2560 5532 3104 5607 meaQNumgergo
3152 5532 3289 5592 hinc
3335 5532 3463 5593 orta
3508 5532 3601 5597 est

171 5616 298 5666 tum
332 5608 429 5682 hic
459 5613 587 5682 tum
622 5624 677 5663 ν.
705 5606 1059 5682 603t_habef.
1086 5601 1281 5682 £0§_6_a._
1645 5676 1657 5682 _
1743 5676 1755 5682 _
1944 5606 2160 5682 {allatio
2201 5601 2407 5682 opinio
2446 5601 2601 5682 quod
2650 5605 2961 5677 Ephramii
3011 5601 3193 5682 p'atria
3246 5609 3593 5682 Byzantium

241 5683 356 5754 (97)
402 5680 631 5737 Reoitat
679 5684 797 5736 tres
857 5679 962 5734 hos
1017 5677 1090 5734 de
1145 5675 1452 5749 Xiphilino
1510 5676 1830 5734 versiculos
1942 5678 2150 5749 fuerit;
2183 5675 2663 5753 quandoquidem
2695 5675 2829 5733 eum
2875 5675 3136 5751 appellat
3178 5675 3600 5753 Byzantium?
