4212 6442
596 368 725 442 875,
1816 374 2188 435 ΕΡΗΒΙΗῙῙ
2221 370 2797 433 σηοινοσωει
3894 372 4005 433 376

595 496 704 555 Sed
736 495 845 555 hoc
877 511 981 572 per
1008 495 1236 558 obitum
1275 503 1621 560 transeunte
1650 499 1724 559 ad
1758 498 2071 559 Dominum

596 588 653 642 et
684 584 1033 659 patriarchls
1064 588 1284 647 sanctis
1316 593 1756 657 connumerato,

596 671 925 734 Methodius
956 674 1095 734 item
1130 675 1457 735 monachus
1488 682 1543 735 st
1576 678 1673 737 Del
1708 676 2005 749 sacerdos,

597 766 740 820 tunc
772 762 1081 838 Hyacinthi
1114 765 1433 839 prasidens
1463 765 1753 835 omnobio,

594 854 856 925 tempore
888 853 1081 911 sedem
1117 852 1302 913 lenuit
1334 854 1701 915 brevissimo.

596 940 719 1007 Quo
753 941 1108 1001 moribunda
1140 942 1448 1002 deserente
1480 945 1767 1015 membra,

598 1030 817 1105 pedum
848 1032 1135 1106 corripuit
1164 1032 1396 1093 Manuei
1429 1033 1899 1110 archipresbyter

596 1118 759 1191 cieri,
790 1121 890 1194 qui
924 1136 1154 1180 sacram
1186 1122 1367 1181 adem
1400 1122 1601 1197 palatii
1632 1130 1823 1194 curat;

596 1223 775 1267 senex
807 1208 1118 1285 benignus,
1152 1213 1479 1271 mansuetis
1515 1212 1804 1271 moribus.

597 1303 786 1372 Atque
816 1296 927 1357 hoc
957 1301 1135 1357 etiam
1167 1300 1550 1360 conoludente
1576 1302 1777 1369 vitam,

596 1386 882 1445 Arsenius
912 1386 1064 1445 inter
1095 1389 1415 1447 monachos
1448 1394 1664 1465 pietate
1696 1389 1947 1465 fulgens,

594 1474 877 1533 virtutum
910 1475 1123 1534 eximia
1154 1482 1330 1551 atque
1362 1477 1622 1535 animata
1654 1478 1847 1552 sedes,

597 1563 817 1622 electus
848 1570 939 1623 est
971 1564 1234 1639 Byzantii
1265 1566 1620 1640 patriarcha.

597 1655 652 1711 Is
685 1658 857 1711 natus
889 1654 1130 1728 quidem
1162 1664 1282 1713 erat
1313 1656 1371 1713 in
1406 1656 1545 1714 urbe
1571 1656 1761 1731 regia;

597 1744 699 1801 sed
734 1744 792 1800 in
824 1743 1076 1801 Nicanis
1110 1745 1484 1803 monasteriis
1518 1751 1719 1819 postea

596 1832 933 1890 totonderat
958 1832 1264 1907 capillum,
1297 1839 1356 1892 et
1385 1833 1567 1891 abbas
1596 1834 1783 1893 fuerat
1818 1851 1830 1891 :

597 1937 754 1979 nunc
785 1920 1087 1981 solitarius
1119 1922 1219 1979 uni
1252 1922 1369 1981 Deo
1401 1924 1642 1981 vacabat

598 2010 662 2069 In
695 2009 1097 2084 Apolloniadis
1130 2011 1294 2069 urbis
1324 2012 1651 2080 ssceteriis;

599 2116 715 2174 quo
750 2105 1009 2173 tempore
1044 2100 1292 2160 Nicaeam
1329 2101 1438 2159 fuit
1468 2101 1691 2159 accitus

594 2205 629 2245 a
659 2188 964 2247 Theodoro
994 2193 1216 2248 Cossre
1248 2190 1510 2247 Romano
1546 2207 1559 2247 :

595 2278 694 2336 ubi
727 2278 969 2353 expietis
1000 2282 1230 2338 cunctis
1263 2279 1532 2337 Ecclesiae
1566 2279 1846 2354 gradibus

590 2367 661 2425 ad
695 2383 995 2425 summum
1038 2368 1383 2426 bierarchia
1418 2370 1682 2442 pervenit
1714 2368 1960 2441 apicem.

588 2458 729 2514 Cum
763 2461 957 2513 autem
994 2462 1204 2531 sponte
1234 2457 1563 2515 dimisisset
1593 2456 1833 2530 pedum,

589 2546 977 2603 monasticam
1012 2544 1270 2619 quietem
1303 2546 1398 2621 pie
1428 2552 1721 2621 repetens,

588 2634 659 2692 ad
693 2632 1080 2709 Byzantinum
1112 2634 1350 2693 transiit
1382 2634 1866 2709 patriarchatum,

589 2723 977 2797 Ephesiorum
1010 2722 1378 2798 Nioephorus
1411 2725 1893 2800 archiepiscopus

588 2813 689 2887 qui
720 2812 861 2871 olim
896 2813 1095 2887 palatii
1130 2813 1320 2871 fuerat
1349 2814 1842 2889 archipresbyter,

590 2902 878 2961 innocens
906 2901 1015 2972 vir,
1050 2907 1370 2977 perpetuus
1402 2902 1771 2962 Parthenius.

586 2992 776 3064 Atque
808 2990 913 3049 hoc
946 2991 1145 3049 sedem
1180 3008 1314 3049 cum
1343 2991 1456 3049 vita
1488 2992 1811 3061 deserente,

588 3080 867 3137 Arsenius
900 3079 1127 3154 primus
1158 3078 1415 3137 liberata
1450 3078 1612 3137 urbis

585 3184 819 3226 sacrum
854 3167 1217 3243 recuperavit
1242 3168 1663 3243 principatum.

583 3257 693 3315 Sed
729 3257 883 3315 idem
919 3261 1117 3330 postea
1148 3258 1452 3331 depositus
1480 3259 1774 3317 sententia

579 3346 989 3421 episcoporum
1023 3345 1393 3421 aliorumque
1412 3346 1707 3418 judicum,

579 3436 953 3509 Ecolesiaque
985 3436 1302 3494 abscedere
1333 3447 1592 3509 coactus,

578 3527 637 3582 in
674 3526 1116 3583 Prmoonnesum
1149 3522 1409 3583 insulam
1445 3526 1805 3599 deportatur.

579 3614 1026 3686 Germanusque
1059 3613 1272 3687 praeui
1310 3614 1721 3689 iladrianopoii

578 3704 902 3762 translatus
933 3707 1020 3761 est
1053 3702 1125 3760 ad
1162 3704 1363 3761 urbem
1396 3704 1783 3763 Constantini.

582 3795 795 3853 Verum
829 3793 1116 3853 Germano
1148 3792 1458 3852 abdicante
1490 3796 1796 3864 honorem,

578 3882 873 3959 Josephus
906 3886 1077 3941 rectm
1108 3882 1407 3957 religionis
1438 3884 1735 3958 columen,

581 3973 1057 4049 presbyterorum
1090 3972 1270 4032 decus
1301 3978 1358 4032 et
1390 3974 1814 4035 monachorum

578 4066 781 4121 sancto
814 4060 1075 4119 cmnobio
1108 4060 1457 4136 prapositus
1490 4062 1732 4133 Galesii,

579 4150 760 4224 mitis,
794 4148 1110 4223 benignus,
1142 4148 1354 4209 divina
1386 4150 1532 4225 legis
1564 4168 1856 4226 reverens,

576 4240 833 4299 nutritor
860 4254 1201 4311 egenorum,
1236 4245 1447 4299 natura
1484 4240 1767 4315 clemens,

576 4326 1044 4405 patriarcharum
1079 4328 1367 4388 celebrem
1402 4330 1617 4390 insedit
1648 4332 1927 4392 thronum

578 4418 755 4493 digne
786 4422 843 4475 et
872 4416 1170 4476 canonicis
1204 4418 1422 4494 regulis
1454 4420 1693 4481 electus.

580 4507 635 4566 Ie
667 4507 827 4582 regio
860 4507 918 4564 in
951 4506 1104 4566 clero
1136 4509 1440 4584 presbyter
1470 4511 1608 4569 olim
1644 4513 1853 4583 fuerat,

581 4597 921 4670 sanctisque
954 4596 1178 4671 nuptiis
1209 4597 1391 4657 filiam
1426 4604 1828 4674 procreaverat
1862 4619 1874 4659 :

580 4691 785 4763 postea
815 4702 945 4745 vero
977 4686 1253 4745 viduatus
1284 4690 1553 4765 conjuge,

584 4774 970 4835 monasticam
1005 4776 1302 4850 professus
1333 4778 1587 4838 libenter
1616 4779 1794 4839 vitam

584 4865 911 4923 omlestium
945 4866 1229 4925 virtutum
1264 4884 1398 4927 arca
1430 4869 1703 4945 apparuit
1737 4887 1750 4931 :

585 4956 714 5014 exin
744 4954 991 5013 cmnohii
1025 4954 1281 5015 Gaiesini
1315 4957 1521 5033 abbas,

583 5046 898 5119 episcOpus
932 5050 1222 5120 postremo
1252 5050 1309 5104 et
1340 5064 1591 5122 magnus
1623 5048 1902 5123 pontifex.

581 5136 722 5193 Cum
759 5137 950 5193 autem
984 5133 1266 5193 ltalorum
1299 5136 1515 5211 dogma
1547 5136 1765 5197 invasit

583 5222 902 5283 Ecolesiam
936 5228 1197 5283 nostram
1228 5224 1386 5285 haud
1419 5226 1816 5298 laudabiliter,

686 5420 736 5497 1)
769 5418 1017 5497 {illatius
1045 5420 1231 5497 habet
1255 5422 1544 5497 παρθίνος.

2279 496 2334 566 Α

2279 1861 2324 1929 Β

2266 3230 2309 3297 C

2263 4602 2309 4668 D

2576 492 2787 555 Τούτου
2815 496 3175 571 μεταστάντος
3203 492 3260 556 δὶ
3288 497 3427 575 πρὸς
3450 496 3543 556 τὸν
3577 496 3851 569 Δεσπότην

2562 583 2660 641 [si
2692 584 3053 664 συναφθίντος
3086 590 3443 664 πατριαρχῶν
3484 584 3688 663 ἁγίοις,

2566 668 2838 738 Μεθόδιός
2869 693 2951 737 τις
2978 673 3069 732 καὶ
3105 674 3348 752 μοναχὸς
3374 673 3466 733 καὶ
3498 674 3684 748 θύτης.

2352 759 2527 819 10265
2565 760 2763 836 ΜονῆςΙ
2780 761 3059 839 προεστὼς
3092 765 3191 830 τῆς
3219 762 3502 821 Ὑακίνθου
3522 763 3666 834 τότε,

2565 848 2687 909 Ἐπὶ
2725 847 3022 928 βράχιστον
3058 849 3323 910 ἀπολαύει
3351 855 3449 910 τοῦ
3479 852 3696 930 θρόνοψ

2562 936 2743 1016 Οὖπερ
2776 940 3047 1013 θανόντος,
3078 940 3167 997 καί
3200 936 3458 1006 λιπόντος
3486 940 3578 999 τὸν
3616 940 3761 1019 βίον,

2561 1026 2623 1087 Ὀ
2653 1028 3014 1106 πρωτοθύτης
3044 1026 3309 1102 Μανουὴλ
3339 1024 3469 1109 ἴσχε
3500 1030 3691 1107 θρόνον

2560 1116 2684 1174 Τῶν
2716 1114 2766 1173 ιν
2801 1115 3066 1193 βσιλείοις
3094 1138 3155 1195 γε
3179 1116 3635 1195 κατειλεγμᾶνων,

2352 1204 2531 1263 10270
2569 1203 2746 1282 Γίρων
2779 1208 3089 1283 προσηνὴς,
3122 1207 3404 1286 μειλίχιος
3434 1210 3526 1267 τὸν
3552 1207 3782 1288 τρόπον.

2565 1295 2923 1371 Χρησαμίνου
2951 1294 3100 1355 τιλει
3133 1293 3190 1355 δὶ
3216 1294 3376 1356 τοῦδε
3404 1300 3500 1356 τοῦ
3530 1297 3674 1376 βίου,

2565 1382 2841 1461 Ἀρσίνιός
2869 1405 2953 1451 τις
2985 1380 3222 1458 εὐλαϐὴς
3252 1388 3631 1464 μονοτρόπων,

2565 1473 2689 1530 Τῶν
2722 1473 2925 1550 ἀρετῶν
2958 1473 3277 1545 κάλλιστος,
3309 1470 3561 1553 ἔμψυχος
3596 1474 3785 1552 θρόνος

2566 1559 2661 1624 Ei:
2694 1563 3076 1639 ποιμενάρχην
3110 1562 3279 1639 ᾑράθη
3315 1562 3665 1636 Βυζαντίδος,

2342 1649 2528 1707 -10275
2568 1650 2759 1727 Σειρὰν
2793 1650 2981 1726 γάνους
3006 1648 3182 1708 nwa
3211 1653 3305 1726 μὶν
3338 1651 3396 1709 ικ
3425 1652 3716 1724 Βυζαντίου

2565 1738 2753 1813 Κόμην
2782 1736 2840 1796 Si
2868 1740 3051 1817 καρεὶς
3083 1740 3133 1797 ἂν
3170 1746 3363 1813 μοναϊς
3391 1748 3490 1813 τῆς
3521 1742 3776 1811 Νικαίας,

2564 1827 2667 1883 Καί
2701 1823 2834 1903 τῇδε
2862 1825 3099 1905 δειχθείς
3128 1828 3427 1903 καὶςμονῆς
3457 1827 3773 1901 επιστάτηςο

2572 1914 2689 1982 Εἶθ’
2719 1917 3011 1993 ἡσυχάζων
3040 1917 3131 1974 καὶ
3162 1922 3276 1992 Θεῷ
3296 1916 3653 1996 προσανίχων

2573 2004 2657 2062 Ἐν
2690 2002 3140 2070 Ἀπολλωνιάδος
3173 2005 3534 2083 ἀσκητηρίοις

2361 2094 2534 2152 10280
2574 2094 2801 2170 Ἀφῖκτο
2830 2093 3058 2165 κληθεὶς
3090 2094 3167 2162 εἰς
3192 2094 3354 2153 πόλιν
3387 2094 3632 2156 Νικαίων

2570 2182 2711 2260 Πρὸς
2737 2186 2835 2239 τοῦ
2862 2188 3187 2261 κρατοῦντος
3214 2183 3467 2244 Αὐσόνων
3500 2182 3808 2263 Θεοδώροψ

2568 2272 2670 2331 Καὶ
2702 2272 2873 2329 πάντα
2909 2274 3113 2351 βαθμὸν
3148 2274 3341 2357 ἀνύσας
3371 2272 3701 2347 Ἐκκλησίας

2571 2360 2666 2428 Et;
2697 2361 2833 2437 ίίψας
2865 2360 3009 2441 ἤρθη
3043 2365 3450 2442 ποιμεναρχίας
3481 2366 3640 2441 μίγα.

2569 2450 2921 2528 Αὑθαιρίτως
2955 2450 3149 2509 τούτου
3181 2450 3238 2509 δι
3271 2452 3526 2519 λιπόντος
3560 2453 3771 2531 θρόνον,

2358 2540 2534 2598 10285
2572 2537 2818 2617 Μονῇέδδ
2848 2540 3008 2597 αὐτὸν
3041 2540 3248 2618 εὐαγῶς
3281 2539 3583 2607 δεδωκότος

2566 2630 2877 2707 Ν.κηφόρος
2910 2627 3174 2708 πρόεδρος
3204 2630 3276 2687 ὣν
3310 2632 3571 2711 Ἐφεσίων

2568 2716 2866 2795 Προεδρίαν
2899 2716 3093 2800 εἴληφε
3122 2727 3221 2792 τῆς
3257 2724 3686 2792 Κωνσταντίνου,
3714 2726 3718 2733 ’

2565 2809 2663 2873 Ὀς
2699 2806 3058 2887 ἀρχιλευίτης
3092 2810 3216 2888 πρὶν
3250 2810 3315 2881 ἦν
3345 2810 3635 2881 παλατίου,

2562 2898 2731 2973 Ἀνὴρ
2766 2898 3047 2979 ἀμεμφὴς,
3078 2902 3367 2975 παρθένιος
3400 2903 3478 2976 (1)
3512 2898 3599 2958 διὰ
3624 2900 3768 2979 βίου.

2354 2987 2532 3045 10290
2571 2985 2783 3046 Τούτου
2813 2983 3234 3060 τελευτήσαντος
3268 2988 3319 3045 ἰν
3350 2986 3614 3067 προεδρίᾳ

2562 3076 2837 3147 Ἀρσενιος
2867 3076 3173 3152 πρώτιστος
3205 3073 3584 3153 ἀπολαμϐάνει

2561 3167 2665 3235 Τῆς
2700 3162 2979 3243 βασιλίδος
3013 3166 3160 3243 ἱερὰν
3190 3162 3501 3245 προεδρίαν

2560 3254 2876 3330 Καθαιρισει
2905 3252 3100 3311 τούτου
3132 3251 3189 3312 Si
3227 3256 3647 3333 καθυπηγμίνου

2558 3343 2701 3421 Πρὸς
2732 3348 3122 3422 ποιμεναρχῶν
3158 3343 3248 3401 καὶ
3277 3341 3544 3403 δικαστῶν
3575 3350 3680 3403 τῶν
3712 3344 3858 3421 τότε,

2342 3432 2522 3491 40395
2557 3434 2667 3489 Εἶτ’
2698 3430 3063 3499 ἀπελαθέντος
3090 3454 3149 3489 τε
3177 3440 3278 3505 τῆς
3320 3434 3669 3508 Ἐκκλησίας,

2558 3521 2649 3588 Ei:
2678 3523 3050 3597 Προικόνησον
3085 3521 3130 3579 δ’
3161 3523 3499 3601 ἁπαχθίντος
3538 3521 3749 3597 νησίδα,

2553 3617 2666 3683 Τῆς
2703 3608 2989 3690 Ἀδριανοῦ
3014 3613 3287 3689 Γερμανὸς
3317 3612 3649 3691 ἀρχιθύτης,

2555 3699 2850 3759 Μεταθίσει
2884 3698 3123 3759 δίδεικτο
3154 3703 3243 3759 καὶ
3275 3700 3622 3775 Βυζαντίδος.

2553 3790 2756 3847 Τούτου
2787 3793 3108 3869 παραιτήσει
3144 3789 3198 3850 δὶ
3232 3791 3494 3859 λιπόντος
3524 3793 3742 3869 θρόνον,

2344 3882 2517 3940 10300
2555 3881 2718 3959 Ἀνὴρ
2750 3882 2942 3957 Ὶωσὴρ
2978 3879 3292 3959 όρθοδοείας
3324 3882 3522 3950 στύλος
3552 3885 3651 3958 (2),

2559 3970 2723 4038 Κλίος
2756 3975 3035 4047 μοναστῶν
3070 3972 3184 4048 ἅμα
3212 3972 3299 4030 καὶ
3342 3967 3747 4051 πρεσϐυτίρων,

2557 4062 2748 4133 Μονῆς
2784 4060 3063 4136 προεστὼς
3096 4062 3320 4139 εὖαγοῦς
3351 4061 3649 4137 Γαλησίου,

2556 4154 2756 4227 Πρᾶος,
2791 4150 3003 4227 χαρίεις
3032 4149 3121 4207 καὶ
3150 4154 3281 4208 Θεοῦ
3310 4149 3526 4228 τρόμων
3557 4150 3794 4228 νόμους,·

2553 4238 2980 4317 Πτωχοτρόφος,
3010 4236 3315 4319 φίλοικτος,
3352 4236 3736 4319 εὕσπλαγχνος
3769 4241 3960 4321 φύσει,

2342 4329 2518 4387 10305
2556 4327 2649 4391 Ei:
2674 4332 3027 4405 πατριαρχῶν
3059 4327 3151 4385 τὸν
3185 4327 3513 4405 περίπυστον
3558 4325 3748 4405 θρόνον

2554 4417 2827 4493 Ἀνάγετςι
2862 4413 2928 4487 δὴ
2960 4421 3285 4481 κανονικῶς.
3316 4416 3501 4493 ἀξίως,

2553 4504 2780 4583 Κλήρου
2810 4505 2994 4563 πόλων
3028 4508 3103 4570 εἷς
3135 4510 3231 4563 τοῦ
3266 4505 3547 4583 βασιλείου
3578 4506 3773 4577 πάλαι,

2554 4595 2743 4670 Γήμας
2774 4614 2833 4651 τε
2864 4597 3077 4669 σεμνῶς
3104 4593 3194 4651 καὶ
3222 4593 3394 4653 τεκὼν
3425 4594 3713 4674 θυγατίρα·

2554 4684 2665 4743 Εἶτ’
2695 4677 2992 4741 ἀποϐαλὼν
3029 4682 3241 4759 θανάτῳ
3271 4686 3594 4755 συνευνότιν,

2341 4776 2517 4835 10310
2557 4773 2653 4830 Καὶ
2681 4772 2749 4830 τὸ.
2781 4776 3039 4850 μοναχῶν
3071 4772 3273 4838 ὑποδὺς
3310 4773 3641 4853 όμοψύχως,

2554 4863 2728 4939 Ὠφθη
2763 4858 2981 4940 δοχεῖον
3015 4861 3219 4941 ἀρετῶν
3251 4867 3359 4920 τῶν
3393 4861 3611 4930 ἆνθίωψ

2557 4952 3020 5029 Ἔπειταζποιμὴν
3053 4956 3153 5023 τῆς
3190 4957 3364 5027 μονῆς
3397 4951 3694 5027 Γαλησίου,

2558 5039 2658 5099 Καὶ
2690 5041 3075 5119 ποιμνᾶρχης
3108 5039 3415 5118 autem;
3443 5042 3489 5099 τ’
3520 5039 3585 5099 αὖ

2562 5129 2710 5187 Ἐπεὶ
2742 5126 2788 5186 δ’
2820 5127 3045 5188 Ἰταλῶν
3075 5126 3253 5206 δόγμα
3280 5132 3689 5211 παρεισεφθάρη

2350 5222 2524 5281 10315
2562 5220 2648 5278 Ἐν
2675 5222 2742 5295 τῇ
2775 5218 2894 5276 καθ’
2922 5220 3071 5293 ἡμᾶς
3102 5216 3162 5275 οὗ
3194 5216 3379 5285 καλῶς
3411 5216 3713 5296 Ἐκκλησία
3741 5222 3819 5299 (3)

2423 5423 2928 5500 (3)_prram_ium
2987 5422 3251 5481 animum
3304 5440 3548 5500 prorsus
3597 5441 3799 5500 gerere
3853 5426 4080 5490 ubi-

682 5492 739 5579 2.)
772 5492 1269 5579 Ir_nu_sobis.matis
1310 5492 2179 5579 tenaoipsimusmtqueidcirco
2209 5515 2243 5557 a
2352 5492 2689 5579 atriaticum,
2723 5494 2887 5579 a_libi,
2916 5510 3155 5579 quoque
3196 5492 3697 5579 cognovimusfet
3727 5500 4082 5579 nunobi-

590 5564 866 5623 Michaeie
898 5564 1216 5640 Paiaaoiogo
1248 5567 1391 5641 imp.
1418 5569 1553 5626 sede
1580 5564 1850 5642 eiectus,'
1889 5571 1983 5629 uia
2005 5586 2242 5630 concor-
2354 5567 2615 5627 factiosis
2645 5564 2703 5624 in
2732 5564 3367 5640 Josephum'lsudiﬁus
3400 5564 3609 5627 rursus
3640 5564 4081 5635 demens“;

593 5638 701 5694 diis
732 5652 864 5694 cum
902 5634 1156 5695 Ecclesia
1188 5638 1465 5701 Romana.
1500 5656 1674 5701 quam
1708 5586 2022 5701 nradcictus
2052 5643 2245 5701 imne-
2351 5646 2467 5699 tur.
2502 5639 2627 5698 Non
2658 5642 2749 5696 est
2779 5646 2971 5696 autem
3019 5638 3113 5695 hic
3152 5636 3317 5697 locus
3347 5640 3643 5698 refutandi
3673 5640 4081 5701 Graeci-nm

593 5638 701 5694 diis
732 5652 864 5694 cum
902 5634 1674 5715 Ecclesia'liomana,_qua'm
1708 5634 1821 5715 pra?

592 5715 750 5768 rator
778 5708 1207 5785 conciliaverat,
1237 5708 1607 5772 subscribere
1639 5708 1845 5774 no'iuit.

1890 5647 2022 5702 ctus
2052 5643 2245 5717 impe-

2351 5646 2467 5699 tur.
2502 5639 2627 5698 Non
2658 5642 2749 5696 est
2779 5636 2971 5696 autem
3019 5638 3113 5710 hic
3152 5636 3317 5697 locus
3347 5640 3643 5698 refutandi
3673 5640 4081 5710 Graeci-nm

2354 5724 2580 5773 errores
2610 5714 2669 5770 et
2696 5710 2984 5782 scbtsma;
3018 5709 3076 5768 id
3100 5710 3255 5785 quod
3276 5710 3404 5785 jam
3436 5712 3766 5773 doctissimi
3794 5713 4009 5777 catho
4026 5709 4083 5769 4
