4250 6432
682 380 788 436 379
1895 386 2267 443 BPHRBMII
2303 382 2873 442 CHRONOGBAPHI
3972 376 4085 435 380

681 508 889 578 sponte
919 505 1165 561 dimisso
1196 511 1399 579 postea
1424 509 1718 581 conjugio,
2351 562 2359 574 ,

2351 510 2406 576 Α
2646 506 2818 563 Έκών
2849 527 2908 562 τε
2936 506 3113 561 λιπὼν
3143 510 3389 581 γαμετῆς
3417 502 3716 571 συνοικίαν,

680 597 837 651 diam
870 594 1253 651 asceticorum
1286 598 1462 653 vitam
1498 598 1752 669 praetulit
1785 615 1798 653 :

2642 595 2959 665 Ἀσκητικὸν
2993 593 3313 667 προῦκρινεν
3346 591 3526 657 ἔνθεον
3563 592 3700 667 βίον⁸

680 685 739 738 in
773 700 886 753 quo
918 683 1048 738 vitae
1082 686 1378 754 proposito
1410 686 1509 740 diu
1544 689 1887 758 persistens,

2642 686 2970 746 Ἐνστάσεως
3001 682 3092 739 οὖν
3127 683 3540 756 συμπροϊούσης
3578 682 3702 757 βίῳ,

680 773 932 843 denique
965 789 1123 827 nova?
1158 773 1354 829 Romze
1386 775 1448 829 fit
1480 776 1833 846 patriarcha.

2642 775 2861 845 Ῥώμης
2893 771 3113 848 ἐδείχθη
3146 774 3499 848 πατριάρχης
3524 777 3624 839 τῆς
3650 769 3793 831 νέας.

679 862 789 916 Sed
827 867 1136 932 postquam
1171 869 1380 933 sponte
1408 865 1455 919 is
1486 865 1659 919 etiam
1693 866 1920 921 dimisit
1950 866 2188 937 pedum,

2142 881 2188 932 J,
2429 862 2606 919 40365
2642 863 2848 917 Τούτου
2880 861 2926 917 δ’
2958 863 3177 924 ἑκόντος
3207 860 3576 921 ἀπολιπόντος
3604 859 3820 935 θρόνον,

679 948 895 1005 iterum
929 952 1286 1007 Athanasius
1316 953 1387 1007 ad
1422 954 1615 1009 sedem
1650 956 1808 1011 venit
1838 971 1851 1009 :

2644 950 2814 1005 Πάλιν
2849 953 3166 1015 Ἀθανάσιος
3197 948 3326 1025 ἔσχε
3355 951 3446 1005 τὸν
3476 948 3688 1021 θρόνον·

678 1041 835 1111 quod
870 1056 998 1095 cum
1035 1041 1086 1095 is
1120 1058 1326 1096 rursus
1360 1044 1588 1113 pondus
1623 1044 1967 1113 lastidisset,

2643 1040 2747 1098 Καὶ
2776 1038 2933 1095 τόνδε
2964 1038 3176 1095 λοιπὼν
3206 1040 3359 1103 αὗθις
3402 1037 3799 1111 ἀπειπαμένου,

678 1129 867 1201 Cyzici
899 1129 1129 1201 Niphon
1165 1131 1491 1187 translatus
1518 1132 1756 1187 dioecesi

2640 1131 2929 1186 Μεταθέσει
2963 1128 3205 1184 δέδεικτο
3237 1127 3471 1197 Κυζίκου
3500 1127 3689 1203 Νίφων

679 1218 943 1289 reginam
980 1220 1211 1274 urbium
1249 1220 1395 1276 rexit
1418 1222 1773 1292 patriarcha;

2639 1225 2747 1289 Τῆς
2784 1216 3068 1294 βασιλίδος
3096 1219 3297 1274 ἀστέων
3331 1216 3654 1292 ἀρχιθύτης’

678 1308 764 1361 vir
798 1308 1176 1378 monachalis,
1210 1311 1383 1364 rebus
1418 1312 1660 1381 agendis
1696 1328 1892 1383 sagax,

2431 1312 2607 1367 10370
2645 1311 2807 1381 Ἀνήρ
2844 1308 3104 1383 μοναχὸς,
3139 1306 3399 1381 ἀγχίνους
3431 1304 3483 1360 ὲν
3506 1302 3818 1379 πρακτέοις,

680 1397 978 1452 communi
1011 1398 1245 1467 quidem
1278 1415 1484 1469 expers
1513 1401 1862 1469 eruditione,

2643 1395 2986 1460 ΙΙαιδεύσεως
3020 1397 3113 1469 μὶν
3144 1394 3313 1464 ἀδαὴς
3344 1393 3654 1470 ἐγκυκλίου,

679 1486 779 1549 sed
814 1486 1073 1556 prudens
1106 1504 1299 1542 rerum
1333 1494 1390 1543 et
1421 1488 1667 1544 affluens
1700 1491 1955 1561 ingenio,

2644 1482 2958 1557 Ἐπήϐολος
2990 1483 3047 1540 Si
3075 1484 3165 1539 καὶ
3196 1487 3403 1562 φρενῶν
3435 1478 3847 1555 πεπλησμένος,

678 1574 943 1629 Berrboae
974 1581 1148 1631 natus
1178 1577 1437 1631 occiduis
1468 1578 1527 1631 in
1562 1578 1916 1650 regionibus,

2643 1576 2903 1651 Βέρῥοιαν
2935 1574 3121 1649 αὐχῶν
3153 1576 3254 1642 τήν
3286 1570 3509 1642 δυτικὴν
3538 1569 3794 1645 πατρίδα,

674 1661 854 1717 laurze
890 1664 1236 1735 praepositus
1266 1665 1325 1719 in
1358 1666 1585 1721 Athone
1616 1671 1833 1733 monte,

2644 1668 2857 1741 Λαύρας
2886 1664 3120 1737 ὑπάρξας
3144 1663 3453 1737 προστάτης
3484 1667 3585 1730 τῆς
3611 1662 3728 1715 κατ’
3753 1661 3924 1723 Ἀθω⁶

678 1753 1046 1823 metropolita
1080 1758 1279 1823 postea
1312 1754 1500 1809 factus
1530 1756 1740 1827 Cyzici,

2429 1758 2604 1812 10375
2645 1755 2775 1811 Εἶτα
2795 1755 3026 1823 κατέστη
3058 1754 3445 1825 ποιμενάρχης
3473 1749 3712 1819 Κυζίκου

674 1842 926 1911 denique
961 1844 1149 1897 tenuit
1184 1844 1440 1912 pontifex
1468 1844 2051 1917 Constantinopolim.
2350 1916 2352 1920 γ

2350 1858 2397 1921 Β
2642 1846 2744 1903 Καὶ
2774 1844 3123 1919 πατριάρχης
3150 1840 3318 1912 τῆσδε
3349 1840 3777 1896 Κωνσταντίνου.

673 1934 891 1987 Verum
925 1936 979 1985 et
1010 1931 1104 1986 hic
1135 1932 1329 1987 libello
1364 1933 1638 1988 honorem
1672 1935 1925 1991 abdicat.

2638 1931 2802 1990 Τοῦδ⁹
2835 1933 3075 2010 έγγραφῇ
3104 1930 3162 1986 δὲ
3192 1934 3368 1986 θῶκον
3401 1930 3796 2003 ἀπειπαμένου,

670 2021 931 2075 Joannes
962 2024 1155 2076 autem
1191 2028 1573 2093 cognomento
1613 2023 1789 2096 Glyca

2642 2023 2892 2093 Ἰωάννης
2918 2043 3000 2084 τις
3034 2023 3062 2076 ὁ
3092 2020 3301 2082 Γλυκὺς
3332 2018 3390 2075 δὲ
3416 2018 3720 2089 τούπίκλην

673 2110 761 2163 vir
790 2110 1139 2175 senatorius,
1174 2116 1229 2164 et
1258 2127 1468 2166 cursus
1503 2112 1822 2182 logotheta,

2644 2111 3018 2188 Συγκλητικός
3046 2131 3104 2165 τε
3134 2109 3224 2163 καὶ
3256 2109 3552 2183 λογοθέτης
3582 2106 3814 2183 δρόμου,

671 2199 1041 2269 optimatium
1075 2200 1145 2255 de
1177 2217 1420 2255 numero
1452 2206 1508 2256 et
1538 2202 1943 2268 doctissimus,

2430 2205 2603 2259 10380
2642 2205 2739 2264 Εἷς
2771 2200 2843 2255 ὣν
2872 2200 3107 2275 ἀρίστων
3138 2200 3227 2253 καὶ
3262 2202 3448 2275 σοφῶν
3483 2196 3665 2271 Λόγων
3700 2193 3867 2270 ἴδρις,

672 2288 869 2359 populi
903 2305 1134 2343 sacrum
1171 2288 1549 2359 praesidatum
1587 2292 1748 2346 adiit.

2641 2290 2943 2366 Χιιρίζεται
2974 2287 3040 2358 δὴ
3072 2290 3171 2357 τὴν
3205 2286 3317 2342 λεὼ
3346 2285 3673 2361 προστασίαν

672 2379 795 2443 Quo
827 2378 1170 2448 dignitatem
1206 2379 1425 2449 pariter
1455 2380 1787 2447 abdicante,

2644 2382 2743 2435 Καὶ
2772 2377 2922 2434 τοῦδ’
2952 2378 3159 2451 ὁμοίως
3194 2381 3370 2441 θῶκον
3404 2374 3803 2447 ἀπειπαμένου,

673 2466 1016 2521 Gerasimus
1043 2466 1129 2520 vir
1160 2469 1525 2523 monasticus
1556 2486 1621 2523 ac
1656 2472 1975 2543 presbyter,

2644 2469 2943 2545 Γεράσιμός
2975 2490 3056 2531 τις
3086 2467 3176 2523 καὶ
3204 2466 3447 2541 μοναχὸς
3476 2465 3567 2519 καὶ
3601 2465 3788 2535 θύτης,

672 2556 771 2625 qui
809 2555 1173 2627 Philadelphi
1208 2556 1264 2610 in
1300 2557 1443 2611 urbe
1474 2565 1647 2613 natus
1678 2558 1885 2627 fuerat,

2645 2560 2812 2615 Πόλιν
2846 2557 3250 2633 Φιλαδέλφειαν
3284 2556 3472 2631 αὐχῶν
3494 2552 3752 2630 πατρίδα,

673 2648 729 2699 et
757 2646 1187 2699 Sosandrorum
1221 2650 1448 2701 rexerat
1478 2649 1927 2720 monasterium,

2432 2655 2607 2710 10385
2644 2656 2829 2717 Μονῆς
2859 2648 3137 2724 προεστὼς
3163 2645 3514 2722 χρηματίσας
3544 2642 3914 2719 Σωσάνδρων,

674 2734 1081 2805 pontificatum
1121 2735 1307 2789 tenuit
1338 2737 1611 2808 Byzantii.

2644 2738 2940 2817 Προεδρίαν
2973 2738 3167 2817 εἷ’ληφε
3196 2744 3295 2805 τῆς
3325 2736 3762 2794 Κωνσταντίνου.
3806 2748 3809 2753 ‘

674 2826 937 2895 Cumque
969 2824 1060 2879 hic
1093 2826 1150 2879 in
1186 2826 1321 2881 sede
1353 2832 1623 2883 mortuus
1656 2828 1883 2900 fuisset,

2642 2830 2856 2889 Τούτου
2884 2831 2946 2885 τὸ
2982 2830 3134 2904 βιοῦν
3162 2829 3213 2883 ὲν
3249 2828 3424 2903 θρόνῳ
3455 2825 3812 2895 λελοιπότος,

675 2914 1002 2969 monachus
1037 2915 1220 2971 Isaias
1258 2916 1466 2986 pietate
1498 2918 1753 2989 insignis

2644 2923 2810 2995 Ἀνὴρ
2848 2920 3092 2994 μοναχὸς
3122 2914 3362 2987 εὐλαϐὴς
3396 2916 3620 2977 Ἡσαΐας

674 3004 992 3075 benignus,
1024 3007 1412 3073 venerandus,
1450 3008 1755 3065 modestus
1785 3027 1978 3079 senex,
2062 3045 2067 3049 -

2646 3019 2846 3089 Πρᾶος,
2875 3012 3103 3089 γεραρὸς
3131 3010 3222 3065 καὶ
3249 3009 3626 3087 ταπεινόφρων
3656 3008 3856 3083 γέρων,

672 3093 928 3148 natalem
964 3094 1186 3150 habens
1217 3099 1430 3151 terram
1465 3097 1705 3168 Epirum
1738 3104 2017 3171 veterem,

2434 3108 2606 3163 10390
2647 3102 2819 3165 Κλέος
2856 3105 3138 3175 μοναστῶν
3161 3105 3267 3156 τῶν
3307 3099 3571 3174 βιούντων
3596 3098 3714 3153 κατ’
3745 3098 3918 3170 Ἀθω,

668 3181 895 3237 Athone
929 3183 986 3237 in
1020 3189 1220 3240 monte
1249 3186 1673 3243 monachorum
1706 3190 1914 3260 gloria,

673 3271 1105 3301 καεηξηηηιεηε..-
1140 3274 1329 3301 ..εεξι-εε
1364 3292 1662 3301 -.-μ-..-μ
1704 3278 1919 3301 __:-___

2351 3233 2395 3301 Ο
2647 3196 2910 3268 Ἤπειρον
2939 3190 3125 3266 αὐχῶν
3157 3186 3393 3266 πατρίδα
3422 3186 3771 3262 παλαιτέραν,

2645 3282 2710 3301 σι’
2778 3282 2832 3301 με
2951 3282 2965 3297 9
3024 3282 3036 3301 Ι
3182 3300 3189 3301 ,
3360 3276 3635 3301 ,-,._r-_-l__-

673 3271 1107 3343 patriarchatus
1139 3274 1332 3346 attigit
1363 3292 1667 3333 summum
1702 3278 1947 3351 apicem.

2351 3271 2395 3301 υ
2645 3282 2744 3345 Εἰς
2776 3282 2910 3356 ὕψος
2941 3282 3201 3352 ἀνήνεκτο
3232 3276 3656 3353 ποιμεναρχίας.

740 3453 815 3521 (7)
849 3453 1168 3539 Habet‘hos
1214 3472 1419 3539 versus
1445 3460 1515 3515 dc
1546 3460 1722 3534 Glyca
1754 3461 2004 3521 Allatius
2054 3465 2112 3520 in
2163 3466 2306 3523 diss.
2342 3468 2413 3524 de
2446 3465 2710 3539 Georgiis
2740 3483 2796 3538 p.
2828 3464 2934 3521 638
2966 3464 3079 3537 (ed.
3114 3461 3368 3532 Fabric.)
3399 3460 3501 3517 ubi
3550 3456 3949 3532 Ephrmmium
3985 3473 4103 3512 no-

668 3528 856 3581 strum
889 3526 1147 3598 appellat
1175 3531 1526 3587 monachum.

2046 3909 2205 3955 ANNO
2248 3910 2457 3955 DOMINI
2499 3911 2614 3956 ιιοο
2624 3910 2703 3955 XX

1492 4096 3277 4303 THEOLEPTUS

758 4461 766 4467 ’
880 4442 2533 4577 PHILADELPHIENSIS
2654 4453 3861 4578 METROPOLITA

2136 4854 2525 4941 NOTITI
2544 4857 2601 4939 A

1446 5022 1789 5099 (Φιλοκαλία
1817 5032 1924 5083 τῶν
1958 5029 2119 5103 ἱερῶν
2148 5034 2449 5101 νηπτικῶν.
2482 5032 2723 5089 Venetis
2760 5031 2899 5087 1782
2930 5031 3027 5089 fol.
3062 5048 3119 5104 p.
3152 5031 3305 5103 855.)

726 5370 1084 5443 Theoleptus
1119 5372 1217 5427 ille
1241 5389 1493 5444 magnus
1518 5378 1575 5428 et
1605 5374 2204 5446 Philadelphiensium
2242 5376 2322 5431 lu-
2355 5394 2403 5455 ι)

2504 5375 2824 5446 Θεόληπτος
2879 5376 2907 5430 ὁ
2962 5376 3125 5451 μέγας
3176 5369 3346 5435 ὅντως
3392 5379 3493 5442 τῆς
3524 5370 3930 5450 Φιλαδελφείας
3983 5398 4112 5453 φω-

660 5478 816 5529 men,
850 5468 1132 5533 regnanto
1164 5464 1497 5521 Andronico
1536 5463 1994 5538 Palaeologorum
2034 5470 2315 5536 secundo,

2429 5466 2564 5540 στῆρ
2602 5509 2615 5532 ,
2678 5464 2894 5538 ἤκμασε
2956 5464 3049 5538 μὶν
3108 5462 3194 5519 ἐπὶ
3269 5460 3619 5530 Ἀνδρονίκου
3678 5466 3778 5517 τοῦ
3838 5460 4107 5538 δευτέρου

654 5552 809 5606 circa
828 5569 1047 5607 annum
1070 5553 1454 5609 millesimum
1474 5556 1952 5611 trecentesimum
1968 5556 2313 5613 vicesimum

2426 5562 2533 5612 τῶν
2568 5554 2989 5629 Παλαιολόγων,
3023 5554 3145 5628 περί
3174 5575 3279 5608 που
3311 5554 3371 5608 τὸ
3430 5552 3715 5628 χιλιοστὸν
3774 5573 4103 5629 τριακοσιο-

658 5643 932 5711 quintum
966 5643 1185 5697 ﬂoruit.
1216 5645 1699 5698 Anachoreticam
1733 5646 1923 5715 primo
1948 5647 2122 5701 vitam
2151 5648 2317 5702 duxit

2428 5648 2551 5701 στὸν
2584 5646 2826 5700 εἷ’κοστὸν
2860 5647 3108 5717 πέμπτον
3138 5640 3275 5704 ἔτος.
3336 5644 3423 5698 Ἐν
3465 5640 3523 5696 δὲ
3551 5646 3633 5715 τῷ
3658 5646 3758 5707 τῆς
3788 5642 4100 5717 ἁγιότητος

655 5731 713 5787 in
737 5732 930 5789 Monte
962 5736 1205 5803 Sancto;
1230 5733 1440 5791 deinde
1470 5733 2079 5807 Philadelphiensium
2112 5737 2311 5794 cathe-

2426 5732 2539 5813 ὄρει
2569 5736 2659 5792 τὸν
2696 5734 3114 5811 ἀναχωρητικὸν
3148 5734 3367 5808 πρῶτον
3414 5732 3654 5803 ἀσκήσας
3703 5732 3846 5807 βίον,
3894 5732 4098 5790 κάκεῖ-
