4250 6432
180 382 283 437 381

1123 390 1220 443 ΒΕ
1258 386 1707 443 ΔΒΒΟΟΝΒΙΤΔ
1741 387 2209 444 ΟΡΕΒΔΤΙΟΝΕ
2245 389 2320 441 ΙΝ
2355 386 2667 443 CHBIBTO

3487 380 3593 435 382

182 506 270 558 θεν
324 500 512 560 ἔπειτα
568 507 665 575 τήν
730 513 829 576 τῆς
888 505 1290 586 Φιλαδελφείας
1354 505 1642 584 προεδρίαν
1710 509 1836 563 ἀνα-

1950 510 2115 565 dram
2145 508 2408 580 suscepit
2437 513 2494 563 et
2537 507 3117 579 praaclarissimarum
3166 505 3589 581 doctrinarum,

186 589 503 666 δεξάμενος,
554 597 883 669 καθηγεμὼν
930 597 1019 651 καὶ
1078 597 1438 672 μυσταγωγὸς
1486 602 1590 652 τῶν
1640 596 1837 653 καλλί-

185 702 324 736 στων
362 683 699 756 μαθημάτων
731 690 828 739 τοῦ
876 685 1030 761 ἀγίου
1078 688 1387 761 Γρηγορίου
1429 690 1524 741 τοῦ
1573 694 1842 741 Θεσσαλο-

182 770 345 841 νίκης
394 772 729 835 καθίσταται.
780 775 893 841 Τήν
942 796 1000 829 τε
1027 778 1128 851 γὰρ
1178 776 1323 851 ἱερὰν
1373 778 1556 848 νῆψιν,
1604 776 1690 829 καὶ
1742 777 1839 844 τήν

182 861 377 934 νοερὰν
451 860 656 917 ἆκεῖνον
726 861 1154 939 έμυσταγώγησε
1223 866 1537 939 προσευχὴν
1573 862 1715 935 ,ἔτι
1788 864 1839 919 έν

182 955 300 1009 τοῖς
333 955 631 1023 κοσμικοῖς
675 954 1027 1027 τεταγμένον,
1059 954 1134 1015 ὡς
1182 953 1231 1007 έν
1281 958 1362 1025 τῷ
1411 947 1517 1026 ϐίῳ
1555 958 1652 1008 τοῦ
1681 952 1843 1007 αὐτοῦ

189 1039 507 1114 Γρηγορίου
545 1044 625 1112 τῷ
656 1040 761 1095 ὐπὸ
793 1040 1066 1106 Φιλοθέου
1096 1044 1442 1119 πατριάρχου
1492 1043 1842 1121 συγγραφέντι

185 1127 482 1203 ἐμφέρεται
493 1173 506 1187 .

266 1218 331 1274 Ὁ
368 1214 427 1272 δὶ
460 1218 646 1294 παρὼν
684 1217 1074 1296 φιλοπονηθείς
1103 1221 1253 1293 αὐτῷ
1275 1220 1466 1296 λόγος,
1497 1220 1844 1282 ὑποτύπωσις

186 1302 258 1360 ὥν
287 1306 515 1380 ἀρίστη,
571 1307 661 1361 καὶ
714 1308 891 1362 κανών
953 1305 1187 1384 ἀκριϐὴς
1240 1313 1341 1379 τῆς
1387 1309 1441 1364 ἐν
1492 1312 1711 1385 Χριστῷ
1759 1330 1845 1363 κε-

182 1395 514 1469 κρυμμένης
575 1394 831 1470 μελέτης,
889 1399 1022 1470 μετά
1077 1403 1187 1453 τῶν
1249 1399 1628 1471 συνεπομένων
1701 1399 1850 1471 αὐτῷ

185 1484 507 1563 κεφαλαίων
547 1531 562 1552 ,
619 1488 858 1557 νοήμασι
932 1488 1099 1551 θείοις
1158 1489 1248 1542 καὶ
1306 1488 1636 1561 καθαρότητι
1713 1484 1849 1560 φρά-

186 1594 324 1635 σεως
385 1574 465 1638 εἷς
520 1575 583 1629 τὸ
643 1573 859 1649 ἄριστον
912 1578 1353 1649 συντεθειμένων,
1391 1574 1497 1631 ὦδε
1558 1577 1690 1650 μετά
1743 1582 1848 1631 τῶν

189 1662 407 1717 λοιπῶν
443 1664 920 1737 συνηρμόσθησαν.
964 1668 1231 1741 Χρήσιμα
1267 1667 1388 1740 γὰρ,
1424 1666 1571 1741 εἷ’περ
1603 1688 1653 1720 τι
1687 1664 1850 1733 ἄλλο,

185 1753 279 1806 καὶ
338 1753 601 1830 ἀξιόλογα
648 1760 765 1817 τοῖς
822 1754 872 1809 ὲν
929 1758 1129 1832 βραχεῖ
1180 1755 1435 1827 συλλέξαι
1496 1756 1851 1812 ἐσπουδακόσι

187 1848 291 1911 τῆς
322 1850 702 1916 πνευματικῆς
734 1845 1062 1923 φιλοσοφίας
1090 1847 1151 1900 τὸ
1184 1845 1441 1924 θεόσοφον
1480 1846 1728 1921 μάθημα.

1952 613 2099 668 quas
2130 600 2369 651 sanctus
2426 596 2741 667 Gregorius
2798 593 3342 650 Thessalonicensis
3396 602 3597 665 postea

1946 685 2205 751 tradidit,
2242 685 2522 755 magister
2581 684 2690 739 fuit
2742 689 2915 754 atque
2975 683 3298 738 institutor.
3350 686 3595 740 Sacrum

1947 777 2103 830 enim
2129 775 2422 845 jejunium
2454 779 2510 829 et
2541 772 2903 844 spiritualem
2932 773 3252 828 orationem
3285 772 3593 843 docuitju-

1948 881 2150 920 venem
2184 865 2375 920 adhuc
2406 863 2464 918 in
2500 863 2711 918 szeculo
2744 865 3072 934 degentem,
3106 863 3189 917 uti
3221 862 3279 916 in
3327 862 3590 933 ejusdem

1950 951 2350 1022 GregoriiVita
2393 950 2954 1020 describitur,quam
2981 949 3321 1005 Philotheus
3341 948 3589 1020 patriar-

1948 1040 2060 1097 cha
2087 1040 2358 1097 exaravit.

2026 1223 2283 1278 Praesens
2315 1225 2507 1276 autem
2543 1220 2614 1275 ab
2646 1220 2769 1291 ipso
2818 1219 3118 1274 confectus
3147 1222 3237 1274 est
3283 1222 3589 1273 tractatus.

1954 1312 2283 1383 Peroptime
2315 1309 2717 1367 absconditam
2746 1309 2802 1363 in
2836 1308 3068 1364 Christo
3099 1308 3278 1363 vitam
3313 1308 3595 1362 describit

1955 1406 2012 1455 et
2042 1400 2275 1472 regulas
2308 1399 2484 1455 tradit
2530 1398 2887 1469 exquisitas:
2921 1398 3366 1468 subsequuntur
3408 1396 3601 1467 capita

1956 1490 2220 1560 quaedam
2254 1505 2380 1559 quae
2413 1487 2632 1543 sanctis
2667 1485 2970 1557 praeceptis
3008 1490 3064 1540 et
3096 1484 3385 1539 sermonis
3418 1483 3603 1539 ascesi

1957 1581 2177 1650 optime
2207 1594 2337 1633 cum
2370 1576 2612 1647 reliquis
2644 1577 2985 1647 procedunt.
3020 1578 3151 1627 Haec
3183 1575 3436 1628 maxime
3467 1577 3606 1625 sunt

1959 1668 2128 1722 utilia
2158 1671 2214 1722 et
2244 1666 2498 1737 pretiosa
2532 1664 2893 1734 hominibus,
2928 1663 3026 1734 qui
3061 1661 3390 1734 spiritualis
3414 1659 3603 1732 philo-

1961 1758 2178 1829 sophiae
2210 1756 2612 1811 institutiones
2645 1753 2809 1824 quasi
2846 1754 2900 1806 in
2934 1751 3279 1821 compendio
3333 1749 3604 1806 collectas

1961 1846 2288 1918 inquirunt.

1181 2198 2649 2376 ΘΕΟΛΗΠΤΟΥ

884 2501 1893 2599 ΜΗΤΡΟΠΟΛΙΤΟΥ
1991 2498 2923 2598 ΦΙΛΑΔΕΛΦΕΙΑΣ

1784 2678 2015 2734 ΛΟΓΟΣ

188 2804 327 2857 ΤΗΝ
368 2803 463 2862 ΕΝ
506 2807 765 2863 ΧΡΙΣΤΩ
825 2806 1151 2863 ΚΡΥΙΙἹἮΝ
1206 2806 1547 2862 ΕΥΓΑΣΙΑΝ
1608 2806 1986 2873 ΔΙΑΣΑΦΩΝ,
2030 2806 2145 2860 ΚΑΙ
2188 2802 2521 2859 ΔΕΙΚΝΥΩΝ
2564 2806 2649 2855 EN
2689 2801 2948 2857 BPAXEI
3004 2800 3137 2856 ΤΟΥ
3195 2797 3605 2855 ΜΟΝΑΔΙΚΟΥ

1372 2896 1465 2953 ΕΙΙ
1488 2897 1943 2953 ἎΓΥΕΛΜΑΤΟΣ
1997 2894 2143 2950 TUM
2197 2893 2437 2951 ΚΟΠΟΝ

1232 3240 2590 3407 THEOLEPTI

696 3499 2081 3597 PHILADELPHIENSIUM
2166 3498 3114 3596 METROPOLITE

1690 3667 2107 3724 TRACTATUS

188 3795 293 3855 DE
352 3796 856 3858 ABSCONDITA
916 3798 1432 3859 OPERA’I‘IONE
1486 3798 1576 3861 IN
1634 3799 1972 3860 CHRISTO
2046 3799 2145 3860 ET
2230 3798 2650 3861 PROFECTU
2721 3797 2798 3860 IN

2876 3797 3062 3859 VITA
3140 3796 3604 3861 MONASTICA.

255 4108 335 4165 Τὸ
391 4105 687 4181 μοναδικὸν
739 4107 1064 4187 ἐπάγγελμα
1112 4108 1331 4188 δένδρον
1383 4112 1525 4166 ἐστὶν
1572 4113 1839 4187 ὑψίκομόν

2022 4116 2343 4171 Monastica
2372 4115 2689 4182 institutio,
2725 4114 2895 4187 quasi
2955 4114 3131 4170 arbor
3187 4113 3482 4170 altissima
3530 4132 3593 4174 es

176 4218 237 4254 τε
266 4198 357 4252 καὶ
405 4199 807 4272 γονιμώτατον,
840 4200 937 4254 οὗκ
985 4198 1106 4277 ῥίζα
1139 4202 1255 4274 μὶν,
1288 4203 1323 4271 ἠ
1355 4206 1463 4257 τῶν
1512 4208 1835 4275 σωματικῶν

177 4288 397 4343 πάντων
447 4286 835 4362 ἀλλοτρίωσις,
887 4288 1081 4345 κλάδοι
1138 4288 1215 4361 δὲ,
1248 4293 1282 4361 ἠ
1324 4291 1694 4367 ἀπροσπάθεια
1738 4299 1840 4363 τῆς

177 4382 396 4452 ψυχῆς,
440 4378 532 4431 καὶ
581 4379 644 4432 τὸ
708 4376 979 4452 μηδεμίαν
1032 4379 1219 4455 σχέσιν
1277 4381 1413 4456 πρὸς
1474 4381 1540 4436 τὰ
1594 4384 1841 4456 πράγμα-

174 4488 263 4536 τα,
297 4468 372 4521 ὧν
421 4468 519 4536 τήν
570 4468 743 4543 φυγήν
786 4467 1106 4541 ἐποιήσατο,
1154 4465 1322 4545 ἔχειν·
1372 4471 1580 4546 καρπὸς
1626 4468 1684 4525 δὲ
1729 4476 1836 4526 τῶν

176 4556 387 4631 ἀρετῶν
438 4558 473 4625 ἡ
522 4562 737 4625 κτῆσις,
798 4557 886 4611 καὶ
933 4560 967 4627 ἡ
1019 4560 1272 4621 θεοποιὸς
1324 4560 1532 4633 ἀγάπη,
1577 4561 1665 4615 καὶ
1714 4563 1748 4630 ἡ
1784 4560 1843 4615 ἐκ

174 4645 390 4701 τούτων
437 4647 513 4718 μή
547 4643 952 4720 διακοπτομένη
995 4647 1320 4724 εὐφροσύνη.
1358 4650 1421 4706 Ὀ
1460 4651 1667 4725 καρπὸς
1714 4653 1838 4726 γὰρ,

178 4735 358 4814 φησὶ,
418 4738 517 4789 τοῦ
573 4734 886 4807 Πνεύματός
937 4734 1080 4792 ἐστιν
1132 4736 1337 4812 ἀγάπη,
1398 4738 1562 4813 χαρὰ,
1624 4738 1839 4810 εἰρήνη,

177 4825 368 4880 καὶτὰ
400 4824 541 4896 ἑξῆς.
574 4824 638 4879 Ἠ
685 4829 783 4879 τοῦ
828 4827 1042 4898 κόσμου
1090 4828 1231 4903 φυγὴ
1282 4829 1381 4896 τὴν
1426 4828 1563 4902 πρὸς
1611 4829 1839 4903 Χριστὸν

178 4914 500 4992 καταφυγὴν
560 4912 865 4988 χαρίζεται.
928 4914 1142 4990 Κόσμον
1187 4913 1244 4970 δὲ
1298 4917 1445 4991 Λέγω
1500 4918 1600 4986 τήν
1652 4917 1838 4995 φιλίαν

174 5008 281 5059 τῶν
331 5003 611 5073 αἰσθητῶν
655 5003 992 5078 πραγμάτων
1044 5004 1136 5060 καὶ
1185 5004 1401 5079 σαρκός.
1435 5007 1492 5060 Ὀ
1530 5006 1591 5061 ἐκ
1630 5006 1839 5063 τούτων

175 5091 651 5169 ἀλλοτριούμενος
702 5093 756 5148 έν
804 5092 1081 5169 ἐπιγνόσει
1130 5102 1229 5165 τῆς
1282 5096 1563 5167 ἀληθείας,
1605 5097 1839 5153 οἰκειοῦ-

172 5204 258 5238 ται
305 5187 391 5254 τῷ
436 5187 680 5257 Χριστῷ,
725 5184 1004 5256 κτώμενος
1039 5185 1139 5253 τήν
1175 5185 1391 5260 ἀγάπην
1443 5185 1628 5255 αὐτοῦ,
1663 5184 1733 5241 δι’
1772 5186 1837 5257 ἢν

170 5276 383 5327 ἅπαντα
413 5273 484 5326 τὰ
511 5276 611 5327 τοῦ
656 5270 869 5346 κόσμου
918 5272 1421 5347 ἀποποιησάμενος,
1473 5275 1566 5330 τὸν
1607 5274 1838 5331 πολύτι-

172 5384 270 5436 μον
328 5360 684 5437 μαργαρίτην
713 5406 727 5432 ,
774 5363 1041 5437 Χριστὸν,
1088 5364 1424 5437 ἐξωνησατο.
1472 5366 1704 5439 Χριστὸν
1756 5364 1837 5422 ὲν-

1950 4210 2127 4277 atque
2158 4205 2559 4273 fertilissima;
2591 4205 2787 4261 radice
2828 4222 2935 4260 sua
2965 4204 3182 4259 recedit
3214 4220 3248 4259 a
3276 4204 3607 4275 corporali-

1949 4294 2081 4361 bus,
2098 4294 2279 4350 ramis
2297 4299 2490 4351 autem
2513 4295 2583 4350 ab
2600 4295 2903 4350 affectibus
2924 4293 3158 4361 anime,
3173 4291 3407 4349 etnullo
3435 4295 3611 4350 modo

1950 4385 2126 4440 rebus
2157 4384 2415 4439 adhaeret
2446 4383 2663 4456 quibus
2722 4400 2785 4438 se
2830 4382 3140 4438 subtraxit.
3176 4381 3425 4437 Fructus
3469 4400 3607 4439 vero

1951 4474 2179 4529 arboris
2204 4474 2486 4528 virtutum
2512 4472 2842 4541 acquisitio,
2866 4472 3073 4527 divinas
3104 4470 3377 4528 videlicet
3399 4472 3603 4528 chari-

1950 4564 2086 4618 tatis
2116 4568 2173 4618 et
2203 4561 2416 4617 laetitiae
2448 4578 2752 4634 nunquam
2785 4560 3132 4616 deﬁcientis.
3155 4560 3386 4617 Dicitur
3406 4562 3560 4616 enim
3591 4580 3604 4617 :

1949 4654 2203 4726 Spiritus
2236 4654 2433 4727 fruges
2465 4659 2604 4709 sunt
2634 4651 3381 4723 charitas,gaudium,pax,
3403 4651 3611 4706 etreli-

1952 4760 2085 4815 qua.
2120 4742 2228 4807 Qui
2258 4743 2407 4815 fugit
2437 4760 2468 4797 a
2499 4741 2711 4799 saeculo
2744 4743 2815 4797 ad
2838 4740 3138 4797 Christum
3163 4739 3466 4813 confugit;
3493 4757 3605 4797 sae-

1952 4832 2153 4889 culum
2184 4832 2312 4887 dico
2343 4831 2815 4904 conjunctionem
2844 4847 2977 4886 cum
3010 4831 3186 4886 rebus
3215 4829 3604 4886 sensibilibus

1952 4926 2009 4976 et
2032 4921 2227 4976 carnis
2261 4936 2542 4978 amorem.
2577 4921 2637 4975 Si
2671 4920 2804 4992 quis
2852 4919 3113 4975 veritatis
3167 4918 3500 4991 cognitione
3529 4920 3602 4975 ab

1950 5008 2043 5065 his
2073 5008 2303 5065 alienus
2334 5012 2443 5075 est,
2470 5008 2698 5064 habitat
2717 5008 2775 5062 in
2798 5007 3053 5074 Christo,
3079 5008 3208 5079 ejus
3239 5022 3496 5063 amorem
3521 5007 3602 5063 si-

1949 5098 2007 5153 bi
2036 5098 2412 5171 comparavit,
2437 5114 2553 5170 quo
2582 5099 2778 5154 omnia
2809 5097 3015 5153 mundi
3049 5097 3261 5169 abjecit
3290 5101 3348 5154 et
3377 5097 3599 5169 pretio-
3624 5126 3627 5129 ι

1950 5205 2075 5245 sam
2096 5189 2240 5246 emit
2263 5188 2669 5261 margaritam,
2690 5187 2990 5245 Christum
3016 5187 3347 5244 Dominum.
3372 5191 3482 5242 Per
3504 5204 3598 5243 sa-

1951 5277 2201 5333 lutarem
2234 5278 2597 5350 baptismum
2632 5277 2928 5333 Christum
2963 5277 3209 5334 induisti
3260 5282 3316 5332 et
3359 5293 3593 5333 omnem

1949 5367 2388 5423 immunditiam
2413 5368 2677 5438 abjecisti
2701 5367 2895 5424 divina
2916 5366 3291 5435 lustratione;
3316 5366 3594 5438 spiritua-

167 5451 385 5507 δέδυσαι
444 5448 536 5505 διὰ
594 5454 691 5505 τοῦ
750 5453 1023 5526 σωτηρίου
1080 5453 1491 5530 βαπτίσματος,
1552 5450 1831 5511 ἀπεϐάλου

203 5544 215 5556 .
320 5541 333 5556 .
520 5538 544 5556 ε.
584 5541 597 5556 ι
726 5544 750 5555 ..
804 5542 828 5556 ι.
1000 5541 1020 5556 .
1206 5546 1233 5556 ..
1347 5545 1376 5556 ..
1772 5547 1803 5556 ..

1951 5458 2023 5512 lis
2043 5456 2240 5529 gratia:
2272 5457 2644 5528 splendorem
2678 5457 2988 5529 reportasti
3017 5461 3075 5511 et
3096 5455 3406 5512 creationis
3438 5457 3600 5512 nobi-

166 5544 255 5597 τὸν
306 5541 481 5619 ῥυπον
517 5538 607 5596 διὰ
656 5544 754 5596 τοῦ
803 5542 949 5596 θειου
1000 5541 1257 5617 λουτροῦ·
1306 5545 1405 5613 τῆς
1465 5547 1829 5618 πνευματικῆς

166 5632 398 5707 χάριτος
455 5632 559 5700 τὴν
618 5629 984 5708 λαμπρότητα
1030 5630 1275 5707 ἐκομίσω
1309 5678 1323 5704 ,
1371 5632 1459 5688 καὶ
1525 5635 1625 5704 τήν
1675 5634 1827 5710 εὐγέ-

1943 5546 2192 5603 lilatem.
2228 5550 2327 5601 Ast
2357 5546 2495 5619 quid
2521 5547 2761 5602 evenit?
2791 5563 2890 5602 seu
2928 5546 3124 5619 potius
3158 5546 3297 5619 quid
3332 5545 3509 5601 homo
3532 5562 3600 5602 ex

1941 5636 2439 5692 inconsiderantia
2469 5653 2578 5691 sua
2608 5653 2821 5707 passus
2874 5636 3010 5691 est?
3038 5640 3283 5707 Propter
3328 5652 3590 5692 amorem

164 5741 305 5777 νειαν
358 5725 463 5792 τῆς
513 5716 786 5784 πλάσεωςο
838 5718 983 5777 ἀλλὰ
1027 5720 1081 5777 τί
1124 5722 1348 5801 γέγονε;
1398 5721 1613 5798 μᾶλλον
1669 5723 1726 5781 δὲ
1772 5725 1825 5781 τί

1950 5743 2112 5786 suum
2145 5727 2215 5782 ad
2246 5726 2545 5783 mundana
2574 5725 2908 5783 immutavit
2929 5726 2987 5782 in
3018 5742 3082 5782 se
3110 5724 3468 5783 lineamenta
3496 5726 3593 5783 di-
