4250 6432
681 413 787 469 383

1826 398 2229 464 THEOLBPTI
2267 411 2967 467 PHILLDELPHIBNSIS

3990 402 4107 457 384

679 538 815 593 vina
834 540 891 592 et
920 537 1156 608 propter
1177 532 1447 588 allectum
1472 530 1766 587 carnalem
1788 530 2104 601 imaginem
2124 533 2335 605 deper-

2450 532 2717 597 πέπονθεν
2762 534 2790 587 6
2840 529 3123 607 ἅνθρωπος
3163 527 3214 601 te
3246 523 3546 595 ἀϐουλίας;
3580 527 3677 581 Διά
3702 528 3801 594 τῆς
3841 528 3979 601 πρὸς
4005 529 4106 583 τὸν

684 626 871 682 didit:
922 624 1259 696 passionum
1313 621 1544 676 turbine
1594 621 1943 676 obscuratus
1990 625 2079 677 est
2128 622 2336 677 animos

676 716 903 779 oculus,
930 728 1105 783 quem
1124 711 1413 779 Christus,
1431 709 1515 763 sol
1533 710 1858 780 sapientiae,
1878 709 2331 769 illuminaverat.

675 806 765 859 'l‘u
801 806 998 858 autem
1030 799 1226 855 divino
1259 802 1512 853 tremore
1547 814 1885 869 percussam
1939 798 2197 853 animam
2232 799 2335 853 ha-

674 895 815 948 bes:
844 892 1020 960 hujus
1052 888 1207 944 enim
1236 888 1441 941 mundi
1465 887 1905 942 vicissitudines
1928 888 2335 944 considerasti.

679 986 737 1036 et
767 980 984 1035 mentis
1015 976 1432 1034 distractiones
1480 974 1821 1031 intellexisti
1869 977 2156 1031 versantis
2188 976 2340 1031 inter

682 1070 1198 1143 perturbationes;
1233 1083 1348 1137 quo
1381 1065 1700 1121 vanissimo
1738 1066 1915 1135 hujus
1962 1066 2095 1121 vita
2140 1066 2335 1122 studio

686 1162 1159 1230 circumagantur
1185 1156 1454 1211 homines
1510 1156 1753 1226 propius
1809 1154 2090 1211 intuendo
2130 1156 2335 1213 vulne-

683 1254 843 1304 ratos
874 1264 942 1303 ex
967 1246 1166 1319 jaculo
1197 1249 1253 1301 et
1285 1244 1353 1299 ad
1378 1242 1871 1315 tranquillitatem
1895 1248 1950 1299 te
1973 1245 2331 1301 convertisti.

687 1337 899 1394 Mentis
930 1342 988 1391 et
1018 1335 1441 1407 cogitationum
1498 1332 1755 1404 quietem
1808 1332 2175 1401 desiderasti,
2208 1350 2334 1389 ver-

681 1428 822 1482 bum
850 1426 1007 1481 enim
1032 1424 1300 1479 audieras
1326 1440 1338 1478 :
1365 1446 1392 1472 ‹‹
1420 1424 1653 1494 Inquire
1682 1438 1882 1493 pacem
1909 1427 1965 1477 et
1987 1438 2334 1494 persequere

682 1532 811 1571 eam
844 1518 884 1567 ί.
918 1537 945 1564 ››
980 1512 1369 1585 Refrigerium
1401 1513 1506 1566 tibi
1540 1512 1690 1566 inter
1720 1514 1851 1565 vota
1911 1510 2042 1577 fuit,
2075 1526 2209 1566 cum
2262 1512 2334 1566 le-

686 1605 875 1676 gisses
935 1621 946 1657 :
999 1625 1027 1653 «
1084 1604 1441 1669 Convertere,
1501 1599 1700 1655 anima
1760 1615 1909 1667 mea,
1961 1599 2021 1653 in
2076 1600 2329 1669 requiem

684 1700 846 1748 tuam
880 1693 919 1746 ².
956 1714 983 1740 ››
1016 1691 1198 1754 Quam
1232 1690 1415 1761 igitur
1446 1689 1504 1743 in
1538 1688 1894 1760 baptismate
1926 1688 2197 1759 recepisti
2230 1706 2329 1744 no-

683 1782 975 1837 bilitatem
1012 1779 1311 1849 intelligis,
1347 1782 1601 1832 mentem
1637 1794 1669 1832 a
1700 1776 2078 1831 saecularibus
2111 1778 2330 1833 deside-

683 1869 787 1925 riis
820 1885 1057 1923 revocas
1088 1872 1145 1923 et
1174 1866 1574 1921 indesinenter
1595 1866 1665 1919 ad
1702 1869 1934 1919 sanctas
1969 1868 2149 1920 refers
2171 1866 2329 1939 cogi-
2360 1894 2407 1959 Β

680 1960 955 2013 taliones.
990 1958 1067 2011 Ad
1104 1956 1316 2012 mentis
1348 1972 1496 2025 opus
1529 1954 1953 2026 perficiendum
2008 1954 2203 2009 aulam
2239 1956 2326 2009 in-

681 2048 896 2116 troisti,
931 2046 1218 2117 pretiosas
1250 2044 1491 2099 induisti
1526 2043 1879 2114 poenitentiae
1912 2048 2119 2113 vestes,
2154 2048 2212 2099 et
2242 2062 2330 2114 ge-

684 2152 887 2191 nerose
914 2134 1128 2205 jurasti
1160 2136 1227 2188 ad
1264 2138 1513 2188 mortem
1557 2150 1743 2204 usque
1775 2134 1834 2187 in
1887 2134 2243 2188 monasterio
2276 2140 2330 2187 te

686 2229 1197 2296 perseveraturum
1258 2238 1410 2278 esse.
1472 2222 1804 2277 Secundum
1866 2223 1992 2293 jam
2060 2222 2330 2294 adjiciam

680 2313 1150 2381 incitamentum,
1188 2311 1342 2382 quod
1376 2311 1441 2365 ad
1475 2310 1648 2365 finem
1684 2310 1862 2381 hujus
1902 2311 2028 2365 vitae
2086 2312 2327 2379 tendat;

685 2402 941 2473 primum
976 2404 1129 2455 enim
1162 2404 1506 2472 praesentem
1539 2398 1715 2453 vitam
1773 2405 2125 2471 respexerat.
2163 2401 2329 2454 Initio

684 2495 923 2562 propter
956 2490 1228 2562 pietatem
1263 2488 1561 2544 accessisti
1595 2489 1665 2543 ad
1698 2488 2197 2557 Cbristum,nunc
2228 2505 2332 2545 au-

684 2586 800 2634 tem
838 2596 939 2651 per
969 2595 1249 2634 sensuum
1282 2579 1722 2632 conversionem
1778 2579 2151 2649 conjungeris
2198 2595 2330 2633 cum

681 2668 943 2735 Christo;
970 2668 1047 2723 ibi
1070 2658 1316 2739 gratiam
1342 2666 1637 2733 invenisti,
1655 2666 1747 2721 hic
1761 2666 2177 2738 obligationem
2202 2685 2333 2724 con-

680 2758 947 2823 traxisti;
978 2763 1117 2811 tunc
1153 2757 1353 2825 junior
1374 2772 1501 2811 eras
1534 2761 1589 2809 et
1619 2761 1954 2825 susceptam
1987 2757 2329 2829 dignitatem

686 2847 992 2919 ignorasti,
1027 2845 1135 2901 etsi
1186 2850 1387 2917 postea
1445 2846 1632 2914 major
1683 2846 1937 2900 evaseris
1990 2851 2045 2901 et
2103 2848 2331 2902 noveris

681 2936 815 2993 doni
844 2935 1095 3008 pretium
1131 2940 1305 3005 atque
1345 2935 1428 2988 ori
1462 2934 1689 2989 frenum
1753 2935 2141 3006 imposueris;
2177 2953 2333 2991 nunc

688 3030 882 3081 autem
910 3025 966 3079 in
1003 3024 1255 3095 perfecta
1286 3029 1407 3078 stas
1440 3024 1907 3079 consideratione
1936 3030 1993 3079 et
2020 3025 2135 3079 vim
2170 3024 2334 3080 insti-

683 3114 931 3169 tutionis
964 3118 1322 3185 perspectam
1356 3113 1557 3168 habes.
1590 3113 1741 3167 Vide
1799 3130 1870 3169 ne
1924 3117 2142 3169 statum
2175 3114 2331 3169 hunc

682 3204 883 3267 lzedas,
916 3208 971 3257 et
1004 3194 1504 3273 quemadmodum
1539 3218 1639 3257 vas
1670 3202 1910 3257 omnino
1950 3203 2328 3274 perfractum,

684 3291 1015 3365 projiciaris
1047 3292 1105 3346 in
1137 3290 1407 3345 tenebras
1428 3291 1763 3356 exteriores,
1787 3291 1885 3345 ubi
1922 3296 2011 3361 est
2058 3292 2249 3347 luctus
2278 3297 2332 3348 et
2363 3264 2406 3331 (ἶ

688 3382 908 3437 stridor
937 3379 1480 3447 dentium;etenim
1528 3384 1687 3435 extra
1745 3380 2099 3451 poenitentiae
2154 3381 2330 3448 viam,

686 3470 850 3525 nulla
882 3472 1056 3524 datur
1077 3469 1309 3539 semita,
1335 3486 1461 3541 qua:
1486 3470 1554 3524 ad
1582 3469 1825 3524 salutem
1852 3471 2161 3525 conducat.
2190 3472 2331 3526 Audi

684 3560 865 3614 David
923 3559 1247 3614 dicentem:
1285 3582 1310 3607 ιι
1357 3559 1419 3612 ln
1475 3557 1777 3614 Altissimo
1836 3576 1984 3630 pone
2041 3561 2332 3633 refugium

680 3654 851 3704 tuum
873 3648 927 3702 ³1
957 3671 983 3697 ››
1017 3648 1225 3703 deinde
1256 3648 1305 3703 si
1334 3649 1741 3703 contristatam
1775 3650 1830 3703 in
1864 3649 2097 3705 Christo
2154 3651 2334 3706 vitam

684 3738 1105 3809 sssumpseris.
1138 3739 1206 3791 ad
1234 3745 1288 3792 te
1342 3754 1642 3809 nunquam
1694 3740 1973 3793 accedent
2006 3739 2179 3808 mala,
2212 3757 2335 3810 qua:

680 3844 749 3882 ex
781 3826 1043 3881 saeculari
1103 3826 1541 3882 conversatione
1597 3832 1925 3898 emergunt.
1959 3828 2098 3882 Cum
2152 3828 2338 3899 ι)ωηί-

681 3903 877 3972 tentia:
901 3914 1055 3970 viam
1081 3917 1477 3988 persequaris,
1498 3933 1611 3971 non
1636 3921 1691 3972 te
1718 3918 2091 3973 insectabunt
2140 3934 2269 3973 reru
2286 3934 2335 3971 1:

684 4006 920 4076 cupido,
954 4021 1059 4059 nec
1090 4005 1331 4072 deliciae,
1364 4022 1467 4059 nec
1491 4005 1762 4071 honores,
1788 4022 1891 4061 nec
1915 4006 2113 4062 formae
2144 4006 2338 4061 cultus

686 4108 876 4165 neque
908 4109 1190 4149 sensuum
1226 4094 1648 4149 incontinentia
1675 4113 1689 4163 ;
1718 4096 1817 4149 tibi
1848 4096 2077 4151 obviam
2108 4113 2220 4151 non
2246 4097 2341 4149 de-

689 4183 925 4237 venient
956 4182 1175 4254 iniquaa
1197 4184 1438 4254 spiritus
1462 4183 1763 4249 elationes,
1781 4186 1988 4239 mentis
2008 4185 2337 4257 captivitas,

684 4290 968 4329 venarum
1010 4274 1429 4345 cogitationum
1494 4274 1817 4341 conﬂictus,
1854 4292 1958 4330 nec
2017 4275 2126 4331 alia
2184 4293 2337 4347 quaa-

690 4376 921 4432 cunque
954 4360 1281 4416 voluntaria
1313 4361 1557 4417 rationis
1588 4362 1880 4434 perversio
1904 4363 2020 4419 sive
2051 4365 2337 4435 confusio;

685 4458 743 4508 to
778 4457 1132 4524 ‘parentum,
1169 4454 1437 4522 fratrum,
1490 4455 1961 4521 conjunctorum,
2015 4458 2337 4513 amicorum

687 4546 745 4597 et
777 4547 1204 4597 cozetaneorum
1248 4542 1516 4597 amicitiae
1568 4560 1681 4599 non
1735 4546 2120 4615 perturbant;
2154 4563 2341 4619 neque

2442 617 2647 695 κόσμον
2682 620 2869 696 φιλίας
2892 618 3175 691 ἠλλοίωσε
3203 616 3331 680 τοὺς
3383 617 3558 681 θείους
3604 618 3980 692 χαρακτῆρας,
4010 616 4112 673 διὰ

2440 717 2543 777 τῆς
2586 710 2723 784 πρὸς
2769 712 2867 779 τὴν
2920 709 3091 784 σάρκα
3139 705 3472 779 συμπαθείας
3519 704 3796 780 ἠχρείωσε
3824 706 3923 773 τήν
3955 705 4111 760 εἰκό-

2440 819 2527 854 να.
2581 800 2616 867 ἡ
2663 796 2841 873 ἀχλὺς
2886 802 2994 853 τῶν
3047 796 3305 869 έμπαθῶν
3358 792 3647 869 λογισμῶν
3693 792 3992 867 ἠμαύρωσε
4037 796 4108 849 τὸ

2440 893 2539 955 τῆς
2586 890 2769 961 ψυχῆς
2822 884 3110 959 ἔσοπτρον,
3153 882 3224 939 δι’
3273 883 3335 938 οὗ
3365 883 3600 957 Χριστὸς
3634 885 3661 937 ὁ
3692 883 3885 952 νοητὸς
3934 882 4108 950 ⁴ἥλιος

2440 975 2807 1053 ἐμφανίζεται.
2836 974 2911 1028 Σὺ
2928 978 3009 1046 τῷ
3030 976 3125 1027 τοῦ
3155 976 3289 1027 Θεοῦ
3312 966 3468 1049 φόϐῳ
3497 973 3597 1041 τὴν
3626 972 3811 1045 ψυχὴν
3840 970 4110 1043 παθήλωο

2442 1086 2560 1135 σας,
2591 1064 2828 1140 ἐπέγνως
2856 1064 2948 1118 τὸν
2983 1062 3287 1135 σκοτασμὸν
3327 1068 3427 1130 τῆς
3469 1067 3743 1133 κοσμικῆς
3780 1059 4111 1134 ἀνωμαλίας

2439 1160 2675 1223 συνῆκας
2723 1153 2815 1207 τὸν
2869 1151 2928 1207 έκ
2972 1156 3081 1206 τῶν
3127 1146 3375 1225 θορύϐων
3444 1150 3808 1225 συναγόμενον
3871 1153 3940 1224 τῇ
3986 1148 4107 1205 δια-

2438 1242 2559 1313 νοίᾳ
2600 1241 2963 1317 σκορπισμόνο
3017 1241 3261 1314 ἑώρακας
3307 1238 3399 1293 τὸν
3452 1237 3513 1293 ἐκ
3553 1242 3651 1293 τοῦ
3699 1237 4107 1316 πολυταράχου

2444 1334 2564 1408 βίου
2628 1336 2969 1387 συναντῶντα
3009 1335 3126 1392 τοῖς
3173 1330 3487 1405 ἀνθρώποις
3549 1327 3775 1402 μάταιον
3833 1349 4106 1405 περισπα-

2441 1422 2601 1494 σμόνο
2636 1422 2881 1497 ὀτρώθης
2910 1424 2991 1492 τῷ
3025 1417 3175 1495 βέλει
3220 1416 3318 1473 τοῦ
3354 1417 3493 1473 κατὰ
3536 1418 3636 1485 τὴν
3668 1417 3905 1491 ἡσυχίαν
3955 1417 4105 1493 ἔρω-

2438 1529 2552 1572 τος·
2615 1510 2883 1580 ἱζήτησας
2918 1509 3018 1577 τήν
3080 1507 3306 1583 εἰρήνην
3361 1511 3468 1561 τῶν
3529 1505 3840 1581 λογισμῶν·
3903 1504 4107 1580 ἔμαθες

2438 1600 2563 1675 γάρ’
2622 1623 2642 1649 ι
2680 1601 2925 1669 Εήτησον
2982 1597 3236 1671 εἰρήνην,
3284 1596 3375 1650 καὶ
3425 1592 3615 1665 δίωξον
3668 1594 3858 1665 αὐτήν.
3893 1617 3921 1646 ››
3971 1594 4103 1649 ἑπό-

2441 1699 2607 1758 θησας
2662 1688 2761 1755 τὴν
2842 1686 3038 1741 ἐκεῖθεν
3116 1684 3413 1740 ἀνάπαυσιν
3450 1728 3465 1753 ,
3535 1680 3721 1753 ἐπειδὴ
3808 1682 4049 1753 ἤκουσας
4084 1704 4096 1715 ·

2439 1800 2468 1827 ‹‹
2504 1775 2885 1850 Ἑπίστρεψον,
2932 1776 3083 1849 ψυχή
3140 1794 3268 1846 μου,
3317 1772 3395 1836 εἷς
3430 1779 3529 1842 τῆν
3578 1771 3873 1828 ἀνάπαυσίν
3917 1794 4034 1831 σου.
4066 1795 4100 1829 ι

2439 1867 2535 1920 Διά
2564 1870 2696 1940 γοῦν
2744 1869 2915 1919 ταῦτα
2957 1868 3047 1919 καί
3108 1862 3376 1933 διενοήσω
3424 1863 3523 1932 τὴν
3566 1860 3857 1937 εὗγένειαν,
3889 1861 3958 1931 ἦν
3990 1863 4101 1917 ἀπ-

2434 1952 2627 2016 έλαϐες
2676 1953 2726 2007 ὲν
2777 1958 2857 2027 τῷ
2904 1953 3238 2028 βαπτίσματι
3289 1953 3423 2006 κατά
3469 1952 3656 2027 χάριν,
3709 1946 3989 2006 ἀπεϐάλου
4042 1949 4103 2006 δὶ

2435 2044 2571 2098 κατὰ
2609 2065 2836 2119 γνωμην
2888 2041 2977 2097 διὰ
3018 2046 3126 2097 τῶν
3177 2042 3369 2096 παθῶν
3410 2040 3461 2095 έν
3501 2044 3583 2113 τῷ
3629 2040 3847 2113 κόσμῳ,
3893 2041 4100 2095 ἀνακα-

2437 2131 2689 2195 λέσασθαι
2723 2130 2917 2204 ἀμέλει
2967 2129 3055 2186 διὰ
3100 2132 3199 2199 τὴν
3249 2132 3451 2205 ἀγαθὴν
3501 2129 3755 2205 γνώμην·
3807 2129 3883 2191 εἰς
3931 2128 4097 2204 ἔργον

2436 2217 2685 2293 ἐξέϐαλες
2728 2226 2807 2293 τῷ
2852 2222 2983 2296 ἰερῷ
3032 2219 3435 2296 φροντιστηρίῳ
3481 2213 3841 2292 παραϐαλὼν,
3890 2218 3983 2273 καὶ
4030 2220 4102 2272 τὰ

2434 2317 2574 2384 τίμα
2609 2318 2707 2380 τῆς
2760 2312 3045 2383 μετανοίας
3086 2308 3263 2387 ἅμφια
3309 2304 3808 2381 περιϐαλλόμενος,
3849 2310 3937 2363 καὶ
3990 2309 4095 2376 τήν

2441 2402 2607 2475 μέχρι
2641 2402 2869 2455 θανάτου
2916 2400 3229 2472 καταμονήν
3282 2398 3332 2451 έν
3387 2402 3464 2469 τῷ
3512 2396 3866 2469 μοναστηρίῳ
3913 2395 4098 2470 ἐμψύ-

2438 2510 2552 2566 χως
2606 2488 2721 2563 [ἴς.
2779 2488 3073 2564 εὐψύχως]
3128 2485 3609 2563 ἐπαγγειλάμενος·
3680 2483 3927 2560 δευτέραν
3982 2484 4097 2557 ἤδη

2436 2582 2709 2649 συνθήκην
2762 2580 2898 2652 πρὸς
2948 2578 3075 2632 Θεὸν
3122 2576 3406 2646 ἐποιήσω,
3452 2577 3551 2645 τὴν
3602 2576 3828 2649 πρώτην
3880 2575 3958 2637 εἰς
3999 2576 4098 2629 τὸν

2436 2670 2679 2745 παρόντα
2740 2668 2856 2744 βίον
2904 2667 3332 2743 εἰσερχόμενος,
3390 2666 3488 2734 τὴν
3550 2662 3986 2745 δευτέρανηπρὸς
4036 2666 4103 2719 τὸ

2435 2758 2593 2821 τέλος
2637 2763 2735 2813 τοῦ
2784 2758 3053 2832 παρόντος
3109 2756 3230 2829 βίου
3281 2756 3652 2831 ἐπειγόμενος.
3684 2754 3822 2812 Τότε
3871 2751 3962 2809 διὰ
3998 2757 4106 2817 τῆς

2438 2843 2711 2910 εὐσεϐείας
2764 2852 2844 2920 τῷ
2904 2851 3123 2923 Χριστῷ
3198 2844 3586 2923 προσελήφθης
3622 2887 3636 2911 ,
3694 2848 3782 2898 νῦν
3854 2841 3945 2898 διὰ
4009 2863 4105 2915 με-

2434 2939 2653 2999 τανοίας
2677 2939 2757 3010 τῷ
2810 2941 3027 3013 Χριστῷ
3070 2934 3521 3013 πφεσηρμόσθης·
3556 2933 3668 2988 ἐκεῖ
3714 2934 3876 3007 χάριν
3926 2930 4103 3005 εὗρες,

2438 3025 2545 3083 ὧδε
2594 3028 2775 3103 χρέως
2834 3026 3075 3089 συνέθου·
3154 3024 3279 3079 τότε
3334 3023 3654 3093 νηπιάζιυν,
3702 3026 3798 3076 τοῦ
3850 3018 4104 3083 δοθέντος

2439 3140 2525 3174 σοι
2573 3104 2880 3191 ἀξιώματος
2930 3115 3028 3171 οὐκ
3083 3116 3379 3185 ἠσθάνθης,
3427 3112 3477 3167 εἲ
3524 3112 3612 3167 καὶ
3661 3112 3881 3186 ὕστερον
3928 3111 4101 3184 αὔξη-

2440 3211 2548 3271 θεὶς
2585 3210 2647 3262 τὸ
2686 3208 2911 3283 μέγεθος
2940 3203 3110 3282 ἔγνως
3154 3212 3254 3273 τῆς
3289 3202 3522 3279 δωρεᾶς,
3573 3204 3659 3258 καὶ
3720 3201 3950 3276 χαλινὸν
4011 3200 4102 3255 έπὶ

2442 3298 2711 3371 στόματος
2768 3296 2967 3374 φέρεις
3026 3299 3143 3363 νῦν,
3203 3292 3254 3348 ἐν
3308 3291 3505 3365 τελείῳ
3559 3294 3871 3365 φρονήματι
3921 3289 4104 3345 διατε-

2441 3388 2578 3456 λῶν,
2626 3389 2726 3457 τὴν
2777 3384 3004 3459 δύναμιν
3054 3388 3151 3454 τῆς
3198 3387 3467 3457 ωνταγῆς
3515 3381 3916 3456 ἐπιγινώσκεις.
3960 3381 4104 3451 Ὀρα

2446 3480 2521 3550 μὴ
2582 3477 2669 3531 καὶ
2726 3476 2928 3545 ταύτην
2996 3473 3260 3543 ἀθετήσας
3320 3473 3417 3540 τὴν
3478 3470 3798 3545 ύπόσχεσιν,
3854 3467 4099 3543 καθάπερ

2442 3588 2492 3621 τι
2551 3571 2745 3627 σκεῦος
2804 3559 3083 3639 συντριϐὶν
3135 3562 3486 3637 ὁλοκλήρως,
3544 3560 3858 3637 ἀπορῥιφῆς
3906 3564 3985 3621 εἷς
4040 3558 4104 3613 τὸ

2444 3656 2634 3717 σκότος
2690 3656 2751 3710 τὸ
2784 3654 3065 3728 ἐξώτερον,
3120 3651 3243 3708 ἔνθα
3272 3654 3299 3706 6
3329 3651 3612 3723 κλαυθμὸς
3659 3652 3745 3705 καὶ
3790 3651 3818 3703 6
3856 3650 4107 3723 βρυγμὸς

2442 3752 2550 3802 τῶν
2580 3744 2836 3800 ὀδόντων’
2875 3742 3005 3818 δίχα
3031 3744 3134 3817 γάρ
3174 3749 3274 3811 τῆς
3319 3742 3455 3796 κατά
3500 3740 3599 3807 τὴν
3654 3738 3942 3811 μετάνοιαν
3975 3734 4109 3791 ὁδοῦ

2446 3834 2592 3907 ἄλλη
2624 3830 2814 3911 τρίϐος
2846 3832 3188 3907 ἱπανάγουσα
3236 3831 3373 3907 πρὸς
3420 3829 3689 3903 σωτηρίαν
3737 3828 3799 3883 ὀύ
3848 3825 4111 3904 πέφυκεν.

2446 3928 2713 3980 ’Ἄκουσον
2746 3924 2797 3979 τί
2840 3944 2923 3977 σοι
2958 3917 3125 3977 Δαϐὶδ
3176 3918 3593 3997 ἐπαγγέλλεται·
3629 3944 3656 3970 ιι
3691 3917 3796 3974 Τὸν
3845 3918 4108 3989 Ὕψιστον

2448 4013 2571 4068 ἔθου
2602 4015 2953 4090 κατασφυγήν
2981 4033 3096 4083 σου⁹
3123 4033 3151 4061 ››
3183 4010 3270 4065 καὶ
3306 4010 3352 4063 εἰ
3374 4011 3474 4077 τήν
3504 4007 3640 4062 κατὰ
3665 4005 3897 4081 Χριστὸν
3928 4004 4115 4078 προεί-

2451 4102 2551 4158 λου
2580 4100 2952 4173 τεθλιμμὲνην
2989 4101 3155 4169 ζωὴν,
3185 4099 3247 4153 οὐ
3270 4096 3688 4174 προσελεύσεται
3718 4094 3860 4169 πρὸς
3889 4095 3951 4149 σὶ
3968 4094 4113 4149 κακά

2448 4193 2513 4247 τά
2542 4190 2601 4246 ἐκ
2627 4198 2727 4259 τῆς
2757 4196 3028 4263 κοσμικῆς
3061 4190 3402 4265 ἀναστροφῆς
3440 4184 3807 4261 προσδοθέντα
3838 4205 3946 4241 σοι.
3980 4183 4109 4258 Οὐχ

2448 4279 2634 4355 ἕψεταί
2696 4300 2778 4334 σοι
2843 4283 3122 4352 μετανοεῖν
3198 4276 3509 4353 αἱρουμένῳ
3568 4274 3704 4348 ἔρως
3774 4275 4113 4349 χρημάτων,

2450 4370 2650 4447 τρυφὴ,
2704 4368 2864 4440 τιμὴ,
2926 4366 3345 4439 καλλωπισμὸς,
3381 4364 3610 4442 ἀκρασία
3661 4363 3990 4434 αἰσθήσεων
4047 4364 4113 4418 ού

2454 4456 2773 4531 διαμενοῦσι
2831 4456 3141 4531 παράνομοι
3211 4454 3489 4511 κατέναντί
3561 4475 3657 4509 σου
3736 4453 4115 4527 μετεωρισμοῖ

2454 4546 2715 4615 διανοίας,
2747 4544 3109 4621 αἶ’χμαλωσία
3141 4546 3288 4614 νοὸς,
3340 4544 3617 4620 χαύνωσις
3655 4540 4116 4621 ἀλλεπαλλήλων

688 4632 1013 4703 defatigant
1044 4638 1097 4688 te
1130 4633 1479 4704 intempesta
1512 4640 1568 4688 et
1624 4634 1849 4690 inutilis
1899 4616 2337 4707 conjunctio‘et

2451 4636 2751 4714 λογισμφν,
2933 4633 3078 4706 ἆλλη
3140 4641 3285 4689 πᾶσα
3342 4616 3589 4695 έκούσιος
3643 4631 3971 4707 παρατροπὴ
4023 4616 4115 4685 καἰ

688 4721 1112 4777 confabulatio.
1147 4721 1331 4785 Quam
1364 4722 1411 4777 si
1446 4723 1731 4779 amoveris
1763 4727 2024 4796 corporis
2056 4731 2112 4783 et
2132 4728 2341 4783 animai

687 4811 1144 4883 separationem,
1180 4828 1368 4883 neque
1399 4812 1616 4868 doloris
1676 4817 2049 4885 compunctio
2108 4818 2345 4872 accedet

687 4902 757 4956 ad
794 4900 1052 4955 animam
1088 4905 1275 4967 tuam,
1302 4915 1494 4972 neque
1516 4902 2042 4974 tristitiajaculum
2062 4912 2341 4963 cortuum

688 4990 1005 5061 confodiet,
1040 5005 1230 5061 neque
1256 4991 1505 5061 dejectio
1531 4992 1903 5049 obnubilabit
1929 4996 2131 5050 faciem
2156 5000 2340 5052 tuam.

689 5080 798 5145 Qui
834 5096 895 5134 se
930 5097 962 5134 a
995 5080 1281 5151 jucundis
1341 5080 1645 5136 retrahunt
1703 5066 2229 5142 consuetudinibus
2287 5093 2344 5141 et

691 5186 919 5224 omnem
947 5171 1210 5225 affectum
1236 5170 1305 5224 ad
1330 5170 1605 5240 praedicta
1627 5171 1951 5243 deponunt,
1971 5171 2188 5229 doloris
2212 5192 2345 5230 acu-

690 5259 849 5313 mina
893 5260 1272 5327 obtundunt;
1308 5259 1577 5315 Christus
1623 5261 1986 5317 certantibus
2033 5263 2343 5319 animabus

688 5350 903 5415 adstat,
940 5350 1343 5421 gaudiumque
1403 5350 1697 5405 ineffabile
1738 5360 1791 5404 et
1842 5351 2146 5421 spirituale
2185 5355 2342 5408 cordi

688 5455 889 5493 eorum
925 5440 1203 5506 infundit,
1225 5440 1381 5494 itaut
1404 5456 1509 5494 nec
1532 5458 1564 5494 a
1588 5440 1764 5494 rebus
1785 5441 1965 5511 hujus
1986 5443 2191 5496 mundi
2218 5460 2343 5514 pcr-

686 5530 869 5600 gratis
891 5529 1081 5600 neque
1106 5529 1510 5601 afﬂigentibus
1534 5530 1815 5585 devinciri
1855 5532 2105 5603 possint.
2131 5532 2344 5589 Sancta

755 5745 772 5779 ¹
812 5744 834 5799 I
868 5742 1015 5800 Petr.
1052 5760 1092 5815 ι,
1123 5744 1179 5799 2.
1258 5744 1280 5779 ²
1306 5744 1459 5802 Psal.
1494 5760 1645 5817 στιν,
1677 5745 1733 5802 7.
1812 5747 1833 5782 ³
1863 5745 1996 5804 Psal
2022 5763 2110 5820 xc,
2142 5748 2195 5804 9.

2452 4727 2737 4802 σύγχυσις·
2792 4722 2917 4780 οὐδὲ
2976 4724 3131 4801 φιλία
3186 4722 3549 4801 γεννητόρων,
3606 4719 3876 4799 ἀδελφῶν,
3924 4741 4119 4797 συγγε-

2452 4821 2581 4887 νῶν,
2609 4814 2809 4893 φίλων,
2842 4815 2931 4869 καὶ
2957 4816 3204 4885 συνήθων
3251 4814 3554 4867 συναντέσει
3589 4830 3695 4865 σοι’
3748 4807 3875 4865 οὐδὲ
3906 4812 3943 4879 ἡ
3975 4807 4121 4885 πρὸς

2451 4906 2680 4969 τούτους
2710 4902 2935 4979 ἄκαιρος
2973 4905 3063 4960 καὶ
3115 4902 3413 4973 ἀωντελής
3467 4899 3731 4977 συντυχία
3778 4900 3866 4955 καὶ
3915 4898 4121 4973 ὁμιλία

2452 4998 2778 5071 παροικήσει
2838 4995 2889 5049 ἐν
2937 4993 3040 5049 σοί.
3089 4993 3152 5048 Εἰ
3180 4992 3358 5066 τούτῳ
3403 4993 3502 5061 τήν
3561 4991 3840 5065 ἀποταγὴν
3899 4988 4120 5063 ἀγαπή-

2455 5108 2563 5148 σεις
2618 5086 2830 5159 σώματι
2880 5083 2968 5140 καὶ
3000 5083 3181 5159 ψυχῇ,
3241 5081 3431 5157 μάστιξ
3485 5077 3685 5152 ὀδύνης
3714 5078 3811 5135 ούκ
3855 5077 4037 5155 ἐγγιεῖ
4068 5078 4117 5133 έν

2452 5180 2520 5251 τῇ
2568 5178 2722 5252 ψυχῇ
2772 5196 2893 5243 σου,
2929 5174 3015 5229 καὶ
3065 5173 3247 5240 λύπης
3295 5171 3457 5248 βέλος
3506 5170 3569 5226 οὗ
3613 5168 3809 5247 τρώσέι
3858 5170 3961 5238 τήν
4016 5170 4115 5237 σὴν
4182 5230 4192 5240 ⁸

2456 5262 2700 5340 καρδίαν,
2727 5261 2855 5319 ούδὶ
2882 5264 2944 5319 τὸ
2972 5264 3063 5318 σὸν
3112 5262 3488 5337 σκυθρωπάσει
3521 5260 3839 5336 πρόσωπον.
3892 5260 3958 5313 Οἱ
4011 5261 4115 5334 γάρ

2456 5351 2718 5423 ἐνηδόνου
2750 5352 3031 5424 συνηθείας
3069 5348 3541 5424 ἀποδιιστάμενοι,
3592 5348 3683 5404 καὶ
3726 5350 3826 5419 τήν
3867 5349 4012 5424 πρὸς
4054 5349 4120 5403 τὰ

2454 5443 2716 5516 εἰρημένα
2761 5444 2932 5497 πάντα
2988 5438 3355 5515 προσπάθειαν
3414 5439 3788 5510 ἀπωσάμενοι,
3847 5437 3944 5500 τὰς
4004 5437 4117 5493 ἀκί-

2456 5529 2548 5594 δας
2572 5539 2673 5602 τῆς
2716 5530 2900 5603 λύπης
2947 5525 3350 5605 ἀμϐλύὴουσινσ
3388 5529 3415 5583 ὁ
3446 5526 3677 5605 Χριστὸς
3718 5526 3822 5603 γὰρ
3868 5530 3941 5603 τῇ
3981 5527 4115 5604 ἀγω-
