4250 6432
180 391 289 446 385

1124 397 1219 449 DE
1256 392 1711 450 ABSCONDITA
1746 385 2209 447 OPERATIONB
2247 394 2323 449 IN
2358 394 2667 451 CHRISTO

3483 406 3588 461 386

176 514 443 589 νιζομὲνῃ
488 517 645 589 ψυχῇ
695 513 1062 591 ἐμφανίζεται,
1095 516 1186 571 καὶ
1246 516 1419 591 χαρὰν
1454 512 1822 584 ἀνεκλάλητον

1939 516 2093 571 enim
2136 518 2428 586 exercitia,
2454 519 2736 576 salutares
2778 523 3233 592 recordationes;
3277 526 3458 584 divini
3490 547 3583 587 co-

177 602 411 678 παρέχει
444 607 513 676 τῇ
544 601 762 677 καρδίᾳ,
793 604 879 659 καί
910 606 1009 672 τὴν
1038 607 1409 677 πνευματικὴν
1460 604 1631 679 χαρὰν
1678 601 1829 658 οὐδὲν

177 696 284 745 τῶν
339 690 401 746 έκ
446 696 543 746 τοῦ
588 692 804 764 κόσμου
852 698 1121 767 τερπνῶν,
1155 697 1189 763 ἢ
1236 691 1445 765 δεινῶν,
1478 693 1647 767 αἶ’ρειν
1702 693 1833 746 ποτὲ

179 777 410 834 δύναται
447 799 459 812 ’
495 779 717 853 μελέται
750 781 852 856 γάρ
884 782 1100 855 ἀγαθαὶ,
1133 782 1222 836 καὶ
1275 779 1643 856 σωτηριώδεις
1695 788 1831 853 μ.νῆ-

181 890 302 939 μαι,
335 868 427 923 καὶ
476 875 593 932 θεῖα
654 866 1015 942 διανοήματα,
1047 870 1136 924 καὶ
1198 870 1356 945 λόγοι
1414 870 1603 944 σοφίας
1651 867 1832 924 διακο-

173 961 398 1019 νοῦντες
448 963 527 1029 τῷ
576 960 876 1031 ἀγωνιστῇ,
912 956 1365 1035 διαφυλάττουσιν
1416 960 1575 1014 αὐτὸν
1626 958 1675 1012 ἐν
1730 958 1832 1011 πά-

173 1067 291 1107 σαις
349 1052 469 1108 ταῖς
522 1044 672 1109 ὁδοῖς
720 1052 824 1101 τῶν
869 1048 1005 1102 κατά
1054 1049 1181 1102 Θεὸν
1236 1044 1409 1122 ἔργων
1457 1049 1638 1103 αὐτοῦ.
1672 1050 1830 1110 ’Ὀθεν

171 1140 259 1189 καί
315 1131 587 1190 ἐπιϐαίνει
639 1135 726 1191 ἐπὶ
780 1144 950 1191 πᾶσαν
1004 1136 1207 1211 ἄλογον
1262 1136 1691 1209 έπιθυμίαν,καὶ
1742 1140 1833 1191 θυ-

179 1226 279 1297 μὸν
336 1232 612 1299 προπετῆ,
664 1227 904 1298 καθάπερ
958 1226 1045 1281 έπὶ
1098 1224 1297 1281 ἀσπίδα
1344 1228 1433 1281 καὶ
1495 1226 1831 1301 βασιλίσκον,

170 1316 259 1368 καὶ
296 1318 603 1369 καταπατεῖ
634 1314 707 1377 ὡς
742 1314 931 1371 λέοντα
979 1317 1079 1384 τήν
1132 1316 1319 1390 ὀργὴν,
1346 1317 1433 1370 xui
1483 1318 1583 1385 τήν
1627 1313 1832 1384 ἡδονὴν

174 1402 248 1463 ὡς
281 1400 575 1476 δράκοντα.
606 1404 667 1459 Ἡ
703 1402 760 1457 δὲ
788 1404 957 1475 cxi-riu,
990 1404 1073 1457 ὅτι
1128 1410 1299 1458 πᾶσαν
1350 1404 1449 1471 τήν
1494 1401 1691 1457 ἐλπίδα
1734 1405 1836 1458 αὐ-

172 1496 295 1559 τοῦ,
330 1492 440 1545 ἀπὸ
497 1496 606 1545 τῶν
666 1492 967 1567 ἀνθρώπων
1024 1492 1113 1546 καὶ
1173 1497 1280 1547 τῶν
1328 1492 1629 1565 εἰρημένων
1663 1513 1833 1567 πραγ-

180 1579 370 1651 μάτων
420 1581 755 1650 ἀποστήσας,
803 1586 883 1652 τῷ
938 1586 1053 1652 Θεῷ
1125 1580 1449 1655 προσέδησε,
1499 1582 1588 1634 καὶ
1636 1586 1830 1655 γνῶσιν

174 1667 312 1723 Θεοῦ
344 1669 595 1738 πλουτεῖ,
629 1670 717 1723 xui
754 1670 881 1724 Θεὸν
925 1669 1005 1725 ἀεὶ
1050 1675 1253 1745 νοερῶς
1306 1671 1440 1743 πρὸς
1486 1671 1584 1738 τήν
1642 1670 1833 1724 ἑαυτοῦ

178 1759 442 1832 βοήθειαν
476 1758 804 1814 ἐκκαλεῖται,
846 1784 865 1809 ι
914 1761 1037 1813 ’Ὁτι
1085 1758 1167 1813 ἐπ’
1207 1758 1325 1831 ἐμὲ,
1359 1759 1543 1835 φησὶν,
1575 1759 1829 1827 ἤλπισεν,

173 1849 265 1901 xui
301 1846 541 1923 ῥύσομαι
571 1847 730 1902 αὐτόν
760 1866 774 1879 ·
804 1847 1053 1902 σκεπάσω
1084 1848 1272 1919 αὐτὸν,
1302 1848 1383 1901 ὅτι
1431 1847 1565 1921 ἔγνω
1610 1850 1671 1902 τὸ
1720 1844 1833 1901 ὅνο-
1864 1876 1910 1941 Β

181 1941 257 2007 μά
290 1958 399 2009 μου
434 1957 446 1969 ·
479 1939 790 2011 κεκράξεται
848 1937 985 2013 πρός
1048 1958 1134 2010 με,
1164 1938 1255 1992 καὶ
1314 1936 1709 2010 έπακούσομαι,
1741 1937 1830 1991 καὶ

176 2027 239 2080 οὐ
276 2027 442 2099 μόνον
473 2031 578 2081 τῶν
614 2021 917 2090 θλιϐόντων
950 2026 1272 2099 ἀπαλλάξω,
1304 2026 1451 2082 ἀλλά
1478 2025 1569 2081 xui
1625 2024 1832 2097 δοξάσω

176 2116 340 2169 αὐτόν
351 2160 364 2171 .
403 2138 431 2166 ››

245 2206 411 2279 Ὁρᾷς
460 2210 566 2259 τῶν
628 2204 762 2259 κατά
813 2207 943 2260 Θεὸν
1000 2205 1347 2277 ἀσκουμένων
1417 2205 1542 2267 τοὺς
1600 2206 1829 2281 ἀγῶνας,

172 2294 262 2349 xui
325 2295 393 2349 τά
450 2294 689 2359 ἐντεῦθεν
754 2290 1017 2370 βραϐεἷα;
1078 2292 1382 2350 σπούδασον
1466 2294 1661 2349 λοιπὸν
1728 2297 1830 2363 τήν

172 2383 377 2453 κλῆσιν
434 2386 624 2458 πρᾶξιν
684 2388 1012 2454 ποιήσασθαι
1048 2403 1060 2415 ⁸
1122 2386 1210 2439 xui
1269 2386 1341 2446 ὡς
1411 2384 1696 2457 ὲμονώθης
1754 2389 1832 2455 τῷ

177 2474 421 2545 σώματι,
452 2469 918 2546 ἀποϐαλλὸμενος
949 2475 1035 2528 καὶ
1082 2475 1150 2529 τά
1196 2476 1448 2547 νοήματα
1497 2479 1603 2528 τῶν
1661 2494 1829 2548 πραγ-

180 2563 395 2633 μάτων,
434 2564 797 2639 μετημφιάσω
859 2564 922 2616 τὸ
976 2569 1191 2637 σχῆμα,
1232 2565 1467 2633 ποίησον
1512 2564 1600 2616 xui
1659 2562 1827 2635 ξένον,

174 2651 385 2705 ἀπόθου
415 2651 504 2705 καὶ
544 2651 671 2713 τοὺς
707 2649 928 2727 λόγους,
960 2652 1049 2706 καὶ
1094 2651 1221 2714 τοὺς
1272 2655 1650 2727 προσήκοντας
1694 2652 1829 2706 κατὰ

172 2742 356 2814 γένος.
391 2740 455 2796 Ei
490 2742 566 2811 μὴ
598 2741 698 2816 γάρ
731 2741 1077 2815 καταπαύσῃς
1138 2741 1244 2796 ἀπὸ
1292 2745 1391 2806 τῆς
1434 2746 1542 2795 τῶν
1586 2740 1685 2811 ἔξω
1734 2762 1825 2796 πε-

173 2828 582 2904 ριπλανήσεως,
634 2830 697 2884 ού
748 2828 1079 2904 διαναστήσῃ
1130 2830 1266 2905 πρὸς
1321 2830 1445 2892 τοὺς
1503 2828 1698 2885 ἔσωθεν
1750 2832 1827 2885 έν-

174 2916 514 2993 εδρεύοντας.
552 2919 614 2976 Ei
678 2921 755 2992 μὴ
814 2923 1046 2994 νικήσῃς
1095 2920 1223 2983 τοὺς
1280 2918 1372 2975 διὰ
1425 2924 1532 2974 τῶν
1584 2925 1847 2997 φανερῶν·

168 3012 578 3080 ποΑεμοῦντας,
613 3009 677 3063 οὐ
707 3013 1004 3083 τροποῦσαι
1034 3014 1160 3072 τοῦς
1199 3010 1417 3086 ἀφανεῖς
1464 3004 1817 3071 ἐπιϐούλους.

241 3100 413 3154 ’Ὁταν
446 3094 503 3151 δὲ
550 3096 677 3159 τοὺς
732 3096 832 3171 ἔξω
881 3098 1292 3173 περισπασμοὺς
1344 3100 1705 3173 καταργήσῃς,
1736 3099 1826 3152 καὶ

170 3188 303 3248 τοὺς
351 3181 458 3241 ἔσω
535 3185 839 3262 λογισμοὺς
894 3185 1247 3261 καταλείψῃς,
1300 3187 1563 3262 ἐγείρεται
1619 3187 1743 3241 τότε
1799 3188 1825 3241 6

173 3281 305 3338 νοῦς
340 3277 391 3331 έν
423 3282 541 3337 τοῖς
567 3272 747 3352 ἔργοις
779 3278 867 3331 xui
897 3283 1014 3339 τοῖς
1074 3276 1261 3353 λόγοις
1317 3282 1413 3332 τοῦ
1469 3277 1774 3349 πνεύματος
1810 3296 1821 3307 ·

171 3368 262 3420 καὶ
300 3366 418 3420 ἀντὶ
466 3373 566 3435 τῆς
618 3368 905 3436 συνηθείας
931 3372 1038 3421 τῶν
1087 3372 1357 3443 συγγενῶν
1406 3367 1496 3421 καὶ
1556 3370 1824 3437 συνήθων,

171 3454 303 3517 τοὺς
337 3455 575 3529 τρόπους
605 3460 714 3510 τῶν
746 3457 950 3529 ἀρετῶν
985 3456 1224 3517 ἐκτελεῖς
1260 3478 1272 3490 ο
1307 3456 1396 3510 καὶ
1426 3456 1543 3510 ἀντὶ
1573 3461 1681 3510 τῶν
1730 3478 1828 3529 μα-

168 3544 341 3600 ταίων
372 3542 553 3620 λόγων
583 3548 690 3600 τῶν
716 3544 774 3599 ἐκ
801 3548 901 3610 τῆς
930 3552 1198 3619 κοσμικῆς
1232 3544 1451 3618 ὁμιλίας
1471 3548 1824 3619 τικτομένων,

168 3638 203 3703 ἡ
246 3632 478 3707 μελέτη,
511 3634 601 3688 καὶ
632 3636 666 3703 ἡ
704 3631 948 3704 δήλωσις
974 3639 1081 3690 τῶν
1116 3636 1272 3698 θείων
1306 3635 1490 3709 λόγων
1538 3640 1643 3689 τῶν
1692 3635 1829 3689 κατά

174 3724 275 3791 τὴν
365 3720 609 3777 διάνοιαν
696 3723 1056 3795 κινουμένων,
1117 3723 1337 3801 φωτίζει
1418 3724 1504 3778 καὶ
1566 3724 1824 3793 συνετίζει

171 3815 272 3881 τὴν
306 3815 518 3886 ψυχήν.
550 3814 613 3870 Ἦ
647 3809 802 3875 λύσις
861 3818 965 3867 τῶν
1009 3813 1308 3883 αἰσθήσεων
1370 3811 1567 3885 δεσμὸς
1622 3812 1825 3888 γίνεται

170 3909 270 3971 τῆς
302 3906 514 3977 ψυχῆς,
547 3901 638 3955 xui
671 3902 699 3955 6
744 3898 943 3975 δεσμὸς
1002 3907 1108 3956 τῶν
1166 3902 1464 3973 αἰσθήσεων
1517 3900 1824 3978 ἐλευθερίαν

168 3986 425 4065 βραϐεύει
474 3994 543 4063 τῇ
591 3993 745 4065 ψυχῇ
784 4010 794 4021 ’
824 3990 997 4060 ἡλίου
1043 3988 1191 4053 δύσις
1233 3992 1401 4046 νύκτα
1448 3997 1597 4046 ποιεῖ
1630 4011 1641 4023 ο
1675 3991 1763 4045 καὶ
1797 3991 1824 4043 6

161 4080 407 4155 Χριστὸς
451 4080 740 4154 ὑποχωρεῖ
786 4079 845 4134 ἐκ
893 4088 993 4149 τῆς
1043 4084 1249 4155 ψυχῆς,
1278 4080 1368 4135 xui
1417 4086 1523 4135 τῶν
1576 4082 1760 4143 παθῶν
1797 4082 1824 4134 6

156 4169 473 4241 σκοτασμὸς
510 4168 678 4236 αὐτὴν
710 4164 1143 4241 καταλαμϐάνει,
1177 4170 1266 4223 xui
1318 4170 1373 4223 oi
1424 4170 1612 4237 νοητοῖ
1662 4176 1822 4241 θῆρες

155 4260 332 4326 αὐτὴν
397 4255 879 4331 διασπαράττουσι.
913 4257 1217 4315 Ἀνέτειλεν
1276 4258 1303 4313 ό
1349 4258 1608 4327 αἷσθητὸς
1636 4257 1821 4327 ἥλιος,

154 4348 247 4401 xui
285 4350 451 4420 θῆρες
490 4347 583 4413 μὲν
618 4347 941 4422 συνάγονται
975 4347 1050 4409 είς
1096 4349 1194 4410 τάς
1244 4346 1559 4409 καταδύσεις
1598 4348 1771 4402 αὐτῶν
1808 4366 1820 4379 '

159 4434 456 4491 ἀνατέλλει
488 4436 575 4489 xui
612 4437 639 4490 6
671 4436 910 4509 Χριστὸς
945 4435 994 4489 έν
1056 4442 1135 4507 τῷ
1200 4437 1535 4509 στερεώματι
1588 4444 1688 4505 τῆς
1744 4436 1825 4490 εύ-

159 4520 418 4601 χομένης
480 4521 743 4593 διανοιας,
775 4525 865 4579 xui
916 4530 1060 4579 πᾶσα
1092 4528 1125 4594 ἡ
1154 4530 1250 4579 τοῦ
1306 4527 1517 4597 κόσμου
1564 4528 1825 4596 συνήθεια

1940 606 2160 675 gitatus
2210 611 2267 661 et
2311 609 2607 679 sapientiae
2638 610 2813 664 verba
2844 612 3184 668 colluctanti
3210 615 3579 687 inserviunt;

1943 692 2251 765 ipsumque
2275 697 2330 750 in
2364 697 2637 752 omnibus
2668 700 2779 753 viis
2810 703 3152 757 custodiunt
3178 709 3239 757 ut
3267 721 3443 776 opera
3481 710 3579 762 Dei

1942 783 2220 851 perﬁciat.
2258 785 2390 839 Ideo
2410 802 2584 857 super
2607 803 2777 842 omne
2800 788 3198 846 irrationabile
3222 793 3577 850 desiderium

1942 874 1996 923 et
2029 870 2275 926 velocem
2315 879 2528 927 motum
2577 874 2811 939 incedit,
2862 880 3359 948 quemadmodum
3406 900 3583 955 super

1943 959 2205 1028 aspidem
2249 966 2305 1014 et
2346 960 2714 1029 basiliscum,
2767 966 2909 1021 iram
2961 969 3127 1038 quasi
3181 969 3404 1026 leonem
3440 989 3579 1028 con-

1943 1046 2131 1100 culcat
2162 1053 2218 1101 et
2250 1049 2606 1121 voluptatem
2642 1054 2790 1107 sicut
2824 1054 3155 1109 draconem.
3182 1058 3429 1114 Causam
3471 1080 3578 1117 au-

1942 1136 2077 1189 disti
2119 1152 2225 1192 cur
2254 1155 2416 1208 spem
2448 1142 2517 1193 ab
2554 1140 2890 1197 hominibus
2925 1148 3226 1200 retraxerit
3255 1152 3311 1201 et
3343 1166 3374 1203 a
3402 1163 3576 1205 rebus

1943 1225 2234 1293 praedictis
2257 1233 2430 1297 atque
2463 1232 2841 1298 reportaverit
2874 1234 2939 1285 ad
2971 1238 3177 1300 Deum;
3209 1237 3332 1304 jam
3374 1238 3573 1295 divina

1942 1314 2274 1385 cognitione
2316 1316 2542 1371 ditescit
2575 1323 2631 1371 et
2654 1318 2837 1374 Deum
2872 1337 3100 1391 semper
3127 1323 3182 1378 in
3220 1325 3577 1395 adjutorium

1942 1418 2115 1456 suum
2179 1404 2447 1459 invocat.
2497 1430 2516 1453 -
2575 1408 2720 1469 Quia
2777 1410 3030 1478 speravit
3065 1410 3118 1464 in
3154 1429 3264 1479 me,
3315 1413 3575 1472 liberabo

1942 1506 2115 1558 eum;
2182 1499 2479 1565 protegam
2536 1512 2669 1549 eum
2749 1499 2903 1567 quod
2966 1503 3299 1570 cognoverit
3356 1522 3568 1561 nomen

1945 1597 2137 1635 meum
2167 1602 2179 1647 ;
2209 1581 2485 1639 clamabit
2530 1584 2599 1638 ad
2636 1601 2725 1638 me
2759 1593 2813 1639 et
2842 1603 2946 1657 ego
2978 1591 3286 1645 exaudiam
3314 1609 3333 1653 ;
3365 1598 3421 1647 et
3456 1612 3567 1649 non

1942 1685 1973 1722 a
2005 1669 2145 1724 solis
2174 1671 2658 1727 tribulationibus
2712 1674 2968 1730 liberabo
3010 1694 3165 1749 eum,
3216 1681 3315 1735 sed
3368 1686 3424 1737 et
3454 1683 3574 1755 glo-

1942 1758 2178 1814 riticabo
2210 1760 2374 1816 illum
2410 1768 2449 1817 ⁸.
2490 1785 2509 1809 ι

2012 2205 2213 2260 Nonne
2244 2204 2683 2260 colluctantium
2721 2207 2776 2261 in
2811 2211 2919 2262 Deo
2952 2209 3275 2265 certamina
3295 2212 3576 2283 perspicis

1939 2297 1996 2348 et
2018 2310 2145 2365 quae
2176 2294 2319 2365 ipsis
2351 2296 2650 2366 proposita
2680 2296 2799 2350 sint
2832 2300 3111 2368 priemia?
3141 2299 3271 2354 Jam
3307 2318 3571 2372 propera,

1939 2383 2036 2453 qui
2082 2389 2320 2438 vocatus
2366 2400 2449 2451 es,
2504 2389 2565 2438 ut
2614 2401 2788 2456 opera
2834 2387 3131 2458 perticjas!
3181 2393 3435 2460 Corpore
3476 2396 3573 2445 tuo

1939 2479 2241 2543 separatus
2274 2490 2335 2527 es
2367 2491 2395 2527 a
2431 2474 2625 2539 rebus,
2660 2481 2751 2528 ast
2778 2493 2968 2529 rerum
2992 2494 3225 2548 quoque
3247 2478 3571 2534 affectusex

1938 2562 2137 2616 anima
2185 2563 2497 2632 projicias;
2546 2568 2733 2619 totum
2776 2565 3055 2621 immutes
3088 2566 3351 2622 habitum
3384 2575 3439 2623 et
3470 2570 3573 2625 tias

1939 2651 2188 2721 hospes;
2217 2668 2517 2707 sermones
2549 2653 2806 2724 deponas
2840 2655 3061 2724 patrios
3092 2661 3147 2709 et
3187 2657 3470 2727 quidquid
3508 2676 3576 2713 ex

1938 2756 2147 2811 genere
2194 2740 2488 2795 habueris.
2525 2741 2591 2795 Ni
2627 2742 2777 2797 enim
2814 2743 2884 2797 ab
2919 2744 3306 2799 exterioribus
3336 2747 3575 2801 redieris

1940 2830 2440 2900 divagationibus,
2498 2831 2566 2884 ad
2628 2832 2858 2886 interna
2917 2850 3222 2905 nunquam
3282 2836 3571 2892 devenies.

1937 2919 2003 2973 Ni
2037 2918 2199 2989 prius
2231 2934 2330 2973 eos
2360 2920 2765 2993 deviceris,qui
2802 2929 2855 2976 te
2878 2922 3188 2977 visibiliter
3209 2933 3572 2995 oppugnant,

1938 3008 2230 3079 quomodo
2264 3008 2511 3065 insidzas
2542 3009 2795 3064 hostium
2831 3010 3214 3067 invisibilium
3240 3016 3574 3085 superabis?

2006 3098 2148 3152 Cum
2182 3104 2375 3153 autem
2410 3104 2677 3154 externas
2709 3100 3121 3155 distractiones
3153 3104 3429 3157 everteris
3480 3104 3570 3157 in-

1936 3190 2251 3258 ternasque
2300 3189 2701 3259 composueris
2755 3189 3161 3260 cogitationes,
3190 3195 3327 3245 tunc
3365 3208 3573 3263 aggre-

1938 3276 2130 3330 dietur
2160 3277 2403 3347 spiritus
2434 3282 2572 3333 tuus
2602 3293 2776 3349 opera
2808 3284 2864 3333 et
2887 3279 3058 3333 verba
3080 3280 3322 3351 spiritus
3344 3298 3356 3334 :
3378 3298 3573 3337 neces-

1938 3365 2228 3421 sariorum
2280 3371 2335 3421 et
2382 3367 2830 3437 conjunctorum
2882 3384 3051 3422 usum
3112 3369 3459 3424 familiarem
3512 3371 3568 3424 in

1936 3455 2214 3509 virtutum
2265 3455 2715 3527 acquisitionem
2766 3457 3067 3525 immutes;
3121 3475 3224 3529 pro
3264 3459 3455 3524 vanis,
3506 3477 3572 3514 ex

1935 3544 2276 3615 quotidiana
2295 3546 3341 3615 mundanaeonversatione,oriundis
3356 3549 3570 3617 verbis,

1934 3638 2140 3688 sancta
2169 3634 2351 3689 habes
2383 3634 2676 3699 exercitia,
2699 3633 3027 3689 divinorum
3052 3651 3388 3691 sermonum
3410 3653 3571 3691 com-

1936 3724 2423 3791 munirationem,
2456 3723 2671 3793 quibus
2703 3739 2869 3777 mens
2902 3729 3189 3792 movetur,
3215 3725 3411 3779 anima
3441 3742 3572 3781 vero

1936 3810 2311 3867 illuminatur
2333 3816 2388 3867 et
2419 3812 2760 3867 aedificatur.
2813 3812 3103 3867 Sensuum
3157 3813 3370 3868 solutio
3404 3815 3470 3869 fit
3513 3814 3570 3869 in

1933 3901 2143 3956 animas
2173 3902 2491 3969 vinculum;
2525 3901 2860 3955 constrictio
2875 3907 3067 3956 autem
3085 3918 3365 3956 sensuum
3380 3904 3575 3957 evadit

1934 3991 1989 4045 in
2023 3991 2231 4045 animae
2266 3990 2689 4045 liberationem:
2720 3990 2857 4045 solis
2880 4006 3122 4045 occasus
3144 3996 3369 4046 noctem
3396 3993 3570 4047 indu-

1934 4079 2305 4146 cit,Christus
2337 4095 2469 4133 vero
2502 4079 2719 4134 recedit
2748 4080 2818 4134 ab
2834 4079 3113 4145 anima,et
3128 4080 3469 4151 passionum
3490 4086 3572 4135 te-

1935 4169 2126 4223 nebre
2158 4170 2431 4223 incedunt
2450 4168 2854 4239 etspirituales
2870 4168 3063 4222 bestia
3078 4168 3399 4224 dilacerant
3421 4186 3575 4224 men-

1934 4264 2073 4313 tem.
2107 4263 2248 4312 Cum
2284 4258 2368 4313 sol
2403 4256 2499 4312 ille
2530 4256 2780 4311 visibilis
2812 4256 2997 4311 oritur
3028 4258 3095 4311 ad
3132 4257 3386 4313 latebras
3435 4274 3574 4313 suas

1934 4347 2284 4419 confugiunt
2312 4347 2462 4401 ferte:
2499 4350 2554 4401 et
2579 4346 2627 4401 si
2659 4345 2949 4400 Christius
2974 4347 3233 4417 assurgit
3264 4347 3331 4401 ad
3362 4349 3573 4401 contir-

1935 4436 2212 4490 mandam
2247 4440 2501 4490 mentem
2534 4434 2593 4488 in
2626 4432 3116 4498 oratione,statim
3144 4434 3361 4489 difﬂuit
3384 4437 3574 4489 omnis

1934 4527 2237 4580 mundana
2285 4524 2534 4589 affectio,
2586 4522 2867 4578 dilabitur
2922 4522 3175 4578 carnalis
3208 4523 3487 4591 amicitia,
3521 4530 3578 4578 et

159 4632 405 4688 οιχεται,
438 4612 529 4666 xui
578 4614 613 4681 ἡ
665 4610 825 4689 φιλία
871 4620 972 4681 τῆς
1021 4614 1218 4687 σαρκὸς
1270 4615 1629 4688 παρέρχεται,
1665 4615 1753 4668 xui
1796 4616 1822 4669 6

1936 4613 2180 4682 spiritus
2212 4613 2328 4667 exit
2360 4614 2427 4667 ad
2465 4628 2613 4683 opus
2646 4628 2839 4678 suum;
2877 4616 3127 4667 attamen
3148 4611 3369 4668 laboris
3391 4613 3575 4667 divini

154 4703 286 4763 νοῦς
348 4699 731 4775 διαπορεύεται
813 4700 900 4756 ἰπὶ
958 4702 1021 4756 τὸ
1074 4697 1233 4777 ἔργον
1288 4702 1475 4773 αὐτοῦ,
1534 4700 1661 4770 ἤτοι
1709 4708 1815 4757 τῶν

156 4790 319 4855 θείων
380 4792 482 4858 τήν
548 4790 808 4863 μελέτην,
840 4787 944 4853 ἕως
1005 4791 1349 4867 ἑσπέρας,οὐ
1410 4796 1643 4868 καιρικῷ
1706 4790 1818 4847 δια-

154 4882 399 4952 στήματι
457 4879 783 4954 περιορίζων
861 4885 957 4934 τοῦ
1029 4885 1400 4953 πνευματικοῦ
1472 4882 1646 4954 νόμου
1715 4883 1815 4949 τὴν

156 4968 439 5045 ἐργασίαν,
499 4970 589 5023 xui
639 4968 690 5022 έν
756 4970 938 5045 μέτρῳ
992 4971 1194 5041 ταύτην
1256 4970 1611 5043 ποιούμενος,
1673 4968 1817 5025 ἀλλᾶ

154 5060 246 5115 xui
283 5061 489 5135 μέχρις
521 5057 582 5113 ἂν
614 5059 676 5114 τὸ
706 5058 872 5135 πέρας
904 5062 1004 5128 τήν
1053 5059 1334 5135 παροῦσαν
1388 5062 1533 5129 ζωὴν
1579 5058 1816 5115 καταλα-

155 5146 250 5206 ϐὸν
282 5150 389 5219 τήν
423 5148 484 5205 ἐκ
512 5154 609 5205 τοῦ
641 5150 897 5223 σώματος
956 5147 1137 5222 ἔξοδον
1198 5158 1300 5221 τῆς
1346 5155 1531 5228 ψυχῆς
1581 5152 1815 5226 ἀπεργά-

153 5261 325 5297 σεται.
359 5241 430 5296 Ὀ
488 5236 555 5308 δὴ
614 5240 704 5294 καὶ
759 5239 946 5310 δηλῶν
1008 5242 1034 5296 ὁ
1094 5244 1385 5319 προφήτης
1433 5240 1631 5315 λέγει’
1670 5266 1695 5292 ‹‹
1728 5243 1816 5302 Ὡς

152 5331 419 5407 ἠγάπησα
475 5332 565 5385 τὸν
626 5327 795 5403 νόμον
858 5353 975 5402 σου,
1037 5332 1237 5407 Κύριεῐ
1272 5332 1409 5402 ὅλην
1460 5334 1557 5400 τήν
1606 5331 1816 5407 ἡμέραν

156 5420 371 5494 μελότη
409 5419 516 5493 μού
547 5419 686 5475 ἐστιν
722 5440 733 5453 ·
772 5446 800 5473 ››
833 5423 1044 5499 ἡμέραν
1092 5420 1276 5477 καλῶν
1328 5420 1458 5476 ὅλον
1517 5424 1608 5476 τὸν
1671 5420 1818 5477 δίαυ-

155 5510 257 5566 λον
287 5518 395 5581 τῆς
444 5511 729 5586 παρούσης
782 5515 929 5582 ζωῆς
979 5512 1227 5569 ἑκάστου.
1262 5518 1475 5581 Στῆσον
1526 5514 1820 5587 τοιγαροῦν

225 5731 247 5766 ⁸
278 5726 441 5787 Psal.
480 5743 577 5799 xc,
610 5727 695 5798 14,
731 5727 818 5785 15.
894 5728 915 5763 ⁸
940 5728 1095 5787 Psal.
1128 5744 1327 5801 cxvm,
1358 5728 1446 5784 9'7.

1930 4704 2131 4768 tinem,
2194 4703 2292 4773 qui
2354 4718 2627 4772 vesperae
2672 4700 2932 4772 respicit,
2968 4718 3081 4755 non
3116 4702 3185 4755 ad
3230 4701 3569 4756 diuturnam

1927 4792 2209 4863 temporis
2266 4807 2609 4845 mensuram
2670 4790 2866 4853 refert,
2930 4790 3054 4858 sed,
3114 4790 3329 4862 spiritu
3386 4790 3576 4862 legem

1929 4882 2303 4954 perficiendo,
2339 4883 2405 4935 ad
2439 4882 2567 4935 vitae
2600 4879 2920 4934 terminum
2956 4895 3124 4934 suam
3177 4880 3573 4951 operationem

1928 4970 2207 5037 extendit,
2239 4972 2421 5026 donec
2454 4968 2651 5023 anima
2681 4984 2749 5023 ex
2780 4984 3023 5039 corpore
3044 4968 3569 5039 egrediatur.0uod

1926 5065 1997 5127 et
2036 5060 2325 5132 Propheta
2377 5059 2467 5115 his
2503 5059 2693 5114 verbis
2752 5058 3119 5113 demonstrat
3154 5075 3165 5112 :
3222 5081 3250 5107 ‹‹
3286 5059 3571 5125 Quoniam

1926 5150 2097 5205 dilexi
2157 5149 2343 5221 legem
2409 5153 2594 5213 tuam,
2660 5147 2923 5214 Domine,
2984 5152 3107 5202 tota
3136 5148 3229 5201 die
3274 5147 3573 5202 meditatio

1929 5256 2056 5297 mea
2081 5245 2165 5295 est
2198 5240 2238 5295 ⁵.
2281 5260 2306 5291 ιι
2349 5238 2513 5294 Diem
2542 5254 2682 5293 vero
2712 5237 3189 5309 uniuscujusque
3220 5238 3578 5293 dilabentem

1926 5331 2102 5384 vitam
2138 5330 2421 5383 nominat.
2454 5326 2943 5397 Externas'igitur
2974 5326 3245 5382 cohibere
3277 5326 3421 5381 velis
3444 5343 3579 5381 con-

1926 5418 2284 5475 versationes
2301 5424 2358 5473 et
2374 5422 2429 5473 te
2443 5418 2512 5471 ad
2530 5418 2795 5472 internas
2814 5416 3319 5472 confabulationes
3336 5433 3579 5473 conver-

1928 5515 2041 5579 tas,
2075 5510 2217 5565 dum
2249 5507 2441 5565 locum
2472 5523 2633 5579 purae
2658 5505 2943 5562 orationis
2973 5504 3240 5562 invenias
3265 5510 3322 5561 et
3343 5507 3577 5561 domum
