4212 6442
605 427 712 483 387
1742 422 2146 477 THBOLEPTI
2184 421 2877 478 PHILADBLPHIBNBE
3904 422 4018 478 388

608 554 668 607 in
701 568 820 624 qua
848 549 1116 605 Christus
1150 547 1395 602 babitatf
1433 547 1560 617 ipse
1592 545 1954 601 illuminabit
1971 551 2026 601 te
2048 545 2251 601 laetitia

2362 544 2457 606 τὰς
2491 543 2717 617 ὁμιλίας
2748 550 2855 599 τῶν
2878 543 3010 616 ἔξω,
3041 546 3131 601 καὶ
3171 547 3470 602 πύκτευσον
3519 548 3658 624 πρὸς
3711 546 3840 609 τοὺς
3897 547 4009 602 ἔσω

604 659 717 712 que
776 639 1086 711 perfundet
1149 636 1384 692 notione
1415 640 1474 690 et
1502 635 1839 691 visitatione
1871 651 2002 700 sua,
2036 634 2249 689 efficiet

2358 633 2689 707 Λογισμοὺς,
2724 634 2922 709 μέχρις
2954 634 3015 689 ἂν
3046 635 3208 710 εὕρῃς
3252 637 3344 691 τὸν
3389 637 3557 691 τόπον
3613 643 3714 705 τῆς
3765 638 4007 712 καθαρᾶς

606 745 840 802 quoque
874 733 937 782 ut
967 726 1380 781 tribulationes
1411 724 1470 778 in
1495 740 1754 779 amorem
1786 724 1912 792 ejus
1943 729 2250 794 susceptas

2352 728 2689 796 προσευχῆς,
2748 723 2838 776 καὶ
2892 725 2984 776 τὸν
3047 725 3216 791 οἷκον,
3268 723 3320 778 έν
3367 723 3414 796 ᾧ
3465 726 3694 800 Χριστὸς
3737 730 3999 792 κατοικεῖ,

604 834 708 873 ceu
729 815 1009 888 gaudium
1032 813 1344 868 habiturus
1363 813 1446 868 sis
1489 817 1545 867 et
1588 829 1621 867 a
1660 813 1979 867 mundanis
2020 811 2248 866 deliciis

2354 809 2604 884 φωτίζων
2661 810 2752 864 καὶ
2807 809 3118 884 γλυκαίνων
3175 832 3232 864 σε
3413 811 3726 887 ἐπιγνώσει,
3783 812 3869 866 καὶ
3926 816 3996 885 τῇ

605 923 708 960 ceu
766 906 837 959 ab
888 902 1185 958 absinthio
1234 902 1315 956 sis
1366 917 1728 956 recessurus.
1775 899 2032 971 Spiritus
2066 900 2247 954 maris

2352 896 2626 971 ἐπισκέψει
2684 898 2870 968 αὐτοῦ,
2924 899 3013 954 καὶ
3067 901 3486 976 παρασκευάζων
3549 901 3643 963 τὰς
3707 902 3801 974 μὶν
3863 901 3995 973 ὑπὲρ

603 995 897 1049 suscitant
928 992 1161 1055 ﬂuctus,
1196 996 1251 1046 et
1283 991 1339 1044 ni
1371 990 1691 1044 ceciderint
1719 989 1899 1052 venti,
1932 1006 2045 1043 non
2091 988 2250 1042 desi-

2353 987 2515 1041 αὐτοῦ
2577 986 2787 1061 θ)ίψεις
2840 989 3089 1061 ἡγεῖσθαι
3170 991 3366 1064 χαρὰν,
3418 991 3515 1053 τὰς
3600 989 3657 1045 δὶ
3726 990 3996 1063 κοσμικὰς

603 1088 753 1138 nunt
782 1083 994 1136 ﬂuctus
1029 1097 1133 1135 nec
1161 1081 1230 1134 ad
1265 1095 1536 1134 serenum
1568 1079 1813 1133 redeunt
1840 1078 2045 1143 maria;
2076 1077 2247 1148 spiri-

2350 1073 2552 1143 ἡδονὰς
2626 1078 2865 1152 καθάπερ
2945 1099 2996 1133 τι
3059 1077 3307 1152 ἀψίνθιον
3388 1081 3464 1152 μὴ
3537 1077 3868 1153 προσίεσθαι.
3922 1080 4000 1132 Τὰ

599 1179 694 1227 tus
729 1177 920 1227 autem
957 1170 1190 1225 malitiae
1223 1172 1279 1223 in
1318 1169 1516 1223 anima
1548 1170 1780 1222 incauta
1813 1168 2067 1221 excitant
2100 1168 2244 1222 ima-

2348 1165 2624 1238 πνεύματα
2706 1174 2804 1235 τῆς
2893 1167 3174 1238 θαλάσσης
3246 1167 3438 1244 ἐγείρει
3495 1169 3562 1223 τὰ
3616 1168 3850 1241 κύματα,
3905 1168 4001 1222 καὶ

599 1261 768 1334 gines
822 1272 1155 1332 parentum,
1189 1261 1456 1327 fratrum,
1490 1259 1962 1328 conjunctorum,
1996 1273 2242 1311 consue-

2349 1253 2396 1307 εἷ’
2430 1256 2504 1325 μῆ
2538 1253 2838 1310 παύσονται
2898 1258 2950 1310 οἱ
3005 1254 3219 1329 ἄνεμοι,
3248 1258 3312 1312 οὐ
3351 1258 3578 1327 κοπάζει
3635 1259 3703 1312 τὰ
3757 1257 3998 1329 κύματα⁹

601 1360 835 1419 torum,
894 1350 1334 1416 conviviorum,
1388 1349 1706 1412 festorum,
1765 1348 2123 1401 theatrorum
2185 1351 2244 1402 et

2346 1343 2434 1396 καὶ
2470 1343 2578 1417 οὐχ
2606 1346 2910 1419 ἡμεροῦται
2941 1347 2975 1414 ἡ
3009 1345 3254 1408 θάλασσα
3288 1365 3301 1378 ·
3334 1346 3426 1400 καὶ
3455 1346 3524 1400 τὰ
3560 1347 3840 1418 πνεύματα
3894 1352 3997 1413 τῆς

602 1441 869 1495 omnium
920 1439 1284 1510 voluptatum
1344 1437 1807 1508 phantasmata;
1881 1435 2239 1490 desiderium

2349 1433 2615 1504 πονηρίας
2675 1434 3016 1489 ἀνακινοῦσιν
3076 1433 3128 1489 ἐν
3205 1439 3273 1508 τῇ
3348 1438 3502 1511 ψυχῇ
3571 1439 3668 1490 τοῦ
3753 1433 4001 1507 ἀμελοῦς

598 1531 886 1584 inducunt
918 1528 1035 1581 haec
1067 1527 1265 1582 omnia
1289 1532 1344 1580 et
1371 1526 1577 1594 oculis,
1602 1530 1659 1580 et
1689 1524 1975 1595 lingua,et
2005 1540 2242 1595 corpore

2351 1523 2571 1593 μνήμην
2661 1524 2869 1595 γονέων
2903 1566 2917 1590 ,
2978 1521 3225 1599 ἀδελφῶν
3261 1568 3276 1592 ,
3335 1528 3650 1598 συγγενῶν,
3709 1526 3998 1593 συνήθων,

599 1619 711 1672 sibi
775 1618 1176 1688 comparandi,
1231 1632 1296 1671 eo
1355 1616 1468 1669 fine
1521 1620 1584 1668 ut
1638 1619 1974 1686 praesentem
2034 1614 2239 1668 horam

2347 1610 2689 1682 συμποσίων,
2742 1611 3121 1687 πανηγύρεων,
3183 1613 3440 1688 θεάτρων,
3498 1614 3588 1667 καὶ
3645 1616 3751 1667 τῶν
3800 1610 3996 1666 ἄΑλων

597 1707 882 1777 deperdas
931 1706 989 1759 in
1039 1706 1212 1759 rebus
1262 1703 1557 1769 inanibus,
1593 1709 1649 1758 et
1679 1705 2068 1773 subsequens,
2103 1717 2237 1756 cum

2345 1700 2560 1753 πάντων
2613 1704 2714 1763 τῆς
2774 1698 2979 1769 ἡδονῆς
3031 1701 3440 1778 φαντασμάτων,
3473 1702 3564 1756 καὶ
3618 1701 4000 1776 ὑπαγορεύου-

597 1797 759 1850 solus
793 1796 850 1849 in
883 1793 1094 1848 cellula
1124 1793 1400 1860 fueris,in
1438 1792 1839 1846 recordatione
1862 1791 2152 1845 dictorum
2182 1794 2238 1843 et

2345 1809 2427 1841 σιν
2487 1783 2629 1860 ὄψει,
2689 1789 2779 1842 καὶ
2838 1791 3076 1862 γλώττῃ,
3137 1790 3225 1843 καὶ
3284 1791 3499 1862 σώματι
3572 1796 3672 1859 τήν
3735 1790 3993 1865 ἐντυχίαν

588 1885 849 1938 visorum
883 1888 1229 1947 evanescat;
1276 1882 1353 1934 ita
1403 1880 1673 1934 monachi
1719 1881 1834 1933 vita
1884 1880 2236 1933 terminatur

2343 1875 2755 1944 ποιεῖσθαι,’ίνα
2783 1879 2870 1931 καὶ
2916 1881 2943 1946 ἡ
3000 1878 3265 1933 ένεστῶσα
3312 1878 3426 1954 ὥρα
3486 1878 3832 1934 ἀναλίσκεται
3884 1900 3995 1951 μα-

590 1974 815 2042 absque
849 1971 1120 2026 utilitate:
1159 1971 1471 2024 mundanae
1502 1971 1869 2040 operationes
1890 1986 1990 2039 per
2012 1984 2231 2022 memo-

2337 1965 2524 2032 ταίως,
2556 1931 2645 2019 καὶ
2677 1967 2711 2033 ἠ
2755 1931 3195 2035 έπιοδὲα,ἡ’νίκᾎι
3239 1931 3409 2040 pag.
3471 1931 3842 2042 agas;
3884 1931 3995 2021 ζεζδ

590 2061 734 2115 riam
755 2059 1475 2115 transeuntetindiciasUa
1492 2058 1899 2128 relinquuntin
1919 2056 2233 2127 intelligen-

2333 2053 2582 2121 κελλίου,
2616 2052 2914 2110 δαπανᾶται
2945 2055 2999 2109 έν
3048 2062 3166 2118 ταῖς
3223 2059 3468 2130 μνήμαις
3520 2062 3630 2112 τῶν
3690 2056 3993 2121 θεαθέντων

586 2149 859 2215 tia,sicut
888 2155 944 2203 et
969 2148 1142 2219 pedes
1159 2147 1414 2202 hominis
1431 2164 1531 2216 per
1553 2149 1740 2200 nivem
1764 2144 2227 2210 incedentis,ibi-

2331 2143 2421 2196 καὶ
2483 2143 2834 2214 λαληθέντων
2872 2167 2883 2179 ·
2919 2146 3005 2199 καὶ
3065 2145 3207 2200 οὕτω
3264 2147 3566 2214 ἀσυντεΛὴς
3625 2149 3652 2216 ἡ
3722 2148 3834 2216 ζωὴ
3886 2150 3993 2201 τοῦ

587 2239 719 2292 dem
735 2237 978 2308 vestigia
995 2253 1101 2291 sua
1115 2235 1190 2289 im
1203 2236 1622 2306 presseruntSi
1641 2235 1775 2289 feris
1789 2236 2004 2288 victum
2020 2233 2230 2305 praebe-

2335 2237 2583 2306 μοναχοῦ
2632 2231 2930 2306 διανύεται,
2962 2235 3038 2296 είς
3086 2236 3356 2308 κοσμικὰς
3406 2235 3657 2310 ἐργασίας
3704 2235 3799 2296 τὰς
3854 2236 3990 2289 ἰαυ-

585 2326 1048 2396 mus,numquid
1075 2323 1206 2378 illas
1240 2323 1635 2378 destruimus?
1663 2323 1720 2377 Si
1745 2323 1936 2378 verbis
1968 2327 2022 2376 et
2056 2321 2228 2377 factis

2331 2326 2436 2375 τῶν
2498 2324 2714 2394 μνήμας
2767 2322 3070 2400 γλύφουσιν
3126 2323 3177 2379 έν
3237 2328 3305 2398 τῇ
3358 2323 3590 2395 διανοίᾳ,
3621 2323 3857 2399 καθάπερ
3891 2323 3994 2379 πό-

584 2416 966 2485 indulgemus
1002 2413 1241 2468 insulsis
1274 2412 1552 2467 amicitiis
1589 2418 1647 2466 ct
1672 2413 2222 2477 consuetudinibus,

2330 2408 2417 2473 δες
2473 2413 2762 2486 ἀνθρώπου
2807 2413 2874 2466 τὰ
2923 2411 3033 2467 ἴδια
3078 2412 3211 2488 ἴχνη
3264 2414 3316 2467 έν
3368 2414 3518 2488 χιό-ιι
3556 2411 3884 2490 βαδίζοντες.
3920 2413 3990 2468 Εἰ

585 2504 912 2575 nunmquid
949 2502 1140 2557 carnis
1164 2502 1487 2574 appetitum
1514 2502 1961 2556 mortiﬁcamus?
1983 2502 2225 2566 Quando

2333 2500 2531 2574 βρῶμα
2585 2497 2704 2561 τοῖς
2770 2501 2982 2575 θηρίοις
3039 2505 3376 2578 παρέχομεν,
3410 2503 3542 2557 πότε
3597 2502 3987 2573 θανατώσομεν

583 2601 777 2648 autem
832 2592 1167 2670 inquisituri
1218 2608 1426 2646 sumus
1476 2594 1654 2644 vitam
1690 2607 1868 2661 quam
1901 2593 2224 2645 secundum

2327 2589 2498 2656 αὐτά;
2532 2591 2618 2643 καὶ
2668 2591 2713 2644 εἰ
2775 2590 2826 2644 ἐν
2887 2586 3066 2666 ἔργοις
3117 2592 3208 2645 καὶ
3266 2590 3563 2665 λογισμοῖς
3613 2599 3712 2660 τῆς
3773 2589 3990 2665 ἀλόγου

579 2682 876 2736 Christum
911 2697 1121 2735 sumus
1156 2679 1431 2750 professi?
1462 2681 1593 2744 Quae
1625 2697 1692 2733 ex
1725 2681 1971 2749 pedibus
2004 2681 2060 2732 in
2096 2680 2225 2734 nive

2329 2675 2513 2752 φιλίας
2545 2678 2635 2732 καὶ
2694 2680 2978 2749 συνηθείας
3037 2678 3475 2755 ἀδολεσχοῦμεν,
3507 2681 3640 2735 πότε
3694 2683 3793 2757 τῆς
3849 2700 3989 2755 σαρ-

581 2777 902 2840 supersunt
961 2769 1227 2840 vestigia,
1282 2768 1368 2822 vel
1421 2770 1561 2822 solis
1607 2770 1788 2822 radiis
1821 2769 1907 2822 vel
1943 2769 2222 2823 imbrium

2331 2765 2419 2826 κὸς
2470 2768 2808 2841 νεκρώσομεν
2851 2769 2912 2822 τὸ
2971 2768 3278 2846 φρόνημα;
3340 2769 3473 2824 πότε
3525 2771 3586 2837 ἣν
3647 2765 3994 2841 ἐπηγγειλά-

579 2860 750 2929 aquis
801 2860 1196 2920 destruentur,
1251 2874 1376 2928 quae
1407 2874 1542 2911 vero
1577 2858 1868 2911 memoriae
1919 2857 2223 2928 impressae

2332 2866 2466 2925 μεθα
2495 2859 2630 2909 κατὰ
2661 2857 2891 2930 Χριστὸν
2954 2859 3100 2925 ζωήν
3163 2860 3400 2930 ζήσομεν
3427 2879 3442 2927 ;
3474 2859 3535 2915 Ὀ
3595 2858 3647 2911 ἐν
3683 2857 3829 2932 χιόνι
3886 2856 3995 2910 τύ-

582 2954 721 3003 sunt
765 2948 1052 3016 imagines
1100 2963 1169 3001 ex
1203 2948 1470 3017 jucundo
1503 2949 1807 3001 verborum
1843 2951 1899 3000 et
1932 2947 2218 3001 factorum

2324 2964 2425 2997 ποε
2483 2949 2592 2999 τῶν
2651 2943 2860 3017 ποδῶν,
2894 2945 2927 3014 ἢ
2962 2944 3280 3019 λάμψαντος
3338 2946 3504 3016 ἡλίου
3567 2945 3773 3014 λύεται,
3806 2945 3840 3014 ἢ
3876 2966 3987 2999 κα-

581 3038 778 3092 babitu
813 3038 881 3091 ad
919 3037 1167 3091 nihilum
1203 3037 1613 3108 redigentur,si
1637 3037 1903 3092 Christus
1936 3037 1992 3090 in
2027 3042 2221 3091 mente

2321 3033 2675 3108 ταρῥαγέντος
2737 3033 2929 3096 ὕδατος
2988 3035 3200 3110 ο⁹ίχεται
3258 3055 3270 3066 ·
3330 3037 3421 3090 καὶ
3473 3037 3528 3090 αἱ
3596 3034 3981 3099 κοιλανθεῖσαι

585 3143 685 3197 per
745 3127 1073 3181 orationem
1127 3126 1414 3201 assurgit
1446 3131 1500 3180 et
1550 3126 1598 3180 si
1638 3143 1704 3180 ex
1749 3126 1926 3180 corde
1966 3127 2215 3181 contrito

2327 3129 2540 3194 μνῆμαι
2572 3122 2622 3176 έν
2648 3129 2714 3197 τῇ
2748 3121 2961 3196 διανοίᾳ
2991 3123 3050 3178 έκ
3085 3122 3390 3201 φιληδόνου
3422 3122 3712 3189 διαθέσεως
3740 3115 3835 3179 ’καὶ
3868 3128 3985 3178 τῶν

580 3215 851 3270 defluunt
867 3215 1032 3269 rivuli
1051 3200 1465 3287 lacrymarum.

2329 3211 2588 3283 πράξεων,
2627 3214 2731 3268 ὑπὸ
2761 3215 2999 3286 Χριστοῦ
3026 3200 3124 3269 τοῦ
3154 3213 3555 3276 ἀνατέλλοντος
3579 3214 3633 3270 έν
3664 3218 3732 3288 τῇ
3779 3211 3992 3288 καρδίᾳ

2248 3283 2292 3348 0
2332 3297 2420 3354 διὰ
2476 3283 2818 3377 προσευχῆς,
2848 3304 2938 3357 καὶ
2989 3309 3088 3372 τῆς
3142 3303 3536 3359 εὐκατανύκτου
3598 3283 3811 3378 βροχῆς
3852 3283 3991 3357 ’τῶν

2328 3387 2574 3467 δακρύων
2605 3391 3026 3470 ἐξαφανίζονται.

645 3518 701 3574 Si
720 3519 1042 3575 monachus
1059 3535 1120 3573 se
1138 3535 1248 3573 non
1266 3518 1533 3574 rationali
1553 3521 1723 3574 modo
1749 3519 2216 3591 gerit,numquid

2395 3518 2456 3574 Ὀ
2514 3522 2645 3592 γοῦν
2708 3519 2783 3590 μὴ
2842 3519 2978 3573 κατά
3028 3516 3193 3594 λόγον
3247 3517 3496 3594 πράττων
3537 3518 3802 3593 μοναχὸς,
3834 3517 3981 3574 πότε

573 3608 782 3664 insitas
813 3613 870 3662 et
898 3609 1215 3679 impressas
1245 3609 1549 3679 opiniones
1581 3609 1786 3664 evellet
1807 3627 1875 3663 ex
1906 3609 2132 3664 animo?
2157 3610 2216 3664 In

2322 3606 2416 3668 τὰς
2472 3605 2522 3661 ἐν
2582 3611 2649 3681 τῇ
2710 3604 2919 3678 διανοίᾳ
2975 3606 3283 3682 προλήψεις
3337 3608 3663 3682 ἀπαλείψεις
3714 3606 3975 3665 Τελεῖται

573 3715 814 3769 corpore
846 3702 946 3752 tuo
980 3697 1244 3767 perficies
1271 3698 1515 3753 virtutes
1547 3698 1596 3753 si
1629 3699 1906 3753 saaculare
1939 3715 2217 3754 commer-

2323 3699 2512 3771 πρᾶξις
2570 3697 2772 3771 ἀρετῶν
2825 3697 2874 3751 ἐν
2930 3702 3008 3769 τῷ
3069 3698 3304 3770 σώματι,
3338 3698 3429 3753 ἐὰν
3474 3696 3811 3773 καταλείψῃς
3868 3698 3976 3766 τήν

574 3788 729 3841 cium
781 3788 1144 3857 deposueris.
1191 3787 1359 3840 Bonae
1391 3787 1718 3843 formantur
1749 3788 2132 3860 cogitationes
2163 3799 2219 3843 et

2320 3789 2417 3839 τοῦ
2473 3786 2686 3858 κόσμου
2742 3788 3048 3857 συνήθειαν,
3105 3790 3412 3845 Τυποῦνται
3473 3794 3685 3861 μνῆμαι
3752 3787 3983 3863 ἀγαθαὶ,

571 3877 752 3931 divini
801 3877 859 3930 in
912 3884 1101 3931 mente
1145 3875 1415 3931 habitant
1463 3893 1786 3946 sermones,
1832 3879 1879 3933 si
1922 3877 2216 3932 continuis

2323 3877 2408 3930 καὶ
2443 3877 2584 3929 θεῖοι
2612 3874 2767 3950 λόγοι
2800 3875 3209 3954 φιλοχωροῦσιν
3262 3875 3316 3931 έν
3363 3881 3432 3951 τῇ
3491 3881 3668 3953 ψυχῇ,
3701 3875 3787 3932 ἐὰν
3847 3899 3983 3932 συν-

570 3967 844 4038 precibus
877 3965 1082 4020 effusis
1114 3970 1169 4020 et
1198 3967 1371 4021 corde
1403 3967 1646 4022 contrito
1683 3966 2023 4022 memoriam
2061 3968 2218 4037 prio-

2325 3968 2504 4040 εχέσιν
2537 3964 2745 4040 εὐχαῖς,
2778 3967 2910 4036 μετᾶ
2969 3967 3178 4041 θερμῆς
3234 3966 3568 4040 κατανύξεως
3627 3967 3984 4040 ἀνυομέναις,

564 4074 691 4110 rum
726 4056 1027 4111 actionum
1061 4054 1537 4111 deleveris.Fidei
1575 4055 1932 4112 illuminatio
1957 4073 2082 4127 quaa
2117 4073 2219 4128 per

2323 4053 2375 4108 ἓν
2433 4057 2502 4126 τῇ
2563 4050 2771 4124 διανοίᾳ
2826 4054 2922 4115 τὰς
2983 4056 3204 4127 μνήμας
3250 4059 3357 4110 τῶν
3389 4055 3670 4131 προτέρων
3725 4055 3985 4130 πράξεων

566 4145 1031 4200 recordationem
1067 4144 1165 4199 Dei
1193 4151 1468 4215 operatur
1500 4153 1555 4200 et
1585 4146 1856 4200 contritio
1887 4146 2218 4212 cordis,no-

2328 4141 2632 4216 ἐξαλείψῃς.
2686 4143 2747 4199 Ὀ
2789 4142 3070 4216 φωτισμὸς
3124 4143 3226 4220 γὰρ
3284 4146 3382 4212 τῆς
3441 4145 3673 4205 πίστεως
3730 4140 3827 4214 τῆς
3880 4150 3991 4200 τοῦ

567 4233 785 4289 vaculaa
812 4234 878 4287 ad
918 4233 1123 4302 instar,
1159 4234 1344 4289 malas
1378 4235 1759 4306 cogitationes
1790 4237 2083 4291 excidunt.
2130 4236 2214 4290 Ad

2330 4229 2455 4286 Θεοῦ
2507 4233 2756 4304 μνήμης,
2793 4231 2881 4285 καὶ
2940 4234 2974 4300 ἡ
3035 4227 3292 4302 συντριΕή
3353 4238 3452 4302 τῆς
3507 4230 3758 4310 καρδίας,
3818 4230 3993 4304 δίκην

565 4325 766 4394 apium
821 4322 1120 4393 exemplar
1165 4324 1365 4378 facias.
1401 4324 1542 4380 Cum
1577 4343 1885 4397 vesparum
1919 4325 2212 4397 pullitiem

2326 4319 2505 4396 ξυρίου
2562 4321 2659 4382 τὰς
2719 4321 2965 4395 πονηρὰς
3028 4321 3316 4393 ἀποξέουσι
3380 4324 3624 4395 μνήμας.
3677 4324 3989 4395 Μιμήθητι

566 4413 1167 4471 circumvolitantium
1203 4413 1487 4483 sentiunt,
1518 4420 1823 4471 remanent
1853 4415 1910 4469 in
1944 4415 2215 4470 alveariis

2327 4415 2426 4464 τῶν
2492 4408 2765 4483 μελισσῶν
2820 4411 2920 4478 τήν
2979 4410 3197 4488 σοφίαν.
3257 4411 3492 4468 Ἐκεῖναι
3564 4410 3666 4488 γάρ
3734 4408 3990 4468 εἰδοῦσιι

566 4506 621 4556 et
666 4501 914 4556 insidias
967 4503 1245 4556 devitant.
1293 4504 1612 4559 Saeculares
1662 4509 1982 4560 canventus
2005 4522 2212 4576 vespa-

2330 4501 2382 4555 τὸ
2413 4505 2621 4573 σμῆνος
2653 4505 2760 4554 τῶν
2790 4504 3013 4578 σφηκῶν
3043 4499 3166 4575 περὶ
3198 4501 3364 4562 αὐτὰς
3395 4503 3496 4570 τὴν
3541 4507 3738 4570 πτῆσιν
3787 4522 3993 4556 ποιου-

567 4608 697 4645 rum
730 4591 856 4645 loco
881 4591 1206 4658 considera;
1246 4592 1350 4647 hos
1384 4596 1432 4649 si
1480 4611 1692 4665 magno
1726 4595 1944 4665 fugeris
1993 4596 2210 4662 studio,

2332 4591 2522 4663 μένων,
2555 4585 2704 4644 ἔνδον
2736 4593 2831 4644 τοῦ
2882 4584 3121 4661 σίμϐλου
3179 4589 3578 4665 παραμένουσι,
3612 4591 3698 4645 καὶ
3756 4591 3854 4660 τήν
3918 4589 3995 4648 ἔκ

689 4644 696 4645 ,
765 4644 774 4645 ,
839 4644 844 4645 ,
891 4644 902 4646 ,
1007 4644 1016 4645 ,
1388 4644 1432 4649 __
1480 4644 1688 4665 ,ηοη
1726 4644 1942 4665 ηοω-
1994 4644 2210 4662 _-___-,

562 4680 633 4733 ad
669 4679 1007 4734 interiorem
1041 4685 1094 4734 te
1118 4681 1362 4752 recipies
1387 4683 1728 4738 monasterii
1751 4689 2005 4754 portum,
2032 4683 2212 4739 cellu-

2331 4644 2429 4734 τῶν
2481 4644 2790 4734 ἐπιϐούλων
2874 4644 3088 4754 βλιάϐην
3166 4644 3994 4756 διαδιδράσκουσιν.Σφὴκίας

564 4767 680 4822 lam
733 4767 1022 4837 videlicet,
1077 4769 1272 4840 ibique
1320 4772 1572 4828 tentabis
1624 4779 1686 4827 ut
1731 4772 1997 4828 intimam
2053 4779 2212 4828 tuam

2330 4770 2434 4824 νόει
2462 4770 2558 4830 τὰς
2589 4769 2856 4842 κοσμικὰς
2907 4769 3223 4844 συντυχίας.
3256 4769 3461 4831 Ταύτας
3513 4767 3726 4842 σπουδῇ
3782 4767 3993 4844 πολλῇ

563 4858 833 4913 aditurus
885 4861 968 4914 sis
1012 4863 1293 4928 animam,
1329 4863 1387 4916 in
1421 4879 1535 4933 qua
1567 4861 1793 4917 habitat
1825 4861 2113 4931 Christus,
2157 4867 2213 4918 et

2328 4861 2558 4938 φεύγων,
2607 4859 2885 4935 παράμενε
2963 4857 3014 4912 έν
3101 4863 3180 4930 τῷ
3262 4856 3472 4932 ταμείῳ
3535 4863 3633 4913 τοῦ
3696 4857 3991 4933 σεμνείου,

562 4963 696 5001 cum
759 4947 890 5019 ipso
951 4951 1117 5006 adest
1178 4969 1308 5023 pax,
1369 4952 1652 5022 gaudium
1705 4958 1763 5007 et
1811 4952 2212 5024 tranquillitas

2332 4950 2602 5006 κάντεῦθεν
2644 4952 2815 5020 πειρῶ
2853 4946 3019 5002 πάλιν
3074 4948 3414 5023 είσέρχεσθαι
3473 4948 3524 5004 ἐν
3573 4953 3653 5021 τῷ
3708 4945 3995 5023 ἐνδοτέρῳ

573 5038 764 5091 firma.
816 5044 947 5094 Haec
1004 5042 1156 5096 dona
1211 5046 1351 5096 sunt
1398 5041 1634 5111 Christi,
1666 5042 1809 5098 solis
1841 5042 2209 5114 spiritualis;

2331 5043 2418 5111 τῆς
2451 5043 2638 5115 ψυχῆς
2666 5035 2932 5116 φρουρίῳ,
2967 5039 3099 5112 ὅπερ
3151 5037 3298 5099 οἶκος
3352 5038 3589 5113 Χριστοῦ
3649 5037 3808 5111 ἔστιν,
3842 5036 3896 5092 ἐν
3933 5037 3994 5112 ᾧ

571 5127 724 5181 sicut
743 5129 936 5184 radios
970 5129 1069 5186 illa
1100 5132 1315 5186 emittit
1356 5139 1410 5187 et
1443 5133 1500 5186 in
1516 5133 1839 5187 mercedem
1857 5132 2213 5188 animaecon-

2326 5128 2539 5200 εἰρήνη,
2591 5125 2680 5181 καὶ
2741 5124 2905 5200 χαρὰ,
2967 5125 3056 5178 καὶ
3140 5123 3354 5201 γαλήνη
3445 5120 3679 5200 βεϐαίως
3761 5127 3989 5202 ὁρᾶται.

571 5220 744 5290 cepit,
780 5238 905 5292 quae
935 5228 1126 5294 ipsum
1163 5241 1294 5280 cum
1326 5225 1435 5279 fide
1466 5236 1518 5279 et
1549 5241 1746 5280 amore
1776 5224 2043 5297 suscipit.
2068 5229 2212 5281 Cum

2332 5220 2435 5275 Γοῦ
2486 5219 2688 5285 νοητοῦ
2745 5212 2915 5283 ἡλίου
2961 5216 3198 5289 Χριστοῦ
3255 5215 3322 5268 τὰ
3367 5211 3518 5289 δῶρα
3572 5219 3760 5285 ταῦτα,
3804 5215 3995 5271 καθά-

568 5310 626 5363 in
670 5309 1005 5369 babitaculo
1056 5321 1155 5369 tuo
1185 5315 1386 5381 fueris,
1419 5316 1490 5370 de
1521 5315 1634 5371 Deo
1667 5315 1908 5387 cogites,
1944 5314 2210 5371 animum

2333 5327 2421 5381 περ
2479 5306 2626 5366 τινὰς
2685 5305 2902 5366 ἀκτῖνας
2969 5305 3097 5378 παρ’
3155 5304 3348 5358 ἑαυτοῦ
3424 5303 3822 5378 ἐκπέμποντος,
3884 5307 3996 5362 καὶ

566 5399 638 5453 ab
698 5403 971 5456 omnibus
1032 5404 1343 5459 abstrahas
1401 5409 1457 5458 et
1515 5405 1637 5459 sine
1697 5420 1834 5460 voce
1881 5404 2097 5460 referas
2139 5406 2208 5460 ad

2330 5397 2502 5471 ὥσπερ
2560 5394 2680 5448 τινὰ
2742 5393 2932 5466 μισθὸν
3009 5396 3397 5469 παρεχομένου
3453 5398 3523 5468 τῇ
3588 5391 3993 5471 ὑποδεχομένη

564 5489 782 5558 Deum;
817 5508 1021 5548 omnes
1054 5494 1243 5549 cordis
1278 5493 1355 5548 tui
1388 5493 1801 5566 dispositiones
1837 5493 1948 5566 ipsi
1981 5496 2212 5566 aperias

2330 5486 2481 5541 ιύτὸν
2538 5486 2693 5558 ψυχῇ
2756 5483 2890 5554 μετὰ
2941 5481 3176 5546 πίστεως
3204 5481 3291 5538 καὶ
3336 5481 3689 5560 φιλοκαλίας.
3715 5486 3993 5558 Καθήμι-

565 5584 622 5632 et
645 5580 946 5636 adhaareas
973 5601 1074 5654 per
1096 5600 1377 5640 amorem.
1412 5583 1542 5638 Haec
1573 5584 1730 5639 enim
1754 5584 1856 5638 Dei
1885 5584 2211 5640 recordatio

2334 5597 2410 5637 νος
2439 5579 2565 5651 γοῦν
2623 5572 2675 5627 έν
2722 5576 2804 5643 τῶ
2854 5569 3014 5644 σ’ίκῳ,
3050 5571 3357 5644 μνημόνευε
3403 5576 3557 5644 Θεοῦ,
3590 5571 3827 5649 ἐπαίρων
3886 5575 3997 5630 τὸν

560 5669 731 5738 quasi
780 5670 1012 5728 intuitio
1071 5683 1191 5728 est:
1245 5675 1452 5729 animm
1485 5690 1694 5730 sensus
1725 5678 1782 5728 et
1812 5672 2012 5729 oculos
2044 5674 2114 5728 ad
2149 5691 2210 5731 se

2332 5671 2443 5723 θοῦν
2504 5665 2609 5719 ἀπὸ
2664 5661 2902 5729 πάντων,
2959 5661 3051 5715 καὶ
3126 5662 3264 5735 πρὸς
3339 5663 3433 5718 τὸν
3500 5665 3628 5718 Θεὸν
3687 5663 3995 5738 ἀφθόγγως

553 5759 732 5815 trahit
765 5765 936 5830 Deus,
958 5763 1058 5834 qui
1092 5763 1317 5820 lumine
1348 5780 1457 5821 suo
1491 5768 1751 5821 mentem
1775 5763 2209 5821 considerantis

2326 5754 2679 5833 ἐπιρρίπτων,
2707 5749 2799 5807 καὶ
2827 5754 2999 5806 πᾶσαν
3048 5757 3149 5821 τῆς
3185 5749 3413 5828 καρδίας
3464 5750 3698 5809 διάθεσιν
3758 5751 3989 5830 έκχέων
