4258 6438
188 391 302 448 389

1136 393 1233 446 DE
1271 390 1722 447 ABSOONDITA
1757 392 2231 450 ΟΡΒΒΔΤΙΟΝΚ
2268 396 2345 451 IN
2381 396 2691 454 CHBIBTO

3515 405 3621 461 390

186 516 425 570 ἐνώπιον
458 514 648 585 αὐτοῦ,
677 514 768 568 καὶ
818 510 908 567 διὸ.
953 518 1055 582 τῆς
1095 513 1307 587 ἀγάπης
1367 515 1515 581 αύτῷ
1573 512 1847 589 προσκολ-

1975 518 2294 575 illuminat.
2324 522 2432 585 Qui
2464 522 2742 602 spiritum
2773 540 2948 579 suum
2990 526 3057 580 ad
3100 530 3280 582 Deum
3308 532 3624 600 convertit,

187 604 471 676 λώμενος.
536 604 746 675 Μνήμη
806 602 907 677 γὰρ
969 605 1104 655 Θεοῦ
1182 602 1382 675 θεωρία
1464 608 1599 657 Θεοῦ
1682 602 1850 675 ἐστιν,

184 692 454 754 ἕλκοντος
502 693 601 759 τὴν
649 693 834 766 ὅρασιν
892 690 982 744 καὶ
1038 692 1137 759 τήν
1189 686 1367 767 ἔφεσιν
1412 697 1509 746 τοῦ
1567 697 1658 747 νοῦ
1710 694 1846 767 πρὸς

188 781 409 851 ἔαυτόν,
440 780 529 833 καὶ
558 780 638 850 τῷ
677 780 802 853 παρ’
830 779 1001 848 ἑαυτῷ
1040 779 1177 855 φωτὶ
1230 782 1691 855 περιαυγάζοντος
1750 782 1847 835 αύ-

188 869 306 923 τόν.
345 866 716 945 Ἑπιστρέφων
770 866 869 941 γὰρ
904 868 931 920 6
962 872 1087 928 νοῦς
1146 867 1283 942 πρὸς
1326 870 1417 923 τὸν
1477 870 1633 938 Θεὸν,
1665 868 1715 924 ἐν
1769 874 1847 941 τῷ

189 959 525 1013 καταπαύειν
558 963 731 1020 πάσας
758 958 853 1018 τὰς
886 954 1195 1018 εἶδοποιοὺς
1226 962 1332 1011 τῶν
1394 955 1562 1013 ὄντων
1618 959 1845 1029 ἑννοίας,

190 1046 453 1109 ἀνειδεῶς
511 1048 610 1121 ὁρᾷ
644 1066 655 1079 ·
690 1046 775 1101 καὶ
836 1050 903 1118 τῇ
958 1046 1075 1100 καθ’
1131 1047 1407 1121 ὑπεροχὴν
1467 1048 1703 1123 ἀγνωσία
1760 1047 1848 1103 διὰ

188 1138 253 1191 τὸ
303 1138 407 1205 τῆς
471 1133 631 1205 δόξης
690 1135 1137 1209 ἁπρόσιτον,τὴν
1194 1136 1385 1189 ἑαυτοῦ
1447 1136 1638 1211 βλέψιν
1701 1136 1847 1209 λαμ-

190 1224 390 1300 πρύνει
425 1242 439 1256 ⁸
472 1224 561 1278 καὶ
614 1223 692 1295 μὴ
736 1224 1018 1298 γινώσκων
1075 1220 1163 1277 διὰ
1210 1224 1309 1290 τήν
1342 1222 1720 1297 ἀκαταληψίαν
1751 1230 1847 1277 τοῦ

192 1314 506 1388 ὁρωμένου,
534 1311 787 1386 γινώσκει
838 1308 926 1365 διὰ
982 1314 1081 1380 τήν
1138 1311 1398 1381 ἀλήθειαν
1454 1316 1552 1367 τοῦ
1610 1314 1813 1387 κυρίως
1871 1310 2048 1382 ὄντος,
2097 1314 2186 1369 καὶ
2248 1314 2415 1386 μόνου
2470 1318 2532 1371 τὸ
2595 1318 2865 1392 ὑπερεῖναι
2923 1317 3148 1394 ἔχοντος
3192 1340 3203 1353 ·

1967 607 2210 662 retrahit
2226 625 2258 663 a
2276 625 2471 664 rerum
2490 611 2808 665 visibilium
2835 613 3193 684 imaginibus
3217 623 3273 671 et
3291 618 3515 689 absque
3545 620 3608 673 fi-

1958 712 2034 767 gu
2046 713 2107 750 ra
2124 698 2585 769 contemplatur;
2602 704 2882 767 attamen,
2902 704 3614 772 propterinaccessibilem

1957 784 2228 855 gloriam,
2256 786 2438 841 Deum
2473 788 2530 841 in
2566 805 2627 841 se
2651 805 2999 859 cognoscere
3031 793 3233 862 nequit
3254 799 3311 847 et
3339 794 3495 850 solos
3517 813 3602 851 re-

1960 872 2104 943 cipit
2128 874 2349 942 radios;
2369 875 2507 930 dum
2532 876 2688 930 videt
2710 877 3386 949 incomprehensibilem,
3404 899 3619 954 cogno-

1957 962 2067 1015 scit
2107 966 2647 1033 supereminentem
2674 966 3041 1022 existentiam
3085 968 3265 1039 illius,
3292 972 3390 1042 qui
3423 974 3618 1027 omnia

1958 1056 2234 1121 superat;
2270 1068 2338 1106 ex
2384 1053 2614 1107 infinita
2667 1059 2861 1109 autem
2910 1056 3171 1113 bonitate
3211 1060 3309 1113 Dei
3356 1076 3614 1115 amorem

1958 1154 2132 1193 suum
2180 1141 2384 1205 nutrit,
2427 1158 2658 1196 omnem
2702 1160 2869 1197 suam
2898 1145 3180 1216 adimplet
3210 1148 3617 1219 capacitatem,

1960 1228 2218 1299 quietem
2255 1229 2427 1284 habet
2460 1229 2887 1287 indcﬁcientem
2920 1238 2978 1287 et
3006 1234 3258 1290 beatam.

3268 1322 3355 1378 καὶ
3408 1321 3497 1379 διὰ
3550 1326 3615 1381 τὸ

191 1403 465 1459 πλούσιον
493 1408 591 1471 τῆς
624 1400 821 1456 ἐκεῖθεν
876 1394 1249 1470 ἐκϐλυζούσης
1272 1400 1609 1475 ἆγαθότητος
1634 1400 1841 1479 τρέφων
1873 1404 1965 1457 τὸν
1998 1404 2187 1457 ἑαυτοῦ
2218 1399 2413 1477 ἔρωτα,
2445 1404 2531 1460 καὶ
2560 1407 2658 1474 τὴν
2692 1404 2829 1461 ἰδίαν
2862 1406 3170 1485 ἑντρέχειαν
3214 1410 3615 1490 πληροφορῶν,

191 1491 549 1553 ἀναπαύσεως
580 1488 827 1560 ἀλήκτου
858 1489 947 1544 καὶ
983 1488 1251 1565 μακαρίας
1280 1490 1647 1560 καταξιοῦται.

264 1585 452 1640 Ταῦτα
483 1580 578 1652 μὲν
610 1581 677 1634 τὰ
717 1584 816 1645 τῆς
876 1574 1133 1654 ἀκριϐοῦς
1198 1582 1424 1652 μνήμης
1478 1580 1848 1655 γνωρίσματα.

193 1672 492 1746 Προσευχὴ
553 1667 610 1723 δὲ
656 1669 766 1723 ἐστι
826 1665 1062 1743 διαλογὴ
1118 1665 1361 1730 διανοίας
1435 1670 1570 1744 πρὸς
1632 1670 1855 1744 Κύριον,

197 1761 422 1835 ῥήματα
454 1756 688 1827 δεήσεως
732 1755 1019 1811 διανύουσα
1072 1758 1208 1829 μετὰ
1257 1763 1357 1825 τῆς
1415 1762 1511 1811 τοῦ
1562 1762 1658 1811 νοῦ
1716 1758 1851 1831 πρὸς

197 1849 331 1903 Θεὸν
390 1844 589 1915 όλικῆς
647 1846 954 1906 ἀτενίσεως.
986 1851 1097 1913 Τῆς
1160 1843 1404 1909 διανοίας
1450 1846 1550 1922 γὰρ
1606 1851 1848 1921 συνεχῶς

200 1937 650 2011 ὑπαγορευούσης
707 1936 769 1989 τὸ
827 1938 925 1988 τοῦ
984 1934 1183 2009 Κυρίου
1242 1929 1438 2007 ὄνομα,
1471 1935 1558 1990 καὶ
1614 1939 1711 1989 τοῦ
1760 1940 1852 1990 νοῦ

198 2026 443 2101 ἐναργῶς
492 2028 561 2098 τῇ
615 2023 902 2094 ἐπικλήσει
957 2028 1053 2077 τσῦ
1111 2022 1257 2077 Θείου
1334 2022 1604 2096 ὀνόματος
1681 2044 1850 2096 προσ-

2033 1584 2211 1655 Signa
2258 1590 2454 1640 autem
2508 1591 2567 1641 et
2615 1586 2980 1644 characteres
3036 1592 3300 1661 perfectae
3349 1594 3610 1648 recorda-

1963 1671 2140 1728 tionis
2162 1674 2255 1728 Dei
2284 1679 2424 1729 sunt
2446 1676 2771 1746 sequentia.
2789 1676 2986 1732 Oratio
3014 1680 3268 1750 primum
3290 1687 3379 1735 est
3402 1683 3614 1737 mentis

1964 1760 2321 1831 colloquium
2356 1780 2489 1818 cum
2523 1765 2639 1819 Deo
2665 1784 2676 1827 ;
2699 1766 2871 1820 verba
2904 1770 3279 1837 proferuntur
3310 1772 3612 1835 orationis,

1963 1850 2102 1903 dum
2124 1851 2531 1908 animustotus
2548 1854 2616 1907 ad
2643 1853 2827 1909 Deum
2852 1855 3122 1911 intendit.
3144 1858 3307 1913 Mens
3330 1861 3613 1931 suggerit,

1964 1938 2135 1992 modo
2157 1938 2547 2005 indesinente,
2574 1958 2782 1997 nomen
2817 1944 3065 2010 Domini,
3091 1950 3145 1999 et
3170 1947 3402 2001 animus
3426 1948 3615 2002 conti-

1964 2026 2355 2083 nuoinvocato
2373 2029 2605 2084 nomine
2621 2030 2814 2085 divino
2830 2032 3316 2099 attendit;exinde
3339 2037 3399 2089 lit
3416 2037 3610 2090 utani-

196 2117 452 2190 ἔχοντος,
482 2117 579 2182 τῆς
610 2118 706 2169 τοῦ
729 2118 861 2168 Θεοῦ
891 2114 1145 2188 γνώσεως
1182 2114 1245 2168 τὸ
1294 2118 1406 2191 φῶς
1452 2116 1691 2188 καθάπερ
1740 2137 1847 2189 φω-

1962 2132 2053 2171 ma
2092 2120 2215 2172 tota
2256 2117 2424 2189 quasi
2466 2118 2621 2173 nube
2660 2118 2858 2174 lucida
2897 2120 3298 2177 obumbretur.
3332 2122 3605 2178 Sedulam

190 2210 378 2277 τεινην
440 2206 670 2283 νεφέλην
724 2212 898 2259 πᾶσαν
965 2204 1261 2274 ἐπισκιάζει
1308 2207 1408 2274 τὴν
1451 2208 1658 2281 ψυχήν.
1693 2207 1850 2261 Ἐπε-

189 2319 277 2352 ται
315 2294 373 2351 δὲ
405 2299 474 2368 τῇ
520 2296 617 2368 μὶν
658 2290 871 2367 ἀκριϐεῖ
931 2296 1125 2369 μνήμῃ
1178 2299 1273 2349 τοῦ
1331 2299 1464 2350 Θεοῦ
1518 2296 1696 2371 ἀγάπη
1758 2296 1847 2351 καὶ

194 2387 346 2461 χαρᾶ
378 2403 392 2418 ⁶
429 2409 457 2436 ί(
491 2386 801 2457 Ἐμνήσθην
853 2384 979 2459 γὰρ,
1021 2382 1177 2457 φησί,
1231 2389 1328 2439 τοῦ
1386 2390 1543 2455 Θεοῦ,
1598 2387 1684 2439 καὶ
1746 2384 1848 2455 ηύ-

194 2473 460 2552 φράνθην.
522 2498 549 2524 n
602 2476 679 2545 Τῇ
747 2469 803 2526 δὲ
860 2477 1069 2546 καθαρᾷ
1140 2477 1448 2547 προσευχῇ,
1501 2479 1703 2548 γνῶσις
1756 2474 1846 2529 καὶ

194 2564 482 2634 κατάνυξις
515 2581 529 2595 ⁸
566 2586 593 2613 (ι
638 2563 721 2617 Ἐν
876 2560 936 2615 ἃν
995 2563 1179 2635 ἡμέρᾳ
1234 2563 1357 2638 γὰρ,
1414 2563 1600 2640 φησὶν,
1662 2562 1851 2619 ἐπικα-

196 2654 435 2725 λέσομαί
490 2672 571 2721 σε,
604 2648 723 2706 ἰδοῦ
764 2649 935 2725 ἔγνων
994 2650 1077 2705 ὅτι
1135 2652 1263 2713 Θεός
1325 2673 1431 2725 μου
1478 2652 1524 2707 εἶ
1565 2653 1648 2708 σύ.
1688 2678 1717 2704 »
1748 2654 1849 2710 Καὶ

196 2741 389 2796 πάλιν·
432 2766 451 2791 ι
487 2740 656 2795 Θυσία
712 2744 792 2811 τῷ
851 2744 990 2811 Θεῷ,
1039 2745 1254 2814 πνεῦμα
1304 2744 1785 2815 συντετριμμένον.
1822 2765 1846 2797 ι

196 2832 345 2892 Νοὸς
400 2830 502 2905 γὰρ
557 2830 647 2883 καὶ
705 2826 949 2890 διανοίας
1008 2832 1420 2906 παρισταμένων
1468 2832 1547 2903 τῷ
1605 2838 1721 2904 Θεῷ
1781 2832 1854 2887 δι’

198 2920 451 2995 ἐνεργοῦς
508 2917 792 2980 ἀτενίσεως
844 2919 934 2973 καὶ
1009 2921 1216 2993 Θερμῆς
1286 2919 1542 2991 δεήσεως,
1592 2923 1683 2976 καὶ
1752 2929 1849 2991 τῆς

197 3013 389 3084 ψυχῆς
416 3011 452 3077 ἦ
483 3009 767 3080 κατάνυξις
802 3005 1111 3065 ἀκολουθεῖ.
1146 3013 1261 3064 Νοῦ
1302 3006 1379 3080 δὲ,
1414 3008 1501 3064 καὶ
1535 3010 1728 3084 Λόγου,
1760 3012 1849 3065 καὶ

193 3098 507 3171 πνεύματος
565 3098 1019 3173 προσπιπτόντων
1078 3102 1159 3171 τῷ
1232 3104 1347 3170 Θεῷ
1419 3104 1516 3153 τοῦ
1595 3100 1712 3173 μὲν,
1761 3098 1851 3155 διὰ

190 3194 506 3263 προσοχῆς,
536 3191 633 3241 τοῦ
683 3184 762 3254 δὲ,
796 3184 865 3241 δι’
897 3185 1260 3257 ἐπικλήσεως,
1303 3193 1401 3243 τοῦ
1450 3186 1528 3257 δὲ,
1562 3187 1652 3244 διὰ
1687 3210 1847 3245 κατα-

190 3277 394 3347 νύξεως
428 3277 514 3331 καὶ
548 3276 786 3349 ἀγάπης,
818 3274 948 3337 ὅλος
999 3277 1027 3330 6
1068 3274 1219 3331 ἔνδον
1268 3277 1553 3349 ἄνθρωπος
1600 3278 1849 3353 λειτουρ-

189 3372 281 3441 γεῖ
347 3370 431 3437 τῷ
488 3366 697 3439 Κυρίῳ.
761 3388 782 3415 ι
834 3367 1166 3440 Ἀγαπήσεις
1240 3368 1369 3441 γὰρ,
1436 3368 1590 3445 φησί,
1652 3368 1847 3442 Κύριον

1958 2206 2421 2261 recordationem
2465 2207 2721 2263 divinam
2770 2211 3222 2281 subsequuntur
3264 2212 3523 2267 cbaritas
3553 2221 3609 2267 et

1954 2294 2257 2365 gaudium.
2274 2296 2563 2367 Scriptum
2579 2300 2693 2351 est:
2713 2318 2739 2344 ‹‹
2762 2297 2855 2352 l)ei
2874 2300 3213 2354 recordatus
3229 2316 3382 2369 sum,
3403 2306 3457 2354 et
3475 2318 3605 2355 sum

1955 2384 2192 2454 gavisus
2212 2385 2253 2437 °.
2295 2407 2322 2433 ››
2364 2384 2424 2440 Si
2460 2403 2605 2455 pura
2655 2386 2827 2440 fuerit
2874 2388 3083 2452 oratio,
3130 2390 3453 2445 adstabunt
3503 2407 3600 2445 co-

1955 2472 2140 2544 gnitio
2170 2479 2225 2528 et
2257 2473 2529 2529 contritio
2562 2474 2773 2529 cordis.
2807 2498 2833 2523 ‹‹
2866 2476 2927 2529 In
2974 2493 3089 2547 qua
3120 2479 3212 2533 die
3264 2480 3605 2535 invocavero

1956 2566 2032 2627 te,
2066 2579 2196 2618 ecce
2226 2562 2466 2635 cognovi
2510 2564 2649 2634 quia
2681 2567 2830 2619 heus
2873 2580 3039 2619 meus
3072 2581 3132 2620 es
3166 2570 3226 2620 tu
3260 2568 3300 2622 ⁷.
3337 2590 3363 2615 υ
3399 2569 3465 2622 Et
3497 2569 3607 2623 ite—

1957 2667 2086 2704 rum
2120 2668 2131 2704 :
2168 2652 2580 2707 «Sacrificium
2618 2658 2728 2707 Deo
2760 2654 3005 2724 spiritus
3048 2656 3482 2711 contribulatus
3505 2658 3543 2711 ⁸.
3580 2680 3605 2705 ››

1958 2738 2101 2795 Cum
2151 2740 2397 2811 spiritus
2445 2746 2500 2797 et
2550 2758 2716 2797 mens
2757 2758 2858 2813 per
2907 2742 3149 2798 activam
3202 2745 3260 2799 in
3311 2745 3493 2801 Deum
3546 2764 3607 2801 se

1958 2829 2155 2884 ferunt
2183 2830 2561 2886 attentionem
2597 2837 2770 2902 atque
2791 2831 3070 2887 fervidam
3108 2834 3453 2900 orationem,
3480 2837 3620 2890 sub-

1958 2918 2221 2988 sequitur
2266 2920 2472 2975 anima:
2523 2922 2817 2975 contritio.
2854 2921 3211 2993 intellectus,
3266 2925 3504 2979 verbum
3558 2933 3612 2981 et

1958 3008 2203 3080 spiritus
2251 3014 2369 3064 Deo
2417 3026 2478 3065 se
2532 3014 2928 3081 praesentant:
2980 3010 3314 3068 intellectus
3375 3013 3611 3084 quidem

1957 3097 2229 3163 attendit,
2278 3098 2519 3153 verbum
2579 3098 2716 3154 facit
2765 3098 3112 3167 orationem,
3170 3103 3416 3172 spiritus
3477 3120 3611 3157 vero

1956 3185 2184 3257 perﬁcit
2211 3204 2467 3242 amorem
2498 3192 2555 3243 et
2600 3186 3019 3243 contritionem
3052 3232 3064 3256 ,
3108 3189 3191 3245 ita
3242 3194 3404 3245 totus
3436 3190 3610 3246 homo

1955 3273 2222 3331 internus
2251 3280 2368 3331 Deo
2400 3276 2740 3331 famulatur.
2767 3299 2794 3325 ‹‹
2822 3276 3040 3350 Diliges
3078 3277 3395 3334 Dominum
3429 3286 3610 3336 Deum

1956 3368 2125 3419 tuum
2157 3381 2225 3421 ex
2253 3368 2373 3421 toto
2396 3366 2567 3423 ccrde
2592 3371 2690 3423 tuo
2710 3366 2731 3401 ⁹
2752 3366 2834 3435 (in
2866 3367 2999 3422 alii:
3028 3367 3143 3423 cod.
3163 3412 3178 3438 ,
3201 3383 3269 3423 ex
3292 3372 3410 3425 tota
3446 3386 3615 3427 men-

189 3458 288 3511 τὸν
348 3454 481 3510 Θεόν
539 3475 634 3509 σου
686 3452 738 3524 ἐξ
795 3452 933 3525 ὅλης
988 3462 1090 3524 τῆς
1154 3453 1378 3530 καρδίας
1438 3478 1534 3512 σου
1585 3455 1658 3530 [ἐν
1714 3456 1845 3515 ἀλλ.
1881 3479 1924 3548 c
1962 3457 2019 3509 te
2049 3454 2192 3526 tua).
2230 3476 2259 3503 ››
2350 3517 2355 3521 ⁸

194 3544 445 3606 διανοίας
478 3546 620 3617 σου].
657 3568 679 3595 ι

270 3633 432 3701 Πλὴν
485 3631 684 3687 εἷδὲναι
765 3654 824 3688 σε
903 3634 994 3689 καὶ
1056 3639 1220 3690 τοῦτο
1298 3634 1594 3711 βούλομαι,
1657 3639 1856 3709 μήπως

197 3721 603 3800 προσεύχεσθαι
655 3721 1034 3796 λογιζόμενος,
1096 3725 1305 3800 μακρὰν
1362 3728 1460 3794 τῆς
1541 3733 1859 3802 προσευχῆς

200 3812 434 3887 βαδίζῃς
463 3811 553 3866 καί
603 3810 845 3887 ἀκερδῶς
901 3812 1139 3887 κάμνης,
1170 3816 1258 3869 καὶ
1313 3812 1563 3884 διακενῆς
1602 3818 1806 3891 τρὲχης
1837 3834 1850 3847 ·

195 3905 329 3978 ὅπερ
388 3901 443 3958 ἐν
502 3906 573 3975 τῇ
627 3906 726 3956 τοῦ
782 3902 1052 3976 στόματος
1114 3902 1416 3978 ψαλμῳδίᾳ
1444 3904 1704 3976 τελεῖται,
1739 3907 1767 3960 6
1799 3904 1857 3961 δὲ

190 3998 318 4056 νοῦς
376 3990 635 4066 ἀλλαχοῦ
694 3991 933 4069 φέρεται,
966 3992 1042 4057 εἰς
1100 3995 1246 4063 πάθη
1305 3995 1396 4049 καὶ
1426 3996 1719 4070 πράγματα
1765 4017 1855 4068 με-

190 4082 509 4155 ριζόμενος,
543 4081 619 4143 ὡς
648 4081 888 4135 ἐντεῦθεν
938 4082 1028 4137 καὶ
1084 4083 1183 4150 τήν
1241 4082 1445 4137 σύνεσιν
1507 4090 1605 4152 τῆς
1665 4082 1852 4157 ψαλμ-

190 4168 363 4243 ῳδίας
396 4169 763 4242 λυμαίνεσθαι
799 4190 810 4201 ·
842 4174 1003 4226 τοῦτο
1033 4172 1240 4247 γίνεται
1269 4172 1360 4227 καὶ
1391 4171 1442 4227 ἐν
1489 4176 1557 4247 τῇ
1618 4170 1847 4245 διανοίᾳ.

189 4258 476 4322 Πολλάκις
530 4258 631 4334 γὰρ
690 4259 858 4328 αὐτῆς
937 4257 1303 4336 διερχομένης
1358 4262 1426 4317 τα
1486 4261 1705 4337 ῥήματα
1752 4269 1852 4333 τῆς

188 4348 385 4423 εὐχῆς,
422 4349 606 4409 ὁνοῦς
633 4348 694 4402 ού
754 4343 1176 4417 συνοδεύὲι,ούκ
1232 4350 1519 4420 ἐνατενίζει
1576 4356 1656 4423 τῷ
1712 4357 1849 4424 Θεῷ,

186 4439 319 4512 πρὸς
351 4438 415 4492 ’όν
454 4438 545 4491 καὶ
577 4440 611 4505 ἡ
643 4438 780 4492 κατὰ
805 4440 904 4506 τὴν
937 4442 1254 4514 προσευχὴν
1309 4438 1541 4514 διαλυγή
1602 4441 1805 4513 γίνεςαι
1832 4461 1845 4474 ·

183 4525 497 4603 ἐκτρέπεται
534 4524 591 4580 δὲ
623 4528 724 4581 ὑπό
782 4549 944 4583 τινων
1009 4528 1226 4583 ἐννοιῶν
1291 4529 1631 4599 λεληθότως.
1668 4530 1768 4586 Καὶ
1811 4533 1846 4600 ἡ

188 4615 280 4686 μὲν
314 4613 537 4670 διάνοια
569 4615 714 4690 λέγει
750 4619 996 4687 συνήθως
1024 4618 1090 4673 τὰ
1118 4617 1340 4693 ῥήματα
1373 4638 1383 4649 ·
1424 4620 1451 4673 6
1485 4616 1541 4672 δὲ
1590 4622 1717 4679 νοῦς
1749 4622 1849 4683 τῆς

179 4709 274 4759 τοῦ
325 4710 467 4760 Θεοῦ
522 4707 779 4780 γνώσεως
839 4705 1212 4771 διολισθαίνει.
1265 4710 1421 4765 ’Όθεν
1481 4707 1570 4762 καί
1627 4707 1751 4762 τότε
1810 4710 1845 4777 ἡ

180 4796 333 4870 ψυγὴ
398 4794 775 4864 ἀκατανόητος
828 4796 919 4851 καὶ
979 4795 1262 4861 ἄδιάθετος
1314 4798 1579 4875 φαίνεται,
1615 4798 1689 4858 ὡς
1748 4802 1845 4851 τοῦ

2033 3634 2137 3689 Ast
2166 3637 2224 3688 et
2255 3650 2435 3688 unum
2467 3637 2523 3690 te
2548 3633 2836 3690 monitum
2871 3633 3017 3698 volo,
3044 3652 3114 3691 ne
3146 3636 3342 3693 forsan
3365 3641 3419 3693 te
3437 3656 3607 3695 oran-

1961 3726 2079 3778 tem
2140 3728 2331 3794 putes,
2382 3722 2522 3776 dum
2574 3722 2635 3777 in
2702 3723 2963 3778 oratione
3022 3726 3324 3797 procedas,
3376 3727 3608 3784 labores

1961 3810 2251 3867 inutiliter
2280 3816 2337 3867 et
2366 3810 2425 3866 in
2451 3828 2665 3867 vanum
2696 3828 2919 3869 curras.
2956 3813 3045 3868 Fit
3075 3816 3427 3887 quandoque
3456 3822 3521 3872 ut
3550 3818 3607 3872 in

1960 3900 2104 3957 oralt
2132 3901 2461 3974 psalmodia
2487 3899 2821 3957 intellectus
2852 3902 3179 3975 divagetur.
3202 3904 3613 3977 dividaturque

1960 3990 2112 4047 inter
2133 3990 2439 4062 passiones
2461 3995 2517 4045 et
2540 3991 2773 4063 negotia
2792 3990 3019 4060 smculi;
3045 3991 3153 4047 hoc
3177 3994 3346 4049 modo
3370 4011 3609 4051 sensum

1958 4079 2297 4151 psalmodiis
2329 4079 2614 4151 deperdit.
2649 4078 2797 4135 Illud
2832 4096 3065 4153 quoque
3101 4081 3159 4137 in
3203 4083 3443 4139 mentali
3477 4101 3611 4140 ora-

1959 4169 2117 4224 tione
2149 4168 2355 4224 evenit.
2392 4169 2685 4224 Orationis
2716 4169 2874 4225 enim
2906 4169 3082 4225 verba
3114 4173 3457 4242 procedunt,
3480 4190 3609 4245 quae

1958 4256 2348 4329 intelligentia
2385 4274 2499 4313 non
2541 4258 2877 4326 comitatur,
2911 4275 3015 4314 nec
3060 4261 3235 4315 refert
3282 4261 3355 4317 ad
3399 4266 3604 4329 Deum,

1958 4348 2093 4403 etsi
2145 4364 2245 4419 per
2290 4348 2616 4403 orationem
2661 4365 2792 4403 cum
2842 4350 2967 4420 ipso
3017 4348 3375 4421 colloquium
3428 4351 3603 4405 insti-

1956 4441 2192 4502 tuatur;
2226 4440 2384 4508 patet
2418 4436 2677 4491 animam
2717 4437 2926 4493 diverti
2968 4437 3177 4493 alienis
3227 4438 3606 4511 cogitationi-

1956 4526 2087 4581 bus.
2122 4531 2394 4581 Attamen
2428 4530 2708 4582 consueta
2737 4528 2912 4582 verba
2952 4528 3221 4598 producit
3253 4527 3611 4595 intellectus,

1954 4615 2195 4685 spiritus
2248 4618 2445 4669 autem
2496 4615 2555 4669 in
2599 4616 2931 4687 cognitione
2988 4617 3089 4672 Dei
3145 4634 3259 4672 non
3316 4617 3611 4673 consistit.

1952 4704 2102 4758 Tum
2135 4702 2360 4759 videtur
2392 4703 2589 4758 anima
2614 4720 2742 4759 esse
2766 4706 2988 4777 absque
3020 4705 3410 4778 intelligentia
3434 4713 3611 4779 atque

1954 4793 2361 4860 ordinatione;
2415 4808 2579 4847 mens
2626 4794 2985 4864 quibusdam
3038 4793 3310 4867 indulget
3358 4795 3611 4867 phanta-

192 4849 201 4867 ι
257 4849 332 4870 ιι
664 4849 673 4864 .
761 4849 774 4858 -

175 4887 268 4936 νοῦ
329 4885 771 4959 σκορπιζομὲνου
826 4883 902 4947 εἷ¹ς
956 4906 1108 4948 τινας
1169 4886 1485 4963 φαντασίας,
1535 4886 1624 4939 καὶ
1690 4906 1843 4957 μετε-

1957 4881 2244 4937 smatibus
2268 4897 2281 4935 :
2308 4882 2888 4938 circumferturinter
2916 4884 3149 4954 negotia
3182 4889 3241 4939 et
3273 4884 3611 4940 mundanas

178 4972 553 5046 ωριζομένου,
584 4974 619 5043 ἢ
651 4974 788 5049 πρὸς
821 4973 853 5027 ἃ
883 4974 1173 5030 κλέπτεται
1206 4978 1239 5044 ἢ
1278 4973 1844 5049 β·ιύλεται.Εὐκτικῆς

173 5063 274 5138 γὰρ
305 5063 568 5138 γνώσεως
623 5064 699 5136 μὴ
732 5063 1015 5137 παρούσης
1051 5062 1191 5137 μηδὲ
1236 5069 1335 5120 τοῦ
1387 5062 1647 5137 δεομένου
1704 5085 1842 5139 παρ-

179 5152 471 5225 ισταμένου
516 5156 593 5225 τῷ
653 5150 902 5227 δεομένῳ
963 5153 1470 5227 παρακιλεῖν,πῶς
1526 5153 1840 5230 γλυκανθή-

178 5261 323 5296 σεται
436 5244 471 5310 ἡ
582 5246 797 5319 ψυχή;
893 5249 1009 5306 πῶς
1124 5244 1542 5318 εὐφρανθήσεται
1646 5241 1841 5318 καρδία

176 5330 627 5404 προσποιουμένη
684 5330 965 5408 εὔχεσθαι,
1008 5332 1134 5389 ἀλλ’
1191 5334 1295 5388 οὐκ
1352 5332 1618 5403 ἀληθινὴν
1668 5354 1837 5407 προσ-

174 5423 343 5495 ευχήν
458 5421 899 5496 περιποιουμὲνη
946 5441 967 5486 ;
1073 5422 1515 5501 Εὐφρανθήσεται
1642 5420 1839 5497 κσρδία

175 5511 493 5581 ζητούντων
535 5514 631 5568 τὸν
682 5512 906 5588 Κύριον.
939 5515 1103 5584 Ζητεῖ
1135 5511 1192 5568 δὲ
1221 5514 1312 5568 τὸν
1369 5513 1569 5588 Κύριον
1631 5513 1659 5567 6
1719 5509 1834 5566 δια-

1954 4969 2284 5023 varietates.
2319 4967 2669 5023 Praesentem
2703 4969 2986 5025 orationis
3018 4971 3318 5027 notionem
3354 4989 3468 5028 non
3504 4972 3606 5027 ha-

1954 5058 2070 5125 bet,
2105 5074 2210 5113 nec
2243 5056 2542 5129 petitionis
2576 5058 2987 5116 necessitatem
3022 5064 3077 5115 et
3109 5060 3358 5116 materia
3390 5063 3608 5117 sentit:

1952 5165 2069 5220 quo
2100 5147 2281 5219 igitur
2310 5147 2481 5202 modo
2500 5145 2776 5203 delectari
2810 5153 3004 5219 posset
3033 5149 3280 5204 anima?
3314 5151 3610 5221 quomodo

1952 5238 2232 5311 gauderet
2279 5253 2377 5292 cor
2426 5235 2497 5291 de
2544 5236 2825 5304 oratione,
2870 5254 3005 5293 cum
3043 5254 3236 5295 veram
3288 5240 3610 5295 orationem

1950 5345 2064 5383 non
2107 5325 2435 5399 producat?
2475 5325 2789 5382 Laetabitur
2830 5343 2931 5384 cor
2974 5326 3366 5399 quaerentium
3410 5328 3613 5384 Domi-

1948 5435 2115 5474 num.
2144 5420 2325 5472 Deum
2358 5415 2624 5487 inquirit,
2658 5417 2757 5488 qui
2790 5422 2986 5473 mente
3019 5421 3140 5473 tota
3170 5422 3228 5472 et
3258 5418 3481 5474 fervida
3499 5418 3614 5473 dis-

1948 5507 2234 5581 positione
2267 5509 2403 5561 ante
2445 5505 2631 5561 Deum
2675 5506 3030 5578 procumbit,
3064 5507 3265 5564 omnia
3304 5506 3611 5583 secularia

239 5727 262 5763 ⁸
292 5725 456 5785 Psal.
491 5743 684 5799 nxva,
715 5729 767 5785 4.
800 5729 822 5763 τ
850 5727 1002 5787 Psal.
1038 5745 1127 5800 Lv,
1161 5728 1249 5786 10.
1281 5728 1303 5765 ⁸
1330 5727 1484 5787 Psal.
1516 5744 1569 5799 ι,
1605 5727 1692 5784 19.
1721 5728 1743 5763 ⁹
1776 5726 1942 5785 Deut.
1974 5740 2051 5792 ιν,
2080 5723 2135 5778 5.
