  <div class='ocr_page' id='page_1' title='image "/cluster/home/n/w/nwhite01/storage/ocr_20150623/143/nnc1.0046980733/203.png"; bbox 0 0 4258 6438; ppageno 0'>
   <div class='ocr_carea' id='block_1_1' title="bbox 668 399 768 456">
    <p class='ocr_par' dir='ltr' id='par_1_1' title="bbox 668 399 768 456">
     <span class='ocr_line' id='line_1_1' title="bbox 668 399 768 456; baseline 0.02 -2"><span class='ocrx_word' id='word_1_1' title='bbox 668 399 768 456; x_wconf 85' lang='grc'>391</span> 
     </span>
    </p>
   </div>
   <div class='ocr_carea' id='block_1_2' title="bbox 1801 404 2946 462">
    <p class='ocr_par' dir='ltr' id='par_1_2' title="bbox 1801 404 2946 462">
     <span class='ocr_line' id='line_1_2' title="bbox 1801 404 2946 462; baseline 0.001 -3"><span class='ocrx_word' id='word_1_2' title='bbox 1801 404 2207 459; x_wconf 76' lang='lat' dir='ltr'>THBOLBP‘I&#39;I</span> <span class='ocrx_word' id='word_1_3' title='bbox 2245 404 2367 460; x_wconf 82' lang='lat' dir='ltr'>PHI</span> <span class='ocrx_word' id='word_1_4' title='bbox 2375 405 2946 462; x_wconf 72' lang='lat' dir='ltr'>LADBLPHIBNBIB</span> 
     </span>
    </p>
   </div>
   <div class='ocr_carea' id='block_1_3' title="bbox 3969 408 4081 466">
    <p class='ocr_par' dir='ltr' id='par_1_3' title="bbox 3969 408 4081 466">
     <span class='ocr_line' id='line_1_3' title="bbox 3969 408 4081 466; baseline 0 0"><span class='ocrx_word' id='word_1_5' title='bbox 3969 408 4081 466; x_wconf 76' lang='lat'>392</span> 
     </span>
    </p>
   </div>
   <div class='ocr_carea' id='block_1_4' title="bbox 668 523 2285 602">
    <p class='ocr_par' dir='ltr' id='par_1_4' title="bbox 668 523 2285 598">
     <span class='ocr_line' id='line_1_4' title="bbox 668 523 2285 598; baseline 0.002 -20"><span class='ocrx_word' id='word_1_6' title='bbox 668 525 924 595; x_wconf 89' lang='lat' dir='ltr'><strong>cogitata</strong></span> <span class='ocrx_word' id='word_1_7' title='bbox 949 523 1174 595; x_wconf 80' lang='lat' dir='ltr'>repellit</span> <span class='ocrx_word' id='word_1_8' title='bbox 1198 539 1298 594; x_wconf 89' lang='lat' dir='ltr'>per</span> <span class='ocrx_word' id='word_1_9' title='bbox 1330 524 1427 578; x_wconf 88' lang='lat' dir='ltr'>Dei</span> <span class='ocrx_word' id='word_1_10' title='bbox 1458 525 1757 580; x_wconf 90' lang='lat' dir='ltr'><strong>notionem</strong></span> <span class='ocrx_word' id='word_1_11' title='bbox 1789 531 1846 581; x_wconf 87' lang='lat' dir='ltr'>et</span> <span class='ocrx_word' id='word_1_12' title='bbox 1875 543 2156 594; x_wconf 88' lang='lat' dir='ltr'><strong>amorem,</strong></span> <span class='ocrx_word' id='word_1_13' title='bbox 2191 543 2285 598; x_wconf 69' lang='lat' dir='ltr'><strong>qui</strong></span> 
     </span>
    </p>
   </div>
   <div class='ocr_carea' id='block_1_5' title="bbox 2396 523 4078 602">
    <p class='ocr_par' dir='ltr' id='par_1_5' title="bbox 2396 523 4078 602">
     <span class='ocr_line' id='line_1_5' title="bbox 2396 523 4078 602; baseline 0.004 -23"><span class='ocrx_word' id='word_1_14' title='bbox 2396 588 2401 596; x_wconf 86' lang='lat'><strong><em>_</em></strong></span> <span class='ocrx_word' id='word_1_15' title='bbox 2431 525 2553 597; x_wconf 77' lang='grc' dir='ltr'>νοίᾳ</span> <span class='ocrx_word' id='word_1_16' title='bbox 2580 525 2683 598; x_wconf 78' lang='grc' dir='ltr'>ὅλῃ</span> <span class='ocrx_word' id='word_1_17' title='bbox 2711 524 2798 581; x_wconf 85' lang='grc' dir='ltr'>καί</span> <span class='ocrx_word' id='word_1_18' title='bbox 2830 523 3062 589; x_wconf 74' lang='grc' dir='ltr'>διαθισει</span> <span class='ocrx_word' id='word_1_19' title='bbox 3093 529 3268 602; x_wconf 78' lang='grc' dir='ltr'>θερμῇ</span> <span class='ocrx_word' id='word_1_20' title='bbox 3317 527 3673 602; x_wconf 80' lang='grc' dir='ltr'>προσπίπτων</span> <span class='ocrx_word' id='word_1_21' title='bbox 3698 531 3779 601; x_wconf 88' lang='grc' dir='ltr'>τῷ</span> <span class='ocrx_word' id='word_1_22' title='bbox 3817 534 3953 602; x_wconf 86' lang='grc' dir='ltr'>Θεῷ,</span> <span class='ocrx_word' id='word_1_23' title='bbox 3983 531 4078 585; x_wconf 77' lang='grc' dir='ltr'>καὶ</span> 
     </span>
    </p>
   </div>
   <div class='ocr_carea' id='block_1_6' title="bbox 673 612 1926 684">
    <p class='ocr_par' dir='ltr' id='par_1_6' title="bbox 673 612 1926 684">
     <span class='ocr_line' id='line_1_6' title="bbox 673 612 1926 684; baseline 0.001 -16"><span class='ocrx_word' id='word_1_24' title='bbox 673 628 741 668; x_wconf 86' lang='lat' dir='ltr'>ex</span> <span class='ocrx_word' id='word_1_25' title='bbox 771 612 1053 668; x_wconf 88' lang='lat' dir='ltr'><strong>continua</strong></span> <span class='ocrx_word' id='word_1_26' title='bbox 1083 618 1139 667; x_wconf 92' lang='lat' dir='ltr'>et</span> <span class='ocrx_word' id='word_1_27' title='bbox 1170 631 1317 684; x_wconf 91' lang='lat' dir='ltr'><strong>pura</strong></span> <span class='ocrx_word' id='word_1_28' title='bbox 1349 613 1609 669; x_wconf 90' lang='lat' dir='ltr'><strong>oratione</strong></span> <span class='ocrx_word' id='word_1_29' title='bbox 1642 614 1926 670; x_wconf 74' lang='lat' dir='ltr'><strong>defluunt.</strong></span> 
     </span>
    </p>
   </div>
   <div class='ocr_carea' id='block_1_7' title="bbox 739 896 2312 967">
    <p class='ocr_par' dir='ltr' id='par_1_7' title="bbox 739 896 2312 967">
     <span class='ocr_line' id='line_1_7' title="bbox 739 896 2312 967; baseline -0.001 -14"><span class='ocrx_word' id='word_1_30' title='bbox 739 898 809 953; x_wconf 88' lang='lat' dir='ltr'>Ut</span> <span class='ocrx_word' id='word_1_31' title='bbox 850 899 1250 952; x_wconf 79' lang='lat' dir='ltr'>demonstrem</span> <span class='ocrx_word' id='word_1_32' title='bbox 1301 896 1492 967; x_wconf 89' lang='lat' dir='ltr'><strong>qualis</strong></span> <span class='ocrx_word' id='word_1_33' title='bbox 1533 897 1609 952; x_wconf 91' lang='lat' dir='ltr'>sit</span> <span class='ocrx_word' id='word_1_34' title='bbox 1648 898 1844 954; x_wconf 89' lang='lat' dir='ltr'><strong>divina</strong></span> <span class='ocrx_word' id='word_1_35' title='bbox 1883 899 2206 954; x_wconf 81' lang='lat' dir='ltr'>recordatio</span> <span class='ocrx_word' id='word_1_36' title='bbox 2252 898 2312 952; x_wconf 89' lang='lat' dir='ltr'><strong>in</strong></span> 
     </span>
    </p>
   </div>
   <div class='ocr_carea' id='block_1_8' title="bbox 662 985 2314 1058">
    <p class='ocr_par' dir='ltr' id='par_1_8' title="bbox 662 985 2314 1058">
     <span class='ocr_line' id='line_1_8' title="bbox 662 985 2314 1058; baseline -0.001 -17"><span class='ocrx_word' id='word_1_37' title='bbox 662 987 904 1058; x_wconf 73' lang='lat' dir='ltr'>Spiritus</span> <span class='ocrx_word' id='word_1_38' title='bbox 957 986 1174 1040; x_wconf 84' lang='lat' dir='ltr'>visione</span> <span class='ocrx_word' id='word_1_39' title='bbox 1222 990 1278 1039; x_wconf 90' lang='lat' dir='ltr'>et</span> <span class='ocrx_word' id='word_1_40' title='bbox 1328 985 1518 1055; x_wconf 78' lang='lat' dir='ltr'>qualis</span> <span class='ocrx_word' id='word_1_41' title='bbox 1570 1004 1714 1057; x_wconf 91' lang='lat' dir='ltr'><strong>pura</strong></span> <span class='ocrx_word' id='word_1_42' title='bbox 1763 991 1948 1042; x_wconf 81' lang='lat' dir='ltr'>oratio</span> <span class='ocrx_word' id='word_1_43' title='bbox 1998 989 2056 1042; x_wconf 89' lang='lat' dir='ltr'><strong>in</strong></span> <span class='ocrx_word' id='word_1_44' title='bbox 2099 987 2314 1042; x_wconf 89' lang='lat' dir='ltr'><strong>mentis</strong></span> 
     </span>
    </p>
   </div>
   <div class='ocr_carea' id='block_1_9' title="bbox 660 1075 2312 1146">
    <p class='ocr_par' dir='ltr' id='par_1_9' title="bbox 660 1075 2312 1146">
     <span class='ocr_line' id='line_1_9' title="bbox 660 1075 2312 1146; baseline -0.001 -16"><span class='ocrx_word' id='word_1_45' title='bbox 660 1075 962 1146; x_wconf 82' lang='lat' dir='ltr'>petitione,</span> <span class='ocrx_word' id='word_1_46' title='bbox 998 1075 1177 1144; x_wconf 90' lang='lat' dir='ltr'><strong>hujus</strong></span> <span class='ocrx_word' id='word_1_47' title='bbox 1204 1075 1464 1144; x_wconf 90' lang='lat' dir='ltr'><strong>corporis</strong></span> <span class='ocrx_word' id='word_1_48' title='bbox 1497 1076 1733 1130; x_wconf 90' lang='lat' dir='ltr'><strong>oculum</strong></span> <span class='ocrx_word' id='word_1_49' title='bbox 1767 1077 2106 1146; x_wconf 88' lang='lat' dir='ltr'><strong>etlinguam</strong></span> <span class='ocrx_word' id='word_1_50' title='bbox 2140 1076 2312 1130; x_wconf 89' lang='lat' dir='ltr'><strong>modo</strong></span> 
     </span>
    </p>
   </div>
   <div class='ocr_carea' id='block_1_10' title="bbox 659 1163 2313 1235">
    <p class='ocr_par' dir='ltr' id='par_1_10' title="bbox 659 1163 2313 1235">
     <span class='ocr_line' id='line_1_10' title="bbox 659 1163 2313 1235; baseline 0 -17"><span class='ocrx_word' id='word_1_51' title='bbox 659 1165 1026 1218; x_wconf 75' lang='lat' dir='ltr'>adducturus</span> <span class='ocrx_word' id='word_1_52' title='bbox 1047 1180 1178 1217; x_wconf 90' lang='lat' dir='ltr'>sum</span> <span class='ocrx_word' id='word_1_53' title='bbox 1203 1164 1273 1217; x_wconf 91' lang='lat' dir='ltr'>ad</span> <span class='ocrx_word' id='word_1_54' title='bbox 1298 1163 1612 1234; x_wconf 79' lang='lat' dir='ltr'>exemplar.</span> <span class='ocrx_word' id='word_1_55' title='bbox 1640 1166 1801 1228; x_wconf 89' lang='lat' dir='ltr'><strong>Quod</strong></span> <span class='ocrx_word' id='word_1_56' title='bbox 1828 1165 2050 1235; x_wconf 89' lang='lat' dir='ltr'><strong>pupilla</strong></span> <span class='ocrx_word' id='word_1_57' title='bbox 2070 1164 2237 1220; x_wconf 89' lang='lat' dir='ltr'><strong>oculo</strong></span> <span class='ocrx_word' id='word_1_58' title='bbox 2256 1170 2313 1218; x_wconf 91' lang='lat' dir='ltr'>et</span> 
     </span>
    </p>
   </div>
   <div class='ocr_carea' id='block_1_11' title="bbox 658 1251 2309 1321">
    <p class='ocr_par' dir='ltr' id='par_1_11' title="bbox 658 1251 2309 1321">
     <span class='ocr_line' id='line_1_11' title="bbox 658 1251 2309 1321; baseline 0 -16"><span class='ocrx_word' id='word_1_59' title='bbox 658 1252 812 1305; x_wconf 90' lang='lat' dir='ltr'><strong>verbi</strong></span> <span class='ocrx_word' id='word_1_60' title='bbox 829 1252 1077 1306; x_wconf 82' lang='lat' dir='ltr'><strong>elocutio</strong></span> <span class='ocrx_word' id='word_1_61' title='bbox 1104 1252 1338 1321; x_wconf 71' lang='lat' dir='ltr'><strong>linguae,</strong></span> <span class='ocrx_word' id='word_1_62' title='bbox 1357 1251 1500 1305; x_wconf 90' lang='lat' dir='ltr'><strong>illud</strong></span> <span class='ocrx_word' id='word_1_63' title='bbox 1520 1258 1607 1305; x_wconf 89' lang='lat' dir='ltr'>est</span> <span class='ocrx_word' id='word_1_64' title='bbox 1631 1255 2014 1306; x_wconf 87' lang='lat' dir='ltr'><strong>estmemoria</strong></span> <span class='ocrx_word' id='word_1_65' title='bbox 2039 1253 2214 1307; x_wconf 82' lang='lat' dir='ltr'><strong>relate</strong></span> <span class='ocrx_word' id='word_1_66' title='bbox 2237 1252 2309 1306; x_wconf 88' lang='lat' dir='ltr'>ad</span> 
     </span>
    </p>
   </div>
   <div class='ocr_carea' id='block_1_12' title="bbox 658 1340 2309 1398">
    <p class='ocr_par' dir='ltr' id='par_1_12' title="bbox 658 1340 2309 1398">
     <span class='ocr_line' id='line_1_12' title="bbox 658 1340 2309 1398; baseline 0.002 -5"><span class='ocrx_word' id='word_1_67' title='bbox 658 1340 1025 1396; x_wconf 87' lang='lat' dir='ltr'><strong>intellectum</strong></span> <span class='ocrx_word' id='word_1_68' title='bbox 1063 1347 1118 1395; x_wconf 89' lang='lat' dir='ltr'><strong>et</strong></span> <span class='ocrx_word' id='word_1_69' title='bbox 1159 1342 1343 1394; x_wconf 81' lang='lat' dir='ltr'><strong>oratio</strong></span> <span class='ocrx_word' id='word_1_70' title='bbox 1387 1340 1567 1395; x_wconf 83' lang='lat' dir='ltr'><strong>relate</strong></span> <span class='ocrx_word' id='word_1_71' title='bbox 1619 1342 1689 1395; x_wconf 88' lang='lat' dir='ltr'>ad</span> <span class='ocrx_word' id='word_1_72' title='bbox 1736 1347 2012 1398; x_wconf 86' lang='lat' dir='ltr'>mentem.</span> <span class='ocrx_word' id='word_1_73' title='bbox 2054 1341 2309 1396; x_wconf 78' lang='lat' dir='ltr'><strong>Visionis</strong></span> 
     </span>
    </p>
   </div>
   <div class='ocr_carea' id='block_1_13' title="bbox 653 1429 2307 1500">
    <p class='ocr_par' dir='ltr' id='par_1_13' title="bbox 653 1429 2307 1500">
     <span class='ocr_line' id='line_1_13' title="bbox 653 1429 2307 1500; baseline -0.001 -16"><span class='ocrx_word' id='word_1_74' title='bbox 653 1447 831 1485; x_wconf 82' lang='lat' dir='ltr'><strong>sensu</strong></span> <span class='ocrx_word' id='word_1_75' title='bbox 866 1430 1182 1500; x_wconf 86' lang='lat' dir='ltr'>imaginem</span> <span class='ocrx_word' id='word_1_76' title='bbox 1219 1429 1467 1500; x_wconf 90' lang='lat' dir='ltr'>percipit</span> <span class='ocrx_word' id='word_1_77' title='bbox 1502 1429 1709 1484; x_wconf 83' lang='lat' dir='ltr'><strong>oculus</strong></span> <span class='ocrx_word' id='word_1_78' title='bbox 1741 1431 1810 1484; x_wconf 95' lang='lat' dir='ltr'>de</span> <span class='ocrx_word' id='word_1_79' title='bbox 1847 1431 2070 1499; x_wconf 89' lang='lat' dir='ltr'><strong>objecto</strong></span> <span class='ocrx_word' id='word_1_80' title='bbox 2100 1446 2307 1500; x_wconf 88' lang='lat' dir='ltr'><strong>propo-</strong></span> 
     </span>
    </p>
   </div>
   <div class='ocr_carea' id='block_1_14' title="bbox 652 1518 2307 1584">
    <p class='ocr_par' dir='ltr' id='par_1_14' title="bbox 652 1518 2307 1584">
     <span class='ocr_line' id='line_1_14' title="bbox 652 1518 2307 1584; baseline 0 -12"><span class='ocrx_word' id='word_1_81' title='bbox 652 1519 785 1581; x_wconf 88' lang='lat' dir='ltr'><strong>sito,</strong></span> <span class='ocrx_word' id='word_1_82' title='bbox 833 1520 1075 1572; x_wconf 85' lang='lat' dir='ltr'><strong>verbum</strong></span> <span class='ocrx_word' id='word_1_83' title='bbox 1131 1518 1265 1572; x_wconf 83' lang='lat' dir='ltr'><strong>facit</strong></span> <span class='ocrx_word' id='word_1_84' title='bbox 1319 1519 1570 1584; x_wconf 83' lang='lat' dir='ltr'><strong>nullum,</strong></span> <span class='ocrx_word' id='word_1_85' title='bbox 1625 1525 1880 1573; x_wconf 75' lang='lat' dir='ltr'><strong>attamen</strong></span> <span class='ocrx_word' id='word_1_86' title='bbox 1933 1519 2172 1573; x_wconf 84' lang='lat' dir='ltr'><strong>visionis</strong></span> <span class='ocrx_word' id='word_1_87' title='bbox 2212 1535 2307 1573; x_wconf 84' lang='lat' dir='ltr'>ex-</span> 
     </span>
    </p>
   </div>
   <div class='ocr_carea' id='block_1_15' title="bbox 655 1605 2308 1677">
    <p class='ocr_par' dir='ltr' id='par_1_15' title="bbox 655 1605 2308 1677">
     <span class='ocr_line' id='line_1_15' title="bbox 655 1605 2308 1677; baseline 0.001 -17"><span class='ocrx_word' id='word_1_88' title='bbox 655 1605 938 1675; x_wconf 87' lang='lat' dir='ltr'><strong>perientia</strong></span> <span class='ocrx_word' id='word_1_89' title='bbox 979 1605 1145 1660; x_wconf 83' lang='lat' dir='ltr'><strong>habet</strong></span> <span class='ocrx_word' id='word_1_90' title='bbox 1196 1607 1490 1661; x_wconf 88' lang='lat' dir='ltr'><strong>notionem</strong></span> <span class='ocrx_word' id='word_1_91' title='bbox 1528 1609 1597 1661; x_wconf 92' lang='lat' dir='ltr'>de</span> <span class='ocrx_word' id='word_1_92' title='bbox 1640 1609 1863 1677; x_wconf 88' lang='lat' dir='ltr'><strong>objecto</strong></span> <span class='ocrx_word' id='word_1_93' title='bbox 1897 1609 2195 1677; x_wconf 89' lang='lat' dir='ltr'><strong>inspecto;</strong></span> <span class='ocrx_word' id='word_1_94' title='bbox 2228 1607 2308 1661; x_wconf 91' lang='lat' dir='ltr'>ita</span> 
     </span>
    </p>
   </div>
   <div class='ocr_carea' id='block_1_16' title="bbox 651 1694 2303 1765">
    <p class='ocr_par' dir='ltr' id='par_1_16' title="bbox 651 1694 2303 1765">
     <span class='ocr_line' id='line_1_16' title="bbox 651 1694 2303 1765; baseline 0.002 -19"><span class='ocrx_word' id='word_1_95' title='bbox 651 1694 984 1749; x_wconf 89' lang='lat' dir='ltr'><strong>intellectus</strong></span> <span class='ocrx_word' id='word_1_96' title='bbox 1001 1711 1102 1765; x_wconf 91' lang='lat' dir='ltr'>per</span> <span class='ocrx_word' id='word_1_97' title='bbox 1119 1697 1461 1750; x_wconf 90' lang='lat' dir='ltr'><strong>memoriam</strong></span> <span class='ocrx_word' id='word_1_98' title='bbox 1487 1696 1745 1750; x_wconf 81' lang='lat' dir='ltr'><strong>efi‘ective</strong></span> <span class='ocrx_word' id='word_1_99' title='bbox 1768 1697 2074 1750; x_wconf 82' lang='lat' dir='ltr'><strong>acceditad</strong></span> <span class='ocrx_word' id='word_1_100' title='bbox 2099 1701 2303 1761; x_wconf 87' lang='lat' dir='ltr'><strong>Deum,</strong></span> 
     </span>
    </p>
   </div>
   <div class='ocr_carea' id='block_1_17' title="bbox 649 1783 2306 1856">
    <p class='ocr_par' dir='ltr' id='par_1_17' title="bbox 649 1783 2306 1856">
     <span class='ocr_line' id='line_1_17' title="bbox 649 1783 2306 1856; baseline 0.001 -21"><span class='ocrx_word' id='word_1_101' title='bbox 649 1797 755 1851; x_wconf 91' lang='lat' dir='ltr'>per</span> <span class='ocrx_word' id='word_1_102' title='bbox 785 1783 1205 1852; x_wconf 83' lang='lat' dir='ltr'><strong>experientiam</strong></span> <span class='ocrx_word' id='word_1_103' title='bbox 1257 1785 1562 1855; x_wconf 88' lang='lat' dir='ltr'><strong>repetitam</strong></span> <span class='ocrx_word' id='word_1_104' title='bbox 1614 1784 1872 1840; x_wconf 76' lang='lat' dir='ltr'><strong>adhaeret</strong></span> <span class='ocrx_word' id='word_1_105' title='bbox 1903 1785 2014 1856; x_wconf 88' lang='lat' dir='ltr'><strong>ipsi</strong></span> <span class='ocrx_word' id='word_1_106' title='bbox 2056 1791 2112 1840; x_wconf 88' lang='lat' dir='ltr'><strong>et</strong></span> <span class='ocrx_word' id='word_1_107' title='bbox 2139 1786 2196 1838; x_wconf 88' lang='lat' dir='ltr'><strong>in</strong></span> <span class='ocrx_word' id='word_1_108' title='bbox 2225 1785 2306 1838; x_wconf 90' lang='lat' dir='ltr'><strong>si-</strong></span> 
     </span>
    </p>
   </div>
   <div class='ocr_carea' id='block_1_18' title="bbox 2421 616 4078 692">
    <p class='ocr_par' dir='ltr' id='par_1_18' title="bbox 2421 616 4078 692">
     <span class='ocr_line' id='line_1_18' title="bbox 2421 616 4078 692; baseline 0.002 -22"><span class='ocrx_word' id='word_1_109' title='bbox 2421 623 2524 670; x_wconf 78' lang='grc' dir='ltr'>πᾶν</span> <span class='ocrx_word' id='word_1_110' title='bbox 2583 619 2762 689; x_wconf 90' lang='grc' dir='ltr'>νόημα</span> <span class='ocrx_word' id='word_1_111' title='bbox 2812 622 2912 672; x_wconf 92' lang='grc' dir='ltr'>τοῦ</span> <span class='ocrx_word' id='word_1_112' title='bbox 2969 619 3180 689; x_wconf 78' lang='grc' dir='ltr'>κόσμου</span> <span class='ocrx_word' id='word_1_113' title='bbox 3230 616 3679 692; x_wconf 84' lang='grc' dir='ltr'>διακρουόμενος,</span> <span class='ocrx_word' id='word_1_114' title='bbox 3709 617 3801 675; x_wconf 80' lang='grc' dir='ltr'>διὰ</span> <span class='ocrx_word' id='word_1_115' title='bbox 3845 622 3947 690; x_wconf 81' lang='grc' dir='ltr'>τήν</span> <span class='ocrx_word' id='word_1_116' title='bbox 3977 624 4078 676; x_wconf 88' lang='grc' dir='ltr'>τοῦ</span> 
     </span>
    </p>
   </div>
   <div class='ocr_carea' id='block_1_19' title="bbox 2419 705 4072 782">
    <p class='ocr_par' dir='ltr' id='par_1_19' title="bbox 2419 705 4072 782">
     <span class='ocr_line' id='line_1_19' title="bbox 2419 705 4072 782; baseline 0.002 -22"><span class='ocrx_word' id='word_1_117' title='bbox 2419 710 2553 760; x_wconf 89' lang='grc' dir='ltr'>Θεοῦ</span> <span class='ocrx_word' id='word_1_118' title='bbox 2597 712 2818 781; x_wconf 79' lang='grc' dir='ltr'>γνῶσιν,</span> <span class='ocrx_word' id='word_1_119' title='bbox 2846 707 2934 760; x_wconf 75' lang='grc' dir='ltr'>καὶ</span> <span class='ocrx_word' id='word_1_120' title='bbox 2982 707 3217 782; x_wconf 82' lang='grc' dir='ltr'>ἀγάπην,</span> <span class='ocrx_word' id='word_1_121' title='bbox 3269 707 3364 770; x_wconf 75' lang='grc' dir='ltr'>τὰς</span> <span class='ocrx_word' id='word_1_122' title='bbox 3411 705 3805 780; x_wconf 74' lang='grc' dir='ltr'>άναδιδομὲνας</span> <span class='ocrx_word' id='word_1_123' title='bbox 3853 709 3912 763; x_wconf 85' lang='grc' dir='ltr'>ἐκ</span> <span class='ocrx_word' id='word_1_124' title='bbox 3968 712 4072 777; x_wconf 80' lang='grc' dir='ltr'>τῆς</span> 
     </span>
    </p>
   </div>
   <div class='ocr_carea' id='block_1_20' title="bbox 2423 796 3432 871">
    <p class='ocr_par' dir='ltr' id='par_1_20' title="bbox 2423 796 3432 871">
     <span class='ocr_line' id='line_1_20' title="bbox 2423 796 3432 871; baseline 0.005 -23"><span class='ocrx_word' id='word_1_125' title='bbox 2423 799 2680 869; x_wconf 78' lang='grc' dir='ltr'>συνεχοῦς</span> <span class='ocrx_word' id='word_1_126' title='bbox 2711 796 2798 849; x_wconf 86' lang='grc' dir='ltr'>καὶ</span> <span class='ocrx_word' id='word_1_127' title='bbox 2832 797 3065 870; x_wconf 82' lang='grc' dir='ltr'>καθαρᾶς</span> <span class='ocrx_word' id='word_1_128' title='bbox 3095 803 3432 871; x_wconf 79' lang='grc' dir='ltr'>προσευχῆς.</span> 
     </span>
    </p>
   </div>
   <div class='ocr_carea' id='block_1_21' title="bbox 2490 882 4073 958">
    <p class='ocr_par' dir='ltr' id='par_1_21' title="bbox 2490 882 4073 958">
     <span class='ocr_line' id='line_1_21' title="bbox 2490 882 4073 958; baseline 0.001 -18"><span class='ocrx_word' id='word_1_129' title='bbox 2490 885 2637 957; x_wconf 84' lang='grc' dir='ltr'>Ἐγὼ</span> <span class='ocrx_word' id='word_1_130' title='bbox 2712 882 2769 938; x_wconf 76' lang='grc' dir='ltr'>δὶ</span> <span class='ocrx_word' id='word_1_131' title='bbox 2843 884 3136 958; x_wconf 77' lang='grc' dir='ltr'>σαφηνείας</span> <span class='ocrx_word' id='word_1_132' title='bbox 3215 882 3369 940; x_wconf 68' lang='grc' dir='ltr'>ἕνεκα</span> <span class='ocrx_word' id='word_1_133' title='bbox 3429 889 3527 940; x_wconf 93' lang='grc' dir='ltr'>τοῦ</span> <span class='ocrx_word' id='word_1_134' title='bbox 3581 887 3720 940; x_wconf 83' lang='grc' dir='ltr'>κατά</span> <span class='ocrx_word' id='word_1_135' title='bbox 3767 887 3870 954; x_wconf 71' lang='grc' dir='ltr'>τὴν</span> <span class='ocrx_word' id='word_1_136' title='bbox 3924 886 4073 942; x_wconf 80' lang='grc' dir='ltr'>θείαν</span> 
     </span>
    </p>
   </div>
   <div class='ocr_carea' id='block_1_22' title="bbox 2424 973 4071 1051">
    <p class='ocr_par' dir='ltr' id='par_1_22' title="bbox 2424 973 4071 1051">
     <span class='ocr_line' id='line_1_22' title="bbox 2424 973 4071 1051; baseline 0.003 -25"><span class='ocrx_word' id='word_1_137' title='bbox 2424 976 2649 1046; x_wconf 79' lang='grc' dir='ltr'>μνήμην</span> <span class='ocrx_word' id='word_1_138' title='bbox 2711 973 2758 1028; x_wconf 74' lang='grc' dir='ltr'>ἐν</span> <span class='ocrx_word' id='word_1_139' title='bbox 2818 979 2897 1046; x_wconf 90' lang='grc' dir='ltr'>τῷ</span> <span class='ocrx_word' id='word_1_140' title='bbox 2945 979 3019 1046; x_wconf 96' lang='grc' dir='ltr'>νῷ</span> <span class='ocrx_word' id='word_1_141' title='bbox 3076 976 3458 1051; x_wconf 76' lang='grc' dir='ltr'>θεωρήματος,</span> <span class='ocrx_word' id='word_1_142' title='bbox 3490 975 3580 1031; x_wconf 82' lang='grc' dir='ltr'>καὶ</span> <span class='ocrx_word' id='word_1_143' title='bbox 3626 975 3724 1032; x_wconf 85' lang='grc' dir='ltr'>τοῦ</span> <span class='ocrx_word' id='word_1_144' title='bbox 3778 977 3914 1033; x_wconf 78' lang='grc' dir='ltr'>κατὰ</span> <span class='ocrx_word' id='word_1_145' title='bbox 3968 979 4071 1047; x_wconf 78' lang='grc' dir='ltr'>τὴν</span> 
     </span>
    </p>
   </div>
   <div class='ocr_carea' id='block_1_23' title="bbox 2417 1063 4070 1138">
    <p class='ocr_par' dir='ltr' id='par_1_23' title="bbox 2417 1063 4070 1138">
     <span class='ocr_line' id='line_1_23' title="bbox 2417 1063 4070 1138; baseline 0.003 -22"><span class='ocrx_word' id='word_1_146' title='bbox 2417 1063 2654 1137; x_wconf 77' lang='grc' dir='ltr'>καθαρὰν</span> <span class='ocrx_word' id='word_1_147' title='bbox 2711 1066 3024 1137; x_wconf 81' lang='grc' dir='ltr'>προσευχὴν</span> <span class='ocrx_word' id='word_1_148' title='bbox 3077 1063 3387 1137; x_wconf 77' lang='grc' dir='ltr'>ἀξιώματος</span> <span class='ocrx_word' id='word_1_149' title='bbox 3448 1065 3502 1120; x_wconf 73' lang='grc' dir='ltr'>ἐν</span> <span class='ocrx_word' id='word_1_150' title='bbox 3557 1069 3627 1138; x_wconf 77' lang='grc' dir='ltr'>τῇ</span> <span class='ocrx_word' id='word_1_151' title='bbox 3687 1067 3918 1137; x_wconf 78' lang='grc' dir='ltr'>διανοίᾳ,</span> <span class='ocrx_word' id='word_1_152' title='bbox 3976 1067 4070 1121; x_wconf 82' lang='grc' dir='ltr'>τὸν</span> 
     </span>
    </p>
   </div>
   <div class='ocr_carea' id='block_1_24' title="bbox 2420 1151 4075 1230">
    <p class='ocr_par' dir='ltr' id='par_1_24' title="bbox 2420 1151 4075 1230">
     <span class='ocr_line' id='line_1_24' title="bbox 2420 1151 4075 1230; baseline 0.004 -27"><span class='ocrx_word' id='word_1_153' title='bbox 2420 1153 2728 1224; x_wconf 86' lang='grc' dir='ltr'>σωματικὸν</span> <span class='ocrx_word' id='word_1_154' title='bbox 2781 1151 3065 1228; x_wconf 84' lang='grc' dir='ltr'>ὀφθαλμὸν</span> <span class='ocrx_word' id='word_1_155' title='bbox 3119 1153 3207 1206; x_wconf 78' lang='grc' dir='ltr'>καὶ</span> <span class='ocrx_word' id='word_1_156' title='bbox 3261 1154 3360 1222; x_wconf 79' lang='grc' dir='ltr'>τήν</span> <span class='ocrx_word' id='word_1_157' title='bbox 3420 1152 3672 1230; x_wconf 82' lang='grc' dir='ltr'>γλῶσσαν</span> <span class='ocrx_word' id='word_1_158' title='bbox 3723 1153 3802 1217; x_wconf 79' lang='grc' dir='ltr'>εἷς</span> <span class='ocrx_word' id='word_1_159' title='bbox 3859 1153 4075 1217; x_wconf 76' lang='grc' dir='ltr'>εἰκόνας</span> 
     </span>
    </p>
   </div>
   <div class='ocr_carea' id='block_1_25' title="bbox 2417 1239 4072 1320">
    <p class='ocr_par' dir='ltr' id='par_1_25' title="bbox 2417 1239 4072 1320">
     <span class='ocr_line' id='line_1_25' title="bbox 2417 1239 4072 1320; baseline 0.002 -28"><span class='ocrx_word' id='word_1_160' title='bbox 2417 1239 2745 1312; x_wconf 85' lang='grc' dir='ltr'>προτίθημι.</span> <span class='ocrx_word' id='word_1_161' title='bbox 2807 1246 2872 1297; x_wconf 76' lang='grc' dir='ltr'><strong>Ὀ</strong></span> <span class='ocrx_word' id='word_1_162' title='bbox 2929 1242 3033 1315; x_wconf 89' lang='grc' dir='ltr'>γάρ</span> <span class='ocrx_word' id='word_1_163' title='bbox 3089 1239 3200 1296; x_wconf 83' lang='grc' dir='ltr'>ἐστι</span> <span class='ocrx_word' id='word_1_164' title='bbox 3275 1242 3413 1315; x_wconf 92' lang='grc' dir='ltr'>κόρη</span> <span class='ocrx_word' id='word_1_165' title='bbox 3478 1247 3559 1314; x_wconf 91' lang='grc' dir='ltr'>τῷ</span> <span class='ocrx_word' id='word_1_166' title='bbox 3629 1241 3926 1320; x_wconf 75' lang='grc' dir='ltr'>ὀφθαλμῷ,</span> <span class='ocrx_word' id='word_1_167' title='bbox 3977 1243 4072 1298; x_wconf 76' lang='grc' dir='ltr'>καὶ</span> 
     </span>
    </p>
   </div>
   <div class='ocr_carea' id='block_1_26' title="bbox 2417 1327 4075 1405">
    <p class='ocr_par' dir='ltr' id='par_1_26' title="bbox 2417 1327 4075 1405">
     <span class='ocr_line' id='line_1_26' title="bbox 2417 1327 4075 1405; baseline 0.003 -23"><span class='ocrx_word' id='word_1_168' title='bbox 2417 1331 2669 1404; x_wconf 83' lang='grc' dir='ltr'>προφορὰ</span> <span class='ocrx_word' id='word_1_169' title='bbox 2729 1328 2902 1404; x_wconf 81' lang='grc' dir='ltr'>λόγου</span> <span class='ocrx_word' id='word_1_170' title='bbox 2961 1327 3207 1403; x_wconf 79' lang='grc' dir='ltr'>γλώσσῃ,</span> <span class='ocrx_word' id='word_1_171' title='bbox 3254 1335 3415 1385; x_wconf 86' lang='grc' dir='ltr'>τοῦτο</span> <span class='ocrx_word' id='word_1_172' title='bbox 3471 1333 3662 1404; x_wconf 80' lang='grc' dir='ltr'>μνήμη</span> <span class='ocrx_word' id='word_1_173' title='bbox 3713 1337 3792 1404; x_wconf 87' lang='grc' dir='ltr'>τῷ</span> <span class='ocrx_word' id='word_1_174' title='bbox 3849 1338 3946 1405; x_wconf 80' lang='grc' dir='ltr'>νῷ,</span> <span class='ocrx_word' id='word_1_175' title='bbox 3980 1332 4075 1387; x_wconf 81' lang='grc' dir='ltr'>καὶ</span> 
     </span>
    </p>
   </div>
   <div class='ocr_carea' id='block_1_27' title="bbox 2416 1416 4072 1498">
    <p class='ocr_par' dir='ltr' id='par_1_27' title="bbox 2416 1416 4072 1498">
     <span class='ocr_line' id='line_1_27' title="bbox 2416 1416 4072 1498; baseline 0.003 -26"><span class='ocrx_word' id='word_1_176' title='bbox 2416 1419 2698 1493; x_wconf 77' lang='grc' dir='ltr'>προσευχὴ</span> <span class='ocrx_word' id='word_1_177' title='bbox 2757 1422 2824 1491; x_wconf 79' lang='grc' dir='ltr'>τῇ</span> <span class='ocrx_word' id='word_1_178' title='bbox 2881 1416 3112 1490; x_wconf 79' lang='grc' dir='ltr'>διανοίᾳ.</span> <span class='ocrx_word' id='word_1_179' title='bbox 3164 1422 3252 1480; x_wconf 85' lang='grc' dir='ltr'>Ὠς</span> <span class='ocrx_word' id='word_1_180' title='bbox 3310 1420 3414 1494; x_wconf 81' lang='grc' dir='ltr'>γάρ</span> <span class='ocrx_word' id='word_1_181' title='bbox 3475 1419 3760 1498; x_wconf 85' lang='grc' dir='ltr'>ὀφθαλμὸς</span> <span class='ocrx_word' id='word_1_182' title='bbox 3816 1426 3884 1495; x_wconf 84' lang='grc' dir='ltr'>τῇ</span> <span class='ocrx_word' id='word_1_183' title='bbox 3941 1421 4072 1496; x_wconf 88' lang='grc' dir='ltr'>βλε-</span> 
     </span>
    </p>
   </div>
   <div class='ocr_carea' id='block_1_28' title="bbox 2414 1506 4071 1583">
    <p class='ocr_par' dir='ltr' id='par_1_28' title="bbox 2414 1506 4071 1583">
     <span class='ocr_line' id='line_1_28' title="bbox 2414 1506 4071 1583; baseline 0.003 -23"><span class='ocrx_word' id='word_1_184' title='bbox 2414 1512 2584 1580; x_wconf 78' lang='grc' dir='ltr'>πτικῇ</span> <span class='ocrx_word' id='word_1_185' title='bbox 2625 1508 2869 1576; x_wconf 77' lang='grc' dir='ltr'>αἷσθήσει</span> <span class='ocrx_word' id='word_1_186' title='bbox 2923 1513 3021 1562; x_wconf 90' lang='grc' dir='ltr'>τοῦ</span> <span class='ocrx_word' id='word_1_187' title='bbox 3076 1510 3433 1581; x_wconf 77' lang='grc' dir='ltr'>προκειμένον</span> <span class='ocrx_word' id='word_1_188' title='bbox 3492 1511 3692 1583; x_wconf 80' lang='grc' dir='ltr'>ὁρατοῦ</span> <span class='ocrx_word' id='word_1_189' title='bbox 3745 1506 4071 1578; x_wconf 79' lang='grc' dir='ltr'>ἀπολαϐὼν,</span> 
     </span>
    </p>
   </div>
   <div class='ocr_carea' id='block_1_29' title="bbox 2415 1593 4073 1674">
    <p class='ocr_par' dir='ltr' id='par_1_29' title="bbox 2415 1593 4073 1674">
     <span class='ocr_line' id='line_1_29' title="bbox 2415 1593 4073 1674; baseline 0.003 -26"><span class='ocrx_word' id='word_1_190' title='bbox 2415 1593 2680 1667; x_wconf 70' lang='grc' dir='ltr'>οὗδεμίαν</span> <span class='ocrx_word' id='word_1_191' title='bbox 2713 1597 2899 1672; x_wconf 74' lang='grc' dir='ltr'>φωνὴν</span> <span class='ocrx_word' id='word_1_192' title='bbox 2947 1602 3205 1661; x_wconf 85' lang='grc' dir='ltr'>ποιεῖται,</span> <span class='ocrx_word' id='word_1_193' title='bbox 3237 1601 3306 1669; x_wconf 77' lang='grc' dir='ltr'>τῇ</span> <span class='ocrx_word' id='word_1_194' title='bbox 3338 1597 3500 1671; x_wconf 82' lang='grc' dir='ltr'>πείρᾳ</span> <span class='ocrx_word' id='word_1_195' title='bbox 3554 1595 3612 1652; x_wconf 72' lang='grc' dir='ltr'>δὲ</span> <span class='ocrx_word' id='word_1_196' title='bbox 3668 1605 3768 1667; x_wconf 89' lang='grc' dir='ltr'>τῆς</span> <span class='ocrx_word' id='word_1_197' title='bbox 3827 1600 4073 1674; x_wconf 82' lang='grc' dir='ltr'>ὁράσεως</span> 
     </span>
    </p>
   </div>
   <div class='ocr_carea' id='block_1_30' title="bbox 2412 1683 4070 1760">
    <p class='ocr_par' dir='ltr' id='par_1_30' title="bbox 2412 1683 4070 1760">
     <span class='ocr_line' id='line_1_30' title="bbox 2412 1683 4070 1760; baseline 0.002 -23"><span class='ocrx_word' id='word_1_198' title='bbox 2412 1686 2512 1752; x_wconf 79' lang='grc' dir='ltr'>τήν</span> <span class='ocrx_word' id='word_1_199' title='bbox 2543 1690 2740 1759; x_wconf 86' lang='grc' dir='ltr'>γνῶσιν</span> <span class='ocrx_word' id='word_1_200' title='bbox 2767 1691 2866 1739; x_wconf 87' lang='grc' dir='ltr'>τοῦ</span> <span class='ocrx_word' id='word_1_201' title='bbox 2896 1684 3182 1760; x_wconf 71' lang='grc' dir='ltr'>ὁρωμένου</span> <span class='ocrx_word' id='word_1_202' title='bbox 3215 1683 3432 1760; x_wconf 72' lang='grc' dir='ltr'>δέχεται</span> <span class='ocrx_word' id='word_1_203' title='bbox 3469 1708 3481 1718; x_wconf 91' lang='grc'><strong>·</strong></span> <span class='ocrx_word' id='word_1_204' title='bbox 3517 1686 3660 1741; x_wconf 75' lang='grc' dir='ltr'>οὕτω</span> <span class='ocrx_word' id='word_1_205' title='bbox 3710 1687 3801 1742; x_wconf 83' lang='grc' dir='ltr'>καὶ</span> <span class='ocrx_word' id='word_1_206' title='bbox 3853 1689 3882 1742; x_wconf 97' lang='lat'>6</span> <span class='ocrx_word' id='word_1_207' title='bbox 3918 1693 4070 1760; x_wconf 90' lang='grc' dir='ltr'>νοῦς,</span> 
     </span>
    </p>
   </div>
   <div class='ocr_carea' id='block_1_31' title="bbox 2414 1770 4066 1852">
    <p class='ocr_par' dir='ltr' id='par_1_31' title="bbox 2414 1770 4066 1852">
     <span class='ocr_line' id='line_1_31' title="bbox 2414 1770 4066 1852; baseline 0.003 -27"><span class='ocrx_word' id='word_1_208' title='bbox 2414 1770 2503 1826; x_wconf 77' lang='grc' dir='ltr'>διὰ</span> <span class='ocrx_word' id='word_1_209' title='bbox 2532 1778 2628 1838; x_wconf 90' lang='grc' dir='ltr'>τῆς</span> <span class='ocrx_word' id='word_1_210' title='bbox 2673 1776 2900 1846; x_wconf 81' lang='grc' dir='ltr'>μνήμης</span> <span class='ocrx_word' id='word_1_211' title='bbox 2959 1773 3232 1846; x_wconf 75' lang='grc' dir='ltr'>ἐρωτικῶς</span> <span class='ocrx_word' id='word_1_212' title='bbox 3286 1780 3366 1846; x_wconf 81' lang='grc' dir='ltr'>τῷ</span> <span class='ocrx_word' id='word_1_213' title='bbox 3424 1780 3539 1847; x_wconf 87' lang='grc' dir='ltr'>Θεῷ</span> <span class='ocrx_word' id='word_1_214' title='bbox 3595 1781 3942 1852; x_wconf 84' lang='grc' dir='ltr'>προσχωρῶν</span> <span class='ocrx_word' id='word_1_215' title='bbox 3993 1779 4066 1851; x_wconf 73' lang='grc' dir='ltr'>τῇ</span> 
     </span>
    </p>
   </div>
   <div class='ocr_carea' id='block_1_32' title="bbox 648 1859 2285 1945">
    <p class='ocr_par' dir='ltr' id='par_1_32' title="bbox 648 1869 2285 1944">
     <span class='ocr_line' id='line_1_32' title="bbox 648 1869 2285 1944; baseline 0.002 -21"><span class='ocrx_word' id='word_1_216' title='bbox 648 1869 829 1925; x_wconf 91' lang='lat' dir='ltr'><strong>lentio</strong></span> <span class='ocrx_word' id='word_1_217' title='bbox 880 1870 1324 1942; x_wconf 88' lang='lat' dir='ltr'><strong>simplicissima</strong></span> <span class='ocrx_word' id='word_1_218' title='bbox 1369 1872 1470 1926; x_wconf 91' lang='lat' dir='ltr'>Dei</span> <span class='ocrx_word' id='word_1_219' title='bbox 1530 1873 1762 1927; x_wconf 89' lang='lat' dir='ltr'><strong>notione</strong></span> <span class='ocrx_word' id='word_1_220' title='bbox 1819 1873 2095 1939; x_wconf 85' lang='lat' dir='ltr'><strong>reficitur,</strong></span> <span class='ocrx_word' id='word_1_221' title='bbox 2148 1889 2285 1944; x_wconf 83' lang='lat' dir='ltr'><strong>quoc</strong></span> 
     </span>
    </p>
   </div>
   <div class='ocr_carea' id='block_1_33' title="bbox 2396 1859 4065 1945">
    <p class='ocr_par' dir='ltr' id='par_1_33' title="bbox 2411 1859 4065 1938">
     <span class='ocr_line' id='line_1_33' title="bbox 2411 1859 4065 1938; baseline 0.003 -23"><span class='ocrx_word' id='word_1_222' title='bbox 2411 1861 2820 1933; x_wconf 86' lang='grc' dir='ltr'>προσκολλήσει</span> <span class='ocrx_word' id='word_1_223' title='bbox 2851 1869 2950 1931; x_wconf 82' lang='grc' dir='ltr'>τῆς</span> <span class='ocrx_word' id='word_1_224' title='bbox 2984 1859 3265 1938; x_wconf 87' lang='grc' dir='ltr'>διαπείρου</span> <span class='ocrx_word' id='word_1_225' title='bbox 3315 1860 3607 1928; x_wconf 75' lang='grc' dir='ltr'>διαθέσεως</span> <span class='ocrx_word' id='word_1_226' title='bbox 3665 1863 3755 1920; x_wconf 74' lang='grc' dir='ltr'>καὶ</span> <span class='ocrx_word' id='word_1_227' title='bbox 3810 1869 3880 1938; x_wconf 78' lang='grc' dir='ltr'>τῇ</span> <span class='ocrx_word' id='word_1_228' title='bbox 3935 1869 4065 1938; x_wconf 83' lang='grc' dir='ltr'>σικῇ</span> 
     </span>
    </p>
   </div>
   <div class='ocr_carea' id='block_1_34' title="bbox 651 1949 2285 2031">
    <p class='ocr_par' dir='ltr' id='par_1_34' title="bbox 651 1958 2285 2031">
     <span class='ocr_line' id='line_1_34' title="bbox 651 1958 2285 2031; baseline 0.002 -19"><span class='ocrx_word' id='word_1_229' title='bbox 651 1958 1026 2014; x_wconf 90' lang='lat' dir='ltr'><strong>illuminetur</strong></span> <span class='ocrx_word' id='word_1_230' title='bbox 1073 1960 1385 2031; x_wconf 89' lang='lat' dir='ltr'><strong>splendore</strong></span> <span class='ocrx_word' id='word_1_231' title='bbox 1431 1961 1629 2016; x_wconf 92' lang='lat' dir='ltr'><strong>divino</strong></span> <span class='ocrx_word' id='word_1_232' title='bbox 1662 1968 1719 2016; x_wconf 90' lang='lat' dir='ltr'><strong>et</strong></span> <span class='ocrx_word' id='word_1_233' title='bbox 1767 1963 1974 2016; x_wconf 60' lang='lat' dir='ltr'><strong>futura;</strong></span> <span class='ocrx_word' id='word_1_234' title='bbox 2025 1962 2285 2017; x_wconf 78' lang='lat' dir='ltr'><strong>claritati:</strong></span> 
     </span>
    </p>
   </div>
   <div class='ocr_carea' id='block_1_35' title="bbox 2396 1949 4070 2031">
    <p class='ocr_par' dir='ltr' id='par_1_35' title="bbox 2410 1949 4070 2028">
     <span class='ocr_line' id='line_1_35' title="bbox 2410 1949 4070 2028; baseline 0.003 -24"><span class='ocrx_word' id='word_1_235' title='bbox 2410 1957 2509 2018; x_wconf 86' lang='grc' dir='ltr'>τῆς</span> <span class='ocrx_word' id='word_1_236' title='bbox 2542 1949 2922 2021; x_wconf 81' lang='grc' dir='ltr'>ἀπλουστάτης</span> <span class='ocrx_word' id='word_1_237' title='bbox 2949 1953 3210 2023; x_wconf 75' lang='grc' dir='ltr'>νοήσεως,</span> <span class='ocrx_word' id='word_1_238' title='bbox 3246 1953 3348 2007; x_wconf 79' lang='grc' dir='ltr'>ὑπὸ</span> <span class='ocrx_word' id='word_1_239' title='bbox 3378 1955 3478 2022; x_wconf 84' lang='grc' dir='ltr'>τῆς</span> <span class='ocrx_word' id='word_1_240' title='bbox 3528 1953 3672 2017; x_wconf 89' lang='grc' dir='ltr'>θείας</span> <span class='ocrx_word' id='word_1_241' title='bbox 3731 1952 4070 2028; x_wconf 78' lang='grc' dir='ltr'>ἐλλάμψεως</span> 
     </span>
    </p>
   </div>
   <div class='ocr_carea' id='block_1_36' title="bbox 652 2047 2303 2120">
    <p class='ocr_par' dir='ltr' id='par_1_36' title="bbox 652 2047 2303 2120">
     <span class='ocr_line' id='line_1_36' title="bbox 652 2047 2303 2120; baseline 0.002 -19"><span class='ocrx_word' id='word_1_242' title='bbox 652 2047 868 2118; x_wconf 90' lang='lat' dir='ltr'><strong>pignus</strong></span> <span class='ocrx_word' id='word_1_243' title='bbox 903 2054 1174 2118; x_wconf 87' lang='lat' dir='ltr'><strong>reportet.</strong></span> <span class='ocrx_word' id='word_1_244' title='bbox 1210 2049 1432 2120; x_wconf 82' lang='lat' dir='ltr'><strong>Lingua</strong></span> <span class='ocrx_word' id='word_1_245' title='bbox 1458 2050 1725 2120; x_wconf 87' lang='lat' dir='ltr'><strong>producit</strong></span> <span class='ocrx_word' id='word_1_246' title='bbox 1754 2051 1926 2105; x_wconf 89' lang='lat' dir='ltr'><strong>verba</strong></span> <span class='ocrx_word' id='word_1_247' title='bbox 1956 2051 2303 2106; x_wconf 85' lang='lat' dir='ltr'><strong>elocutionis</strong></span> 
     </span>
    </p>
   </div>
   <div class='ocr_carea' id='block_1_37' title="bbox 647 2136 2299 2210">
    <p class='ocr_par' dir='ltr' id='par_1_37' title="bbox 647 2136 2299 2210">
     <span class='ocr_line' id='line_1_37' title="bbox 647 2136 2299 2210; baseline 0.003 -21"><span class='ocrx_word' id='word_1_248' title='bbox 647 2144 704 2190; x_wconf 89' lang='lat' dir='ltr'>et</span> <span class='ocrx_word' id='word_1_249' title='bbox 737 2136 1003 2191; x_wconf 88' lang='lat' dir='ltr'><strong>audienti</strong></span> <span class='ocrx_word' id='word_1_250' title='bbox 1038 2138 1393 2193; x_wconf 84' lang='lat' dir='ltr'><strong>invisibilem</strong></span> <span class='ocrx_word' id='word_1_251' title='bbox 1428 2139 1672 2210; x_wconf 88' lang='lat' dir='ltr'><strong>spiritus</strong></span> <span class='ocrx_word' id='word_1_252' title='bbox 1716 2139 2076 2195; x_wconf 87' lang='lat' dir='ltr'><strong>voluntatem</strong></span> <span class='ocrx_word' id='word_1_253' title='bbox 2111 2140 2299 2194; x_wconf 88' lang='lat' dir='ltr'><strong>mani-</strong></span> 
     </span>
    </p>
   </div>
   <div class='ocr_carea' id='block_1_38' title="bbox 658 2225 2298 2301">
    <p class='ocr_par' dir='ltr' id='par_1_38' title="bbox 658 2225 2298 2301">
     <span class='ocr_line' id='line_1_38' title="bbox 658 2225 2298 2301; baseline 0.004 -23"><span class='ocrx_word' id='word_1_254' title='bbox 658 2226 870 2280; x_wconf 89' lang='lat' dir='ltr'><strong>festat:</strong></span> <span class='ocrx_word' id='word_1_255' title='bbox 905 2225 985 2280; x_wconf 89' lang='lat' dir='ltr'>ita</span> <span class='ocrx_word' id='word_1_256' title='bbox 1012 2243 1176 2281; x_wconf 90' lang='lat' dir='ltr'><strong>mens</strong></span> <span class='ocrx_word' id='word_1_257' title='bbox 1219 2227 1355 2282; x_wconf 81' lang='lat' dir='ltr'><strong>facit</strong></span> <span class='ocrx_word' id='word_1_258' title='bbox 1398 2229 1629 2283; x_wconf 81' lang='lat' dir='ltr'><strong>brevius</strong></span> <span class='ocrx_word' id='word_1_259' title='bbox 1688 2230 1971 2284; x_wconf 90' lang='lat' dir='ltr'><strong>orationis</strong></span> <span class='ocrx_word' id='word_1_260' title='bbox 2020 2228 2298 2301; x_wconf 82' lang='lat' dir='ltr'><strong>syllabas,</strong></span> 
     </span>
    </p>
   </div>
   <div class='ocr_carea' id='block_1_39' title="bbox 650 2314 2298 2388">
    <p class='ocr_par' dir='ltr' id='par_1_39' title="bbox 650 2314 2298 2388">
     <span class='ocr_line' id='line_1_39' title="bbox 650 2314 2298 2388; baseline 0.002 -20"><span class='ocrx_word' id='word_1_261' title='bbox 650 2330 799 2384; x_wconf 89' lang='lat' dir='ltr'><strong>quas</strong></span> <span class='ocrx_word' id='word_1_262' title='bbox 825 2314 1160 2385; x_wconf 88' lang='lat' dir='ltr'><strong>frequenter</strong></span> <span class='ocrx_word' id='word_1_263' title='bbox 1190 2317 1408 2371; x_wconf 86' lang='lat' dir='ltr'><strong>emittit</strong></span> <span class='ocrx_word' id='word_1_264' title='bbox 1431 2323 1486 2371; x_wconf 92' lang='lat' dir='ltr'>et</span> <span class='ocrx_word' id='word_1_265' title='bbox 1518 2317 1732 2372; x_wconf 82' lang='lat' dir='ltr'><strong>fervide</strong></span> <span class='ocrx_word' id='word_1_266' title='bbox 1760 2317 2006 2384; x_wconf 71' lang='lat' dir='ltr'><strong>;animae</strong></span> <span class='ocrx_word' id='word_1_267' title='bbox 2038 2317 2298 2388; x_wconf 88' lang='lat' dir='ltr'><strong>postula-</strong></span> 
     </span>
    </p>
   </div>
   <div class='ocr_carea' id='block_1_40' title="bbox 645 2403 2300 2477">
    <p class='ocr_par' dir='ltr' id='par_1_40' title="bbox 645 2403 2300 2477">
     <span class='ocr_line' id='line_1_40' title="bbox 645 2403 2300 2477; baseline 0.002 -21"><span class='ocrx_word' id='word_1_268' title='bbox 645 2403 866 2457; x_wconf 88' lang='lat' dir='ltr'><strong>tionem</strong></span> <span class='ocrx_word' id='word_1_269' title='bbox 923 2409 1120 2458; x_wconf 90' lang='lat' dir='ltr'><strong>notam</strong></span> <span class='ocrx_word' id='word_1_270' title='bbox 1161 2405 1260 2459; x_wconf 89' lang='lat' dir='ltr'>dat</span> <span class='ocrx_word' id='word_1_271' title='bbox 1303 2407 1412 2460; x_wconf 91' lang='lat' dir='ltr'>Deo</span> <span class='ocrx_word' id='word_1_272' title='bbox 1445 2407 1639 2460; x_wconf 88' lang='lat' dir='ltr'><strong>omnia</strong></span> <span class='ocrx_word' id='word_1_273' title='bbox 1677 2407 1905 2474; x_wconf 88' lang='lat' dir='ltr'><strong>scienti,</strong></span> <span class='ocrx_word' id='word_1_274' title='bbox 1947 2406 2167 2461; x_wconf 85' lang='lat' dir='ltr'><strong>assidet</strong></span> <span class='ocrx_word' id='word_1_275' title='bbox 2196 2423 2300 2477; x_wconf 90' lang='lat' dir='ltr'>per</span> 
     </span>
    </p>
   </div>
   <div class='ocr_carea' id='block_1_41' title="bbox 641 2494 2297 2561">
    <p class='ocr_par' dir='ltr' id='par_1_41' title="bbox 641 2494 2297 2561">
     <span class='ocr_line' id='line_1_41' title="bbox 641 2494 2297 2561; baseline 0.004 -18"><span class='ocrx_word' id='word_1_276' title='bbox 641 2497 776 2546; x_wconf 91' lang='lat' dir='ltr'><strong>vota</strong></span> <span class='ocrx_word' id='word_1_277' title='bbox 807 2497 862 2544; x_wconf 92' lang='lat' dir='ltr'>et</span> <span class='ocrx_word' id='word_1_278' title='bbox 895 2500 1360 2561; x_wconf 68' lang='lat' dir='ltr'><strong>perseverantem</strong></span> <span class='ocrx_word' id='word_1_279' title='bbox 1395 2494 1803 2550; x_wconf 87' lang='lat' dir='ltr'><strong>contritionem</strong></span> <span class='ocrx_word' id='word_1_280' title='bbox 1837 2495 2052 2561; x_wconf 91' lang='lat' dir='ltr'><strong>cordis,</strong></span> <span class='ocrx_word' id='word_1_281' title='bbox 2075 2496 2297 2549; x_wconf 90' lang='lat' dir='ltr'><strong>viscera</strong></span> 
     </span>
    </p>
   </div>
   <div class='ocr_carea' id='block_1_42' title="bbox 644 2581 2295 2654">
    <p class='ocr_par' dir='ltr' id='par_1_42' title="bbox 644 2581 2295 2654">
     <span class='ocr_line' id='line_1_42' title="bbox 644 2581 2295 2654; baseline 0.003 -21"><span class='ocrx_word' id='word_1_282' title='bbox 644 2581 1055 2635; x_wconf 71' lang='lat' dir='ltr'><strong>misericordiae</strong></span> <span class='ocrx_word' id='word_1_283' title='bbox 1096 2581 1303 2652; x_wconf 79' lang='lat' dir='ltr'><strong>divinae</strong></span> <span class='ocrx_word' id='word_1_284' title='bbox 1353 2588 1677 2638; x_wconf 87' lang='lat' dir='ltr'><strong>commovet</strong></span> <span class='ocrx_word' id='word_1_285' title='bbox 1722 2589 1779 2638; x_wconf 89' lang='lat' dir='ltr'><strong>et</strong></span> <span class='ocrx_word' id='word_1_286' title='bbox 1823 2583 2034 2638; x_wconf 89' lang='lat' dir='ltr'><strong>salutis</strong></span> <span class='ocrx_word' id='word_1_287' title='bbox 2075 2584 2295 2654; x_wconf 85' lang='lat' dir='ltr'><strong>gratias</strong></span> 
     </span>
    </p>
   </div>
   <div class='ocr_carea' id='block_1_43' title="bbox 641 2672 2292 2741">
    <p class='ocr_par' dir='ltr' id='par_1_43' title="bbox 641 2672 2292 2741">
     <span class='ocr_line' id='line_1_43' title="bbox 641 2672 2292 2741; baseline 0.003 -18"><span class='ocrx_word' id='word_1_288' title='bbox 641 2672 848 2741; x_wconf 90' lang='lat' dir='ltr'><strong>recipit</strong></span> <span class='ocrx_word' id='word_1_289' title='bbox 894 2673 1400 2741; x_wconf 88' lang='lat' dir='ltr'><strong>supereffluentes.</strong></span> <span class='ocrx_word' id='word_1_290' title='bbox 1440 2698 1458 2721; x_wconf 82' lang='grc' dir='ltr'><strong><em>σ</em></strong></span> <span class='ocrx_word' id='word_1_291' title='bbox 1506 2675 1613 2728; x_wconf 90' lang='lat' dir='ltr'><strong>Cor</strong></span> <span class='ocrx_word' id='word_1_292' title='bbox 1653 2676 1967 2728; x_wconf 91' lang='lat' dir='ltr'><strong>contritum</strong></span> <span class='ocrx_word' id='word_1_293' title='bbox 2015 2683 2072 2728; x_wconf 86' lang='lat' dir='ltr'>et</span> <span class='ocrx_word' id='word_1_294' title='bbox 2103 2675 2292 2728; x_wconf 88' lang='lat' dir='ltr'><strong>humi-</strong></span> 
     </span>
    </p>
   </div>
   <div class='ocr_carea' id='block_1_44' title="bbox 635 2759 2290 2833">
    <p class='ocr_par' dir='ltr' id='par_1_44' title="bbox 635 2759 2290 2833">
     <span class='ocr_line' id='line_1_44' title="bbox 635 2759 2290 2833; baseline 0.004 -20"><span class='ocrx_word' id='word_1_295' title='bbox 635 2759 838 2814; x_wconf 90' lang='lat' dir='ltr'><strong>liatum</strong></span> <span class='ocrx_word' id='word_1_296' title='bbox 872 2761 1024 2816; x_wconf 90' lang='lat' dir='ltr'><strong>Deus</strong></span> <span class='ocrx_word' id='word_1_297' title='bbox 1059 2779 1172 2816; x_wconf 89' lang='lat' dir='ltr'>non</span> <span class='ocrx_word' id='word_1_298' title='bbox 1205 2762 1491 2833; x_wconf 83' lang='lat' dir='ltr'><strong>despiciet</strong></span> <span class='ocrx_word' id='word_1_299' title='bbox 1523 2764 1581 2815; x_wconf 75' lang='grc' dir='ltr'>ιθ.</span> <span class='ocrx_word' id='word_1_300' title='bbox 1621 2785 1647 2810; x_wconf 92' lang='grc'><strong>››</strong></span> <span class='ocrx_word' id='word_1_301' title='bbox 1683 2764 1843 2826; x_wconf 89' lang='lat' dir='ltr'><strong>Quod</strong></span> <span class='ocrx_word' id='word_1_302' title='bbox 1878 2769 2074 2818; x_wconf 90' lang='lat' dir='ltr'><strong>autem</strong></span> <span class='ocrx_word' id='word_1_303' title='bbox 2109 2763 2200 2818; x_wconf 89' lang='lat' dir='ltr'>his</span> <span class='ocrx_word' id='word_1_304' title='bbox 2234 2765 2290 2820; x_wconf 90' lang='lat' dir='ltr'><strong>in</strong></span> 
     </span>
    </p>
   </div>
   <div class='ocr_carea' id='block_1_45' title="bbox 636 2851 2290 2922">
    <p class='ocr_par' dir='ltr' id='par_1_45' title="bbox 636 2851 2290 2922">
     <span class='ocr_line' id='line_1_45' title="bbox 636 2851 2290 2922; baseline 0.004 -19"><span class='ocrx_word' id='word_1_305' title='bbox 636 2851 807 2905; x_wconf 89' lang='lat' dir='ltr'><strong>terris</strong></span> <span class='ocrx_word' id='word_1_306' title='bbox 841 2851 1018 2905; x_wconf 87' lang='lat' dir='ltr'><strong>relate</strong></span> <span class='ocrx_word' id='word_1_307' title='bbox 1064 2853 1133 2906; x_wconf 88' lang='lat' dir='ltr'>ad</span> <span class='ocrx_word' id='word_1_308' title='bbox 1192 2867 1356 2921; x_wconf 86' lang='lat' dir='ltr'><strong>reges</strong></span> <span class='ocrx_word' id='word_1_309' title='bbox 1409 2853 1728 2922; x_wconf 81' lang='lat' dir='ltr'><strong>perficitur,</strong></span> <span class='ocrx_word' id='word_1_310' title='bbox 1779 2855 2066 2908; x_wconf 86' lang='lat' dir='ltr'><strong>conducet</strong></span> <span class='ocrx_word' id='word_1_311' title='bbox 2114 2860 2171 2909; x_wconf 91' lang='lat' dir='ltr'>te</span> <span class='ocrx_word' id='word_1_312' title='bbox 2225 2856 2290 2910; x_wconf 88' lang='lat' dir='ltr'>ad</span> 
     </span>
    </p>
   </div>
   <div class='ocr_carea' id='block_1_46' title="bbox 635 2943 2288 3014">
    <p class='ocr_par' dir='ltr' id='par_1_46' title="bbox 635 2943 2288 3014">
     <span class='ocr_line' id='line_1_46' title="bbox 635 2943 2288 3014; baseline 0.004 -22"><span class='ocrx_word' id='word_1_313' title='bbox 635 2956 839 3008; x_wconf 88' lang='lat' dir='ltr'><strong>puram</strong></span> <span class='ocrx_word' id='word_1_314' title='bbox 882 2943 1228 2996; x_wconf 88' lang='lat' dir='ltr'><strong>orationem.</strong></span> <span class='ocrx_word' id='word_1_315' title='bbox 1263 2947 1404 2995; x_wconf 81' lang='lat' dir='ltr'><strong>Cum</strong></span> <span class='ocrx_word' id='word_1_316' title='bbox 1439 2943 1507 2996; x_wconf 92' lang='lat' dir='ltr'>ad</span> <span class='ocrx_word' id='word_1_317' title='bbox 1562 2958 1756 3014; x_wconf 88' lang='lat' dir='ltr'><strong>regem</strong></span> <span class='ocrx_word' id='word_1_318' title='bbox 1809 2944 2164 3012; x_wconf 90' lang='lat' dir='ltr'><strong>perveneris,</strong></span> <span class='ocrx_word' id='word_1_319' title='bbox 2195 2960 2288 2998; x_wconf 92' lang='lat' dir='ltr'>ac-</span> 
     </span>
    </p>
   </div>
   <div class='ocr_carea' id='block_1_47' title="bbox 630 3030 2285 3102">
    <p class='ocr_par' dir='ltr' id='par_1_47' title="bbox 630 3030 2285 3102">
     <span class='ocr_line' id='line_1_47' title="bbox 630 3030 2285 3102; baseline 0.003 -20"><span class='ocrx_word' id='word_1_320' title='bbox 630 3030 789 3084; x_wconf 91' lang='lat' dir='ltr'><strong>cedis</strong></span> <span class='ocrx_word' id='word_1_321' title='bbox 816 3045 1076 3099; x_wconf 90' lang='lat' dir='ltr'><strong>corpore,</strong></span> <span class='ocrx_word' id='word_1_322' title='bbox 1103 3031 1306 3102; x_wconf 88' lang='lat' dir='ltr'><strong>lingua</strong></span> <span class='ocrx_word' id='word_1_323' title='bbox 1341 3032 1698 3102; x_wconf 78' lang='lat' dir='ltr'><strong>adprecaris,</strong></span> <span class='ocrx_word' id='word_1_324' title='bbox 1724 3031 1892 3086; x_wconf 89' lang='lat' dir='ltr'><strong>oculo</strong></span> <span class='ocrx_word' id='word_1_325' title='bbox 1925 3032 2285 3100; x_wconf 89' lang='lat' dir='ltr'><strong>consideras,</strong></span> 
     </span>
    </p>
   </div>
   <div class='ocr_carea' id='block_1_48' title="bbox 633 3119 2286 3190">
    <p class='ocr_par' dir='ltr' id='par_1_48' title="bbox 633 3119 2286 3190">
     <span class='ocr_line' id='line_1_48' title="bbox 633 3119 2286 3190; baseline 0.004 -19"><span class='ocrx_word' id='word_1_326' title='bbox 633 3124 696 3171; x_wconf 89' lang='lat' dir='ltr'>ut</span> <span class='ocrx_word' id='word_1_327' title='bbox 746 3119 997 3189; x_wconf 84' lang='lat' dir='ltr'><strong>regalem</strong></span> <span class='ocrx_word' id='word_1_328' title='bbox 1060 3120 1163 3173; x_wconf 88' lang='lat' dir='ltr'><strong>tibi</strong></span> <span class='ocrx_word' id='word_1_329' title='bbox 1224 3122 1644 3190; x_wconf 77' lang='lat' dir='ltr'><strong>conciliaturus</strong></span> <span class='ocrx_word' id='word_1_330' title='bbox 1707 3122 1789 3175; x_wconf 90' lang='lat' dir='ltr'>sis</span> <span class='ocrx_word' id='word_1_331' title='bbox 1842 3122 2117 3176; x_wconf 86' lang='lat' dir='ltr'><strong>favorem.</strong></span> <span class='ocrx_word' id='word_1_332' title='bbox 2170 3122 2286 3177; x_wconf 87' lang='lat' dir='ltr'><strong>Hoc</strong></span> 
     </span>
    </p>
   </div>
   <div class='ocr_carea' id='block_1_49' title="bbox 632 3209 2283 3278">
    <p class='ocr_par' dir='ltr' id='par_1_49' title="bbox 632 3209 2283 3278">
     <span class='ocr_line' id='line_1_49' title="bbox 632 3209 2283 3278; baseline 0.002 -17"><span class='ocrx_word' id='word_1_333' title='bbox 632 3224 864 3277; x_wconf 89' lang='lat' dir='ltr'><strong>quoque</strong></span> <span class='ocrx_word' id='word_1_334' title='bbox 897 3209 1188 3278; x_wconf 85' lang='lat' dir='ltr'><strong>perficias,</strong></span> <span class='ocrx_word' id='word_1_335' title='bbox 1216 3210 1335 3264; x_wconf 89' lang='lat' dir='ltr'><strong>sive</strong></span> <span class='ocrx_word' id='word_1_336' title='bbox 1368 3210 1424 3263; x_wconf 92' lang='lat' dir='ltr'>in</span> <span class='ocrx_word' id='word_1_337' title='bbox 1459 3214 1746 3264; x_wconf 89' lang='lat' dir='ltr'><strong>conventu</strong></span> <span class='ocrx_word' id='word_1_338' title='bbox 1794 3210 1974 3264; x_wconf 89' lang='lat' dir='ltr'><strong>fueris</strong></span> <span class='ocrx_word' id='word_1_339' title='bbox 2004 3209 2283 3278; x_wconf 73' lang='lat' dir='ltr'><strong>ecclesiae,</strong></span> 
     </span>
    </p>
   </div>
   <div class='ocr_carea' id='block_1_50' title="bbox 643 3296 2284 3354">
    <p class='ocr_par' dir='ltr' id='par_1_50' title="bbox 643 3296 2284 3354">
     <span class='ocr_line' id='line_1_50' title="bbox 643 3296 2284 3354; baseline 0.002 -5"><span class='ocrx_word' id='word_1_340' title='bbox 643 3297 762 3351; x_wconf 91' lang='lat' dir='ltr'><strong>sive</strong></span> <span class='ocrx_word' id='word_1_341' title='bbox 804 3296 964 3351; x_wconf 92' lang='lat' dir='ltr'><strong>solus</strong></span> <span class='ocrx_word' id='word_1_342' title='bbox 1011 3297 1066 3350; x_wconf 91' lang='lat' dir='ltr'>in</span> <span class='ocrx_word' id='word_1_343' title='bbox 1120 3303 1219 3352; x_wconf 90' lang='lat' dir='ltr'>tua</span> <span class='ocrx_word' id='word_1_344' title='bbox 1269 3299 1596 3352; x_wconf 88' lang='lat' dir='ltr'><strong>mansione.</strong></span> <span class='ocrx_word' id='word_1_345' title='bbox 1631 3299 1687 3352; x_wconf 88' lang='lat' dir='ltr'><strong>Si</strong></span> <span class='ocrx_word' id='word_1_346' title='bbox 1738 3315 1870 3352; x_wconf 89' lang='lat' dir='ltr'>cum</span> <span class='ocrx_word' id='word_1_347' title='bbox 1917 3299 2196 3353; x_wconf 87' lang='lat' dir='ltr'><strong>fratribus</strong></span> <span class='ocrx_word' id='word_1_348' title='bbox 2227 3300 2284 3354; x_wconf 92' lang='lat' dir='ltr'>in</span> 
     </span>
    </p>
   </div>
   <div class='ocr_carea' id='block_1_51' title="bbox 630 3388 2285 3461">
    <p class='ocr_par' dir='ltr' id='par_1_51' title="bbox 630 3388 2285 3461">
     <span class='ocr_line' id='line_1_51' title="bbox 630 3388 2285 3461; baseline 0.002 -20"><span class='ocrx_word' id='word_1_349' title='bbox 630 3388 871 3442; x_wconf 80' lang='lat' dir='ltr'><strong>Domino</strong></span> <span class='ocrx_word' id='word_1_350' title='bbox 905 3392 1297 3459; x_wconf 89' lang='lat' dir='ltr'><strong>congregatus</strong></span> <span class='ocrx_word' id='word_1_351' title='bbox 1349 3389 1550 3457; x_wconf 86' lang='lat' dir='ltr'><strong>fueris,</strong></span> <span class='ocrx_word' id='word_1_352' title='bbox 1586 3405 1688 3461; x_wconf 92' lang='lat' dir='ltr'>per</span> <span class='ocrx_word' id='word_1_353' title='bbox 1737 3388 1995 3459; x_wconf 89' lang='lat' dir='ltr'><strong>corporis</strong></span> <span class='ocrx_word' id='word_1_354' title='bbox 2045 3390 2285 3460; x_wconf 88' lang='lat' dir='ltr'><strong>positio-</strong></span> 
     </span>
    </p>
   </div>
   <div class='ocr_carea' id='block_1_52' title="bbox 623 3476 2280 3549">
    <p class='ocr_par' dir='ltr' id='par_1_52' title="bbox 623 3476 2280 3549">
     <span class='ocr_line' id='line_1_52' title="bbox 623 3476 2280 3549; baseline 0.002 -20"><span class='ocrx_word' id='word_1_355' title='bbox 623 3492 753 3531; x_wconf 87' lang='lat' dir='ltr'>nem</span> <span class='ocrx_word' id='word_1_356' title='bbox 777 3480 832 3530; x_wconf 91' lang='lat' dir='ltr'><strong>et</strong></span> <span class='ocrx_word' id='word_1_357' title='bbox 856 3476 1066 3547; x_wconf 71' lang='lat' dir='ltr'><strong>lingua:</strong></span> <span class='ocrx_word' id='word_1_358' title='bbox 1095 3477 1482 3547; x_wconf 88' lang='lat' dir='ltr'><strong>psalmodiam</strong></span> <span class='ocrx_word' id='word_1_359' title='bbox 1507 3478 1758 3549; x_wconf 86' lang='lat' dir='ltr'><strong>teipsum</strong></span> <span class='ocrx_word' id='word_1_360' title='bbox 1781 3479 2003 3548; x_wconf 87' lang='lat' dir='ltr'><strong>profers</strong></span> <span class='ocrx_word' id='word_1_361' title='bbox 2018 3477 2133 3533; x_wconf 91' lang='lat' dir='ltr'>Deo</span> <span class='ocrx_word' id='word_1_362' title='bbox 2161 3497 2172 3545; x_wconf 96' lang='lat'>;</span> <span class='ocrx_word' id='word_1_363' title='bbox 2197 3479 2280 3534; x_wconf 92' lang='lat' dir='ltr'>sic</span> 
     </span>
    </p>
   </div>
   <div class='ocr_carea' id='block_1_53' title="bbox 623 3564 2280 3634">
    <p class='ocr_par' dir='ltr' id='par_1_53' title="bbox 623 3564 2280 3634">
     <span class='ocr_line' id='line_1_53' title="bbox 623 3564 2280 3634; baseline 0.002 -17"><span class='ocrx_word' id='word_1_364' title='bbox 623 3581 857 3634; x_wconf 86' lang='lat' dir='ltr'><strong>quoque</strong></span> <span class='ocrx_word' id='word_1_365' title='bbox 903 3564 1094 3618; x_wconf 88' lang='lat' dir='ltr'><strong>verbis</strong></span> <span class='ocrx_word' id='word_1_366' title='bbox 1127 3565 1396 3618; x_wconf 88' lang='lat' dir='ltr'><strong>attendas</strong></span> <span class='ocrx_word' id='word_1_367' title='bbox 1427 3571 1619 3618; x_wconf 87' lang='lat' dir='ltr'><strong>mente</strong></span> <span class='ocrx_word' id='word_1_368' title='bbox 1650 3569 1751 3617; x_wconf 89' lang='lat' dir='ltr'>tua</span> <span class='ocrx_word' id='word_1_369' title='bbox 1771 3570 1827 3618; x_wconf 94' lang='lat' dir='ltr'><strong>et</strong></span> <span class='ocrx_word' id='word_1_370' title='bbox 1849 3565 2000 3619; x_wconf 87' lang='lat' dir='ltr'><strong>scias</strong></span> <span class='ocrx_word' id='word_1_371' title='bbox 2034 3570 2086 3620; x_wconf 90' lang='lat' dir='ltr'>te</span> <span class='ocrx_word' id='word_1_372' title='bbox 2106 3566 2280 3620; x_wconf 88' lang='lat' dir='ltr'><strong>verba</strong></span> 
     </span>
    </p>
   </div>
   <div class='ocr_carea' id='block_1_54' title="bbox 616 3653 2277 3724">
    <p class='ocr_par' dir='ltr' id='par_1_54' title="bbox 616 3653 2277 3724">
     <span class='ocr_line' id='line_1_54' title="bbox 616 3653 2277 3724; baseline 0.001 -17"><span class='ocrx_word' id='word_1_373' title='bbox 616 3655 686 3707; x_wconf 91' lang='lat' dir='ltr'>ad</span> <span class='ocrx_word' id='word_1_374' title='bbox 750 3655 926 3707; x_wconf 90' lang='lat' dir='ltr'><strong>Deum</strong></span> <span class='ocrx_word' id='word_1_375' title='bbox 982 3653 1169 3708; x_wconf 88' lang='lat' dir='ltr'><strong>facere</strong></span> <span class='ocrx_word' id='word_1_376' title='bbox 1235 3658 1412 3724; x_wconf 88' lang='lat' dir='ltr'><strong>atque</strong></span> <span class='ocrx_word' id='word_1_377' title='bbox 1474 3654 1820 3708; x_wconf 87' lang='lat' dir='ltr'><strong>orationem.</strong></span> <span class='ocrx_word' id='word_1_378' title='bbox 1871 3654 2005 3716; x_wconf 68' lang='lat' dir='ltr'><strong>Quae</strong></span> <span class='ocrx_word' id='word_1_379' title='bbox 2057 3659 2277 3710; x_wconf 89' lang='lat' dir='ltr'><strong>attente</strong></span> 
     </span>
    </p>
   </div>
   <div class='ocr_carea' id='block_1_55' title="bbox 615 3742 2275 3815">
    <p class='ocr_par' dir='ltr' id='par_1_55' title="bbox 615 3742 2275 3815">
     <span class='ocr_line' id='line_1_55' title="bbox 615 3742 2275 3815; baseline 0.002 -19"><span class='ocrx_word' id='word_1_380' title='bbox 615 3748 790 3812; x_wconf 90' lang='lat' dir='ltr'><strong>atque</strong></span> <span class='ocrx_word' id='word_1_381' title='bbox 823 3743 1025 3796; x_wconf 91' lang='lat' dir='ltr'><strong>devote</strong></span> <span class='ocrx_word' id='word_1_382' title='bbox 1066 3742 1314 3797; x_wconf 87' lang='lat' dir='ltr'><strong>orationi</strong></span> <span class='ocrx_word' id='word_1_383' title='bbox 1354 3748 1540 3810; x_wconf 85' lang='lat' dir='ltr'><strong>vacat,</strong></span> <span class='ocrx_word' id='word_1_384' title='bbox 1586 3742 1688 3797; x_wconf 91' lang='lat' dir='ltr'><strong>illa</strong></span> <span class='ocrx_word' id='word_1_385' title='bbox 1727 3760 1894 3798; x_wconf 84' lang='lat' dir='ltr'><strong>mens</strong></span> <span class='ocrx_word' id='word_1_386' title='bbox 1935 3743 2150 3815; x_wconf 91' lang='lat' dir='ltr'><strong>gaudio</strong></span> <span class='ocrx_word' id='word_1_387' title='bbox 2183 3760 2275 3799; x_wconf 84' lang='lat' dir='ltr'><strong>re-</strong></span> 
     </span>
    </p>
   </div>
   <div class='ocr_carea' id='block_1_56' title="bbox 614 3831 2276 3904">
    <p class='ocr_par' dir='ltr' id='par_1_56' title="bbox 614 3831 2276 3904">
     <span class='ocr_line' id='line_1_56' title="bbox 614 3831 2276 3904; baseline 0.002 -19"><span class='ocrx_word' id='word_1_388' title='bbox 614 3833 808 3886; x_wconf 85' lang='lat' dir='ltr'><strong>ficitur</strong></span> <span class='ocrx_word' id='word_1_389' title='bbox 839 3831 1199 3903; x_wconf 90' lang='lat' dir='ltr'><strong>sempiterno</strong></span> <span class='ocrx_word' id='word_1_390' title='bbox 1232 3837 1286 3886; x_wconf 91' lang='lat' dir='ltr'>et</span> <span class='ocrx_word' id='word_1_391' title='bbox 1317 3849 1456 3904; x_wconf 88' lang='lat' dir='ltr'><strong>pace</strong></span> <span class='ocrx_word' id='word_1_392' title='bbox 1488 3832 1788 3888; x_wconf 69' lang='lat' dir='ltr'><strong>ineffabili.</strong></span> <span class='ocrx_word' id='word_1_393' title='bbox 1815 3832 1873 3888; x_wconf 90' lang='lat' dir='ltr'>Si</span> <span class='ocrx_word' id='word_1_394' title='bbox 1907 3834 1964 3887; x_wconf 89' lang='lat' dir='ltr'>in</span> <span class='ocrx_word' id='word_1_395' title='bbox 1999 3833 2144 3888; x_wconf 91' lang='lat' dir='ltr'><strong>cella</strong></span> <span class='ocrx_word' id='word_1_396' title='bbox 2175 3838 2276 3889; x_wconf 91' lang='lat' dir='ltr'>tua</span> 
     </span>
    </p>
   </div>
   <div class='ocr_carea' id='block_1_57' title="bbox 606 3922 2268 3978">
    <p class='ocr_par' dir='ltr' id='par_1_57' title="bbox 606 3922 2268 3978">
     <span class='ocr_line' id='line_1_57' title="bbox 606 3922 2268 3978; baseline 0.002 -3"><span class='ocrx_word' id='word_1_397' title='bbox 606 3922 988 3976; x_wconf 85' lang='lat' dir='ltr'><strong>absconditus</strong></span> <span class='ocrx_word' id='word_1_398' title='bbox 1011 3922 1189 3976; x_wconf 88' lang='lat' dir='ltr'><strong>fueris</strong></span> <span class='ocrx_word' id='word_1_399' title='bbox 1221 3927 1277 3976; x_wconf 85' lang='lat' dir='ltr'>et</span> <span class='ocrx_word' id='word_1_400' title='bbox 1302 3922 1617 3977; x_wconf 90' lang='lat' dir='ltr'><strong>mentalem</strong></span> <span class='ocrx_word' id='word_1_401' title='bbox 1650 3922 1928 3978; x_wconf 84' lang='lat' dir='ltr'><strong>habueris</strong></span> <span class='ocrx_word' id='word_1_402' title='bbox 1949 3923 2268 3978; x_wconf 89' lang='lat' dir='ltr'><strong>orationem</strong></span> 
     </span>
    </p>
   </div>
   <div class='ocr_carea' id='block_1_58' title="bbox 607 4010 2271 4083">
    <p class='ocr_par' dir='ltr' id='par_1_58' title="bbox 607 4010 2271 4083">
     <span class='ocr_line' id='line_1_58' title="bbox 607 4010 2271 4083; baseline 0.001 -18"><span class='ocrx_word' id='word_1_403' title='bbox 607 4028 740 4065; x_wconf 89' lang='lat' dir='ltr'>cum</span> <span class='ocrx_word' id='word_1_404' title='bbox 777 4015 969 4065; x_wconf 88' lang='lat' dir='ltr'><strong>mente</strong></span> <span class='ocrx_word' id='word_1_405' title='bbox 1017 4011 1212 4065; x_wconf 87' lang='lat' dir='ltr'><strong>sobria</strong></span> <span class='ocrx_word' id='word_1_406' title='bbox 1254 4016 1311 4064; x_wconf 85' lang='lat' dir='ltr'>et</span> <span class='ocrx_word' id='word_1_407' title='bbox 1357 4011 1567 4081; x_wconf 91' lang='lat' dir='ltr'><strong>spiritu</strong></span> <span class='ocrx_word' id='word_1_408' title='bbox 1611 4010 1886 4079; x_wconf 86' lang='lat' dir='ltr'><strong>contrito,</strong></span> <span class='ocrx_word' id='word_1_409' title='bbox 1921 4016 2023 4066; x_wconf 89' lang='lat' dir='ltr'>tua</span> <span class='ocrx_word' id='word_1_410' title='bbox 2068 4029 2271 4083; x_wconf 87' lang='lat' dir='ltr'><strong>proce-</strong></span> 
     </span>
    </p>
   </div>
   <div class='ocr_carea' id='block_1_59' title="bbox 607 4100 2271 4171">
    <p class='ocr_par' dir='ltr' id='par_1_59' title="bbox 607 4100 2271 4171">
     <span class='ocr_line' id='line_1_59' title="bbox 607 4100 2271 4171; baseline 0.002 -18"><span class='ocrx_word' id='word_1_411' title='bbox 607 4102 703 4153; x_wconf 86' lang='lat' dir='ltr'>det</span> <span class='ocrx_word' id='word_1_412' title='bbox 737 4100 1127 4154; x_wconf 88' lang='lat' dir='ltr'><strong>consideratio</strong></span> <span class='ocrx_word' id='word_1_413' title='bbox 1164 4104 1402 4170; x_wconf 90' lang='lat' dir='ltr'><strong>propter</strong></span> <span class='ocrx_word' id='word_1_414' title='bbox 1426 4101 1828 4167; x_wconf 88' lang='lat' dir='ltr'><strong>sobrietatem,</strong></span> <span class='ocrx_word' id='word_1_415' title='bbox 1862 4100 2271 4171; x_wconf 86' lang='lat' dir='ltr'><strong>inhabitatque</strong></span> 
     </span>
    </p>
   </div>
   <div class='ocr_carea' id='block_1_60' title="bbox 605 4189 2267 4259">
    <p class='ocr_par' dir='ltr' id='par_1_60' title="bbox 605 4189 2267 4259">
     <span class='ocr_line' id='line_1_60' title="bbox 605 4189 2267 4259; baseline 0.001 -16"><span class='ocrx_word' id='word_1_416' title='bbox 605 4189 862 4258; x_wconf 88' lang='lat' dir='ltr'><strong>cognitio</strong></span> <span class='ocrx_word' id='word_1_417' title='bbox 898 4194 1137 4259; x_wconf 79' lang='lat' dir='ltr'><strong>prOpter</strong></span> <span class='ocrx_word' id='word_1_418' title='bbox 1169 4190 1582 4243; x_wconf 89' lang='lat' dir='ltr'><strong>contritionem</strong></span> <span class='ocrx_word' id='word_1_419' title='bbox 1612 4207 1624 4255; x_wconf 90' lang='lat'><strong>;</strong></span> <span class='ocrx_word' id='word_1_420' title='bbox 1661 4190 2003 4243; x_wconf 89' lang='lat' dir='ltr'><strong>destruetur</strong></span> <span class='ocrx_word' id='word_1_421' title='bbox 2032 4190 2267 4245; x_wconf 81' lang='lat' dir='ltr'><strong>irratio-</strong></span> 
     </span>
    </p>
   </div>
   <div class='ocr_carea' id='block_1_61' title="bbox 606 4276 2139 4347">
    <p class='ocr_par' dir='ltr' id='par_1_61' title="bbox 606 4276 2139 4347">
     <span class='ocr_line' id='line_1_61' title="bbox 606 4276 2139 4347; baseline 0.002 -17"><span class='ocrx_word' id='word_1_422' title='bbox 606 4276 821 4332; x_wconf 83' lang='lat' dir='ltr'><strong>nobilis</strong></span> <span class='ocrx_word' id='word_1_423' title='bbox 856 4277 1128 4347; x_wconf 89' lang='lat' dir='ltr'><strong>voluptas</strong></span> <span class='ocrx_word' id='word_1_424' title='bbox 1161 4283 1216 4330; x_wconf 94' lang='lat' dir='ltr'>et</span> <span class='ocrx_word' id='word_1_425' title='bbox 1240 4277 1474 4332; x_wconf 89' lang='lat' dir='ltr'><strong>divinus</strong></span> <span class='ocrx_word' id='word_1_426' title='bbox 1507 4293 1672 4332; x_wconf 86' lang='lat' dir='ltr'><strong>amor</strong></span> <span class='ocrx_word' id='word_1_427' title='bbox 1700 4277 1754 4330; x_wconf 89' lang='lat' dir='ltr'>in</span> <span class='ocrx_word' id='word_1_428' title='bbox 1791 4285 1843 4331; x_wconf 92' lang='lat' dir='ltr'>te</span> <span class='ocrx_word' id='word_1_429' title='bbox 1876 4278 2139 4333; x_wconf 87' lang='lat' dir='ltr'><strong>intrabit.</strong></span> 
     </span>
    </p>
   </div>
   <div class='ocr_carea' id='block_1_62' title="bbox 2411 2035 4065 2119">
    <p class='ocr_par' dir='ltr' id='par_1_62' title="bbox 2411 2035 4065 2119">
     <span class='ocr_line' id='line_1_62' title="bbox 2411 2035 4065 2119; baseline 0.002 -25"><span class='ocrx_word' id='word_1_430' title='bbox 2411 2042 2828 2114; x_wconf 85' lang='grc' dir='ltr'>καταυγάζεται,</span> <span class='ocrx_word' id='word_1_431' title='bbox 2862 2035 3153 2116; x_wconf 75' lang='grc' dir='ltr'>ἀῤῥαόῶνα</span> <span class='ocrx_word' id='word_1_432' title='bbox 3199 2047 3300 2110; x_wconf 86' lang='grc' dir='ltr'>τῆς</span> <span class='ocrx_word' id='word_1_433' title='bbox 3358 2039 3675 2114; x_wconf 71' lang='grc' dir='ltr'>μελλούσης</span> <span class='ocrx_word' id='word_1_434' title='bbox 3733 2040 4065 2119; x_wconf 79' lang='grc' dir='ltr'>λαμπρότη-</span> 
     </span>
    </p>
   </div>
   <div class='ocr_carea' id='block_1_63' title="bbox 2407 2128 4066 2207">
    <p class='ocr_par' dir='ltr' id='par_1_63' title="bbox 2407 2128 4066 2207">
     <span class='ocr_line' id='line_1_63' title="bbox 2407 2128 4066 2207; baseline 0.001 -23"><span class='ocrx_word' id='word_1_435' title='bbox 2407 2151 2502 2190; x_wconf 85' lang='grc' dir='ltr'>τος</span> <span class='ocrx_word' id='word_1_436' title='bbox 2552 2129 2939 2202; x_wconf 79' lang='grc' dir='ltr'>κομιζόμενος.</span> <span class='ocrx_word' id='word_1_437' title='bbox 2973 2130 3075 2186; x_wconf 85' lang='grc' dir='ltr'>Καὶ</span> <span class='ocrx_word' id='word_1_438' title='bbox 3131 2129 3314 2206; x_wconf 81' lang='grc' dir='ltr'>ὥσπερ</span> <span class='ocrx_word' id='word_1_439' title='bbox 3372 2128 3537 2184; x_wconf 89' lang='grc' dir='ltr'>πάλιν</span> <span class='ocrx_word' id='word_1_440' title='bbox 3599 2133 3634 2200; x_wconf 75' lang='grc' dir='ltr'>ἠ</span> <span class='ocrx_word' id='word_1_441' title='bbox 3693 2130 3921 2206; x_wconf 88' lang='grc' dir='ltr'>γλῶσσα</span> <span class='ocrx_word' id='word_1_442' title='bbox 3961 2131 4066 2207; x_wconf 75' lang='grc' dir='ltr'>ῥή-</span> 
     </span>
    </p>
   </div>
   <div class='ocr_carea' id='block_1_64' title="bbox 2413 2217 4070 2296">
    <p class='ocr_par' dir='ltr' id='par_1_64' title="bbox 2413 2217 4070 2296">
     <span class='ocr_line' id='line_1_64' title="bbox 2413 2217 4070 2296; baseline 0.002 -24"><span class='ocrx_word' id='word_1_443' title='bbox 2413 2239 2555 2290; x_wconf 90' lang='grc' dir='ltr'>ματα</span> <span class='ocrx_word' id='word_1_444' title='bbox 2587 2217 2753 2293; x_wconf 87' lang='grc' dir='ltr'>λόγου</span> <span class='ocrx_word' id='word_1_445' title='bbox 2780 2219 3151 2296; x_wconf 67' lang='grc' dir='ltr'>προφέρουσα,</span> <span class='ocrx_word' id='word_1_446' title='bbox 3182 2220 3282 2288; x_wconf 80' lang='grc' dir='ltr'>τήν</span> <span class='ocrx_word' id='word_1_447' title='bbox 3317 2217 3523 2288; x_wconf 77' lang='grc' dir='ltr'>ἄδηλον</span> <span class='ocrx_word' id='word_1_448' title='bbox 3554 2218 3780 2289; x_wconf 80' lang='grc' dir='ltr'>Θέλησιν</span> <span class='ocrx_word' id='word_1_449' title='bbox 3820 2225 3921 2275; x_wconf 85' lang='grc' dir='ltr'>τοῦ</span> <span class='ocrx_word' id='word_1_450' title='bbox 3974 2224 4070 2276; x_wconf 83' lang='grc' dir='ltr'>νοῦ</span> 
     </span>
    </p>
   </div>
   <div class='ocr_carea' id='block_1_65' title="bbox 2408 2306 4070 2385">
    <p class='ocr_par' dir='ltr' id='par_1_65' title="bbox 2408 2306 4070 2385">
     <span class='ocr_line' id='line_1_65' title="bbox 2408 2306 4070 2385; baseline 0.001 -23"><span class='ocrx_word' id='word_1_451' title='bbox 2408 2306 2688 2384; x_wconf 82' lang='grc' dir='ltr'>ἐμφανίζει</span> <span class='ocrx_word' id='word_1_452' title='bbox 2738 2312 2816 2362; x_wconf 88' lang='grc' dir='ltr'>τῶ</span> <span class='ocrx_word' id='word_1_453' title='bbox 2871 2308 3123 2363; x_wconf 82' lang='grc' dir='ltr'>ἀκούοντι</span> <span class='ocrx_word' id='word_1_454' title='bbox 3155 2326 3170 2340; x_wconf 78' lang='grc'><strong>⁸</strong></span> <span class='ocrx_word' id='word_1_455' title='bbox 3207 2308 3349 2363; x_wconf 75' lang='grc' dir='ltr'>οὕτω</span> <span class='ocrx_word' id='word_1_456' title='bbox 3398 2309 3488 2363; x_wconf 86' lang='grc' dir='ltr'>καὶ</span> <span class='ocrx_word' id='word_1_457' title='bbox 3550 2306 3763 2363; x_wconf 82' lang='grc' dir='ltr'>διάνοια</span> <span class='ocrx_word' id='word_1_458' title='bbox 3813 2309 3882 2364; x_wconf 81' lang='grc' dir='ltr'>τὰ</span> <span class='ocrx_word' id='word_1_459' title='bbox 3933 2310 4070 2385; x_wconf 85' lang='grc' dir='ltr'>βρα-</span> 
     </span>
    </p>
   </div>
   <div class='ocr_carea' id='block_1_66' title="bbox 2409 2390 4068 2472">
    <p class='ocr_par' dir='ltr' id='par_1_66' title="bbox 2409 2390 4068 2472">
     <span class='ocr_line' id='line_1_66' title="bbox 2409 2390 4068 2472; baseline 0.002 -24"><span class='ocrx_word' id='word_1_460' title='bbox 2409 2390 2737 2469; x_wconf 75' lang='grc' dir='ltr'>χυσύλλαὸα</span> <span class='ocrx_word' id='word_1_461' title='bbox 2821 2395 3040 2471; x_wconf 81' lang='grc' dir='ltr'>ῥήματα</span> <span class='ocrx_word' id='word_1_462' title='bbox 3125 2403 3225 2465; x_wconf 89' lang='grc' dir='ltr'>τῆς</span> <span class='ocrx_word' id='word_1_463' title='bbox 3307 2403 3631 2472; x_wconf 86' lang='grc' dir='ltr'>προσευχῆς</span> <span class='ocrx_word' id='word_1_464' title='bbox 3704 2402 3924 2461; x_wconf 79' lang='grc' dir='ltr'>πυκνῶς</span> <span class='ocrx_word' id='word_1_465' title='bbox 3973 2397 4068 2452; x_wconf 82' lang='grc' dir='ltr'>καὶ</span> 
     </span>
    </p>
   </div>
   <div class='ocr_carea' id='block_1_67' title="bbox 2408 2483 4067 2560">
    <p class='ocr_par' dir='ltr' id='par_1_67' title="bbox 2408 2483 4067 2560">
     <span class='ocr_line' id='line_1_67' title="bbox 2408 2483 4067 2560; baseline 0.002 -23"><span class='ocrx_word' id='word_1_466' title='bbox 2408 2489 2625 2558; x_wconf 81' lang='grc' dir='ltr'>θερμῶς</span> <span class='ocrx_word' id='word_1_467' title='bbox 2709 2483 3150 2559; x_wconf 83' lang='grc' dir='ltr'>άναγγέλλουσα,</span> <span class='ocrx_word' id='word_1_468' title='bbox 3207 2487 3306 2553; x_wconf 76' lang='grc' dir='ltr'>τῆν</span> <span class='ocrx_word' id='word_1_469' title='bbox 3383 2493 3485 2556; x_wconf 83' lang='grc' dir='ltr'>τῆς</span> <span class='ocrx_word' id='word_1_470' title='bbox 3569 2489 3758 2560; x_wconf 82' lang='grc' dir='ltr'>ψυχῆς</span> <span class='ocrx_word' id='word_1_471' title='bbox 3844 2485 4067 2556; x_wconf 73' lang='grc' dir='ltr'>αἴτησιν</span> 
     </span>
    </p>
   </div>
   <div class='ocr_carea' id='block_1_68' title="bbox 2403 2572 4061 2649">
    <p class='ocr_par' dir='ltr' id='par_1_68' title="bbox 2403 2572 4061 2649">
     <span class='ocr_line' id='line_1_68' title="bbox 2403 2572 4061 2649; baseline 0.002 -22"><span class='ocrx_word' id='word_1_472' title='bbox 2403 2573 2767 2627; x_wconf 84' lang='grc' dir='ltr'>ἀνακαλύπτει</span> <span class='ocrx_word' id='word_1_473' title='bbox 2823 2579 2902 2644; x_wconf 87' lang='grc' dir='ltr'>τῷ</span> <span class='ocrx_word' id='word_1_474' title='bbox 2960 2575 3133 2628; x_wconf 87' lang='grc' dir='ltr'>πάντα</span> <span class='ocrx_word' id='word_1_475' title='bbox 3189 2572 3360 2629; x_wconf 82' lang='grc' dir='ltr'>εἰδότι</span> <span class='ocrx_word' id='word_1_476' title='bbox 3421 2580 3559 2647; x_wconf 81' lang='grc' dir='ltr'>Θεῷ,</span> <span class='ocrx_word' id='word_1_477' title='bbox 3591 2574 3680 2629; x_wconf 82' lang='grc' dir='ltr'><strong>καί</strong></span> <span class='ocrx_word' id='word_1_478' title='bbox 3729 2579 3797 2649; x_wconf 80' lang='grc' dir='ltr'>τῇ</span> <span class='ocrx_word' id='word_1_479' title='bbox 3833 2574 4061 2649; x_wconf 79' lang='grc' dir='ltr'>εὐκτικῇ</span> 
     </span>
    </p>
   </div>
   <div class='ocr_carea' id='block_1_69' title="bbox 2403 2658 4055 2738">
    <p class='ocr_par' dir='ltr' id='par_1_69' title="bbox 2403 2658 4055 2738">
     <span class='ocr_line' id='line_1_69' title="bbox 2403 2658 4055 2738; baseline 0.002 -23"><span class='ocrx_word' id='word_1_480' title='bbox 2403 2659 2704 2735; x_wconf 82' lang='grc' dir='ltr'>προσεδρίᾳ</span> <span class='ocrx_word' id='word_1_481' title='bbox 2760 2661 2850 2716; x_wconf 86' lang='grc' dir='ltr'>καὶ</span> <span class='ocrx_word' id='word_1_482' title='bbox 2906 2661 3154 2735; x_wconf 84' lang='grc' dir='ltr'>ἐπιμόνῳ</span> <span class='ocrx_word' id='word_1_483' title='bbox 3224 2658 3481 2738; x_wconf 78' lang='grc' dir='ltr'>συντριϐῇ</span> <span class='ocrx_word' id='word_1_484' title='bbox 3562 2661 3811 2737; x_wconf 82' lang='grc' dir='ltr'>καρδίας,</span> <span class='ocrx_word' id='word_1_485' title='bbox 3866 2664 3959 2718; x_wconf 82' lang='grc' dir='ltr'>καὶ</span> <span class='ocrx_word' id='word_1_486' title='bbox 4019 2666 4055 2734; x_wconf 74' lang='grc' dir='ltr'><strong>ἡ</strong></span> 
     </span>
    </p>
   </div>
   <div class='ocr_carea' id='block_1_70' title="bbox 2402 2745 4058 2828">
    <p class='ocr_par' dir='ltr' id='par_1_70' title="bbox 2402 2745 4058 2828">
     <span class='ocr_line' id='line_1_70' title="bbox 2402 2745 4058 2828; baseline 0.003 -25"><span class='ocrx_word' id='word_1_487' title='bbox 2402 2745 2661 2825; x_wconf 79' lang='grc' dir='ltr'>συντριϐἡ</span> <span class='ocrx_word' id='word_1_488' title='bbox 2693 2750 2897 2826; x_wconf 81' lang='grc' dir='ltr'>ἀνοίγει</span> <span class='ocrx_word' id='word_1_489' title='bbox 2926 2751 2992 2804; x_wconf 77' lang='grc' dir='ltr'>τὰ</span> <span class='ocrx_word' id='word_1_490' title='bbox 3022 2749 3383 2828; x_wconf 79' lang='grc' dir='ltr'>φιλάνθρωπα</span> <span class='ocrx_word' id='word_1_491' title='bbox 3413 2751 3703 2827; x_wconf 88' lang='grc' dir='ltr'>σπλάγχνα</span> <span class='ocrx_word' id='word_1_492' title='bbox 3758 2752 3855 2806; x_wconf 87' lang='grc' dir='ltr'>τοῦ</span> <span class='ocrx_word' id='word_1_493' title='bbox 3909 2773 4058 2825; x_wconf 82' lang='grc' dir='ltr'>συμ-</span> 
     </span>
    </p>
   </div>
   <div class='ocr_carea' id='block_1_71' title="bbox 2403 2839 4055 2916">
    <p class='ocr_par' dir='ltr' id='par_1_71' title="bbox 2403 2839 4055 2916">
     <span class='ocr_line' id='line_1_71' title="bbox 2403 2839 4055 2916; baseline 0.003 -24"><span class='ocrx_word' id='word_1_494' title='bbox 2403 2841 2624 2905; x_wconf 83' lang='grc' dir='ltr'>παθοῦς,</span> <span class='ocrx_word' id='word_1_495' title='bbox 2678 2842 2766 2894; x_wconf 80' lang='grc' dir='ltr'>καὶ</span> <span class='ocrx_word' id='word_1_496' title='bbox 2852 2839 3114 2895; x_wconf 83' lang='grc' dir='ltr'>πλουσίαν</span> <span class='ocrx_word' id='word_1_497' title='bbox 3193 2842 3295 2909; x_wconf 73' lang='grc' dir='ltr'>την</span> <span class='ocrx_word' id='word_1_498' title='bbox 3371 2842 3642 2915; x_wconf 77' lang='grc' dir='ltr'>σωτηρίαν</span> <span class='ocrx_word' id='word_1_499' title='bbox 3720 2839 4055 2916; x_wconf 74' lang='grc' dir='ltr'>εἰσδέχεται.</span> 
     </span>
    </p>
   </div>
   <div class='ocr_carea' id='block_1_72' title="bbox 2401 2927 4056 3006">
    <p class='ocr_par' dir='ltr' id='par_1_72' title="bbox 2401 2927 4056 3006">
     <span class='ocr_line' id='line_1_72' title="bbox 2401 2927 4056 3006; baseline 0 -22"><span class='ocrx_word' id='word_1_500' title='bbox 2401 2927 2695 3003; x_wconf 85' lang='grc' dir='ltr'>«Καρδίαν</span> <span class='ocrx_word' id='word_1_501' title='bbox 2747 2929 2870 3004; x_wconf 79' lang='grc' dir='ltr'>γὰρ,</span> <span class='ocrx_word' id='word_1_502' title='bbox 2922 2929 3077 3006; x_wconf 84' lang='grc' dir='ltr'>φησὶ,</span> <span class='ocrx_word' id='word_1_503' title='bbox 3131 2930 3596 3003; x_wconf 73' lang='grc' dir='ltr'>συντετριμμένην</span> <span class='ocrx_word' id='word_1_504' title='bbox 3652 2932 3742 2984; x_wconf 83' lang='grc' dir='ltr'>καὶ</span> <span class='ocrx_word' id='word_1_505' title='bbox 3800 2951 4056 2986; x_wconf 84' lang='grc' dir='ltr'>τεταπει-</span> 
     </span>
    </p>
   </div>
   <div class='ocr_carea' id='block_1_73' title="bbox 2397 3015 4052 3095">
    <p class='ocr_par' dir='ltr' id='par_1_73' title="bbox 2397 3015 4052 3095">
     <span class='ocr_line' id='line_1_73' title="bbox 2397 3015 4052 3095; baseline 0.002 -26"><span class='ocrx_word' id='word_1_506' title='bbox 2397 3019 2644 3088; x_wconf 82' lang='grc' dir='ltr'>νωμένην</span> <span class='ocrx_word' id='word_1_507' title='bbox 2697 3018 2724 3071; x_wconf 92' lang='lat'>6</span> <span class='ocrx_word' id='word_1_508' title='bbox 2782 3018 2912 3077; x_wconf 86' lang='grc' dir='ltr'>Θεὸς</span> <span class='ocrx_word' id='word_1_509' title='bbox 2970 3017 3070 3071; x_wconf 73' lang='grc' dir='ltr'>οὐκ</span> <span class='ocrx_word' id='word_1_510' title='bbox 3127 3015 3494 3086; x_wconf 80' lang='grc' dir='ltr'>ἐξουδενώσει.</span> <span class='ocrx_word' id='word_1_511' title='bbox 3557 3043 3577 3069; x_wconf 74' lang='grc' dir='ltr'>ο</span> <span class='ocrx_word' id='word_1_512' title='bbox 3640 3020 4052 3095; x_wconf 73' lang='grc' dir='ltr'>Χειραγωγήσει</span> 
     </span>
    </p>
   </div>
   <div class='ocr_carea' id='block_1_74' title="bbox 2398 3105 4055 3181">
    <p class='ocr_par' dir='ltr' id='par_1_74' title="bbox 2398 3105 4055 3181">
     <span class='ocr_line' id='line_1_74' title="bbox 2398 3105 4055 3181; baseline 0.003 -22"><span class='ocrx_word' id='word_1_513' title='bbox 2398 3127 2454 3160; x_wconf 91' lang='grc' dir='ltr'>σε</span> <span class='ocrx_word' id='word_1_514' title='bbox 2508 3105 2583 3167; x_wconf 71' lang='grc' dir='ltr'>εἴς</span> <span class='ocrx_word' id='word_1_515' title='bbox 2635 3106 2871 3181; x_wconf 77' lang='grc' dir='ltr'>καθαρὰν</span> <span class='ocrx_word' id='word_1_516' title='bbox 2930 3108 3272 3181; x_wconf 80' lang='grc' dir='ltr'>προσευχὴν,</span> <span class='ocrx_word' id='word_1_517' title='bbox 3314 3107 3404 3161; x_wconf 82' lang='grc' dir='ltr'>καὶ</span> <span class='ocrx_word' id='word_1_518' title='bbox 3459 3108 3522 3162; x_wconf 85' lang='grc' dir='ltr'>τὸ</span> <span class='ocrx_word' id='word_1_519' title='bbox 3573 3106 3913 3180; x_wconf 83' lang='grc' dir='ltr'>τελούμενον</span> <span class='ocrx_word' id='word_1_520' title='bbox 3976 3109 4055 3172; x_wconf 80' lang='grc' dir='ltr'>είς</span> 
     </span>
    </p>
   </div>
   <div class='ocr_carea' id='block_1_75' title="bbox 2398 3193 4054 3272">
    <p class='ocr_par' dir='ltr' id='par_1_75' title="bbox 2398 3193 4054 3272">
     <span class='ocr_line' id='line_1_75' title="bbox 2398 3193 4054 3272; baseline 0.002 -23"><span class='ocrx_word' id='word_1_521' title='bbox 2398 3195 2489 3249; x_wconf 86' lang='grc' dir='ltr'>τὸν</span> <span class='ocrx_word' id='word_1_522' title='bbox 2523 3195 2610 3249; x_wconf 76' lang='grc' dir='ltr'>ἐπὶ</span> <span class='ocrx_word' id='word_1_523' title='bbox 2644 3201 2747 3268; x_wconf 88' lang='grc' dir='ltr'>γῆς</span> <span class='ocrx_word' id='word_1_524' title='bbox 2785 3193 3030 3269; x_wconf 72' lang='grc' dir='ltr'>βασιλέα.</span> <span class='ocrx_word' id='word_1_525' title='bbox 3062 3198 3225 3252; x_wconf 87' lang='grc' dir='ltr'>Ὀταν</span> <span class='ocrx_word' id='word_1_526' title='bbox 3281 3195 3382 3271; x_wconf 78' lang='grc' dir='ltr'>γὰρ</span> <span class='ocrx_word' id='word_1_527' title='bbox 3439 3196 3750 3271; x_wconf 67' lang='grc' dir='ltr'>προσέλθῃς</span> <span class='ocrx_word' id='word_1_528' title='bbox 3809 3198 4054 3272; x_wconf 72' lang='grc' dir='ltr'>βασιλεῖ,</span> 
     </span>
    </p>
   </div>
   <div class='ocr_carea' id='block_1_76' title="bbox 2399 3284 4054 3360">
    <p class='ocr_par' dir='ltr' id='par_1_76' title="bbox 2399 3284 4054 3360">
     <span class='ocr_line' id='line_1_76' title="bbox 2399 3284 4054 3360; baseline 0.002 -22"><span class='ocrx_word' id='word_1_529' title='bbox 2399 3284 2490 3338; x_wconf 86' lang='grc' dir='ltr'>καὶ</span> <span class='ocrx_word' id='word_1_530' title='bbox 2546 3285 2759 3356; x_wconf 88' lang='grc' dir='ltr'>σώματι</span> <span class='ocrx_word' id='word_1_531' title='bbox 2819 3285 3165 3358; x_wconf 81' lang='grc' dir='ltr'>παρίστασαι,</span> <span class='ocrx_word' id='word_1_532' title='bbox 3219 3285 3311 3340; x_wconf 85' lang='grc' dir='ltr'>καὶ</span> <span class='ocrx_word' id='word_1_533' title='bbox 3368 3286 3598 3360; x_wconf 84' lang='grc' dir='ltr'>γλώσσῃ</span> <span class='ocrx_word' id='word_1_534' title='bbox 3657 3286 4054 3356; x_wconf 84' lang='grc' dir='ltr'>καθικετεύεις,</span> 
     </span>
    </p>
   </div>
   <div class='ocr_carea' id='block_1_77' title="bbox 2396 3374 4054 3451">
    <p class='ocr_par' dir='ltr' id='par_1_77' title="bbox 2396 3374 4054 3451">
     <span class='ocr_line' id='line_1_77' title="bbox 2396 3374 4054 3451; baseline 0.001 -21"><span class='ocrx_word' id='word_1_535' title='bbox 2396 3375 2486 3430; x_wconf 86' lang='grc' dir='ltr'>καὶ</span> <span class='ocrx_word' id='word_1_536' title='bbox 2519 3374 2791 3451; x_wconf 78' lang='grc' dir='ltr'>ὀφθαλμῷ</span> <span class='ocrx_word' id='word_1_537' title='bbox 2836 3375 2972 3451; x_wconf 84' lang='grc' dir='ltr'>πρὸς</span> <span class='ocrx_word' id='word_1_538' title='bbox 3012 3375 3171 3431; x_wconf 83' lang='grc' dir='ltr'>αὐτὸν</span> <span class='ocrx_word' id='word_1_539' title='bbox 3223 3377 3564 3446; x_wconf 78' lang='grc' dir='ltr'>ὶνατενίζεις,</span> <span class='ocrx_word' id='word_1_540' title='bbox 3595 3378 3684 3432; x_wconf 86' lang='grc' dir='ltr'>καὶ</span> <span class='ocrx_word' id='word_1_541' title='bbox 3743 3377 3892 3432; x_wconf 76' lang='grc' dir='ltr'>οὕτω</span> <span class='ocrx_word' id='word_1_542' title='bbox 3947 3380 4054 3448; x_wconf 75' lang='grc' dir='ltr'>τὴν</span> 
     </span>
    </p>
   </div>
   <div class='ocr_carea' id='block_1_78' title="bbox 2395 3462 4052 3539">
    <p class='ocr_par' dir='ltr' id='par_1_78' title="bbox 2395 3462 4052 3539">
     <span class='ocr_line' id='line_1_78' title="bbox 2395 3462 4052 3539; baseline 0.001 -21"><span class='ocrx_word' id='word_1_543' title='bbox 2395 3463 2685 3539; x_wconf 74' lang='grc' dir='ltr'>βασιλικήν</span> <span class='ocrx_word' id='word_1_544' title='bbox 2746 3464 3024 3536; x_wconf 73' lang='grc' dir='ltr'>εὐμένειαν</span> <span class='ocrx_word' id='word_1_545' title='bbox 3082 3466 3220 3539; x_wconf 84' lang='grc' dir='ltr'>πρὸς</span> <span class='ocrx_word' id='word_1_546' title='bbox 3261 3466 3446 3520; x_wconf 64' lang='grc' dir='ltr'>ἐαυτὸν</span> <span class='ocrx_word' id='word_1_547' title='bbox 3496 3462 3694 3526; x_wconf 71' lang='grc' dir='ltr'>ἕλκεις.</span> <span class='ocrx_word' id='word_1_548' title='bbox 3738 3471 3909 3520; x_wconf 89' lang='grc' dir='ltr'>Τοῦτο</span> <span class='ocrx_word' id='word_1_549' title='bbox 3956 3469 4052 3522; x_wconf 80' lang='grc' dir='ltr'>καὶ</span> 
     </span>
    </p>
   </div>
   <div class='ocr_carea' id='block_1_79' title="bbox 2391 3552 4048 3630">
    <p class='ocr_par' dir='ltr' id='par_1_79' title="bbox 2391 3552 4048 3630">
     <span class='ocr_line' id='line_1_79' title="bbox 2391 3552 4048 3630; baseline 0.002 -23"><span class='ocrx_word' id='word_1_550' title='bbox 2391 3554 2452 3608; x_wconf 83' lang='grc' dir='ltr'>σὺ</span> <span class='ocrx_word' id='word_1_551' title='bbox 2511 3552 2712 3608; x_wconf 80' lang='grc' dir='ltr'>ἐκτὲλει</span> <span class='ocrx_word' id='word_1_552' title='bbox 2772 3554 2868 3607; x_wconf 83' lang='grc' dir='ltr'>κάν</span> <span class='ocrx_word' id='word_1_553' title='bbox 2914 3553 2983 3628; x_wconf 72' lang='grc' dir='ltr'>τῇ</span> <span class='ocrx_word' id='word_1_554' title='bbox 3035 3557 3240 3626; x_wconf 77' lang='grc' dir='ltr'>συνάξει</span> <span class='ocrx_word' id='word_1_555' title='bbox 3298 3562 3398 3624; x_wconf 81' lang='grc' dir='ltr'>τῆς</span> <span class='ocrx_word' id='word_1_556' title='bbox 3459 3553 3773 3627; x_wconf 84' lang='grc' dir='ltr'>ἐκκλησίας,</span> <span class='ocrx_word' id='word_1_557' title='bbox 3820 3555 3920 3610; x_wconf 73' lang='grc' dir='ltr'>κᾶν</span> <span class='ocrx_word' id='word_1_558' title='bbox 3976 3559 4048 3630; x_wconf 77' lang='grc' dir='ltr'>τῇ</span> 
     </span>
    </p>
   </div>
   <div class='ocr_carea' id='block_1_80' title="bbox 2391 3642 4050 3719">
    <p class='ocr_par' dir='ltr' id='par_1_80' title="bbox 2391 3642 4050 3719">
     <span class='ocr_line' id='line_1_80' title="bbox 2391 3642 4050 3719; baseline 0.002 -23"><span class='ocrx_word' id='word_1_559' title='bbox 2391 3643 2627 3715; x_wconf 86' lang='grc' dir='ltr'>μονώσει</span> <span class='ocrx_word' id='word_1_560' title='bbox 2685 3648 2784 3710; x_wconf 89' lang='grc' dir='ltr'>τῆς</span> <span class='ocrx_word' id='word_1_561' title='bbox 2844 3642 3039 3703; x_wconf 75' lang='grc' dir='ltr'>οἰκίας.</span> <span class='ocrx_word' id='word_1_562' title='bbox 3099 3645 3478 3718; x_wconf 86' lang='grc' dir='ltr'>Συναγόμενος</span> <span class='ocrx_word' id='word_1_563' title='bbox 3557 3644 3665 3718; x_wconf 85' lang='grc' dir='ltr'>γὰρ</span> <span class='ocrx_word' id='word_1_564' title='bbox 3737 3643 3790 3698; x_wconf 84' lang='grc' dir='ltr'>ἐν</span> <span class='ocrx_word' id='word_1_565' title='bbox 3855 3647 4050 3719; x_wconf 72' lang='grc' dir='ltr'>Κυρίῳ</span> 
     </span>
    </p>
   </div>
   <div class='ocr_carea' id='block_1_81' title="bbox 2390 3729 4047 3810">
    <p class='ocr_par' dir='ltr' id='par_1_81' title="bbox 2390 3729 4047 3810">
     <span class='ocr_line' id='line_1_81' title="bbox 2390 3729 4047 3810; baseline 0.001 -23"><span class='ocrx_word' id='word_1_566' title='bbox 2390 3733 2526 3806; x_wconf 87' lang='grc' dir='ltr'>μετᾶ</span> <span class='ocrx_word' id='word_1_567' title='bbox 2568 3736 2678 3787; x_wconf 90' lang='grc' dir='ltr'>τῶν</span> <span class='ocrx_word' id='word_1_568' title='bbox 2732 3729 3006 3810; x_wconf 83' lang='grc' dir='ltr'>ἀδελφῶν,</span> <span class='ocrx_word' id='word_1_569' title='bbox 3040 3732 3224 3809; x_wconf 79' lang='grc' dir='ltr'>ὥσπερ</span> <span class='ocrx_word' id='word_1_570' title='bbox 3276 3734 3377 3801; x_wconf 71' lang='grc' dir='ltr'>τήν</span> <span class='ocrx_word' id='word_1_571' title='bbox 3430 3730 3519 3788; x_wconf 83' lang='grc' dir='ltr'>διὰ</span> <span class='ocrx_word' id='word_1_572' title='bbox 3559 3733 3812 3807; x_wconf 88' lang='grc' dir='ltr'>σώματος</span> <span class='ocrx_word' id='word_1_573' title='bbox 3867 3733 4047 3808; x_wconf 59' lang='grc' dir='ltr'>παρά.</span> 
     </span>
    </p>
   </div>
   <div class='ocr_carea' id='block_1_82' title="bbox 2385 3820 4049 3900">
    <p class='ocr_par' dir='ltr' id='par_1_82' title="bbox 2385 3820 4049 3900">
     <span class='ocr_line' id='line_1_82' title="bbox 2385 3820 4049 3900; baseline 0.001 -23"><span class='ocrx_word' id='word_1_574' title='bbox 2385 3843 2565 3877; x_wconf 89' lang='grc' dir='ltr'>στασιν</span> <span class='ocrx_word' id='word_1_575' title='bbox 2597 3827 2793 3889; x_wconf 85' lang='grc' dir='ltr'>ποιεῖς,</span> <span class='ocrx_word' id='word_1_576' title='bbox 2825 3823 2915 3876; x_wconf 78' lang='grc' dir='ltr'>καὶ</span> <span class='ocrx_word' id='word_1_577' title='bbox 2946 3823 3045 3891; x_wconf 84' lang='grc' dir='ltr'>τήν</span> <span class='ocrx_word' id='word_1_578' title='bbox 3079 3820 3169 3878; x_wconf 79' lang='grc' dir='ltr'>διὰ</span> <span class='ocrx_word' id='word_1_579' title='bbox 3195 3821 3451 3899; x_wconf 82' lang='grc' dir='ltr'>γλώττης</span> <span class='ocrx_word' id='word_1_580' title='bbox 3489 3821 3822 3896; x_wconf 81' lang='grc' dir='ltr'>ψαλμῳδίαν</span> <span class='ocrx_word' id='word_1_581' title='bbox 3865 3843 4049 3900; x_wconf 72' lang='grc' dir='ltr'>προσ-</span> 
     </span>
    </p>
   </div>
   <div class='ocr_carea' id='block_1_83' title="bbox 2385 3907 4046 3989">
    <p class='ocr_par' dir='ltr' id='par_1_83' title="bbox 2385 3907 4046 3989">
     <span class='ocr_line' id='line_1_83' title="bbox 2385 3907 4046 3989; baseline 0.001 -24"><span class='ocrx_word' id='word_1_582' title='bbox 2385 3913 2562 3989; x_wconf 69' lang='grc' dir='ltr'>φέρεις</span> <span class='ocrx_word' id='word_1_583' title='bbox 2620 3911 2792 3982; x_wconf 79' lang='grc' dir='ltr'>αὐτῷ,</span> <span class='ocrx_word' id='word_1_584' title='bbox 2843 3910 3017 3973; x_wconf 74' lang='grc' dir='ltr'>οὕτως</span> <span class='ocrx_word' id='word_1_585' title='bbox 3071 3907 3170 3987; x_wconf 74' lang='grc' dir='ltr'>ἔχε</span> <span class='ocrx_word' id='word_1_586' title='bbox 3225 3912 3317 3966; x_wconf 87' lang='grc' dir='ltr'>καὶ</span> <span class='ocrx_word' id='word_1_587' title='bbox 3372 3913 3464 3966; x_wconf 84' lang='grc' dir='ltr'>τὸν</span> <span class='ocrx_word' id='word_1_588' title='bbox 3517 3915 3643 3965; x_wconf 89' lang='grc' dir='ltr'>νοῦν</span> <span class='ocrx_word' id='word_1_589' title='bbox 3693 3912 4046 3986; x_wconf 70' lang='grc' dir='ltr'>προσέχοντα</span> 
     </span>
    </p>
   </div>
   <div class='ocr_carea' id='block_1_84' title="bbox 2380 3997 4044 4076">
    <p class='ocr_par' dir='ltr' id='par_1_84' title="bbox 2380 3997 4044 4076">
     <span class='ocr_line' id='line_1_84' title="bbox 2380 3997 4044 4076; baseline 0 -21"><span class='ocrx_word' id='word_1_590' title='bbox 2380 4009 2497 4064; x_wconf 86' lang='grc' dir='ltr'>τοῖς</span> <span class='ocrx_word' id='word_1_591' title='bbox 2530 4002 2720 4076; x_wconf 90' lang='grc' dir='ltr'>λόγοις</span> <span class='ocrx_word' id='word_1_592' title='bbox 2753 4000 2951 4071; x_wconf 79' lang='grc' dir='ltr'>καὶτῷ</span> <span class='ocrx_word' id='word_1_593' title='bbox 3001 4004 3140 4072; x_wconf 84' lang='grc' dir='ltr'>Θεῷ,</span> <span class='ocrx_word' id='word_1_594' title='bbox 3173 4000 3263 4054; x_wconf 83' lang='grc' dir='ltr'>καὶ</span> <span class='ocrx_word' id='word_1_595' title='bbox 3323 3997 3505 4054; x_wconf 72' lang='grc' dir='ltr'>εἰδότα</span> <span class='ocrx_word' id='word_1_596' title='bbox 3563 4001 3670 4055; x_wconf 89' lang='grc' dir='ltr'>τίνι</span> <span class='ocrx_word' id='word_1_597' title='bbox 3729 3997 4044 4076; x_wconf 66' lang='grc' dir='ltr'>διαλέγεται</span> 
     </span>
    </p>
   </div>
   <div class='ocr_carea' id='block_1_85' title="bbox 2379 4089 4042 4167">
    <p class='ocr_par' dir='ltr' id='par_1_85' title="bbox 2379 4089 4042 4167">
     <span class='ocr_line' id='line_1_85' title="bbox 2379 4089 4042 4167; baseline -0.001 -19"><span class='ocrx_word' id='word_1_598' title='bbox 2379 4093 2467 4148; x_wconf 85' lang='grc' dir='ltr'>καὶ</span> <span class='ocrx_word' id='word_1_599' title='bbox 2517 4091 2847 4167; x_wconf 63' lang='grc' dir='ltr'>ἐντυγχάνει.</span> <span class='ocrx_word' id='word_1_600' title='bbox 2881 4091 3132 4152; x_wconf 82' lang='grc' dir='ltr'>Εύτόνως</span> <span class='ocrx_word' id='word_1_601' title='bbox 3182 4093 3285 4164; x_wconf 81' lang='grc' dir='ltr'>γὰρ</span> <span class='ocrx_word' id='word_1_602' title='bbox 3334 4092 3422 4145; x_wconf 84' lang='grc' dir='ltr'>καὶ</span> <span class='ocrx_word' id='word_1_603' title='bbox 3475 4094 3726 4164; x_wconf 87' lang='grc' dir='ltr'>καθαρῶς</span> <span class='ocrx_word' id='word_1_604' title='bbox 3769 4097 3872 4160; x_wconf 86' lang='grc' dir='ltr'>τῆς</span> <span class='ocrx_word' id='word_1_605' title='bbox 3920 4089 4042 4146; x_wconf 84' lang='grc' dir='ltr'>δια-</span> 
     </span>
    </p>
   </div>
   <div class='ocr_carea' id='block_1_86' title="bbox 2377 4179 4043 4258">
    <p class='ocr_par' dir='ltr' id='par_1_86' title="bbox 2377 4179 4043 4258">
     <span class='ocr_line' id='line_1_86' title="bbox 2377 4179 4043 4258; baseline 0.001 -23"><span class='ocrx_word' id='word_1_606' title='bbox 2377 4187 2529 4245; x_wconf 89' lang='grc' dir='ltr'>νοίας</span> <span class='ocrx_word' id='word_1_607' title='bbox 2559 4187 2628 4256; x_wconf 78' lang='grc' dir='ltr'>τῇ</span> <span class='ocrx_word' id='word_1_608' title='bbox 2671 4185 2954 4258; x_wconf 81' lang='grc' dir='ltr'>προσευχῇ</span> <span class='ocrx_word' id='word_1_609' title='bbox 3006 4179 3414 4256; x_wconf 75' lang='grc' dir='ltr'>σχολαζούσης,</span> <span class='ocrx_word' id='word_1_610' title='bbox 3445 4187 3621 4257; x_wconf 83' lang='grc' dir='ltr'>χαρᾶς</span> <span class='ocrx_word' id='word_1_611' title='bbox 3676 4181 4043 4258; x_wconf 62' lang='grc' dir='ltr'>ἀναφαιρέτου</span> 
     </span>
    </p>
   </div>
   <div class='ocr_carea' id='block_1_87' title="bbox 2376 4269 4044 4351">
    <p class='ocr_par' dir='ltr' id='par_1_87' title="bbox 2376 4269 4044 4351">
     <span class='ocr_line' id='line_1_87' title="bbox 2376 4269 4044 4351; baseline -0.002 -21"><span class='ocrx_word' id='word_1_612' title='bbox 2376 4276 2465 4330; x_wconf 81' lang='grc' dir='ltr'>καὶ</span> <span class='ocrx_word' id='word_1_613' title='bbox 2501 4275 2723 4348; x_wconf 57' lang='grc' dir='ltr'>εθρήνης</span> <span class='ocrx_word' id='word_1_614' title='bbox 2756 4271 3134 4341; x_wconf 82' lang='grc' dir='ltr'>ἁνεκλαλήτου</span> <span class='ocrx_word' id='word_1_615' title='bbox 3163 4346 3167 4351; x_wconf 82' lang='lat'><em>_</em></span> <span class='ocrx_word' id='word_1_616' title='bbox 3192 4276 3539 4351; x_wconf 78' lang='grc' dir='ltr'>καταξιοῦται</span> <span class='ocrx_word' id='word_1_617' title='bbox 3571 4275 3604 4341; x_wconf 78' lang='grc' dir='ltr'>ὴ</span> <span class='ocrx_word' id='word_1_618' title='bbox 3637 4269 3851 4348; x_wconf 80' lang='grc' dir='ltr'>καρδία.</span> <span class='ocrx_word' id='word_1_619' title='bbox 3890 4274 4044 4327; x_wconf 76' lang='grc' dir='ltr'>Κατὰ</span> 
     </span>
    </p>
   </div>
   <div class='ocr_carea' id='block_1_88' title="bbox 607 4349 4041 4439">
    <p class='ocr_par' dir='ltr' id='par_1_88' title="bbox 607 4349 4041 4439">
     <span class='ocr_line' id='line_1_88' title="bbox 607 4349 4041 4439; baseline -0.001 -24"><span class='ocrx_word' id='word_1_620' title='bbox 607 4359 774 4434; x_wconf 83' lang='grc' dir='ltr'>μόνας</span> <span class='ocrx_word' id='word_1_621' title='bbox 839 4362 896 4416; x_wconf 78' lang='grc' dir='ltr'>δέ</span> <span class='ocrx_word' id='word_1_622' title='bbox 956 4364 1109 4426; x_wconf 80' lang='grc' dir='ltr'>αὖθις</span> <span class='ocrx_word' id='word_1_623' title='bbox 1167 4363 1217 4417; x_wconf 87' lang='grc' dir='ltr'>ἐν</span> <span class='ocrx_word' id='word_1_624' title='bbox 1268 4368 1346 4434; x_wconf 86' lang='grc' dir='ltr'>τῷ</span> <span class='ocrx_word' id='word_1_625' title='bbox 1407 4361 1542 4435; x_wconf 59' lang='grc' dir='ltr'>οἴκῳ</span> <span class='ocrx_word' id='word_1_626' title='bbox 1599 4361 2314 4438; x_wconf 79' lang='grc' dir='ltr'>προσεδρεύων,τῆς’κατὰ</span> <span class='ocrx_word' id='word_1_627' title='bbox 2369 4362 2607 4419; x_wconf 78' lang='grc' dir='ltr'>διάνοιαν</span> <span class='ocrx_word' id='word_1_628' title='bbox 2665 4367 2982 4437; x_wconf 84' lang='grc' dir='ltr'>προσευχῆς</span> <span class='ocrx_word' id='word_1_629' title='bbox 3031 4349 3268 4436; x_wconf 76' lang='grc' dir='ltr'>ἐξέχουό</span> <span class='ocrx_word' id='word_1_630' title='bbox 3298 4363 3530 4439; x_wconf 85' lang='grc' dir='ltr'>νήφοντι</span> <span class='ocrx_word' id='word_1_631' title='bbox 3558 4364 3640 4433; x_wconf 84' lang='grc' dir='ltr'>τῷ</span> <span class='ocrx_word' id='word_1_632' title='bbox 3671 4364 3750 4432; x_wconf 82' lang='grc' dir='ltr'>νῷ</span> <span class='ocrx_word' id='word_1_633' title='bbox 3777 4359 3866 4414; x_wconf 84' lang='grc' dir='ltr'>καὶ</span> <span class='ocrx_word' id='word_1_634' title='bbox 3900 4381 4041 4415; x_wconf 81' lang='grc' dir='ltr'>συν-</span> 
     </span>
    </p>
   </div>
   <div class='ocr_carea' id='block_1_89' title="bbox 602 4445 4041 4527">
    <p class='ocr_par' dir='ltr' id='par_1_89' title="bbox 602 4445 4041 4527">
     <span class='ocr_line' id='line_1_89' title="bbox 602 4445 4041 4527; baseline -0.001 -21"><span class='ocrx_word' id='word_1_635' title='bbox 602 4445 957 4527; x_wconf 70' lang='grc' dir='ltr'>τετριμμένῳ</span> <span class='ocrx_word' id='word_1_636' title='bbox 1016 4451 1304 4524; x_wconf 84' lang='grc' dir='ltr'>πνεύματι,</span> <span class='ocrx_word' id='word_1_637' title='bbox 1335 4454 1423 4506; x_wconf 85' lang='grc' dir='ltr'>καὶ</span> <span class='ocrx_word' id='word_1_638' title='bbox 1477 4454 1678 4526; x_wconf 85' lang='grc' dir='ltr'>Θεωρία</span> <span class='ocrx_word' id='word_1_639' title='bbox 1735 4451 2032 4507; x_wconf 67' lang='grc' dir='ltr'>ἐπισκιάσει</span> <span class='ocrx_word' id='word_1_640' title='bbox 2093 4475 2176 4508; x_wconf 92' lang='grc' dir='ltr'>σοι</span> <span class='ocrx_word' id='word_1_641' title='bbox 2232 4452 2321 4508; x_wconf 76' lang='grc' dir='ltr'>διὰ</span> <span class='ocrx_word' id='word_1_642' title='bbox 2376 4456 2617 4526; x_wconf 80' lang='grc' dir='ltr'>νήψεως,</span> <span class='ocrx_word' id='word_1_643' title='bbox 2662 4450 2750 4506; x_wconf 80' lang='grc' dir='ltr'>καὶ</span> <span class='ocrx_word' id='word_1_644' title='bbox 2811 4455 3011 4524; x_wconf 87' lang='grc' dir='ltr'>γνῶσις</span> <span class='ocrx_word' id='word_1_645' title='bbox 3065 4452 3474 4522; x_wconf 86' lang='grc' dir='ltr'>κατασκηνώσει</span> <span class='ocrx_word' id='word_1_646' title='bbox 3533 4449 3586 4504; x_wconf 83' lang='grc' dir='ltr'>ἐν</span> <span class='ocrx_word' id='word_1_647' title='bbox 3645 4449 3731 4503; x_wconf 80' lang='grc' dir='ltr'>σοὶ</span> <span class='ocrx_word' id='word_1_648' title='bbox 3790 4446 3881 4504; x_wconf 77' lang='grc' dir='ltr'>διὰ</span> <span class='ocrx_word' id='word_1_649' title='bbox 3934 4456 4041 4519; x_wconf 88' lang='grc' dir='ltr'>τῆς</span> 
     </span>
    </p>
   </div>
   <div class='ocr_carea' id='block_1_90' title="bbox 602 4541 3030 4619">
    <p class='ocr_par' dir='ltr' id='par_1_90' title="bbox 602 4541 3030 4619">
     <span class='ocr_line' id='line_1_90' title="bbox 602 4541 3030 4619; baseline -0 -23"><span class='ocrx_word' id='word_1_650' title='bbox 602 4542 964 4613; x_wconf 80' lang='grc' dir='ltr'>κατανύξεως,</span> <span class='ocrx_word' id='word_1_651' title='bbox 1000 4544 1095 4609; x_wconf 76' lang='grc' dir='ltr'>τήν</span> <span class='ocrx_word' id='word_1_652' title='bbox 1132 4542 1329 4617; x_wconf 77' lang='grc' dir='ltr'>ἄλογον</span> <span class='ocrx_word' id='word_1_653' title='bbox 1363 4541 1565 4612; x_wconf 69' lang='grc' dir='ltr'>ἡδονὴν</span> <span class='ocrx_word' id='word_1_654' title='bbox 1602 4542 1937 4618; x_wconf 76' lang='grc' dir='ltr'>ἐξορίζουσα,</span> <span class='ocrx_word' id='word_1_655' title='bbox 1968 4544 2054 4598; x_wconf 84' lang='grc' dir='ltr'>καὶ</span> <span class='ocrx_word' id='word_1_656' title='bbox 2087 4547 2184 4614; x_wconf 80' lang='grc' dir='ltr'>τὴν</span> <span class='ocrx_word' id='word_1_657' title='bbox 2216 4544 2358 4608; x_wconf 89' lang='grc' dir='ltr'>θείαν</span> <span class='ocrx_word' id='word_1_658' title='bbox 2394 4544 2609 4619; x_wconf 81' lang='grc' dir='ltr'>ἀγάπην</span> <span class='ocrx_word' id='word_1_659' title='bbox 2645 4542 3030 4611; x_wconf 83' lang='grc' dir='ltr'>είσοικίζουσα.</span> 
     </span>
    </p>
   </div>
   <div class='ocr_carea' id='block_1_91' title="bbox 676 4631 2285 4717">
    <p class='ocr_par' dir='ltr' id='par_1_91' title="bbox 676 4633 2264 4708">
     <span class='ocr_line' id='line_1_91' title="bbox 676 4633 2264 4708; baseline 0.002 -19"><span class='ocrx_word' id='word_1_660' title='bbox 676 4635 914 4689; x_wconf 83' lang='lat' dir='ltr'><strong>Confide</strong></span> <span class='ocrx_word' id='word_1_661' title='bbox 951 4633 1095 4687; x_wconf 86' lang='lat' dir='ltr'><strong>mihi</strong></span> <span class='ocrx_word' id='word_1_662' title='bbox 1132 4650 1330 4688; x_wconf 90' lang='lat' dir='ltr'><strong>verum</strong></span> <span class='ocrx_word' id='word_1_663' title='bbox 1367 4635 1614 4689; x_wconf 90' lang='lat' dir='ltr'><strong>dicenti:</strong></span> <span class='ocrx_word' id='word_1_664' title='bbox 1649 4636 1694 4689; x_wconf 92' lang='lat' dir='ltr'>si</span> <span class='ocrx_word' id='word_1_665' title='bbox 1728 4635 1785 4690; x_wconf 87' lang='lat' dir='ltr'>in</span> <span class='ocrx_word' id='word_1_666' title='bbox 1822 4636 2096 4692; x_wconf 89' lang='lat' dir='ltr'><strong>omnibus</strong></span> <span class='ocrx_word' id='word_1_667' title='bbox 2132 4654 2264 4708; x_wconf 90' lang='lat' dir='ltr'><strong>ope-</strong></span> 
     </span>
    </p>
   </div>
   <div class='ocr_carea' id='block_1_92' title="bbox 2396 4631 4038 4717">
    <p class='ocr_par' dir='ltr' id='par_1_92' title="bbox 2450 4631 4038 4708">
     <span class='ocr_line' id='line_1_92' title="bbox 2450 4631 4038 4708; baseline -0.001 -19"><span class='ocrx_word' id='word_1_668' title='bbox 2450 4632 2741 4690; x_wconf 82' lang='grc' dir='ltr'>Πίστευσόν</span> <span class='ocrx_word' id='word_1_669' title='bbox 2781 4652 2875 4704; x_wconf 91' lang='grc' dir='ltr'>μοι</span> <span class='ocrx_word' id='word_1_670' title='bbox 2915 4632 3014 4700; x_wconf 79' lang='grc' dir='ltr'>τῆν</span> <span class='ocrx_word' id='word_1_671' title='bbox 3065 4631 3326 4701; x_wconf 81' lang='grc' dir='ltr'>ἀλήθειαν</span> <span class='ocrx_word' id='word_1_672' title='bbox 3380 4631 3603 4708; x_wconf 71' lang='grc' dir='ltr'>λέγοντι</span> <span class='ocrx_word' id='word_1_673' title='bbox 3639 4653 3652 4667; x_wconf 75' lang='grc' dir='ltr'>ο</span> <span class='ocrx_word' id='word_1_674' title='bbox 3689 4632 3734 4688; x_wconf 76' lang='grc' dir='ltr'>εἴ</span> <span class='ocrx_word' id='word_1_675' title='bbox 3785 4632 3837 4688; x_wconf 71' lang='grc' dir='ltr'>ἐν</span> <span class='ocrx_word' id='word_1_676' title='bbox 3891 4632 4038 4708; x_wconf 82' lang='grc' dir='ltr'>πάσῃ</span> 
     </span>
    </p>
   </div>
   <div class='ocr_carea' id='block_1_93' title="bbox 607 4723 2258 4794">
    <p class='ocr_par' dir='ltr' id='par_1_93' title="bbox 607 4723 2258 4794">
     <span class='ocr_line' id='line_1_93' title="bbox 607 4723 2258 4794; baseline 0.002 -16"><span class='ocrx_word' id='word_1_677' title='bbox 607 4725 770 4778; x_wconf 90' lang='lat' dir='ltr'><strong>ribus</strong></span> <span class='ocrx_word' id='word_1_678' title='bbox 803 4723 920 4778; x_wconf 89' lang='lat' dir='ltr'><strong>tuis</strong></span> <span class='ocrx_word' id='word_1_679' title='bbox 955 4723 1230 4778; x_wconf 90' lang='lat' dir='ltr'><strong>comitem</strong></span> <span class='ocrx_word' id='word_1_680' title='bbox 1258 4725 1654 4794; x_wconf 87' lang='lat' dir='ltr'><strong>assumpseris</strong></span> <span class='ocrx_word' id='word_1_681' title='bbox 1677 4725 1962 4785; x_wconf 86' lang='lat' dir='ltr'><strong>bonorum</strong></span> <span class='ocrx_word' id='word_1_682' title='bbox 1991 4731 2258 4791; x_wconf 90' lang='lat' dir='ltr'><strong>matrem,</strong></span> 
     </span>
    </p>
   </div>
   <div class='ocr_carea' id='block_1_94' title="bbox 599 4813 2258 4886">
    <p class='ocr_par' dir='ltr' id='par_1_94' title="bbox 599 4813 2258 4886">
     <span class='ocr_line' id='line_1_94' title="bbox 599 4813 2258 4886; baseline 0.002 -19"><span class='ocrx_word' id='word_1_683' title='bbox 599 4815 922 4868; x_wconf 91' lang='lat' dir='ltr'><strong>orationem</strong></span> <span class='ocrx_word' id='word_1_684' title='bbox 959 4813 1249 4881; x_wconf 88' lang='lat' dir='ltr'><strong>videlicet,</strong></span> <span class='ocrx_word' id='word_1_685' title='bbox 1282 4831 1395 4868; x_wconf 91' lang='lat' dir='ltr'>non</span> <span class='ocrx_word' id='word_1_686' title='bbox 1430 4815 1777 4870; x_wconf 86' lang='lat' dir='ltr'><strong>dormiveris</strong></span> <span class='ocrx_word' id='word_1_687' title='bbox 1800 4816 1938 4869; x_wconf 91' lang='lat' dir='ltr'>dum</span> <span class='ocrx_word' id='word_1_688' title='bbox 1974 4833 2258 4886; x_wconf 90' lang='lat' dir='ltr'><strong>sponsum</strong></span> 
     </span>
    </p>
   </div>
   <div class='ocr_carea' id='block_1_95' title="bbox 597 4903 2259 4977">
    <p class='ocr_par' dir='ltr' id='par_1_95' title="bbox 597 4903 2259 4977">
     <span class='ocr_line' id='line_1_95' title="bbox 597 4903 2259 4977; baseline 0.002 -20"><span class='ocrx_word' id='word_1_689' title='bbox 597 4903 1089 4958; x_wconf 87' lang='lat' dir='ltr'><strong>demonstraverit</strong></span> <span class='ocrx_word' id='word_1_690' title='bbox 1137 4903 1264 4967; x_wconf 90' lang='lat' dir='ltr'><strong>tibi,</strong></span> <span class='ocrx_word' id='word_1_691' title='bbox 1315 4908 1370 4957; x_wconf 92' lang='lat' dir='ltr'><strong>te</strong></span> <span class='ocrx_word' id='word_1_692' title='bbox 1410 4903 1798 4959; x_wconf 83' lang='lat' dir='ltr'><strong>introduxerit</strong></span> <span class='ocrx_word' id='word_1_693' title='bbox 1838 4903 2259 4977; x_wconf 90' lang='lat' dir='ltr'><strong>repleveritque</strong></span> 
     </span>
    </p>
   </div>
   <div class='ocr_carea' id='block_1_96' title="bbox 599 4991 2258 5063">
    <p class='ocr_par' dir='ltr' id='par_1_96' title="bbox 599 4991 2258 5063">
     <span class='ocr_line' id='line_1_96' title="bbox 599 4991 2258 5063; baseline 0.001 -15"><span class='ocrx_word' id='word_1_694' title='bbox 599 5009 698 5048; x_wconf 90' lang='lat' dir='ltr'>cor</span> <span class='ocrx_word' id='word_1_695' title='bbox 754 4997 921 5046; x_wconf 87' lang='lat' dir='ltr'><strong>tuum</strong></span> <span class='ocrx_word' id='word_1_696' title='bbox 979 4991 1162 5063; x_wconf 87' lang='lat' dir='ltr'><strong>gloria</strong></span> <span class='ocrx_word' id='word_1_697' title='bbox 1216 4992 1499 5046; x_wconf 86' lang='lat' dir='ltr'><strong>indicibili</strong></span> <span class='ocrx_word' id='word_1_698' title='bbox 1569 4997 1626 5047; x_wconf 87' lang='lat' dir='ltr'><strong>et</strong></span> <span class='ocrx_word' id='word_1_699' title='bbox 1695 4993 1918 5048; x_wconf 77' lang='lat' dir='ltr'><strong>laetitia.</strong></span> <span class='ocrx_word' id='word_1_700' title='bbox 1971 4994 2258 5050; x_wconf 85' lang='lat' dir='ltr'><strong>Omnibus</strong></span> 
     </span>
    </p>
   </div>
   <div class='ocr_carea' id='block_1_97' title="bbox 596 5083 2257 5154">
    <p class='ocr_par' dir='ltr' id='par_1_97' title="bbox 596 5083 2257 5154">
     <span class='ocr_line' id='line_1_97' title="bbox 596 5083 2257 5154; baseline 0.002 -18"><span class='ocrx_word' id='word_1_701' title='bbox 596 5083 750 5136; x_wconf 90' lang='lat' dir='ltr'><strong>enim</strong></span> <span class='ocrx_word' id='word_1_702' title='bbox 807 5083 1246 5151; x_wconf 86' lang='lat' dir='ltr'><strong>impedimentis</strong></span> <span class='ocrx_word' id='word_1_703' title='bbox 1314 5083 1625 5154; x_wconf 87' lang='lat' dir='ltr'><strong>ademptis,</strong></span> <span class='ocrx_word' id='word_1_704' title='bbox 1692 5085 1963 5138; x_wconf 87' lang='lat' dir='ltr'><strong>semitam</strong></span> <span class='ocrx_word' id='word_1_705' title='bbox 2019 5085 2257 5140; x_wconf 86' lang='lat' dir='ltr'><strong>virtutis</strong></span> 
     </span>
    </p>
   </div>
   <div class='ocr_carea' id='block_1_98' title="bbox 600 5171 2040 5244">
    <p class='ocr_par' dir='ltr' id='par_1_98' title="bbox 600 5171 2040 5244">
     <span class='ocr_line' id='line_1_98' title="bbox 600 5171 2040 5244; baseline 0.002 -19"><span class='ocrx_word' id='word_1_706' title='bbox 600 5173 834 5243; x_wconf 87' lang='lat' dir='ltr'><strong>planam</strong></span> <span class='ocrx_word' id='word_1_707' title='bbox 868 5171 1079 5241; x_wconf 88' lang='lat' dir='ltr'><strong>reddit,</strong></span> <span class='ocrx_word' id='word_1_708' title='bbox 1114 5177 1170 5226; x_wconf 89' lang='lat' dir='ltr'>et</span> <span class='ocrx_word' id='word_1_709' title='bbox 1203 5173 1483 5242; x_wconf 68' lang='lat' dir='ltr'><strong>quaerenti</strong></span> <span class='ocrx_word' id='word_1_710' title='bbox 1522 5172 1748 5227; x_wconf 88' lang='lat' dir='ltr'><strong>facilem</strong></span> <span class='ocrx_word' id='word_1_711' title='bbox 1785 5179 2040 5244; x_wconf 71' lang='lat' dir='ltr'><strong>praestat.</strong></span> 
     </span>
    </p>
   </div>
   <div class='ocr_carea' id='block_1_99' title="bbox 672 5262 2254 5333">
    <p class='ocr_par' dir='ltr' id='par_1_99' title="bbox 672 5262 2254 5333">
     <span class='ocr_line' id='line_1_99' title="bbox 672 5262 2254 5333; baseline 0.002 -19"><span class='ocrx_word' id='word_1_712' title='bbox 672 5262 905 5315; x_wconf 87' lang='lat' dir='ltr'><strong>Modum</strong></span> <span class='ocrx_word' id='word_1_713' title='bbox 967 5279 1201 5333; x_wconf 88' lang='lat' dir='ltr'><strong>quoque</strong></span> <span class='ocrx_word' id='word_1_714' title='bbox 1259 5263 1540 5317; x_wconf 88' lang='lat' dir='ltr'><strong>orationis</strong></span> <span class='ocrx_word' id='word_1_715' title='bbox 1594 5262 1866 5318; x_wconf 90' lang='lat' dir='ltr'><strong>mentalis</strong></span> <span class='ocrx_word' id='word_1_716' title='bbox 1927 5263 2254 5318; x_wconf 90' lang='lat' dir='ltr'><strong>considera.</strong></span> 
     </span>
    </p>
   </div>
   <div class='ocr_carea' id='block_1_100' title="bbox 601 5351 2257 5424">
    <p class='ocr_par' dir='ltr' id='par_1_100' title="bbox 601 5351 2257 5424">
     <span class='ocr_line' id='line_1_100' title="bbox 601 5351 2257 5424; baseline 0.001 -19"><span class='ocrx_word' id='word_1_717' title='bbox 601 5352 874 5406; x_wconf 82' lang='lat' dir='ltr'><strong>Instituta</strong></span> <span class='ocrx_word' id='word_1_718' title='bbox 943 5352 1304 5406; x_wconf 84' lang='lat' dir='ltr'><strong>conversatio</strong></span> <span class='ocrx_word' id='word_1_719' title='bbox 1373 5351 1523 5406; x_wconf 88' lang='lat' dir='ltr'><strong>tollit</strong></span> <span class='ocrx_word' id='word_1_720' title='bbox 1583 5352 1873 5424; x_wconf 76' lang='lat' dir='ltr'><strong>passionis</strong></span> <span class='ocrx_word' id='word_1_721' title='bbox 1929 5353 2257 5407; x_wconf 85' lang='lat' dir='ltr'><strong>difﬂuentia</strong></span> 
     </span>
    </p>
   </div>
   <div class='ocr_carea' id='block_1_101' title="bbox 597 5441 2254 5511">
    <p class='ocr_par' dir='ltr' id='par_1_101' title="bbox 597 5441 2254 5511">
     <span class='ocr_line' id='line_1_101' title="bbox 597 5441 2254 5511; baseline 0.002 -18"><span class='ocrx_word' id='word_1_722' title='bbox 597 5441 811 5508; x_wconf 87' lang='lat' dir='ltr'><strong>verba;</strong></span> <span class='ocrx_word' id='word_1_723' title='bbox 849 5442 1060 5495; x_wconf 88' lang='lat' dir='ltr'><strong>mentis</strong></span> <span class='ocrx_word' id='word_1_724' title='bbox 1095 5443 1162 5495; x_wconf 82' lang='lat' dir='ltr'>ad</span> <span class='ocrx_word' id='word_1_725' title='bbox 1197 5448 1380 5496; x_wconf 86' lang='lat' dir='ltr'><strong>Deum</strong></span> <span class='ocrx_word' id='word_1_726' title='bbox 1411 5443 1712 5496; x_wconf 90' lang='lat' dir='ltr'><strong>conversio</strong></span> <span class='ocrx_word' id='word_1_727' title='bbox 1746 5443 1891 5511; x_wconf 78' lang='lat' dir='ltr'><strong>fugit</strong></span> <span class='ocrx_word' id='word_1_728' title='bbox 1930 5442 2127 5496; x_wconf 65' lang='lat' dir='ltr'><strong>saeculi</strong></span> <span class='ocrx_word' id='word_1_729' title='bbox 2160 5459 2254 5496; x_wconf 88' lang='lat' dir='ltr'><strong>co-</strong></span> 
     </span>
    </p>
   </div>
   <div class='ocr_carea' id='block_1_102' title="bbox 596 5531 2253 5603">
    <p class='ocr_par' dir='ltr' id='par_1_102' title="bbox 596 5531 2253 5603">
     <span class='ocr_line' id='line_1_102' title="bbox 596 5531 2253 5603; baseline 0.002 -19"><span class='ocrx_word' id='word_1_730' title='bbox 596 5531 952 5603; x_wconf 82' lang='lat' dir='ltr'><strong>gitationes;</strong></span> <span class='ocrx_word' id='word_1_731' title='bbox 985 5531 1193 5586; x_wconf 66' lang='lat' dir='ltr'><strong>anime</strong></span> <span class='ocrx_word' id='word_1_732' title='bbox 1226 5531 1502 5587; x_wconf 87' lang='lat' dir='ltr'><strong>contritio</strong></span> <span class='ocrx_word' id='word_1_733' title='bbox 1543 5531 1755 5587; x_wconf 90' lang='lat' dir='ltr'><strong>refellit</strong></span> <span class='ocrx_word' id='word_1_734' title='bbox 1799 5532 2086 5588; x_wconf 89' lang='lat' dir='ltr'><strong>amicitias</strong></span> <span class='ocrx_word' id='word_1_735' title='bbox 2128 5549 2253 5588; x_wconf 89' lang='lat' dir='ltr'><strong>car-</strong></span> 
     </span>
    </p>
   </div>
   <div class='ocr_carea' id='block_1_103' title="bbox 671 5729 1109 5801">
    <p class='ocr_par' dir='ltr' id='par_1_103' title="bbox 671 5729 1109 5801">
     <span class='ocr_line' id='line_1_103' title="bbox 671 5729 1109 5801; baseline -0.002 -15"><span class='ocrx_word' id='word_1_736' title='bbox 671 5731 716 5765; x_wconf 86' lang='grc'>¹⁰</span> <span class='ocrx_word' id='word_1_737' title='bbox 747 5729 900 5786; x_wconf 85' lang='lat' dir='ltr'><strong>Psal.</strong></span> <span class='ocrx_word' id='word_1_738' title='bbox 936 5747 987 5801; x_wconf 73' lang='grc' dir='ltr'>ι,</span> <span class='ocrx_word' id='word_1_739' title='bbox 1023 5730 1109 5786; x_wconf 85' lang='grc'>19.</span> 
     </span>
    </p>
   </div>
   <div class='ocr_carea' id='block_1_104' title="bbox 2372 4717 4062 4798">
    <p class='ocr_par' dir='ltr' id='par_1_104' title="bbox 2372 4717 4062 4798">
     <span class='ocr_line' id='line_1_104' title="bbox 2372 4717 4062 4798; baseline -0.001 -21"><span class='ocrx_word' id='word_1_740' title='bbox 2372 4745 2468 4777; x_wconf 87' lang='grc' dir='ltr'>σου</span> <span class='ocrx_word' id='word_1_741' title='bbox 2523 4726 2592 4794; x_wconf 76' lang='grc' dir='ltr'>τῇ</span> <span class='ocrx_word' id='word_1_742' title='bbox 2643 4722 2869 4797; x_wconf 83' lang='grc' dir='ltr'>ἐργασίᾳ</span> <span class='ocrx_word' id='word_1_743' title='bbox 2924 4721 3237 4795; x_wconf 68' lang='grc' dir='ltr'>ἀχώριστον</span> <span class='ocrx_word' id='word_1_744' title='bbox 3296 4717 3432 4791; x_wconf 63' lang='grc' dir='ltr'>ἕξεις</span> <span class='ocrx_word' id='word_1_745' title='bbox 3490 4723 3591 4791; x_wconf 85' lang='grc' dir='ltr'>τὴν</span> <span class='ocrx_word' id='word_1_746' title='bbox 3657 4723 3869 4798; x_wconf 83' lang='grc' dir='ltr'>μητέρα</span> <span class='ocrx_word' id='word_1_747' title='bbox 3920 4727 4062 4778; x_wconf 75' lang='grc' dir='ltr'>τῶν-</span> 
     </span>
    </p>
   </div>
   <div class='ocr_carea' id='block_1_105' title="bbox 2370 4809 4034 4888">
    <p class='ocr_par' dir='ltr' id='par_1_105' title="bbox 2370 4809 4034 4888">
     <span class='ocr_line' id='line_1_105' title="bbox 2370 4809 4034 4888; baseline -0.002 -20"><span class='ocrx_word' id='word_1_748' title='bbox 2370 4815 2577 4882; x_wconf 72' lang='grc' dir='ltr'>καλῶν,</span> <span class='ocrx_word' id='word_1_749' title='bbox 2619 4814 2716 4881; x_wconf 77' lang='grc' dir='ltr'>τήν</span> <span class='ocrx_word' id='word_1_750' title='bbox 2777 4811 3117 4887; x_wconf 71' lang='grc' dir='ltr'>προσευχὴν,</span> <span class='ocrx_word' id='word_1_751' title='bbox 3179 4809 3239 4864; x_wconf 85' lang='grc' dir='ltr'>ού</span> <span class='ocrx_word' id='word_1_752' title='bbox 3282 4810 3550 4882; x_wconf 78' lang='grc' dir='ltr'>νυστάξει,</span> <span class='ocrx_word' id='word_1_753' title='bbox 3606 4809 3713 4874; x_wconf 72' lang='grc' dir='ltr'>ἕως</span> <span class='ocrx_word' id='word_1_754' title='bbox 3772 4810 4034 4888; x_wconf 79' lang='grc' dir='ltr'>ὑποδείξῃ</span> 
     </span>
    </p>
   </div>
   <div class='ocr_carea' id='block_1_106' title="bbox 2372 4898 4038 4979">
    <p class='ocr_par' dir='ltr' id='par_1_106' title="bbox 2372 4898 4038 4979">
     <span class='ocr_line' id='line_1_106' title="bbox 2372 4898 4038 4979; baseline -0.002 -20"><span class='ocrx_word' id='word_1_755' title='bbox 2372 4927 2456 4959; x_wconf 86' lang='grc' dir='ltr'>σοι</span> <span class='ocrx_word' id='word_1_756' title='bbox 2485 4906 2576 4959; x_wconf 87' lang='grc' dir='ltr'>τὸν</span> <span class='ocrx_word' id='word_1_757' title='bbox 2611 4907 2898 4979; x_wconf 81' lang='grc' dir='ltr'>νυμφῶνα,</span> <span class='ocrx_word' id='word_1_758' title='bbox 2931 4903 3021 4956; x_wconf 85' lang='grc' dir='ltr'>καὶ</span> <span class='ocrx_word' id='word_1_759' title='bbox 3053 4898 3202 4955; x_wconf 82' lang='grc' dir='ltr'>ἔνδον</span> <span class='ocrx_word' id='word_1_760' title='bbox 3239 4902 3416 4976; x_wconf 75' lang='grc' dir='ltr'>ἀγάγῃ</span> <span class='ocrx_word' id='word_1_761' title='bbox 3466 4923 3546 4971; x_wconf 91' lang='grc' dir='ltr'>σε,</span> <span class='ocrx_word' id='word_1_762' title='bbox 3579 4903 3667 4958; x_wconf 81' lang='grc' dir='ltr'>καὶ</span> <span class='ocrx_word' id='word_1_763' title='bbox 3717 4899 3880 4973; x_wconf 76' lang='grc' dir='ltr'>δόξης</span> <span class='ocrx_word' id='word_1_764' title='bbox 3940 4902 4038 4979; x_wconf 60' lang='lat' dir='ltr'><strong>tip-</strong></span> 
     </span>
    </p>
   </div>
   <div class='ocr_carea' id='block_1_107' title="bbox 2371 4988 4036 5072">
    <p class='ocr_par' dir='ltr' id='par_1_107' title="bbox 2371 4988 4036 5072">
     <span class='ocr_line' id='line_1_107' title="bbox 2371 4988 4036 5072; baseline -0.001 -24"><span class='ocrx_word' id='word_1_765' title='bbox 2371 4995 2540 5072; x_wconf 78' lang='grc' dir='ltr'>ῥήτου</span> <span class='ocrx_word' id='word_1_766' title='bbox 2598 4993 2685 5046; x_wconf 85' lang='grc' dir='ltr'>καὶ</span> <span class='ocrx_word' id='word_1_767' title='bbox 2745 4990 3079 5068; x_wconf 81' lang='grc' dir='ltr'>εὐφροσύνης</span> <span class='ocrx_word' id='word_1_768' title='bbox 3137 4988 3412 5066; x_wconf 80' lang='grc' dir='ltr'>πληρώσῃ</span> <span class='ocrx_word' id='word_1_769' title='bbox 3470 5012 3548 5059; x_wconf 90' lang='grc' dir='ltr'>σε,</span> <span class='ocrx_word' id='word_1_770' title='bbox 3609 4989 3821 5060; x_wconf 81' lang='grc' dir='ltr'>ἐπειδὴ,</span> <span class='ocrx_word' id='word_1_771' title='bbox 3855 4990 4036 5047; x_wconf 75' lang='grc' dir='ltr'>πάντα</span> 
     </span>
    </p>
   </div>
   <div class='ocr_carea' id='block_1_108' title="bbox 2368 5076 4037 5158">
    <p class='ocr_par' dir='ltr' id='par_1_108' title="bbox 2368 5076 4037 5158">
     <span class='ocr_line' id='line_1_108' title="bbox 2368 5076 4037 5158; baseline -0.001 -19"><span class='ocrx_word' id='word_1_772' title='bbox 2368 5086 2432 5139; x_wconf 76' lang='grc' dir='ltr'>τὰ</span> <span class='ocrx_word' id='word_1_773' title='bbox 2487 5080 2790 5154; x_wconf 79' lang='grc' dir='ltr'>κωλύματα</span> <span class='ocrx_word' id='word_1_774' title='bbox 2847 5080 3222 5156; x_wconf 87' lang='grc' dir='ltr'>περιαίρουσα,</span> <span class='ocrx_word' id='word_1_775' title='bbox 3279 5082 3381 5150; x_wconf 79' lang='grc' dir='ltr'>τὴν</span> <span class='ocrx_word' id='word_1_776' title='bbox 3435 5076 3626 5156; x_wconf 77' lang='grc' dir='ltr'>τρίϐον</span> <span class='ocrx_word' id='word_1_777' title='bbox 3674 5089 3775 5152; x_wconf 86' lang='grc' dir='ltr'>τῆς</span> <span class='ocrx_word' id='word_1_778' title='bbox 3831 5081 4037 5158; x_wconf 77' lang='grc' dir='ltr'>ἀρετῆς</span> 
     </span>
    </p>
   </div>
   <div class='ocr_carea' id='block_1_109' title="bbox 2369 5169 3738 5246">
    <p class='ocr_par' dir='ltr' id='par_1_109' title="bbox 2369 5169 3738 5246">
     <span class='ocr_line' id='line_1_109' title="bbox 2369 5169 3738 5246; baseline 0.001 -19"><span class='ocrx_word' id='word_1_779' title='bbox 2369 5172 2644 5246; x_wconf 84' lang='grc' dir='ltr'>ὁμαλίζει,</span> <span class='ocrx_word' id='word_1_780' title='bbox 2677 5171 2765 5224; x_wconf 85' lang='grc' dir='ltr'>καὶ</span> <span class='ocrx_word' id='word_1_781' title='bbox 2799 5170 3002 5244; x_wconf 83' lang='grc' dir='ltr'>εὐχερῆ</span> <span class='ocrx_word' id='word_1_782' title='bbox 3032 5173 3111 5241; x_wconf 86' lang='grc' dir='ltr'>τῷ</span> <span class='ocrx_word' id='word_1_783' title='bbox 3145 5174 3398 5240; x_wconf 78' lang='grc' dir='ltr'>ζητοῦντι</span> <span class='ocrx_word' id='word_1_784' title='bbox 3430 5169 3738 5242; x_wconf 84' lang='grc' dir='ltr'>καθίστησι.</span> 
     </span>
    </p>
   </div>
   <div class='ocr_carea' id='block_1_110' title="bbox 2438 5256 4029 5337">
    <p class='ocr_par' dir='ltr' id='par_1_110' title="bbox 2438 5256 4029 5337">
     <span class='ocr_line' id='line_1_110' title="bbox 2438 5256 4029 5337; baseline 0.006 -24"><span class='ocrx_word' id='word_1_785' title='bbox 2438 5263 2543 5318; x_wconf 76' lang='grc' dir='ltr'>Καὶ</span> <span class='ocrx_word' id='word_1_786' title='bbox 2577 5256 2676 5332; x_wconf 74' lang='grc' dir='ltr'>ὅρα</span> <span class='ocrx_word' id='word_1_787' title='bbox 2707 5261 2797 5314; x_wconf 84' lang='grc' dir='ltr'>τὸν</span> <span class='ocrx_word' id='word_1_788' title='bbox 2829 5259 3034 5334; x_wconf 86' lang='grc' dir='ltr'>τρόπον</span> <span class='ocrx_word' id='word_1_789' title='bbox 3065 5265 3167 5322; x_wconf 76' lang='grc' dir='ltr'>τῆς</span> <span class='ocrx_word' id='word_1_790' title='bbox 3205 5259 3341 5314; x_wconf 83' lang='grc' dir='ltr'>κατᾶ</span> <span class='ocrx_word' id='word_1_791' title='bbox 3392 5259 3633 5316; x_wconf 84' lang='grc' dir='ltr'>διάνοιαν</span> <span class='ocrx_word' id='word_1_792' title='bbox 3683 5267 4029 5337; x_wconf 75' lang='grc' dir='ltr'>προσευχῆς-</span> 
     </span>
    </p>
   </div>
   <div class='ocr_carea' id='block_1_111' title="bbox 2366 5347 4033 5426">
    <p class='ocr_par' dir='ltr' id='par_1_111' title="bbox 2366 5347 4033 5426">
     <span class='ocr_line' id='line_1_111' title="bbox 2366 5347 4033 5426; baseline -0.002 -19"><span class='ocrx_word' id='word_1_793' title='bbox 2366 5355 2426 5407; x_wconf 83' lang='grc' dir='ltr'><strong>Ἥ</strong></span> <span class='ocrx_word' id='word_1_794' title='bbox 2460 5348 2695 5425; x_wconf 76' lang='grc' dir='ltr'>διαλογὴ</span> <span class='ocrx_word' id='word_1_795' title='bbox 2730 5348 2940 5424; x_wconf 80' lang='grc' dir='ltr'>ἀναιρεῖ</span> <span class='ocrx_word' id='word_1_796' title='bbox 2980 5349 3107 5410; x_wconf 85' lang='grc' dir='ltr'>τοὺς</span> <span class='ocrx_word' id='word_1_797' title='bbox 3166 5348 3431 5422; x_wconf 87' lang='grc' dir='ltr'>ἐμπαθεῖς</span> <span class='ocrx_word' id='word_1_798' title='bbox 3481 5347 3787 5426; x_wconf 88' lang='grc' dir='ltr'>λογισμούς</span> <span class='ocrx_word' id='word_1_799' title='bbox 3818 5372 3830 5384; x_wconf 90' lang='grc'><strong>·</strong></span> <span class='ocrx_word' id='word_1_800' title='bbox 3863 5353 3898 5420; x_wconf 80' lang='grc' dir='ltr'>ἡ</span> <span class='ocrx_word' id='word_1_801' title='bbox 3929 5354 4033 5406; x_wconf 91' lang='grc' dir='ltr'>τοῦ</span> 
     </span>
    </p>
   </div>
   <div class='ocr_carea' id='block_1_112' title="bbox 2363 5437 4033 5517">
    <p class='ocr_par' dir='ltr' id='par_1_112' title="bbox 2363 5437 4033 5517">
     <span class='ocr_line' id='line_1_112' title="bbox 2363 5437 4033 5517; baseline -0.003 -18"><span class='ocrx_word' id='word_1_802' title='bbox 2363 5447 2459 5499; x_wconf 85' lang='grc' dir='ltr'>νοῦ</span> <span class='ocrx_word' id='word_1_803' title='bbox 2490 5442 2625 5515; x_wconf 86' lang='grc' dir='ltr'>πρὸς</span> <span class='ocrx_word' id='word_1_804' title='bbox 2659 5441 2749 5494; x_wconf 87' lang='grc' dir='ltr'>τὸν</span> <span class='ocrx_word' id='word_1_805' title='bbox 2780 5439 2908 5495; x_wconf 87' lang='grc' dir='ltr'>Θεὸν</span> <span class='ocrx_word' id='word_1_806' title='bbox 2959 5440 3251 5507; x_wconf 81' lang='grc' dir='ltr'>ἀποσκοπή</span> <span class='ocrx_word' id='word_1_807' title='bbox 3313 5437 3605 5517; x_wconf 88' lang='grc' dir='ltr'>φυγαδεύει</span> <span class='ocrx_word' id='word_1_808' title='bbox 3661 5441 3756 5503; x_wconf 78' lang='grc' dir='ltr'>τὰς</span> <span class='ocrx_word' id='word_1_809' title='bbox 3819 5440 4033 5503; x_wconf 68' lang='grc' dir='ltr'>ἐννοίας</span> 
     </span>
    </p>
   </div>
   <div class='ocr_carea' id='block_1_113' title="bbox 2363 5525 4031 5609">
    <p class='ocr_par' dir='ltr' id='par_1_113' title="bbox 2363 5525 4031 5609">
     <span class='ocr_line' id='line_1_113' title="bbox 2363 5525 4031 5609; baseline 0 -23"><span class='ocrx_word' id='word_1_810' title='bbox 2363 5535 2458 5586; x_wconf 86' lang='grc' dir='ltr'>τοῦ</span> <span class='ocrx_word' id='word_1_811' title='bbox 2488 5531 2700 5604; x_wconf 89' lang='grc' dir='ltr'>κόσμου</span> <span class='ocrx_word' id='word_1_812' title='bbox 2734 5548 2748 5562; x_wconf 73' lang='grc' dir='ltr'><strong>ο</strong></span> <span class='ocrx_word' id='word_1_813' title='bbox 2783 5531 2818 5599; x_wconf 75' lang='grc' dir='ltr'>ἡ</span> <span class='ocrx_word' id='word_1_814' title='bbox 2847 5525 3131 5599; x_wconf 78' lang='grc' dir='ltr'>κατᾶνυξις</span> <span class='ocrx_word' id='word_1_815' title='bbox 3165 5535 3264 5599; x_wconf 88' lang='grc' dir='ltr'>τῆς</span> <span class='ocrx_word' id='word_1_816' title='bbox 3298 5533 3485 5606; x_wconf 82' lang='grc' dir='ltr'>ψυχῆς</span> <span class='ocrx_word' id='word_1_817' title='bbox 3517 5531 3617 5600; x_wconf 83' lang='grc' dir='ltr'>τὴν</span> <span class='ocrx_word' id='word_1_818' title='bbox 3679 5529 3866 5609; x_wconf 89' lang='grc' dir='ltr'>φιλίαν</span> <span class='ocrx_word' id='word_1_819' title='bbox 3924 5537 4031 5600; x_wconf 88' lang='grc' dir='ltr'>τῆς</span> 
     </span>
    </p>
   </div>
  </div>
