4258 6438
191 413 304 470 393

1127 414 1224 467 DE
1265 411 1715 467 ABSOONDITA
1751 409 2210 464 OPERATIONE
2250 411 2325 464 IN
2363 409 2695 467 CHRISTO.

3509 415 3615 470 394

193 537 401 610 σαρκὸς
460 530 745 590 ἀποσοϐεῖο
813 535 900 588 καὶ
957 535 1145 608 ὁρᾶται
1205 535 1239 602 ἡ
1298 532 1580 607 προσευχή
1658 529 1716 584 ix
1761 533 1858 584 τοῦ

1973 531 2099 600 nis;
2133 531 2317 588 oratio
2348 533 2750 590 indesinenter
2778 537 2999 607 profert
3028 553 3239 594 nomen
3278 539 3401 607 Dei,
3434 545 3488 595 et
3519 555 3618 594 ex-

197 624 556 699 ὑπαγορεύειν
617 624 889 697 ἀσιγήτως
965 625 1024 676 τὸ
1086 627 1226 685 θεῖον
1309 621 1524 693 ὄνομα,
1574 618 1856 696 συμφωνίο

191 715 285 768 καὶ
319 711 512 774 ἕνωσις
543 718 660 779 νοῦ,
696 712 784 766 καὶ
818 711 1010 785 λόγου,
1060 711 1149 764 καὶ
1200 715 1414 784 ψυχῆς,
1458 732 1486 759 ‹‹
1516 709 1694 764 ’Ὁπου
1731 707 1855 782 γὰρ,

194 803 388 880 φησὶν,
451 802 555 856 εἶσὶ
613 800 724 854 δύω
765 799 802 869 ἤ
850 805 998 873 τρεῖς
1055 799 1105 852 έν
1159 803 1237 870 τῷ
1288 797 1514 870 ὀνόματί
1572 819 1697 867 μου,
1751 795 1861 850 ἐκεῖ

195 893 315 964 εἰμι
349 893 402 945 ἐν
447 892 595 963 μέσῳ
641 889 842 961 αὐτῶν,
888 913 916 939 ››
967 888 1155 949 Οὕτως
1201 889 1290 941 οὖν
1341 890 1375 955 ἠ
1425 887 1708 962 προσευχή
1758 887 1859 948 τὰς

191 989 299 1050 τῆς
340 985 527 1054 ψυχῆς
579 977 832 1051 δυνάμεις
890 979 996 1031 ἀπὸ
1041 982 1137 1031 τοῦ
1187 975 1549 1050 διαμερισμοῦ
1598 980 1704 1028 τῶν
1755 995 1856 1027 πα-

195 1074 306 1125 θῶν
342 1067 784 1141 ἀνακαλουμένη,
834 1067 923 1121 καὶ
968 1067 1105 1141 πρὸς
1151 1065 1425 1134 ἀλλήλας,
1475 1065 1730 1136 καὶπρὸς
1763 1063 1858 1117 αύ-

193 1164 296 1229 τήν
328 1159 621 1214 συνδέουσα
651 1161 748 1226 τὴν
787 1165 1022 1233 τριμερῆ
1073 1158 1284 1230 ψυχὴν,
1313 1161 1391 1226 τῷ
1422 1155 1475 1209 ἰν
1513 1156 1688 1229 τρισὶν
1726 1155 1854 1208 ὑπο-

197 1250 447 1304 στάσεσιν
499 1249 573 1303 ἑνὶ
630 1252 746 1318 Θεῷ
795 1246 1011 1301 οἰκεισῖ·
1063 1250 1281 1320 πρῶτον
1325 1244 1426 1318 γὰρ
1477 1240 1566 1297 διὰ
1612 1247 1718 1296 τῶν
1759 1244 1857 1310 τῆς

198 1340 402 1414 ἀρετῆς
425 1337 667 1412 τρόπων,
698 1337 760 1390 τὸ
811 1338 908 1403 τῆς
960 1333 1229 1409 ἁμαρτίας
1278 1333 1470 1407 αἶσχος
1519 1331 1577 1386 έκ
1622 1333 1718 1400 τῆς
1751 1335 1855 1403 ψυ·

199 1435 312 1503 χῆς
342 1427 666 1497 ἀποξέσασα,
713 1425 826 1479 εἶτα
852 1425 914 1478 τὸ
959 1423 1164 1485 κάλλος
1213 1427 1321 1477 τῶν
1372 1421 1528 1486 θείων
1576 1421 1855 1495 χαρακτή-

198 1539 312 1594 ρων
363 1515 454 1570 διὰ
499 1522 600 1584 τῆς
647 1515 764 1577 καθ’
797 1513 990 1582 ἑαυτὴν
1040 1513 1190 1588 ἁγίας
1236 1511 1488 1585 γοώσεως
1538 1511 1854 1583 ἀναζωγρα-

197 1611 441 1685 φήσασα,
495 1604 790 1678 παρίστησι
845 1604 944 1671 τὴν
1005 1603 1191 1675 ψυχὴν
1238 1606 1318 1673 τῷ
1376 1604 1514 1672 Θεῷ.
1560 1601 1621 1652 ἸΙ
1664 1596 1720 1652 δὲ
1765 1599 1855 1652 αύ-

193 1696 323 1751 τίκα
352 1696 610 1770 γινώσκει
633 1693 725 1747 τὸν
772 1693 969 1759 ἑαυτῆς
1016 1693 1290 1760 Ηοιητήν,
1351 1711 1371 1738 ι
1407 1691 1492 1745 ’Ev
1586 1689 1713 1762 γὰρ,
1747 1709 1851 1763 φη-

195 1788 304 1854 civ,
356 1783 540 1856 ἡμέρᾳ
595 1779 990 1854 έπικαλεσομαί
1049 1801 1126 1848 σε,
1186 1776 1302 1832 ἰδοὺ
1363 1777 1529 1852 ἔγνων
1590 1779 1673 1831 ὅτι
1723 1778 1851 1837 Θεὸς

198 1896 309 1948 μου
344 1875 393 1929 εἶ
447 1873 586 1929 σύ.»
647 1872 750 1928 Καὶ
809 1872 1133 1944 γινώσκεται
1187 1869 1273 1922 ὑπ’
1335 1870 1518 1923 αὑτοῦ.
1585 1891 1611 1918 ‹‹
1669 1869 1851 1940 Ἐγνω

196 1967 328 2038 γὰρ,
361 1963 551 2041 φησὶν,
584 1963 611 2016 ὁ
645 1961 844 2034 Κύριος
893 1959 1020 2022 τοὺς
1078 1955 1236 2020 ὄντας
1293 1958 1476 2011 αὐτοῦ.
1515 1982 1541 2006 υ
1600 1957 1860 2009 Γινώσκει

199 2052 292 2107 διὰ
334 2053 421 2119 τὸ,
473 2051 702 2121 καθαρὸν
756 2056 856 2118 τῆς
915 2047 1147 2116 εἷκόνοζ·
1209 2053 1355 2100 πᾶσα
1406 2049 1509 2121 γὰρ
1553 2046 1709 2100 εἰκὼν
1771 2041 1856 2098 ἐπὶ

193 2144 258 2196 τὸ
305 2140 666 2215 πρωτύτυπον
726 2137 842 2192 ἔχει
894 2138 992 2206 τήν
1049 2137 1338 2213 ἀναφοράν·
1399 2135 1722 2209 γινώσκεται
1774 2131 1863 2187 διὰ

199 2233 304 2298 τὴν
354 2230 494 2284 κατά
547 2229 642 2290 τὰς
701 2228 892 2302 ἀρετάς
953 2225 1242 2298 ὁμοίωσιν,
1295 2223 1362 2278 δι’
1420 2226 1493 2277 ὡν
1527 2223 1615 2278 καὶ
1667 2228 1862 2297 γνῶσιν

197 2317 320 2394 ἔχει
381 2321 540 2388 Οεοῦ,
594 2317 684 2372 καὶ
744 2318 847 2371 ὑπὸ
905 2320 1040 2370 Θεοῦ
1095 2316 1439 2388 γινώσκεται.
1492 2314 1553 2369 Ὁ
1603 2310 1858 2384 δεόμενος

194 2384 387 2484 τῦῖχεῖν
440 2384 736 2482 βασιλιχῆς
792 2405 1106 2478 εὐμενείας,
1155 2403 1424 2480 τριπλοῦν
1480 2400 1858 2477 μεταχειρίζε-

194 2521 285 2554 ται
330 2497 622 2573 τρόπον·ἢ
685 2502 892 2574 φωναῖς
939 2493 1212 2562 ἱκετεύων,
1273 2495 1306 2562 ἢ
1367 2497 1534 2566 σιγῶν
1591 2491 1855 2566 παρίστα-

191 2610 335 2655 ται,
395 2588 429 2656 ἢ
489 2587 594 2659 πρὸ
651 2583 833 2640 ποδῶν
889 2589 984 2639 τοῦ
1034 2582 1331 2654 δυναμένου
1393 2583 1612 2657 βοηθεῖν
1671 2581 1856 2636 ἑαυτὸν

193 2677 528 2753 έπιῤῥίπτει.
578 2675 679 2732 Καὶ
728 2677 762 2743 ἡ
808 2675 1017 2747 καθαρὰ
1065 2674 1386 2745 προσευχὴ,
1438 2670 1698 2739 νοῦν,καὶ
1757 2668 1856 2724 λόο

197 2789 319 2843 γον,
369 2767 460 2820 καὶ
511 2769 720 2838 πνεῦμα
775 2765 912 2838 πρὸς
959 2764 1152 2830 ἑαυτὴν
1203 2763 1564 2815 συνάπτουσα.
1617 2757 1705 2813 διὰ
1761 2761 1854 2831 μὲν

195 2862 295 2913 τοῦ
344 2856 536 2929 λόγου,
589 2855 650 2908 τὸ
700 2853 894 2925 ὅνομα,
949 2851 1036 2906 διὰ
1086 2850 1143 2905 δὲ
1172 2856 1271 2904 τοῦ
1320 2855 1436 2917 νοῦ,
1483 2854 1563 2920 τῷ
1613 2869 1857 2923 παρακα-

198 2935 456 3018 λουμὲνῳ
504 2942 890 3014 Θεῴοάτενίζει
939 2936 1318 3015 ἀρεμϐἀστως,
1353 2937 1443 2994 δια
1484 2936 1540 2993 δὲ
1570 2942 1666 2992 τοῦ
1697 2937 1855 2992 πνεύ-

202 3057 372 3108 ματος
445 3035 544 3102 τὴν
605 3031 930 3104 κατανυξιν,
998 3031 1099 3099 τήν
1157 3029 1481 3083 ταπείνωσιν
1518 3071 1533 3097 ,
1592 3029 1679 3082 καὶ
1756 3028 1854 3094 τήν

195 3127 414 3200 ἀγάπην
483 3122 762 3200 ἱμφανίζει
791 3165 806 3191 ,
853 3121 944 3174 καὶ
994 3119 1136 3174 οὕτω
1185 3117 1423 3173 δυσωπεῖ
1469 3119 1568 3187 τήν
1619 3116 1858 3192 ἄναρχον

195 3213 430 3291 Τριαδα,
487 3214 580 3268 τὸν
636 3212 881 3284 Πατέρα,
937 3210 1026 3264 καὶ
1083 3211 1175 3264 τὸν
1235 3211 1381 3278 Υἱὸν,
1441 3209 1533 3264 καὶ
1589 3210 1651 3263 τὸ
1703 3209 1851 3282 ἅγιον

196 3309 441 3377 Πνεῦμα,
471 3305 562 3358 τὸν
594 3299 688 3357 ἕνα
719 3302 868 3357 Θεόν.

266 3398 473 3466 ’Ὠσπερ
515 3394 549 3463 ἠ
607 3390 861 3446 ποικιλία
910 3394 1016 3444 τῶν
1078 3387 1388 3460 ἐδεσματων
1452 3386 1701 3463 διεγείρει
1751 3389 1850 3456 τὴν

197 3486 372 3562 ὄρεξιν
407 3484 482 3544 εἰς
517 3481 822 3554 μετάληψιν
874 3480 1073 3546 αὐτῶν,
1119 3478 1298 3541 οὕτως
1341 3479 1394 3532 αἱ
1446 3475 1696 3555 διάφοροι
1742 3482 1850 3531 τῶν

198 3577 407 3649 ἀρετῶν
441 3568 576 3627 ίδέαι
606 3573 706 3640 τήν
753 3569 1059 3644 έντρέχειαν
1106 3572 1204 3622 τοῦ
1243 3571 1337 3621 νοῦ
1368 3567 1724 3637 έξυπνίζουσι.
1758 3567 1856 3620 Διά

196 3670 361 3720 τοῦτο
391 3664 494 3730 τὴν
541 3659 666 3715 ὁδὸν
712 3667 816 3728 τῆς
860 3656 1096 3720 διανοίας
1143 3655 1367 3726 ὁδεόων,
1396 3658 1463 3712 τὰ
1511 3657 1729 3732 ῥήματα
1757 3663 1858 3724 τῆς

199 3754 374 3822 εὐχῆς
421 3749 706 3824 ἀναλέγου·
768 3747 858 3802 καὶ
918 3745 1174 3823 διαλέγου
1211 3751 1290 3817 τῷ
1333 3745 1514 3822 Κυρίῳ
1553 3746 1634 3800 ἀεὶ
1688 3747 1856 3819 βοῶν,

200 3843 404 3915 καὶμὴ
441 3840 706 3894 ἐκκακῶνο
757 3837 934 3892 πυκνᾶ
982 3834 1259 3909 δεόμενος,
1308 3836 1396 3890 καὶ
1442 3837 1542 3904 τήν
1593 3833 1862 3890 ἀναίδειαν

204 3931 553 4006 μιμούμενος
579 3935 682 3997 τῆς
711 3927 804 3982 τὸν
852 3923 1167 3997 αμείλικτον
1218 3927 1411 3998 κριτὴν
1459 3923 1860 3994 δυσωπησάο-ης

205 4026 388 4098 χήρας
423 4063 436 4076 .
493 4019 632 4076 Τότε
685 4018 955 4090 πνεόματι
1005 4021 1321 4090 περιπατεῖς
1356 4058 1369 4083 ,
1429 4016 1518 4069 καὶ
1579 4021 1860 4088 σαρκικαῖς

203 4110 524 4183 ἐπιθυμίαις
584 4107 644 4163 οὗ
700 4109 1030 4184 προσέχεις,
1087 4106 1177 4159 καὶ
1235 4105 1526 4179 λογισμοῖς
1577 4111 1865 4176 κοσμικοῖς

203 4202 265 4257 ού
328 4199 639 4272 διατέμνεις
692 4203 790 4266 τῆς
851 4197 1024 4270 εὐχῆς
1076 4197 1176 4263 τὴν
1236 4192 1540 4269 συνέχειαν,
1602 4196 1749 4257 Ναὸς
1807 4192 1866 4249 δε

204 4295 342 4348 Θεοῦ
422 4287 789 4365 χρηματίζεις
822 4328 838 4354 ,
908 4283 1324 4359 ἀπερισπάστως
1406 4286 1496 4339 τὸν
1575 4286 1713 4338 Θεὸν
1782 4283 1866 4355 ἐξ-

202 4385 416 4454 υμνῶν.
450 4377 613 4437 Οῧκω
652 4389 788 4431 κατα
839 4373 1078 4430 διάνοιαν
1122 4373 1444 4448 εὐχόμενος,
1496 4374 1734 4443 ἀξιοῦσαι
1778 4373 1868 4428 καὶ

201 4472 273 4533 εἷς
313 4471 542 4543 μνήμην
577 4469 714 4521 Θεοῦ
758 4459 1082 4534 διαϐαίνειν,
1113 4463 1203 4518 καὶ
1253 4462 1306 4517 ἐν
1336 4469 1453 4524 τοῖς
1503 4461 1720 4524 ἀδύτοις
1771 4467 1868 4518 τοῦ

199 4566 293 4616 νοῦ
344 4554 569 4614 εἷσιέναι
606 4599 620 4625 ,
686 4555 776 4609 καὶ
840 4559 1125 4626 μυστικαῖς
1183 4553 1437 4625 θεωρίαις
1490 4554 1581 4606 τὸν
1635 4552 1866 4628 ἀύρατον

201 4647 585 4717 κατοπτεύειν,
643 4644 734 4699 καὶ
773 4648 1100 4719 γνωςτικαῖς
1157 4641 1533 4716 ένιαίως,Ικαὶ
1592 4643 1952 4715 ἀγαπητι-ι)

201 4745 325 4801 καῖς
376 4735 656 4812 έκχύσεσι,
706 4734 870 4808 μόνος
907 4737 987 4805 τῷ
1032 4737 1149 4800 Θεῷ
1186 4730 1338 4805 μόνῳ
1385 4732 1695 4804 καταμόνας
1747 4730 1866 4786 λει-

200 4832 482 4902 τουργῶν.

274 4921 446 4976 *Οταν
494 4913 590 4969 οῦν
627 4912 744 4988 ἴδῃς
789 4911 1008 4967 σεαυτὸν
1054 4910 1442 4986 χαυνοώμενον
1496 4909 1546 4965 έν
1598 4915 1665 4983 τῇ
1707 4910 1871 4985 εὐχῇ,

206 5006 431 5086 βιϐλίον
494 5004 904 5078 μεταχειρίζου,
942 5003 1030 5056 καὶ
1089 5005 1158 5074 τῇ
1196 5002 1509 5086 ,ἀναγνώσει
1557 5019 1871 5075 προσεχων,

356 5097 562 5168 γνῶσιν
607 5087 880 5164 είσδέχου,
931 5089 1006 5161 μὴ
1039 5085 1450 5164 παροδευτικῶς
1497 5087 1626 5149 τοὺς
1671 5087 1872 5163 λόγους

204 5183 603 5260 διερχόμενος,
638 5177 1002 5249 διανοητικῶς
1036 5175 1093 5232 δὲ
1134 5177 1363 5239 τούτους
1405 5174 1875 5250 διασκοπούμενος

204 5275 296 5332 καὶ
347 5274 444 5328 τὸν
499 5275 621 5326 νοῦν
677 5269 1041 5346 θησαυρίζων.
1095 5268 1225 5323 Εἶτα
1260 5266 1495 5341 μελέτην
1551 5273 1711 5323 πσιοῦ
1768 5271 1875 5321 τῶν

207 5362 678 5440 ἀναγνωσθέντων
727 5358 821 5415 ’ίνα
883 5358 1246 5434 γλυκαίνηταί
1301 5379 1398 5412 σου
1454 5360 1489 5427 ἡ
1550 5355 1765 5413 διάνοια
1823 5357 1881 5411 ἐκ

207 5461 313 5524 τῆς
402 5453 832 5522 κατανοήσεως,
919 5449 1009 5504 καὶ
1092 5447 1432 5518 ἀνεπίληστα
1508 5445 1737 5523 διαμένῃ
1814 5448 1882 5502 τὰ

1131 5537 1576 5614 προσανάπτηταί
1666 5559 1762 5593 σου
1843 5541 1880 5608 ἡ

212 5541 620 5619 ἀναγνώσματα
654 5584 667 5609 ,
749 5540 1032 5603 κάντεῦθεν

289 5743 333 5780 ιι
365 5739 575 5799 Matth.
607 5754 770 5810 XVIII,
801 5738 891 5794 20.
974 5738 1018 5773 ¹¹
1049 5735 1204 5792 Psal.
1240 5753 1329 5808 Lv,
1365 5736 1452 5792 10.

512 5857 784 5919 Panos.
832 5857 942 5917 Gn.
991 5853 1260 5916 CXLIII.

1966 621 2102 677 inde
2135 623 2405 693 quaedam
2437 625 2502 678 fit
2526 624 2664 680 unio
2696 630 2872 693 atque
2892 628 3246 683 concertatio
3278 629 3432 684 inter
3452 645 3616 685 men-

1965 715 2104 782 tem,
2140 713 2499 769 intellectum
2533 720 2590 770 et
2620 717 2895 787 spiritum
2921 736 2938 771 :
2973 739 2999 766 ‹‹
3033 718 3135 774 Ubi
3185 719 3363 786 cnim,
3396 720 3614 791 inquit,

1967 801 2082 855 duo
2122 801 2210 856 vel
2245 807 2362 857 tres
2411 805 2744 876 congregati
2779 811 2920 862 sunt
2949 806 3008 861 in
3060 809 3297 864 nomine
3347 825 3496 877 meo,
3531 809 3612 864 ibi

1965 905 2098 943 sum
2130 889 2189 944 in
2223 891 2413 946 medio
2435 908 2638 948 eorum
2669 896 2735 947 η.
2759 916 2786 943 ››
2817 895 2902 949 Ita
2921 911 2988 950 ex
3010 896 3351 967 passionum
3373 898 3611 969 divaga-

1966 978 2122 1033 tione
2153 979 2462 1035 facultates
2495 983 2705 1037 animai
2730 989 2957 1039 revocat
2990 988 3197 1052 oratio,
3222 987 3432 1042 deinde
3457 1003 3618 1043 coor-

1965 1067 2131 1121 dinat
2177 1067 2328 1134 illas,
2365 1069 2836 1143 lripartitamque
2871 1074 3130 1128 animam
3181 1076 3508 1130 coordunat
3540 1077 3610 1131 ad

1966 1155 2152 1210 instar
2171 1156 2348 1212 trium
2371 1174 2754 1229 personarum
2780 1161 2840 1215 in
2864 1178 2979 1216 uno
3000 1167 3112 1217 Deo
3134 1163 3612 1220 subsistentium.

1965 1245 2192 1299 Etenim
2227 1262 2328 1316 per
2357 1247 2587 1303 virtutis
2620 1251 2826 1306 modos
2856 1268 2924 1305 ex
2953 1252 3151 1306 anima
3196 1253 3349 1308 radit
3396 1257 3619 1325 peccati

1963 1333 2422 1399 deformitatem,
2445 1336 2735 1407 imprimit
2755 1344 2951 1394 autem
2976 1341 3204 1396 divinos
3225 1342 3614 1411 characteres;

1964 1427 2199 1494 propter
2245 1429 2512 1480 sanctam
2550 1427 2964 1498 cogitationem
2999 1429 3292 1485 internam
3325 1437 3382 1486 et
3430 1433 3614 1486 refor-

1964 1516 2181 1567 matam
2211 1513 2468 1568 animam
2511 1521 2825 1586 praesentat
2855 1518 2991 1572 Deo.
3039 1519 3246 1574 Anima
3275 1536 3410 1575 vero
3441 1537 3616 1576 suum

1962 1601 2159 1656 statim
2192 1606 2461 1672 agnoscit
2486 1604 2807 1675 Factorem,
2839 1607 3010 1662 sicuti
3033 1610 3319 1679 scriptum
3343 1615 3467 1664 est:
3509 1632 3536 1662 α
3557 1611 3616 1666 In

1961 1705 2078 1759 qua
2108 1691 2201 1744 die
2224 1690 2561 1748 invocavero
2585 1699 2661 1763 te,
2685 1711 2817 1750 ecce
2843 1698 3085 1767 cognovi
3112 1698 3250 1767 quia
3271 1703 3426 1753 Deus
3451 1716 3620 1760 meus

1961 1794 2023 1833 es
2055 1784 2115 1833 tu
2151 1781 2212 1833 ι’.
2251 1802 2276 1828 ι)
2309 1781 2461 1836 Deus
2493 1799 2726 1854 quoque
2759 1785 3019 1840 animam
3066 1788 3336 1858 agnoscit
3365 1806 3377 1843 :
3413 1809 3434 1835 ι
3468 1791 3619 1844 Suos

1965 1869 2121 1923 enim
2148 1871 2338 1925 noscit
2367 1871 2691 1941 Dominus;
2739 1896 2758 1922 ι
2797 1874 3058 1946 agnoscit
3087 1877 3324 1946 quidem
3384 1883 3620 1949 propter

1974 1957 2250 2030 imaginis
2282 1961 2618 2032 puritatem,
2651 1964 2789 2034 quia
2819 1965 3008 2020 omnis
3039 1965 3233 2037 imago
3263 1967 3621 2023 lineamenta

1977 2049 2149 2103 refert
2179 2065 2208 2104 e
2237 2055 2540 2122 prototypo
2569 2069 2582 2119 ;
2615 2055 2882 2123 agnoscit
2911 2070 3144 2124 quoque
3176 2061 3411 2127 propter
3442 2058 3621 2111 virtu-

1977 2140 2100 2190 tum
2131 2137 2600 2206 similitudinem,
2637 2157 2740 2212 per
2769 2157 2918 2212 quas
2943 2145 3000 2196 et
3031 2147 3209 2197 Deum
3243 2144 3433 2198 noscit
3463 2151 3519 2199 et
3549 2146 3621 2200 ab

1973 2225 2100 2295 ipso
2135 2227 2418 2283 noscitur.
2453 2228 2560 2290 Qui
2594 2230 2747 2300 regis
2779 2231 3031 2286 favorem
3066 2232 3177 2286 sibi
3201 2233 3514 2288 conciliare
3538 2235 3624 2288 in-

1971 2315 2178 2382 tendit,
2206 2316 2276 2370 ad
2313 2321 2428 2371 tres
2459 2319 2665 2373 modos
2697 2321 3012 2392 confugere
3039 2327 3240 2392 potes:
3275 2323 3394 2378 sive
3423 2325 3620 2379 verbis

1971 2412 2339 2475 apprecatur,
2372 2406 2492 2462 sive
2522 2407 2704 2464 silens
2723 2415 2895 2479 astat,
2921 2411 3053 2466 sive-
3072 2412 3142 2466 ad
3169 2412 3344 2483 pedes
3374 2412 3534 2468 illius
3557 2431 3619 2469 se

1969 2495 2200 2564 projicit
2230 2496 2330 2566 qui
2355 2498 2600 2566 juvandi
2629 2498 2964 2554 facultatem
3003 2501 3285 2571 possidet.
3318 2502 3467 2556 Pura
3489 2519 3621 2559 ora-

1968 2585 2047 2638 tio
2097 2591 2374 2652 mentem,
2433 2589 2675 2643 verbum
2716 2594 2774 2644 et
2822 2589 3090 2661 spiritum
3134 2591 3396 2663 colligit:
3445 2594 3618 2648 verbo

1967 2672 2185 2742 profert
2216 2691 2449 2742 nomen,
2478 2682 2670 2732 mente
2694 2680 2944 2734 attendit
2963 2680 3225 2735 invocato
3249 2680 3388 2745 Deo,
3412 2687 3469 2736 et
3500 2683 3618 2752 spi-

1969 2761 2080 2816 ritu
2115 2761 2274 2817 elicit
2307 2769 2474 2820 actus
2506 2766 2900 2835 contritionis,
2947 2768 3301 2823 humilitatis
3331 2776 3390 2824 et
3425 2770 3614 2825 chari-

1965 2852 2142 2904 tatis:
2194 2853 2583 2922 contritionis,
2633 2855 2982 2912 humilitatis
3013 2863 3070 2912 et
3119 2858 3464 2926 charitatis;
3502 2860 3611 2916 hoc

1967 2938 2139 2993 modo
2188 2941 2533 2996 Trinitatem
2567 2949 2875 2999 veneratur
2923 2951 3231 3012 sternam,
3263 2953 3516 3012 Patrem,
3565 2957 3622 3005 et

1964 3026 2177 3084 Filium
2205 3031 2556 3102 etSpiritum
2585 3040 2879 3106 sanctum,
2906 3052 3092 3092 unum
3117 3035 3389 3093 videlicet
3411 3043 3618 3094 Deum.

2030 3384 2304 3440 Ciborum
2339 3385 2586 3441 varietas
2620 3387 2690 3441 ad
2725 3388 3124 3460 sumptionem
3167 3390 3416 3457 inducit,
3451 3392 3535 3448 sic
3566 3397 3624 3448 et

1961 3474 2202 3528 diversa:
2227 3475 2751 3547 virtutumspeoies
2774 3478 2990 3532 mentis
3011 3478 3312 3536 solertiam
3337 3482 3614 3537 excitant.

1963 3566 2166 3633 Itaque
2180 3564 2321 3618 dum
2347 3564 2660 3620 mentalem
2687 3566 2834 3621 viam
2851 3568 3104 3640 perﬁcis,
3129 3570 3412 3628 orationis
3435 3573 3612 3628 verba

1964 3653 2246 3722 revolvas,
2277 3654 2348 3708 ad
2377 3654 2688 3710 Dominum
2723 3656 2940 3712 clames
2968 3674 3202 3731 semper
3231 3669 3286 3715 et
3316 3678 3433 3717 non
3467 3663 3613 3717 deﬁ-

1967 3744 2109 3811 cias,
2161 3742 2542 3814 postulationi
2592 3745 2775 3800 instes
2807 3751 2863 3800 et
2901 3746 3340 3819 improbitatem
3393 3751 3611 3808 referas

1965 3833 2158 3886 viduae
2179 3848 2308 3902 qua
2330 3832 2546 3886 durum
2581 3833 2808 3889 adierat
2831 3836 3114 3905 judicem.
3149 3839 3314 3896 Tunc
3345 3841 3618 3897 ambulas

1969 3921 2029 3976 in
2083 3921 2312 3992 spiritu,
2348 3921 2683 3978 carnalibus
2750 3925 3057 3982 desideriis
3104 3944 3219 3983 non
3265 3929 3514 3987 inservis
3563 3937 3622 3987 et

1973 4010 2354 4080 profluentem
2388 4012 2708 4067 orationem
2744 4031 2858 4068 non
2883 4015 3142 4070 dissecas
3164 4019 3623 4090 cogitationibus

1974 4100 2212 4169 saeculi;
2247 4101 2536 4172 templum
2574 4102 2762 4157 factus
2793 4121 2856 4158 es
2887 4104 2986 4159 Dei
3021 4111 3080 4160 et
3111 4106 3293 4163 Deum
3325 4126 3461 4165 voce
3495 4111 3626 4166 lau-

1974 4190 2081 4244 das
2101 4189 2461 4246 incessabili.
2494 4189 2551 4244 Si
2579 4207 2646 4246 eo
2681 4193 2854 4247 modo
2879 4210 3011 4248 oras
3032 4195 3088 4248 in
3114 4203 3330 4264 mente,
3357 4201 3629 4256 adveniet

1977 4284 2042 4334 ut
2073 4279 2145 4334 ad
2177 4279 2278 4334 Dei
2312 4281 2651 4336 memoriam
2686 4283 3057 4350 conducaris,
3090 4283 3148 4340 in
3199 4286 3442 4359 spiritus
3477 4290 3630 4346 inte-

1978 4369 2136 4424 riora
2192 4374 2484 4441 penetres,
2546 4372 2616 4426 ad
2662 4372 2943 4443 mysticae
3001 4375 3276 4447 visiones,
3321 4379 3392 4433 ad
3441 4379 3627 4435 Deum

1979 4458 2488 4528 inaccessibilem;
2523 4461 2582 4517 in
2614 4463 3106 4521 considerationis
3141 4471 3196 4521 et
3227 4469 3445 4524 amoris
3492 4471 3634 4525 effu-

1980 4548 2250 4605 sionibus
2281 4554 2345 4606 tu
2376 4550 2540 4606 solus
2571 4567 2706 4608 cum
2736 4551 2860 4608 solo
2890 4553 3007 4610 Deo
3041 4557 3443 4630 conjungaris.

2053 4909 2198 4964 Cum
2233 4910 2288 4962 te
2334 4907 2394 4962 in
2426 4909 2688 4964 oratione
2729 4910 3104 4983 divagantem
3152 4916 3632 4987 deprehenderis,

1984 5001 2293 5068 assumpto
2341 4997 2562 5068 libello,
2604 4998 2839 5055 lectioni
2871 5005 3163 5070 attendas,
3197 5006 3397 5062 sensui
3437 5007 3636 5064 adhae-

1986 5104 2136 5155 reas,
2182 5092 2386 5143 etnon
2435 5090 2796 5145 transeundo
2847 5108 3158 5162 percurras
3214 5097 3545 5166 materiam,
3581 5105 3641 5154 at

1988 5177 2151 5231 illam
2184 5183 2379 5233 mente
2409 5178 2746 5234 consideres
2776 5183 2832 5234 et
2862 5181 3312 5254 intelligentiam
3358 5191 3520 5242 tuam
3552 5189 3640 5244 lo-

1989 5266 2374 5338 cupletiorem
2430 5267 2676 5324 efﬁcias.
2730 5268 2937 5329 Postea
2987 5273 3424 5330 meditationem
3473 5277 3643 5333 insti-

1990 5361 2127 5412 tuas
2148 5357 2300 5412 circa
2321 5373 2413 5413 res
2437 5357 2744 5429 periectas,
2768 5358 2851 5415 ita
2867 5364 2926 5415 et
2948 5361 3018 5416 de
3044 5363 3310 5418 materiis
3329 5380 3494 5422 mens
3512 5367 3645 5422 dul-

1991 5452 2188 5503 cescat
2211 5452 2270 5503 et
2296 5447 2586 5504 memoria
2615 5449 2849 5504 easdem
2877 5465 3113 5524 semper
3133 5453 3404 5510 retineat.
3430 5455 3647 5513 Exinde

1992 5540 2131 5592 tuus
2181 5537 2520 5594 exardescet
2569 5537 2761 5594 fervor
2789 5538 2849 5595 in
2901 5539 3114 5599 divinis
3164 5543 3647 5620 cogitationibus,

3294 5858 3368 5916 13
