4212 6442
610 412 719 467 395
1738 413 2142 470 τΗΕΟῙιΕΡτῙ
2178 411 2896 469 ΡΗΙῘΔΒΙῘΑΡΗΙΙΝΒῘΘ.
3907 418 4018 474 396

606 536 764 591 sicut
808 535 1095 606 scriptum
1144 538 1275 590 est:
1308 557 1337 586 α
1372 534 1436 590 In
1492 536 1813 592 meditione
1860 552 1990 592 mea
2035 550 2249 591 accen-

2364 529 2538 604 θᾶρμη
2586 531 2639 587 ἂν
2688 537 2809 594 τοῖς
2857 531 3022 597 θείοις
3074 531 3425 607 διανοήμασι.
3474 560 3504 589 ει
3552 538 3642 594 Ἔν
3689 541 3759 611 τῇ
3810 538 4013 615 μελέτῃ

604 624 775 679 detur
802 624 959 695 lgnis
990 623 1053 677 ¹⁸.
1087 644 1115 674 ι)
1148 624 1254 689 Qui
1285 624 1563 680 dentibus
1591 629 1869 680 tenuatur
1892 624 2083 693 cibus,
2108 639 2248 695 gus-

2363 640 2469 691 μου
2523 622 2648 696 γὰρ,
2698 621 2879 694 φησὶν,
2931 620 3323 694 ἰκκαυθήσεται
3378 628 3507 682 πῦο.
3571 649 3601 676 ι)
3655 627 3744 688 Ὠς
3797 628 3900 703 γὰρ
3949 629 4020 682 τὸ

602 718 729 768 tum
760 714 1030 780 delectat,
1058 713 1291 785 eloquia
1309 730 1444 770 vero
1466 715 1684 781 divina,
1707 733 1834 786 quis
1857 715 1930 770 ab
1953 716 2150 769 anima
2170 717 2251 769 te-

2363 709 2561 783 βρῶμα
2618 707 2803 779 ἡδύνει
2856 712 2957 779 τήν
2987 716 3167 786 γεῦσιν
3219 713 3325 767 ὑπὸ
3368 717 3476 767 τῶν
3525 711 3762 769 ὀδόντων
3812 713 4019 771 λεπτυ-

604 808 838 870 runtur,
865 803 1139 874 saginant
1169 804 1426 859 animam
1458 810 1516 859 et
1546 804 1750 860 latitia
1781 805 2143 876 perfundunt
2174 819 2188 857 :
2216 823 2245 851 α

2359 796 2627 870 νόμενον,
2715 798 2859 855 οὕτω
2913 800 2979 853 τά
3038 804 3155 863 θεῖα
3226 798 3391 874 λόγια
3445 803 3779 877 στρεφόμενα
3837 804 3891 858 ἰν
3942 809 4015 878 τῇ

606 892 791 955 Quam
824 891 1017 947 dulcia
1049 897 1189 948 sunt
1216 893 1484 948 faucibus
1518 896 1664 949 meis
1694 893 1927 964 eloquia
1966 896 2068 947 tua
2099 890 2183 945 “l
2218 912 2247 941 »ι

2357 890 2537 961 ψυχῆ,
2587 887 2788 942 πιαίνει
2844 889 2945 958 τὴν
3005 886 3245 943 διάνοιαν
3289 891 3379 944 καὶ
3431 892 3831 969 κατευφραίνει.
3862 918 3891 944 α
3924 894 4016 956 Ὠς

604 979 951 1051 Bvangalica
968 982 1143 1037 verba
1170 986 1227 1037 et
1247 987 1584 1037 sanctorum
1612 983 1846 1038 Patrum
1887 980 2248 1053 apophtheg-

2358 974 2564 1049 γλυκέα
2589 976 2716 1051 γὰρ,
2749 977 2907 1054 φησὶ,
2943 981 3024 1049 τῷ
3055 976 3287 1053 λάρυγγί
3338 1000 3441 1051 μου
3487 982 3555 1035 τὰ
3598 978 3765 1056 λόγιά
3806 1001 3901 1037 σου
3936 984 3949 1039 l
3986 1006 4020 1033 ››

606 1074 767 1125 mata
796 1070 868 1125 ad
899 1086 999 1125 cor
1029 1074 1197 1125 tuum
1229 1088 1515 1143 apponas,
1538 1072 1803 1143 ipsorum
1826 1086 2061 1143 quoque
2087 1069 2251 1124 Vitas

2360 1065 2725 1135 ’Δποστήθιζε
2771 1064 2860 1119 καὶ
2906 1064 3107 1141 λόγους
3152 1064 3560 1142 εὖαγγελικοὺς,
3609 1070 3695 1124 καὶ
3745 1074 3854 1125 τῶν
3909 1091 4022 1144 μα-

603 1158 1009 1230 perscruteris,
1046 1162 1112 1213 ut
1157 1158 1215 1213 in
1251 1158 1525 1215 noctibus
1568 1160 1688 1215 tuis
1721 1159 1882 1215 illam
1930 1155 2250 1215 meditandi

2363 1152 2560 1227 καρίων
2616 1154 2869 1230 Πατάρων
2918 1154 3354 1233 ἀποφθεγματα,
3414 1156 3506 1211 καὶ
3547 1156 3675 1219 τοὺς
3722 1157 3873 1231 βίους
3918 1159 4026 1213 αὐ-

603 1247 910 1303 materiam
942 1247 1234 1305 insumas.

2360 1245 2467 1296 τῶν
2516 1240 2788 1317 ἀνίχνευε,
2831 1241 2923 1297 ἵνα
2970 1237 3102 1316 ἔχῃς
3148 1248 3317 1299 ταῦτα
3366 1242 3653 1319 μελετημα
3680 1245 3733 1302 ἂν
3768 1252 3889 1310 ταῖς
3926 1269 4023 1303 νυ-

2360 1329 2460 1383 ξίν.

2411 1352 2460 1385 ν.

668 1424 1087 1481 Remissiorsm
1121 1430 1377 1482 mentem
1405 1428 1463 1482 in
1498 1427 1763 1483 oratione
1789 1426 1980 1483 reﬁcis
2001 1424 2252 1482 lectione

2362 1330 2615 1484 ξίν⁸’ὶὶτιως
2640 1420 2742 1490 τὴν
2774 1417 3017 1475 διάνοιαν
3061 1420 3119 1475 ἔκ
3155 1427 3257 1491 τῆς
3310 1421 3479 1492 εὐχῆς
3530 1421 3896 1495 άκηδιάσασαν
3946 1429 4025 1500 τῇ

592 1517 663 1591 at,
683 1514 1068 1569 meditatione
1098 1514 1430 1570 divinorum
1464 1516 1868 1587 Eloquiorum,
1902 1516 2023 1570 imo
2062 1515 2247 1586 aptio-

2366 1508 2655 1582 ἂναγνώσει
2700 1511 2789 1564 καὶ
2826 1513 2895 1583 τῇ
2952 1509 3151 1584 μελίτῃ
3187 1515 3294 1566 τῶν
3346 1512 3503 1567 Θείων
3562 1512 3743 1589 λόγων
3792 1516 4029 1569 ἀνακαι-

548 1605 715 1657 mm
752 1616 1061 1671 comparas
1091 1602 1161 1657 ad
1187 1604 1552 1674 precandum
1571 1603 1621 1657 si
1642 1603 1713 1657 ad
1738 1602 1953 1657 oralem
1991 1601 2211 1674 psalmo

2362 1597 2527 1672 νίζῃς,
2585 1599 2676 1652 καὶ
2736 1597 3151 1675 ἰννρεχεστὲραν
3206 1601 3619 1676 παρασκευάζῃς
3673 1603 3755 1666 εἴς
3783 1624 4025 1678 προσευ-

592 1689 749 1745 diam
805 1706 1119 1758 recurras;
1177 1696 1439 1747 attamen
1491 1692 1809 1763 tranquilla
1841 1700 2039 1747 cantes
2092 1706 2248 1762 voce,

2359 1688 2491 1761 χὴν,
2548 1688 2648 1755 τὴν
2710 1685 2798 1741 διά
2855 1683 3125 1761 στόματος
3181 1687 3512 1763 ψαλμῳδίαν
3569 1690 3797 1747 ἐκτίλει·
3860 1690 4018 1761 πλὴν

592 1781 848 1834 cantatis
880 1781 1147 1836 altendas
1176 1781 1391 1847 verbis,
1426 1785 1483 1836 et
1517 1781 1663 1837 nihil
1691 1781 2101 1852 praetermittas
2133 1781 2249 1836 nisi

2357 1774 2545 1850 ἠσύχφ
2576 1776 2716 1830 πάνυ
2747 1780 2927 1854 φωνῇ,
2965 1779 3051 1832 καὶ
3091 1778 3225 1851 μετὰ
3273 1777 3587 1842 ἐπιστασίας
3633 1785 3731 1835 τοῦ
3771 1785 3885 1851 νοῦ,
3936 1805 4020 1855 μη

593 1866 976 1923 intellexeris.
1009 1870 1066 1922 Si
1122 1871 1360 1941 quando
1410 1870 1769 1926 aberraverit
1820 1871 2088 1937 attentio,
2120 1886 2250 1925 ver-

2357 1863 2686 1939 ἀνεχόμενος
2744 1862 3066 1936 ἀδιανοητόν
3139 1887 3190 1920 τι
3244 1871 3354 1921 τῶν
3418 1866 3732 1943 λεγομενων
3783 1870 4020 1926 καταλι-

591 1971 722 2010 sum
755 1956 929 2012 toties
960 1973 1230 2014 resumas
1257 1958 1491 2030 quoties
1525 1959 1702 2015 fuerit
1744 1960 2146 2014 necessarium
2184 1962 2249 2013 ut

2363 1957 2496 2006 πεῖν.
2530 1951 2684 2008 Ἀλλ’
2726 1952 2779 2007 εἶ’
2804 1956 2937 2008 ποτι
2964 1976 3015 2009 τι
3063 1953 3339 2029 διαδράσει
3387 1955 3478 2011 τὸν
3529 1963 3673 2028 νοῦν,
3707 1955 4026 2014 ἐπανάλαϐσ

588 2045 834 2115 spiritus
882 2062 1125 2103 sensum
1171 2048 1481 2103 verborum
1539 2048 1959 2119 subsequatur.
2020 2047 2242 2119 Spiritu

2354 2040 2441 2093 τὸν
2476 2040 2690 2116 στίχον,
2734 2042 2919 2104 ὁσάκις
2967 2043 3059 2097 καὶ
3108 2045 3337 2117 γίνεται,
3392 2046 3590 2121 μέχρις
3634 2043 3695 2100 ἂν
3742 2047 3833 2101 τὸν
3880 2049 4017 2101 νοῦν

587 2134 747 2191 enim
779 2138 837 2190 et
866 2151 964 2191 ore
994 2141 1159 2207 pates
1191 2136 1442 2209 psallere
1475 2141 1533 2193 et
1562 2138 1743 2193 simul
1776 2136 1875 2192 Dei
1908 2138 2198 2193 recordari
2228 2156 2241 2204 ;

2360 2126 2824 2193 ἐπακολουθοῦντα
2878 2128 2998 2204 εξῃς
3035 2138 3155 2193 τοῖς
3183 2131 3525 2207 λεγομένοις,
3579 2135 3779 2209 ’ἰσχύει
3830 2136 3935 2211 γὰρ
3985 2138 4023 2190 ὁ

586 2223 742 2295 quod
774 2228 831 2279 et
860 2226 1219 2295 experientia
1250 2226 1595 2299 quotidiana
1625 2228 1846 2282 edocet.
1881 2226 1939 2281 Si
1962 2242 2134 2297 quem
2170 2229 2240 2282 ad

2359 2221 2481 2279 νοῦς
2512 2218 2601 2271 καὶ
2633 2217 2865 2292 ψάλλειν
2902 2224 3003 2290 τῷί
3028 2220 3277 2293 στόματι,
3325 2223 3413 2277 καὶ
3466 2227 3601 2277 Θεοῦ
3650 2245 4022 2297 μνημονευειν

582 2312 1085 2369 confabulandum
1141 2315 1341 2385 adeas,
1400 2331 1535 2371 cum
1586 2314 1687 2370 illo
1745 2315 2007 2387 loqueris
2052 2322 2112 2370 et
2169 2316 2242 2371 ad

2359 2308 2630 2362 Καίτοῦτο
2661 2308 3037 2382 καταμάνθανε
3094 2310 3153 2364 ἐκ
3207 2317 3307 2380 τῆς
3364 2319 3596 2388 φυσικῆς
3648 2314 3855 2388 πείρας.
3918 2315 4022 2376 Ὡς

584 2400 755 2457 illum
788 2403 1080 2459 convertis
1121 2403 1361 2460 oculos:
1398 2404 1479 2460 ita
1509 2409 1566 2459 et
1596 2404 1773 2460 labiis
1821 2408 2056 2461 cantare
2085 2408 2242 2460 vales

2361 2396 2450 2469 γὰρ
2511 2397 2539 2450 ὁ
2598 2400 2981 2474 συντυγχάνων
3036 2398 3166 2466 τινὶ,
3212 2399 3301 2453 καὶ
3360 2398 3773 2476 διαλεγόμενος,
3828 2402 4024 2474 τούτῳ

584 2494 641 2546 et
675 2493 959 2549 memoria
987 2496 1041 2549 te
1076 2494 1149 2549 ad
1179 2498 1362 2549 Deum
1396 2498 1748 2550 convertere.

2356 2483 2437 2538 καὶ
2494 2487 2756 2560 προσέχει
2812 2492 2929 2548 τοῖς
2995 2486 3328 2563 ὀφθαλμοῖς,
3385 2488 3527 2544 οὕτω
3584 2492 3674 2544 καὶ
3730 2492 3757 2545 ὁ
3810 2490 4019 2564 ψάλων

2348 2571 2585 2645 χείλεσι,
2616 2575 2706 2629 καὶ
2736 2580 2852 2649 Θεῷ
2894 2573 3209 2646 ἐνατενίζειν
3270 2575 3360 2631 διὰ
3405 2585 3506 2649 τῆς
3569 2581 3799 2652 μνήμης
3844 2576 4021 2634 δύνα-

2350 2682 2459 2717 ται.

655 2758 927 2814 Genuum
960 2759 1238 2817 ﬂexiones
1267 2760 1389 2816 noli
1420 2761 1889 2834 prastat-mittere.
1924 2760 2156 2817 Etenim
2187 2760 2237 2815 si

2420 2750 2647 2817 Κλίσεις
2700 2753 2941 2828 γονάτων
3004 2754 3080 2827 μή
3137 2760 3427 2831 παραιτοῦ.
3486 2758 3581 2812 Ἐκ
3633 2757 3726 2830 μὶν
3751 2756 3849 2833 γὰρ
3908 2762 4025 2812 τοῦ

584 2864 739 2921 genu
772 2848 1019 2916 ﬂexeris,
1054 2849 1372 2922 imaginem
1407 2851 1631 2922 profers
1661 2851 1883 2923 peccati
1914 2850 2240 2906 decidentis

2360 2842 2475 2913 γόνυ
2546 2840 2752 2897 κλίνειν
2812 2846 2847 2912 ἡ
2897 2847 3101 2905 πτῶσις
3156 2851 3258 2913 τῆς
3316 2847 3584 2920 ἁμαρτίας
3659 2845 4023 2919 εἰκονίζεται,

586 2941 645 2993 et
674 2937 1025 2994 allusionem
1053 2939 1442 2995 confessionis
1474 2939 1695 3007 habes;
1729 2957 1862 2996 eum
1906 2944 2104 2996 autem
2139 2956 2238 2995 as-

2353 2926 2576 3007 ἕμφασιν
2635 2930 3031 3009 ἑξαγορεύσεως
3080 2937 3473 3009 παρεχομενη’
3536 2934 3597 2991 ἐκ
3644 2933 3702 2991 δδ
3755 2940 3850 2991 τοῦ
3912 2937 4016 2991 άν-

587 3043 821 3099 surgas,
855 3027 1070 3084 mentis
1119 3029 1559 3085 conversionem
1592 3029 1820 3085 indicas
1849 3036 1907 3085 et
1935 3028 2112 3085 vitam
2156 3030 2236 3084 si-

2349 3020 2589 3083 ίστασθαι
2619 3062 2633 3089 ,
2707 3024 2740 3090 ἠ
2803 3023 3061 3094 μετάνοια
3119 3023 3601 3096 ὑποσημαίνεται,
3672 3024 4012 3101 ἔπαγγελίαν

584 3113 851 3186 gnificas,
884 3130 1013 3186 quas
1046 3115 1115 3170 ad
1149 3116 1421 3172 virtutem
1455 3117 1672 3171 redeat.
1706 3116 1855 3172 Dum
1889 3114 2237 3185 genunexio-

2353 3110 2469 3184 βίου
2498 3113 2594 3164 τοῦ
2623 3112 2740 3165 κατ’
2797 3110 2992 3187 ἀρετὴν
3052 3112 3425 3185 αἰνιττομένη.
3480 3113 3711 3183 Ἑκάστη
3745 3112 3801 3169 δὶ
3830 3136 4016 3190 γονυ-

583 3217 715 3257 nem
741 3203 993 3274 perticis,
1014 3205 1189 3260 corde
1209 3211 1311 3260 tuo
1333 3204 1537 3261 invoca
1554 3205 1847 3261 Christum
1872 3205 2186 3261 Dominum
2214 3223 2227 3273 ;

2354 3198 2527 3254 ιιλισία
2571 3198 2833 3255 τελείσθω
2875 3200 3009 3273 μετᾶ
3055 3208 3158 3271 τῆς
3204 3207 3395 3277 νοερᾶς
3444 3207 3542 3258 τοῦ
3592 3204 3827 3278 Χριστοῦ
3874 3204 4017 3259 ἐπι-

583 3306 700 3363 quo
742 3271 901 3348 enim
934 3294 1107 3349 modo
1158 3295 1358 3350 anima
1399 3298 1457 3350 et
1502 3311 1743 3367 corpore
1798 3295 2047 3367 procidit
2095 3271 2230 3351 ante

2357 3290 2609 3359 ιΑήσεως,
2639 3287 2724 3343 ’ίνα
2978 3289 3067 3345 καὶ
3116 3271 3331 3363 σώματι
3380 3271 3741 3367 προσπίπτων
3788 3297 3864 3365 τῷ
3888 3297 4020 3350 Κυ-

580 3384 793 3451 Deum,
824 3381 909 3437 ita
950 3382 1283 3439 animarum
1338 3400 1771 3456 corporumque
1802 3384 2081 3439 factorem
2132 3383 2241 3438 tibi

2352 3377 2475 3449 ρίῳ,
2505 3379 2599 3433 τὸν
2627 3383 2735 3433 τῶν
2767 3382 2960 3454 ψυχῶν
2990 3380 3081 3433 καὶ
3111 3379 3381 3451 σωμάτων
3422 3382 3550 3435 Θεὸν
3600 3378 4015 3437 εὐδιάλλακτον

585 3484 893 3540 comparas
924 3471 1246 3544 benignum
1270 3477 1446 3544 atque
1468 3472 1836 3544 placabilem,
1860 3474 1915 3528 Si
1946 3474 2239 3543 quodnam

2355 3466 2638 3541 ἆπεργάσῃ.
2690 3467 2754 3523 Εἰ
2808 3464 2865 3523 Si
2894 3468 2987 3523 καὶ
3018 3466 3173 3543 ἔργον
3230 3464 3496 3543 ἀθόρυϐον
3527 3474 3647 3533 ταῖς
3674 3470 3829 3544 χερσὶ
3859 3491 4018 3545 παρ-

586 3558 860 3616 manuale
882 3576 1031 3632 opus
1053 3562 1277 3633 absque
1298 3563 1525 3635 fragore
1547 3563 2092 3635 conjunxerasjcum
2108 3579 2240 3618 ora-

2355 3552 2480 3627 ἱξεις
2542 3556 2677 3628 μετᾶ
2725 3564 2824 3626 τῆς
2882 3559 3019 3611 κατὰ
3092 3554 3333 3613 διάνοιαν
3387 3564 3739 3633 προσευχῆς,
3801 3558 3879 3620 εἲς
3936 3561 4018 3615 τό

586 3647 769 3717 tione,
802 3651 881 3705 ita
914 3655 980 3705 ut
1008 3668 1282 3707 somnum
1315 3652 1483 3723 fuges
1514 3652 1942 3723 remissionem,
1969 3653 2146 3707 robur
2167 3652 2238 3707 ad

2352 3644 2745 3719 ἂποκρούεσθαι
2802 3645 2964 3701 ὕπνον
3021 3646 3111 3701 καὶ
3174 3646 3435 3722 ῥᾳθυμίαν
3467 3692 3481 3718 ,
3542 3648 3632 3702 καὶ
3686 3650 3845 3702 τοῦτο
3901 3650 4015 3705 τὸν

587 3739 904 3795 asceticam
953 3757 1211 3815 pugnam
1244 3742 1516 3797 assumis.
1552 3745 1764 3797 Omnes
1795 3743 1952 3797 enim
1985 3747 2236 3797 externas

2353 3734 2632 3805 Ξσκητικὸν
2694 3736 2880 3811 ἀγῶνα
2932 3742 3249 3813 συγκροτεῖ.
3307 3739 3479 3794 Πᾶσαι
3535 3736 3635 3814 γὰρ
3694 3738 3748 3791 αἱ
3801 3735 4016 3806 δηλω-

586 3830 1108 3901 operationea,quaa
1129 3848 1261 3885 cum
1280 3831 1543 3887 oratione
1563 3835 2096 3903 pergunt,mentem
2113 3846 2238 3886 ace-

2347 3824 2517 3879 θεῖσαι
2566 3824 2811 3900 ἐργασίαι
2874 3827 2989 3899 μετ’
3044 3826 3217 3903 εὑχῆς
3269 3826 3562 3900 ἆνυόμεναι
3616 3829 3866 3884 άκονοῦσι
3897 3828 4010 3883 τὸν

586 3923 738 3984 rant,
786 3917 1096 3975 sublevant
1143 3919 1567 3991 fatigationem,
1618 3920 1879 3975 animam
1931 3926 2230 3987 renovant,

2346 3916 2487 3985 νοῦν,
2546 3912 2772 3985 ἀκηδίαν
2831 3914 3159 3987 ιεορίζουσιν
3187 3962 3201 3986 ,
3256 3918 3593 3992 νεαρωτὲραν
3644 3918 3741 3985 τήν
3799 3919 4009 3993 ψυχὴν

582 4008 863 4079 spiritum
894 4014 1240 4081 comparant
1264 4012 1626 4082 sagaciorem
1659 4015 1717 4065 et
1746 4010 2145 4076 fervidiorem,
2176 4015 2233 4066 et

2342 4006 2843 4078 παρασκευάζουσι,
2904 4006 2992 4060 καὶ
3068 4005 3316 4081 ὀξύτερον
3371 4006 3461 4060 καὶ
3516 4006 3842 4081 θερμότερον
3892 4008 4005 4061 τὸν

581 4097 783 4155 omnia
811 4098 884 4155 ad
919 4098 1237 4155 mentalem
1267 4100 1663 4171 operationem
1694 4099 2037 4171 disponunt.

2343 4095 2459 4146 νοῦν
2519 4091 2596 4155 εἰς
2644 4095 2743 4163 τήν
2802 4094 2938 4149 κατὰ
2990 4091 3230 4149 διάνοιαν
3288 4094 3538 4171 ἐργασίαν
3593 4094 4006 4171 ἀασχολεῖσθιιε

2333 4200 2577 4238 ποιουσι.

649 4276 830 4347 Ligno
860 4276 1099 4349 signum
1131 4277 1525 4349 perfragante,
1559 4276 1707 4333 cella
1737 4281 1838 4333 tua
1868 4294 2061 4349 exeas,
2092 4295 2227 4335 ceu.

2405 4268 2749 4344 Κρούσαντος
2779 4274 2875 4326 τοῦ
2907 4270 3093 4342 ξύλου,
3126 4271 3407 4349 προὲρχου
3460 4279 3561 4343 τῆς
3605 4272 3832 4344 κόλλης,
3863 4279 4009 4339 τοῖς

572 4364 649 4422 lis
676 4366 938 4439 corporis
968 4370 1183 4422 terram
1218 4366 1494 4438 aspicias,
1546 4372 1741 4422 mente
1768 4372 1966 4423 autem
2010 4372 2067 4423 et
2098 4384 2222 4423 me-

2349 4358 2429 4411 εὶν
2460 4356 2767 4435 ὀφθαλμοῖς
2797 4364 2893 4415 τοῦ
2922 4360 3175 4434 σώματος
3203 4365 3274 4435 τῇ
3304 4365 3375 4437 γῇ
3420 4362 3730 4437 προσέχων.
3780 4362 3881 4431 τήν
3928 4359 4012 4419 δὶ

572 4454 760 4512 moria
790 4455 1075 4511 ascendas
1096 4456 1164 4511 ad
1190 4455 1396 4511 Deum.
1422 4454 1566 4510 Cum
1590 4455 1880 4527 templum
1914 4457 2221 4528 ingressus

2345 4442 2569 4501 ῑιάνοιαν
2598 4451 2793 4513 τῆ·τοῦ
2823 4453 2958 4504 Θεοῦ
3009 4452 3202 4525 μνήμῃ
3256 4448 3645 4528 προσερείδων.
3708 4448 4008 4507 Εἰσελθὼν

570 4543 753 4599 fueris
784 4548 841 4600 et
871 4544 1205 4617 perveneris
1236 4545 1308 4600 ad
1342 4545 1609 4615 chorum,
1644 4545 1763 4602 noli
1794 4562 1928 4601 cum
1952 4547 2222 4603 adstante

2355 4556 2379 4589 ν
2438 4541 2519 4608 τῷ
2570 4541 2708 4609 ναῷ,
2763 4538 2853 4593 καὶ
2910 4538 3003 4593 τόν
3062 4541 3232 4615 χορὸν
3291 4545 3663 4615 συμπληρῶν,
3717 4542 3859 4614 μήτε

570 4632 862 4689 monacho
923 4633 1150 4706 ineptas
1210 4632 1423 4706 linguas
1471 4633 1863 4691 fabulationes
1908 4636 2215 4707 attingere,

2351 4625 2543 4699 ’λώσσῃ
2571 4626 2865 4702 άργολόγει
2920 4628 3054 4701 μετὰ
3107 4632 3205 4683 τοῦ
3253 4626 3659 4699 πλησιάζοντος
3710 4633 4014 4705 μονιιχοῦ⁹

568 4739 757 4795 neque
788 4722 997 4794 spiritu
1032 4723 1338 4778 decurrere
1369 4724 1440 4778 ad
1472 4740 1655 4779 vanas
1687 4724 2121 4796 divagationes;
2157 4730 2217 4781 at

2343 4716 2467 4783 ιήτε
2495 4719 2573 4768 τῶ
2630 4720 2709 4787 νῷ
2763 4716 3101 4790 μετεωρίζου
3159 4715 3235 4778 εἷς
3290 4716 3675 4788 ματαιότητας·
3735 4714 4006 4793 ἀλλάτῇ

566 4811 831 4884 linguam
857 4813 1028 4867 unice
1041 4813 1110 4867 ad
1128 4812 1510 4884 psalmodiam
1536 4819 1843 4869 convertas
1862 4818 1917 4868 et
1939 4814 2213 4885 spiritum

2339 4804 2419 4857 ιὶν
2479 4803 2703 4879 γλώσσῃ
2752 4809 2821 4878 τῇ
2879 4804 3183 4879 ψαλμῳδίᾳ
3241 4805 3403 4879 μόνῃ,
3460 4812 3562 4874 τὴν
3617 4804 3676 4861 δὲ
3730 4803 4002 4863 διάνοιαν

564 4902 635 4958 ad
665 4902 1009 4959 cntionem.
1041 4906 1187 4959 Cum
1221 4902 1403 4957 missa
1432 4902 1581 4958 facta
1615 4902 1807 4968 fuerit,
1842 4904 1912 4957 ad
1950 4904 2212 4959 mansio-

2339 4892 2617 4968 ἱσφαΑίξου
2674 4896 2743 4967 τῇ
2800 4899 3105 4970 προσευχῇ.
3166 4894 3522 4959 Ἀπολῦσεως
3588 4891 4002 4971 δεγενημένης,

561 5007 694 5048 nem
728 5000 887 5049 luam
920 4992 1122 5048 redeas
1154 4996 1211 5047 et
1236 5008 1405 5049 vaces
1438 4992 1613 5048 rebus
1636 4992 1842 5065 regula
1873 4994 2131 5049 statutis.

2343 4984 2566 5057 :ntpxou
2596 4983 2731 5059 πρὸς
2783 4985 2873 5039 τὸν
2908 4984 3001 5038 σὺν
3049 4986 3223 5054 οἷκον,
3255 4984 3347 5039 καὶ
3374 4984 3472 5040 τοῦ
3522 4982 3857 5050 τυοωθόντος
3894 5007 4006 5044 σοι

2316 5071 2541 5133 κανόνος
2574 5072 2825 5147 ἐξάρχου.

626 5174 772 5231 Cum
803 5173 873 5229 ad
906 5187 1169 5229 mensam
1227 5173 1569 5238 accesseris,
1604 5173 1849 5228 fratrum
1903 5176 2206 5245 portiones

2388 5161 2482 5225 Εἰς
2509 5162 2609 5230 τὴν
2656 5164 2923 5237 τράπεζαν
2981 5162 3177 5233 ἀπιὼν,
3214 5164 3290 5236 μὴ
3350 5162 3669 5245 περισκόπει
3722 5163 3819 5225 τὰς
3875 5188 4002 5238 με-

555 5265 676 5321 noli
724 5262 1174 5335 circumspicere
1206 5279 1397 5334 neque
1446 5262 1705 5318 animam
1745 5267 1902 5318 tuam
1944 5263 2203 5321 dividere

2355 5247 2467 5312 ίδας
2521 5256 2629 5305 τῶν
2680 5248 2951 5327 άδεκφῶν,
3009 5249 3151 5326 μηδὶ
3220 5252 3408 5329 μὶριζε
3460 5254 3563 5323 τὴν
3630 5255 3821 5328 ψυχήν
3881 5277 4008 5313 σου

554 5357 707 5411 inter
728 5355 926 5411 minus
949 5354 1228 5409 honestas
1251 5352 1621 5424 suspiciones
1650 5370 1664 5420 ;
1689 5357 1780 5407 ast
1800 5369 1927 5424 quas
1944 5352 2046 5408 tibi
2070 5370 2202 5425 pro-

2343 5343 2603 5406 ιπονοίαις
2651 5341 2713 5396 οὐ
2769 5342 2988 5406 καλαῖς.
3046 5343 3124 5399 Τὰ
3178 5345 3559 5420 παρακείμενα
3614 5340 3683 5399 δά
3735 5342 4006 5403 ὖνώπιόν

554 5445 742 5519 posita
773 5449 913 5499 sunt
942 5443 1213 5515 aspicias,
1258 5448 1315 5497 et
1344 5448 1554 5513 tangas
1592 5443 1758 5497 Tunc
1773 5441 1857 5497 ori
1880 5446 1981 5497 tuo
2003 5444 2198 5499 cibum

2348 5452 2411 5485 ου
2474 5430 2728 5506 βλέποων
2786 5434 2873 5487 καὶ
2929 5433 3258 5505 ἁπτόμενος,
3297 5438 3378 5505 τῷ
3438 5435 3536 5507 μὶν
3589 5433 3819 5506 στόματι
3876 5438 4010 5505 τὴν

550 5535 855 5604 concedas,
898 5532 1139 5589 auribus
1188 5535 1383 5588 autem
1434 5531 1702 5588 lectionis
1730 5531 2092 5589 auditionem
2144 5539 2202 5590 et

2348 5522 2644 5599 ροφήν,τῇ
2680 5523 2817 5597 ἀκοῇ
2879 5520 2935 5577 δὲ
2988 5526 3086 5592 τήν
3139 5523 3395 5600 ἀκρόασιν
3437 5528 3545 5579 τῶν
3600 5522 4011 5598 ἀναγινωσκο-

617 5736 662 5771 ¹³
690 5732 840 5791 Psal.
874 5748 1113 5799 xxxvm,
1147 5733 1197 5786 4.
1278 5734 1323 5768 ¹⁴
1356 5730 1507 5787 Psal.
1541 5748 1735 5801 cxvm,
1771 5732 1893 5788 103.
