4258 6438
184 384 294 442 397

1115 369 1211 423 DB
1245 365 1698 424 ΔΒΒΟΟΝΒῙΤΔ
1734 365 2192 423 ΟΡΒΒΔἸἸΟΝΕ
2232 370 2306 425 IN
2346 372 2674 428 CHRISTO.

3499 370 3605 425 398

195 508 407 582 μενων,
436 506 508 578 τῇ
565 499 625 556 δὶ
679 500 835 572 ψυχῇ
890 496 1003 582 τὴν⁸
1045 492 1360 582 προσευχὴν
1385 486 1687 582 ,δίδουβίνα
1739 487 1844 582 cui.

1971 495 2167 551 animaa
2199 497 2521 552 orationem
2546 515 2561 567 ;
2593 497 2675 553 ita
2704 512 2944 569 corpore
2975 500 3032 552 et
3061 496 3270 569 spiritu
3298 495 3597 564 reficieris,

191 577 325 670 ματι
383 577 489 649 καὶν
523 589 793 661 πνεύματι
837 578 1192 661 τρεφόμενος,
1242 579 1570 670 ὁλοκλήρως
1594 577 1847 670 Δἐξυμνῇς

187 666 285 742 τὸν
337 679 708 756 ὶμπιπλῶντα
786 675 839 729 ἓν
921 673 1148 746 ἀγαθοῖς
1202 670 1303 738 τήν
1381 666 1666 740 ἐπιθυμίαν
1726 687 1843 721 σου.

187 776 433 834 Ἐκεῖθεν
460 768 713 834 ἀναστὰς,
749 763 884 838 μιτὰ
913 759 1247 834 σεμνότητος
1275 757 1365 812 καὶ
1404 763 1562 830 σιγῆς
1594 757 1847 830 είσὲρχου

193 865 270 926 εἰς
299 865 364 918 τὸ
390 858 616 915 κελλίον
649 852 880 922 σου,καὶ
903 852 978 913 ὡς
1001 847 1265 924 φιλεργὸς
1301 845 1528 920 μέλισσα
1559 844 1845 923 φιλοπόνει

191 955 292 1016 τὰς
322 950 539 1029 ἀρετάς.

263 1080 438 1134 ’Όταν
497 1071 665 1145 ἆνύῃς
721 1062 996 1123 διακονίαν
1079 1063 1213 1136 μετᾶ
1277 1063 1384 1114 τῶν
1461 1056 1735 1134 ἀδελφῶν,
1793 1059 1849 1111 αἱ

192 1172 382 1244 χεῖρες
431 1159 858 1236 ἐργαζὲσθωσαν,
887 1152 1169 1244 σιωπάτω-
1193 1150 1261 1204 τὰ
1302 1146 1680 1244 χείλη,καὶ.ὁ
1722 1150 1847 1244 νοῦς

194 1233 597 1332 μνημονευέτω
626 1250 765 1303 Θεοῦ
799 1263 812 1278 ο
846 1242 936 1299 καὶ
968 1240 1176 1332 εἴποτε
1202 1260 1285 1300 τις
1310 1235 1579 1332 sumpsit;
1613 1233 1847 1332 ἀργολθ-

192 1325 335 1422 ἦιῖῇ
385 1341 464 1404 εἲς
517 1337 786 1405 amem
838 1340 941 1402 τῆς
1011 1328 1255 1422 ἀταξίας,
1305 1325 1651 1422 ἐγειρόμενος
1701 1326 1848 1422 ποίξι

203 1416 514 1509 μετάνοιαν.
563 1424 879 1502 Λογισμοῦς
930 1419 1263 1509 ἀποτρέπου,
1305 1418 1406 1509 καὶ,
1581 1416 1852 1509 παραχώ-

195 1505 278 1598 ρει
309 1521 547 1582 τούτους
578 1515 886 1592 διατρέχειν
912 1512 1013 1580 τήν
1044 1505 1415 1598 καρδίαν,Μῖ
1460 1505 1809 1598 ἐγχρονίζειν⁸
1833 1524 1846 1538 ·

197 1594 226 1670 ῦ
287 1610 596 1689 χρονισμὸς
650 1607 753 1682 γὰρ
821 1607 928 1658 τῶν
987 1600 1246 1673 ἐμπαθῶν
1302 1597 1581 1689 λογισμῶν
1637 1594 1854 1689 τὰᾼμὲν

383 1679 676 1769 ζωογονεῖ,
693 1695 787 1748 τὸν
818 1689 877 1746 δὲ
902 1694 1028 1745 νοῦν
1079 1693 1299 1753 θανατοῖ
1329 1705 1346 1721 ο
1378 1687 1524 1771 ἄλλα
1568 1679 1854 1771 προσϐάλ-

203 1770 403 1847 Αοντας
461 1779 659 1842 αὐτοὺς
715 1775 907 1832 αὐτίκα
963 1773 1024 1830 ἐκ
1077 1771 1416 1850 πρωτονοίας
1487 1770 1709 1846 ἐπείγου
1777 1772 1856 1839 τῷ

1953 588 2130 654 atque
2147 602 2215 640 ex
2246 586 2387 641 totis
2405 586 2634 642 viribus
2655 586 2776 642 tuis
2803 586 2887 640 illi
2911 586 3134 657 gratias
3165 585 3471 656 rependes,
3495 585 3596 655 qui

1951 673 2310 728 desiderium
2337 678 2503 728 tuum
2537 673 2957 745 adimpleverit.
2988 674 3046 729 Si
3082 690 3286 728 mensa
3327 673 3596 729 decesse-

1952 761 2054 829 ris,
2088 778 2217 816 cum
2251 763 2532 817 modestia
2579 767 2635 817 et
2664 762 2897 818 silentio
2927 763 2999 817 ad
3040 763 3248 818 cellam
3299 763 3504 817 redeas
3537 766 3596 816 et

1953 852 2024 906 ad
2048 851 2415 922 operantium
2441 852 2639 923 apium
2661 851 2976 924 exemplar,
3002 869 3134 907 cum
3161 867 3388 907 amores
3409 852 3595 906 instes

1953 941 2290 996 virtutibus.

2025 1065 2168 1120 Cum
2221 1064 2616 1120 ministerium
2663 1065 2768 1120 tibi
2818 1082 2935 1120 una
2983 1081 3116 1120 cum
3169 1065 3445 1120 fratribus
3497 1067 3597 1119 ad-

1956 1152 2319 1225 implendum
2377 1157 2485 1220 est,
2546 1154 2689 1208 dum
2756 1170 2964 1208 manus
3023 1159 3361 1227 cperantur,
3424 1153 3601 1209 sileas

1955 1242 2128 1298 labiis
2158 1248 2216 1297 et
2245 1243 2418 1297 corde
2447 1243 2657 1297 tendas
2686 1243 2758 1297 ad
2791 1243 3015 1310 Deum;
3051 1244 3098 1298 si
3131 1243 3263 1314 quis
3295 1244 3364 1297 ad
3398 1244 3600 1299 confa-

1955 1331 2314 1387 bulationem
2339 1335 2660 1388 moveatur.
2690 1330 2849 1386 illam
2875 1330 3045 1386 tollas
3085 1332 3601 1396 inordinationem,

1958 1437 2026 1476 eo
2072 1421 2223 1490 quod
2272 1435 2553 1490 assurgas
2604 1423 2662 1474 et
2711 1420 2889 1474 facias
2938 1420 3356 1491 paenitentiam.
3415 1421 3602 1475 Vanas

1958 1509 2173 1564 mentis
2191 1508 2634 1579 disquisitiones
2649 1513 2878 1564 avertas
2892 1514 2945 1564 et
2962 1509 3304 1581 neutiquam
3320 1511 3603 1565 concedas

1960 1603 2022 1653 ut
2051 1614 2150 1653 cor
2180 1601 2346 1652 tuum
2394 1597 2700 1652 incurrant
2725 1602 2781 1652 et
2812 1600 2869 1652 in
2896 1614 2961 1653 eo
3015 1603 3396 1665 remaneant;
3428 1598 3478 1653 si
3528 1600 3599 1653 ad

1958 1693 2194 1758 tempus
2225 1686 2572 1740 diuturnum
2604 1687 3053 1758 permanserint,
3074 1691 3354 1758 generant
3387 1688 3605 1759 passio-

1963 1792 2065 1832 nes
2095 1780 2152 1831 et
2179 1774 2455 1829 occidunt
2485 1773 2765 1830 animam.
2799 1776 3004 1845 Itaque
3051 1791 3185 1829 cum
3217 1775 3603 1847 appulsantes

200 1875 357 1952 βὲλει
430 1879 534 1942 τῆς
608 1873 922 1942 προσευχῆς
985 1864 1274 1952 άναιρξίνκ
1309 1861 1371 1952 Et
1431 1858 1489 1916 δι
1543 1859 1850 1952 ἐπιμὲνοιεν

1971 1863 2236 1931 senseris,
2271 1863 2468 1918 statim
2501 1862 2783 1918 orationis
2828 1865 3041 1932 sagitta
3085 1864 3408 1920 confodias.
3442 1867 3500 1920 Si
3533 1866 3605 1920 de

197 1944 515 2037 κρούοντες,
568 1955 660 2010 καὶ
719 1953 1044 2030 συγχεοντες
1095 1951 1196 2018 τήν
1251 1944 1518 2014 διάνοιαν,
1573 1947 1661 2000 καὶ
1722 1944 1856 1998 ποτὶ

205 2032 306 2126 μὲν
336 2049 790 2123 ὑποχωροῦντες,
818 2043 954 2097 ποτὶ
983 2038 1042 2096 δὶ
1071 2040 1460 2126 ἐπερχόμενοι,
1483 2035 1598 2100 ⁴ίσθι
1629 2035 1739 2126 *ὅτι
1764 2032 1856 2126 Δ,ἐκ

200 2123 583 2214 προλαϐόντος
614 2129 928 2202 θελήματός
953 2128 1088 2183 εἰσιν
1127 2123 1518 2201 ὠχυρωμένοι.
1553 2123 1650 2178 Διά
1693 2124 1856 2177 τοῦτο

203 2229 392 2285 δίκαια
437 2225 658 2302 ἔχοντες
718 2222 794 2284 είς
851 2221 952 2288 τὴν
1010 2219 1196 2293 ψυχὴν
1249 2215 1338 2271 διὰ
1381 2218 1480 2286 τήν
1535 2218 1698 2283 ἧτταν
1755 2220 1854 2282 τῆς

202 2318 604 2394 προαιρέσεως,
631 2311 956 2387 ταράττουσι
993 2308 1086 2362 καὶ
1134 2304 1450 2381 ἐνοχλοῦσι.
1485 2309 1576 2360 Δεῖ
1618 2303 1709 2359 οῦν
1762 2305 1858 2357 αύ-

200 2389 334 2472 «ab;
378 2389 718 2476 στηλιτεύειν
765 2397 855 2454 διὰ
895 2404 997 2467 τῆς
1048 2395 1449 2471 ἰξαγορεύσεως
1481 2414 1496 2427 ·
1530 2389 1858 2469 θριαμϐευό-

207 2517 364 2572 μενοι
425 2495 529 2571 γὰρ
584 2494 638 2546 οἱ
685 2488 920 2564 πονηροὶ
982 2485 1267 2562 λογισμοὶ,
1326 2482 1737 2572 φυγαδεύονται.
1771 2483 1858 2572 Ὡς

339 2569 524 2662 φωτὸς
551 2581 840 2658 φαίνοντος
869 2577 932 2632 τὸ
983 2575 1176 2637 σκότος
1237 2575 1543 2649 ὑποχωρεῖ,
1571 2571 1714 2627 οὕτω
1769 2569 1861 2626 καὶ

204 2660 422 2754 ius;
444 2679 546 2741 τῆς
575 2667 851 2754 ἰξαγορίας
905 2665 1145 2754 ᾇοανίζει
1199 2664 1330 2726 τοὺς
1391 2660 1696 2754 λογισμοὺς

207 2743 421 2827 παθῶν,
453 2756 648 2818 σκότος
680 2743 793 2809 ’καὶ
875 2752 1073 2813 αὐτοὺς
1151 2748 1615 2827 χρηματίζοντας,
1674 2743 1863 2816 ἆπειδὴ

204 2853 240 2921 ἡ
272 2846 584 2918 κενοδοξία,
612 2845 704 2901 καὶ
760 2843 796 2913 ἡ
855 2841 1054 2910 ἄνεσις,
1085 2839 1147 2902 ’ὰς
1205 2839 1358 2914 εἶχον
1404 2839 1572 2893 τόπον
1624 2837 1676 2891 οἱ
1708 2837 1864 2911 λογι-

206 2941 367 3014 σμοὶ,
407 2934 821 3012 κατετράφησαν
882 2929 975 2988 διὰ
1027 2938 1128 3002 τῆς
1184 2932 1320 2986 κατὰ
1372 2932 1471 2998 τήν
1529 2928 1863 3004 ἐξαγόρευσιν

203 3029 510 3106 αἰσχύνης,
568 3026 659 3082 καὶ
742 3027 844 3090 τῆς
905 3022 1043 3078 κατὰ
1096 3022 1188 3078 τὸν
1231 3020 1433 3076 κανόνα
1486 3019 1864 3084 κακοπαθείας.

204 3127 367 3186 -οθεν
411 3119 502 3174 καὶ
568 3119 668 3188 τὴν
728 3113 972 3171 διάνοιαν
1031 3113 1368 3189 εὑρίσκοντες
1414 3110 1696 3185 ἐλευθέραν
1755 3109 1866 3181 ἤδη

1960 1957 2199 2011 incursu
2222 1953 2526 2010 deﬂectere
2565 1953 2863 2009 noluerint
2882 1958 2939 2009 et
2964 1954 3299 2008 obsederint
3320 1955 3602 2022 animam,

1961 2050 2083 2101 tum
2117 2043 2250 2099 illos
2279 2059 2349 2099 ex
2376 2042 2698 2098 voluntatis
2739 2043 3117 2098 inclinatione
3147 2044 3609 2100 corroborandos

1963 2151 2091 2190 esse
2120 2133 2443 2188 resciveris.
2475 2133 2736 2196 Quadam
2794 2132 2932 2187 toni
2961 2133 3172 2204 ,specie
3220 2133 3489 2205 allegata,
3518 2135 3609 2188 in-

1962 2225 2186 2280 vadunt
2241 2222 2496 2277 animam
2574 2237 2704 2291 quae
2759 2222 2830 2275 ab
2906 2220 3136 2294 incepto
3204 2222 3608 2289 declinaverit,

1963 2329 2211 2383 eamque
2245 2311 2586 2384 perturbant
2621 2319 2677 2365 et
2721 2310 3046 2382 implicant.
3079 2312 3472 2367 Confessionis
3505 2314 3608 2368 sti-

1965 2406 2164 2475 gmata
2185 2400 2611 2456 offuscantibus
2634 2400 2835 2455 inuras
2859 2401 3341 2472 cogitationibus,
3367 2407 3422 2456 et
3449 2403 3610 2457 mala:

1965 2491 2122 2547 illico
2151 2490 2467 2562 autugiunt
2489 2488 2707 2544 bestiae.
2745 2495 2892 2545 Luce
2938 2490 3181 2555 oriente,
3213 2491 3493 2546 recedunt
3523 2498 3611 2548 te-

1969 2584 2198 2651 nebris;
2231 2582 2312 2636 ita
2342 2580 2728 2636 confeseionis
2757 2580 2953 2636 lumen
2987 2582 3240 2653 dissipat
3272 2582 3609 2652 passionum

1969 2674 2251 2747 caligines
2281 2676 2336 2727 et
2365 2670 2776 2727 obnubilantes
2824 2671 3082 2726 umbras.
3117 2672 3286 2727 Vane
3331 2672 3526 2744 glorias
3559 2678 3616 2728 et

1969 2763 2332 2836 fatigationis
2362 2761 2610 2834 speciem
2642 2761 2861 2815 habent
2882 2759 3046 2815 male
3078 2761 3498 2832 cogitationes;
3525 2768 3617 2818 ast

1969 2850 2358 2909 confessionis
2377 2850 2712 2905 humilitate
2730 2852 2785 2904 et
2801 2849 2987 2921 pomis
3005 2849 3215 2921 regulae
3233 2851 3617 2922 difi‘ugantur.

1971 2944 2359 3008 Etenim,cum
2382 2939 2452 2995 ad
2479 2943 2736 2994 mentem
2760 2954 2890 3010 quae
2914 2939 3288 3010 passionibus
3308 2940 3490 2995 libera
3511 2946 3619 2996 est.

1972 3033 2261 3090 accedunt
2291 3029 2458 3084 malae
2482 3028 2704 3096 bestia,
2724 3027 2922 3082 statim
2946 3033 3112 3099 terga
3134 3033 3368 3083 verlunt
3392 3036 3626 3101 propter

1974 3124 2314 3182 continuam
2335 3117 2617 3175 orationis
2636 3118 3063 3173 defensionem.
3083 3119 3192 3182 Qui
3215 3120 3627 3190 perturbantes

205 3217 317 3269 τῶν
378 3212 567 3273 παθῶν
620 3203 993 3282 γεγενημένην
1051 3206 1122 3276 τῇ
1197 3207 1416 3278 συνεχεῖ
1481 3201 1572 3256 καὶ
1637 3200 1863 3256 εὐκατα-

1981 3211 2366 3286 cogitationes
2395 3207 2662 3263 excidere
2695 3207 2943 3279 cupierit
2973 3212 3281 3278 pugnator,
3311 3208 3381 3263 ad
3416 3208 3626 3263 oratio-

202 3301 388 3371 νύκτῳ
471 3297 796 3371 προσευχῇ,
883 3292 998 3366 μετ’
1069 3289 1334 3367 αἰσχύνης
1420 3286 1859 3363 δραπετεύουσιν,

203 3390 337 3446 νοτε
365 3387 469 3461 γὰρ
499 3389 752 3457 πειρᾶται
783 3382 812 3435 ὁ
846 3379 1147 3456 ἀγωνιστὴς
1195 3379 1411 3451 τέμνειν
1457 3381 1528 3450 τῇ
1575 3382 1860 3454 προσευχῇ

201 3481 333 3545 τοῦς
359 3481 725 3554 ταράττοντας
769 3472 932 3528 αὐτὸν
984 3471 1308 3548 λογισμούς,
1338 3472 1524 3544 τὲμνει
1587 3471 1680 3543 μὶν
1727 3471 1866 3545 πρὸς

209 3566 393 3644 βραχὺ
423 3565 515 3621 καί
545 3563 713 3640 ε’ἱργει
740 3565 840 3633 τὴν
891 3561 1189 3618 πολύνοιαν
1251 3560 1450 3631 αὐτῶν,
1479 3560 1554 3623 ὡς
1612 3557 1865 3614 παλαίων

203 3656 298 3711 καὶ
330 3653 753 3728 ἁμιλλώμενος,
786 3650 849 3706 ού
907 3651 1199 3726 λυτροῦται
1256 3646 1316 3704 δὲ
1345 3649 1424 3711 εἰς
1453 3651 1593 3704 ἅπαν
1625 3669 1638 3681 ·
1674 3644 1862 3716 ἐπειδὴ

207 3747 308 3807 τὰς
355 3742 531 3807 αῗτίας
577 3746 687 3798 τῶν
738 3738 1119 3817 ἐνοχλούντων
1164 3737 1448 3814 λογισμῶν
1499 3739 1732 3813 στέργει,
1761 3737 1865 3805 τήν

209 3834 512 3891 ἀνάπαυσιν
540 3835 642 3902 τῆς
673 3832 891 3906 σαρκὸς,
924 3831 1012 3886 καὶ
1057 3831 1158 3899 τήν
1205 3830 1478 3901 κοσμικὴν
1519 3827 1866 3905 φιλοτιμίαν,

211 3925 284 3980 δι’
340 3922 407 3987 ’ὰς
460 3921 551 3978 καὶ
635 3922 776 3997 πρὸς
861 3920 1204 3995 ἰξαγόρευσιν
1264 3918 1444 3990 ὁρμὴν
1492 3917 1555 3973 ού
1606 3925 1867 3992 ποιεῖται,

209 4015 370 4072 Ὅθεν
401 4012 493 4068 καὶ
525 4011 753 4088 εἰρήνην
797 4009 899 4065 οὐκ
943 4006 1080 4085 ἄγει,
1114 4005 1258 4064 διότι
1302 4009 1371 4062 τὰ
1414 4012 1524 4062 τῶν
1583 4006 1866 4081 πολεμίων

205 4103 431 4178 κατίχει
489 4097 694 4156 δίκαια.
751 4097 851 4161 Τίς
905 4096 965 4153 δὶ
1013 4098 1263 4172 κατέχων
1323 4095 1595 4172 ἀλλότρια
1679 4097 1870 4169 σκεύη,

211 4193 317 4251 ούκ
367 4192 678 4247 ἀπαιτεῖται
729 4193 896 4245 ταῦτα
951 4187 1100 4264 παρᾶ
1152 4191 1262 4242 τῶν
1316 4186 1599 4263 ἐχόντωνς
1654 4187 1756 4250 Τίς
1813 4186 1872 4244 δὶ

214 4281 639 4354 ἀπαιτούμενος,
696 4279 786 4334 καὶ
849 4279 928 4352 μὴ
979 4275 1238 4333 ἀπολύων
1293 4276 1328 4331 ἃ
1379 4277 1602 4353 κατέχει
1667 4282 1868 4347 κακῶς,

217 4373 518 4449 λυτροῦνται
545 4370 654 4424 ἀπὸ
681 4372 790 4424 νῶν
819 4365 1107 4423 ἀντιδίκων
1139 4366 1343 4437 αὐτοῦς
1373 4368 1505 4424 Ὅτε
1549 4365 1608 4421 δὲ
1655 4369 1684 4422 ὁ
1729 4369 1872 4443 ἆγω-

212 4464 504 4534 νιζόμενος
561 4462 632 4532 τῇ
677 4461 776 4513 τοῦ
823 4460 959 4513 Θεοῦ
993 4457 1186 4530 μνήμῃ
1217 4453 1462 4521 δυνηθεὶς
1509 4457 1610 4524 τήν
1661 4454 1875 4526 ἔξουδὲ-

211 4558 376 4606 νωσιν
468 4547 744 4622 ἀγαπήσει
826 4545 919 4600 καὶ
1003 4546 1105 4614 τήν
1184 4546 1422 4600 κάκωσιν
1496 4547 1594 4614 τῆς
1650 4545 1872 4621 σαρκὸς,

209 4639 300 4695 καὶ
384 4638 490 4705 τήν
573 4635 919 4712 ὲξαγόρευσιν
986 4638 1096 4690 τῶν
1163 4633 1451 4709 λογισμῶν
1508 4634 1872 4711 ἇνεπαισχύν-

210 4749 322 4792 τως
410 4727 659 4797 ποιήσει,
715 4722 910 4781 αὐτίκα
995 4725 1048 4778 οἱ
1131 4725 1226 4796 μὶν
1311 4720 1577 4797 πολέμιοι
1653 4725 1871 4800 ἀναχω-

212 4822 428 4893 ροῦσιν,
489 4818 526 4886 ἠ
597 4813 657 4871 δὲ
731 4812 944 4870 διάνοια
1020 4811 1281 4889 ἰλιυθὲρα
1357 4815 1724 4890 τυγχάνουσα,
1772 4816 1870 4883 τὴν

211 4909 541 4983 συνέχειαν,
585 4909 688 4971 τῆς
771 4909 1113 4980 προσευχῆς,
1169 4901 1260 4957 καὶ
1343 4903 1442 4970 τὴν
1518 4907 1628 4957 τῶν
1713 4903 1872 4968 θείων

214 4998 457 5071 μελέτην
489 4992 788 5051 ἀδιάκοπον
827 4993 968 5070 ἔχει.
1005 4994 1184 5050 Ηᾶσαν
1241 4990 1497 5047 ὑπόνοιαν
1546 4993 1873 5066 κινουμένην

210 5089 266 5142 ἐν
314 5090 388 5160 τῇ
449 5083 648 5160 καρδίᾳ
712 5083 848 5139 κατά
901 5102 1048 5146 τινος
1113 5086 1381 5157 παραιτοῦ
1436 5082 1743 5152 παντελῶς,
1799 5083 1876 5146 ὡς

210 5175 597 5233 καταλύουσαν
631 5174 848 5250 ἀγάπην
907 5175 994 5229 καὶ
1048 5171 1297 5246 εἰρήνην.
1326 5175 1503 5226 ηᾶσαν
1556 5169 1614 5227 δὲ
1666 5193 1878 5250 συμφο-

213 5267 312 5339 ρὰν
377 5260 574 5334 ἔξωθεν
636 5262 1016 5338 ἐπερχομένην
1092 5259 1351 5336 γενναίως
1419 5259 1748 5337 καταδὲχου,
1805 5263 1880 5326 ὡς

208 5357 314 5425 τὴν
346 5355 625 5426 σωτήριον
671 5354 958 5426 ὑπομονὴν
1005 5352 1366 5428 προξενοῦσαν
1392 5369 1407 5383 °
1443 5352 1747 5423 ὑπομονὴν,
1778 5356 1876 5421 τὴν

222 5445 398 5517 μονὴν
432 5443 524 5498 καὶ
553 5442 851 5498 ἆκίπαυσιν
902 5440 1274 5518 χαριζομένην
1334 5439 1388 5494 ἐν
1435 5445 1554 5502 τοῖς
1608 5441 1878 5518 οὐρανοῖς.

219 5533 384 5589 Οὕτω
415 5534 513 5594 τὰς
545 5534 720 5606 fgL-ip:
749 5531 950 5599 ἀνύων,
981 5529 1036 5586 ἐν
1072 5531 1168 5603 μὲν
1198 5532 1267 5602 τῇ
1311 5530 1558 5606 παρούσῃ
1612 5535 1724 5602 ζωῆ
1768 5535 1883 5606 μετ’

212 5622 479 5696 εὐθυμίας
514 5624 732 5698 βὸσεις,
763 5627 882 5683 ταῖς
937 5618 1230 5696 μακαρίαις
1293 5618 1525 5675 ἐλπίσιν
1584 5623 1882 5700 εὐφραινόο

212 5734 377 5788 μενος
409 5731 425 5748 ⁸
457 5711 512 5771 ἰν
572 5711 631 5770 δὶ
821 5707 988 5786 ἐξόδῳ
1044 5711 1179 5785 μετὰ
1219 5709 1522 5788 παρρησίας
1574 5719 1884 5790 μεταστήσῃ

1971 3318 2105 3358 nem
2137 3297 2425 3370 confugit,
2457 3301 2514 3352 et
2543 3312 2721 3367 quam
2766 3295 3054 3352 citissime
3106 3295 3254 3351 lalas
3285 3297 3540 3352 concidit
3570 3302 3629 3352 et

1970 3389 2223 3448 maxime
2250 3402 2420 3442 versu
2434 3389 2556 3452 tas;
2593 3390 2849 3440 attamen
2873 3385 2929 3439 in
2956 3401 3140 3455 agone
3173 3401 3280 3442 nec
3310 3386 3460 3441 ferro
3492 3404 3624 3458 par-

1969 3484 2063 3538 cat
2077 3495 2182 3535 nec
2194 3475 2527 3533 remissioni
2544 3473 2867 3546 indulgeat;
2883 3475 3097 3530 etenim
3113 3475 3162 3530 si
3181 3475 3618 3546 insurgentium

1971 3568 2390 3641 cogitationum
2415 3567 2611 3636 partes
2628 3563 3448 3635 susceperit,videlicetcarnis
3471 3566 3618 3620 ami-

1972 3658 2169 3714 citiam
2201 3660 2260 3710 et
2289 3654 2496 3710 mundi
2525 3654 2896 3719 amorem,ad
2925 3653 3175 3708 nihilum
3201 3655 3480 3725 proficiet.
3508 3656 3625 3710 Nec

1973 3746 2272 3805 victoriam
2304 3760 2492 3816 neque
2525 3759 2726 3816 pacem
2764 3743 3108 3814 reportabit,
3141 3745 3297 3814 quod
3349 3745 3627 3801 defendat

1974 3837 2235 3892 hostium
2276 3850 2507 3890 causas.
2533 3833 2590 3887 8i
2617 3831 2754 3903 quis
2783 3831 2974 3887 aliena
3009 3833 3293 3902 possidet,
3327 3850 3519 3889 nonne
3549 3835 3622 3890 ad

1975 3924 2408 3982 restitutionem
2437 3921 2708 3978 tenetur?
2725 3926 2803 3976 At
2834 3922 2885 3977 si
2915 3939 3025 3977 sua
3055 3922 3333 3978 reclamet
3351 3923 3628 3979 dominus

1963 4020 2035 4070 δι
2064 4033 2097 4070 a
2126 4015 2426 4069 detentore
2457 4012 2680 4082 injusto
2700 4027 2814 4066 non
2839 4011 3120 4077 obtineat,
3147 4013 3432 4084 numquid
3458 4012 3626 4069 illum

1979 4105 2052 4159 ab
2070 4101 2428 4177 obligatione
2449 4099 2769 4156 liberabit?
2788 4101 2894 4165 Qui
2921 4117 3151 4172 pugnas
3167 4101 3396 4157 divinas
3421 4102 3629 4158 adierit

1979 4193 2040 4248 in
2072 4195 2267 4248 mente
2317 4206 2445 4260 sua,
2489 4193 2650 4245 amat
2695 4187 2928 4260 nesciri,
2962 4205 3066 4260 pro
3115 4188 3298 4244 nihilo
3346 4192 3627 4259 reputari,

1981 4297 2218 4338 carnem
2252 4279 2604 4336 mortiﬁcare
2635 4283 2693 4333 et
2721 4295 2900 4333 vanas
2949 4279 3332 4348 cogitationes
3362 4280 3629 4335 confiteri

1981 4372 2204 4443 absque
2249 4369 2635 4431 verecundia;
2670 4369 2754 4423 sic
2805 4369 3086 4423 recedunt
3131 4367 3379 4434 inimici,
3430 4370 3630 4424 anima

1982 4459 2265 4514 liberatur
2293 4462 2351 4513 et
2379 4458 2505 4529 ipse
2535 4457 2873 4512 continuam
2899 4459 3274 4528 prosequitur
3304 4457 3629 4513 orationem

1981 4553 2156 4620 atque
2195 4563 2391 4603 rerum
2438 4546 2771 4601 divinarum
2827 4544 3266 4601 meditationem
3303 4547 3630 4602 assiduam.

1980 4639 2224 4695 Omnem
2242 4636 2303 4692 in
2318 4637 2490 4692 corde
2503 4640 2838 4707 surgentem
2856 4635 3313 4706 suspicationem
3328 4653 3506 4708 quam
3524 4637 3636 4708 pri-

1980 4744 2145 4782 mum
2167 4725 2460 4798 expelles;
2497 4725 2813 4797 perfrangit
2842 4724 2998 4780 enim
3048 4740 3310 4780 amorem
3343 4731 3402 4779 et
3432 4742 3634 4796 pacem

1981 4833 2114 4872 cum
2149 4816 2420 4887 priximo.
2442 4817 2630 4870 Omne
2659 4813 2878 4869 malum
2914 4813 2986 4868 ab
3009 4818 3172 4868 extra
3191 4814 3424 4869 illatum
3453 4816 3638 4870 virili-

1981 4909 2069 4961 ter
2101 4904 2394 4976 suscipias
2427 4921 2439 4958 :
2486 4902 2804 4959 salutarem
2847 4903 2954 4957 tibi
3009 4903 3236 4958 inducit
3268 4904 3636 4976 patientiam,

1982 5010 2082 5066 per
2112 4994 2451 5066 patientiam
2479 5009 2613 5048 vero
2643 4992 2748 5048 tibi
2783 4992 2840 5046 in
2883 4991 3043 5047 caelis
3073 4992 3281 5047 tribuit
3327 4993 3603 5050 habitacu
3631 5024 3637 5031 -

1985 5084 2108 5139 lum
2139 5087 2198 5138 et
2237 5083 2725 5139 sublevationem.
2758 5081 2854 5137 Sic
2900 5082 3167 5153 perﬁcias
3215 5082 3342 5138 dies
3391 5088 3543 5150 tuos,
3577 5085 3638 5140 in

1983 5173 2102 5228 vita
2115 5173 2388 5244 praesenti
2414 5188 2696 5252 magnum
2718 5171 2935 5227 habeas
2953 5171 3220 5226 animum
3245 5176 3303 5227 et
3321 5174 3393 5227 de
3425 5175 3640 5229 futuris

1987 5264 2380 5334 congaudeas.
2438 5267 2580 5318 Cum
2641 5267 2839 5317 autem
2896 5276 2965 5316 ex
3014 5261 3486 5334 peregrinatione
3539 5269 3644 5318 tua

1988 5354 2254 5419 redieris,
2300 5354 2666 5410 confidenter
2712 5353 2982 5409 aditurus
3013 5353 3098 5408 sis
3150 5352 3279 5409 loca
3327 5355 3643 5427 refrigerii,

1991 5460 2119 5515 quae
2147 5443 2256 5498 tibi
2288 5443 2620 5500 advenienti
2653 5443 2882 5515 paravit
2911 5442 3200 5498 Dominus
3243 5447 3301 5498 et
3330 5443 3389 5498 in
3427 5461 3649 5500 merce-

1993 5537 2125 5591 dem
2156 5535 2426 5592 laborum
2456 5537 2551 5592 his
2580 5540 2989 5607 susceptorum
3015 5534 3316 5590 retribuet.
3351 5537 3646 5610 Regnabis

1993 5643 2127 5682 cum
2159 5625 2284 5695 illo,
2313 5627 2407 5683 cui
2437 5627 2634 5683 omnis
2655 5625 2924 5682 convenit
2943 5624 3150 5698 gloria,
3177 5626 3365 5683 honos
3419 5632 3474 5684 et
3504 5629 3646 5685 ado-

1999 5715 2167 5785 ratio,
2203 5733 2332 5774 una
2353 5733 2489 5774 cum
2520 5722 2690 5775 Patre
2712 5717 2840 5774 sine
2857 5715 3169 5789 principio,
3200 5733 3334 5774 cum
3368 5723 3568 5776 sancto
3589 5723 3648 5775 et
