4212 6442
601 446 708 502 399
1727 446 2126 500 THEOLEPTI
2168 445 2816 500 ΡΗιιΑοειΡΗιΕΝει
2824 448 2885 500 8.
3890 452 3987 508 400

601 572 932 628 viviﬁcante
972 571 1216 644 Spiritu,
1268 588 1425 628 nunc
1471 576 1528 628 et
1574 586 1808 643 semper
1836 574 1893 625 et
1936 569 1995 624 in
2039 569 2249 624 secula

2322 621 2330 636 _
2359 570 2466 622 τῶν
2497 565 2623 635 ὦδε,
2655 567 2745 623 καὶ
2803 568 2879 632 εἰς
2934 570 3062 634 τοὺς
3119 571 3324 636 τόπους
3377 581 3479 644 τῆς
3515 573 3876 646 ἄναπαύσεως,
3902 577 3985 641 οὓς

602 661 976 716 seculorum.
1013 665 1217 715 Amen.
2355 657 2692 729 ἡτοιμάσατό
2744 678 2827 712 σοι
2875 658 3078 736 Κύριος
3138 661 3435 737 ἀπελεύσῃ,
3471 665 3697 737 μισθοὺς
3755 671 3855 720 τῶν
3909 667 3984 722 ἐν·

594 759 764 811 ταυθα
795 747 973 801 πόνων
1009 745 1317 808 ἀντιδιδούς
1348 768 1453 815 σοι,
1489 744 1869 818 συμασιλεύειν
1905 745 2049 815 αύτῷ
2082 764 2094 776 ·
2130 743 2174 816 ᾧ
2207 744 2401 820 πρέπει
2432 745 2577 799 πάσα
2625 743 2773 816 δόξα,
2804 750 2941 820 τιμὴ
2975 749 3063 803 καὶ
3096 752 3489 824 προσκύνησις,
3524 753 3637 826 ἅμα
3673 759 3752 826 τῷ
3782 754 3986 830 ἆνάρχῳ

605 836 770 891 αὐτοῦ
804 837 994 909 Πατρὶ,
1023 837 1110 891 καὶ
1142 841 1219 907 τῷ
1245 837 1516 911 παναγίῳ,
1549 836 1637 890 καὶ
1670 836 1877 909 ἀγαθῷ,
1907 835 1995 888 καὶ
2032 837 2288 905 ζωοποιῷ
2320 832 2482 887 αὐτοῦ
2514 834 2786 908 ΙΙνεύματι
2821 855 2834 868 ο
2869 841 2978 907 νῦν,
3010 839 3098 892 καὶ
3131 839 3234 908 ἀεὶ,
3263 840 3352 894 καὶ
3386 842 3460 904 εἷς
3487 842 3614 907 τοὺς
3644 843 3840 908 αἰῶνας
3887 850 3984 899 τῶν

605 925 840 981 αἰώνων.
871 927 1077 997 Ἀμήν.

1144 1228 1372 1356 ΤΟ
1405 1231 1491 1354 Υ
1606 1225 2187 1354 ΑΥΤΟΥ
2317 1229 3462 1363 ΘΕΟΛΗΠΤΟΥ.

1599 1575 2179 1670 EJUSDEM
2244 1577 2999 1676 THEOLEPTI.

678 1901 723 1954 1.
766 1897 1041 1970 Spiritus,
1075 1900 1177 1970 qui
1224 1899 1514 1956 exteriora
1559 1898 1710 1970 fugit
1757 1903 1815 1953 et
1843 1898 1914 1953 ad
1969 1897 2252 1954 interiora
2283 1900 2329 1965 B

2319 1905 2329 1963 ι
2431 1899 2496 1956 α’.
2529 1900 2589 1956 Ὀ
2637 1905 2759 1963 νοῦς
2817 1901 3027 1978 φεύγων
3077 1904 3144 1958 τὰ
3193 1900 3315 1973 ἔξω,
3348 1904 3439 1958 καὶ
3500 1905 3865 1980 συναγόμενος
3917 1904 3982 1961 ἐπ

599 2004 662 2044 se
692 1989 994 2056 convertit,
1020 1990 1091 2044 ad
1117 1990 1376 2061 seipsum
1399 1989 1588 2044 reddit
1612 2007 1625 2055 ;
1652 1987 1862 2043 deinde
1884 1988 1954 2042 ad
1983 1989 2249 2056 verbum,

2355 1987 2422 2041 τὰ
2467 1986 2638 2058 ἔνδον,
2667 1991 2802 2066 πρὸς
2853 1992 3037 2046 ἑαυτὸν
3072 1991 3390 2067 ἐπανάγεται
3429 2012 3441 2025 °
3477 1993 3650 2049 εἴτουν
3708 2000 3789 2067 τῷ
3845 2017 3998 2069 φυσι-

600 2079 756 2149 quod
811 2077 1210 2150 intelligentia
1263 2079 1640 2149 congenitum
1685 2081 1798 2143 est,
1849 2077 2112 2143 accedit;
2146 2093 2250 2148 per

2356 2081 2463 2138 κῶς
2513 2079 2648 2132 κατὰ
2695 2078 2935 2134 διάνοιαν
2977 2081 3168 2136 ἑαυτοῦ
3211 2081 3363 2156 λόγῳ
3393 2082 3695 2158 συγγίνεται
3731 2102 3745 2116 ·
3778 2083 3862 2138 καὶ
3915 2083 4003 2138 διὰ

597 2170 844 2224 verbum
874 2173 1070 2223 autem
1109 2169 1218 2224 hoc
1254 2169 1499 2223 insitum
1551 2168 1782 2223 devenit
1813 2167 1883 2221 ad
1931 2167 2249 2221 oralionem

2355 2170 2452 2219 τοῦ
2511 2167 2766 2230 συνόντος
2822 2168 2966 2241 αύτῷ
3017 2169 3299 2233 οὐσιωδῶς
3335 2171 3528 2247 λόγου,
3562 2170 3877 2227 συνάπτεται
3930 2178 3995 2247 τῇ

603 2261 662 2313 et
691 2274 794 2328 per
839 2258 1163 2313 orationem
1214 2259 1283 2313 ad
1316 2259 1417 2313 Dei
1473 2257 1766 2313 notionem
1821 2256 2087 2310 ascendit
2118 2272 2250 2310 cum

2359 2254 2497 2329 εὐχῇ
2532 2275 2542 2287 ⁸
2575 2257 2664 2310 καὶ
2697 2255 2785 2312 διὰ
2813 2265 2912 2327 τῆς
2943 2259 3134 2334 εὐχῆς,
3168 2259 3244 2321 εἰς
3288 2265 3487 2335 γνῶσιν
3536 2264 3633 2315 τοῦ
3691 2266 3824 2315 Θεοῦ
3873 2261 4001 2316 ἀνα-

603 2351 728 2402 tota
753 2364 859 2402 sua
881 2352 1164 2418 potestate
1197 2347 1462 2402 affectiva
1487 2351 1662 2417 atque
1681 2344 2078 2400 inclinatione.
2102 2345 2250 2399 Tum

2359 2339 2528 2399 ϐαίνει
2592 2348 2706 2417 μεθ’
2739 2346 2877 2418 δλης
2932 2355 3034 2416 τῆς
3092 2350 3436 2423 ἀγαπητικῆς
3497 2347 3780 2421 δυνάμεώς
3807 2371 3862 2404 τε
3913 2351 4003 2405 καὶ

601 2436 795 2492 carnis
843 2436 1203 2492 desiderium
1258 2437 1494 2503 recedit,
1537 2435 1734 2490 deficit
1780 2434 2096 2505 voluptatis
2138 2439 2252 2489 ter-

2360 2431 2671 2497 διαθέσεως.
2699 2435 2836 2491 Τότε
2876 2439 3073 2512 σαρκὸς
3132 2439 3226 2510 μὲν
3288 2438 3550 2510 ἐπιθυμία
3599 2438 3830 2514 οἴχεται,
3860 2447 4003 2496 πᾶσα

602 2542 755 2582 reme
804 2541 1039 2593 sensus,
1068 2531 1126 2580 et
1174 2525 1440 2597 speciosa
1492 2525 1674 2594 hujus
1723 2525 1854 2578 vitae
1884 2525 2107 2594 absque
2152 2523 2252 2576 de-

2361 2520 2417 2576 δὲ
2448 2525 2480 2591 ἡ
2515 2522 2818 2593 καθήδονος
2874 2526 3031 2600 ἀργεῖ
3078 2524 3345 2596 αἶ’σθησις,
3406 2528 3494 2581 καὶ
3553 2528 3620 2581 τὰ
3677 2528 3850 2601 ὡραῖα
3898 2536 3998 2597 τῆς

597 2614 906 2670 lectatione
937 2619 1242 2686 apparent.
1295 2615 1665 2684 Quacunque
1716 2612 1873 2668 enim
1918 2613 1989 2667 ad
2042 2628 2253 2682 corpus

2360 2619 2466 2686 γῆς
2495 2611 2636 2682 ἀηδῆ
2669 2615 3071 2691 καταφαίνεται.
3107 2615 3316 2671 Ὀπίσω
3373 2616 3478 2690 γὰρ
3519 2617 3713 2684 ἑαυτῆς
3767 2619 3800 2685 ἠ
3849 2620 4000 2692 ψυχὴ

596 2704 870 2774 attinent,
915 2698 1162 2775 projecit
1203 2704 1398 2758 anima
1443 2707 1680 2774 propter
1731 2701 2257 2771 Christijucundi-

2359 2702 2530 2754 πάντα
2559 2703 2625 2755 τὰ
2645 2707 2740 2755 τοῦ
2771 2706 3027 2776 σώματος
3057 2705 3143 2758 καὶ
3176 2704 3242 2758 τὰ
3274 2705 3397 2779 περὶ
3449 2705 3513 2759 τὸ
3571 2709 3730 2778 σῶμα
3787 2708 4009 2778 θεμένη,

597 2798 813 2862 tatem;
847 2794 1043 2865 ipsum
1077 2793 1411 2864 insequitur
1461 2808 1596 2846 cum
1645 2790 1944 2846 modestiae
1976 2789 2253 2862 operibus

2363 2788 2540 2844 ὀπίσω
2594 2798 2694 2860 τῆς
2754 2793 3092 2866 ῶραιότητος
3152 2797 3249 2847 τοῦ
3309 2798 3544 2868 Χριστοῦ
3598 2793 3818 2868 γίνεται,
3866 2795 4019 2867 αὐτῷ

597 2884 815 2939 mentis
863 2882 1134 2938 castitate
1181 2886 1354 2952 atque
1409 2880 1650 2951 psallit:
1682 2902 1711 2929 «
1761 2880 2089 2935 Oil‘erentur
2129 2880 2250 2951 regi

2359 2877 2838 2935 κατακολουθοῦσα
2893 2882 3026 2955 μετὰ
3081 2886 3188 2936 τῶν
3260 2880 3433 2955 ἔργων
3509 2890 3610 2952 τῆς
3684 2885 4022 2956 σεμνότητος

598 2972 857 3044 virgines
887 2977 947 3027 et
967 2975 1399 3043 prosequentur
1421 2970 1501 3036 ¹⁵;
1534 2992 1562 3019 ››
1585 2969 1880 3024 Christum
1906 2969 2017 3024 sibi
2050 2986 2230 3040 repraa

2360 2968 2449 3022 καὶ
2517 2976 2618 3038 τῆς
2693 2970 2829 3024 κατὰ
2908 2969 3149 3025 διάνοιαν
3233 2972 3472 3046 ἁγνείας,
3531 2972 3620 3025 καὶ
3677 2972 3963 3045 ψάλλουσα
4007 2994 4020 3006 ⁸

598 3066 806 3131 sentat,
839 3061 1116 3132 pmvidet
1146 3065 1202 3116 et
1233 3059 1414 3115 dicit:
1449 3081 1477 3108 ‹‹
1515 3059 1785 3130 Prospexi
1823 3059 2128 3114 Dominum
2157 3076 2251 3114 co-

2364 3081 2391 3110 «
2427 3059 2920 3134 Ἀπενεχθήσονται
2968 3065 3048 3131 τῷ
3110 3061 3328 3135 βασιλεῖ
3373 3061 3630 3136 παρθένοι
3693 3061 3862 3115 ὀπίσω
3920 3062 4025 3116 αύ-

596 3168 722 3207 ram
756 3167 842 3206 me
874 3150 1035 3206 omni
1067 3154 1350 3220 tempore,
1385 3148 1524 3220 quia
1545 3166 1578 3203 a
1610 3148 1828 3203 dextris
1853 3155 1941 3208 est
1973 3148 2116 3202 mihi
2152 3150 2253 3204 κ.»

2361 3167 2455 3200 του
2481 3166 2494 3179 ο
2530 3170 2558 3199 η
2590 3148 2822 3222 Χριστὸν
2857 3147 3259 3225 φανταζομένη,
3290 3151 3382 3204 καὶ
3428 3156 3748 3225 προορῶσα,
3778 3151 3866 3206 καὶ
3918 3152 4024 3206 λέ-

596 3241 828 3297 Christo
886 3240 1268 3311 conjungitur
1320 3237 1423 3311 per
1479 3239 1824 3294 cbaritatem
1878 3245 1935 3294 et
1993 3239 2248 3294 clamat:

2366 3255 2533 3307 γουσα
2566 3254 2577 3266 '
2616 3258 2643 3286 «
2676 3234 3040 3310 Ηροωρώμην
3069 3236 3160 3290 τὸν
3223 3237 3422 3312 Κύριον
3483 3236 3712 3292 ἐνώπιόν
3768 3259 3870 3310 μου
3929 3237 4028 3294 διὰ

603 3351 626 3380 ε
661 3331 931 3397 Domine,
963 3344 1137 3386 omne
1167 3328 1528 3385 desiderium
1563 3345 1762 3383 meum
1788 3334 1878 3384 est
1899 3333 2034 3384 ante
2064 3335 2121 3384 te
2152 3331 2248 3383 ".-

2365 3324 2587 3392 παντὸς,
2620 3325 2703 3378 δτι
2754 3323 2814 3378 ἐκ
2862 3322 3050 3394 δεξιῶν
3105 3325 3210 3398 μού
3260 3325 3400 3380 ἐστιν
3437 3347 3450 3359 ·
3486 3350 3514 3379 n
3565 3331 3794 3402 Χριστῷ
3841 3348 4025 3401 προσ-

597 3421 898 3478 Christum
940 3435 1174 3491 semper
1218 3418 1471 3473 intendit
1520 3417 1807 3474 dicendo:
1841 3439 1869 3468 ι(
1919 3417 2084 3472 Oculi
2140 3419 2254 3474 mei

2365 3410 2694 3485 κολλωμένη
2732 3411 2824 3468 διὰ
2852 3420 2950 3482 τῆς
3010 3413 3243 3489 ἀγάπης,
3277 3414 3369 3469 καί
3411 3415 3684 3492 πράξουσα
3718 3437 3732 3449 ο
3765 3441 3794 3469 ιι
3825 3417 4028 3488 Κύριε,

597 3527 830 3582 semper
860 3510 930 3564 ad
979 3509 1297 3564 Dominum
1328 3509 1392 3562 η.
1427 3529 1455 3558 η
1510 3508 1617 3563 Per
1671 3523 1878 3579 puram
1929 3508 2253 3564 orationem

2370 3499 2597 3556 ἐναντίον
2655 3523 2750 3557 σου
2798 3509 2942 3557 πᾶσα
2991 3505 3025 3572 ἡ
3078 3503 3340 3576 ἰπιθυμία
3394 3525 3503 3578 μου
3535 3523 3550 3537 ⁸
3589 3529 3618 3556 η
3650 3509 3871 3579 Χριστῷ
3927 3503 4033 3560 διὰ

595 3617 730 3655 cum
762 3597 1013 3666 ,Christo
1070 3596 1352 3668 loquitur,
1411 3595 1735 3652 delectatur
1791 3601 1848 3651 et
1903 3595 2253 3654 letiﬁcando

2368 3591 2563 3652 παντὸς
2595 3590 2992 3663 ἐνατενίζουσα,
3024 3593 3113 3647 καὶ
3149 3594 3335 3668 βοῶσα
3363 3612 3376 3626 °
3407 3617 3438 3646 α
3469 3594 3537 3652 Οἱ
3582 3593 3862 3671 ὀφθαλμοί
3912 3615 4031 3667 μου

591 3690 786 3746 canit:
816 3707 839 3738 ε
865 3688 1403 3758 Quamjucundum
1421 3686 1531 3757 ipsi
1551 3685 1851 3757 eloquium
1875 3702 2074 3741 meum
2097 3686 2125 3740 Ῡ
2146 3703 2252 3759 ego

2366 3677 2454 3735 διὰ
2478 3681 2677 3742 παντὸς
2730 3683 2868 3756 πρὸς
2915 3683 3006 3736 τὸν
3053 3683 3262 3757 Κύριον
3297 3700 3312 3714 ·
3350 3702 3364 3740 :
3398 3683 3620 3756 Χριστῷ
3650 3680 4029 3757 διαλεγομένη

590 3783 786 3837 autem
827 3777 1091 3851 gaudebo
1141 3777 1200 3832 in
1234 3776 1482 3832 Domino
1506 3777 1565 3830 ¹⁹.
1603 3796 1631 3826 ιι
1665 3777 1772 3842 Qui
1823 3774 2106 3832 orationis
2134 3775 2221 3831 col

2370 3767 2452 3825 διὰ
2495 3779 2594 3841 τῆς
2645 3774 2881 3846 καθαρᾶς
2939 3780 3278 3850 προσευχῆς,
3324 3774 3418 3828 καὶ
3472 3771 3746 3843 ἡδύνουσα
3793 3775 4033 3850 εὐφραι-

592 3869 860 3942 loquium
894 3866 1104 3938 recipit
1130 3871 1300 3922 Deus.
1337 3870 1588 3933 amatur,
1623 3865 1931 3920 invocatur
1967 3869 2024 3919 et
2055 3864 2111 3919 in
2146 3866 2250 3920 ad-

2373 3862 2566 3932 νομὲνη
2605 3880 2616 3891 ·
2643 3885 2670 3912 «
2700 3861 2986 3930 Ἦουνθείη
3038 3861 3185 3934 αύτῷ
3235 3864 3271 3931 ὴ
3305 3860 3540 3938 διαλογή
3603 3884 3727 3935 μου.
3764 3863 3902 3936 Ἐγὼ
3962 3861 4036 3918 δὲ

582 3958 871 4030 jutorium
902 3957 1225 4029 requiritur
1250 3976 1264 4017 :
1289 3956 1629 4027 deprecanti
1654 3955 1868 4010 animis
1894 3953 2245 4011 ineffabilem

2376 3951 2806 4024 ιύφρανθήσομαι
2837 3948 2924 4004 ἐπὶ
2955 3955 3034 4021 τῷ
3064 3950 3267 4026 Κυρίῳ.
3299 3974 3329 4004 ιο
3364 3949 3812 4027 Ἀποδεχόμινος
3850 3953 3959 4027 γὰρ
4001 3955 4039 4009 ὁ

591 4049 842 4120 gratiam
874 4047 1165 4103 concedit.
1199 4046 1305 4101 Per
1333 4045 1614 4101 orationis
1647 4044 2007 4115 colloquium
2035 4044 2130 4100 Dei
2162 4061 2251 4100 reo

2373 4041 2490 4101 Θεὸς
2531 4042 2630 4107 τήν
2682 4041 2742 4094 ἐκ
2786 4047 2886 4109 τῆς
2917 4041 3093 4114 εὐχῆς
3127 4038 3414 4118 διαλογήν,
3445 4042 3534 4095 καὶ
3582 4042 3656 4103 ὡς
3717 4041 4036 4115 ἀγαπώμε-

594 4139 872 4194 cordatur
903 4136 1101 4193 anima
1132 4139 1190 4191 et
1239 4135 1627 4191 deiectionem
1683 4135 1859 4190 habet
1906 4133 2247 4203 aDomino;

2372 4150 2472 4196 ρος,
2502 4129 2591 4184 καὶ
2624 4128 2697 4191 ὡς
2732 4128 3159 4202 ὀνομαζόμενος,
3189 4129 3280 4184 καὶ
3329 4130 3405 4192 ὡς
3457 4129 3892 4202 ἐπιζητούμενος
3940 4131 4035 4194 οἷς

595 4248 620 4279 σ
654 4226 756 4283 Dei
787 4226 1128 4284 recordatus
1159 4241 1294 4282 sum
1324 4229 1382 4280 et
1410 4224 1627 4297 gaudio
1678 4240 1810 4280 sum
1845 4224 2122 4296 perfusus
2142 4225 2246 4279 '°.»

2378 4219 2640 4288 ἰοήθειαν,
2671 4218 2771 4285 τὴν
2804 4216 3039 4294 ἄρρητον
3069 4221 3140 4292 τῇ
3173 4214 3407 4294 δεομᾶνῃ
3440 4218 3595 4293 ψυχῇ
3625 4218 3800 4293 χαρὰν
3846 4222 4041 4294 χειρί,

2363 4312 2529 4376 ζεται.
2588 4305 3024 4379 Μνημονεύουσα
3073 4306 3177 4383 γὰρ
3223 4310 3360 4362 Θεοῦ
3415 4304 3508 4362 διὰ
3562 4314 3664 4376 τῆς
3718 4307 3858 4363 κατᾶ
3913 4311 4036 4379 τὴν

2354 4395 2669 4473 προσευχὴν
2736 4392 3026 4472 διαλογῆς,
3085 4397 3534 4473 κατευφραινεται
3589 4397 3696 4453 ὑπὸ
3747 4397 3965 4472 Κυρίου
4021 4421 4042 4435 ο

2355 4511 2385 4540 ι(
2435 4487 2746 4558 Ἑμνήσθην
2815 4486 2940 4562 γὰρ,
3003 4485 3159 4564 φησὶ,
3214 4490 3315 4541 τοῦ
3394 4489 3551 4556 Θεοῦ,
3610 4487 3702 4542 καὶ
3785 4485 4050 4566 εὐφράν-

2356 4589 2479 4642 θην.
2510 4599 2539 4628 ››

657 4671 713 4724 2.
744 4667 893 4724 Cave
923 4685 959 4724 a
989 4667 1265 4724 sensibus
1297 4671 1355 4722 et
1401 4682 1594 4722 rerum
1644 4664 2007 4720 sensibilium
2028 4666 2244 4735 jucun-
2278 4621 2320 4684 Β

2382 4603 2385 4630 l
2430 4599 2479 4632 ν.
2510 4599 2539 4628 ))

2391 4599 2700 4744 ηβι,Φεῦγε
2746 4668 2842 4729 τὰς
2901 4667 3204 4737 αἰσθήσεις,
3261 4666 3352 4721 καὶ
3403 4663 3656 4742 ἤργησας
3726 4669 3826 4738 τὴν
3910 4673 4045 4725 τῶν

585 4759 828 4814 ditatem
861 4759 1173 4812 innocuam
1201 4755 1638 4829 posuisti.Cave
1669 4772 1701 4809 a
1722 4755 2245 4826 jucundisintelli-

2385 4759 2628 4831 ,ίσθητῶν
2663 4756 2890 4828 ἡδονήν.
2926 4762 3099 4832 Φεῦγε
3128 4778 3217 4813 και
3257 4757 3355 4820 τὰς
3401 4760 3538 4814 κατὰ
3582 4756 3822 4814 διᾶνοιαν
3885 4782 4048 4835 φαν-

585 4847 792 4918 gentiaa
853 4844 1204 4917 phantasiis,
1237 4849 1296 4900 et
1345 4844 1663 4898 innocuam
1707 4844 1948 4899 effecisti
1981 4844 2245 4909 idearum

2389 4848 2541 4909 ασίας
2570 4852 2677 4902 τῶν
2710 4844 2912 4917 ἡδέων,
2942 4845 3030 4900 xui
3060 4842 3311 4920 ἤργησας
3357 4846 3455 4914 τὴν
3513 4843 3848 4916 ἡδυπάθειαν
3911 4855 4049 4906 τῶν

583 4935 1022 4991 advenientium
1042 4934 1522 4990 obstinationem.
1547 4932 1654 4998 Qui
1675 4937 1808 5002 post
1831 4924 2246 5005 phantasmaFa

2396 4933 2668 5010 ογισμῶν.
2697 4934 3058 5012 ’Λφάνταστος
3091 4931 3147 4987 δὲ
3183 4933 3356 5006 μὲνων
3389 4934 3418 4987 ὁ
3458 4937 3609 5002 νοῦς,
3641 4934 3717 4996 ὡς
3779 4935 3859 5008 μή
3929 4957 4051 4994 κα-

584 5043 702 5081 non
734 5026 880 5081 abiit
912 5041 1018 5080 nec
1050 5023 1149 5080 illa
1176 5029 1371 5095 captat
1402 5023 1639 5095 spiritu,
1674 5038 1787 5078 non
1830 5023 1994 5078 vanis
2025 5023 2245 5095 cogita-

2395 5023 2743 5100 ιδεχόμενος,
2782 5027 2922 5096 μήτε
2955 5023 3058 5077 ὑπὸ
3081 5027 3192 5077 τῶν
3224 5019 3574 5092 καθ’ὴδονὴν
3596 5024 3838 5099 τρόπων,
3880 5029 4058 5100 μήτε

584 5117 815 5172 tionum
849 5115 1158 5170 desideriis
1189 5114 1549 5169 informatur
1579 5112 1678 5167 sed
1722 5113 1780 5168 in
1814 5114 1972 5169 omni
2014 5114 2244 5186 simpli-

2393 5116 2462 5168 πὸ
2492 5120 2599 5170 τῶν
2628 5115 2744 5168 κατ’
2775 5111 3065 5184 ἐπιθυμίαν
3119 5108 3410 5186 λογισμῶν
3455 5113 3754 5168 τυποῦσθαι
3807 5134 3873 5170 τε
3936 5119 4055 5172 καὶ

585 5207 761 5263 citate
818 5223 880 5261 se
938 5205 1135 5277 signat
1166 5210 1223 5260 et
1288 5204 1506 5269 munit,
1564 5219 1744 5275 super
1789 5219 1881 5258 res
1933 5204 2242 5259 sensibiles

2396 5204 2739 5282 φραγίζεσθαι
2799 5200 2853 5257 ἐν
2914 5200 3185 5271 ἁπλότητι
3239 5202 3538 5276 εὑρίσκεται
3573 5220 3587 5234 ⁶
3618 5203 3708 5257 καὶ
3764 5204 4059 5279 ὑπεράνω

583 5296 804 5352 incedit
834 5301 1012 5366 atque
1043 5294 1330 5355 ﬁctiones.
1364 5294 1436 5350 ad
1487 5292 1670 5348 Deum
1717 5293 1955 5348 ascendi
2003 5311 2104 5365 per
2153 5295 2240 5349 in-

2400 5297 2565 5349 άντων
2597 5298 2702 5349 τῶν
2735 5293 3011 5363 αίσθητῶν
3043 5291 3135 5346 καὶ
3164 5294 3272 5346 τῶν
3320 5295 3537 5361 νοητῶν
3587 5285 3915 5368 γενόμενος,
3958 5297 4058 5360 εἰς

581 5386 988 5458 telligentiam,
1027 5399 1132 5439 nec
1164 5383 1304 5455 quid
1341 5382 1500 5438 aliud
1537 5383 1757 5452 profert
1797 5399 1971 5452 quam
2004 5382 2105 5438 Dei
2138 5400 2244 5439 no-

2399 5388 2481 5441 εὸν
2521 5387 2620 5456 τήν
2682 5381 2890 5440 ἔννοιαν
2948 5378 3289 5453 ἀναϐιϐάζει,
3337 5380 3508 5457 μηδὲν
3559 5380 3887 5461 ἓτερον,8τι
3953 5393 4058 5462 μή

580 5475 896 5541 men,sicut
924 5474 1251 5530 infantulus
1276 5478 1502 5546 patrem
1526 5489 1701 5528 suum
1727 5473 1990 5543 repetitis
2013 5474 2243 5529 invocat

2398 5482 2411 5530 i
2468 5470 2646 5548 ὄνομα
2703 5473 2907 5548 Κυρίου
2967 5469 3058 5526 διὰ
3086 5479 3186 5542 τῆς
3217 5475 3482 5547 συνεχοῦς
3517 5475 3746 5546 μνήμης
3803 5475 4061 5549 suum;

575 5565 844 5621 vicibus:
887 5583 908 5613 ι
945 5563 1247 5620 Invocabis
1290 5579 1380 5618 me
1415 5561 1655 5617 nomine
1689 5577 1838 5632 meo,
1874 5567 1930 5617 et
1955 5561 2238 5620 Dominus

2400 5569 2687 5641 ποφωνῶν,
2720 5563 2794 5626 ὠς
2857 5563 3054 5640 βρέφος
3095 5562 3188 5618 τὸν
3241 5561 3450 5635 πατέρα
3498 5561 3683 5624 αὐτοῦ,
3717 5589 3746 5616 ε(
3779 5564 4063 5626 Καλὲσω

648 5720 691 5757 1⁵
723 5719 875 5775 Psal.
936 5736 1084 5783 κων,
1170 5720 1237 5774 15
1297 5720 1339 5754 ¹⁶
1415 5717 1570 5776 Psal.
1633 5735 1725 5785 xv,
1804 5719 1860 5774 8.
1897 5721 1937 5756 ¹“¹
2020 5720 2174 5780 Psal.
2229 5740 2234 5777 :

571 5794 593 5828 °
632 5793 781 5849 Psal.
818 5808 1005 5861 Lxm,
1036 5793 1129 5846 20.

2394 5739 2442 5791 :1,
2507 5722 2589 5776 10.
2686 5722 2730 5757 ¹⁸
2799 5721 2951 5779 Psal.
3022 5739 3176 5791 xxxv,
3251 5721 3340 5780 45.
3402 5724 3446 5759 ”
3524 5723 3676 5782 Psal.
3732 5739 3870 5797 eiu,
3930 5727 4057 5786 54.
