4258 6438
185 395 284 450 401
1117 401 1212 455 DE
1251 399 1698 454 ABBCONDITA
1734 398 2195 453 OPEBATIONE
2236 399 2308 452 IN
2345 397 2670 452 CHRIS'I‘O.

3492 398 3595 452 402

181 519 311 591 γάρ,
347 517 504 595 φησὶ,
537 522 615 590 τῷ
663 517 891 592 ὀνόματί
955 541 1083 593 μου,
1116 522 1314 596 Κύριον
1365 521 1598 576 ἐναντίον
1645 542 1761 578 σου.
1807 544 1827 571 »ι

1953 526 2085 577 ante
2129 527 2186 577 te
2231 521 2299 576 ²¹.
2332 545 2353 574 ι
2393 521 2896 587 Quemadmodum
2952 522 3232 591 Adamus,
3283 537 3459 577 manu
3492 523 3592 577 Dei

180 609 283 661 Καὶ
317 609 503 682 ὥσπερ
547 609 574 662 6
607 606 786 680 Ἀδὰμ
843 609 990 684 χειρί
1047 615 1180 664 Θεοῦ
1229 611 1490 674 πλασθεὶς
1551 611 1657 665 ἀπὸ
1706 611 1842 685 χοὸς

180 695 404 771 γέγονεν
469 697 545 758 εἰς
613 698 797 770 ψυχὴν
857 702 1031 767 ζῶσαν
1071 699 1123 754 ἐν
1183 702 1458 775 φυσήματι
1519 699 1666 771 θείῳ,
1699 697 1842 754 οὕτω

178 784 269 838 καὶ
305 786 336 838 6
368 789 498 847 νοῦς
543 791 665 848 ταῖς
727 786 941 860 ἀρεταῖς
997 785 1370 859 διαπλασθείς,
1402 792 1579 861 πυκνῇ
1611 787 1841 858 ἐπικλή-

179 896 258 930 σει
295 874 496 950 Κύριον
541 877 600 932 ἐκ
655 883 892 953 καθαρᾶς
954 876 1215 948 διανοίας,
1246 879 1336 934 καὶ
1396 880 1604 954 θερμῆς
1663 877 1841 933 διαθέ-

180 986 320 1028 σιως
383 963 731 1040 ὑπᾳδομένη,
770 968 871 1036 τήν
929 967 1072 1022 Θείαν
1133 967 1434 1024 ἀλλοίωσιν
1493 967 1839 1029 ἀλλοιοῦται,

183 1055 636 1128 ζωογονούμενος
663 1057 752 1111 καὶ
787 1055 1212 1130 θεοποιούμενος
1249 1057 1309 1112 ἐκ
1337 1062 1434 1113 τοῦ
1463 1058 1719 1132 γνώσκειν
1752 1056 1840 1112 καὶ

183 1145 398 1219 ἀγαπᾷν
423 1146 515 1200 τὸν
548 1145 701 1202 Θεόν.

247 1240 298 1307 γ’
383 1234 510 1290 Ἐὰν
574 1233 766 1308 ἐκστῇς
823 1241 922 1304 τῆς
981 1240 1091 1290 τῶν
1145 1233 1353 1311 γηΐνων
1424 1235 1715 1308 ἐπιθυμίας
1769 1239 1839 1309 τῇ

177 1328 403 1398 συνεχεῖ
426 1323 516 1377 καὶ
551 1321 839 1399 εἰλικρινεῖ
861 1329 1174 1400 προσευχῇ,
1203 1325 1293 1379 καὶ
1353 1325 1471 1380 ἀντὶ
1531 1325 1702 1379 ὕπνου
1750 1345 1842 1379 κα-

176 1413 464 1485 ταπαύσῃς
525 1415 631 1468 ἀπὸ
689 1415 868 1484 πάσης
929 1415 1136 1477 ἐννοίας
1191 1423 1291 1485 τῆς
1355 1415 1489 1488 μετά
1538 1417 1692 1482 Θεὸν,
1749 1415 1838 1468 καὶ

178 1505 492 1577 πηριχθῇς
526 1500 731 1564 ὀλικῶς
793 1504 870 1566 εἷς
932 1505 1106 1577 μόνην
1137 1506 1236 1574 τήν
1269 1506 1365 1558 τοῦ
1396 1509 1530 1559 Θεοῦ
1587 1507 1836 1576 μνήμην,

177 1589 754 1664 ἀνοικοδομηθήσεται
787 1591 838 1647 ἐν
892 1592 975 1647 σοὶ
1032 1595 1268 1668 καθάπερ
1329 1592 1474 1662 ἄλλη
1540 1593 1743 1668 βοηθὸς
1801 1593 1836 1661 ἡ

177 1688 274 1737 τοῦ
338 1687 473 1738 Θεοῦ
519 1682 729 1757 ἀγάπη.
761 1684 825 1741 Ἠ
884 1684 988 1758 γὰρ
1048 1683 1107 1738 ἐκ
1152 1692 1467 1760 προσευχῆς
1499 1686 1633 1739 κατὰ
1666 1682 1840 1738 διάθε-

175 1793 257 1826 σιν
329 1773 434 1847 βοὴ
491 1773 594 1840 τήν
653 1773 797 1836 θείαν
855 1772 1065 1849 ἀγάπην
1127 1771 1440 1842 ἀναδίδωςι,
1491 1774 1580 1828 καὶ
1639 1777 1673 1843 ἡ
1724 1774 1836 1827 θεία

1954 616 2206 678 creatus,
2255 615 2312 666 et
2359 628 2392 666 a
2439 617 2593 666 terra
2633 610 2868 665 transiit
2906 611 2963 664 in
3017 613 3272 666 animam
3305 613 3590 665 viventem

1955 700 2064 754 sub
2096 699 2301 754 afﬂatu
2333 698 2548 764 divino,
2597 699 2680 754 sic
2730 704 2787 754 et
2829 699 3095 770 spiritus,
3141 701 3238 770 qui
3274 699 3592 754 virtutibus

1953 788 2667 858 informatur,frequenter
2701 789 2880 843 Deum
2913 788 3144 843 invocat
3203 805 3348 860 pura
3399 794 3594 843 mente

1953 883 2008 934 et
2037 879 2259 934 fervore
2288 893 2524 950 magno,
2558 894 2661 948 per
2681 877 2937 933 divinam
2961 877 3356 948 operationem
3382 878 3592 932 immu-

1951 971 2130 1036 tatur,
2161 966 2490 1022 viviﬁcatur
2515 970 2572 1020 et
2597 965 2924 1036 deiﬁcatur,
2959 967 3113 1038 quod
3156 966 3336 1022 Deum
3389 969 3595 1022 noscat

1950 1061 2008 1112 et
2041 1061 2216 1112 amet.

2019 1236 2073 1291 3.
2123 1234 2180 1289 Si
2229 1235 2517 1291 continua
2561 1240 2619 1292 et
2669 1251 2826 1307 purae
2875 1234 3123 1291 orationi
3171 1234 3482 1299 institeris,
3534 1239 3592 1290 et

1949 1324 2275 1396 appetitum
2309 1339 2505 1379 rerum
2538 1328 2902 1380 terrenarum
2933 1323 3214 1396 abjeceris
3231 1329 3287 1379 et
3309 1342 3409 1396 per
3431 1341 3588 1380 som-

1950 1429 2092 1468 num
2124 1415 2319 1485 ipsum
2361 1431 2566 1470 omnes
2599 1415 2986 1485 cogitationes
3036 1420 3171 1470 tuas
3215 1414 3464 1470 erexeris
3515 1415 3587 1469 ad

1948 1501 2154 1566 Deum,
2193 1501 2241 1556 si
2273 1506 2434 1558 totus
2465 1503 2524 1557 in
2557 1502 2681 1557 sola
2730 1503 2830 1558 Dei
2873 1503 3272 1558 recordatione
3319 1504 3590 1557 ﬁrmatus

1949 1591 2150 1658 fueris,
2185 1607 2350 1646 amor
2376 1591 2470 1646 Dei
2503 1607 2603 1646 ceu
2637 1608 2824 1646 novus
2855 1591 3167 1647 auxiliator
3197 1592 3253 1646 in
3317 1598 3371 1646 te
3423 1591 3590 1646 habi-

1945 1679 2109 1734 tabit.
2147 1681 2310 1747 Quod
2345 1697 2448 1751 per
2477 1680 2745 1735 habitum
2777 1681 3061 1736 orationis
3093 1681 3198 1736 tibi
3232 1682 3384 1735 inest
3415 1681 3589 1749 adju-

1945 1768 2185 1835 torium,
2217 1768 2471 1822 divinam
2500 1769 2770 1841 producit
2799 1770 3169 1836 charitatem,
3191 1770 3445 1824 Charitas
3487 1787 3588 1823 au-

173 1859 363 1934 ἀγάπη
435 1859 700 1929 διϋπνίζει
757 1861 850 1915 τὸν
912 1866 1060 1928 νοῦν,
1111 1863 1248 1937 πρὸς
1334 1863 1633 1940 φανὲρωσιν
1725 1867 1827 1916 τῶν

1945 1859 2060 1910 tem
2107 1855 2345 1927 evigilat
2393 1862 2451 1911 et
2517 1857 2730 1911 excitat
2785 1858 3059 1929 spiritum
3121 1863 3186 1912 ut
3245 1857 3588 1913 abscondita

174 1950 532 2026 ἀποκρύφων.
567 1949 705 2008 Τότε
763 1950 791 2004 6
843 1954 990 2017 νοῦς,
1050 1954 1119 2024 τῇ
1177 1949 1358 2027 ἀγάπῃ
1419 1952 1832 2025 συναρμοσθεὶς,

171 2040 272 2108 τὴν
326 2039 516 2116 σοφίαν
560 2043 885 2113 καρποῦται,
918 2040 1006 2094 καὶ
1059 2036 1148 2093 διὰ
1179 2043 1279 2105 τῆς
1310 2039 1502 2116 σοφίας
1548 2044 1616 2096 τὰ
1674 2039 1839 2117 ἀπόρ-

1943 1945 2299 2002 manifestet.
2332 1945 2439 2009 Qui
2471 1945 2741 2001 charitati
2772 1947 3152 2018 conjungitur
3195 1948 3458 2018 spiritus,
3482 1947 3588 2001 ob-

1940 2034 2087 2089 tinet
2142 2035 2492 2106 sapientiam
2550 2039 2608 2090 et
2675 2053 2777 2107 per
2851 2036 3196 2106 sapientiam
3271 2035 3588 2091 ineffabilia

174 2130 318 2204 ρητα
346 2126 736 2203 καταγγέλλει.
767 2131 825 2185 Ὀ
856 2128 957 2202 γὰρ
1017 2129 1145 2190 Θεὸς
1191 2129 1388 2204 Λόγος,
1424 2127 1512 2184 διὰ
1552 2137 1651 2198 τῆς
1701 2129 1827 2185 κατᾶ

1940 2128 2196 2179 enarrat.
2227 2123 2379 2178 Deus
2410 2127 2498 2178 est
2530 2123 2801 2190 Verbum,
2838 2142 2938 2197 per
2967 2126 3250 2181 orationis
3300 2124 3583 2180 auxilium

169 2219 270 2286 τήν
332 2219 649 2293 προσευχὴν
706 2218 838 2292 βοῆς
897 2220 1035 2271 κατά
1094 2215 1328 2272 διάθεσιν
1398 2219 1833 2292 ὀνομαζόμενος,

172 2302 573 2380 λαμϐάνειτήν
622 2310 722 2361 τοῦ
769 2310 865 2360 νοῦ
896 2309 1103 2376 νοήσιν,
1135 2309 1374 2384 καθάπερ
1435 2307 1674 2384 πλευρὰν
1731 2310 1831 2377 τὴν

1937 2221 1992 2267 et
2022 2212 2288 2268 habitum
2311 2212 2620 2270 invocatur
2645 2239 2658 2276 ς
2682 2215 2938 2285 Spiritus
2963 2214 3319 2286 postulantis
3341 2231 3583 2269 sensum

1935 2302 2222 2374 comperit
2250 2308 2308 2358 et
2355 2303 2773 2374 cogitationem
2825 2305 3088 2359 concedit
3137 2306 3581 2365 abundantem:

170 2400 373 2472 γνῶσιν
437 2397 746 2470 χαρίζεται,
799 2395 888 2450 καὶ
945 2397 1056 2451 ἀντ’
1117 2395 1283 2466 αὐτῆς
1344 2396 1678 2467 ἀναπληρῶν
1734 2399 1827 2467 τὴν

1939 2393 2102 2462 juxta
2133 2393 2346 2448 bonam
2363 2392 3028 2464 animaedispositionem
3047 2394 3298 2473 largitur
3318 2395 3582 2464 virtutes,

168 2486 381 2560 ἀγαθὴν
413 2481 673 2549 διάθεσιν,
707 2481 962 2559 δωρεῖται
992 2487 1093 2554 τὴν
1143 2487 1364 2560 ἀρετὴν,
1400 2484 1686 2558 οἰκοδομεῖ
1732 2487 1829 2555 τὴν

170 2573 486 2650 φωτοποιὸν
547 2574 759 2649 ἀγάπην
815 2575 904 2628 καὶ
968 2576 1083 2651 ἄγει
1144 2575 1289 2649 παρά
1362 2576 1453 2630 τὸν
1510 2575 1834 2646 ἐξεστηκότα

170 2668 322 2731 νοῦν,
375 2662 467 2717 καὶ
527 2663 816 2731 ὑπνοῦντα,
874 2662 964 2718 καὶ
1024 2663 1437 2736 ἀναπαυόμενον
1490 2664 1596 2719 ἀπὸ
1653 2666 1831 2736 πάσης

169 2750 371 2828 γηΐνης
432 2751 740 2824 ἐπιθυμίας.
772 2753 833 2808 Ἡ
891 2749 948 2807 δὶ
1003 2751 1182 2827 ἀγάπη
1242 2751 1388 2824 ἄλλη
1445 2754 1643 2828 βοηθὸς
1695 2755 1834 2830 εὑρί-

171 2862 355 2896 σκεται
382 2846 480 2896 τοῦ
509 2842 955 2903 καταπαύσαντος
998 2846 1117 2914 νοῦ,
1149 2843 1256 2896 ἀπὸ
1307 2846 1406 2907 τῆς
1465 2842 1667 2917 ἀλόγου
1723 2848 1830 2898 τῶν

170 2932 446 3000 αἰσθητῶν
482 2931 873 3006 προσπαθείας.
901 2933 1062 2994 ’Όθεν
1115 2931 1203 2985 καὶ
1257 2929 1519 3000 διϋπνίζει
1567 2932 1659 2986 τὸν
1707 2937 1832 2986 νοῦν

170 3022 246 3081 ὡς
305 3021 542 3092 καθαρὸν
603 3020 680 3084 εἷς
741 3021 808 3074 τά
854 3022 954 3088 τῆς
1014 3021 1207 3098 σοφίας
1241 3019 1482 3096 ῥήματα.
1516 3022 1647 3076 Τότε
1697 3023 1833 3097 πρὸς

170 3109 338 3179 αὐτὴν
402 3109 544 3184 ὀρῶν
578 3111 606 3164 6
637 3113 782 3176 νοῦς,
815 3109 906 3164 καὶ
954 3107 1418 3182 καθηδυνόμενος,
1453 3111 1547 3173 τὰς
1594 3112 1836 3185 κρυπτὰς

163 3203 272 3252 τῶν
329 3197 533 3274 ἀρετῶν
595 3195 879 3268 διαθέσεις,
938 3197 1028 3252 καὶ
1080 3201 1175 3262 τας
1233 3198 1488 3262 ἀθεάτους
1565 3198 1831 3274 ἐνεργείας

160 3295 262 3356 τῆς
311 3287 587 3362 γνώσεως,
619 3293 736 3350 τοῖς
790 3285 987 3352 ἄλλοις
1047 3285 1387 3362 δημοσιεύει,
1414 3285 1504 3344 διὰ
1559 3296 1658 3359 τῆς
1716 3295 1824 3345 τῶν

163 3375 352 3452 λόγων
388 3377 680 3439 ἐκτάσεως.

234 3464 301 3522 δ’.
334 3467 595 3536 Ἕκστηθι
657 3464 870 3520 πάντων
930 3488 1036 3520 των
1090 3467 1207 3520 κατ’
1263 3463 1531 3537 α’ίσθησιν,
1577 3468 1666 3521 καὶ
1722 3489 1824 3522 κα-

160 3555 361 3611 τάΑιπε
413 3556 506 3609 τὸν
560 3561 659 3624 τῆς
715 3555 914 3628 σαρκὸς
970 3553 1142 3627 νόμον
1178 3575 1190 3586 ·
1230 3557 1318 3610 καὶ
1378 3556 1405 3610 ὁ
1458 3559 1822 3629 πνευματικὸς

161 3644 338 3716 νόμος
367 3646 706 3721 γραφήσεται
750 3647 820 3717 τῇ
881 3646 949 3716 σῇ
1011 3641 1240 3715 διανοίᾳ.
1274 3644 1332 3698 Ὦ
1419 3647 1520 3719 γὰρ
1578 3647 1605 3700 6
1663 3646 1825 3701 πνεύ-

169 3755 297 3806 ματι
354 3738 694 3808 περιπατῶι,
751 3731 1040 3805 ἐπιθυμίαν
1102 3734 1297 3808 σαρκὸς
1351 3733 1412 3788 ού
1468 3732 1638 3803 τελεῖ,
1689 3736 1825 3791 κατὰ

161 3824 252 3877 τὸν
286 3823 654 3894 ’Λπόστολον,
690 3821 832 3877 οὕτω
881 3824 968 3877 καὶ
1030 3824 1058 3877 6
1115 3822 1459 3896 ἐξιστάμενος
1519 3823 1821 3896 αἰσθήσεων

158 3912 248 3966 καὶ
308 3913 614 3983 αἲσθητῶν,
672 3913 871 3988 σαρκὸς
929 3908 1144 3980 δηλαδή
1206 3912 1295 3966 καὶ
1355 3914 1587 3986 κόσμου,
1628 3915 1702 3975 εἰς
1758 3916 1820 3970 τὸ

158 4006 375 4074 πνεῦμα
421 4005 764 4076 περιπατεῖν,
809 4000 900 4054 καὶ
956 3999 1024 4054 τὰ
1081 4005 1176 4054 τοῦ
1234 4001 1546 4073 πνεύματος
1603 4009 1816 4078 φρονεῖν

159 4091 407 4167 ἔρχεται.
441 4092 543 4148 Καὶ
576 4096 734 4146 τοῦτε
765 4087 1080 4166 διδάχθητι,
1114 4089 1165 4162 ἐξ
1195 4092 1268 4145 ὧν
1326 4093 1353 4146 6
1410 4093 1538 4154 Θεὸς
1597 4093 1673 4157 εἰς
1725 4094 1818 4149 τὸν

157 4179 340 4254 Ἀδάμ
371 4181 481 4253 πρὸ
509 4187 611 4249 τῆς
642 4183 927 4255 παρακοῆς
959 4181 1371 4254 κατειργάσατο.

225 4277 284 4327 ε’.
319 4271 431 4327 Τὸν
467 4269 591 4345 περὶ
628 4270 728 4338 τὴν
755 4268 1003 4344 φυλακὴν
1054 4274 1160 4324 τῶν
1213 4268 1447 4324 ἐντολῶν
1495 4267 1815 4346 διαγωνιζό-

161 4380 344 4431 μενον,
379 4357 469 4412 καὶ
503 4357 553 4411 ἐν
579 4363 660 4429 τῷ
700 4355 1016 4433 παραδείσῳ
1070 4365 1170 4428 τῆς
1225 4368 1540 4436 προσευχῆς
1592 4359 1814 4437 διακαρ-

148 4453 434 4524 τεροῦντα,
469 4447 673 4519 καὶτῷ
705 4451 820 4518 Θεῷ
869 4444 1308 4521 προσεδρεύοντα
1367 4447 1456 4504 διὰ
1511 4458 1610 4519 τῆς
1669 4473 1816 4507 συνε-

149 4543 282 4613 χοῦς
316 4539 574 4610 μνήμης,
610 4537 638 4590 6
671 4536 800 4598 Θεὸς
833 4535 1012 4607 ἐξιστᾷ
1041 4537 1145 4591 ἀπὸ
1175 4542 1282 4592 τῶν
1322 4546 1422 4607 τῆς
1480 4542 1676 4614 σαρκὸς
1724 4563 1812 4618 φι-

1939 2481 2369 2538 illuminantem
2391 2483 2471 2538 ibi
2495 2482 2738 2538 collocat
2764 2485 3108 2540 cbaritatem
3129 2505 3142 2553 ;
3162 2485 3430 2556 spiritum
3455 2502 3587 2540 vero

1939 2571 2746 2638 aberrantem,dormitantem
2761 2578 2817 2628 et
2830 2573 3216 2646 defatigatum
3233 2575 3586 2630 abomnibus

1939 2659 2136 2716 seculi
2167 2661 2475 2717 desideriis
2509 2661 2736 2717 liberat.
2770 2663 2877 2726 Qui
2911 2664 2982 2718 ab
3015 2664 3174 2719 omni
3199 2663 3586 2718 irrationabili

1937 2753 1994 2805 et
2023 2750 2290 2804 sensibili
2333 2752 2598 2823 appetitu
2649 2751 2798 2806 liber
2841 2758 2930 2808 est
2977 2753 3243 2824 spiritus,
3299 2769 3582 2823 magnum

1939 2840 2208 2896 charitati
2242 2846 2480 2913 praestat
2510 2842 2868 2912 adjutorium
2899 2859 2912 2895 :
2939 2859 3120 2913 purus
3143 2843 3297 2897 enim
3322 2861 3355 2898 a
3376 2859 3584 2898 somno

1939 2929 2178 2985 ducitur
2205 2941 2262 2985 et
2312 2931 2673 2986 convertitur
2730 2933 2801 2987 ad
2847 2934 3022 2987 verba
3065 2933 3388 3004 sapientiai.
3434 2938 3580 2987 Dum

1941 3019 2284 3075 charitatem
2321 3021 2548 3092 aspicit,
2579 3038 2856 3093 magnam
2892 3022 3134 3094 percipit
3180 3024 3536 3094 voluptatem
3567 3039 3580 3089 ;

1941 3107 2072 3163 aliis
2121 3109 2498 3165 facultatibus
2545 3110 2820 3182 explanat
2867 3111 3242 3168 absconditae
3299 3115 3582 3167 virtutum

1943 3197 2161 3254 formas
2187 3207 2241 3254 et
2270 3198 2575 3256 invisibles
2607 3202 2960 3272 cognitionis
2991 3203 3357 3274 operationes
3387 3203 3586 3260 verbo-

1939 3303 2070 3342 rum
2104 3286 2534 3359 significalione
2563 3290 2980 3346 communicat.

2008 3465 2061 3521 4.
2105 3465 2192 3520 Ab
2245 3465 2522 3522 omnibus
2567 3467 2797 3524 abstine
2854 3467 3236 3524 sensibilibus
3287 3473 3345 3524 et
3394 3470 3580 3541 legem

1937 3552 2131 3608 carnis
2163 3553 2542 3625 derelinque:
2593 3559 2735 3610 tunc
2786 3555 2877 3611 lex
2923 3556 3178 3628 Spiritus
3226 3557 3583 3612 inscribetur

1938 3643 2096 3697 cordi
2129 3647 2250 3698 tuo.
2284 3645 2408 3709 Quo
2459 3644 2722 3700 ambulat
2769 3645 3002 3716 spiritu,
3059 3646 3350 3702 desideria
3387 3647 3583 3703 carnis

1937 3749 2052 3786 non
2087 3732 2332 3804 perficit,
2367 3733 2450 3788 uti
2471 3733 2789 3804 Apostolus
2809 3735 2953 3789 dicit
2977 3752 2990 3801 ;
3016 3735 3116 3806 qui
3138 3752 3350 3790 sensus
3372 3742 3428 3791 et
3449 3753 3580 3792 sen-

1937 3821 2154 3887 sibilia,
2173 3839 2408 3878 carnem
2433 3823 2703 3878 videlicet
2724 3828 2779 3878 et
2800 3825 3086 3880 mundum
3105 3825 3254 3896 fugit
3283 3826 3340 3880 in
3367 3827 3579 3897 spiritu

1937 3910 2239 3966 ambulare
2276 3911 2485 3982 incipit
2531 3916 2586 3966 et
2631 3912 2976 3978 secundum,
3029 3913 3304 3983 spiritum
3352 3930 3576 3986 sapere.

1935 3999 2096 4064 Quod
2129 4003 2186 4054 et
2214 3999 2335 4056 illis
2365 4000 2473 4054 tibi
2522 4009 2888 4073 compertum
2938 4001 3013 4058 sit
3062 4019 3186 4075 qua
3231 4002 3387 4063 Deus
3446 4009 3580 4060 ante

1933 4087 2142 4146 Adami
2175 4088 2452 4144 delictum
2486 4091 2730 4162 peregit.

2001 4269 2054 4323 5.
2089 4268 2194 4324 Hic
2224 4270 2296 4324 de
2325 4269 2652 4326 divinorum
2679 4271 3089 4327 mandatorum
3113 4273 3378 4329 custodia
3400 4279 3583 4330 certat

1931 4355 1991 4412 in
2023 4358 2321 4428 paradiso,
2353 4358 2535 4414 instat
2579 4359 2827 4415 orationi
2877 4365 2932 4415 et
2973 4361 3219 4418 Domino
3269 4367 3423 4418 astat
3480 4381 3582 4434 per

1929 4445 2250 4501 orationem
2267 4446 2602 4515 assiduam;
2633 4465 2665 4503 a
2683 4448 2798 4504 Deo
2821 4448 3103 4506 liberatur
3124 4452 3194 4506 de
3209 4453 3580 4521 jucunditate

1928 4537 2336 4606 operationum
2371 4538 2584 4604 carnis,
2623 4538 2693 4592 de
2725 4538 2980 4595 motibus
3004 4557 3308 4611 sensuum,
3329 4542 3399 4597 de
3423 4559 3580 4598 men-

153 4626 406 4698 ληδόνων
462 4625 879 4701 ἐνεργημάτων,
932 4625 1021 4681 καὶ
1080 4626 1186 4681 ἀπὸ
1244 4629 1460 4683 πάντων
1537 4635 1644 4685 τῶν
1699 4631 1816 4686 κατ’

1939 4627 2002 4682 Lis
2035 4627 2592 4699 phantasmatibus;
2634 4634 2907 4686 mortuus
2965 4644 3056 4688 est
3097 4607 3473 4704 passioynibus
3523 4639 3578 4690 et

149 4715 402 4788 αἲσθησιν
459 4716 804 4790 κινημάτων,
836 4716 925 4771 καὶ
969 4716 1076 4770 ἀπὸ
1133 4716 1349 4772 πάντων
1397 4723 1505 4773 τῶν
1532 4719 1668 4774 κατά
1698 4718 1813 4775 διά-

146 4828 294 4862 νοιαν
357 4805 693 4882 σχημάτων,
752 4805 840 4860 καὶ
901 4805 1090 4880 νεκρὸν
1147 4811 1268 4870 τοῖς
1340 4809 1532 4862 πάθεσι
1603 4810 1692 4864 καὶ
1746 4815 1813 4885 τῇ

151 4896 396 4973 ἁμαρτίᾳ
426 4896 875 4966 παρασκευάζων,
905 4901 1005 4965 τῆς
1040 4895 1185 4959 θείας
1228 4901 1375 4966 ζωῆς
1432 4897 1667 4974 μέτοχον
1720 4921 1816 4954 κα-

150 4988 428 5058 θίστησιν,
462 4987 551 5049 Ὠς
599 4985 700 5060 γὰρ
746 4986 774 5039 6
811 4985 1131 5055 ὑπνώττων,
1163 4985 1253 5040 καὶ
1308 4987 1497 5059 νεκρὸς
1553 4988 1814 5056 παρεικά-

152 5085 323 5149 ζεται,
357 5077 450 5132 καὶ
508 5081 583 5146 ζῶ
645 5075 878 5151 ὑπάρχει
915 5093 930 5108 ’
988 5076 1051 5130 τὸ
1102 5076 1220 5149 μὲν,
1281 5081 1349 5150 τῇ
1430 5076 1668 5154 ἐνεργείᾳ
1720 5085 1817 5134 τοῦ

150 5172 436 5237 σώματος,
467 5167 530 5221 τὸ
581 5164 659 5236 δὲ,
686 5168 756 5239 τῇ
816 5163 1094 5241 συνεργείᾳ
1123 5169 1224 5230 τῆς
1273 5169 1457 5243 ψυχῆς
1493 5185 1505 5200 ’
1542 5168 1684 5223 οὕτω
1727 5171 1817 5224 καὶ

152 5258 177 5310 6
236 5255 516 5328 πνεύματι
576 5255 929 5328 παραμένων,
963 5253 1119 5330 σαρκὶ
1182 5255 1276 5328 μὶν
1336 5257 1425 5310 καὶ
1481 5258 1675 5331 κόσμῳ
1728 5280 1819 5314 νε·-

148 5350 404 5422 κροῦται,
441 5349 506 5419 ζῇ
540 5343 594 5400 δὲ
624 5349 706 5418 τῷ
732 5349 830 5400 τοῦ
863 5344 1171 5418 πνεύματος
1202 5347 1532 5423 φρονήματι.

221 5437 288 5499 ς’.
324 5434 390 5491 Εἰ
443 5436 711 5511 γνώσκεις
770 5433 803 5489 ἃ
851 5433 1107 5508 ψάλλεις,
1153 5429 1454 5508 λαμϐάνεις
1512 5435 1817 5514 ἐπίγνωσιν.

143 5526 246 5583 Ἐκ
303 5532 406 5596 τῆς
461 5523 808 5602 ἐπιγνώσεως
859 5528 1052 5580 κτᾶσαι
1100 5522 1331 5583 σύνεσιν.
1363 5527 1458 5584 Ἐκ
1513 5528 1613 5598 τῆς
1669 5530 1819 5584 συνέ-

221 5730 266 5765 ²¹
306 5725 467 5785 Psal.
497 5743 614 5799 ιω,
643 5727 699 5783 5.

1926 4715 2222 4772 illecebris
2254 4717 2498 4788 peccati,
2529 4718 2648 4774 imo
2679 4719 2808 4774 vitae
2845 4721 3052 4776 divinae
3084 4724 3273 4778 factus
3321 4728 3411 4778 est
3441 4741 3579 4795 par-

1925 4805 2130 4876 ticeps.
2161 4806 2247 4860 Ita
2284 4811 2343 4860 et
2377 4807 2699 4874 dormiens,
2732 4813 2790 4862 et
2821 4808 2870 4863 si
2912 4808 3086 4878 vivat,
3119 4815 3350 4867 mortuo
3380 4817 3577 4868 tamen

1929 4898 2124 4966 potest
2155 4894 2511 4951 assimilari:
2545 4897 2767 4953 cecedit
2797 4897 2952 4954 enim
2987 4901 3247 4972 corporis
3296 4903 3579 4974 operatio,

1929 4982 2175 5055 spiritus
2209 4988 2404 5040 autem
2435 4985 2701 5057 potentiae
2734 4987 3094 5044 subsistunt:
3131 4991 3214 5046 sic
3238 4991 3336 5064 qui
3370 4993 3581 5064 spiritu

1930 5073 2283 5144 conjunctus
2319 5081 2584 5131 remanet
2616 5076 2674 5131 in
2699 5093 2893 5146 carne,
2918 5078 3056 5136 huic
3078 5080 3290 5137 saculo
3314 5089 3585 5139 mortuus

1929 5166 2041 5231 est,
2076 5163 2216 5218 vivit
2246 5168 2444 5220 autem
2477 5182 2655 5222 sensu
2689 5168 2955 5240 spiritus.

2001 5437 2055 5491 6.
2091 5436 2151 5492 Si
2185 5437 2418 5494 noveris
2450 5455 2577 5510 quae
2609 5443 2832 5509 cantas,
2869 5441 3166 5499 notionem
3195 5444 3452 5516 acquiris
3478 5472 3492 5514 ;
3519 5464 3587 5504 ex

1934 5535 2272 5608 cognitione
2305 5538 2576 5610 procedis
2606 5539 2678 5595 ad
2713 5555 2992 5612 sensum;
3026 5558 3095 5599 ex
3124 5559 3338 5601 sensus
3367 5545 3583 5602 intelli-
