4258 6438
189 397 298 451 405

1397 397 1766 453 CANTICUM
1801 395 2400 453 COIPUNCTIONIS.

3494 386 3599 452 406

185 525 470 593 incesset,
500 521 734 592 quando
782 519 1126 577 mortalium
1173 536 1308 577 ossa
1348 521 1548 578 omnia
1593 536 1847 578 concur-
1875 522 1929 589 Α
2028 519 2230 575 Divina
2257 519 2387 576 luce
2417 523 2542 588 tua,
2575 536 2608 575 a
2637 519 2809 588 bona,
2837 519 3091 576 animam
3122 534 3311 576 meam
3339 521 3596 577 affectio-

187 612 406 681 santia,
439 627 580 667 suas
621 626 868 681 qumque
916 609 1474 680 coagmentationes,
1507 613 1565 666 et
1605 611 1843 681 junctu-

186 717 282 754 ras
307 699 628 772 diligenter
656 699 979 770 requirent.

260 789 548 844 Universa
577 796 749 856 terra,
781 789 940 844 velut
969 787 1184 844 mulier
1213 804 1545 861 pregnans,
1579 803 1711 844 cum
1737 792 1846 844 tre-

189 895 354 934 more
386 883 651 934 mortuos
681 894 820 933 suos
847 879 915 934 ad
960 895 1183 933 annum
1212 877 1362 934 edet.
1415 879 1581 933 Tuba
1627 877 1844 950 quippe

185 968 552 1024 horrendum
589 967 926 1034 insonante,
960 966 1117 1024 illico
1170 967 1585 1039 unusquisque
1616 968 1687 1023 de
1717 966 1843 1023 loco

189 1058 490 1114 redivivus
521 1058 802 1130 prodibit.

258 1146 348 1201 Ad
382 1163 553 1218 opem
583 1151 774 1213 tuam,
805 1163 909 1202 ceu
936 1145 1007 1201 ad
1039 1149 1264 1218 petram
1288 1148 1597 1217 tutamque
1628 1143 1845 1201 ancho-

190 1252 346 1301 ram,
379 1234 765 1291 immaculata
799 1234 973 1306 Virgo
1025 1233 1316 1305 confugio.
1348 1233 1432 1290 Ne
1479 1251 1573 1290 me
1611 1233 1843 1306 repelle,

187 1325 293 1380 sed
329 1323 504 1381 toties
528 1324 586 1380 in
618 1329 853 1396 peccata
884 1323 1118 1395 lapsum
1148 1324 1326 1396 erige.

898 1431 1038 1487 ODE
1075 1433 1144 1486 II.

261 1519 461 1576 Flebis
513 1520 759 1586 affatim,
812 1524 869 1575 et
925 1520 1181 1591 gemitus
1231 1520 1400 1576 dabis
1431 1518 1602 1585 altos,
1648 1517 1847 1574 anima

189 1623 324 1662 mea
358 1608 594 1678 quando
627 1608 896 1664 omnium
930 1605 1286 1664 saeculorum
1332 1607 1611 1663 mortales
1657 1609 1846 1661 nudos

187 1712 519 1769 resurgere,
547 1701 603 1753 et
636 1702 770 1754 ante
821 1697 1110 1768 judicem,
1169 1697 1272 1769 qui
1333 1697 1678 1753 muneribus
1729 1712 1843 1751 non

189 1787 624 1857 corrumpitur,
653 1791 810 1842 stare
838 1786 1086 1842 videbis.

263 1876 330 1930 In
363 1875 688 1931 novissimo
720 1879 778 1930 et
825 1875 1080 1931 terriﬁco
1136 1874 1240 1931 illo
1297 1874 1414 1944 die,
1470 1874 1678 1930 fratres
1710 1873 1845 1940 mei,
1879 1893 1926 1959 Β

189 1980 401 2019 omnes
435 1963 554 2019 illic
585 1964 888 2033 sistemur,
919 1965 978 2019 in
1037 1967 1159 2020 ictu
1215 1965 1390 2020 oculi.
1425 1963 1572 2019 Nam
1603 1967 1661 2019 et
1713 1963 1847 2018 feras

188 2053 418 2123 bestia,
470 2057 528 2109 et
578 2052 868 2120 volucres,
918 2057 976 2110 et
1023 2052 1218 2126 pisces
1277 2051 1682 2108 devoraverint
1725 2051 1851 2107 red-

191 2143 357 2198 dent.

263 2232 530 2304 Rapidus
559 2233 716 2306 ignis
773 2232 1011 2299 ﬂuvius,
1069 2232 1270 2301 colles,
1331 2236 1564 2290 montes
1588 2235 1644 2288 et
1673 2249 1852 2305 opera

191 2323 506 2379 hominum
540 2340 644 2396 per
682 2327 870 2380 terras
917 2324 1180 2380 furenter
1227 2322 1527 2381 absumet.
1571 2323 1852 2379 Flamma

192 2411 474 2467 universa
501 2411 872 2483 depascentis
902 2411 1190 2484 impetum
1236 2414 1295 2468 et
1349 2410 1544 2467 minas
1577 2410 1710 2482 quis
1734 2425 1850 2466 non

196 2501 581 2572 pehorrescet
601 2500 625 2556 ?

263 2589 392 2646 Non
426 2596 515 2646 est
545 2591 819 2647 ﬁdelibus
837 2594 1043 2662 portus
1074 2589 1432 2664 alius,Virgo
1455 2590 1852 2659 sanctissima,

192 2684 408 2750 praeter
437 2684 493 2736 te
516 2697 643 2752 quae
693 2680 1017 2746 Christum,
1049 2679 1515 2750 tanquillitatem
1567 2680 1853 2734 securita-

193 2772 437 2840 temque
467 2773 755 2838 nostram,
789 2767 1068 2840 genuisti.
1104 2767 1240 2831 Quae
1293 2783 1497 2822 omnes
1531 2765 1856 2821 vexationi-

193 2857 330 2926 bus,
363 2861 426 2912 et
468 2858 706 2928 injuriis
739 2857 965 2913 inimici
1011 2857 1296 2912 daemonis
1349 2873 1454 2913 ceu
1509 2859 1856 2927 tempestate

189 2947 477 3017 jactatos,
510 2946 698 3018 quieti
722 2963 788 3003 ac
819 2945 999 3002 saluti
1032 2945 1316 3002 restituis.

267 3035 410 3091 Tria
451 3036 566 3092 ista
616 3036 817 3106 timeo,
850 3053 882 3092 ο
915 3035 1113 3092 anima
1149 3052 1161 3091 :
1193 3051 1498 3107 egressum
1530 3050 1560 3090 e
1592 3050 1854 3106 corpore.

195 3121 255 3177 in
285 3122 435 3178 hora
467 3123 674 3179 mortis
704 3139 1017 3179 occursum
1069 3122 1344 3178 veniente
1392 3121 1696 3178 communi
1728 3138 1856 3177 om-

190 3210 359 3267 nium
389 3212 595 3283 judice
627 3229 641 3267 :
674 3217 732 3268 et
753 3229 935 3285 quam
985 3211 1144 3268 idem
1194 3210 1855 3284 pronuntiabitjustam

203 3300 612 3375 incorruptam
639 3302 1020 3358 sententiam.

883 3399 1024 3456 ODE
1073 3399 1176 3456 III.

265 3490 453 3545 Terra
485 3489 1140 3560 inﬂammabitur,mare
1162 3490 1428 3546 subsidet
1449 3506 1517 3546 ac
1537 3490 1858 3558 decrescet;

197 3595 296 3633 aer
326 3579 719 3648 concutietur,
751 3584 809 3634 et
837 3583 1033 3635 totum
1064 3578 1279 3635 coelum
1300 3578 1648 3648 involvetur,
1681 3577 1860 3634 lumi-

198 3685 273 3723 na
304 3673 364 3722 et
394 3673 554 3724 astra
582 3668 715 3739 ejus
744 3669 1036 3725 desident.
1090 3669 1392 3736 Quomodo
1442 3669 1583 3735 haec,
1637 3667 1858 3736 anima,

200 3757 534 3813 sustinebis
549 3756 577 3812 ?

269 3845 718 3903 Lamentaberis
748 3847 1142 3917 vehementer,
1162 3847 1363 3903 anima
1388 3863 1538 3915 mea,
1564 3863 1697 3902 cum
1722 3845 1859 3901 mis-

197 3951 296 3990 sos
335 3934 613 3990 festinato
645 3935 908 4007 angelos,
934 3952 969 3991 a
997 3940 1252 4007 quatuor
1298 3940 1590 3992 terrarum
1639 3935 1860 3991 ﬁnibus

198 4023 348 4079 Deos
383 4023 630 4095 placitos
661 4041 1019 4097 congregare
1063 4040 1285 4082 cernes.

266 4113 372 4182 En,
409 4117 602 4168 totum
633 4130 823 4185 genus
859 4115 1189 4170 humanum
1223 4114 1542 4170 attonitum
1577 4113 1856 4185 stupebit,

196 4218 332 4258 cum
356 4202 624 4272 judicem
657 4189 828 4259 illum
859 4203 1309 4260 formidandum
1354 4202 1413 4257 in
1465 4203 1613 4258 duas
1663 4206 1860 4274 partes

195 4292 490 4364 quidquid
521 4297 612 4348 est
641 4292 951 4348 hominum
1004 4298 1433 4364 secernentem,
1467 4297 1527 4348 et
1556 4291 1857 4348 actionum

193 4382 456 4437 truitinrs
484 4382 903 4452 subjicientem
935 4382 1285 4438 intuebitur.

264 4470 407 4526 Dies
438 4471 847 4528 retributionis
879 4473 1075 4527 veniet
1105 4473 1262 4528 sicut
1293 4471 1388 4527 fur
1416 4470 1477 4526 in
1509 4475 1701 4540 nocte,
1725 4487 1857 4542 pec-

193 4564 424 4617 catores
457 4577 666 4617 omnes
694 4565 1016 4617 exterrens.
1050 4563 1200 4618 Tum
1228 4567 1290 4617 tu
1323 4565 1487 4617 casta
1516 4563 1720 4630 Mater,
1745 4560 1854 4616 mi-

189 4656 354 4706 serta
389 4651 535 4721 mei,
561 4668 597 4707 a
628 4649 922 4722 supplicio
955 4667 1048 4708 me
1079 4651 1336 4708 vindica.

889 4761 1032 4817 ODE
1072 4760 1170 4817 ιν.

261 4851 465 4906 Pudor
485 4854 544 4905 et
573 4850 842 4906 confusio
872 4850 1099 4921 operiet
1127 4849 1305 4906 facies
1355 4865 1558 4906 eorum
1608 4849 1709 4920 qui
1742 4850 1858 4905 sibi

189 4941 373 4996 verbo
404 4945 466 4994 et
496 4955 670 5011 Opere
701 4939 1160 4995 commissorum
1191 4939 1414 4995 conscii
1459 4939 1694 4994 fuerint.
1727 4942 1856 4994 Ete-

193 5030 320 5084 nim
354 5028 621 5083 actiones
647 5045 787 5084 suas
819 5044 1029 5084 omnes
1057 5027 1222 5083 vultu
1264 5027 1396 5099 ipso
1443 5026 1860 5099 inseparabili-

191 5123 283 5174 ter
306 5133 427 5189 praa
459 5133 524 5173 se
546 5133 746 5174 rerens
773 5117 1190 5190 unusquisque
1219 5121 1509 5188 resurget.

268 5212 318 5263 Δ
352 5222 454 5261 rea
483 5211 541 5261 et
557 5205 890 5278 ﬂagellante
910 5205 1272 5262 conscientia
1289 5205 1482 5276 liberi,
1506 5204 1724 5262 ﬁducia
1742 5205 1861 5278 ple-

194 5296 256 5351 ni
316 5299 380 5352 et
436 5294 656 5351 hilares
714 5296 1088 5368 apparebunt
1139 5294 1292 5366 justi
1344 5310 1570 5352 omnes.
1603 5296 1859 5352 Suorum

193 5385 422 5458 quippe
470 5385 740 5442 laborum
788 5385 1238 5458 multorumque
1291 5385 1682 5442 certaminum
1732 5403 1860 5459 quin

193 5475 516 5531 subierunt
548 5475 880 5531 mercedem
911 5476 1357 5547 exspectabant.

260 5565 610 5622 Clarisonus
640 5570 768 5620 tum
801 5563 1024 5622 clamor
1057 5565 1213 5621 dicet
1259 5581 1273 5621 ζ
1305 5559 1656 5636 Εοοθ’]ιιᾶθι
1675 5565 1856 5633 venit,

190 5660 256 5712 ut
287 5655 541 5728 populos
573 5671 778 5712 omnes
827 5654 1073 5726 judicet,
1107 5659 1166 5711 et
1198 5672 1301 5728 pro
1352 5655 1638 5727 dignitate
1678 5655 1858 5728 quili-

193 5748 293 5803 bet
316 5761 567 5803 suorum
600 5745 872 5802 laborum
904 5746 1151 5817 praemia
1170 5746 1336 5816 juste
1364 5744 1631 5818 accipiat.

1951 625 2090 663 num
2120 608 2411 663 malorum
2442 610 2698 664 tenebris
2730 609 2976 664 olIusam
3001 607 3271 664 illumina
3293 624 3307 663 :
3332 625 3449 680 quo
3471 614 3596 664 tan-

1950 714 2124 767 quam
2156 697 2313 752 {ilius
2357 697 2509 752 lucis
2555 714 2732 769 opera
2783 697 2929 753 lucis
2976 698 3218 767 faciens,
3259 716 3292 752 a
3338 697 3598 754 tenebris

1951 786 2335 843 exterioribus
2367 786 2602 842 liberer.

2649 885 2788 941 ODE
2833 889 2899 940 V.

2023 974 2188 1029 Mens
2213 978 2267 1028 et
2299 990 2466 1029 renes
2501 973 2981 1044 contremiscent,
3016 974 3116 1030 ubi
3155 975 3478 1030 terribilem
3527 975 3595 1029 il-

1951 1062 2067 1118 lius
2080 1064 2232 1118 tubaa
2247 1061 2581 1134 clangorem
2597 1063 3036 1136 clamoremque
3057 1063 3374 1128 audierint,
3390 1063 3599 1136 Abyssi

1953 1151 2435 1223 ingemiscent,et
2462 1152 2708 1207 virtutes
2736 1151 3015 1207 caelorum
3047 1153 3598 1208 commovebuntur.

2022 1241 2325 1297 Invenient
2355 1257 2470 1313 quo
2503 1241 2814 1310 divertant,
2840 1241 2941 1313 qui
2969 1241 3195 1312 lugent,
3221 1241 3437 1313 quippe
3460 1257 3602 1313 pau-

1953 1347 2118 1402 peres
2151 1339 2288 1386 sunt
2318 1330 2642 1386 secundum
2679 1330 2887 1396 Deum,
2917 1334 2974 1385 et
3001 1331 3333 1386 castitatem
3377 1330 3598 1398 colunt,

1953 1425 2009 1475 et
2031 1420 2131 1491 qui
2165 1436 2264 1490 per
2292 1420 2445 1474 viam
2480 1424 2795 1490 augustam
2850 1419 3176 1484 ambulant,
3227 1425 3402 1492 atque
3443 1421 3598 1475 Eden

1953 1509 2352 1564 hereditatem
2386 1509 2622 1577 habent,
2658 1509 2716 1563 in
2769 1508 3181 1564 mansionibus
3234 1509 3600 1564 intemeratis

1954 1602 2385 1670 permanentes.

2026 1686 2240 1741 Divites
2270 1687 2561 1741 ardebunt
2593 1687 2726 1759 igne
2757 1686 3166 1753 humanitatis,
3207 1692 3265 1742 et
3314 1703 3602 1758 pauperes

1953 1774 2012 1830 in
2046 1775 2466 1842 tabernaculis,
2497 1784 2670 1846 atque
2702 1776 2759 1829 in
2793 1776 2926 1830 sinu
2957 1776 3200 1830 Abrahae
3233 1777 3604 1848 conspicien-

1955 1871 2064 1934 tes,
2098 1870 2320 1938 guttam
2355 1882 2517 1938 aquae
2568 1867 2879 1938 rogabunt,
2914 1883 3017 1922 nec
3062 1867 3172 1922 erit
3218 1867 3319 1940 qui
3351 1866 3466 1923 illis
3499 1868 3598 1922 tri-

1957 1956 2118 2012 buat.
2154 1956 2560 2012 Formidemus
2592 1972 2816 2013 omnes.

2023 2045 2109 2102 Da
2140 2045 2307 2112 mihi,
2338 2045 2534 2116 Virgo,
2563 2046 2798 2118 pedicas
2847 2049 2904 2101 et
2957 2045 3196 2117 laqueos
3249 2046 3376 2102 vitea
3423 2046 3604 2116 hujus

1953 2152 2138 2201 vanae,
2169 2151 2235 2190 ac
2267 2135 2536 2205 perituris
2568 2135 2843 2206 effugere,
2866 2139 2923 2190 et
2952 2134 3104 2190 vires
3135 2136 3362 2205 suffice,
3385 2134 3604 2206 quibus

1957 2226 2029 2282 ad
2057 2225 2239 2280 vitam
2274 2224 2532 2281 futuram
2561 2241 2818 2290 curram,
2860 2229 2918 2279 et
2964 2241 2996 2279 a
3046 2224 3293 2281 stridore
3337 2224 3605 2280 dentium

1960 2331 2054 2371 me
2079 2312 2284 2369 libera.

2645 2403 2787 2460 ODE
2826 2403 2923 2460 VI.

2027 2493 2216 2549 Judex
2237 2496 2327 2549 est
2357 2492 3062 2565 incorruptus,judicium
3094 2492 3385 2561 imprimis
3414 2492 3610 2548 formi-

1960 2581 2173 2650 dabile,
2212 2581 2300 2637 ira
2332 2582 2743 2651 intolerabilis,
2777 2592 2834 2638 et
2887 2583 3144 2638 tribunal
3173 2582 3281 2639 hoc
3313 2581 3476 2639 nulla
3506 2599 3608 2654 po-

1959 2677 2076 2727 test
2092 2670 2410 2728 calliditate
2424 2671 2798 2742 versutiaque
2815 2671 2861 2726 ci
2873 2671 3460 2743 rcumveniri.Angeli
3483 2688 3549 2725 cu
3562 2687 3614 2724 ω

1960 2762 2172 2816 timore
2201 2765 2258 2815 et
2288 2764 2540 2815 tremore
2573 2761 2934 2830 ministrant;
2968 2760 3101 2816 libri
3133 2759 3364 2816 occulta
3399 2765 3613 2816 morta-

1961 2850 2108 2905 lium
2139 2850 2415 2921 produnt.
2438 2849 2518 2903 De
2553 2855 2759 2905 caetero
2793 2858 3019 2921 depone
3052 2866 3243 2905 mores
3292 2849 3617 2921 improbos,

1960 2939 2179 3009 anima,
2211 2942 2269 2993 et
2298 2956 2539 2994 amaras
2571 2939 2751 2994 funde
2783 2940 3091 3011 lacrymas.

2036 3028 2181 3084 Cum
2216 3027 2352 3082 hinc
2393 3028 2778 3099 emigravero,
2831 3045 2924 3097 ne,
2977 3029 3174 3100 Tirgo,
3211 3045 3301 3084 me
3353 3029 3612 3084 deseras.

1963 3117 2128 3173 Tunc
2155 3117 2311 3171 enim
2345 3133 2598 3188 nequam
2629 3118 2877 3187 spiritus
2910 3119 3167 3172 animam
3199 3134 3390 3173 meam
3424 3123 3618 3189 capta-

1969 3207 2136 3261 bunt.
2174 3206 2290 3260 Heu
2324 3205 2443 3261 me!
2480 3222 2594 3278 qua
2627 3207 2849 3261 ratione
2873 3207 3149 3278 etfugiam
3175 3207 3328 3272 illos,
3351 3213 3452 3261 aut
3473 3207 3614 3277 quid

1968 3294 2218 3352 faciam?
2273 3298 2397 3350 Heu
2441 3295 2563 3350 mel
2616 3297 2903 3367 quomodo
2954 3295 3263 3353 horribiles
3293 3297 3451 3352 locos
3483 3313 3617 3368 per-

1965 3384 2272 3440 transibo?
2297 3385 2381 3440 Tu
2413 3401 2550 3455 spes
2581 3401 2730 3451 mea,
2763 3390 2825 3440 tu
2857 3390 3060 3457 portus
3092 3401 3277 3454 meus,
3309 3391 3365 3442 et
3397 3390 3532 3441 ante
3562 3389 3620 3440 te

1967 3491 2074 3547 ego
2106 3473 2367 3530 famulus
2399 3480 2536 3530 tuus
2571 3490 2662 3530 me
2693 3480 3024 3547 prosterno.

2634 3581 2774 3637 ODE
2827 3581 2953 3638 VII.

2037 3669 2177 3734 Quis
2209 3669 2321 3725 erit
2350 3686 2560 3725 sensus
2592 3669 2824 3735 animae,
2847 3687 2983 3725 cum
3008 3670 3179 3742 positi
3206 3670 3422 3726 fuerint
3452 3670 3619 3727 thro-

1965 3761 2048 3827 ni,
2075 3765 2132 3814 et
2156 3759 2227 3814 ad
2254 3759 2643 3828 judicandum
2685 3759 2868 3829 judex
2898 3759 2997 3814 ille
3044 3759 3462 3831 integerrimus
3484 3777 3620 3815 con-

1965 3849 2202 3915 sederit,
2235 3855 2291 3902 et
2318 3847 2453 3903 libri
2484 3847 2846 3903 exhibebunt
2875 3847 3179 3904 hominum
3218 3849 3499 3914 actiones,
3527 3865 3618 3905 co-

1966 3937 2283 4010 gitationes
2313 3941 2369 3992 et
2398 3936 2680 3992 consilia?
2714 3937 2802 3994 Vas
2852 3937 2956 3992 tibi
2989 3943 3136 4008 tum,
3171 3955 3202 3993 ο
3252 3937 3384 3994 vilis
3416 3938 3614 3994 anima

1971 4031 2032 4084 et
2065 4027 2398 4082 miserrima
2419 4027 2431 4081 ι

2037 4117 2349 4171 Oratorum
2405 4115 2473 4170 ad
2523 4116 2966 4186 persuasionem
3013 4118 3402 4173 accomodataa
3452 4135 3618 4189 argu-

1966 4207 2377 4276 mentationes,
2436 4212 2493 4262 et
2567 4209 2848 4263 orationis
2924 4214 3295 4275 ornamenta,
3350 4210 3617 4276 artificia,

1966 4299 2278 4354 verborum
2311 4297 2568 4369 strOphae
2597 4315 2664 4353 ac
2697 4297 2934 4354 fallacias
2960 4299 3270 4370 desinent;
3312 4301 3606 4371 sapientes

1964 4405 2169 4443 omnes
2200 4387 2775 4455 obmutescent,libri
2809 4406 3049 4461 operum
3082 4389 3413 4461 loquentur,
3437 4388 3621 4445 homi-

1967 4478 2143 4533 nibus
2173 4477 2517 4549 angelisque
2547 4478 2726 4534 simul
2758 4479 3157 4536 audientibus.

2037 4565 2563 4622 Innumerabilium
2597 4568 2940 4640 angelorum
2970 4568 3260 4624 exercitus
3308 4569 3522 4624 astabit
3554 4586 3618 4624 ac

1964 4654 2245 4710 thronum
2297 4655 2708 4711 circumdabit.
2769 4656 3048 4712 Homines
3107 4662 3303 4712 autem
3357 4658 3614 4713 universi

1967 4743 2206 4800 stabunt
2227 4743 2450 4814 tristes,
2500 4745 2912 4799 necessitatem
2946 4744 3293 4801 horriferam
3328 4745 3610 4813 videntes,

1965 4837 2022 4891 et
2052 4831 2406 4888 sententiam
2430 4833 2831 4903 justissimam
2867 4840 3217 4891 metuentes.

2039 4921 2391 4992 Aspersione
2425 4921 2572 4977 roris
2603 4921 2710 4992 tui,
2745 4922 2963 4979 intacta
2991 4923 3192 4997 Virgo,
3239 4925 3506 4980 ardorem
3542 4927 3618 4982 li-

1970 5011 2192 5068 bidinis
2226 5028 2367 5068 mea:
2394 5013 2712 5084 restingue.
2746 5013 2888 5070 Nam
2921 5015 2979 5070 in
3011 5020 3067 5070 te
3096 5015 3350 5071 Verbum
3387 5016 3488 5071 Dei
3540 5017 3620 5072 si-

1970 5106 2070 5158 cut
2101 5101 2298 5174 pluvia
2328 5102 2386 5156 in
2421 5102 2605 5160 vellus
2633 5104 2961 5176 descendit,
3001 5104 3298 5174 ﬁdelibus,
3342 5106 3623 5178 gehennae

1971 5209 2181 5267 rogum
2215 5195 2620 5267 exstinguens.

2039 5384 2204 5439 Tunc
2231 5384 2461 5441 ordines
2491 5384 2754 5441 fidelium
2785 5386 3308 5456 examinabuntur,
3361 5389 3623 5462 episc0pi

1970 5491 2224 5548 quoque,
2259 5477 2614 5544 sacerdotes,
2639 5475 2852 5547 levites,
2889 5478 3162 5534 monachi
3197 5494 3209 5533 :
3244 5495 3379 5535 nam
3417 5480 3476 5535 in
3526 5497 3624 5536 or-

1970 5565 2106 5620 dine
2160 5581 2267 5620 suo
2317 5563 2570 5636 quisque
2620 5571 2908 5640 resurget,
2961 5573 3026 5624 ut
3073 5568 3322 5640 quisque
3359 5573 3621 5625 actorum

1971 5670 2217 5711 suorum
2251 5655 2539 5711 rationem
2571 5657 2798 5713 reddat.

2046 5745 2456 5818 Trepidabunt
2484 5763 2690 5804 omnes
2721 5749 3036 5822 principes,
3062 5749 3346 5822 Opulenti,
3373 5767 3537 5824 reges
3568 5758 3625 5809 et
