4258 6438
597 434 703 490 407
1850 435 2220 495 GEORGIUS
2255 440 2256 446 “

2371 433 2767 493 manus.
2790 480 2793 487 .
3754 442 3757 443 ⁷
3908 432 4015 489 ιω

602 559 884 631 dynastas.
906 558 1179 615 consules
1209 574 1277 614 ac
1308 559 1609 631 praesides.
1642 560 1729 616 Ah
1751 560 2254 619 omniChristiano
2285 564 2340 631 Α
2441 561 2527 617 lbi
2558 562 2766 618 animae
2812 561 3300 618 lamentabantur
3346 564 3405 617 et
3451 560 3831 629 frendebant,
3856 576 3891 615 a
3918 575 4019 615 co-

604 653 899 721 queretur
953 648 1246 719 quomodo
1297 653 1466 719 pacta
1512 654 1794 706 conventa
1850 652 1909 706 in
1962 651 2250 723 baptismo
2368 650 2563 719 gnatis
2585 656 2642 706 et
2672 652 2879 707 smmis
2930 651 3357 712 senarationem
3404 649 3817 723 perpetientes.
3877 652 4017 704 Fra-

604 739 748 792 inita
780 738 1114 793 servaverit.
2368 742 2489 793 tres
2519 740 2676 795 enim
2726 740 3113 808 devellentur,
3171 745 3335 810 pater
3387 757 3422 796 a
3475 739 3617 805 lilio,
3657 738 3885 793 amicus
3943 736 4020 792 ab

677 827 988 882 Patefactis
1017 831 1075 881 et
1108 826 1437 882 manifestis
1468 828 1746 885 omnibus
1777 827 2043 884 omnium
2076 828 2253 884 actio-
2369 829 2581 898 amico,
2632 830 2912 902 conjuges
2956 848 2988 886 a
3029 831 3383 902 conjugibus
3412 828 3558 885 locis
3588 833 4023 885 tormentorum

605 916 801 984 nibus,
851 917 1215 973 tremendam
1244 918 1426 988 judex
1474 919 1730 990 proferet
1775 919 2150 984 sententiam,
2198 922 2257 973 et
2371 916 2598 973 saviter
2629 917 3045 975 discernentur
3070 936 3137 974 ac
3165 919 3605 990 disjungentur.

595 1008 798 1077 justos
849 1023 883 1062 a
921 1006 1142 1063 dextris
1194 1007 1535 1076 constituet,
1571 1012 1907 1080 peccatores
1939 1009 1999 1064 in
2026 1006 2255 1079 suppli-

603 1096 759 1151 cium
781 1096 1063 1151 dimittet.

677 1187 722 1239 Α
754 1185 995 1241 ﬂamma
1025 1185 1327 1257 gehennae,
1360 1203 1393 1241 a
1418 1186 1679 1242 tenebris
1710 1192 1768 1243 et
1795 1203 2013 1253 verme,
2056 1204 2088 1242 a
2117 1186 2256 1242 stri-

608 1275 745 1330 dore
776 1276 1044 1331 dentium
1099 1278 1157 1331 et
1185 1280 1431 1341 tartaro,
1486 1293 1521 1331 a
1565 1275 1698 1331 lacu
1732 1277 1887 1348 ignis
1908 1280 1964 1332 et
1994 1276 2255 1347 omnige-

608 1381 752 1419 num
787 1380 1095 1436 pmnarum
1120 1363 1326 1432 libera,
1351 1364 1554 1437 Virgo,
1583 1369 1638 1420 te
1668 1365 1728 1420 in
1760 1366 1873 1421 ﬁde
1917 1364 2259 1421 collaudan-

608 1458 721 1511 tes.

2442 1049 2629 1121 Reges
2661 1051 2848 1107 instar
2895 1051 3207 1107 infantium
3258 1051 3504 1118 ﬂebunt,
3537 1054 3595 1105 et
3638 1048 4010 1122 expellentur

2370 1139 2667 1211 principes
2724 1140 2797 1195 ab
2855 1142 3572 1213 Eden,projicienturque
3622 1140 3680 1194 in
3740 1139 4027 1211 gehennae

2372 1229 2565 1301 ignem
2594 1247 2607 1285 :
2640 1230 2779 1286 hinc
2810 1230 2969 1286 illinc
3000 1231 3260 1287 videntes
3292 1230 3553 1303 angelos.
3600 1246 3634 1284 a
3683 1228 3902 1301 quibus
3956 1243 4030 1283 eo

2373 1318 2821 1389 compellantur,
2869 1318 3106 1390 illisque
3178 1318 3611 1393 supplicantes,
3640 1332 3846 1374 verum
3878 1315 4037 1372 nihil

2373 1407 2764 1479 proﬁcientes.

1294 1543 1437 1598 ODE
1469 1545 1569 1599 IX.
2444 1542 2529 1597 En
2562 1543 2760 1613 amici,
2784 1543 2898 1599 diei
2932 1542 3234 1599 horribilis
3267 1541 3677 1598 necessitatem
3712 1540 4033 1597 audivistis

680 1631 942 1687 Mortalis
974 1631 1167 1687 omnis
1195 1632 1371 1687 rebus
1402 1632 1639 1687 caducis
1690 1632 1946 1700 deditus,
1978 1637 2121 1687 tunc
2172 1650 2264 1688 vo-
2373 1648 2600 1687 omnes.
2634 1636 3121 1705 Prteoccupemus
3167 1631 3389 1688 Christi
3422 1632 3630 1688 faciem
3662 1632 3721 1687 in
3753 1630 4035 1704 psalmis,

609 1721 868 1792 luptatos
900 1720 1155 1775 irridens
1187 1724 1366 1791 atque
1387 1724 1797 1785 contemnens,
1823 1725 1881 1775 et
1908 1722 2114 1776 acerbe
2139 1721 2264 1792 plo-
2374 1724 2432 1774 et
2461 1720 2755 1792 precibus.
2808 1722 2923 1777 Ora
2980 1738 3083 1793 pro
3139 1721 3329 1788 nobis,
3361 1720 3578 1793 Virgo;
3611 1726 3780 1777 orent
3809 1718 4037 1792 angeli,

611 1824 748 1863 rens
779 1806 979 1861 dicet:
1017 1806 1122 1861 Ubi
1159 1811 1343 1878 pater,
1378 1808 1477 1862 ubi
1532 1813 1737 1877 mater,
1792 1808 1889 1862 ubi
1939 1808 2128 1877 liberi,
2163 1808 2262 1863 ubi
2375 1808 2729 1879 Prmcursor,
2758 1814 3096 1865 sanctorum
3146 1808 3548 1882 apostolorum
3602 1809 4039 1873 duodenarius,

613 1896 759 1961 noti,
795 1894 892 1950 ubi
928 1894 1123 1959 amici,
1152 1896 1249 1950 ubi
1285 1896 1536 1968 cognati,
1570 1897 1669 1952 ubi
1704 1897 1943 1953 honoris
1973 1896 2263 1969 imagina-
2296 1928 2344 1993 Β
2378 1914 2586 1955 omnes
2615 1900 2853 1955 demum
2886 1900 3098 1956 sancti.
3129 1901 3338 1956 Amen.

612 1984 694 2039 tio
711 1984 731 2038 ἒ
763 1984 973 2039 Omnia
1002 1992 1387 2043 evanuerunt.

613 2107 4042 2154 Μ

1943 2224 2105 2269 ΔιιΝο
2149 2226 2365 2273 DOMINI
2409 2226 2691 2271 ICCCXXX

1082 2712 1089 2719 ι
1224 2349 2034 2602 GEOGIUS
2140 2350 3390 2708 PlCllYllEllES

1982 2694 2681 2907 NoﬁTIA

1236 2950 1350 3033 (Ex
1382 2954 1588 3013 Leone
1615 2950 1848 3013 Allstio
1880 2950 1969 3013 De
2000 2948 2298 3032 Georgiis,
2335 2970 2432 3032 sp.
2482 2950 2730 3014 Fabric.
2765 2949 2927 3012 Bibl.
2964 2951 3072 3012 Gr.
3105 2956 3260 3012 tom.
3294 2950 3403 3031 Χ.)

676 3193 962 3265 Georgius
990 3188 1410 3270 Pachymeres;
1429 3198 1938 3272 Constantinopoli
1968 3200 2277 3269 oriundus,
2309 3200 2411 3256 sed
2442 3199 2645 3256 Nisae
2678 3202 2842 3255 ortus
2875 3203 3045 3271 atque
3077 3197 3383 3268 educatus,
3416 3199 3479 3255 in
3511 3198 3888 3256 sacerdotum
3922 3214 4046 3253 nn-

608 3296 837 3337 merum
868 3288 1199 3356 cooptatus,
1235 3286 1759 3354 hieromnemonis,
1793 3289 2112 3360 protecdici
2144 3289 2222 3359 (a)
2253 3292 2306 3343 et
2337 3287 2787 3361 dicasophylacis
2817 3292 3037 3344 honore
3069 3293 3278 3345 auctus
3309 3293 3399 3346 est
3428 3288 3759 3359 claruitque
3780 3287 3895 3343 sub
3927 3284 4044 3342 Mi-

606 3370 806 3426 chaele
837 3377 895 3427 et
926 3374 1277 3431 Andronicis
1324 3375 1666 3450 Pslaologis
1697 3378 1795 3449 (b).
1862 3376 1989 3448 Ipse
2021 3378 2094 3433 de
2151 3394 2213 3433 se

2380 3377 2668 3451 principio
2721 3377 3006 3433 Historiae.
3066 3374 3336 3451 Γιώργιος
3386 3371 4049 3445 Κωνσταντινουπολίτης

611 3458 707 3531 μὲν
764 3459 825 3513 τὸ
880 3460 1157 3535 ἀνέκαθεν,
1191 3461 1243 3518 ἐν
1277 3464 1476 3535 Νικαίᾳ
1524 3462 1582 3519 δὲ
1637 3466 1725 3519 καὶ
1777 3466 2079 3541 γεννηθεὶς,
2130 3467 2216 3520 καὶ
2268 3466 2517 3542 τραφεὶς,
2548 3464 2599 3519 ἐν
2643 3464 3055 3521 Κωνσταντίνου
3105 3463 3163 3519 δὶ
3210 3465 3477 3541 καταστὰς
3530 3463 3710 3533 αὖθις,
3760 3462 3852 3519 ὅτε
3902 3466 4047 3519 Θεοῦ

607 3546 833 3619 νεύματι
869 3550 970 3604 ὑπὸ
1017 3550 1308 3625 Ῥωμαίων
1363 3552 1597 3628 ἐγένετο,
1658 3551 1858 3609 εἷ’κοσιν
1914 3555 2030 3617 ἑνὸς
2078 3551 2288 3616 δέοντος
2343 3552 2622 3625 τηνικάδε,
2683 3553 2773 3609 καὶ
2828 3553 3026 3629 κλήρῳ
3085 3552 3261 3615 δοθεὶς
3320 3554 3471 3626 etim,
3503 3553 3592 3609 καὶ
3644 3553 3953 3626 ἀξιώμασιν
3988 3552 4046 3607 ἐν

608 3635 1083 3707 ἐκκλησιαστικαῖς
1140 3639 1461 3716 διαπρέψας,
1512 3643 1601 3697 καὶ
1656 3641 1710 3705 ἐς
1740 3642 2115 3719 πρωτεκδίκου
2176 3642 2381 3722 φθᾶσας
2426 3646 2623 3718 τιμὴν,
2655 3639 2734 3699 ἔτι
2780 3641 2836 3699 δὶ
2866 3644 2958 3698 iui.
3010 3642 3063 3698 ἔν
3108 3643 3435 3719 ἀνακτόροις
3485 3644 3562 3706 sic
3636 3642 4051 3721 δικαιοφύλακα

607 3728 884 3800 τιμηθεὶς,
916 3727 1044 3784 τάδε
1074 3730 1423 3807 ξυνέγραψεν.
1460 3734 1722 3805 Georgius
1748 3736 2256 3807 Constantinopoli!

2371 3736 2546 3803 indus,
2579 3736 2779 3793 Nica'ae
2812 3744 2998 3791 tamen
3028 3745 3183 3791 ortus
3211 3744 3265 3792 et
3293 3738 3547 3791 enutrius
3577 3734 4048 3806 Constantinopo-

609 3819 816 3891 limque
845 3837 1040 3877 rursus
1065 3822 1368 3893 restitutus,
1397 3839 1523 3878 cum
1552 3823 1655 3879 Dei
1681 3829 1821 3879 nutu
1847 3826 1906 3879 in
1934 3834 2266 3897 potestatem
2296 3824 2466 3881 rediit
2498 3828 2887 3895 Romanorum,
2920 3825 3101 3881 decem
3131 3829 3186 3881 et
3212 3840 3409 3882 novem
3469 3833 3601 3881 tunc
3654 3840 3835 3881 annos
3871 3832 4050 3879 natus

609 3918 665 3964 et
681 3911 823 3964 clero
853 3909 1040 3967 divino
1071 3914 1368 3984 ascriptus,
1400 3921 1453 3969 et
1481 3912 1852 3985 dignitatibus
1877 3914 2271 3971 ecclesiasticis
2298 3913 2712 3985 condecoratus,
2744 3922 2795 3970 et
2823 3914 2899 3970 ad
2925 3913 3265 3984 dignitatem
3293 3929 3463 3987 usque
3486 3909 3775 3986 protectici
3809 3928 4049 3985 promo-

607 4000 718 4064 tus,
774 3999 997 4057 dimoet
1028 4002 1086 4057 in
1116 4003 1251 4058 aula
1276 4002 1701 4074 diczophytacis
1726 4003 1910 4074 ofﬁcio
1939 4006 2243 4075 insignitus
2298 4003 2412 4059 hac
2464 4005 2807 4074 conscripsit.
2841 4002 3183 4059 Protecditus
3239 4003 3391 4059 male
3448 4006 3506 4059 et
3550 4002 3801 4075 epitome
3830 4000 4053 4058 Gesne-

611 4088 778 4145 riana
798 4089 857 4145 in
886 4092 1253 4162 protecdium,
1288 4098 1345 4150 et
1372 4093 1430 4148 in
1467 4092 1883 4166 supplemento
1914 4094 2205 4167 epitomes
2232 4092 2474 4163 Antonii
2503 4091 2764 4149 Verderii
2794 4091 3147 4158 protectitum
3170 4096 3451 4149 mutatus
3481 4097 3612 4162 est;
3655 4091 3814 4166 quod
3865 4090 4048 4147 nihili

608 4181 718 4235 est.

680 4269 732 4323 1.
764 4269 1013 4341 Scripsit
1042 4271 1103 4325 in
1126 4270 1461 4327 universam
1496 4269 1614 4326 fere
1642 4269 1967 4327 Aristotelis
2006 4270 2432 4344 philosophiam
2466 4260 2780 4342 epitomem'
2806 4269 2877 4342 (c)
2908 4286 3037 4343 quas
3069 4285 3103 4325 a
3140 4269 3412 4343 Philippo
3442 4269 3651 4327 Bechio
3680 4268 4048 4342 philosopho

608 4373 674 4413 ac
705 4358 931 4414 medico
963 4359 1022 4414 in
1057 4360 1334 4416 Latinum
1367 4374 1701 4415 sermonem
1746 4376 2027 4417 conversa
2054 4361 2213 4417 edita
2242 4359 2485 4418 Basileae
2519 4360 2679 4427 1569,
2730 4359 2888 4431 apud
2945 4359 3300 4415 Frobenium
3350 4359 3411 4415 in
3471 4359 3573 4417 fol.
3625 4375 3757 4415 cum
3803 4358 4045 4431 Synesii

606 4448 993 4523 orationibus.
1025 4452 1143 4505 Hoc
1175 4450 1397 4522 quippe
1430 4450 1779 4523 compendio
1812 4450 2203 4524 Pachymerss
2261 4450 2604 4507 obscuriora
2658 4447 2989 4505 Aristotelis
3045 4447 3177 4505 loca
3230 4464 3345 4505 non
3399 4451 3633 4504 tantum
3664 4448 3737 4504 de
3764 4464 3901 4516 suo,
3935 4449 4047 4504 sed

604 4539 855 4595 aliorum
890 4540 1068 4595 etiam
1100 4540 1407 4596 sententiis
1440 4546 1616 4613 atque
1649 4543 2117 4614 expositionibus
2145 4540 2408 4614 prolatis,
2444 4556 2549 4597 nec
2591 4538 2951 4610 ineleganter
2977 4538 3290 4611 explanat;
3323 4538 3407 4594 ita
3436 4538 3509 4594 ab
3550 4538 3680 4611 ipsa
3726 4537 4045 4609 Porphyrii

606 4629 850 4701 Isagoge
897 4646 1047 4701 opus
1078 4647 1342 4696 exorsus,
1383 4635 1440 4685 et
1470 4647 1572 4702 per
1602 4648 1810 4688 omnes
1837 4649 1977 4688 suas
2011 4637 2207 4703 partes
2239 4630 2675 4705 philosophiam
2700 4646 3072 4703 percurrens,
3104 4629 3163 4683 in
3196 4628 3387 4701 ipsius
3419 4628 3832 4701 metaphysicte
3864 4643 4041 4684 com-

607 4720 889 4790 pendiosa
909 4721 1163 4793 epitome
1194 4721 1372 4775 ﬁnem
1402 4720 1558 4775 facit.
1592 4722 1843 4777 Bechius
1894 4722 2100 4778 scribit
2140 4722 2251 4778 hoc
2307 4738 2455 4793 opus
2507 4720 2804 4793 accepisse
2834 4736 2898 4775 se
2936 4722 3002 4775 ex
3037 4718 3337 4774 Basiliensi
3370 4718 3690 4775 admodum
3722 4717 4043 4785 lacunoso,

607 4811 913 4878 mendoso,
945 4815 1004 4867 et
1035 4810 1206 4882 quasi
1234 4810 1611 4879 indistincto;
1647 4812 1829 4867 altero
1863 4812 2208 4884 Fuggersno
2242 4811 2448 4868 multis
2489 4811 2551 4867 in
2593 4810 2739 4866 locis
2770 4813 3069 4882 corrupto,
3122 4808 3422 4880 fuisseque
3460 4808 3731 4879 adjutum
3773 4807 3833 4864 in
3889 4807 4049 4865 locis

604 4899 952 4957 difﬁcimilis
984 4918 1017 4957 a
1046 4900 1273 4957 Joanne
1327 4900 1691 4972 Hospiniano
1718 4906 1771 4958 et
1804 4901 2091 4958 Gulielmo
2140 4901 2465 4975 Xylandro;
2528 4905 2592 4957 ut
2648 4900 2887 4956 omnino
2918 4900 2979 4954 in
3011 4914 3175 4970 spem
3208 4899 3424 4955 bonam
3455 4898 3695 4966 venerit,
3731 4901 4046 4954 auctorem

602 4988 759 5045 hunc
786 5007 902 5047 non
938 4990 1193 5063 pessime
1225 5006 1259 5045 a
1292 5005 1354 5044 se
1388 5006 1625 5045 rursum
1658 4990 1717 5045 in
1746 4990 1941 5047 lucem
1975 4992 2227 5063 prodire.
2262 4993 2327 5047 In
2358 4990 2611 5062 reliquis,
2642 4990 2742 5044 ubi
2769 4988 3158 5060 Pachymeres,
3211 4988 3291 5043 ait
3320 4988 3598 5055 Bechius,
3628 4988 3718 5044 vel
3744 5004 3899 5054 suos,
3952 4988 4046 5044 vel

601 5082 846 5136 aliorum
877 5081 1256 5136 meditationes
1285 5079 1470 5151 aﬂert,
1518 5079 1723 5151 majori
1751 5082 1919 5137 etiam
1966 5081 2269 5151 diﬁcuttate
2294 5090 2524 5153 propter
2546 5080 2937 5136 obscuritatem
2966 5094 3090 5133 sum
3118 5084 3395 5134 uerutus.
3440 5078 3578 5133 Nam
3625 5077 3809 5133 verbis
3852 5077 4045 5133 inter-

596 5168 729 5227 dum
752 5172 938 5227 utitur
962 5188 1073 5228 non
1103 5170 1236 5225 adeo
1268 5170 1450 5224 tristis
1473 5185 1538 5224 ac
1567 5169 1817 5240 usitatis,
1871 5171 2161 5226 interdum
2203 5169 2514 5227 sententias
2562 5168 2806 5237 inchoat,
2836 5171 2890 5223 et
2917 5168 3015 5223 vix
3061 5166 3280 5223 tandem
3328 5168 3636 5234 interiectis
3686 5166 3823 5222 bene
3861 5167 4050 5238 longis

594 5262 1041 5332 parenthesibus,
1070 5261 1318 5317 absolvit.
1354 5258 1548 5315 Unum
1576 5263 1634 5315 et
1666 5260 1966 5333 integrum
1994 5277 2143 5333 opus
2173 5261 2247 5317 ob
2277 5260 2371 5317 sui
2405 5259 2619 5316 molem
2652 5275 2785 5315 raro
2816 5274 2935 5313 uno
2963 5255 3263 5313 volumine
3314 5256 3636 5327 clauditur,
3678 5255 3935 5329 ideoque
3980 5256 4049 5313 in

596 5355 791 5420 partes
822 5350 1075 5407 scissum
1110 5350 1219 5407 sub
1252 5346 1501 5406 diversis
1537 5346 1750 5414 titulis,
1782 5352 2067 5420 tanquam
2095 5347 2309 5404 diversi
2342 5350 2628 5403 tractatus
2658 5348 3092 5417 proponuntur.
3116 5342 3268 5415 Ejus
3298 5348 3497 5416 partes
3527 5343 3719 5399 editas
3742 5348 3803 5399 et
3827 5358 4051 5399 manu-

594 5441 867 5513 scriptas,
899 5446 963 5497 ut
992 5441 1162 5496 varice
1193 5438 1308 5494 alio
1341 5441 1519 5509 atque
1550 5435 1665 5493 alio
1697 5438 1978 5509 dispersa:
2005 5436 2065 5493 in
2092 5437 2469 5494 bibliothecis
2497 5435 2904 5500 inveniuntur,
2937 5433 3037 5489 hic
3069 5433 3339 5489 referam.
3374 5433 3455 5489 Ex
3500 5434 3608 5490 hoc
3639 5432 3845 5506 itaque
3870 5450 4010 5492 com
4031 5456 4055 5469 -

667 5571 745 5641 (a)
796 5562 1718 5644 'I‘nopvnparnypaicpoedicitun
1754 5565 2144 5639 Pachymerss
2204 5567 2256 5622 in

2371 5638 2383 5644 ᾳ
2448 5565 2518 5644 (c)
2546 5565 2739 5644 Graece
2770 5566 3043 5644 superest
3066 5577 3185 5644 χρυ.
3211 5560 3278 5644 ip
3312 5563 3489 5619 variis
3518 5559 3920 5644 bibliothecis,
3975 5542 4050 5617 αι

598 5631 899 5713 τηέ.ἐιρυᾱ
936 5631 1502 5713 ἰιαῶδοωὶίίωἪΙΙ,
1536 5655 1592 5711 p.
1628 5640 1755 5713 38,5.
1804 5709 1840 5713 __
1913 5631 1933 5639 ⁷
2006 5710 2016 5713 _
2056 5710 2065 5713 _
2149 5710 2159 5713 _
2368 5638 2428 5693 in
2454 5631 2767 5713 'C'oislinia,
2825 5631 3008 5713 testes
3066 5632 3601 5713 Mon_tfancono,_p.
3650 5633 3777 5691 222.
3808 5631 4045 5713 Versus

670 5714 748 5792 (lg)
780 5706 1149 5792 Andronicus
1182 5706 1553 5792 Palasglogus'
1576 5709 1845 5767 Michaeli
1865 5710 2020 5783 patri
2050 5710 2112 5766 in
2144 5710 2258 5767 im-
2367 5726 2520 5792 quos
2551 5706 3089 5792 Racbymeresipse
3118 5708 3389 5780 epitome
3417 5706 3560 5765 huic
3590 5722 3719 5765 sua
3758 5706 4042 5778 praﬁxit,

598 5779 758 5859 perio
789 5788 1073 5845 successit
1103 5792 1171 5842 Λ.
1205 5786 1265 5843 C.
1303 5779 1465 5861 1282'.
1865 5779 1885 5783 “
2368 5779 2605 5839 exhibet
2632 5779 2887 5837 Allatius
2917 5779 3090 5836 infra.
