4258 6438
170 393 280 448 409
1722 387 1851 442 N01

1901 389 2033 441 HA.
3478 380 3582 434 410

172 514 392 588 pendio
421 512 578 568 edita
606 513 772 576 sunt,
799 507 1072 582 Γιωργίου
1121 503 1398 576 διακόνου,
1455 506 1546 560 nul
1595 503 1853 580 δικαιυφό

1903 527 2050 574 suae,
2098 509 2197 560 τοῦ
2251 503 2605 580 Παχυμιρου,
2662 503 2788 578 περὶ
2843 507 2951 558 τῶν
2995 500 3050 574 EE
3095 509 3196 573 τῆς
3249 501 3584 579 φιλοσοφίας

172 604 448 674 ὁρισμῶν,
496 599 587 654 καὶ
638 603 748 653 τῶν
803 599 962 652 nives.
1019 601 1214 674 φωνῶν
1271 594 1360 650 καὶ
1417 600 1524 650 τῶν
1576 593 1702 650 δέκα
1747 616 1853 651 κατ

1902 599 2118 671 γοριῶν.
2151 595 2366 666 Georgii
2394 593 2622 651 diaconi
2649 602 2701 650 et
2727 593 3168 666 dicamphylacis,
3199 593 3583 664 Pachymerse,

172 695 239 749 de
268 708 368 748 sea:
394 689 762 763 philosophis
791 688 1228 759 deﬁnitionibus,
1260 696 1314 742 et
1344 687 1411 742 de
1438 688 1679 758 quinque
1708 689 1926 743 vocibus
1955 691 2008 742 et
2053 687 2122 741 de
2167 686 2346 741 decem
2391 685 2852 756 pradicamentis.
2902 689 2950 738 A
2991 683 3208 740 Jacobo
3261 683 3585 738 Foscareno

171 781 536 837 translatum
585 779 794 835 Greca
843 783 903 834 et
949 779 1150 834 Latine
1178 777 1437 833 Venetiis
1469 793 1567 848 per
1595 776 1982 848 Stephanum,
2014 782 2071 832 et
2101 776 2308 831 fratres
2339 777 2408 831 de
2437 776 2609 831 Sabio
2633 775 2792 841 1532,
2824 791 2958 830 cum
2991 773 3159 830 Pselii
3194 778 3250 828 et
3274 770 3583 842 Nicephori

176 870 523 927 Blemmida
553 867 918 942 compendiis
942 869 1000 923 in
1037 869 1301 940 Logicam
1331 865 1696 935 Aristotelis;
1729 871 1785 922 et
1818 871 2020 938 postea
2049 865 2310 932 Parisiis,
2360 881 2512 921 anno
2565 865 2722 931 1548,
2771 865 2824 918 8.
2878 863 3071 919 Grece
3119 863 3382 918 auctiora
3431 858 3584 930 apud

175 960 596 1027 Vascosanum,
647 965 706 1016 et
753 977 871 1016 una
927 974 1062 1014 cum
1121 957 1243 1014 illis
1302 957 1718 1030 compendium
1775 956 1836 1012 in
1889 955 2148 1028 reliquos
2207 957 2422 1029 Organi
2470 954 2828 1012 Aristotelici
2879 955 3082 1021 libros,
3129 956 3200 1009 De
3244 951 3586 1022 interpreta-

171 1051 325 1105 tione
389 1065 624 1122 nempe,
693 1051 942 1116 Priores,
1001 1050 1052 1102 et
1116 1046 1451 1103 Posteriores
1516 1045 1854 1118 Analyticos,
1919 1045 2156 1117 Topicos,
2215 1061 2280 1101 oc
2335 1045 2666 1118 Sophisticos
2733 1044 2994 1101 Elenchos
3051 1043 3174 1115 (d);
3232 1058 3362 1113 qua:
3410 1045 3587 1095 antea

175 1138 385 1194 Latins
424 1154 492 1194 ex
532 1137 1014 1210 interpretatione
1060 1137 1306 1192 Joannis
1363 1136 1635 1208 Baptistae
1691 1136 1916 1190 Rasarii
1966 1135 2230 1191 ediderat
2278 1137 2454 1207 idem]
2503 1136 2874 1192 Vascosanus
2924 1134 3160 1198 ibidem,
3209 1148 3362 1186 anno
3416 1128 3580 1194 1557,

168 1227 224 1282 8.
263 1229 344 1284 De
375 1227 485 1283 hoc
510 1242 684 1300 opere
726 1226 970 1282 Michael
1019 1225 1391 1282 Vascosanus
1441 1242 1456 1280 :
1509 1225 1817 1281 Aristotelis
1865 1223 2126 1280 universa
2174 1240 2342 1295 opera
2389 1224 2650 1294 Georgius
2695 1223 3081 1294 Pachymeres,
3136 1220 3340 1277 Graece
3383 1220 3583 1289 facuno

168 1315 285 1374 die
337 1320 532 1372 auctor
583 1317 946 1388 gravissimus
1000 1331 1066 1371 ac
1119 1315 1410 1384 magister,
1464 1314 1533 1370 ob
1586 1314 1827 1368 nimium
1883 1314 2002 1382 eius
2055 1317 2430 1385 protestatem,
2486 1330 2552 1369 ac
2608 1313 2909 1368 disserendi
2955 1310 3317 1366 subtilitatem
3365 1308 3432 1362 ab
3481 1321 3586 1360 usu

169 1414 466 1475 remotam,
517 1406 579 1459 in
630 1405 922 1476 epitomem
967 1407 1268 1471 contraxit,
1320 1406 1399 1459 ita
1448 1412 1635 1459 tamen
1687 1402 1938 1473 singulas
1986 1403 2105 1474 ejus
2159 1407 2346 1473 partes
2402 1403 2785 1473 complectens,
2836 1404 2895 1456 ut
2953 1415 3080 1472 quae
3135 1399 3205 1454 ad
3251 1398 3588 1469 optimarum

167 1510 361 1550 rerum
388 1495 780 1564 cognitionem,
810 1502 980 1564 atque
1011 1495 1071 1548 in
1102 1493 1175 1548 iis
1204 1495 1660 1549 exercitationem
1689 1492 2057 1564 pertinerent,
2088 1491 2234 1546 nihil
2266 1507 2459 1547 eorum
2489 1491 2766 1558 omiserit,
2789 1504 2916 1562 qua
2948 1506 3036 1545 res
3066 1489 3346 1545 diuinitus
3374 1485 3451 1540 ad
3480 1500 3581 1539 nos

168 1582 410 1654 delapsa
437 1583 655 1639 videtur
679 1583 777 1639 hoc
801 1584 1051 1638 maxime
1083 1591 1347 1654 tempore,
1376 1599 1478 1654 quo
1507 1597 1695 1638 omnes
1719 1582 1789 1636 de
1817 1581 2138 1653 prolixilate
2165 1582 2483 1636 studiorum
2522 1583 2586 1636 in
2632 1579 2988 1652 philosophia
3024 1584 3466 1651 conquerantur.
3520 1576 3589 1628 Et

170 1673 456 1729 Basarius
486 1673 696 1728 scribit
722 1671 945 1728 codicis
973 1671 1135 1727 illius
1163 1672 1394 1743 copiam
1425 1672 1539 1728 sibi
1572 1673 1785 1727 factam
1819 1670 2000 1726 fuisse
2031 1687 2064 1726 a
2091 1671 2317 1726 Joanne
2348 1669 2611 1743 Baptista
2637 1671 2957 1742 Speciano;
2988 1668 3044 1724 in
3079 1685 3194 1741 quo
3224 1667 3361 1722 licet
3390 1663 3587 1720 omnia

170 1761 508 1818 Aristotelis
538 1778 712 1834 opera
743 1763 900 1818 brevi
933 1762 1188 1834 quadam
1218 1761 1308 1817 via
1339 1765 1661 1830 contracta,
1694 1764 1752 1816 et
1783 1761 1838 1816 in
1872 1765 2190 1831 augustum
2241 1761 2478 1816 redacta
2520 1761 2978 1829 continerentur,
3034 1759 3158 1830 ipse
3209 1762 3424 1822 tamen,
3477 1751 3578 1824 qui

173 1851 342 1924 prius
374 1867 579 1907 omnes
608 1849 941 1908 Aristotelis
970 1849 1175 1917 libros,
1201 1850 1303 1922 qui
1334 1851 1406 1906 ad
1438 1850 1769 1907 disserendi
1803 1849 2086 1906 rationem
2122 1849 2954 1922 pertinent,perlegsrat,illam
2975 1848 3290 1920 epitomem
3320 1843 3584 1917 perlegit,

173 1945 231 1996 et
261 1940 428 1997 illam
460 1944 708 2012 partem,
741 1957 869 2012 qua
902 1944 1089 1997 artem
1120 1939 1434 2012 eloquendi
1468 1941 1848 2012 petractabat,
1881 1939 2186 2010 convertit,
2243 1945 2300 1995 et
2348 1939 2552 1996 edidit.
2600 1940 2905 2008 Praterea,
2956 1939 3033 1994 De
3079 1954 3179 1992 sea:
3217 1931 3581 2008 philosophiae

172 2029 715 2099 deﬁnitionibus,-de
743 2031 1022 2086 diuisione
1050 2029 1438 2102 philosOphiae,
1468 2030 1536 2085 de
1564 2032 1806 2102 quinque
1833 2029 2073 2100 vocibus,
2095 2029 2161 2085 de
2188 2031 2373 2086 decem
2397 2030 2869 2102 pradicamentis,
2898 2027 3094 2083 Latine
3125 2026 3417 2098 impressa
3447 2025 3587 2078 sunt

173 2117 420 2174 Basiless
452 2135 554 2191 per
581 2119 870 2175 Joannem
901 2118 1247 2191 Oporinum,
1281 2136 1415 2174 cum
1448 2119 1753 2192 Porphyrii
1783 2119 2040 2191 quinque
2069 2121 2332 2184 vocibus,
2364 2124 2420 2175 et
2451 2119 2773 2176 Aristotelis
2823 2117 3318 2190 praedicamentis,
3365 2118 3504 2178 etc.,
3552 2129 3586 2167 a

167 2207 482 2264 Joachimo
529 2207 790 2263 Perionio
840 2207 1046 2264 versis.
1093 2208 1360 2279 Epitome
1409 2208 1757 2265 Generiana.
1805 2210 1868 2264 Et
1915 2207 1982 2263 de
2025 2224 2126 2264 sea:
2169 2208 2582 2279 deﬁnitionibus
2615 2213 2666 2266 et
2694 2207 2966 2264 divisione
2993 2205 3361 2279 philosophia?
3391 2203 3586 2258 Grece

170 2315 309 2355 cum
335 2298 606 2372 Archyta
637 2299 976 2371 Categoriis.
1009 2297 1218 2371 Lipsis
1251 2299 1307 2354 in
1339 2299 1399 2353 8°
1428 2301 1522 2371 (e).
1551 2299 1845 2356 Antonius
1875 2299 2188 2356 Verderius
2219 2299 2276 2354 in
2310 2297 2913 2372 supplemento,nulla
2937 2303 3134 2354 tamen
3165 2311 3300 2352 cum
3331 2310 3392 2350 re
3422 2291 3588 2348 dubi-

165 2388 339 2457 tavit,
373 2404 446 2444 an
480 2391 686 2443 auctor
713 2386 895 2460 hujus
926 2387 1213 2459 epitomes
1239 2387 1392 2444 idem
1425 2388 1503 2444 sit
1527 2404 1660 2444 cum
1684 2388 1930 2460 Georgio
1958 2387 2334 2461 Pachymere.
2386 2389 2650 2460 Georgius
2667 2388 2933 2444 diaconus
2980 2385 3317 2459 protecdicus
3362 2382 3589 2454 scripsit

174 2478 358 2535 Gra'ce
380 2477 674 2548 epitomem
701 2478 924 2549 Logices
951 2478 1282 2544 Aristotelis,
1317 2479 1576 2533 Parisiis.
1610 2479 1669 2533 in
1702 2479 1784 2545 8°,
1841 2477 1989 2549 apud
2026 2479 2398 2534 Vascosanum
2428 2480 2585 2534 1346.
2617 2479 2810 2535 Nescio
2847 2495 2919 2533 an
2964 2476 3011 2532 is
3037 2461 3250 2532 .auctor
3300 2477 3372 2530 sit
3415 2472 3584 2541 idem,

172 2568 350 2638 quiet
378 2565 652 2635 Georgius
679 2567 1066 2636 Pachymeres,
1097 2568 1255 2638 cujus
1281 2582 1450 2638 opera
1482 2565 1669 2624 Graeca
1716 2569 1776 2622 in
1823 2567 2054 2639 epitome
2102 2569 2362 2624 Biblioth.
2424 2568 2640 2625 Gesner.
2685 2569 3059 2624 continentur.
3114 2565 3270 2621 idem
3321 2561 3474 2620 enim
3529 2565 3586 2616 et

173 2670 332 2711 unus
362 2658 455 2711 est
481 2655 792 2728 Georgius,
825 2656 1116 2728 epitomes
1147 2655 1386 2728 Logicea
1414 2660 1639 2725 auctor,
1671 2660 1730 2713 et
1757 2656 2008 2713 aliorum
2039 2672 2284 2729 operum
2314 2673 2442 2730 quas
2481 2656 2862 2730 Pachymerio
2908 2673 2944 2713 a
2991 2653 3337 2712 Generiania
3390 2651 3577 2724 epito-

163 2745 504 2802 matoribus
533 2745 901 2802 tribuuntur.

227 2833 287 2888 2.
323 2833 634 2906 Ejusdem,
670 2838 752 2892 De
781 2835 950 2893 lineis
980 2835 1390 2908 insecabilibus,
1421 2835 1806 2909 Paraphrasis
1835 2837 1988 2894 inter
2013 2834 2344 2893 Aristotelis
2374 2851 2551 2909 opera
2601 2836 2712 2894 sub
2759 2833 3094 2893 Aristotelis
3143 2832 3383 2890 nomine
3427 2830 3586 2888 edita

161 2926 252 2979 est
280 2921 524 2979 Basin
557 2922 716 2992 1531,
748 2923 811 2980 in
838 2923 964 2996 loti,
993 2931 1054 2981 et
1081 2924 1222 2982 alibi
1250 2927 1632 2997 postmodum
1658 2942 1728 2984 ex
1755 2925 2234 2999 interpretatione
2281 2924 2487 2983 Jacobi
2534 2924 2824 2983 Schsnchi
2871 2924 2967 2997 (Ι).
3015 2923 3262 2996 Georgio
3312 2920 3586 2978 restituta

167 3011 364 3068 Grece
416 3015 476 3068 et
525 3011 724 3069 Latine
770 3013 831 3069 in
879 3013 1136 3072 editione
1181 3015 1653 3086 Casauboniana,
1686 3031 1842 3073 anno
1875 3016 2034 3084 1597,
2059 3015 2121 3072 in
2147 3016 2228 3084 8°,
2257 3019 2316 3074 et
2347 3016 2507 3085 1916,
2539 3015 2600 3072 in
2631 3013 2732 3072 fol.
2763 3013 3016 3072 Colonia
3045 3012 3453 3084 Allobrogum,
3483 3007 3586 3065 ubi

168 3101 415 3157 additur
441 3117 512 3158 ex
534 3102 956 3161 nonnullorum
988 3105 1267 3177 opinione
1295 3106 1709 3179 Paraphrasim
1742 3106 1904 3163 illam
1935 3107 2181 3179 Georgio
2212 3106 2394 3162 tribui
2428 3122 2442 3162 :
2475 3107 2889 3179 cujuscunque
2915 3109 3114 3161 tamen
3144 3101 3247 3159 illa
3274 3104 3387 3168 eat,
3409 3098 3589 3172 digna

170 3196 260 3247 est
288 3195 348 3248 et
378 3190 646 3265 Georgio,
679 3197 736 3248 et
764 3209 894 3265 qua
926 3193 1081 3250 inter
1103 3195 1438 3252 Aristotelis
1468 3212 1640 3268 opera
1668 3201 2000 3268 censeatur,
2033 3196 2279 3269 indigna
2308 3201 2529 3266 tamen,
2561 3213 2690 3270 qua:
2720 3194 3012 3253 Aristoteli
3059 3192 3374 3249 tribuatur.
3425 3187 3589 3244 Vidit

165 3279 224 3335 id
259 3279 551 3338 Henricus
579 3282 915 3355 Stephanus
944 3283 1193 3356 epistola
1221 3285 1292 3341 ad
1325 3285 1562 3342 Petrum
1589 3285 1933 3357 Victorium,
1961 3302 2138 3358 quam
2172 3285 2506 3344 Aristotelis
2536 3291 2595 3343 et
2625 3283 3016 3359 Theophrasti
3046 3279 3284 3354 scriptis
3330 3278 3586 3352 quibus-

169 3369 305 3426 dam
338 3370 586 3442 praefixit
608 3371 859 3445 (g),plus
887 3376 1086 3429 tamen
1117 3373 1302 3431 nimio
1332 3375 1638 3449 scriptioni
1668 3375 2215 3433 detrahsnazlirum
2243 3385 2323 3434 est
2347 3393 2472 3435 vero
2491 3377 2768 3434 exstitisse
2786 3373 2936 3431 ullos
2955 3373 3204 3430 homines
3225 3374 3343 3426 tam
3358 3369 3584 3440 παχιῖς,

167 3464 223 3514 ut
252 3475 387 3515 cum
414 3456 778 3535 Ηαχυμερίου
803 3462 1198 3534 paraphrasim
1226 3465 1285 3519 in
1319 3463 1530 3520 librum
1557 3463 1848 3521 Aristoteli:

1902 3463 2018 3540 lupi
2046 3462 2268 3537 ἀτόμων
2301 3467 2576 3540 γραμμῶν
2607 3465 2894 3532 haberent,
2939 3461 3125 3533 ipsum
3168 3473 3226 3517 se
3265 3453 3583 3515 Aristotelis

163 3546 380 3604 librum
437 3547 642 3604 habere
697 3550 804 3607 sibi
854 3553 1274 3622 persuaderent.
1335 3555 1512 3623 Quam
1567 3554 1745 3610 multa
1813 3555 1964 3610 enim
2019 3555 2104 3611 uel
2162 3554 2223 3609 in
2276 3553 2394 3626 ipso
2455 3554 2651 3610 limine
2705 3553 3086 3626 reperiuntur,
3144 3563 3215 3605 e1
3272 3546 3473 3620 quibus
3526 3543 3586 3600 id

167 3655 199 3693 a
229 3639 435 3695 lectore
462 3639 636 3695 etiam
663 3638 1002 3699 dormitante
1028 3642 1359 3713 deprehendi
1410 3642 1583 3716 facile
1633 3643 1897 3717 poterat?
1951 3659 2077 3717 quae
2131 3652 2276 3700 certe
2330 3645 2476 3717 apud
2534 3643 2784 3701 hemina
2840 3642 2989 3699 adeo
3043 3641 3268 3714 παχεῖς,
3323 3637 3411 3693 uti
3461 3633 3586 3691 dixi

162 3724 528 3799 λιπτομερῶς
549 3729 831 3799 explicare
857 3745 948 3787 me
971 3731 1193 3802 pudeat.

227 3816 287 3872 3.
319 3817 705 3889 Paraphrasis
740 3834 915 3892 porro
969 3822 1030 3875 in
1088 3817 1412 3879 uniuersam
1467 3823 1778 3879 Aristotelis
1831 3821 2261 3895 Philosophiam
2320 3823 2396 3892 (h)
2451 3822 2647 3880 Grece
2699 3820 3110 3894 manuscripts
3166 3817 3466 3875 visebatur
3521 3813 3581 3870 in

159 3902 522 3961 bibliotheca
575 3907 813 3964 Antonii
877 3909 1185 3981 Augustini
1244 3911 1377 3967 cod.
1443 3911 1570 3967 206.
1629 3910 1849 3981 Georgii
1904 3917 2267 3984 Pachymerz
2323 3911 2464 3968 libri
2517 3913 2584 3969 X1
2641 3911 2709 3968 de
2767 3909 3146 3984 Philosophia.
3206 3905 3436 3964 Primus
3493 3919 3585 3961 re-

157 3991 389 4066 spondet
467 3994 690 4064 Organo
763 3996 1098 4068 Aristotelis,
1169 3999 1436 4056 secundus
1505 4001 1666 4056 libris
1738 4001 2122 4072 Physicorum,
2177 4003 2374 4058 tertius
2445 4000 2610 4058 libris
2664 4001 2730 4058 de
2781 4001 2934 4071 calo,
2992 4003 3222 4074 quartus
3295 3995 3460 4052 libris
3514 3993 3582 4074 de

154 4088 279 4140 ortu
338 4088 396 4139 et
449 4082 712 4154 interitu,
769 4086 1001 4158 quintus
1051 4091 1330 4158 ﬂeteoris,
1387 4098 1578 4147 sextus
1637 4069 1921 4171 libros'de
1979 4089 2235 4160 partibus
2292 4092 2652 4160 animalium,
2701 4069 2968 4163 septimus
2999 4069 3187 4145 vlibris
3237 4085 3304 4143 de
3348 4095 3502 4142 motu
3529 4069 3592 4141 ei

157 4173 381 4230 incessu
420 4172 783 4242 animalium,
832 4179 1060 4233 octavus
1118 4178 1268 4234 libro
1324 4179 1394 4236 de
1447 4195 1613 4236 sensu
1665 4187 1722 4235 et
1774 4179 1990 4248 sensili,
2049 4195 2230 4236 nonus
2285 4180 2454 4236 libris
2509 4180 2576 4238 de
2633 4179 3001 4236 Generatione
3053 4175 3414 4244 animalium,
3473 4173 3579 4230 de-

153 4263 338 4318 cimus
399 4261 564 4319 libris
627 4263 1156 4338 letaphysicorum,
1213 4266 1534 4324 undecimus
1600 4267 1812 4324 Ethicis
1861 4270 1942 4325 ad
1997 4269 2408 4326 Nicomachum.
2465 4271 2531 4327 In
2591 4268 2951 4326 bibliotheca
3022 4265 3177 4339 regis
3243 4260 3573 4330 Gallorum,

153 4351 385 4420 Georgii
442 4350 806 4424 Pachymerae
867 4354 1114 4428 Synopis
1175 4355 1551 4428 philosophia:
1612 4357 1956 4414 Aristotelis.
2024 4356 2433 4430 Philosophica,
2501 4358 2608 4414 lib.
2683 4357 2781 4414 12.
2853 4357 2924 4413 De
2987 4369 3176 4414 somno
3238 4361 3293 4411 et
3358 4350 3580 4424 vigilia,

149 4437 214 4497 de
270 4441 566 4508 alimento,
621 4440 691 4496 de
747 4443 1068 4513 insomniis,
1125 4445 1191 4501 de
1249 4444 1591 4502 divinatione
1644 4461 1744 4517 per
1813 4445 2114 4511 insomnia,
2171 4445 2239 4503 de
2292 4451 2446 4503 motu
2475 4445 2835 4513 animalium,
2887 4443 2953 4500 de
2995 4443 3297 4516 juventute
3341 4444 3396 4499 et
3422 4455 3583 4498 sene-

153 4533 326 4598 etate,
382 4530 454 4586 de
508 4530 901 4600 respiratione.
963 4532 1027 4590 In
1087 4533 1444 4591 bibliotheca
1499 4533 1772 4590 Bavarica
1828 4536 1973 4590 cod.
2035 4536 2173 4604 170,
2231 4540 2290 4592 et
2337 4537 2482 4592 cod.
2544 4536 2680 4599 171,
2740 4533 2969 4603 Georgii
3024 4531 3401 4606 Pachymero,
3456 4532 3583 4604 epi-

153 4623 302 4675 tome
366 4618 428 4673 in
497 4619 926 4692 metaphisicam
989 4624 1322 4680 Aristotelis.
1390 4624 1552 4680 Liber
1614 4624 2033 4697 philosophicas
2087 4625 2148 4680 ι).
2206 4624 2425 4697 Georgii
2495 4627 2869 4698 Pachymerz,
2927 4621 3029 4696 qui
3081 4627 3161 4680 est
3216 4622 3466 4694 Epitome
3521 4620 3583 4676 in

150 4706 508 4780 letaphisic.
541 4709 873 4779 Aristotelis,
902 4725 1024 4784 cap.
1054 4712 1143 4768 13.
1175 4714 1238 4769 In
1269 4713 1536 4786 catalogo
1565 4712 1851 4770 exhibitio
1883 4731 1918 4770 a
1958 4715 2354 4772 Grammatice
2402 4720 2556 4788 apud
2607 4715 2972 4782 Verderium,
3021 4713 3081 4768 in
3129 4710 3582 4785 supplemento;

152 4799 252 4868 qui
285 4801 350 4854 et
379 4797 536 4870 apud
562 4796 850 4856 Joannem
879 4802 1350 4869 Susinm,eodem
1381 4804 1690 4872 relerente,
1709 4803 2130 4876 reperiebatur.
2150 4803 2579 4876 Epitomatorss
2605 4799 3199 4872 GesnerianizGeorgii
3227 4802 3488 4858 Protedii
3517 4799 3586 4871 (il

151 4885 215 4942 in
241 4888 580 4944 uniuersum
608 4887 919 4947 Aristotelis
947 4894 1242 4962 Organum
1289 4894 1695 4950 Commentarii
1743 4908 1871 4949 cum
1915 4894 2253 4950 schmatibus
2295 4899 2348 4950 et
2393 4892 2610 4966 ﬁguris,
2657 4893 2718 4950 in
2765 4894 2826 4948 4ο
2873 4908 2985 4949 ms.
3036 4888 3316 4963 Bibliotb.
3366 4889 3582 4962 lmper.

151 4975 446 5064 Vienna;
481 4980 561 5046 et,
593 4976 856 5049 Georgius
885 4979 1310 5053 Pachymerius,
1338 4983 1436 5055 qui
1462 4980 1889 5040 Hieromnemon
1916 4985 2362 5055 cognominatur,
2389 4983 2608 5056 scripsit
2629 4980 3010 5056 philosophiae
3031 4978 3418 5054 compendium
3436 4979 3584 5052 quod

224 5104 795 5192 (d)‘_Compend.inm
844 5107 954 5192 hoc
971 5108 1222 5192 _0_rgan_i
1269 5109 1571 5192 Aristoteli
1619 5109 1814 5192 Graec
1920 5112 2076 5192 idem
2099 5111 3580 5192 divisiojntheorsticamprscticamqugetquatuor
3628 5158 3634 5163 .

151 5181 210 5260 et:
245 5177 450 5260 Latng
483 5179 684 5260 recedi
714 5181 944 5238 curavit
971 5177 1286 5238 Edn'ardua
1313 5180 1648 5240 Bernar‘dus
1683 5183 1816 5240 Oxi-
1922 5184 2187 5260 methodi
2215 5184 2536 5260 dialectice
2569 5202 2674 5258 per
2717 5177 3093 5260 divisionem,
3142 5177 3571 5260 deﬁnitionem,

153 5248 465 5332 “919,669
495 5250 550 5304 8·
623 5321 635 5332 ,
755 5328 764 5332 _
913 5325 930 5332 _
1023 5328 1032 5332 _
1109 5324 1134 5332 _
1246 5325 1303 5332 __
1468 5327 1493 5332 _
1737 5325 1748 5332 _
1922 5256 2434 5332 resolutionemet
2464 5248 3031 5332 demonstrationem
3058 5248 3443 5332 explicantur.

222 5322 296 5402 (α)
326 5321 466 5404 sine
497 5321 638 5406 anni
660 5328 829 5408 pota,
862 5325 1074 5382 edente
1100 5324 1411 5410 Joachimo
1455 5325 1812 5398 Camerario,
1995 5329 2066 5412 (η
2092 5328 2608 5414 8cheghii.Confer
2637 5331 2687 5387 si
2718 5328 2912 5413 placet
2941 5345 3070 5456 quas
3101 5321 3177 5411 de
3201 5325 3326 5411 δρα
3355 5324 3576 5400 Pachy-

222 5409 252 5447 τι
286 5392 559 5456 adjunnt
605 5393 917 5456 Nicephori
969 5398 1251 5454 lllemidm
1299 5401 1586 5456 scrinium
1639 5397 1815 5454 breve
1924 5417 2104 5456 meris
2139 5401 2567 5456 Daranhramet
2595 5402 2667 5456 de
2697 5401 2848 5456 libro
2886 5407 2960 5456 Ar
2984 5400 3215 5456 stotehs
3241 5413 3576 5456 Inso.auem

148 5392 252 5520 aui
286 5392 559 5475 adjunxit
605 5392 917 5478 Nicephorl
969 5397 1251 5482 lllemidm
1299 5398 1586 5490 scriptum
1639 5392 1815 5454 breve
1924 5392 2104 5458 meris
2138 5392 2567 5486 periphrasiet
2595 5402 2667 5457 de
2697 5392 2848 5487 libro
2878 5392 3215 5486 Aristotelis
3241 5392 3577 5471 ipso,quein

189 5479 221 5520 ο
252 5480 524 5520 αωιιαυθ
554 5468 986 5520 νοοιὺυε-συο‹1
1019 5485 1223 5520 lncmll
1259 5485 1272 5520 :
1325 5469 1369 5520 H
1401 5489 1557 5520 mmvn
1592 5469 1627 5520 “li
1661 5465 1813 5520 ἴναο-
1925 5475 1990 5520 Π-
2027 5473 2365 5520 Stenhnnnn
2395 5491 2626 5520 nrlmnn
2659 5478 2939 5520 restituit-
2974 5473 3114 5520 dim-
3144 5471 3246 5520 lib-
3280 5484 3364 5520 ιιι-
3415 5485 3467 5520 t3-
3516 5471 3573 5520 6-

189 5465 526 5547 {latamque
554 5465 986 5547 vgcibus,qugd
1019 5469 1223 5547 incipii
1259 5485 1272 5525 :
1306 5465 1627 5547 :Hjusvﬁi}
1661 5465 1813 5547 ἔναρτ

1925 5475 1992 5531 Il.
2023 5465 2365 5547 Stephanus
2394 5465 2626 5547 primus
2659 5473 2942 5543 restituit,
2974 5471 3116 5544 dixi,
3143 5465 3383 5540 iibfm,’
3415 5465 3467 5529 ὸ.
3516 5471 3573 5541 6,

151 5532 286 5616 θρόξ
305 5532 451 5616 ἕετιῦ
581 5532 867 5616 ἄναρθρῦςῖ
919 5539 990 5597 Et
1020 5532 1326 5616 Antinymi
1381 5532 1663 5616 δὶᾴληψιζι⁸
1688 5532 1813 5616 napi
1922 5546 2067 5616 §28.

149 5605 633 5692 fﬁcmuhoupivnc
686 5605 924 5692 λόγικῆς
977 5611 1030 5665 τί
1069 5632 1141 5692 ξι
1198 5605 1290 5692 {tul
1333 5611 1493 5692 ποῖόν
1534 5605 1594 5666 ἐει
1645 5605 1812 5692 ictiv.

764 5617 924 5692 γικῆς
977 5611 1030 5665 τί
1069 5632 1141 5692 ξι
1198 5605 1290 5692 {iul
1333 5611 1493 5692 ποῖόν
1534 5605 1594 5666 ἐει
1645 5605 1812 5692 tetiv.
1922 5605 1951 5616 ν
2105 5618 2169 5672 Α.
2202 5615 2365 5692 4557,
2393 5617 2445 5672 8.

156 5680 372 5762 incipit
421 5697 436 5736 :
494 5686 596 5762 γῆς
646 5680 991 5762 φιλςίσορίαε
1028 5687 1110 5756 τῷ
1142 5691 1264 5762 ,τῆς
1311 5686 1576 5762 ⁸γνώσῑειιις
1643 5683 1812 5760 γένει.

1995 5680 2237 5762 (hinec
2263 5680 2641 5761 Paraphrasis
2663 5689 2736 5746 ab
2757 5686 3030 5762 Epitoma
3049 5686 3430 5762 philosophia
3453 5685 3577 5745 Ari-

153 5750 459 5846 lie‘c'non‘
481 5750 772 5846 Anonymi
824 5750 1054 5846 3.120831!
1083 5750 1191 5818 ἐἷς
1219 5750 1370 5846 ’ξοξς
1421 5750 1667 5846 τριξτξουέ
1706 5764 1812 5846 Si:

1621 5750 1667 5819 »ἑ
1706 5764 1812 5846 iis
1923 5750 2176 5846 notatis,
2205 5761 2280 5846 de
2309 5750 2430 5846 qui
2457 5779 2659 5836 supra,
2686 5750 3028 5834 neutiquam
3051 5750 3302 5819 diversa:

201 5820 518 5906 ιλοςιοφῐαιει
544 5820 671 5906 qua'
692 5844 793 5906 sex
823 5820 1193 5906 deﬁnitiones
1224 5820 1610 5906 philosophias
1642 5846 1676 5886 a
1705 5820 1820 5906 Py-

745 5847 793 5906 ιι
823 5820 1193 5906 deﬁnitiones
1224 5820 1610 5906 philosophias
1642 5846 1676 5886 a
1705 5820 1820 5906 Py}
1995 5831 2058 5906 (ι’)
2087 5820 2426 5892 Protecdici.

201 5842 512 5902 ιΑοσοφιας.
588 5843 663 5884 ua
692 5844 793 5886 sex
823 5842 1193 5886 deuniuones
1224 5842 1456 5903 pniloso
1503 5842 1610 5887 me
1642 5846 1676 5886 a
1705 5842 1748 5887 l’
1788 5859 1814 5877 -

153 5842 428 5972 ibagora,
458 5842 701 5958 Placione
729 5905 787 5959 et
811 5899 1130 5959 Aristotele
1154 5902 1410 5974 tradita,
1430 5848 1814 5978 philosophia
