4258 6438
155 415 266 473 613
1734 419 2046 474 sanna.
3474 407 3579 461 ιη

162 539 452 597 Vaticana
480 539 666 596 tradit
694 541 989 596 Gesnerus
1012 562 1030 607 ς
1051 542 1111 593 et
1140 537 1414 594 Medicina
1444 539 1800 594 Possevinns
1830 540 1888 593 in
1924 539 2125 595 Indice
2158 555 2172 596 :
2204 543 2263 596 et
2290 537 2764 607 Gallica,indices
2794 531 3202 606 manuscripti.
3236 530 3580 586 Vincentius

167 629 527 685 Marinerius
555 628 905 685 Valentinus
935 628 1107 699 epist.
1140 629 1210 682 ad
1245 627 1620 682 Franciscum
1647 632 1856 684 Dazam
1876 644 2029 684 anno
2055 629 2191 683 1536
2211 629 2391 694 edita,
2414 627 2620 685 scribit
2643 643 2705 682 se
2722 623 3188 683 Commentarios
3212 619 3578 690 Pschymere

166 716 226 771 in
259 716 610 788 Dionysium
646 715 1054 787 Areopagitam
1090 715 1146 769 in
1177 715 1443 787 linguam
1477 715 1739 771 Latinam
1770 717 2029 772 vertisse.

246 805 310 862 5.
341 804 594 878 Scripsit
621 809 830 876 preter
849 805 976 875 jam
1009 803 1173 859 dicta
1203 804 1522 860 Historiam
1554 805 1647 859 sui
1681 805 1982 876 temporis,
2018 822 2194 876 quam
2227 806 2457 861 orditur
2493 823 2526 862 a
2554 804 2917 876 temporibus
2947 799 3244 857 Michaelis
3273 795 3585 868 Palaologi

166 896 283 951 sub
318 911 436 966 quo
466 895 628 949 vixit.
663 893 791 964 Illa,
823 895 926 950 sed
960 893 1175 949 mutila
1205 898 1538 948 asservatur
1567 893 1624 948 in
1657 893 2013 951 bibliotheca
2040 897 2386 967 Augustana
2413 896 2540 950 cod.
2575 894 2661 962 19,
2695 893 2876 964 plutei
2927 893 2983 957 5,
3033 907 3101 946 ex
3159 889 3330 960 cujus
3380 886 3582 942 codice

158 983 321 1038 carie
377 984 642 1040 confecto
699 999 766 1040 ac
822 981 1036 1038 mutilo
1067 987 1340 1054 excerpta
1395 983 1664 1054 quaedam
1718 982 1986 1039 exhibuit
2035 983 2290 1040 Wolﬁus
2336 988 2468 1056 post
2514 982 2907 1054 Nicephorum
2957 981 3298 1050 Gregoram.
3347 976 3577 1032 Partem

157 1071 428 1138 illorum,
459 1086 591 1143 quo
622 1071 685 1127 in
735 1074 1080 1143 Augustano
1111 1071 1311 1126 codice
1339 1072 1741 1143 manuscripto
1771 1073 1974 1128 deesse
2003 1072 2253 1128 Wolﬁus
2286 1073 2672 1129 admonuerat
2700 1072 2760 1126 in
2792 1068 3030 1142 synopsi
3051 1066 3185 1122 libri
3215 1063 3578 1137 quinti,cum

162 1159 481 1233 Nicephori
513 1159 861 1232 patriarcha
904 1159 1414 1231 Constantinopoli
1457 1160 1728 1216 Breviaro
1777 1160 2057 1218 historico
2107 1163 2180 1218 ab
2233 1162 2395 1218 obitu
2443 1159 2699 1216 Mauritii
2741 1174 2928 1230 usque
2987 1157 3058 1212 ad
3119 1152 3574 1212 Constantinum

162 1250 628 1322 Copronymum,
686 1250 880 1305 Grece
933 1265 1121 1321 nuper
1177 1248 1361 1304 edidit
1415 1249 1725 1321 Dionysius
1795 1249 2084 1307 Petavius.
2145 1251 2388 1308 Parisiis
2448 1251 2608 1317 4616,
2660 1250 2719 1304 in
2769 1249 2824 1302 8.
2872 1249 3102 1318 Integra
3143 1250 3340 1300 tamen
3394 1258 3462 1297 ea
3506 1258 3578 1296 ex

167 1337 434 1394 Lolliana
480 1336 840 1394 bibliotheca
902 1336 963 1394 in
1017 1337 1364 1394 Vaticanam
1420 1342 1753 1394 transvecta
1799 1344 1909 1404 est,
1958 1355 2086 1411 qua:
2141 1341 2525 1410 emendatior,
2556 1341 2644 1411 [et
2701 1338 3035 1394 charactere
3092 1336 3176 1390 uti
3236 1331 3581 1404 antiquiori,

159 1425 246 1482 ita
276 1430 336 1483 et
357 1425 704 1498 elegantior!
731 1426 792 1482 in
823 1426 1144 1482 Bsrberina
1172 1431 1567 1497 conservatur,
1616 1434 1840 1500 suntqu

1901 1426 2142 1501 ἱστορίας
2182 1434 2552 1505 συγγραφικῆς
2612 1426 2768 1501 λόγοι
2833 1432 2915 1500 ιγ’·
2964 1426 3104 1482 Cod.
3169 1425 3268 1479 1‘6
3328 1427 3386 1478 et
3441 1420 3567 1476 164.

164 1515 332 1571 Inter
363 1515 713 1571 Vaticanum
741 1519 801 1570 et
849 1515 1231 1572 Barberinum
1259 1515 1512 1582 codices,
1546 1532 1618 1572 ne
1648 1517 1705 1572 id
1733 1533 1965 1589 quoque
1997 1518 2232 1574 nescius
2280 1518 2384 1588 sis,
2443 1517 2645 1584 lector,
2706 1515 3028 1572 maximum
3089 1530 3206 1569 non
3256 1515 3487 1566 tantum
3519 1508 3580 1562 in

160 1603 382 1660 verbis.
414 1621 481 1660 ac
512 1604 688 1661 modo
717 1603 974 1671 dicendi,
1012 1604 1113 1660 sed
1148 1621 1342 1660 rerum
1370 1611 1738 1660 narraturum
1768 1605 1944 1662 etiam
1977 1609 2332 1678 quandoque
2378 1607 2584 1662 ordine
2632 1606 2826 1661 inesse
2875 1604 3227 1669 descrimen,
3285 1601 3412 1672 ipse
3462 1613 3579 1654 non

163 1694 409 1768 singula
437 1711 808 1767 percurrens,
869 1711 1061 1767 neque
1087 1696 1246 1752 enim
1303 1695 1491 1762 licuit,
1548 1697 1902 1752 adnotabam
1939 1713 1952 1752 :
1986 1699 2130 1754 adeo
2163 1703 2230 1753 ut
2285 1697 2433 1753 mihi
2465 1697 2633 1753 facile
2661 1695 3070 1768 persuaserim,
3107 1690 3578 1764 Pachymerium,

156 1783 668 1855 quemadmodum
699 1800 881 1855 supra
934 1783 1192 1838 diximus
1221 1784 1292 1838 de
1325 1784 1674 1856 Acropolita,
1707 1793 1764 1840 et
1794 1786 1946 1840 infra
1977 1803 2212 1857 quoque
2243 1787 2313 1841 de
2346 1787 2634 1841 Phrantza
2662 1785 2946 1849 dicemus,
2980 1786 3128 1839 duas
3160 1800 3276 1838 suae
3310 1779 3577 1835 Historiae

163 1871 462 1928 editiones
490 1871 743 1944 tempori
773 1888 839 1927 ac
868 1872 1042 1944 genio
1064 1872 1476 1928 inservientem
1507 1873 1956 1946 conscripsisse,
1981 1875 2223 1946 ideoque
2253 1893 2321 1931 ex
2351 1877 2620 1947 utrisque
2652 1875 2839 1931 multa
2869 1878 3059 1929 errata
3075 1871 3310 1942 corrigi,
3331 1870 3584 1925 obscura

162 1959 480 2030 illustrari,
513 1961 727 2017 mutila
774 1961 1063 2033 suppleri,
1094 1977 1160 2017 ac
1191 1962 1427 2017 demum
1463 1963 1712 2018 historia:
1734 1980 1947 2035 corpus
1979 1981 2162 2019 unum
2195 1966 2543 2036 perfectum,
2577 1965 2635 2019 in
2670 1965 2962 2036 integrum
2989 1961 3208 2017 absolvi
3249 1974 3421 2032 posse
3453 1958 3576 2013 exi-

164 2050 366 2106 stimo.
397 2049 595 2122 Btylus
623 2059 714 2106 est
740 2059 1073 2118 accuratus,
1107 2051 1176 2106 ad
1211 2051 1520 2119 antiquum
1551 2068 1794 2107 succum
1825 2069 1890 2107 ac
1916 2053 2264 2124 sanguinem
2297 2054 2663 2122 eﬂ'ormatus,
2697 2061 2753 2108 et
2785 2057 2992 2124 preter
3030 2049 3283 2105 historia
3342 2050 3579 2118 captum

164 2139 478 2209 tumidior,
510 2143 567 2194 et
587 2138 861 2210 perplexa
884 2139 1190 2194 nominum
1217 2140 1576 2197 connexione
1607 2141 1922 2212 ambiguus
1945 2146 2003 2196 et
2031 2142 2357 2212 obscurus;
2389 2160 2492 2214 pro
2525 2143 2624 2198 illo
2656 2148 2850 2198 tamen
2882 2159 3020 2211 aevo,
3074 2157 3188 2212 quo
3233 2133 3582 2193 debacchari

162 2242 379 2298 capere
397 2230 546 2294 erat,
569 2226 766 2283 mollis
794 2243 862 2282 ac
894 2227 1172 2298 prudens.
1207 2232 1426 2284 Auctor
1455 2230 1596 2284 dum
1629 2229 1890 2285 veritatis
1921 2235 2176 2286 sectator
2205 2232 2384 2288 videri
2416 2232 2597 2304 cupit,
2632 2233 2688 2287 in
2721 2231 3169 2298 ecclesiasticos,
3210 2232 3266 2283 et
3293 2225 3580 2298 precipus

162 2315 361 2371 Latini
394 2316 653 2372 nominis
681 2317 963 2385 fautores,
993 2317 1209 2373 Grecis
1241 2318 1368 2374 suis
1398 2318 1576 2374 nimis
1603 2321 1972 2392 propensior,
1996 2321 2258 2393 linguam
2290 2321 2464 2377 acuit.
2499 2325 2920 2393 Imperatorum
2949 2321 3124 2375 etiam
3148 2334 3214 2374 ac
3245 2314 3580 2387 principum

167 2419 264 2460 res
297 2409 504 2477 gestas
531 2405 813 2462 assiduus
843 2406 902 2462 in
929 2406 1185 2478 pejorem
1216 2413 1439 2479 partem
1475 2409 1648 2480 rapit.
1680 2408 1882 2464 Fidem
1913 2415 2110 2466 tamen
2147 2411 2227 2465 ita
2247 2428 2366 2466 sue
2397 2411 2669 2467 Historia:
2691 2411 2906 2466 astruit
2938 2427 2950 2466 :
2981 2407 3062 2474 Τᾲ
3086 2404 3143 2461 δὶ
3165 2405 3486 2478 συνέγραψεν
3519 2400 3582 2456 οὗ

163 2489 373 2567 λόγους
427 2487 612 2547 Λαϐὼν
672 2490 873 2547 ἄνωθεν
931 2492 1318 2568 ἀμαρτύρους,
1371 2493 1485 2570 οὖγ’
1542 2495 1680 2569 ἀκοῇ
1737 2497 2003 2551 πιστεύων
2065 2499 2254 2569 μόνον,
2313 2499 2375 2568 ἣν
2434 2519 2516 2559 τις
2577 2497 2720 2574 λέγει
2781 2497 3048 2573 ἓωρακὼ,
3106 2497 3141 2565 ἢ
3201 2491 3289 2548 καὶ
3344 2488 3581 2552 ἀκούσας

143 2580 330 2652 αὐτὸς,
384 2582 620 2645 πισαοὺς
675 2579 723 2637 δ’
770 2582 949 2655 ἀξιοίη
1011 2582 1140 2646 τοὺς
1187 2581 1410 2659 λόγους,
1443 2584 1489 2639 εἰ
1526 2585 1690 2656 μόνον
1725 2588 1892 2660 Λέγει,
1940 2586 2275 2663 λογίζεσθαι,
2325 2588 2400 2648 ὡς
2439 2587 2715 2658 αὐτόπτης
2763 2587 2831 2642 τὰ
2879 2585 3132 2655 πλεῖστα,
3179 2581 3323 2637 οὕτω
3371 2574 3578 2652 ξυμϐἆν

148 2672 413 2746 γιγονὼς.
479 2669 526 2726 αἶ
588 2672 680 2726 καὶ
731 2672 918 2744 μαθὼν
979 2667 1239 2746 ἀκριϐῶς,
1296 2675 1424 2746 παρ’
1473 2674 1546 2727 ὧν
1603 2674 1666 2728 τὸ
1713 2679 1930 2750 πρῶτον
1978 2676 2164 2749 ὡράθη
2211 2678 2547 2752 πραχθέντα,
2605 2675 2752 2744 πλὴν
2809 2675 2855 2730 δ’
2916 2675 3015 2730 οὐκ
3070 2673 3375 2748 ἀμάρτυρα,
3431 2666 3579 2724 ἀλλὰ

150 2761 240 2814 ut
299 2757 545 2823 πολλοῖς
601 2759 798 2823 ἄλλοις
845 2761 1313 2838 συνηγαροόμινα,
1362 2764 1439 2826 ὡς
1487 2761 1547 2818 ἃν
1597 2765 1672 2837 μή
1723 2765 1750 2818 ὁ
1796 2764 2007 2836 ξύμπας
2058 2768 2284 2840 χρόνος,
2334 2765 2490 2843 φύσιν
2523 2764 2670 2841 ἔχων
2717 2768 2784 2820 τὰ
2813 2764 3002 2820 πολλὰ
3046 2763 3301 2838 κρύπτειν
3350 2760 3574 2832 συχναῖς

152 2846 447 2911 κυιλικαῖς
492 2847 795 2923 περιόδοις,
848 2851 940 2904 καὶ
984 2847 1101 2905 τάδ’
1153 2850 1385 2927 ἀφανίσῃ
1435 2853 1572 2906 κατὰ
1621 2852 1815 2928 μικρὸν
1867 2851 2087 2926 ἐξίτηλα
2113 2855 2182 2927 τῇ
2213 2851 2547 2930 παραδρομῇ
2591 2853 2878 2930 γενόμενα·
2931 2851 3021 2908 διὰ
3065 2852 3126 2906 τὸ
3173 2851 3404 2928 φανέντα
3450 2843 3576 2920 xpu-

161 2949 397 3003 πτεσοαι
450 2936 626 2992 πάντα
676 2937 913 3015 ἀνάγκην
962 2939 1118 3008 εἶναι,
1179 2937 1254 3002 ὥς
1301 2939 1408 2994 πού
1465 2961 1547 3002 τις
1601 2945 1712 2996 τῶν
1764 2962 1842 2996 σοι

1894 2946 1946 2997 ὗν
2014 2939 2144 3019 ἔφη,
2190 2943 2281 2997 καὶ
2333 2942 2558 3014 ἀληθῶς
2603 2942 3035 3018 ἰγνωμάτευσεν.
3085 2943 3213 3000 1186
3267 2939 3575 3010 composuit

163 3045 278 3086 non
313 3045 565 3086 rumores
593 3029 728 3085 olim
764 3045 1000 3102 sparsas.
1053 3031 1260 3102 absque
1315 3031 1623 3089 testimonio
1673 3049 1990 3104 congerens,
2040 3049 2141 3090 nec
2185 3042 2404 3090 tantum
2456 3033 2678 3090 auditui
2731 3033 2920 3104 fidem,
2969 3032 3020 3090 si
3073 3033 3197 3104 quis
3242 3045 3300 3087 se
3345 3028 3573 3098 vidisse,

165 3127 266 3176 aut
283 3117 708 3176 audissedicat.
757 3121 861 3175 Eos
902 3136 1070 3191 porro
1099 3136 1372 3177 sermones
1399 3122 1509 3192 ﬁde
1535 3122 1733 3194 dignos
1761 3139 1875 3180 esse
1896 3122 2086 3190 sentit,
2109 3139 2340 3195 quorum
2369 3125 2509 3196 ipse,
2539 3127 2603 3180 ut
2627 3123 2956 3196 plurimum,
2989 3124 3043 3179 si
3060 3124 3146 3179 ita
3173 3119 3299 3193 ﬁeri
3325 3117 3573 3189 contigit,

165 3210 423 3266 oculatus
449 3217 734 3280 spectator
759 3208 892 3280 fuit,
924 3212 1027 3265 aut
1057 3209 1126 3265 ab
1157 3208 1281 3266 illis
1336 3211 1588 3268 accurate
1607 3212 1826 3282 didicit,
1853 3214 1952 3284 qui
1978 3229 2066 3280 ea,
2098 3229 2226 3270 cum
2251 3213 2496 3286 primum
2524 3218 2684 3285 gesta
2709 3222 2859 3285 sunt,
2909 3227 3239 3285 conspexere
3267 3226 3281 3267 :
3312 3223 3490 3281 neque
3510 3223 3578 3264 ea

154 3304 374 3356 temere
401 3300 708 3369 proferam,
761 3297 858 3354 sed
904 3297 1205 3355 multorum
1244 3300 1484 3356 aliorum
1514 3301 1688 3356 etiam
1747 3301 2059 3359 testimonio
2087 3303 2479 3376 comprobata;
2520 3319 2593 3359 ne
2641 3307 2849 3375 tempus
2896 3306 3154 3374 futurum
3207 3309 3418 3356 natura
3473 3313 3576 3354 sua

150 3387 427 3458 Pleraque
454 3385 767 3455 occultam,
821 3389 1101 3460 frequenti
1127 3403 1230 3444 suo
1266 3387 1536 3456 circuitu,
1567 3390 1683 3445 hac
1704 3405 1916 3463 quoque
1932 3392 2206 3463 paulatim
2247 3397 2577 3448 transcursu
2625 3394 2884 3448 continuo
2937 3389 3322 3449 evanescentia
3372 3387 3571 3446 deleat.

151 3474 527 3547 Quodcunque
580 3473 734 3531 enim
761 3476 931 3531 semel
987 3478 1268 3548 apparuit,
1298 3477 1521 3549 contegi
1549 3487 1710 3550 atque
1736 3479 1877 3535 abdi
1902 3496 2120 3538 necesse
2149 3483 2245 3548 est,
2268 3481 2735 3554 quemadmodum
2779 3483 2963 3538 nescio
2991 3483 3089 3555 qui
3130 3498 3163 3537 e
3218 3476 3576 3552 sapientibus

149 3563 323 3633 dixit,
355 3579 592 3637 vereque
619 3566 954 3624 enuntiavit.
991 3567 1119 3622 Hec
1148 3567 1350 3623 eadem
1381 3566 1638 3625 Historia
1661 3568 2032 3642 Pachymem
2063 3570 2202 3628 licet
2227 3572 2342 3628 ﬂne
2373 3571 2582 3629 mutila
2612 3571 2866 3630 habetur
2894 3571 2953 3629 in
2978 3569 3328 3629 bibliotheca
3352 3572 3576 3626 Veneta

150 3654 218 3710 8.—
241 3652 455 3722 Harci,
488 3654 741 3711 Scamno
769 3655 862 3724 21,
896 3672 1062 3711 num.
1093 3656 1244 3724 t2,et
1272 3658 1523 3714 Scoriaci
1553 3657 1613 3714 in
1645 3658 1916 3716 biblioth.
1942 3660 2116 3734 Regis
2145 3661 2447 3729 Catholici,
2483 3661 2841 3720 Possevinus
2870 3661 2931 3719 in
2971 3661 3167 3719 Indice
3205 3658 3573 3717 bibliothecae

148 3741 630 3800 Patmiinsula:
668 3743 923 3800 Historia
951 3747 1260 3817 conscripta
1303 3762 1339 3801 a
1395 3746 1671 3818 Gregorio
1716 3749 1954 3820 quodam
2000 3767 2194 3822 genere
2243 3751 2866 3825 Constantinopolitano,
2915 3756 2970 3807 et
3025 3750 3234 3808 Nicaea:
3286 3747 3572 3806 enutrito:

152 3835 480 3905 conscripta
505 3841 640 3890 sunt
664 3841 851 3890 autem
875 3836 997 3890 acta
1026 3833 1474 3907 Paluatogorum
1502 3852 1701 3908 regum
1747 3854 1918 3910 usque
1945 3841 2020 3896 ad
2043 3842 2306 3898 Joannem
2333 3840 2731 3914 Palzoloqum.
2763 3841 3043 3900 Mendum
3093 3845 3184 3899 est
3228 3840 3287 3897 ln
3336 3838 3579 3896 nomine

150 3921 436 3992 auctoris,
468 3925 562 3978 est
590 3920 751 3979 enim
809 3921 1095 3995 Georgius
1143 3923 1547 3997 Pachymerss.
1592 3926 1658 3982 lu
1715 3925 2068 3985 bibliotheca
2126 3930 2304 3986 etiam
2350 3929 2504 4004 regis
2552 3930 2872 4003 Gallorum,
2931 3930 3165 4002 Georgii
3220 3927 3578 4001 Pachymerc

155 4010 419 4068 Historia:
448 4009 1078 4083 Constantinopolitanae
1103 4012 1207 4070 lib.
1234 4014 1376 4071 XIII.
1400 4014 1493 4072 Est
1511 4018 1570 4071 et
1584 4017 1738 4088 apud
1770 4032 1863 4074 me
1891 4017 2139 4090 integra,
2171 4023 2229 4075 et
2254 4019 2487 4092 optime
2513 4023 2684 4077 noto.

203 4117 265 4174 6.
298 4117 587 4190 Ejusdem
617 4116 914 4192 Epistolas
940 4123 1172 4177 arceas
1201 4118 1422 4176 alicubi
1454 4120 1515 4177 in
1548 4120 1730 4178 Italia
1761 4122 2139 4182 bibliothecis
2168 4129 2416 4196 exstare,
2448 4127 2630 4184 tradit
2658 4127 2976 4195 Gesuerus,
3009 4143 3158 4201 quas
3196 4125 3334 4184 licet
3367 4127 3580 4185 anxius

147 4205 575 4281 perquisierim
606 4206 681 4264 ad
713 4206 871 4263 hunc
901 4207 1082 4276 diem,
1113 4207 1310 4266 nullas
1341 4209 1560 4266 inveni.
1593 4211 1703 4267 Eas
1732 4215 1929 4269 tamen
1962 4212 2440 4288 elegantissimas
2467 4217 2782 4284 futuras,et
2801 4216 3298 4290 dicendiantiquo
3316 4221 3577 4286 nectare,

151 4300 554 4370 prater-quam
577 4297 734 4368 quod
765 4311 836 4353 eo
864 4313 984 4355 ovo
1014 4297 1333 4371 scriptores
1358 4303 1694 4371 sueverant,
1720 4301 1926 4374 plenas
1954 4303 2258 4375 suspicor;
2278 4321 2412 4363 cum
2445 4305 2645 4364 minus
2671 4305 2802 4365 aliis
2822 4306 2884 4364 in
2905 4307 3232 4382 eloquendo
3264 4305 3579 4380 Pachyme-

150 4386 304 4454 rius,
338 4384 499 4458 quod
528 4400 600 4443 sx
626 4386 890 4445 Historia
915 4391 976 4444 et
1004 4386 1137 4446 aliis
1165 4389 1430 4460 ejusdem
1461 4390 1855 4449 tractionibus
1885 4391 2083 4466 colligi
2112 4397 2322 4466 potest,
2354 4395 2617 4468 insptiat.

215 4474 272 4531 7.
310 4472 493 4532 Plura
513 4474 686 4532 etiam
714 4475 776 4532 in
807 4475 1137 4562 Rhetoricis
1167 4476 1391 4550 ingenii
1421 4478 1821 4551 experimenta
1848 4498 1965 4538 non
1997 4483 2276 4541 omnibus
2305 4484 2474 4542 obvia
2501 4485 2708 4555 edidit,
2734 4487 2914 4562 digna
2941 4490 3299 4560 tamen,quaa
3329 4486 3430 4543 diu
3454 4503 3572 4546 non

141 4561 394 4630 lateant,
558 4563 716 4620 bono
743 4561 1005 4637 publico,
1022 4568 1081 4621 et
1110 4565 1574 4624 adolescentium
1588 4568 1967 4640 potissimum
1986 4570 2057 4627 ad
2080 4569 2480 4645 eloquentiam
2503 4573 2656 4631 viam
2675 4575 2787 4633 sibi
2807 4576 3143 4650 parentium
3165 4574 3572 4649 publicentur:

142 4665 351 4709 eorum
386 4649 748 4719 Indicsm,ut
765 4652 839 4709 ab
872 4652 1347 4723 humanissimis,
1377 4659 1435 4712 et
1462 4653 1617 4714 bono
1647 4656 1983 4715 litterarum
2015 4660 2169 4717 natis
2199 4661 2481 4720 Puteanis
2529 4665 2728 4738 accepi
2783 4682 2853 4722 ex
2900 4667 3011 4723 cod
3061 4666 3169 4723 883
3213 4665 3579 4724 Bibliotheca

141 4740 341 4815 Regio
363 4739 674 4814 Gallorum
705 4740 800 4798 hic
826 4741 1224 4816 interponam.
2982 4811 2995 4823 ,

202 4829 262 4888 7.
322 4825 602 4920 Ῑξιωργιου
657 4824 1089 4908 δικαιογύλακος
1136 4833 1227 4887 καὶ
1282 4830 1661 4907 πρωτειιδίκου
1715 4838 1812 4891 τοῦ
1862 4837 2226 4912 Παχομεροος
2281 4835 2504 4912 pall-rat
2552 4840 2631 4906 εἰς
2667 4843 2736 4897 τὰ
2783 4842 3254 4920 προγυμνάσματα
3283 4887 3300 4916 ,
3347 4845 3438 4901 καὶ
3497 4844 3576 4912 εἷς

136 4915 230 4980 τὰς
261 4916 512 5007 στάσεις,
538 4921 596 4989 α)
629 4919 841 4983 Μῦθος.
875 4923 1106 4992 Georgii
1132 4923 1586 4996 Dicaeaphylacis.
1610 4932 1659 4981 et
1684 4926 2008 4986 Protecdici
2033 4929 2404 5001 Pacta/mere
2431 4933 2491 4987 in
2522 4915 3050 5007 Progymnasmata,
3081 4915 3134 4992 et
3179 4915 3356 4993 status
3409 4950 3571 4994 exer-

142 5009 487 5068 citamenta.
509 5006 762 5065 Fabula.
796 5008 1112 5083 Ρ.’Δρότου
1141 5010 1332 5086 καιρὸς
1360 5011 1548 5082 ἦν,καὶ
1579 5012 1836 5089 γεωργοί.

212 5095 272 5172 β)
301 5095 576 5172 Διήγημα
602 5095 667 5152 τὸ
693 5097 940 5168 κατὰτήν
965 5096 1255 5161 Ὀδυσσέα.
1285 5103 1552 5162 Narratio
1580 5105 1646 5162 de
1678 5105 1885 5178 Ulysse.

1965 5146 1977 5164 .
2010 5100 2208 5176 υσνᾶὄη
2240 5107 2376 5162 ποτὶ
2401 5107 2493 5164 καὶ
2523 5110 2559 5179 ἡ
2593 5107 2683 5166 ἰπὶ
2711 5111 2812 5180 τήν
2843 5109 3040 5168 Ἴλιον.
3643 5161 3646 5164 ‹

206 5189 266 5280 ίτ)
294 5185 565 5261 Animus
590 5186 656 5242 τὸ
682 5187 820 5244 κατὰ
841 5188 944 5259 τὴν
972 5189 1314 5265 πεπαυμένην
1343 5191 1543 5264 ζώνην,
1583 5194 1846 5252 Narratio
1885 5233 1887 5244 .

1889 5195 1954 5253 de
2008 5212 2150 5254 zona
2206 5198 2442 5258 torrida.
2495 5203 2560 5256 P.
2619 5200 2676 5254 '0
2729 5207 2833 5271 τῆς
2896 5200 3152 5276 οὐρανόθι
3209 5203 3388 5275 ζώνης
3444 5206 3570 5280 περὶ

142 5274 348 5341 φίλων.

209 5361 266 5436 δ)
294 5361 470 5457 Χρεία
497 5361 725 5442 lupini.
755 5367 935 5427 Chl-ia
961 5384 1081 5442 qua:
1107 5373 1325 5428 tantum
1346 5373 1624 5430 sententia
1640 5378 1871 5432 constat.

1931 5374 1996 5433 Ρ.
2044 5374 2350 5452 Χαιρήμων
2396 5371 2522 5453 ἔφη’
2581 5377 2765 5435 Πάντα
2817 5377 2886 5435 τὰ
2940 5379 3116 5457 ἀγαθὰ
3169 5379 3221 5438 ἂν
3284 5377 3439 5457 μόνῳ
3489 5387 3571 5457 τῷ

144 5457 372 5530 φρονεῖν
403 5450 576 5512 ἔστιν.
1573 5504 1580 5510 .

204 5545 254 5615 s)
285 5540 500 5617 Γνώμη
533 5544 941 5617 Δημοσοᾶνους.
973 5550 1069 5604 Δεῖ
1097 5544 1164 5618 δὴ
1198 5550 1529 5624 χρημάτων,
1559 5550 1650 5606 καὶ
1697 5548 1822 5606 ἄνευ
1876 5551 2088 5609 τούτων
2144 5550 2298 5609 οόδὶν
2357 5551 2468 5611 ἔστι
2527 5554 2765 5631 γενίσθθι
2822 5562 2932 5614 τῶν
2985 5557 3234 5619 δεόντων.
3286 5563 3570 5623 Sententia

738 5645 829 5728 est
839 5642 1122 5710 pecuniis,
1150 5648 1204 5697 et
1230 5639 1354 5698 sine
1383 5640 1468 5698 his
1487 5639 1639 5698 nihil
1668 5642 1816 5716 quod
1842 5659 1979 5718 opus
2005 5645 2159 5716 [aclu
2185 5647 2280 5714 sit,
2310 5646 2437 5715 ﬁeri
2475 5650 2686 5719 nequit.
2743 5649 2805 5706 P.
2854 5647 3044 5714 Οὕτως
3098 5649 3201 5728 ἄρα
3245 5655 3327 5725 τῷ
3375 5660 3569 5728 Δημο-

136 5719 308 5778 σοὲνει
341 5721 373 5776 ὁ
402 5720 551 5786 αἶνος
580 5724 648 5793 ἦν
679 5721 882 5789 ΐιανός.

207 5815 261 5877 ς)
291 5810 601 5882 luam-ﬂ
631 5816 734 5869 τοῦ
765 5813 891 5893 περὶ
916 5817 1017 5873 τοῦ
1047 5812 1216 5894 ῥόδου
1243 5814 1613 5895 διηγήματος.
1642 5824 1888 5880 Destruet

1886 5822 1967 5884 lia.
2002 5825 2392 5885 Narrationem
2429 5825 2496 5883 de
2542 5843 2674 5886 rosa
2727 5828 2896 5888 nullo
2948 5832 3116 5890 modo
3170 5832 3567 5891 aerosimilem-

134 5915 267 5961 esse.
301 5905 371 5965 Ρ.
396 5897 567 5978 εἴπερ
599 5899 861 5978 ἀληθείας
891 5902 1053 5965 οόδὶν
1100 5904 1529 5987 aequus-rapum
1560 5902 1567 5908 ’
