4258 6438
652 441 757 497 423
1904 437 2253 493 GEORGIUE

2350 439 2795 494 ACHYMEBES
3955 452 4061 506 424

650 583 784 641 pag.
817 567 924 621 237
953 565 1045 636 (c),
1078 568 1135 621 et
1164 567 1306 619 tom.
1340 562 1466 628 VII,
1494 578 1552 633 p.
1582 562 1648 616 71
1680 561 1780 633 (d),
1804 576 2058 631 eumque
2084 565 2324 617 secutus
2356 562 2625 619 Neselius
2656 564 2757 631 ait,
2792 581 2925 621 eum
2959 583 3113 623 anno
3146 569 3285 625 4340
3329 571 3589 643 obiisse).
3649 574 3849 646 Neque
3906 576 4062 633 enim

650 668 784 729 post
813 654 957 709 illud
989 653 1274 723 temporis
1304 652 1363 706 in
1397 651 1653 707 Historia
1682 650 1845 705 CPol.
1884 655 2262 716 memoratur,
2282 652 2672 708 etHistoriam
2693 670 2863 709 suam
2883 658 3288 714 continuasset
3309 659 3517 717 saltem
3543 664 3612 718 ad
3634 663 4059 735 ﬁnemimperi,

650 742 988 812 Andronici,
1024 759 1075 798 a.
1114 743 1251 797 1332
1282 740 1503 805 denati,
1533 755 1722 810 neque
1755 738 1813 793 in
1836 755 1990 794 anno
2022 740 2151 808 ejus
2192 756 2350 810 xxvx,
2383 757 2435 794 a.
2485 742 2644 809 1308,
2702 743 3055 814 subtitisset,
3113 747 3161 801 si
3212 752 3330 803 tam
3390 750 3491 804 diu
3554 751 3709 805 nltra
3756 752 3884 821 ejus
3936 768 4053 807 non

652 835 825 891 modo
856 836 1104 899 atatem,
1139 831 1240 885 sed
1264 828 1521 901 junioris
1554 844 1783 898 quoque
1800 827 2117 884 Andronici
2144 844 2365 883 annum
2390 830 2770 885 undecimum
2789 833 3019 904 imperii
3038 851 3223 891 annos
3241 852 3381 892 suos
3399 840 3702 910 proximus
3721 841 4057 897 centenario

650 920 1046 998 produxisset.

720 1014 969 1068 Exstant
996 1009 1127 1079 ejus
1156 1009 1411 1064 Historia
1440 1009 1762 1079 Bysantinae
1793 1006 1927 1061 libri
1956 1008 2073 1062 XIII
2095 1007 2167 1062 de
2198 1006 2375 1083 rebus
2409 1023 2514 1079 per
2541 1025 2727 1065 annos
2748 1026 2878 1065 xux
2908 1014 3112 1082 gestis,
3162 1033 3195 1070 a
3249 1020 3514 1087 tempore
3565 1018 3687 1073 nati
3754 1018 4059 1074 Michaelis

643 1100 988 1169 Palaologo,
1022 1099 1086 1151 A.
1121 1096 1180 1151 Ο.
1215 1097 1375 1165 1258,
1408 1096 1723 1150 Andronici
1755 1094 2061 1166 Palaologi
2094 1096 2389 1166 (senioris)
2423 1112 2611 1168 usque
2642 1098 2713 1152 ad
2746 1115 2799 1153 a.
2833 1100 2992 1165 1508,
3024 1103 3126 1173 qui
3160 1104 3271 1160 fuit
3299 1122 3490 1160 annus
3529 1105 3716 1161 atatis
3760 1108 4056 1177 ejusdem,

642 1188 961 1248 Andronici
1005 1203 1154 1252 XLIX,
1191 1185 1420 1257 imperii
1451 1202 1603 1240 xxv1.
1638 1185 1737 1240 Est
1770 1193 1963 1240 autem
1999 1201 2147 1255 opus
2180 1184 2521 1255 bipartitum
2549 1204 2562 1253 ;
2588 1201 2722 1241 nam
2759 1189 2979 1258 priores
3015 1206 3116 1246 sex
3140 1191 3271 1248 libri
3303 1211 3395 1249 res
3425 1195 3727 1251 Michaelis
3751 1194 4056 1266 Palaologi

645 1284 778 1336 ante
808 1277 1121 1349 imperium
1153 1281 1211 1330 et
1242 1276 1367 1346 ipso
1392 1276 1745 1345 imperatore
1776 1278 1970 1345 gestas
2002 1274 2512 1345 complectuntur;
2540 1278 2892 1346 posteriores
2914 1278 3046 1334 libri
3062 1286 3281 1352 septem
3304 1284 3549 1340 tradunt
3572 1301 3700 1355 qua
3722 1285 4057 1340 Andronico

641 1368 1021 1442 imperitante
1052 1362 1393 1419 acciderunt
1422 1379 1524 1434 per
1544 1379 1728 1418 annos
1760 1379 1857 1417 sex
1887 1368 1943 1417 et
1963 1362 2191 1433 viginti.
2212 1362 2584 1433 Pachymeris
2602 1370 2658 1419 et
2679 1366 3121 1439 imperatarum,
3147 1371 3448 1428 Michaelis
3472 1378 3647 1444 atque
3699 1373 4058 1428 Andronicis

644 1455 1151 1532 quemadmodum
1185 1458 1241 1508 et
1268 1453 1557 1507 Theodori
1599 1451 1866 1507 Lascaris
1891 1450 2150 1521 junioris
2179 1452 2373 1522 (cujus
2404 1456 2461 1506 et
2490 1452 2677 1523 ipsius
2706 1471 2799 1510 res
2841 1455 2900 1510 in
2934 1458 3125 1528 priore
3155 1465 3317 1530 parte
3375 1462 3643 1517 Historia
3676 1462 4057 1534 Pachymere-

640 1546 900 1619 attingit)
932 1544 1149 1609 icones,
1174 1558 1204 1596 e
1235 1557 1346 1596 me.
1382 1540 1578 1596 codice
1608 1556 1934 1610 expressas,
1974 1540 2362 1610 Hieronymus
2402 1540 2651 1597 Wolﬁus
2709 1545 3026 1613 pramissit
3086 1550 3163 1616 (ε)
3221 1565 3328 1603 suo
3378 1549 3704 1622 Nicephoro
3761 1550 4057 1621 Gregora.

633 1636 809 1694 Basil.
848 1634 988 1688 1502
1020 1631 1143 1699 fol.,
1176 1646 1382 1685 recuso
1415 1630 1594 1684 Paris.
1633 1629 1769 1684 1567
1802 1628 1925 1698 fol,,
1961 1627 2226 1683 Francol.
2256 1630 2391 1682 1568
2425 1629 2523 1684 fol.
2548 1630 2706 1685 Idem
2731 1633 2801 1686 ad
2833 1634 3151 1692 voluminis
3173 1620 3391 1693 calcem
3417 1620 3763 1711 argumenta
3784 1620 4051 1710 capitum

633 1726 902 1782 Historia
935 1720 1417 1785 Pachimeriana,
1452 1736 1519 1773 ex
1550 1720 1754 1774 eodem
1787 1720 1985 1774 codice
2020 1736 2130 1772 ms.
2165 1718 2307 1771 bibl.
2344 1723 2696 1788 Augustana
2726 1738 2907 1777 versa
2957 1741 2991 1779 a
3028 1742 3090 1779 se
3140 1726 3338 1781 Latine
3383 1728 3634 1783 exhibet.
3697 1728 4055 1798 Fragmenta

632 1816 927 1887 quadam,
965 1827 1095 1881 qua
1128 1809 1187 1863 in
1222 1812 1559 1880 Augustano
1591 1808 1823 1862 codiese
1856 1824 1969 1863 ms.
2004 1808 2207 1862 deesse
2235 1806 2477 1863 Wolﬁus
2511 1810 2901 1865 admonuerat
2931 1813 2987 1866 in
3014 1814 3264 1885 Synopsi
3298 1815 3432 1870 libri
3465 1832 3502 1869 v
3533 1816 3727 1871 Grace
3782 1815 4056 1887 vulgavit

632 1903 946 1976 Dionysius
980 1898 1272 1968 Petavius,
1299 1899 1367 1952 ad
1402 1898 1617 1952 calcem
1652 1897 1931 1951 Breviarii
1963 1896 2229 1951 historici
2264 1897 2596 1966 Nicephori,
2629 1900 2989 1969 patriarcha,
3023 1903 3205 1958 Paris.
3258 1904 3415 1965 1616.
3474 1907 3525 1959 8.
3592 1905 3765 1960 Plura
3823 1905 4051 1976 Pachy-

628 1994 809 2051 meris
835 1988 1124 2053 Historia,
1159 1996 1279 2041 tum
1306 1986 1498 2041 adhuc
1531 1986 1784 2051 inedita,
1813 1985 1938 2040 loca
1971 1986 2162 2040 Grace
2194 1984 2470 2056 produxit
2499 1986 2752 2043 Allatius
2785 1990 2842 2043 in
2875 1990 2999 2044 suis
3032 1992 3269 2064 scriptis
3303 1993 3591 2064 pracipue
3636 1993 3694 2047 in
3754 1993 3913 2048 notis
3973 1995 4048 2048 ad

617 2080 1012 2152 Acr0pofitam
1048 2095 1100 2131 a.
1129 2076 1260 2130 1651
1291 2075 1526 2130 Lutetia
1556 2075 1805 2128 excusis.
1840 2074 2069 2128 Primus
2101 2076 2287 2128 totum
2321 2090 2469 2144 opus
2500 2092 2530 2129 e
2562 2074 2703 2129 bibl.
2739 2076 3058 2134 Barberina
3089 2081 3216 2135 cod.
3254 2082 3503 2150 163,164
3538 2082 3597 2136 in
3656 2081 3851 2138 Incem
3914 2099 4051 2152 pro-

627 2171 765 2226 tulit
798 2170 1001 2224 Petrus
1034 2165 1338 2233 Possinus,
1371 2164 1423 2217 S.
1459 2163 1537 2230 J.,
1570 2163 1858 2233 vertitque
1894 2162 2114 2229 Latine,
2148 2166 2202 2217 et
2233 2178 2365 2217 cum
2381 2164 2645 2218 versione
2669 2181 2775 2219 sua
2798 2167 3067 2222 actribus
3102 2169 3764 2226 observationumlibris
3785 2170 4051 2242 vulgavit

626 2261 792 2315 Rem.
831 2257 968 2312 1666
1000 2260 1057 2310 et
1089 2254 1248 2322 1669,
1283 2253 1405 2320 fol.,
1440 2253 1671 2307 duobus
1703 2251 2132 2317 voluminibus,
2162 2268 2293 2323 qua
2323 2252 2536 2316 rarius,
2570 2270 2747 2324 quam
2799 2256 2995 2310 cateri
3050 2257 3371 2329 scriptores
3437 2260 3757 2330 Byzantini,
3801 2259 4049 2315 Parisiis

623 2347 845 2415 excusi,
879 2348 1216 2411 occurrunt,
1240 2346 1298 2397 et
1328 2346 1562 2396 centum
1596 2341 1852 2412 amplius
1885 2340 2098 2396 mercis
2133 2341 2572 2396 Lubecensibue
2604 2344 2957 2399 venduntur.
3020 2345 3213 2401 Priore
3272 2347 3569 2403 volumine
3627 2347 3763 2402 libri
3808 2364 3906 2402 sex
3966 2349 4043 2401 de

620 2435 900 2494 Michaele
929 2431 1273 2502 Palaologo,
1308 2431 1627 2501 posteriore
1660 2436 1882 2500 septem
1915 2430 1986 2484 de
2004 2430 2335 2485 Andronico
2354 2431 2750 2486 continentur.
2774 2436 2849 2486 Ex
2873 2434 3351 2490 Observationum
3379 2453 3512 2495 vero
3546 2435 4039 2491 Possinianarum

619 2525 789 2581 libris
812 2523 1005 2578 tribus
1036 2521 1259 2592 primus
1291 2519 1642 2591 glossarium
1676 2523 1986 2574 verborum
2020 2519 2427 2573 obscuriorum
2461 2520 2717 2589 exhibet,
2745 2523 3041 2579 secundus
3072 2528 3240 2579 notas
3274 2529 3330 2579 et
3352 2519 3795 2595 castigationes,
3827 2524 4045 2580 tertius

620 2610 1087 2682 chronologiam,
1120 2608 1211 2688 cui
1239 2609 1557 2680 jungenda
1590 2608 1891 2663 rarissime
1910 2606 2113 2662 itidem
2133 2608 2312 2663 obvia
2335 2609 2591 2663 Mauritii
2615 2609 3215 2683 Davidis,presbyteri
3245 2612 3633 2680 Div’lonensis,
3667 2612 4042 2668 animadver-

617 2705 809 2759 tiones
854 2698 1291 2769 Chronologica
1324 2697 1384 2752 in
1418 2696 1791 2768 Pachymeris
1820 2696 2163 2752 Michaelem
2197 2696 2611 2769 Palaologum,
2644 2716 2791 2769 quas
2826 2701 2884 2753 in
2918 2700 3141 2755 Bovinii
3177 2702 3330 2757 notis
3359 2703 3428 2757 ad
3462 2703 3777 2774 Gregoram
3809 2702 4043 2757 laudari

614 2792 755 2861 vidi,
788 2791 847 2845 in
880 2791 1039 2861 ipsas
1073 2788 1325 2843 necdum
1360 2786 1556 2841 incidi.
1593 2787 1751 2855 (Rec.
1780 2787 2038 2841 Venetiis
2069 2786 2124 2839 in
2160 2802 2318 2857 corp.
2354 2787 2588 2858 Byzant.
2623 2788 2822 2858 script.
2858 2788 2967 2842 vol.
3008 2790 3141 2844 XIII
3170 2796 3226 2845 et
3256 2790 3409 2859 XIV,
3438 2807 3494 2844 v.
3531 2808 3732 2861 supra,
3797 2791 3853 2861 p.
3909 2791 4043 2861 524)

618 2884 749 2936 dem
780 2878 1058 2935 Boivinus
1090 2894 1145 2947 p.
1179 2877 1285 2930 760
1318 2880 1536 2944 monet,
1568 2891 1754 2946 opera
1789 2875 2041 2946 pretium
2076 2876 2217 2941 fore,
2246 2876 2291 2930 si
2327 2876 2461 2946 quis
2501 2876 2814 2931 editionem
2848 2881 3174 2933 Romonam
3206 2879 3585 2951 Pachymeris
3615 2880 3877 2934 conferat
3900 2896 4041 2934 cum

616 2963 815 3025 adice
846 2983 957 3021 ms.
994 2964 1150 3035 regio
1181 2964 1321 3018 2548
1351 2963 1567 3033 scripto
1601 2968 1666 3017 A.
1701 2965 1758 3016 C.
1791 2963 1929 3017 1448
1962 2966 2027 3033 (Ι)
2059 2980 2233 3034 quem
2268 2964 2565 3033 possimus
2593 2964 2750 3019 haud
2774 2965 2939 3032 vidit,
2968 2966 3051 3019 uti
3078 2983 3181 3021 nec
3205 2967 3479 3023 mutilum
3501 2972 3941 3039 Augustanum,
3967 2984 4043 3022 ex

619 3075 736 3131 quo
769 3056 1002 3112 Hieron.
1038 3052 1288 3107 Wolfius
1318 3056 1687 3123 argumenta,
1721 3051 1789 3106 de
1820 3051 2036 3121 quibus
2069 3069 2248 3124 supra
2271 3052 2432 3121 dixit,
2468 3053 2731 3122 protulit.
2756 3054 2984 3121 Nescio,
3020 3072 3092 3109 an
3127 3056 3195 3111 de
3228 3056 3336 3111 hoc
3370 3057 3722 3129 Pacbymere
3747 3057 4038 3128 accipien-

616 3148 758 3203 dum
793 3146 890 3210 sit,
925 3142 1077 3215 quod
1117 3141 1381 3196 Latinius
1413 3144 1555 3224 tom.
1617 3140 1694 3210 ΙΙ,
1754 3140 1923 3211 epist.
1986 3159 2118 3213 pag.
2157 3141 2301 3196 102:
2366 3141 2624 3212 Sirlclus,
2685 3142 2881 3213 inquit
2937 3144 3199 3203 allatum.
3228 3161 3344 3201 esse
3396 3147 3566 3201 etiam
3616 3162 3803 3202 recens
3863 3146 4037 3200 Geor-

610 3238 767 3304 gium
796 3232 1086 3305 quemdam
1106 3229 1400 3284 variarum
1424 3245 1611 3284 rerum
1634 3230 1980 3300 scriptorem,
2003 3233 2121 3301 qui,
2158 3247 2280 3285 cum
2313 3232 2489 3286 multa
2535 3230 2599 3287 de
2652 3233 2850 3302 prima
2905 3237 3053 3289 nota
3120 3233 3458 3305 philosophis
3511 3239 3778 3306 tanquam
3832 3250 4038 3290 censer-

608 3322 1013 3398 pronuntiavil,
1034 3318 1293 3391 plurima
1339 3320 1508 3373 etiam
1540 3319 1850 3374 Aristoteli:
1884 3321 2009 3376 loca
2041 3320 2267 3376 obscura
2292 3322 2615 3377 illustravit.
2649 3320 3131 3392 Quandoquidem
3167 3323 3391 3379 Latinis
3421 3323 3579 3379 haud
3613 3324 3785 3390 favet,
3819 3322 4033 3394 itaque

601 3430 801 3487 parum
836 3427 1023 3483 aquas
1054 3408 1351 3463 historicus
1408 3407 1743 3479 appellatur
1768 3408 1977 3464 Allatio
2007 3409 2109 3464 lib.
2143 3410 2222 3465 De
2253 3427 2546 3465 consensu
2581 3427 2713 3481 pag.
2747 3410 2874 3480 759,
2904 3410 3002 3481 qui
3034 3414 3232 3465 tamen
3278 3410 3413 3466 alibi
3448 3412 3525 3483 (g)
3555 3410 3772 3483 stylum
3804 3410 4027 3484 Pachy-

613 3519 787 3558 mera
820 3501 1060 3567 laudat;
1096 3503 1563 3567 caterumnotat,
1596 3498 1748 3553 inter
1778 3498 2105 3554 Lollianum
2139 3501 2401 3556 codicem
2434 3501 2493 3554 in
2539 3499 2677 3555 bibl.
2704 3500 3081 3570 Vaticana,et
3103 3500 3511 3567 Barberinum,
3537 3518 3719 3572 quum
3755 3502 4033 3557 emenda-

607 3593 818 3648 tiorem
851 3594 907 3645 et
937 3588 1272 3643 charactere
1304 3587 1631 3658 antiquiore
1663 3596 1837 3659 atque
1867 3589 2218 3661 elegantiore
2250 3589 2605 3660 descriptum
2627 3594 2902 3655 testatur,
2935 3591 3260 3645 maximum
3295 3608 3411 3646 non
3437 3595 3664 3647 tantum
3710 3591 3769 3645 in
3830 3590 4034 3645 verbis

603 3698 669 3737 ac
708 3680 880 3735 modo
914 3677 1155 3743 dicenti,
1188 3677 1288 3732 sed
1322 3693 1519 3732 rerum
1554 3684 1925 3735 narratarum
1959 3680 2134 3734 etiam
2168 3682 2523 3751 quandoque
2554 3681 2758 3735 ordine
2809 3679 3001 3733 inesse
3060 3678 3398 3747 discrimen,
3433 3684 3497 3735 ut
3553 3679 3873 3735 verisimile
3924 3678 4033 3746 sit,

604 3768 1048 3841 Pachymerium
1084 3766 1233 3822 duas
1266 3782 1384 3822 sua
1412 3766 1678 3822 Historia
1736 3769 2025 3823 editiones
2081 3769 2330 3841 tempori
2391 3785 2456 3824 ac
2531 3768 2702 3841 genio
2734 3767 3145 3824 inservientem
3178 3768 3623 3841 conscripsisse,
3658 3769 3909 3840 ideoque
3961 3784 4037 3823 ex

599 3860 867 3930 triusque
902 3857 1086 3913 multa
1122 3860 1314 3912 errata
1336 3857 1571 3929 corrigi,
1600 3859 1852 3914 obscura
1873 3858 2178 3928 illustrari,
2200 3858 2408 3914 mutila
2438 3858 2723 3930 suppleri,
2745 3875 2812 3914 ac
2834 3858 3072 3913 demum
3108 3857 3362 3913 historia
3386 3875 3599 3930 corpus
3621 3874 3806 3913 unum
3832 3857 4029 3929 perfe-

600 3952 763 4004 ctum
794 3963 860 4003 ac
882 3946 1181 4019 integrum
1215 3962 1388 4019 posse
1415 3946 1659 4003 absolvi.
1692 3948 1858 4017 Cum,
1892 3948 2045 4003 idem
2082 3964 2225 4004 mss.
2259 3949 2489 4004 codices
2522 3950 2650 4019 ejus
2682 3947 2796 4004 lem
2831 3946 3121 4014 Historia,
3161 3948 3431 4005 mutilum
3462 3947 3753 4003 Venatum
3786 3947 3845 4001 in
3874 3945 4031 4001 bibl.

597 4040 655 4094 S.
692 4039 887 4103 Marci,
924 4042 980 4092 et
1018 4036 1475 4104 Scoriacensem,
1509 4040 1566 4092 et
1597 4053 1665 4093 ex
1701 4038 2038 4093 Possevimo
2070 4038 2197 4109 (qui
2229 4038 2380 4094 male
2413 4038 2563 4093 male
2594 4036 2938 4107 Gregorium
2970 4053 3074 4107 pro
3132 4037 3376 4109 Georgio
3423 4036 3723 4108 appellat),
3782 4034 4030 4090 tertium

594 4128 949 4184 bibliotheca
980 4127 1167 4183 Patmi
1200 4126 1853 4199 insula,quartumque
1885 4128 2040 4199 regis
2061 4127 2544 4184 Christianissiini
2581 4130 3124 4194 commemorasset,
3184 4127 3275 4182 Est
3328 4135 3379 4181 ει
3428 4128 3577 4197 apud
3631 4142 3739 4191 me,
3802 4124 4030 4195 inquit,

594 4220 817 4290 integra
848 4225 899 4273 et
926 4219 1312 4290 Optima'iiola
1342 4216 1592 4289 (Fama).
1626 4247 1695 4259 —
1728 4217 1791 4272 In
1823 4219 1953 4273 cod.
1987 4217 2379 4274 Escorialenei
2426 4218 2598 4289 (teste
2631 4217 2843 4270 Pluero
2874 4214 2935 4269 in
2966 4215 3100 4269 Itin.
3135 4232 3241 4287 per
3289 4215 3532 4288 Hispan.
3594 4230 3708 4287 pag
3770 4214 3915 4281 170),
3959 4213 4021 4267 in

624 2953 821 2966 ———

2352 4371 2525 4427 index
2557 4388 2570 4425 :
2604 4372 2877 4426 exaratus
2916 4386 3053 4426 vero
3084 4370 3301 4425 dicitur
3344 4388 3397 4426 a.
3450 4370 3611 4436 1443,
3666 4366 4024 4424 Lambecius

2352 4460 2586 4514 quoque
2620 4443 2680 4497 in
2719 4445 2969 4509 Comm.,
3032 4442 3184 4497 VIII.
3240 4459 3297 4513 p.
3361 4443 3497 4496 1087
3559 4440 3795 4514 Kollarii
3858 4437 4025 4514 dole't

2353 4510 2596 4571 Pass—lno
2628 4516 2699 4569 de
2728 4514 2911 4569 fuisse
2934 4515 3063 4568 cod.
3098 4510 3297 4569 Casa}.
3348 4516 3419 4568 67
3468 4513 3670 4585 (quem
3724 4510 3930 4585 Lamb.
3987 4528 4029 4585 ἐξ.

2350 4604 2484 4659 pag.
2516 4586 2657 4641 1066
2673 4588 2907 4659 copiose
2938 4586 3247 4659 recenset),
3275 4585 3335 4659 in
3387 4581 3529 4656 quo'
3564 4588 3726 4659 sunt-
3752 4581 4026 4659 Gregorii

2350 4604 2484 4659 pag.
2516 4602 2907 4711 iuoocopiose
2938 4602 3247 4656 recenset),
3275 4602 3335 4639 in
3387 4602 3504 4656 quo
3564 4602 3705 4639 sunt
3752 4602 4026 4653 uregorii

2350 4659 2523 4731 Cypri
2556 4660 2743 4731 episto
2773 4676 2839 4723 a,
2872 4674 2941 4731 ex
2965 4657 3181 4731 quibus
3215 4655 3766 4731 multa_ne_cessari_a
3788 4652 4027 4731 potuis-

2350 4725 2481 4786 sent
2511 4725 2762 4793 haurici,
2793 4725 3139 4785 elHistoria
3158 4733 3369 4801 Georg.
3389 4725 3804 4801 Pachymeris,’
3821 4725 4027 4801 operis

2349 4800 3082 4873 dilﬁcilis,obscuritatem
3119 4799 3652 4873 magis—illustrari.
3684 4802 3765 4853 Ex
3810 4799 4026 4873 eodem

2348 4875 2481 4955 cud.
2516 4872 2860 4955 publicavit,
2896 4890 2952 4943 p.
2989 4873 3129 4927 1689
3146 4871 3247 4955 .sq'.
3282 4873 3353 4928 ad
3388 4873 3781 4999 supglendam
3814 4871 4025 4925 Histo—

2348 4964 2495 4999 riam
2529 4950 2759 4999 Georgii
2798 4946 3092 4999 Pachvm..
3118 4945 3219 4999 lib.
3258 4947 3329 4999 II.
3354 4962 3482 4999 can.
3546 4986 3559 4999 .
3594 4945 3915 4999 famulam
3932 4957 4025 4997 so-

2346 4948 2495 5002 riam
2524 4944 2759 5015 Georgii
2798 4946 3092 5017 Pachym.,
3118 4944 3219 4999 lib.
3258 4947 3329 5014 II,
3354 4944 3559 5017 cap.9,
3590 4945 3915 5017 formulam
3932 4957 4028 5017 δρ-

2347 5020 2603 5081 lemnem,
2627 5014 2740 5086 qua
2762 5014 3127 5086 patriarcha,
3158 5014 3443 5089 Gregorio
3458 5014 3645 5089 Cypro
3670 5014 3994 5089 adversarii
4010 5056 4027 5081 ,

674 4373 726 4444 (ο
756 4372 818 4428 In
850 4372 1046 4428 indice
1077 4374 1141 4428 rd
1177 4372 1289 4428 vol.
1323 4371 1427 4437 III,
1462 4388 1518 4443 p.
1552 4372 1677 4438 611,
1713 4372 1783 4427 de
1810 4372 2008 4428 codice
2038 4374 2115 4439 Χ,
2158 4372 2260 4444 qui

596 4445 857 4501 continet
889 4445 1244 4502 Psalterium
1277 4450 1470 4499 totum
1504 4460 1637 4498 cum
1662 4450 1870 4500 catena
1896 4461 1965 4499 ex
1983 4444 2259 4515 Operibus

590 4518 889 4573 variorum
924 4518 1034 4585 vel,
1068 4519 1425 4587 scriptorum
1460 4516 1810 4585 ecclesiast.,
1844 4516 1904 4570 in
1929 4516 2023 4571 his
2044 4516 2258 4587 Pachy-

592 4590 773 4645 meris
789 4596 1103 4656 ,contexta,
1130 4604 1310 4661 quem
1336 4593 1602 4643 recenset
1625 4588 1899 4644 Lambec.
1921 4590 1981 4643 in
2001 4592 2112 4643 vol.
2133 4589 2256 4657 cit.,

588 4680 644 4734 p.
677 4662 748 4716 53
778 4678 908 4733 sqq.
946 4662 1178 4731 (Hann)

660 4736 737 4803 (d)
764 4730 885 4788 Seu
914 4750 1046 4805 pag.
1084 4733 1185 4787 153
1217 4732 1309 4786 ed.
1346 4730 1803 4805 Kollarii,cujus
1836 4736 2033 4805 notam
2069 4731 2257 4788 confe-

589 4802 816 4860 res.'Ibi
850 4802 1343 4861 codfrecensetur
1372 4804 1443 4856 33
1474 4804 1574 4874 qui
1610 4802 2057 4874 comprehendit
2084 4806 2256 4857 Geor-

583 4880 668 4945 gii
691 4879 1059 4948 Pachymeris
1080 4876 1476 4945 expositionem
1499 4878 1671 4948 totius
1694 4875 1903 4946 Organi
1924 4875 2253 4948 Aristotelis,

589 4967 635 5003 s.
674 4947 940 5004 omnium
974 4952 1102 5018 ejus
1126 4949 1433 5013 librorum,
1458 4947 1639 5016 quiad
1661 4947 1911 5017 logicam
1938 4947 2256 5018 pertinent,

590 5021 940 5076 Lambecius
975 5022 1177 5076 itidem
1200 5020 1259 5074 in
1294 5023 1429 5073 nota
1459 5022 1517 5085 A,
1556 5037 1609 5090 p.
1648 5020 1753 5075 155
1785 5037 1831 5074 :n
1863 5019 2253 5086 I‘rolecdicus,

585 5096 691 5158 ait,
726 5094 1088 5165 suscipiebat
1118 5092 1380 5165 captivos
1399 5092 1470 5146 de
1493 5092 1649 5147 clero
1674 5094 1729 5145 in
1756 5091 1952 5148 causis
1971 5091 2252 5165 crimena-

586 5165 768 5231 libus,
803 5172 861 5221 et
891 5163 962 5219 de
991 5166 1064 5220 iis
1084 5164 1417 5236 judicabat,
1442 5164 1907 5235 providebatque
1930 5180 2001 5218 ne
2023 5164 2160 5236 quis
2182 5163 2255 5219 iis

586 5238 869 5307 injuriam
904 5238 1136 5293 faceret.
1164 5236 1395 5308 (ΙΙΑιπιι.)

657 5311 728 5381 (e)
774 5310 1065 5381 Imagines
1106 5308 1401 5381 Pachym.
1464 5323 1581 5381 nec,
1628 5325 1773 5381 non
1806 5308 2251 5381 imperatorum,

582 5379 886 5438 Michaelis
903 5379 1359 5453 Palaologisen.
1386 5383 1444 5433 et
1462 5380 1779 5453 Andronici
1805 5379 2254 5453 Palaologisen-

583 5396 886 5438 Michaelis
913 5396 1359 5453 i’aiamogisen.
1386 5396 1444 5433 et
1462 5396 1779 5435 andronici
1805 5396 2249 5506 raiaoisogisen-

583 5453 682 5507 ari
708 5454 929 5510 incisas
961 5454 1197 5509 exhibet
1227 5467 1460 5523 quoque
1490 5452 1761 5509 Lambec.
1792 5453 1863 5508 ad
1886 5469 1940 5521 p.
1975 5452 1998 5507 1
2088 5493 2100 5506 .
2135 5451 2249 5507 vol.

582 5542 796 5581 comm.
831 5526 953 5583 VII.
993 5529 1067 5582 De
1098 5527 1226 5585 cod.
1264 5523 1516 5596 Hugust.
1550 5523 1723 5580 Vind.
1757 5542 1811 5579 v.
1860 5524 2084 5580 Reiseri
2137 5524 2250 5593 cal,

582 5616 639 5653 n.
673 5599 761 5653 68.
800 5600 1033 5653 (Bitian)

627 5639 639 5651 .
673 5600 761 5655 68.
800 5600 1033 5666 (Hum)

582 5616 639 5670 p.
673 5616 761 5655 οδ.
800 5616 1033 5666 μιμῇ..)

675 5672 743 5741 (Γ)
803 5672 1254 5727 Montfauconus
1307 5668 1708 5741 Palaograph.
1768 5674 1986 5741 Graca,
2039 5688 2095 5741 p.
2156 5669 2249 5735 79,

579 5740 749 5798 Fabri.
793 5746 856 5823 In
889 5745 1061 5823 catal.
1095 5742 1263 5823 codd:
1299 5740 1889 5823 Pharis.,ub_i\bl..publ.
1914 5740 2248 5823 .IILp.‘39.3,

578 5821 930 5873 numeratur
958 5816 1089 5873 cod.
1126 5813 1284 5879 1724,
1308 5812 1552 5887 Georgii
1585 5812 1962 5887 Pachymeris
1984 5812 2249 5887 Historia

577 5888 912 5962 Byzantina
948 5885 1435 5947 libritredecim:
1491 5885 1767 5959 praﬁxus
1825 5903 1926 5943 sex
1984 5886 2249 5959 priorum

2346 5091 2766 5163 promiserunt,
2803 5090 2997 5163 ipsum
3034 5087 3268 5158 publice
3286 5086 3660 5163 fdeclaratum
3687 5088 3757 5142 iri
3820 5086 4029 5163 ortho-

2345 5156 2562 5217 doxum
2595 5166 2652 5216 et
2684 5156 2927 5227 prorsus
2958 5156 3211 5215 lib—erum
3246 5161 3319 5215 ab
3350 5162 3511 5215 omni
3537 5160 3667 5215 labe
3710 5165 3767 5214 et
3818 5156 4027 5228 suspi-

2344 5235 2509 5290 cione
2539 5250 2725 5305 prava
2754 5231 3056 5297 doctrina,
3081 5233 3130 5286 si
3166 5232 3216 5287 is
3231 5232 3415 5357 (prius
3446 5231 3660 5304 scripto
3701 5231 4025 5301 pollicere-

2344 5312 2457 5357 tur-
2479 5322 2563 5357 se.
2591 5305 2745 5357 nosit
2778 5311 3081 5357 accentum
3118 5303 3222 5357 iliu
3299 5305 3569 5357 inuocem
3604 5305 3668 5357 ia
3700 5320 3821 5357 sua
3858 5301 4025 5357 testi-

2344 5312 2458 5376 tur,
2479 5303 2563 5371 se,
2590 5305 3081 5376 positgacceptum
3118 5303 3264 5358 iliud
3299 5305 3569 5359 inuocem
3604 5305 3668 5359 ia
3700 5320 3821 5358 sua
3858 5303 4032 5376 testi:

2345 5370 2610 5435 monium
2638 5370 3107 5448 publicum,sine
3131 5392 3296 5432 mora
3325 5376 3617 5448 dignitate
3641 5370 4029 5448 patriarchan

2345 5394 2610 5435 monium
2638 5392 3107 5448 pumicum,sine
3131 5392 3296 5432 mora
3325 5392 3617 5446 dignitate
3713 5392 4029 5431 triarcnau

2343 5468 2407 5508 se
2434 5450 2842 5529 abdicaturum
2868 5465 2996 5529 esse
3027 5450 3200 5529 -τιΙρ
3227 5449 3355 5529 cod.
3389 5448 3483 5517 39,
3512 5392 3797 5529 vplﬂ’lll,
3825 5464 3885 5529 p.
3905 5446 4031 5504 819

2343 5529 2433 5579 est
2463 5524 2867 5593 fragmentum
2893 5520 3123 5592 Georgii
3162 5520 3455 5593 Pachym.
3500 5518 4027 5593 philosophgicuin,

2341 5594 2468 5669 περὶ
2501 5588 2762 5669 ὕλῗηςαδᾳιέ
2793 5588 3144 5669 εἰδουςυξξεφΔ
3167 5592 3234 5665 β’,
3268 5588 3338 5646 ἰή
3366 5588 3540 5669 quiue
3565 5588 3755 5669 initio'
3795 5588 4024 5666 Georg.

2340 5661 2555 5724 dicitur
2588 5661 2882 5741 oiloqoqioc
2937 5661 3319 5741 xqiﬁiéiovoc
3348 5661 3620 5741 κλήρυεὸς
3650 5663 3679 5717 ὑ
3702 5661 4019 5735 πομνημᾶ-

2338 5740 2610 5816 τογράφος
2669 5736 2760 5791 καὶ
2795 5733 3189 5809 ’πρωτέκδικος
3248 5754 3349 5804 της
3404 5733 3710 5805 κάυολικῆς
3767 5733 4027 5810 pawn;

2338 5816 2434 5869 τοῦ
2474 5812 2721 5881 Χριστοῦ
2745 5807 3098 5879 Ἐκκλησιας.
3135 5809 3365 5881 (Hann)
3526 5880 3533 5881 ί
3564 5871 3576 5881 _
3836 5880 3839 5881 ν
3877 5878 3917 5881 Α

2411 5834 2434 5865 υ
2476 5830 2721 5886 λριστου
2762 5830 3098 5879 ωκκΛησιας.
3135 5830 3365 5881 [ΠΑΠῘι.)
3573 5871 3576 5874 ,

2411 5887 2487 5959 (g)
2524 5884 2771 5956 Allatius
2794 5884 2866 5941 de
2889 5882 3179 5959 Georgiis.
3204 5900 3263 5955 p.
3286 5881 3417 5952 368,
3441 5880 3741 5956 369(mpra
3758 5878 4031 5958 601413).
