4212 6442
592 398 700 454 435
1816 400 2024 452 PETRI
2066 397 2255 452 pose]

2331 405 2336 452 L
2380 401 2779 454 DEDICATIO.
3892 396 3994 451 436

593 523 1020 592 Pachymerius,
1055 521 1193 592 quod
1221 536 1291 576 ea:
1310 520 1542 576 historia
1571 525 1624 575 et
1643 521 1773 574 aliis
1803 520 2044 590 ejusdem
2075 521 2497 577 tractationibus
2527 522 2724 592 eplligi
2748 526 2946 592 potest,
2980 524 3191 594 ineptat
3224 521 3300 594 (g)
3321 521 3517 576 Refert
3538 527 3730 576 autem
3765 528 3999 576 nactum

592 628 654 668 se
689 612 1054 683 Pachymeraa
1081 609 1431 681 opusculum
1461 609 1590 681 Περὶ
1617 607 2034 668 κατασκευασίας
2065 607 2156 661 καὶ
2187 606 2255 678 ἐεε

2336 609 2496 670 ἀσίας
2527 614 2635 663 τῶν
2689 608 3167 684 ἆπιχειρημάτων,
3200 613 3276 666 De
3327 626 3601 680 apparatu
3643 615 3695 665 et
3750 618 3999 664 conum-

592 701 771 756 ctione
791 709 1276 770 argumentorum,
1296 699 1464 768 cujus
1495 698 1727 753 initium
1768 716 1780 752 :
1816 702 1924 750 Πᾶν
1959 697 2255 750 κατασκευά

2343 717 2407 750 ται
2441 694 2510 750 δι’
2539 695 2613 769 Ιέξ.
2649 701 2736 754 Ait
2761 701 2960 766 etiam,
2991 697 3638 771 Pachymersslibellum
3674 703 3756 753 De
3775 701 4006 768 quatuor

592 789 998 843 mathematicis
1031 787 1288 843 scientiis
1338 792 1560 841 exstare
1587 804 1697 840 ms.
1733 787 1789 840 in
1823 787 1962 841 bibl.
2007 789 2162 858 regis
2211 787 2430 852 Galliae,
2475 789 2574 842 sed
2600 789 2853 856 dubitat,
2905 790 3135 844 idemne
3170 789 3265 854 sit,
3293 788 3392 860 qui
3426 790 3531 844 sub
3562 787 3737 842 Pselli
3767 787 4005 842 nomine

594 878 789 934 editus
823 881 930 945 est,
955 881 1013 932 et
1044 878 1112 931 de
1146 893 1261 947 quo
1293 875 1542 953 Allatius
1591 875 1737 929 libro
1772 876 1842 929 de
1869 876 2076 930 Psellis
2107 892 2235 946 cap.
2268 876 2354 929 37.
2391 878 2541 932 Sane
2563 879 2716 932 idem
2741 879 3027 949 scriptum
3045 879 3347 944 Arsenius,
3371 893 3503 932 cum
3529 877 3783 947 primum
3811 876 4006 930 Romae

594 967 799 1037 edidit,
841 965 1148 1022 dubitavit.
1183 964 1639 1036 Enthymiumne
1670 981 1743 1019 an
1774 964 2008 1019 Psellun
2044 964 2283 1020 haberet
2313 970 2634 1031 auctorem,
2667 966 2802 1023 licet
2822 967 3008 1022 Psalle
3031 985 3066 1021 a
3091 968 3362 1036 pluribus
3383 967 3713 1022 tribuatur:
3743 965 4008 1020 Labbeus

593 1073 728 1112 vero
751 1057 808 1110 in
834 1053 1184 1110 Bibliotheca
1217 1070 1363 1108 nova
1395 1069 1530 1122 ms.,
1566 1070 1698 1124 pag.
1732 1053 1855 1121 H7,
1888 1059 2149 1123 tanquan
2183 1054 2410 1109 diversa
2455 1061 2743 1111 memorat
2797 1057 3026 1127 Georgii
3074 1055 3441 1127 Pachymeraa
3499 1056 3570 1110 De
3612 1061 3848 1126 quatuor
3879 1069 4008 1107 ma-

595 1144 931 1207 thematicis,
953 1141 1325 1210 arithmetica,
1356 1141 1587 1207 musica,
1615 1143 1918 1211 geometria
1949 1151 1999 1196 et
2027 1145 2369 1197 astronomia
2399 1144 2539 1214 (quo
2570 1144 2697 1214 ipso
2719 1145 2922 1200 ordine
2946 1144 3122 1200 etiam
3145 1143 3471 1215 disciplina:
3494 1143 3606 1198 illae
3628 1144 3687 1200 in
3719 1140 4010 1198 Pselliano

579 1233 794 1319 ybello
828 1232 1270 1303 pertratautur),
1303 1231 1360 1285 in
1385 1232 1577 1286 codice
1613 1234 1777 1303 regio
1804 1233 1928 1302 859,
1989 1240 2042 1286 et
2087 1231 2153 1285 de
2213 1231 2411 1287 iisdem
2469 1234 2758 1305 Euihymii
2808 1235 2982 1290 Prelli
3037 1233 3226 1289 codice
3271 1233 3398 1287 891.
3456 1233 3533 1287 De
3576 1232 3773 1288 iisdem
3809 1230 4016 1319 incerti

595 1322 775 1378 codice
805 1321 929 1375 481.
964 1321 1286 1390 (ΡΑΒΒ.)-
1331 1319 1666 1374 Secundum
1724 1320 1890 1374 codd.
1925 1319 2093 1373 cata].
2155 1361 2168 1373 .
2227 1320 2403 1376 Paris.
2461 1321 2569 1377 vol.
2634 1323 2708 1390 II,
2762 1322 2820 1377 in
2871 1323 2998 1377 cod.
3051 1321 3215 1386 2338,
3278 1320 3420 1376 2339
3471 1325 3528 1376 et
3565 1321 3727 1388 2340,
3783 1318 4016 1389 Georgii

598 1411 870 1483 Pachym.
904 1409 990 1465 vel
1025 1409 1198 1476 Mich,
1232 1407 1404 1463 Pselli
1436 1408 1847 1477 arithmeticae,
1879 1408 2139 1474 musicas,
2173 1411 2505 1480 geometriae
2547 1416 2604 1466 et
2651 1412 3026 1467 astronomiae
3058 1411 3458 1466 institutiones
3486 1431 3501 1477 ;
3551 1412 3610 1465 in
3669 1410 3796 1466 cod.
3850 1408 4014 1474 2341,

596 1499 827 1572 Georgii
850 1499 1124 1570 Pachyni.
1164 1496 1679 1564 arithmetica(ubi
1713 1497 1968 1568 primum
2002 1503 2180 1568 caput
2213 1499 2625 1571 desideratur),
2684 1502 3006 1572 geometria
3056 1511 3109 1555 et
3167 1500 3583 1555 stereometria.
3649 1529 3715 1540 --
3770 1503 3834 1552 1n
3883 1497 4012 1553 cod.

593 1591 737 1644 2438
767 1594 820 1655 (e
850 1590 976 1643 cod.
1007 1587 1288 1642 Vaticano
1321 1605 1373 1640 a.
1410 1587 1546 1640 1594
1578 1585 1916 1656 descripto),
1952 1602 2038 1639 nr.
2070 1586 2123 1649 3,
2161 1586 2434 1658 Pachym.
2469 1588 2849 1644 arithmetica
2883 1593 3090 1659 quater
3122 1589 3395 1643 inchoata
3423 1587 3737 1658 descriptio
3759 1587 4012 1640 duorum

599 1680 975 1733 librariorum
1012 1693 1184 1731 manu
1219 1677 1447 1753 diversa
1483 1692 1496 1741 ;
1531 1693 1618 1728 nr.
1652 1677 1704 1737 4,
1738 1676 2002 1744 ejusdem
2028 1674 2367 1732 harmonia?!
2390 1677 2660 1732 inchoata
2693 1677 3010 1748 descriptio
3051 1709 3116 1717 —
3147 1678 3205 1731 in
3239 1677 3365 1733 cod.
3387 1677 3529 1732 2536
3557 1674 3906 1747 opusculum
3939 1674 4012 1728 de

601 1769 827 1824 Mucica.
861 1784 891 1822 e
922 1771 1180 1820 veterum
1214 1769 1269 1819 et
1293 1765 1680 1819 recentiorum
1718 1764 1954 1834 scriptis
1986 1780 2019 1816 a
2061 1763 2306 1834 Georgio
2367 1766 2720 1838 Pachymera
2779 1767 2836 1820 in
2888 1768 3124 1822 illorum
3173 1766 3444 1839 gratiam,
3506 1767 3607 1836 qui
3665 1766 3744 1821 rei
3780 1764 4019 1819 musica

603 1873 842 1928 operam
883 1857 1042 1920 dant,
1078 1853 1376 1921 collectus,
1411 1869 1560 1923 opus
1585 1852 1894 1918 ineditum,
1930 1852 2084 1922 quod
2120 1852 2266 1922 incip

2357 1849 2592 1927 δευτέραν
2625 1850 2741 1928 ἔχει
2773 1853 2941 1922 τάξιν.
2978 1886 3044 1896 -
3077 1857 3138 1910 In
3173 1854 3588 1909 cod.Naniano
3611 1854 3718 1908 255
3739 1850 4020 1918 Venetiis,

602 1937 1026 2020 ἠτετράὅιϐλος
1081 1939 1177 1995 τοῦ
1247 1939 1544 2016 Παχυμὲρη
1598 1971 1664 1982 -
1723 1945 1849 1995 tum
1901 1943 1998 1992 τοῦ
2051 1941 2368 2015 σοφωτάτου
2424 1947 2592 2017 κυροῦ
2652 1942 2920 2017 Γεωργίου
2978 1939 3350 2016 πρωτεχδίκου
3408 1973 3478 1984 -
3530 1945 3627 1995 τοῦ
3684 1935 4021 2014 Παχυμέρη,

603 2034 886 2108 σύνταγμα
937 2036 1046 2087 τῶν
1102 2031 1398 2105 τεσσάρων,
1461 2029 1820 2101 μαθημάτων,
1882 2029 2272 2102 ἀριθμητικῆς,
2337 2038 2622 2102 μουσικῆς,
2683 2031 3023 2105 γεωμετρίας
3080 2031 3168 2085 καὶ
3236 2029 3618 2105 ἀστρονομίας.
3677 2032 4027 2103 Sequuntur

602 2125 845 2196 triginta
873 2138 1076 2178 versus
1099 2121 1278 2174 iambi
1313 2120 1526 2175 senarii
1563 2138 1575 2176 :
1611 2125 1741 2191 post
1772 2120 1878 2175 hos
1911 2120 2118 2190 incipit
2148 2136 2320 2190 opus.
2354 2121 2531 2176 Plura
2559 2139 2628 2177 ex
2658 2121 2757 2176 illo
2790 2122 2917 2176 cod.
2949 2122 3111 2177 dedit
3141 2126 3343 2177 auctor
3373 2125 3487 2176 cat.
3535 2122 3704 2176 codd.
3763 2119 4022 2174 Nanian.

607 2230 735 2286 pag,
769 2213 892 2268 “8.
924 2242 994 2254 —
1024 2209 1208 2265 Laida:
1239 2209 1392 2264 inter
1423 2209 1592 2265 codd.
1629 2209 1950 2264 Vossiauos
1979 2208 2254 2282 ἁρμονικὴ

2352 2211 2526 2277 tuom-1‘,
2583 2209 2958 2285 Παχυμερίου.
2988 2211 3048 2266 ν.
3083 2215 3195 2266 cat.
3231 2210 3374 2267 bibl.
3411 2211 3570 2266 Leid.
3627 2209 3750 2264 394.
3787 2226 3876 2264 nr.
3918 2208 4015 2262 62.

602 2331 673 2344 -
729 2303 814 2356 An
873 2299 1047 2356 etiam
1106 2299 1521 2371 Pachymerem
1585 2297 1936 2369 pertineant,
1994 2312 2123 2367 qua:
2183 2303 2324 2354 sunt
2377 2299 2436 2354 in
2496 2299 2624 2355 cod.
2677 2302 3020 2372 Augustano
3063 2299 3267 2354 Vindel
3324 2300 3553 2369 (καίειν.
3603 2303 3715 2354 cat.
3778 2315 3837 2370 p.
3894 2296 4019 2368 87).

603 2392 855 2462 epitome
888 2389 1103 2462 logica,
1135 2388 1303 2444 initio
1329 2386 1559 2454 mutila,
1593 2385 1835 2457 reliquis
1863 2385 2042 2440 etiam
2102 2387 2334 2458 paginis
2383 2404 2662 2458 magnam
2724 2395 2950 2460 partem
3009 2389 3198 2444 exesis
3232 2409 3245 2457 ;
3300 2389 3416 2444 alia
3444 2388 3696 2459 epitome
3735 2386 4026 2443 arithme-

602 2481 771 2550 tices,
802 2484 914 2543 etc,
947 2476 1179 2548 aliaque
1212 2476 1468 2548 epitome
1500 2475 1778 2542 musices,
1811 2477 2164 2546 geometris,
2199 2476 2593 2547 astronomiae,
2636 2481 2770 2545 etc.,
2840 2477 3151 2533 collatione
3201 2493 3336 2533 cum
3395 2476 3528 2532 aliis
3583 2477 3752 2532 codd.
3800 2474 4031 2531 certius

605 2570 716 2626 erit
745 2567 1170 2623 definiendum.
1195 2564 1429 2637 (Hann)

675 2656 752 2709 Τὰ
776 2655 895 2718 καθ’
927 2654 1132 2722 ἑαυτὸν,
1163 2653 1426 2709 Carmina
1475 2653 1540 2708 de
1595 2654 1712 2707 vita
1768 2669 1870 2707 sua
1927 2657 2216 2708 memorat
2274 2654 2660 2726 Pachymeres
2714 2660 2771 2710 et
2827 2671 2895 2710 ex
2927 2653 3046 2711 illis
3093 2670 3298 2711 versus
3335 2654 3625 2726 quosdam
3656 2653 4036 2709 hexametros

610 2746 850 2804 adducit
881 2744 983 2799 lib.
1015 2761 1050 2799 x
1083 2744 1346 2799 Historiae
1377 2741 1531 2814 Byz.,
1560 2758 1688 2812 cap.
1721 2741 1786 2794 14
1819 2746 1876 2797 et
1905 2742 1992 2795 15.
2024 2742 2228 2811 (ΡΑΒΒ)
2259 2743 2562 2800 Florentiae
2587 2743 2648 2799 in
2680 2745 2808 2800 cod.
2845 2749 3113 2800 Laurent.
3165 2744 3380 2799 Medic.
3447 2744 3517 2810 V,
3575 2741 3722 2815 plut.
3778 2742 3871 2809 87,
3913 2743 4029 2812 qui

612 2834 874 2893 continet
904 2834 1146 2888 Aristot.
1181 2831 1435 2904 physicae
1467 2829 1778 2886 ausculiat.
1812 2829 1992 2886 libros
2011 2848 2134 2897 vm,
2170 2847 2304 2886 cum
2337 2834 2699 2903 expositione
2732 2833 3043 2906 marginali
3075 2832 3307 2905 Georgii
3347 2831 3723 2905 Pachymeris
3755 2848 3769 2886 :
3803 2832 3862 2886 in
3911 2831 4026 2886 ﬁni

612 2925 892 2995 leguntur
921 2939 1126 2977 versus
1159 2922 1398 2992 quidam
1429 2919 1646 2974 heroici
1680 2920 1741 2974 in
1776 2919 2010 2974 laudem
2041 2919 2198 2987 libri,
2234 2923 2486 2993 ascripto
2522 2923 2755 2978 nomine
2783 2926 2881 2976 τοῦ
2923 2922 3248 2996 Παχυμὲρη,
3283 2939 3432 2994 quos
3463 2921 3681 2993 publici
3704 2920 3857 2992 juris
3888 2920 4044 2975 fecit

609 3013 859 3068 Bandin.
888 3012 947 3066 in
982 3015 1095 3066 cat.
1129 3010 1226 3065 Gr.
1265 3010 1358 3075 ΙΙΙ,
1389 3024 1443 3077 p.
1475 3008 1581 3062 385
1611 3024 1700 3078 sq.
1733 3039 1798 3048 —
1827 3009 1886 3062 ln
1922 3008 2049 3063 cod.
2105 3009 2321 3064 Veneth
2371 3010 2576 3080 Marc.,
2636 3011 2738 3083 qui
2796 3011 3056 3067 continet
3117 3011 3352 3066 Macarii
3409 3008 3864 3082 Chrysocephali
3909 3014 4035 3065 Po-

614 3097 859 3169 δωνιὰν,,
892 3101 968 3156 fol
987 3101 1090 3154 231
1125 3099 1501 3154 adducuntur
1531 3101 1800 3168 excerpta
1832 3113 1900 3170 ex
1930 3098 2314 3164 carminibus,
2345 3115 2470 3171 quae
2500 3101 2784 3172 Georgius
2817 3100 3203 3173 Pachymeres
3231 3101 3301 3154 de
3331 3100 3449 3155 vita
3492 3095 3600 3155 sua
3647 3098 4037 3171 conscripsit,

617 3188 681 3243 ἐκ
720 3193 828 3243 τῶν
885 3187 1144 3260 ἡρωϊκῶν
1195 3185 1337 3239 ἐπῶν
1369 3187 1491 3238 ’τοῦ
1546 3184 1849 3257 Παχυμέρη
1906 3189 2074 3252 κυροῦ
2125 3185 2422 3260 Γεωργίου⁹
2478 3184 2546 3241 δι’
2599 3186 2672 3242 ὧν
2741 3188 2807 3243 τὰ
2873 3189 2991 3252 καθ’
3056 3188 3239 3242 ἑαυτὸν
3314 3185 3582 3263 διηγεῖται
3632 3186 3687 3242 ἂν
3741 3188 4040 3260 τμήμασιν

621 3275 790 3344 ἐννέα,
825 3281 882 3333 et
929 3275 1027 3332 fol.
1076 3277 1183 3330 2.43
1236 3279 1373 3330 rect.
1432 3276 1528 3326 τοῦ
1586 3272 1750 3326 αὖτού
1810 3274 2164 3347 (Παχυμέρη)
2223 3275 2413 3349 στίχοι
2477 3276 2718 3352 ὑφαντοί·
2781 3273 2893 3331 ἔστι
2951 3275 3008 3332 δὶ
3059 3277 3086 3331 ὁ
3130 3278 3490 3354 ὑφαινόμενος
3549 3276 3765 3351 στίχος,
3822 3275 4040 3340 ἀνωθεν

611 3365 759 3421 κάτω
789 3365 878 3419 καὶ
908 3363 1146 3419 κάτωθεν
1177 3364 1304 3417 ἅνω.
1339 3363 1405 3416 ν.
1459 3363 1566 3419 cel.
1627 3362 1906 3419 Villoison
1963 3365 2261 3419 anecdoct.

2371 3383 2402 3421 ν.
2461 3372 2604 3422 tom.
2668 3369 2736 3436 II,
2797 3386 2926 3440 pag.
2981 3369 3036 3435 7,
3094 3368 3394 3438 imprimis
3444 3384 3574 3440 pag.
3633 3369 3704 3422 76
3760 3383 3886 3438 sqq.
3921 3368 4034 3423 ubi

617 3455 832 3530 στίχος,
866 3456 1013 3511 istos
1044 3455 1310 3526 quamvis
1343 3453 1624 3508 barbaros
1655 3453 2026 3524 ineptosque.
2060 3458 2255 3509 Graece
2276 3456 2554 3525 vulgavit.
2584 3458 2647 3513 In
2682 3459 2953 3514 versibus
2987 3462 3182 3514 autem
3217 3457 3471 3513 heroicis
3502 3456 3756 3512 laudatis
3805 3455 4048 3529 Pachy-

615 3562 804 3602 meres
854 3545 1044 3599 indice
1076 3542 1442 3607 Villosionio,
1475 3546 1698 3597 veteres
1732 3547 1956 3614 poetas,
1992 3542 2280 3614 praecipue
2335 3544 2647 3601 homerum
2679 3551 2740 3602 et
2795 3546 3137 3619 Gregorium
3199 3545 3650 3613 Nazianzenum,
3685 3561 3799 3600 non
3832 3544 4047 3600 infeli-

613 3637 758 3693 citer
787 3635 1075 3692 imitando
1097 3632 1406 3705 expressit.
1439 3631 1668 3704 (ΗΑΒι.)

686 3780 762 3853 (g)
796 3778 946 3834 Add.
981 3793 1184 3849 supra,
1209 3776 1324 3833 vol.
1355 3777 1398 3848 Ι,
1427 3793 1487 3850 p.
1508 3777 1636 3832 703.
1669 3776 1901 3847 (Hann)

1225 4130 2022 4294 GEORGII
2155 4129 3409 4352 PACHYMEBZE

1104 4458 1703 4712 meum
1797 4560 1937 4709 ET
2031 4558 2713 4709 ANDRONICO
2810 4561 3584 4713 PAWOLOGIS

1923 4815 2327 4924 LIBRI
2427 4814 2741 4925 XIII.

1810 5138 2044 5199 PETRI
2093 5136 2406 5200 POSSIMI
2456 5137 2885 5200 DEDICATIO

2309 5307 2389 5322 —

1422 5425 1723 5484 SANCTIE
1764 5425 2119 5484 MEMORIAE
2161 5426 2433 5483 URBANI
2465 5425 2593 5482 VIII
2622 5425 2855 5483 SUMMI
2879 5424 3272 5482 PONTIFICIB

938 5579 1300 5642 GEORGIUS
1341 5575 1849 5634 PACHYMERHS.
1880 5575 1952 5629 Ε]
1963 5573 2048 5630 US
2088 5573 2456 5632 BENEFICIO
2487 5574 2892 5643 REDIVIVUS,
2920 5576 3386 5633 IMMORTALES
3419 5576 3751 5634 GRATIAS.

719 5729 1075 5812 Synagogze
1107 5728 1334 5812 veteris
1392 5719 1810 5812 pontiﬁcibus
1865 5738 2056 5812 sacrae
2118 5721 2346 5812 litterae
2401 5729 2754 5780 memorant
2783 5723 3546 5812 _siugular};.pi'ioile__gio_
3598 5722 3974 5812 εῂὂιιιηιιξοθΔ
4000 5736 4108 5785 ut

641 5797 845 5873 morvtc
874 5797 1699 5886 sua'panderentfeditum
1731 5801 2087 5886 exsulibus,
2116 5797 2276 5886 Plus
2309 5819 2504 5886 _posse
2551 5820 2719 5861 nova?
2779 5797 2933 5879 legis
2984 5811 3070 5886 et_
3097 5802 3339 5862 Christi
3389 5797 3685 5863 Ecclesia!
3730 5801 4112 5886 pontiﬁces

641 5897 922 5972 feliciter
949 5879 1250 5964 eacperior
1277 5883 1468 5945 hodie
1494 5892 1646 5952 ate,
1686 5889 1872 5953 cujus
1919 5885 2136 5960 gratia
2188 5879 2438 5945 dudum
2492 5888 2728 5942 mortui
2773 5882 3162 5962 jampridem
3219 5891 3280 5943 et
3334 5888 3468 5962 ipse
3516 5879 3810 5945 mortuus
3867 5879 4110 5950 lucem
