4258 6438
183 346 325 402 441·
1405 346 1620 401 PETRI
1670 344 1864 402 P068]

1918 346 1949 398 Ἰ
1986 345 2384 402 ΡΒΒΓΔΤῘΟ.
3495 340 3599 396 442

191 488 292 545 nis
351 477 798 563 interpolatum
858 487 920 544 et
961 481 1216 561 injuriis
1243 481 1364 543 aevi
1410 502 1486 544 ac
1536 490 1975 562 tempestatum
2033 491 2399 562 corruptum
2444 483 2708 542 habens.
2757 484 3096 563 Vaticanus
3147 481 3334 563 longe
3375 497 3598 563 recen-

199 564 384 626 tioris
433 560 534 625 est
583 582 830 624 manus.
890 563 957 623 ln
1009 560 1356 624 Barberino
1411 564 1627 624 codice
1668 560 1946 640 pertusis
2003 583 2150 623 casu
2207 560 2478 642 quodam
2536 563 2700 622 foliis
2758 561 3021 642 duobus,
3083 561 3152 642 in
3202 560 3509 642 capitibus
3559 564 3595 620 5

189 653 253 705 et
313 647 354 704 6
412 643 556 704 libri
614 662 656 714 ι,
717 643 928 704 hiatus
998 643 1260 703 totidem
1343 644 1535 712 fuere,
1595 639 1752 719 ques
1805 644 2054 721 explere
2110 639 2242 702 non
2291 642 2464 721 potui
2522 662 2595 703 ex
2654 641 2990 711 Allatiano,
3051 639 3156 718 qui
3229 641 3466 721 primis,
3531 649 3597 698 ut

186 726 350 800 dixi,
415 722 728 801 capitibus
775 723 991 784 decem
1023 731 1216 792 caret,
1277 740 1391 783 nec
1449 743 1524 782 ex
1583 720 1906 801 Vaticano,
1941 723 2047 798 qui
2076 741 2196 783 non
2248 720 2374 783 tam
2424 723 2860 800 apographum
2920 721 3196 780 historiae
3243 720 3593 796 Pachyme-

190 807 282 864 ris
339 823 532 882 quam
565 801 1007 881 compendium
1069 809 1183 880 est,
1219 802 1477 862 diversis
1532 803 1828 881 pleraque
1859 803 2063 863 verbis
2100 804 2477 880 exprimens,
2536 821 2660 862 non
2719 801 2946 882 paucis
2991 801 3443 882 praetermissis.
3480 804 3598 882 Re-

188 879 380 944 curri'
419 902 571 961 ergo
629 879 728 942 adi
784 882 1110 960 exemplar
1168 879 1572 943 asservatum
1627 883 1691 941 in
1731 879 2147 942 bibliotheca
2184 879 2384 960 regis
2441 881 2952 941 Christianissimi
3011 879 3598 961 Parisiensi,‘_unde

191 981 336 1024 meo
391 958 609 1039 rogatu
673 964 744 1022 lt.
778 963 847 1022 Ρ.
908 958 1236 1041 Philippus
1307 962 1540 1039 Labbe,
1598 962 1765 1040 quod
1823 981 1981 1040 opus
2037 969 2172 1023 erat
2221 958 2528 1022 ambabus
2584 961 2825 1021 lacunis
2873 961 3292 1037 coazquandis,
3345 958 3601 1035 diligen-

185 1051 284 1104 ter
340 1042 641 1121 excripsit
697 1049 758 1102 et
816 1041 1002 1101 misit.
1346 1120 1353 1121 ί
1506 1119 1516 1121 4
2041 1120 2046 1121 ί
2897 1105 2904 1113 .

273 1123 386 1183 VI.
442 1117 982 1201 lnterpretationis
1033 1138 1158 1180 non
1214 1120 1397 1182 anxie
1444 1119 1730 1191 addicta,
1765 1121 1870 1180 sed
1920 1127 1979 1181 et
2035 1120 2098 1179 in
2146 1121 2584 1201 paraphrasim
2631 1119 2972 1201 aliquando
3029 1118 3430 1201 redundantis
3461 1117 3598 1201 haec

187 1203 530 1281 peculiaris
584 1198 907 1262 excusatio
967 1208 1057 1261 est
1114 1201 1175 1260 in
1232 1201 1353 1262 hoc
1411 1201 1717 1281 omnium,
1753 1203 1858 1278 qui
1915 1201 2124 1261 Graece
2171 1201 2464 1260 historias
2519 1200 2866 1272 ediderunt,
2901 1198 3344 1260 obscurissimo
3402 1199 3600 1277 scrip-

187 1279 352 1342 tore.
390 1286 719 1342 Lectorum
774 1281 883 1340 alii
939 1281 1152 1341 Grece
1212 1281 1440 1350 sciunt,
1501 1279 1606 1340 alii
1663 1282 1831 1359 (qua:
1880 1281 2084 1358 major
2140 1281 2319 1341 turba
2368 1282 2479 1359 est)
2535 1299 2661 1340 non
2719 1281 3291 1340 item.Neutrorum
3347 1295 3595 1338 accom-

187 1364 514 1423 modalam
574 1361 924 1421 rationibus
971 1359 1274 1438 putabam
1334 1359 1684 1420 versionem
1745 1363 2107 1438 scrupulose
2146 1361 2450 1431 sedulam,
2485 1359 2939 1420 balbutientum
2999 1366 3059 1419 et
3116 1359 3423 1434 illautam,
3459 1378 3596 1436 quae

185 1442 408 1520 jejuna
481 1441 806 1519 squalidis,
868 1441 1160 1500 intricata
1222 1441 1555 1518 perplexis,
1616 1441 1913 1516 ambigua
1978 1441 2436 1501 confusioribus
2510 1447 2800 1500 mutaret.
2862 1442 3015 1498 Nam
3073 1440 3285 1520 Grzece
3345 1440 3594 1514 quidem

187 1518 387 1593 ducti,
419 1522 470 1581 si
522 1518 697 1599 queis
756 1521 986 1598 cupido
1045 1520 1193 1580 insit
1251 1520 1524 1579 indolem
1585 1521 1880 1580 noscendi
1935 1520 2446 1598 Pachymerianze
2525 1520 2838 1597 dictionis,
2899 1518 3202 1599 longeiid
3262 1536 3596 1595 assequen-

184 1607 292 1661 tur
351 1598 598 1661 facilius
656 1601 877 1662 Grmco
931 1601 1070 1679 ipso
1141 1607 1438 1659 contextu
1501 1601 1784 1676 protinus
1843 1599 2123 1679 visendo,
2183 1619 2371 1678 quam
2427 1601 2589 1660 male
2647 1606 2810 1660 terso
2867 1598 3168 1658 intuendo
3226 1599 3388 1657 velul
3445 1617 3600 1679 quo-

185 1682 335 1742 dam
393 1681 650 1759 speculo
724 1677 1264 1757 interpretamenti
1337 1681 1821 1757 sesquibarbari,
1899 1678 2272 1740 latinitatem
2330 1680 2766 1739 invitissimam
2838 1698 2949 1756 per
3003 1679 3214 1738 omnia
3277 1677 3594 1759 Graecismi

186 1757 460 1839 vestigia
513 1760 824 1821 lutulento
881 1762 1127 1820 tramite
1183 1760 1512 1839 reptantis.
1547 1760 1929 1820 Caeterorum
1989 1759 2094 1836 qui
2153 1778 2277 1819 una
2335 1759 2473 1819 freti
2533 1760 2769 1820 Latina:
2829 1759 3054 1836 linguae
3111 1759 3333 1836 peritia
3389 1757 3588 1839 histo-

184 1837 560 1901 riam—banc
617 1840 681 1899 in
741 1858 962 1900 manus
1020 1847 1289 1910 sument,
1355 1838 1748 1900 manifestum
1806 1845 1897 1898 est
1926 1857 2052 1899 non
2111 1840 2172 1899 id
2233 1844 2448 1899 votum
2497 1847 2605 1898 aut
2660 1839 3039 1899 destinatum
3098 1856 3251 1915 esse,
3313 1837 3588 1899 noctium

186 1927 242 1982 et
302 1920 808 1998 labyrinthorum
869 1919 1219 1997 ambagiosi
1266 1920 1482 1998 scripti
1537 1919 2032 1997 experimentum
2090 1936 2365 1998 praesens
2421 1937 2666 1997 capere,
2697 1920 2904 1997 potius
2961 1936 3151 1996 quam
3211 1918 3590 1978 abscondita:

183 1997 580 2080 defossaaque
611 1999 738 2060 illic
797 1998 939 2080 fidei
997 2005 1312 2078 gestarum
1369 1997 1510 2061 vere
1559 2016 1769 2060 rerum
1801 1999 2039 2080 liquido
2096 1997 2429 2080 lucidoque
2473 1999 2830 2080 testimonio
2888 1999 3117 2060 doceri.
3161 1997 3380 2058 Studui
3413 2017 3588 2075 ergo,

188 2100 317 2160 quo
382 2078 494 2141 his
537 2079 1050 2152 obsecundarem,
1100 2079 1468 2158 indagatum
1525 2098 1757 2157 magno
1815 2079 2460 2160 plerumquerlabore
2518 2098 2657 2141 meo
2714 2078 2900 2155 hujus
2966 2079 3296 2160 scriptoris
3342 2096 3591 2160 sensum

181 2159 376 2240 quam
408 2161 750 2223 clarissime
792 2177 1166 2239 proponere,
1200 2159 1502 2239 adeoque,
1536 2161 1641 2220 ubi
1675 2177 1774 2220 res
1805 2166 2106 2237 posceret,
2154 2159 2446 2220 distincta
2505 2177 2537 2219 e
2570 2160 2866 2232 confusis,
2928 2176 3004 2220 ex
3063 2159 3337 2220 horridis
3367 2159 3588 2230 nitida,

179 2239 381 2321 plana
437 2260 471 2302 e
526 2241 762 2319 pravis,
822 2247 1037 2321 aperta
1097 2257 1170 2321 ex
1229 2239 1640 2321 aenigmaticis
1711 2242 1988 2321 reddere.

260 2322 397 2383 VIl.
443 2324 645 2383 Erunt
673 2319 884 2381 tamen
948 2320 1129 2400 (scio)
1187 2320 1415 2397 quibus
1471 2338 1584 2382 nec
1639 2320 1784 2379 facti
1831 2321 2110 2381 defensio
2162 2319 2548 2397 probabitur.
2613 2320 2698 2380 Hi
2754 2339 2899 2380 vero
2922 2319 3018 2380 vel
3075 2319 3437 2400 ostracismo
3461 2337 3580 2388 me,

179 2401 354 2474 licet,
408 2402 846 2473 exterminant,
897 2399 1309 2461 mOdo-testae
1362 2418 1616 2461 causam
1674 2401 1992 2460 ascribant
2040 2400 2487 2476 Proscriptum
2547 2410 2604 2459 te
2658 2404 2965 2471 volumus,
3014 2401 3183 2478 quod
3243 2399 3584 2458 tenebrico-

175 2481 506 2542 aissimum
558 2488 936 2559 scriptorem
983 2486 1194 2562 primo
1247 2489 1504 2558 aspectu
1559 2482 2029 2559 intelligibilem
2101 2481 2350 2560 feceris.
2401 2481 2522 2542 Sed
2580 2481 2840 2543 meliora
2897 2482 3246 2542 Venusinus
3315 2498 3587 2557 augure-

177 2566 302 2637 tur,
370 2580 404 2624 e
455 2563 701 2627 diverso
731 2579 1151 2641 responsans:

1108 2723 1463 2784 Solventur
1519 2726 1659 2782 risu
1713 2724 1964 2802 tabulae,
2024 2733 2094 2785 tu
2146 2700 2374 2785 missus
2438 2724 2660 2784 abibis.

175 2886 523 2948 Enimvero
581 2885 637 2945 si
689 2888 967 2946 mentem
1026 2883 1244 2963 scripti
1303 2901 1431 2944 non
1485 2885 1860 2962 assequitur,
1885 2884 1937 2945 si
1994 2885 2238 2964 afﬁngit
2291 2884 2517 2962 aliena,
2552 2886 2604 2945 si
2633 2903 2759 2946 non
2815 2889 3228 2964 repraasentat
3278 2882 3581 2964 quidquid

175 2966 421 3039 subest,
451 2965 600 3044 jure
659 2965 918 3044 vapulet
968 2963 1313 3043 interpres;
1350 2966 1547 3026 donec
1598 2964 1848 3043 quidem
1907 2963 2171 3026 latentia
2225 2966 2507 3044 produci,
2540 2965 2821 3027 involuta
2873 2963 3092 3039 exerit,
3125 2965 3350 3026 obruta
3400 2963 3579 3034 eruit,

173 3049 332 3107 dum
410 3045 732 3115 nucleum,
791 3062 1047 3106 succum
1096 3045 1411 3114 intimum,
1472 3063 1711 3105 meram
1792 3045 2132 3107 medullam
2208 3046 2532 3107 sententia:
2587 3047 2888 3107 abstrusis
2961 3047 3158 3106 fracto
3234 3050 3576 3105 extractam

175 3125 429 3198 cortici,
461 3125 636 3186 velut
694 3124 819 3185 cibi
876 3127 1036 3186 cocti
1095 3132 1156 3186 et
1175 3125 1410 3186 conditi
1468 3132 1757 3201 paratum
1808 3126 2038 3204 legenti
2091 3127 2396 3187 ferculum
2450 3129 2733 3204 apponit,
2765 3127 2973 3186 sinant
3027 3125 3131 3185 isti
3189 3125 3420 3204 morosi
3449 3142 3581 3185 ser-

172 3207 294 3267 viri
328 3207 464 3266 suis
495 3205 866 3277 commodis,
901 3211 962 3266 et
1016 3212 1354 3266 vereantur
1409 3204 1484 3286 id
1530 3205 1829 3286 damnare
1879 3203 2075 3278 unde,
2136 3206 2254 3266 nisi
2306 3203 2722 3281 dissimulant,
2753 3225 2817 3268 se
2857 3224 3104 3286 quoque
3149 3207 3321 3283 ipsos
3374 3203 3587 3282 juvari

173 3287 490 3348 sentiunt.
525 3287 647 3346 Nec
719 3302 795 3347 eo
856 3291 1064 3346 tamen
1127 3286 1263 3346 haec
1306 3284 1489 3364 trahi
1544 3285 1730 3344 velim
1792 3287 1970 3364 quasi
2024 3287 2310 3364 nuspiam
2369 3286 2702 3348 offendisse
2760 3284 3281 3363 me'arroganter
3334 3303 3584 3346 asseve-

164 3386 329 3445 rem,
367 3373 481 3428 aut
535 3367 642 3427 ubi
713 3365 1049 3428 meruerim
1081 3362 1322 3444 culpari
1383 3364 1681 3445 abnuam.
1723 3362 1928 3429 Unum
1975 3362 2298 3444 deprecor,
2331 3384 2408 3427 ne
2451 3366 2759 3444 judicium
2813 3362 3260 3445 praecipitetur,
3294 3383 3451 3426 neve
3491 3365 3586 3445 ad

163 3443 444 3526 primam
485 3446 664 3539 navi
721 3445 1019 3539 speciem.
1051 3463 1204 3539 veru
1261 3463 1337 3539 ac
1393 3443 1644 3524 nigrum
1701 3445 1877 3539 theta
1920 3447 2223 3539 plagosus
2278 3465 2503 3539 censor
2547 3443 2861 3527 expediat.
2894 3526 2907 3539 ⁸
2942 3443 3382 3539 Gogposcere"
3410 3444 3586 3539 prius

165 3525 242 3589 ne
272 3532 586 3606 gravetur
636 3525 702 3586 in
757 3525 1063 3605 glossario
1113 3525 1392 3606 etnotis,
1427 3543 1568 3603 qua
1599 3543 1700 3606 me
1751 3526 1830 3586 ad
1886 3525 1974 3588 sic
2033 3527 2570 3605 interpretandum
2630 3525 2835 3590 causa
2891 3526 3274 3606 impulerint.
3331 3525 3443 3606 Vel
3475 3527 3586 3586 ab-

164 3604 374 3673 solvet
429 3608 532 3669 vel
593 3604 900 3688 ignoscet,
932 3607 1034 3669 vel
1063 3604 1277 3688 mitius
1334 3605 1495 3688 forte
1542 3604 1879 3688 castigabit
1934 3604 2258 3687 perspecto
2291 3607 2437 3686 quid
2463 3608 2524 3667 in
2558 3625 2623 3668 re
2645 3608 2745 3668 sit.
2780 3604 3190 3688 Typographi
3249 3605 3477 3666 menda
3509 3624 3587 3667 ne

164 3689 566 3766 imputantur
591 3687 749 3748 mihi
798 3706 911 3748 cur
968 3686 1299 3767 postulem,
1333 3686 1501 3765 quod
1558 3686 1695 3764 ipsa
1752 3686 2237 3767 ultro’trquitas
2291 3688 2608 3766 largitur?
2638 3706 2714 3749 ne
2745 3686 3347 3766 multa’graviaque
3395 3692 3574 3745 inter»

160 3764 479 3845 venirent,
513 3786 664 3829 cura
693 3773 941 3830 estnon
970 3764 1303 3828 _mediocri
1355 3764 1670 3826 certatum
1703 3787 1714 3826 :
1778 3785 1856 3828 ne
1914 3764 2172 3829 ulla'vel
2201 3767 2358 3829 levia
2398 3764 2744 3846 irreperent
2768 3769 2968 3830 vitare
3012 3764 3179 3828 ultra
3235 3764 3579 3827 humanam

160 3850 532 3910 facultatem
565 3849 703 3908 fuit.
760 3848 969 3909 Index
1017 3847 1479 3925 praecipuorum
1541 3862 1854 3926 appensus
1910 3848 1992 3908 ad
2022 3849 2257 3909 calcem
2300 3849 2813 3910 Observationum
2870 3858 2986 3918 est,
3021 3847 3200 3925 cujus
3257 3846 3582 3908 admonitu

164 3948 365 3989 manu
421 3928 682 4007 adjuvet
739 3928 847 4006 qui
905 3925 1276 4007 adverterit,
1301 3933 1362 3986 et
1417 3925 1726 4007 benefacti
1781 3927 1991 3988 locum
2050 3935 2333 4006 occupet.
2368 3929 2862 4007 Chronologicas
2920 3927 3373 4007 contreversias
3410 3928 3581 4005 (nam

165 4015 468 4089 erant_et
506 4004 627 4069 'bic
679 4004 827 4068 nodi
882 4008 1017 4086 ejus
1075 4006 1313 4086 generit
1373 4006 1547 4082 digni
1615 4007 1885 4089 vindice)
1931 4009 1996 4068 in
2043 4004 2273 4068 librum
2304 4009 2629 4086 proprium
2676 4004 3089 4088 seposuimus,
3150 4008 3251 4067 cui
3285 4004 3572 4079 ἐπίμὲτρον

167 4087 602 4168 superjectum
667 4095 762 4149 est
819 4089 1155 4166 Specimen
1224 4092 1589 4168 sapientia
1633 4087 1942 4148 Indorum
1995 4098 2279 4148 veterum
2335 4089 2492 4149 liber
2565 4087 2758 4150 tertio
2808 4089 3268 4150 succedentium
3319 4089 3586 4149 invicem

159 4166 658 4230 translationum
721 4170 921 4247 gradu
976 4187 1051 4228 ex
1127 4167 1366 4237 Indico,
1408 4166 1697 4247 Persico,
1748 4169 2016 4230 Arabico
2073 4171 2325 4230 Graecus
2383 4170 2601 4243 factus,
2660 4176 2721 4230 et
2777 4170 2947 4231 velut
3005 4176 3153 4230 tunc
3217 4168 3578 4228 notissimus

159 4246 746 4327 Constantinopoli,
779 4249 860 4309 ab
894 4248 1314 4329 imperatore_
1331 4246 1420 4329 ibi
1478 4249 1669 4329 apud
1706 4249 1876 4310 hunc
1926 4255 2208 4310 nostrum
2265 4249 2677 4311 concionante
2732 4249 3045 4322 laudatus,
3109 4248 3427 4329 quaerendi
3486 4249 3579 4308 sui

160 4326 608 4392 necessitatem
668 4326 1201 4408 imposuit’haud
1261 4326 1444 4408 aliter
1496 4327 1910 4408 intellecturis
1966 4330 2171 4390 locum
2203 4330 2266 4389 in
2319 4350 2443 4408 quo
2498 4335 2901 4392 memoratur.
2953 4326 3250 4390 Inventus
3279 4329 3343 4389 in
3401 4330 3581 4390 locu-

159 4409 330 4490 plete
390 4409 611 4490 talium
670 4406 875 4490 penu,
921 4427 1137 4490 musco
1194 4406 1600 4490 illustrissimi
1643 4409 1899 4490 AAllatii,
1963 4409 2099 4488 ejus
2148 4406 2424 4488 benigna
2483 4411 2687 4489 gratia
2758 4411 2930 4473 visus
2991 4430 3029 4470 a
3085 4428 3183 4472 me
3244 4410 3582 4488 Latineque

159 4488 470 4568 redditus,
515 4489 796 4568 ejusdem
855 4489 1098 4567 judicio
1156 4496 1220 4549 et
1275 4489 1531 4549 hortatu
1587 4488 1790 4550 editus
1846 4490 1948 4551 hic
2004 4490 2245 4569 integer
2290 4499 2402 4565 est,
2436 4488 2558 4552 non
2622 4492 2973 4564 invenusta,
3025 4492 3089 4551 ni
3147 4490 3352 4568 fallor,
3413 4508 3584 4569 pere-

158 4571 464 4651 grinitate
521 4569 891 4652 placiturus.
923 4569 1098 4632 Vale.
