4258 6438
164 389 263 442 445

1243 391 1337 443 DE
1382 391 1748 444 MICHABLE
1786 389 2226 445 PALBOLOGO
2266 391 2397 442 LIB.
2441 391 2484 444 Ι.

3464 384 3567 438 446

165 512 195 579 ἢ
255 511 400 572 εἰκὸς
462 511 496 578 ἢ
549 511 611 564 τὸ
641 514 823 572 κακῶς
851 506 1058 582 ξυμϐάν
1111 508 1389 582 διασυρείη
1420 511 1549 580 ἢτὸ
1577 509 1632 564 εὖ
1680 513 1810 582 ξυμ·
1843 517 1894 580 Α
1927 513 2206 584 ἄρξαντας,
2259 512 2534 565 κάντεῦθεν
2594 509 2852 586 ἄρχεσθαι
2909 513 2974 566 τά
3030 511 3240 566 ἐκείνων
3299 508 3567 570 ἐπιόντας,

163 601 320 653 πεσὸν
377 600 670 671 ὑμνηθείη,
723 603 819 653 τοῦ
879 599 1045 672 λόγου
1094 600 1189 660 τάς
1241 601 1405 662 ἀκοὰς
1431 601 1805 673 γοητεύοντος.

164 686 390 756 Ἐπειδή
422 689 523 762 γάρ
581 689 648 742 τὰ
705 686 1026 758 ὁπουδηπου
1084 688 1404 762 πραχθέντα
1426 686 1534 742 ἔστι
1571 690 1666 758 μὲν
1724 688 1810 741 καὶ

167 777 446 848 διεξιάναι,
507 780 589 838 οἷς
645 775 711 843 δὴ
765 779 852 830 καὶ
908 775 1081 852 λέγειν
1118 776 1478 850 βόυλομένοις
1507 776 1668 843 ἐστὶν,
1704 776 1812 830 ἔστι

166 864 219 920 δὲ
264 867 356 920 καὶ
393 865 480 935 ὲᾷν
513 865 740 940 ἆρόητα,
795 867 869 936 μή
903 865 1143 938 ἀνάγκης
1229 865 1495 934 ὑπούσης,
1553 871 1676 934 νικᾷ
1698 867 1815 918 κατ’

164 955 296 1025 ἐμὴν
360 956 590 1027 γνώμην
647 956 708 1008 τὸ
768 959 974 1024 σιωπᾷν
1126 957 1188 1008 τὸ
1243 954 1416 1030 λέγειν
1457 953 1706 1022 ἄλλωςῆ
1741 956 1812 1014 ὡς

164 1044 541 1118 ἐπράχθησαν,
571 1044 660 1098 καὶ
692 1049 937 1118 κρεῖττον
991 1042 1170 1113 δήπου
1199 1050 1314 1106 τοῖς
1341 1044 1596 1099 ἀκούουσι
1626 1046 1688 1099 τὸ
1739 1045 1812 1115 μὴ

168 1133 451 1206 μανθάνειν
505 1131 653 1194 ὅλως
680 1134 713 1199 ἢ
746 1133 808 1186 τὸ
862 1134 1146 1204 μανθάνειν
1182 1132 1368 1194 ἄλλως
1401 1133 1434 1201 ἢ
1478 1135 1552 1194 ὡς
1579 1135 1612 1200 ἡ
1647 1129 1815 1192 ὅντως

165 1221 382 1296 ἱστορία
433 1220 708 1293 βούλεται,
770 1220 845 1282 ὡς
903 1223 1104 1275 ἐκεῖθεν
1167 1224 1258 1294 μὲν
1317 1225 1416 1290 τῆς
1463 1222 1644 1290 ἁπλῆς
1673 1222 1812 1276 εἷσα-

161 1313 401 1385 γομὲνης
455 1308 661 1379 ἐκείνης
709 1310 953 1384 ἀγνοίας,
1005 1310 1055 1378 ἐξ
1103 1312 1168 1378 ἧς
1219 1310 1280 1364 ού
1335 1315 1527 1382 μῶμος
1557 1310 1814 1384 προστρί-

165 1395 338 1467 ϐεται,
400 1399 638 1461 ἐντεῦθεν
694 1396 750 1452 δὲ
807 1406 906 1466 τῆς
967 1396 1191 1469 διπλῆς,
1250 1400 1325 1459 ὡς
1382 1401 1444 1452 τὸ
1497 1401 1571 1470 μὴ
1620 1397 1814 1453 ιῗδέναι

163 1487 481 1560 συμϐαίνειν
537 1488 628 1540 τὸν
690 1484 888 1541 εἰδέναι
944 1487 1214 1560 οἱόμενον,
1275 1485 1336 1541 οῦ
1391 1485 1456 1555 δή
1488 1489 1573 1541 καὶ
1628 1493 1816 1561 χεῖρον

165 1575 343 1634 οὐδέν.
391 1578 474 1633 Οὐ
527 1578 634 1648 μὴν
682 1574 810 1631 ἀλλ’
858 1574 971 1631 οὐδ’
1023 1577 1184 1638 αὐτὸς
1233 1575 1599 1651 έγκεχείρηκα
1632 1575 1693 1630 ἂν
1749 1580 1816 1648 τῇ

166 1669 376 1742 γραφῇ,
432 1663 502 1734 ἤν
539 1687 630 1737 μοι
663 1668 738 1737 μὴ
772 1665 926 1737 ἐπῄει
960 1665 1198 1734 ἐλπίζειν
1232 1668 1521 1740 προϊόντος
1552 1670 1650 1719 τοῦ
1680 1665 1817 1740 χρό-

164 1776 258 1808 νου
313 1758 396 1827 [Ρ.
431 1756 488 1826 5]
519 1756 584 1806 τά
631 1753 804 1828 χείρω
853 1755 944 1808 καὶ
974 1750 1051 1808 ἔτι
1093 1749 1428 1826 ξυμϐαίνειν,
1479 1754 1537 1808 ἐκ
1582 1759 1688 1807 τῶν
1718 1775 1816 1806 πα-

1919 599 2072 659 δπως
2125 599 2380 675 ἀσγαλῶς
2414 601 2501 654 καὶ
2537 602 2652 671 μεθ’
2685 603 2765 654 ὅτι
2811 599 3073 670 πλείστης
3103 603 3201 668 τῆς
3255 593 3564 663 εὐϐουλίας,

1918 688 1985 754 ἧς
2019 686 2171 740 οὐδὲν
2209 686 2448 760 ἄμεινον,
2509 687 2740 760 διῴκουν
2796 693 2861 743 τά
2905 691 3222 763 πράγματα,
3254 689 3353 753 τὴν
3385 686 3562 759 ἀρχὴν

1919 774 2155 838 ἐντεῦθεν
2215 781 2644 850 κατοχυροῦντες
2681 822 2693 845 ,
2752 779 2839 832 καὶ
2903 785 3068 832 ταῦτα
3139 774 3563 851 περιγραφείσης

1919 863 1994 924 εἷς
2049 866 2239 937 μικρὸν
2272 865 2471 934 ταύτης
2523 866 2704 927 αὐτοῖς
2764 867 2850 920 ἐπὶ
2901 867 3044 940 τρισὶ
3103 867 3189 918 καὶ
3227 865 3415 936 μόναις
3450 862 3564 916 ἐπι-

1920 951 2286 1022 πολαζούσαις
2345 955 2582 1029 ἀρχῆθεν
2642 962 2760 1019 ταῖς
2807 956 3023 1028 πόλεσι,
3076 955 3288 1024 Νικαίᾳ,
3351 951 3566 1025 Προύσῃ

1917 1063 1974 1095 τε
2025 1042 2113 1096 καὶ
2161 1043 2314 1116 τρίτῃ
2375 1043 2763 1121 Φιλαδελφείᾳ,
2795 1053 2893 1114 τῆς
2941 1041 3204 1118 πατρίδος
3250 1042 3563 1096 ἐκπεσοῦσιν

1920 1130 1970 1201 ἐξ
2020 1130 2092 1184 ὧν
2125 1131 2310 1185 αἰτιῶν
2345 1130 2498 1205 ἴδμεν
2549 1134 2829 1206 μαθόντες,
2862 1131 2923 1186 οῦ
2977 1153 3068 1205 μοι
3120 1130 3288 1202 δοκεῖ,
3321 1128 3417 1184 κᾶν
3468 1127 3562 1182 λέ-

1918 1241 2030 1294 γειν
2061 1219 2327 1291 θέλωμεν,
2384 1221 2582 1276 ἀνυστά
2627 1229 2708 1295 τῷ
2735 1244 2792 1278 τε
2820 1223 3005 1276 πολλὰ
3048 1223 3134 1275 καὶ
3175 1218 3385 1293 μεγάλα
3429 1219 3566 1289 ξυμ-

1920 1305 2081 1378 ϐῆναι
2135 1309 2329 1381 μεταξὺ
2377 1311 2716 1385 κρατούντων
2761 1311 2976 1366 ἐκείνων
3027 1311 3112 1363 καὶ
3146 1307 3364 1376 πολλῆς
3396 1307 3564 1361 εἰπεῖν

1925 1397 2160 1472 μάλιστα
2215 1395 2439 1470 δεόμενα
2498 1401 2781 1476 ἀσχολίας,
2841 1401 2930 1453 καὶ
2987 1405 3064 1471 τῷ
3129 1395 3258 1472 μηδ’
3315 1399 3462 1469 ἡμᾶς
3521 1394 3572 1456 ἐς

1920 1482 2173 1562 τάκριϐὲς
2226 1485 2420 1542 εἰδέναι
2476 1489 2528 1542 τί
2584 1489 2672 1543 καὶ
2734 1489 2814 1566 ἐφ’
2874 1487 3013 1549 ο⁶ίαις
3069 1493 3190 1548 ταῖς
3219 1486 3393 1545 αἰτίας
3428 1484 3570 1554 ξυνέ-

1923 1599 2078 1632 πεσεν
2110 1577 2325 1651 ἕκαστα,
2360 1579 2546 1640 ἄλλως
2577 1600 2633 1633 τε
2665 1575 2747 1632 ὅτι
2778 1579 2866 1632 καὶ
2899 1575 3092 1638 ἄλλοις
3147 1577 3316 1630 εἰπεῖν
3364 1572 3569 1642 ἐπῆλθε

1924 1666 2047 1740 περὶ
2106 1666 2343 1735 ἐκείνων,
2404 1670 2468 1723 ού
2528 1667 3005 1738 πεπλανημένους,
3051 1667 3226 1737 οἶμαι,
3285 1665 3373 1718 καὶ
3436 1661 3574 1716 ὥστε

1930 1755 2023 1826 μὶν
2109 1763 2244 1832 σφᾶς
2318 1758 2528 1818 ἑαυτοῖς
2611 1757 2866 1832 ἀσφαλῶς
2937 1755 3207 1810 πιστεύειν
3267 1753 3573 1825 ἐπεξιόντας

168 1843 375 1916 ρόντων
428 1841 526 1934 καὶ
576 1842 644 1897 τὰ
686 1841 896 1903 ἐσαῦθις
944 1843 1354 1934 στοχαζομένᾼῳ,
1400 1845 1434 1912 ἢ
1493 1841 1715 1934 μᾶλλον.
1761 1842 1895 1934 έκΒ
1925 1845 2042 1906 καθ’
2098 1841 2344 1911 ἕκαστον,
2404 1845 2530 1900 ἀλλ’
2589 1841 2827 1921 ἀκριϐῶς
2875 1845 2964 1900 καὶ
3025 1845 3100 1905 ὡς
3158 1841 3368 1934 εἰδότας
3418 1841 3573 1934 ἐξᾳῶν

163 1937 270 1986 τῶν
303 1926 630 2000 συμϐάντων
682 1929 1029 2006 λογιζομένῳ
1056 1934 1123 1986 τὰ
1154 1927 1564 2003 συμϐησόμενα.
1611 1928 1821 2000 Ιίολλῷ

170 2021 273 2094 γάρ
310 2017 491 2089 δήπου
535 2020 611 2080 εἷς
639 2019 808 2088 ἀκοήν
859 2021 1022 2075 ὠτίου
1067 2023 1509 2095 θαυμασιώτερον
1551 2019 1611 2074 ἐκ
1636 2021 1823 2074 τοιαύ-

171 2130 294 2178 της,
356 2109 422 2177 ἦν
484 2107 551 2176 δὴ
610 2110 702 2164 καὶ
742 2110 1044 2184 γεγεύμεθα
1076 2155 1089 2179 ,
1149 2111 1386 2185 ἡσυχίας
1430 2111 1520 2164 καὶ
1572 2109 1824 2164 καταστάο

172 2219 308 2260 σεως
357 2197 436 2260 είς
480 2195 606 2252 τάδε
655 2199 931 2276 ξυμφορᾶς
971 2200 1038 2254 τὰ
1083 2199 1373 2275 πράγματα
1424 2197 1737 2273 προελθεῖν,
1785 2201 1819 2269 ἢ

170 2293 400 2342 τοιαῦτα
452 2290 682 2361 φανέντα
727 2289 818 2342 καὶ
875 2289 1018 2343 οὕτω
1068 2296 1168 2357 τῆς
1225 2289 1492 2364 προτέρας
1547 2288 1825 2353 εὐθαλείας

170 2375 350 2431 δεινοῦ
405 2382 686 2452 χειμῶνος
749 2379 1209 2455 έπεισφρήσαντος
1267 2378 1697 2455 καταῤῥεύσαντα
1747 2379 1822 2440 εἰς

168 2465 227 2521 τό
288 2466 536 2538 ἀκμάζον
595 2474 1013 2536 καταυανθῆναι,
1075 2467 1213 2522 ὥστε
1266 2469 1341 2540 μὴ
1394 2468 1612 2543 ὀπώραν
1665 2469 1816 2522 εὐθα-

168 2553 310 2624 λεῖν,
367 2553 498 2608 ἀλλ’
529 2553 658 2609 ούδὶ
690 2561 927 2626 ζωτικῆς
958 2559 1020 2610 τὸ
1048 2560 1263 2629 πνεῦμα
1291 2557 1542 2633 παράπαν
1576 2559 1822 2631 μετέχειν

168 2645 466 2713 κινήσεως.

177 2750 241 2823 β’.
277 2748 381 2804 Διᾶ
409 2751 464 2803 τί
494 2749 561 2804 τὰ
606 2754 717 2805 τῶν
758 2751 1024 2828 πρότερον
1077 2752 1506 2827 βασιλευσάντων
1540 2751 1726 2818 ἐνθάδε
1765 2753 1826 2808 ού

796 2827 1043 2898 μνημονε
1061 2827 1216 2882 Sami.

243 2909 325 2967 Τὸ
357 2914 491 2985 γοῦν
522 2911 836 2988 ἀνατρέχειν
869 2912 958 2968 ἐπὶ
988 2914 1114 2980 τοὺς
1143 2917 1405 2992 πρότερον
1439 2918 1473 2987 ἢ
1518 2916 1635 2971 καθ’
1679 2918 1826 2989 ἡμᾶς

173 3136 422 3175 narrare
455 3127 804 3192 argumenta
857 3124 1087 3180 dicendi
1137 3125 1554 3196 qnmrentibus,
1588 3126 1722 3182 licet
1769 3131 1826 3182 et

1929 1929 2015 1985 ἐπὶ
2073 1937 2181 1986 τῶν
2213 1935 2545 2008 πραγμάτων
2579 1934 2714 2002 ἦσαν
2764 1935 2850 1988 καὶ
2903 1940 3165 2008 περιῆσαν
3202 1928 3277 1986 ἔτι
3311 1930 3386 1992 είς
3414 1927 3576 1991 τέλος

1929 2023 2281 2096 πραχθέντων
2337 2024 2422 2077 καὶ
2457 2025 2518 2077 τὸ
2548 2027 2643 2078 τοῦ
2691 2022 2895 2099 χρόνου
2946 2022 3257 2097 μηχάνημα
3302 2021 3571 2093 ἄπρακτον

1930 2109 2019 2179 ἦν,
2081 2113 2193 2185 ἅμα
2249 2113 2637 2188 πραττομένων
2698 2114 2786 2168 καὶ
2847 2111 2952 2168 α’λα
3008 2115 3192 2190 γραῳῇ
3246 2107 3576 2183 δεδομένων,

1930 2202 2378 2276 ἀντιμαχομένου
2434 2206 2522 2258 καὶ
2573 2205 3026 2265 ἀντισκοποῦντος
3056 2203 3170 2256 οἷον
3230 2204 3326 2254 τοῦ
3373 2201 3580 2274 Ἑρμοῦ

1930 2294 1997 2355 τῆ
2031 2297 2226 2361 Λητοῖ,
2259 2291 2294 2360 ἢ
2337 2293 2427 2347 καὶ
2463 2292 2674 2366 μᾶλλον
2705 2294 2800 2361 τὴν
2853 2291 3062 2360 ἐκείνη)
3094 2287 3332 2364 πρόοδον
3383 2287 3582 2342 ἀνακό-

1930 2398 2160 2442 πτοντος
2195 2425 2208 2437 .
2265 2385 2424 2436 Ταῦτ’
2482 2385 2582 2453 ἂρα
2640 2381 2729 2437 καί
2785 2382 2851 2436 τά
2897 2383 3011 2435 κατ’
3075 2381 3248 2435 ἐκεῖνο
3302 2373 3584 2450 συμϐάντα

1931 2471 2027 2521 τοῦ
2086 2469 2286 2543 χρόνου
2345 2469 2526 2526 έα2έον
2577 2473 2710 2544 ἡμῖν
2763 2472 2836 2532 ὡς
2889 2469 2988 2524 οὐκ
3035 2455 3229 2524 ἀνυστά
3275 2466 3365 2521 καὶ
3397 2463 3586 2528 ἄλλως

1931 2561 2029 2611 τοῦ
2085 2557 2446 2631 προκειμένου
2476 2563 2681 2614 σκοποῦ
2731 2558 3008 2636 ἐξαγώνια.
3058 2560 3152 2614 "Ev
3188 2555 3245 2612 δὲ
3274 2557 3364 2610 καὶ
3417 2554 3579 2628 μόνον

1933 2647 2068 2710 τέως
2123 2648 2340 2704 λεκτέον
2399 2649 2532 2720 ἐστὶ,
2583 2651 2672 2706 καὶ
2732 2649 2862 2713 ἴσως
2922 2653 2991 2706 οὐ
3045 2649 3322 2724 περιττὸν,
3376 2646 3458 2702 ὅτι
3490 2647 3580 2700 καὶ

1940 2739 2099 2810 μόνον
2165 2737 2337 2793 ἐκεῖνό
2414 2761 2551 2802 τινες
2622 2740 2901 2796 αἰτιῶνται
2980 2741 3069 2795 καὶ
3145 2745 3244 2808 τῆς
3292 2736 3416 2791 τότε
3469 2740 3580 2790 τῶν

1936 2826 2269 2904 πραγμάτων
2303 2827 2600 2906 ἀσφαλείας
2652 2830 2741 2885 καὶ
2783 2832 3158 2890 καταστάσεως
3204 2827 3292 2882 καὶ
3340 2829 3440 2891 τῆς
3490 2829 3583 2879 νῦν

1939 2917 2249 2993 ἀνατροπῆς
2295 2918 2384 2972 καὶ
2417 2920 2755 2996 συγχύσεως,
2791 2922 2873 2994 [Ρ.
2903 2923 2957 2994 6]
2989 2919 3135 2988 πλὴν
3187 2917 3247 2971 ού
3290 2916 3429 2970 κατὰ
3453 2914 3590 2969 ταύ-

1935 3129 2360 3201 principatibus
2374 3129 2636 3200 actisque
2668 3128 2999 3200 repetendis
3014 3127 3046 3181 h
3059 3127 3114 3197 uj
3128 3142 3195 3181 us
3209 3141 3382 3196 quam
3415 3123 3588 3178 modo

171 3210 881 3281 omittereindicta,nulla
913 3216 1261 3270 necessitate
1293 3216 1821 3288 scriberecogente,
1857 3243 1898 3309 Ο
1939 3217 2294 3273 meditemur
2318 3219 2548 3273 initium
2601 3218 2856 3272 historiae
2907 3213 3489 3285 ducere,exponendo
3525 3219 3588 3265 ut

172 3299 367 3353 satius
401 3300 661 3370 profecto
691 3302 792 3371 sit,
827 3307 892 3357 ut
921 3320 1026 3375 ego
1060 3304 1294 3374 quidem
1335 3305 1607 3371 arbitror,
1643 3304 1824 3360 silen-

173 3389 254 3442 tio
303 3389 603 3460 praeterire
644 3407 822 3461 quam
870 3409 1041 3448 secus
1084 3410 1148 3448 ac
1195 3399 1362 3467 gesta
1394 3398 1535 3450 sunt
1579 3393 1828 3450 tradere.

175 3480 426 3532 Prastat
456 3479 611 3534 enim
642 3481 969 3550 legentibus
1002 3481 1149 3538 nihil
1197 3500 1398 3538 eorum
1453 3484 1602 3539 scire
1653 3500 1829 3555 quam

177 3571 387 3623 contra
409 3583 477 3623 ac
507 3584 640 3625 vere
671 3574 803 3626 acta
832 3575 974 3627 sunt
1021 3571 1235 3628 doceri.
1286 3572 1454 3628 Illinc
1501 3572 1658 3628 enim
1708 3572 1832 3628 ins-

178 3656 395 3713 cientis
422 3657 716 3729 quaedam,
739 3663 798 3716 et
818 3660 1067 3731 simplex
1097 3661 1198 3718 illa
1219 3662 1832 3734 quidem,innascitur,

182 3745 416 3802 nullam
469 3749 710 3805 inurens
759 3750 1194 3823 turpitudinem
1242 3753 1383 3808 18:
1439 3751 1576 3808 hinc
1620 3750 1838 3824 duplex

181 3837 785 3910 oboriturignoratio,
819 3839 1058 3896 homine
1088 3840 1239 3898 scire
1276 3857 1344 3897 ac
1391 3846 1634 3913 putante
1680 3841 1833 3913 quod

182 3925 428 3982 omnino
455 3927 680 3996 nescit;
706 3945 823 4000 quo
855 3945 994 3986 sane
1040 3930 1186 3986 nihil
1214 3932 1404 4003 pejus.
1426 3930 1836 3986 Verumenim-

180 4031 323 4071 vero
347 4032 454 4070 nec
486 4016 611 4087 ipse
641 4018 938 4074 scribendi
970 4019 1329 4092 provinciam
1351 4019 1836 4093 aggrederet,nisi

182 4106 386 4162 futura
406 4122 477 4162 ex
507 4108 813 4179 praeteritis
842 4109 1167 4181 aestimans,
1200 4127 1553 4184 magnopere
1569 4111 1839 4168 timerem

183 4195 525 4252 difﬁciliora
577 4198 993 4271 asperioraque
1052 4200 1361 4257 imminere
1410 4202 1470 4257 in
1523 4205 1839 4273 posterum.

182 4285 368 4340 Multo
403 4284 559 4341 enim
589 4286 1078 4344 videlicetauditu
1106 4289 1436 4346 mirabilius
1460 4296 1552 4346 est
1570 4307 1640 4346 ex
1655 4293 1843 4359 tanta,

184 4391 367 4447 quam
392 4375 1273 4450 degustavimus,tranquilitate
1303 4379 1362 4435 in
1394 4379 1844 4452 hancZultimam

183 4465 584 4521 calamitatem
616 4467 907 4524 decidisse
925 4485 1017 4524 res
1051 4474 1307 4538 nostras,
1334 4487 1512 4542 quam
1547 4470 1665 4524 hac
1689 4485 1844 4524 nunc

183 4553 270 4610 ita
301 4555 634 4627 composita
663 4573 789 4629 quas
815 4559 1129 4627 cernimus,
1153 4559 1405 4632 procella
1426 4560 1681 4632 quadam
1699 4575 1847 4613 nova

1937 3322 2140 3361 secure
2192 3307 2771 3378 consultissimaque,
2820 3322 2938 3376 qua
2987 3303 3131 3359 nihil
3185 3300 3584 3374 praestantius,

1939 3396 2252 3465 prudentia
2273 3396 2698 3467 rempublicam
2741 3393 3218 3466 gubernaverint,
3265 3390 3580 3460 imperium

1939 3500 2006 3538 ea
2039 3483 2284 3540 maxime
2309 3501 2448 3540 curo.
2480 3484 2836 3555 munientes,
2868 3487 3169 3552 utcunque
3209 3479 3481 3551 angustis
3513 3477 3587 3532 il-

1939 3571 2039 3627 lud
2053 3572 2241 3644 ipsum
2256 3574 2701 3630 circumclusum
2720 3573 3144 3640 ﬁnibus,trium
3160 3568 3428 3624 videlicet
3443 3568 3592 3622 duu-

1940 3665 2101 3716 taxat
2114 3662 2514 3734 relinquarum
2529 3667 2654 3718 tum
2678 3661 2820 3734 ipsis
2833 3660 3131 3717 civitatum
3144 3659 3590 3728 ,Nicaeaa,Pruste

1945 3754 2002 3808 et
2030 3755 2212 3807 tertias
2246 3751 2686 3824 Philadelphia,
2729 3751 2787 3806 in
2819 3767 2964 3823 quas
2986 3749 3205 3806 exclusi
3266 3745 3474 3820 patria,
3523 3745 3594 3802 iis

1945 3858 2094 3913 quas
2125 3842 2445 3898 didicimus
2477 3843 2693 3913 causis,
2728 3842 3042 3909 confugere
3066 3839 3262 3910 ibique
3299 3853 3360 3893 se
3408 3837 3596 3892 conti-

1946 3948 2105 3988 mere
2134 3933 2586 3989 coactifuerant.
2618 3931 2851 3998 Mahna,
2885 3945 3026 3986 sane
3058 3945 3124 3985 ac
3149 3925 3467 3998 scriptione
3490 3940 3596 3980 nec

1946 4022 2105 4078 brevi
2139 4022 2318 4094 digna
2348 4020 2779 4093 imperantibus
2809 4021 2928 4075 illis
2959 4021 3316 4075 evenerunt:
3363 4030 3590 4084 verum,

1947 4114 2052 4168 14
2091 4117 2156 4167 ut
2185 4111 2345 4178 duxi,
2369 4110 2538 4167 nobis
2569 4109 2937 4183 perdifficilia
2981 4116 3239 4175 narratu,
3291 4110 3416 4161 tum
3452 4103 3595 4174 quia

1948 4217 2148 4259 rerum
2172 4201 2335 4256 illius
2363 4199 2647 4272 temporis
2679 4200 3142 4272 haudquaquam
3179 4197 3380 4251 exacta
3409 4196 3594 4248 certa-

1950 4307 2065 4363 que
2091 4292 2162 4346 ad
2187 4307 2294 4346 nos
2324 4294 2416 4346 est
2447 4291 2733 4345 memoria
2756 4289 2999 4362 perlata,
3033 4285 3415 4343 consiliorum
3450 4298 3594 4354 prse-

1951 4380 2155 4436 sertim
2178 4396 2243 4435 ac
2261 4395 2595 4445 causarum,
2630 4393 2698 4434 ex
2730 4378 2950 4450 quibus
2981 4377 3242 4450 quidque
3289 4379 3430 4428 tunc
3463 4387 3595 4444 ges-

1952 4475 2147 4526 torum
2180 4470 2424 4540 contigit
2453 4469 2674 4541 suscipi
2705 4473 2875 4538 ;tum
2898 4468 3046 4539 quod
3078 4465 3238 4521 istud
3273 4477 3592 4535 argumen-

1950 4565 2077 4615 tum
2110 4563 2580 4631 praaoccupatum
2612 4559 2684 4613 ab
2717 4557 2847 4612 aliis
2873 4558 2998 4628 jam
3032 4561 3139 4622 est,
3174 4571 3289 4609 non
3324 4551 3498 4620 mala,
3532 4554 3600 4605 ut

190 4645 534 4717 ingruente,
558 4661 625 4701 ex
648 4627 757 4702 hac
783 4627 1172 4720 prosperitate
1203 4627 1499 4705 deturbari
1530 4649 1590 4704 in
1614 4652 1844 4721 pertur-
1873 4627 1922 4692 D
1953 4627 2221 4720 equidem
2256 4627 2528 4715 arbitror,
2564 4648 2678 4702 {ide
2711 4649 2768 4701 in
2801 4627 3169 4712 eoiversatis,
3203 4643 3303 4697 sed
3347 4657 3416 4695 ex
3450 4656 3597 4711 pra:-

187 4734 492 4790 bationem
513 4735 658 4792 adeo
689 4737 992 4806 miseram,
1020 4746 1085 4793 ut
1115 4755 1182 4794 ex
1216 4740 1408 4812 specie
1439 4755 1506 4795 ac
1528 4739 1666 4794 ﬂore
1680 4737 1841 4794 omni

188 4824 408 4896 prioris
439 4823 734 4881 felicitatis
762 4829 1084 4899 tempestas
1107 4833 1274 4884 atrox
1293 4829 1576 4900 ingruens
1598 4828 1692 4883 vix
1712 4830 1842 4882 tan-

187 4918 319 4971 tum
352 4915 501 4970 satis
542 4915 817 4988 agrisque
839 4917 1015 4973 modo
1047 4917 1370 4975 virentibus
1405 4918 1614 4990 reliqui
1645 4917 1841 4982 faciat,

185 5011 414 5078 quanto
446 5011 602 5064 esset
633 5024 801 5080 opus,
835 5025 949 5066 non
965 5010 1157 5066 dicam
1194 5011 1584 5082 perducendis
1615 5010 1688 5065 ad
1721 5025 1842 5064 ma-

184 5097 497 5153 turitatem
532 5096 846 5171 fructibus,
879 5100 982 5156 sed
1015 5099 1103 5156 vel
1139 5102 1210 5157 ad
1243 5101 1426 5157 vitam
1459 5101 1621 5156 intus
1671 5114 1843 5172 vege-

181 5186 455 5253 tabilem,
486 5203 623 5243 cum
646 5203 749 5262 spe
780 5189 1218 5261 proditurorum
1245 5191 1457 5247 iterum
1485 5190 1843 5264 quandoque

182 5276 550 5349 germinum,
573 5293 724 5351 aegre
753 5294 820 5334 ac
850 5278 1064 5336 misere
1093 5281 1367 5338 tundam.

395 5425 453 5478 2.
488 5423 602 5480 Cur
618 5422 824 5480 omina
855 5425 1114 5496 priorum
1154 5426 1471 5499 principum
1497 5428 1642 5482 acta.

261 5552 556 5608 Ceterum
587 5563 704 5607 non
738 5547 930 5621 facile,
947 5551 1378 5624 opinor,i‘uerit,
1406 5551 1494 5608 vel
1517 5551 1566 5608 si
1590 5551 1844 5608 maxime

193 5653 552 5714 caperemus
584 5652 884 5695 recurrere
915 5641 986 5697 ad
1021 5642 1257 5714 propria
1279 5644 1628 5714 tempora,et
1660 5641 1732 5696 ab
1749 5657 1845 5697 eo-

196 5747 327 5788 rum
362 5729 466 5803 qui
495 5732 633 5785 ante
670 5734 928 5786 aoetram
981 5736 1211 5789 etatem
1262 5733 1437 5790 rebus
1485 5732 1847 5804 prmiserunt

1950 4739 2104 4795 senti
2136 4739 2345 4794 notitia
2365 4742 2607 4794 eventus
2633 4737 2692 4792 in
2726 4737 2992 4809 ipsorum
3017 4733 3205 4789 oculis
3239 4735 3364 4786 tum
3390 4729 3594 4784 viven-

1949 4831 2098 4885 tium
2132 4833 2396 4901 patratos
2419 4826 2575 4882 ﬁdeli
2625 4827 2950 4899 prosecutis
2996 4823 3259 4887 historia,
3301 4836 3427 4891 quaa
3481 4834 3595 4884 res,

1951 4923 2127 4991 prout
2150 4918 2520 4990 gerebantur,
2548 4932 2616 4970 ex
2645 4915 2774 4971 visu
2796 4919 2854 4971 et
2885 4912 3243 4985 experientia
3284 4908 3483 4965 statim
3537 4907 3596 4962 in

1951 5009 2176 5063 litteras
2200 5006 2480 5073 mitteret,
2505 5004 2588 5060 sic
2612 5003 3082 5060 machinationes
3100 5000 3347 5057 eludens
3368 5002 3482 5052 tem
3495 5013 3597 5067 po-

1954 5099 2055 5164 ris,
2089 5096 2358 5153 conantis
2390 5109 2622 5166 semper
2646 5094 2997 5150 obumbrare
3025 5091 3351 5157 veritatem,
3374 5092 3431 5143 et
3461 5101 3599 5141 suo-

1953 5203 2086 5243 rum
2111 5186 2356 5242 ﬂexibus
2387 5183 2663 5256 lapsuum
2697 5183 3045 5251 involutam,
3072 5179 3241 5255 quasi
3272 5194 3345 5233 ne
3395 5179 3596 5245 exstet,

1953 5278 2221 5348 obruere,
2281 5272 2884 5342 commisis'invicem
2945 5272 3215 5328 videlicet
3287 5285 3353 5324 ac
3398 5265 3600 5339 jacula

1953 5373 2159 5426 contra
2186 5367 2400 5423 infesta
2430 5363 2816 5434 minantibus,
2848 5369 2912 5420 ut
2943 5363 3122 5420 Graeci
3144 5361 3334 5428 aiunt,
3372 5359 3597 5414 Mercu-

1953 5461 2042 5516 rio
2101 5464 2158 5516 et
2189 5460 2424 5524 Latona,
2478 5460 2584 5512 aut
2628 5456 2729 5511 illo
2763 5456 2950 5526 potius
2983 5455 3163 5526 hujus
3195 5457 3350 5508 artes
3383 5466 3448 5506 ac
3477 5447 3595 5503 vim

1953 5551 2350 5623 pravertente,
2382 5562 2447 5601 ac
2478 5547 2646 5618 quasi
2683 5545 3024 5602 machinam
3051 5545 3379 5616 rumpente.
3407 5539 3596 5603 Quare

1954 5643 2084 5696 acta
2111 5639 2241 5710 ejus
2270 5635 3201 5706 temporisindictaintentataque
3224 5632 3391 5686 nobis
3419 5627 3596 5684 relin-

1955 5733 2236 5804 quantur,
2268 5726 2471 5796 utique
2499 5725 2570 5780 ad
2607 5740 2727 5780 rem
2755 5741 2932 5797 quam
2974 5722 3210 5797 agimus
3257 5737 3371 5776 non
3423 5719 3577 5790 perti
