4212 6442
659 396 758 450 tis?
1949 392 2253 450 GEORGII
2290 391 2313 442 Ῑ

2421 383 2755 445 rumne:

3955 375 4064 430 448

656 540 682 570 τ
783 517 953 578 οὕτως
988 514 1141 591 ἔχον,
1175 514 1320 572 ἀλλὰ
1340 518 1511 590 παρὸν
1557 518 1651 590 μὲν
1682 517 1772 570 καὶ
1805 517 1878 577 ὡς
1910 515 2081 590 ἐχρην
2109 510 2299 567 τελού-
2330 514 2385 581 Α
2412 511 2866 578 κατακτήσασθαι,
2925 511 3003 578 τῷ
3053 504 3111 560 δὲ
3157 510 3256 574 τῆς
3289 503 3563 571 θαλάττης
3614 501 3762 574 μέριι
3808 499 3919 574 οὐχ
3949 502 4060 556 οἴοὶ

660 627 818 677 μενον
842 605 1162 681 ἀσφαλείας,
1195 605 1331 659 ἀπὸν
1362 603 1420 660 δὲ
1449 606 1541 659 καὶ
1593 607 1668 668 ὡς
1702 605 1799 660 οὐκ
1847 604 2018 680 ἐχρῆν
2047 600 2302 676 παρορώ-

662 715 819 766 μενον
846 701 947 764 τῆς
975 693 1255 766 παρούσης
1285 693 1620 769 συγχύσεως.

797 839 862 910 γ’.
894 838 1084 898 ’Ὁπως
1114 837 1164 891 οἱ
1195 835 1426 892 παλαιοὶ
1459 835 1814 911 κατωχύρουν
1846 834 1940 896 τὰς
1972 831 2161 908 ἄκρας.

727 961 957 1013 Ἐκεῖνοι
1011 959 1189 1014 τοίνυν
1254 958 1402 1014 δυοῖν
1462 961 1625 1032 μέσον
1686 959 1906 1036 ἐχθροῖν
1969 956 2304 1026 ἐναπειλημο

659 1048 832 1122 μένοι,
892 1047 942 1120 ἐξ
995 1048 1069 1103 ἕω
1132 1051 1224 1120 μὲν
1282 1051 1528 1124 Περσῶν,
1579 1047 1869 1108 ἐκδόσεως
1909 1044 1953 1101 δ’
1986 1043 2191 1101 ιταλῶν
2243 1041 2304 1097 οὐ

658 1140 822 1209 μόνον
880 1141 942 1191 τὸ
1002 1138 1138 1212 πρὸς
1193 1141 1262 1210 τῇ
1325 1137 1566 1211 Θαλάσσῃ
1627 1136 1773 1192 ἀλλά
1819 1136 2000 1191 καὶτὸ
2030 1134 2304 1189 ἀνώτατον

651 1226 1074 1299 κατασχόντων,
1132 1227 1221 1280 καὶ
1280 1227 1354 1288 εἷς
1417 1227 1596 1281 στενὸν
1655 1223 1863 1298 κομιδῆ
1919 1223 2306 1297 ἀμφοτέρωθεν

1069 1316 1142 1378 ὡς
1216 1315 1343 1386 μηδ’
1402 1315 1702 1391 ἐλευθέρως
1767 1315 2021 1368 ἀναπνεῖν
2099 1312 2304 1383 ἐᾶσθαι,

755 1411 845 1473 μὲν
901 1404 1165 1460 Ἰταλικὸν
1200 1402 1422 1478 ἔχοντες
1471 1403 1826 1478 συμμαχικὸν
1881 1402 2110 1476 ἐπῄεσαν
2169 1398 2308 1474 Πιρ-

660 1514 791 1554 ταις,
841 1497 908 1561 τῇ
942 1491 998 1546 δὲ
1031 1495 1294 1556 Σκυθικὸν
1326 1489 1766 1568 προσλαϐόμενοι
1798 1490 1920 1565 ἄρτι
1975 1492 2098 1545 τότε
2145 1489 2303 1566 φανέν

655 1602 710 1634 τε
765 1580 851 1634 καὶ
911 1581 1256 1658 προσληφθὲν
1317 1583 1558 1646 ἆνώθουν
1612 1581 1739 1642 τοὺς
1794 1579 2056 1641 Ἰταλούς.
2095 1579 2306 1639 Σκοπὸς

657 1671 700 1724 δ’
760 1671 826 1738 ἦν
881 1669 1105 1732 ἐκείνοις
1153 1670 1413 1748 ἀσφαλέσι
1461 1673 1521 1726 τὸ
1586 1672 1745 1744 μέσον
1803 1672 2166 1743 κατοχυροῦν.
2207 1667 2307 1722 Καὶ

654 1760 715 1811 τὸ
775 1759 867 1827 μὲν
929 1759 1065 1832 πρὸς
1115 1757 1379 1812 Θάλασσαν
1415 1759 1514 1813 οὐκ
1542 1760 1690 1833 εἶχον
1728 1758 2053 1832 ὀχυρώματι
2083 1753 2241 1826 ἄλλῳ
2269 1753 2306 1823 ἢ

653 1316 1007 1375 καταστάντες

2413 599 2460 653 τ’
2511 598 2645 665 ἦσαν
2680 597 2988 672 χρήσασθαι
3023 594 3346 669 ὀχυρώματι
3378 594 3640 664 πρότερον
3671 591 3706 658 ἢ
3754 587 3880 649 τοὺς
3922 592 4060 643 Ἰτα-

2409 685 2540 748 λοὺς
2572 681 2845 755 ἐκϐαλεῖν,
2879 682 2969 739 διὰ
2996 686 3158 737 τοῦτο
3188 679 3356 736 πλέον
3398 681 3493 751 μὶν
3540 674 3862 732 ἐσπένδοντο
3919 677 4056 748 [lip-

2409 795 2528 836 σαις
2585 776 2676 829 καὶ
2733 772 3025 848 ἁνακωχήν
3096 767 3306 826 ἐδίδουν
3360 772 3440 841 τῷ
3495 765 3732 839 mum.
3788 769 3868 837 τῷ
3921 765 4061 840 πρὸς

2409 863 2671 934 ἐκείνους,
2721 863 2934 934 ἐτήσιον
2965 861 3127 922 τέλος
3172 859 3439 929 τάξαντες,
3496 857 3526 911 ’ὁ
3584 853 3651 925 δὴ
3698 855 3790 910 καὶ
3847 851 4060 908 ἐδίδουν

2411 953 2543 1029 οὐχὶ
2597 954 2810 1026 μικρὸν,
2866 955 2984 1012 τοῖς
3040 947 3085 1004 δ’
3126 950 3364 1010 Ἰταλοῖς
3395 945 3552 1008 ὅλαις
3582 944 3805 1018 ἐπεῖχον
3835 944 4056 1019 ὁρμαῖς.

2413 1047 2650 1116 Συχνοῖς
2680 1039 2739 1096 δὲ
2783 1039 2971 1100 πόνοις
2996 1038 3087 1093 καὶ
3135 1033 3596 1110 ἀκαταγωνίστοις
3626 1030 3897 1106 πολέμοις
3948 1030 4058 1086 ἐνι-

2413 1129 2659 1203 δροῦντες
2705 1130 2942 1189 ἐκείνους
2997 1129 3092 1200 μὶν
3143 1126 3341 1197 ἐξῶσαν
3369 1168 3386 1197 ,
3437 1122 3528 1181 καὶ
3583 1123 3768 1178 ναυσὶν
3830 1119 4061 1180 οίκείαις

2411 1218 2742 1290 πὰραπλέειν
2773 1216 3186 1291 παρεσχηκότες
3225 1215 3325 1284 τὴν
3377 1211 3890 1279 θάλασσαν-ἱκανὴν
3942 1213 4064 1269 τοῖς

2410 1307 2584 1363 ἐκεῖσε
2624 1311 2749 1364 ,τῶν
2816 1302 3105 1379 Ῥωμαίων
3168 1301 3408 1358 οῒκοῦσιν
3469 1295 3682 1355 ἐδίδουν
3737 1294 4062 1374 ἀσφάλειαν,

2413 1397 2527 1452 εἶτα
2581 1399 2729 1451 νῶτα
2758 1395 3081 1467 στρεψαντες
3109 1391 3341 1446 ἑκόντων
3394 1387 3634 1444 ἀκόντων
3666 1389 3886 1461 Βερσῶν
3939 1391 4060 1445 τοῖς

2415 1477 2974 1558 ὅρισινέπεεάλοντο,
3009 1485 3232 1555 συχνοῖς
3259 1477 3315 1533 δέ
3351 1483 3471 1538 τοῖς
3519 1475 3864 1549 πανταχόθεν
3913 1473 4066 1527 ἐποί-

2412 1594 2529 1634 κοις
2558 1572 2645 1627 καὶ
2683 1574 2932 1646 ἰσχυροῖς
2961 1568 3498 1645 κατασφαλισάμενοι
3539 1563 3743 1638 ἐρυμνὰ
3771 1564 3933 1637 τείχη
3969 1560 4060 1615 καὶ

2417 1665 2530 1717 οἷον
2592 1660 3078 1736 δυσεπιχειρήτους
3144 1655 3396 1729 θριγκοὺς
3454 1658 3521 1726 τῇ
3565 1650 3833 1724 Ῥωματδι
3893 1654 4061 1704 ταῦτα

2410 1752 2737 1820 κατέστησαν
2749 1796 2762 1809 ,

657 1857 900 1906 MM?“
951 1846 1442 1922 κατασὲαλίξίτθπῑ
1466 1867 1476 1878 ⁸
1541 1844 1665 1900 οὐδὲ
1723 1848 1827 1921 γὰρ
1877 1846 1968 1914 ἦν,
2018 1843 2305 1950 ’θαλασσὌ-
2337 1883 2388 1950 Β
2416 1857 2478 1917 δ’.
2509 1859 2698 1918 "Ome:
2727 1861 2833 1912 τῶν
2865 1855 2914 1909 ἐν
2943 1859 3058 1908 ταῖς
3092 1857 3276 1922 ἄκραις
3318 1849 3679 1922 ἐπεμελοῦπο
3713 1844 3922 1922 ἀνδρῶν
3973 1847 4065 1899 καὶ

1120 1941 1142 1948 -
1269 1937 1303 1950 ..
1381 1935 1448 1950 κ-
1624 1935 1637 1950 ι
2285 1933 2298 1949 ς
3288 1943 3389 1950 -.

2285 1933 2298 1949 \

881 1956 999 1989 ιτων
1079 1941 1184 1990 τῶν
1267 1935 1491 1993 Ἰταλῶν
1551 1935 1640 1990 καὶ
1688 1933 2175 2010 προσκατεχόντων
2241 1933 2310 1988 τὰ

667 2046 868 2095 προσώ,
928 2023 1186 2100 ἀσφαλῶς
1243 2026 1303 2079 τὸ
1365 2024 1558 2079 λοιπὸν
1621 2022 1840 2094 διάξειν·
1890 2025 1952 2079 τὸ
1985 2021 2042 2078 δέ
2069 2023 2205 2097 πρὸς
2235 2018 2308 2076 tu)

661 2115 898 2188 ὀχυροῦν
947 2113 1096 2188 εἶχον
1150 2114 1407 2188 ἐρυμνοῖς
1461 2134 1518 2168 τε
1576 2115 1666 2167 καὶ
1717 2109 2004 2174 δυσϐάτοις
2037 2113 2232 2179 ὁρέων,
2265 2109 2312 2165 si

657 2196 1013 2276 προλάϐοιεν.
1067 2202 1168 2257 Καὶ
1220 2200 1310 2256 διὰ
1351 2203 1516 2257 ταῦτα
1545 2201 1660 2257 ἐπεὶ
1693 2206 1792 2258 οὒκ
1821 2203 1970 2277 εἶχον
2012 2201 2125 2273 ἅμα
2172 2201 2306 2274 πρὸς

659 2289 882 2362 ἑκάτερα
916 2293 1207 2366 μάχεσθαι,
1240 2292 1330 2345 καὶ
1365 2292 1446 2346 δτι
1492 2293 1559 2346 τὰ
1593 2292 1687 2364 μὶν
1715 2292 1852 2366 πρὸς
1898 2288 1974 2346 Et»
2003 2285 2105 2366 ὅρη
2143 2287 2309 2364 μέχρι

655 2378 875 2435 πολλοῦ
917 2380 1184 2455 ἀνέχοντα
1226 2382 1317 2435 καὶ
1363 2380 1426 2434 τὸ
1470 2378 1708 2458 ἀσφαλὲς
1753 2385 2130 2454 κατεγγυῶντα
2174 2380 2310 2436 Ῥω-

657 2470 864 2540 μαίοις,
918 2469 1146 2544 Πέρσαις
1193 2466 1269 2536 δὲ,
1304 2470 1378 2530 ὡς
1411 2468 1603 2538 εἰπεῖν,
1653 2468 2025 2542 ἀμελούμενα,
2073 2464 2312 2544 προσδο-

652 2560 774 2612 κίαν
826 2563 1086 2633 παρεῖχεν
1120 2560 1310 2636 αὐτοῖς
1337 2563 1628 2634 κατασχεῖν
1673 2557 1958 2613 κάντεῦθεν
2016 2553 2313 2635 ἀσφάλειαν

656 2777 874 2833 nentia.
929 2775 1118 2832 Unum
1151 2792 1219 2831 ex
1264 2774 1365 2831 illa
1397 2780 1628 2832 tantum
1675 2774 1967 2847 praeterita
2018 2771 2302 2832 memoria

652 2865 1074 2921 resumendum
1097 2864 1192 2920 hic
1216 2864 1384 2919 nobis
1417 2881 1531 2920 non
1564 2864 1870 2931 inutiliter,
1905 2862 1963 2918 ni
1995 2862 2299 2931 fallor,est,

655 2959 958 3025 prepterea
995 2954 1146 3023 quod
1183 2952 1280 3008 ille
1309 2953 1425 3008 tale
1469 2959 1578 3023 est,
1609 2952 1704 3008 cui
1737 2952 1845 3009 soli
1895 2951 2140 3024 quidam
2201 2949 2302 3007 ad-

654 3043 1018 3100 scribendam
1038 3047 1248 3114 putant
1262 3049 1316 3097 et
1329 3043 1703 3098 securitatem
1723 3041 2306 3113 tranquilitatemque

659 3150 783 3202 qua:
812 3139 954 3187 tunc
988 3131 1330 3198 fuitrerum,
1356 3130 1879 3202 et-perversionem
1915 3125 1981 3186 ao
2011 3128 2310 3186 confusio-

3063 1943 3413 1998 πραγματων.

2489 2020 2567 2090 οὐ
2604 2019 2710 2090 μὴν
2745 2015 2802 2071 δὲ
2849 2016 2938 2070 καὶ
2972 2017 3055 2088 [Ρ.
3091 2018 3145 2086 7]
3191 2009 3573 2084 ἀτημελήτους
3625 2009 3753 2071 τοὺς
3781 2008 3914 2081 πρὸς
3947 2015 4069 2064 τοῖς

2419 2106 2594 2182 ὄρεσιν
2657 2106 2939 2166 οἰκοῦντας
2993 2102 3140 2169 εἶ’ων,
3183 2104 3258 2164 ὡς
3307 2099 3559 2171 ἑτοίμους
3618 2096 4072 2170 μεταναστάντας,

2420 2181 2473 2252 εἴ
2520 2216 2631 2250 που
2690 2192 2948 2268 άμηγέπη
3007 2192 3080 2253 ὡς
3139 2187 3372 2244 ἐναντίοι
3431 2181 3838 2261 προσϐάλοιεν,
3899 2181 4076 2255 μηδὲν

2418 2286 2650 2364 ἔχοντας
2704 2284 2768 2340 τὸ
2797 2285 2986 2339 πεῖθον
3045 2281 3222 2355 μένειν
3271 2278 3360 2334 καὶ
3413 2276 3560 2353 παρὰ
3609 2273 3858 2348 δύναμιν,
3892 2273 4075 2328 εἴποι

2418 2360 2695 2451 παρείκοι,
2750 2373 2888 2450 πρὸς
2939 2370 3122 2429 ἐκεῖνα
3172 2366 3512 2442 ἀνδρίζεσθαι
3537 2383 3550 2397 ·
3609 2363 3739 2420 ἀλλ’
3796 2360 4074 2451 ἀτελείαις

2423 2447 2520 2540 μὲν
2548 2463 2677 2527 τοὺς
2707 2447 2936 2532 πάντας,
2989 2459 3277 2534 προνοίαις
3327 2453 3372 2511 δ’
3405 2453 3466 2512 ἐκ
3485 2454 3694 2511 τούτων
3718 2451 3847 2514 τοὺς
3877 2447 4074 2507 ἐπιδο-

2420 2554 2696 2631 Enipeus,
2740 2551 2832 2610 καὶ
2879 2551 2966 2614 οἷς
3009 2547 3255 2622 τολμῆεν
3303 2546 3365 2602 τὸ
3413 2542 3694 2620 φρόνημα,
3739 2541 4068 2618 γράμμασιν

2410 2773 2599 2839 Quare
2619 2785 2752 2826 cum
2780 2783 2951 2840 pares
2982 2781 3098 2822 non
3127 2765 3328 2820 essent
3354 2761 3514 2817 binis
3542 2776 3573 2816 e
3604 2759 3832 2815 diversa
3871 2757 4072 2827 parte-

2413 2858 2780 2918 sustinendls
2805 2856 3098 2920 hostibus,
3132 2855 3198 2910 ut
3227 2850 3438 2910 saltem
3465 2848 3702 2906 interim
3724 2862 3838 2920 pax
3865 2861 3902 2900 a
3929 2846 4076 2899 Per-

2413 2948 2497 3008 sis
2526 2950 2702 3018 esset,
2733 2945 2969 3002 arcibus
3023 2958 3126 3000 eos
3181 2941 3320 2997 inde
3361 2936 3768 3012 praesidiisque
3814 2931 4071 3004 objectis

2415 3051 2788 3096 summovere
2836 3035 3241 3092 decreverunt.
3291 3029 3406 3086 Nec
3465 3026 3644 3083 nimis
3704 3021 3942 3081 difﬁcile
4003 3021 4065 3074 id

2417 3128 2550 3196 fuit,
2593 3126 2746 3198 quod
2801 3127 2860 3181 et
2904 3122 3118 3194 longus
3172 3114 3257 3174 ibi
3287 3120 3512 3173 tractus
3556 3118 3681 3171 erat
3724 3124 4076 3184 asperorum

654 3238 785 3279 nam
804 3238 930 3292 quae
946 3237 1100 3275 nunc
1115 3221 1338 3276 cernitu
1349 3238 1520 3288 r,una
1532 3237 1714 3276 causa
1731 3217 2056 3276 contrarios
2069 3218 2310 3275 eﬂectus
2346 3281 2381 3292 _
2420 3217 2736 3281 montium,
2768 3217 2827 3269 et
2854 3211 3121 3268 enatodia
3151 3208 3524 3277 vallium,per
3542 3220 3691 3276 quas
3707 3205 3925 3264 arotus,
3941 3203 4077 3254 erat

652 3327 768 3365 non
792 3281 996 3366 eodem
1030 3314 1187 3364 statu
1221 3326 1286 3365 ac
1311 3281 1483 3365 modo
1513 3310 1996 3381 producente,sed
2014 3305 2303 3380 tranquil-
2339 3281 2383 3348 θ
2419 3305 2734 3373 transitus,
2765 3305 2948 3360 ferme
2966 3302 3036 3358 ab
3051 3297 3449 3357 Orientalibus
3469 3295 3583 3352 alio
3614 3291 3856 3350 intentis
3885 3288 4082 3360 negli-

648 3400 874 3455 litatem
908 3399 1450 3470 quidemnperante
1482 3399 1676 3470 quoad
1706 3402 1916 3470 praesto
1940 3398 2052 3454 fuit
2082 3401 2140 3454 et
2163 3412 2314 3470 prc-
2353 3415 2357 3417 ·

654 3507 789 3546 sens
819 3489 1083 3545 adhibita
1111 3493 1219 3559 est,
1282 3495 1595 3560 postquam
1646 3505 1779 3546 vero
1826 3488 2006 3561 (quod
2066 3487 2316 3545 minime

666 3580 939 3650 rmrtuit)
972 3577 1235 3650 neglecta
1261 3578 1463 3634 eadem
1496 3578 1835 3651 omissaque
1865 3583 1976 3645 est,
2008 3576 2312 3650 perturba-

659 3672 876 3724 tionem
912 3668 1226 3724 inducente
1258 3685 1376 3740 qua
1409 3684 1566 3723 nunc
1597 3667 1918 3724 laboratur.

869 3811 921 3864 3.
960 3811 1021 3866 Ut
1053 3826 1205 3866 arces
1236 3827 1270 3865 a
1295 3810 1575 3866 veteribus
1602 3811 1841 3868 munitae
1867 3811 2100 3880 fuerint.

730 3934 816 3989 Illi
836 3951 973 4006 ergo
1006 3933 1224 4006 duplici
1250 3934 1528 4006 utrinque
1551 3935 1773 3993 obsessi
1796 3951 2005 4009 genere
2033 3934 2311 4000 hostium,

661 4025 858 4081 Persis
885 4023 1123 4095 quidem
1156 4024 1228 4079 ab
1251 4024 1504 4097 Oriente,
1564 4028 1639 4081 ab
1694 4027 1914 4083 Occasu
1966 4025 2148 4093 Italis,
2198 4041 2314 4080 non

660 4133 819 4170 oram
858 4115 1025 4170 modo
1050 4115 1430 4182 maritimam,
1457 4116 1558 4172 sed
1592 4125 1646 4172 et
1669 4117 1975 4188 superiora
1997 4116 2096 4172 15
2140 4130 2316 4171 occu-

657 4204 960 4274 pantibus,
984 4206 1042 4257 et
1068 4201 1236 4258 valde
1269 4203 1328 4258 in
1359 4211 1680 4276 angustum
1737 4208 2124 4276 undecunque
2179 4220 2314 4260 con-

663 4293 829 4359 trusi,
855 4291 946 4346 vix
982 4297 1044 4346 ut
1077 4292 1255 4348 libere
1289 4295 1576 4365 respirare
1600 4296 1956 4366 sinerentur,
1998 4295 2318 4367 aliquando
2350 4313 2354 4316 ν

676 4383 899 4454 ,uidcm
935 4381 1025 4436 usi
1059 4382 1450 4440 auxiliaribus
1483 4384 1646 4442 Italis
1664 4390 1871 4441 Persas
1889 4384 2318 4456 (incursabant,

662 4471 1282 4542 aliquandoSeythicis
1307 4474 1493 4544 adjuti
1527 4475 1730 4542 armis,
1764 4491 1889 4545 quae
1920 4490 2035 4528 non
2092 4473 2176 4529 ita
2201 4473 2319 4544 pri-

662 4563 795 4616 dum
830 4577 1110 4632 apparere
1143 4561 1200 4616 in
1266 4563 1358 4618 his
1404 4563 1671 4634 partibus
1715 4569 1772 4623 et
1819 4564 2099 4620 societate
2149 4561 2321 4618 nobis

2417 3395 2684 3472 gebatur.
2723 3392 2910 3450 Dilata
2939 3406 3074 3463 ergo
3097 3387 3340 3445 consilio
3364 3382 3671 3472 muniendi
3694 3379 3911 3472 oppida
3937 3393 4076 3430 ma-

2416 3468 2615 3542 ritima
2645 3484 2702 3538 in
2733 3481 2790 3538 id
2821 3485 3058 3551 tempus
3100 3493 3216 3550 quo
3246 3473 3422 3532 Italos
3481 3469 3804 3528 continenti
3851 3468 4080 3536 ejectos

2415 3573 2590 3647 longe
2619 3571 3078 3632 submovissent,
3108 3566 3167 3622 in
3191 3581 3306 3637 quo
3331 3571 3467 3619 tunc
3505 3558 3878 3634 potissimum
3902 3554 4079 3610 labo-

2417 3645 2678 3725 rabatur,
2708 3661 2966 3734 quietem
2995 3657 3219 3714 interea
3250 3655 3624 3710 redemerunt
3646 3667 3679 3705 a
3707 3645 3901 3703 Persis
3932 3660 4081 3716 pac-

2416 3753 2575 3810 tione
2603 3750 2809 3807 tributi
2842 3747 3047 3812 annui,
3083 3746 3234 3817 quod
3267 3743 3414 3814 ipsis
3445 3757 3560 3795 non
3595 3736 3890 3793 modicum
3925 3747 4082 3804 pen-

2419 3846 2673 3900 debant:
2735 3841 2939 3911 sicque
2989 3843 3111 3893 toto
3160 3833 3334 3891 Italos
3389 3833 3606 3902 impetu
3650 3828 3914 3894 ruerunt,
3940 3838 4082 3877 cre-

2420 3933 2660 4004 brisque
2688 3929 2992 3986 laboribus
3026 3941 3092 3981 ac
3122 3923 3290 3979 bellis
3332 3915 4080 3976 difﬁcillimisinsudantes

2421 4039 2519 4080 eos
2565 4021 2803 4077 tandem
2853 4016 3131 4089 expulsos
3182 4011 3436 4085 propriis
3482 4009 3585 4063 10
3634 4005 3883 4061 navibns
3910 4008 4086 4054 trans

2423 4127 2584 4167 mare
2615 4110 3240 4180 deportarunt,magna
3271 4100 3356 4155 sic
3377 4096 3641 4154 stabilita
3671 4090 4088 4163 tranquilitatc

2424 4198 2708 4256 Romanis
2737 4195 2858 4252 illic
2904 4192 3275 4266 degentibus.
3330 4188 3469 4244 Inde
3513 4204 3546 4241 ιι
3595 4183 3810 4248 Persis,
3858 4180 4092 4235 vellent

2423 4288 2650 4346 nollent
2683 4285 3044 4352 deﬁcientes,
3084 4279 3542 4337 muniendorum
3586 4271 3879 4330 montium
3933 4285 4091 4323 cura

2423 4381 2746 4449 resumpta,
2807 4372 3008 4431 multis
3039 4376 3097 4428 et
3140 4367 3402 4426 robustis
3428 4363 3692 4436 undique
3742 4357 4089 4416 convocatis

2427 4469 2688 4533 advenis,
2707 4466 2875 4523 sedes
2904 4464 2964 4519 in
2997 4463 3071 4518 ii
3103 4459 3346 4517 stabiles
3377 4457 3782 4527 assignarunt,
3831 4449 4086 4504 iisdem-

2429 4575 2544 4630 que
2573 4554 2990 4614 custodiendas
3017 4548 3445 4608 commiserunt
3467 4539 4092 4607 munitissimas,quas

647 4651 821 4721 ,ζεπηςὶ
846 4627 1094 4720 coepere,
1135 4627 1706 4723 repellebantltalos.
1735 4654 1851 4709 Hoc
1879 4658 2075 4709 autem
2106 4652 2166 4706 in
2189 4651 2320 4707 istis
2353 4633 2399 4700 D
2429 4627 2805 4706 extraxerant
2851 4657 3025 4715 opere
3101 4636 3488 4703 solidissima,
3537 4648 3604 4690 ac
3667 4631 3786 4686 fere
3821 4627 4085 4696 inexpu-

657 4739 1114 4794 difﬁcultatibus
1132 4741 1505 4811 potissimum
1521 4743 1886 4814 spectabant,
1916 4745 1981 4798 ut
1997 4741 2153 4814 quod
2175 4740 2314 4796 hinc

659 4845 836 4900 atque
869 4828 1003 4882 inde
1029 4830 1290 4885 medium
1325 4831 1475 4888 inter
1506 4831 1668 4905 ipsos
1714 4836 1771 4889 et
1813 4832 2015 4888 hostes
2046 4831 2311 4902 ipsorum

658 4922 804 4981 erat,
832 4916 1076 4972 munitis
1108 4922 1164 4973 et
1195 4918 1388 4976 valido
1416 4921 1708 4992 [praesidio
1747 4920 2030 4977 insesssls
2079 4919 2315 4975 arcibus

658 5007 1017 5061 firmaretur.
1055 5011 1137 5062 Ac
1171 5008 1487 5066 maritimis
1510 5010 1751 5082 quidem
1794 5009 1938 5066 locis
1988 5025 2105 5066 non
2155 5007 2315 5064 aliud

655 5096 910 5164 adjicere
927 5096 1370 5153 munimentum
1385 5102 1708 5172 potuerunt
1725 5115 1905 5172 quam
1918 5099 2116 5172 ipsum
2135 5112 2315 5154 mare:

658 5201 772 5239 non
809 5184 962 5239 enim
999 5183 1235 5254 licebat,
1271 5187 1714 5244 dominantibus
1738 5188 1884 5245 mari
1915 5187 2078 5244 Italis
2110 5190 2167 5242 et
2187 5203 2318 5260 par-

661 5283 776 5327 ’.οφ
815 5273 1174 5330 continentis
1202 5277 1472 5347 praesidio
1504 5279 1864 5348 tenentibus,
1898 5277 1979 5333 ita
2007 5277 2176 5332 illum
2197 5292 2318 5331 mu.

663 5380 798 5419 nere
831 5363 1110 5430 limitem,
1144 5369 1207 5420 ut
1253 5367 1402 5422 nihil
1448 5367 1584 5424 inde
1623 5369 1948 5424 timeretur.
1985 5366 2319 5423 Conﬂnium

665 5453 1053 5508 Orientalium
1084 5455 1202 5511 alia
1232 5460 1442 5512 natura
1472 5461 1616 5513 erat.
1646 5457 1946 5513 Prmtentis
1969 5456 2129 5513 enim
2159 5457 2232 5511 ab
2254 5471 2322 5510 ea

664 5553 825 5613 parte
859 5542 992 5596 altis
1020 5548 1075 5598 et
1099 5547 1409 5617 praeruptis
1443 5547 1764 5614 montibus,
1789 5562 2004 5619 magna
2035 5560 2168 5618 spes
2199 5547 2325 5601 erat

665 5633 1058 5687 intercluendi
1092 5634 1361 5692 hostibus
1392 5638 1702 5707 transitus,
1735 5637 1785 5694 si
1809 5639 1958 5710 juga
1976 5641 2034 5694 et
2058 5639 2324 5709 angustas

664 5724 865 5778 fauces
940 5723 1379 5795 subjacentium
1427 5726 1670 5785 vallium
1751 5729 2321 5800 praeoccuparentur.

2422 4735 2688 4809 gnabiles
2717 4749 2902 4789 arces.
2934 4732 3060 4798 Quo
3093 4727 3267 4786 modo
3296 4725 3698 4782 Romanorum
3731 4733 3824 4774 res
3848 4715 4093 4788 optimo

2424 4842 2568 4884 sane
2596 4824 2725 4882 loco
2759 4823 3106 4894 posuerunt.

2586 4932 2640 4988 4.
2670 4931 2734 4988 Ut
2761 4928 3078 4986 curaverint
3093 4919 3494 5008 praesidiaria:
3528 4921 3743 4974 arcium
3774 4921 3824 4970 et
3847 4927 3932 4967 res

3119 5009 3387 5069 ipsorum.

2497 5096 2786 5152 (Laterum
2818 5090 2965 5146 istos
2995 5087 3081 5144 sic
3110 5086 3370 5156 objectos
3393 5079 3666 5137 hostibus
3713 5080 3772 5131 et
3805 5073 3876 5130 ad
3927 5089 4100 5144 pre-

2429 5181 2835 5252 sens,siPersie
2865 5177 3227 5250 lngruerent,
3284 5167 3628 5228 defectionis
3671 5169 3727 5222 et
3766 5161 4096 5252 transfugii

2428 5250 2756 5347 periculum
2779 5267 3096 5340 expositos,
3126 5266 3326 5335 utpote
3339 5257 3484 5316 nihil
3514 5257 3799 5347 habentes
3831 5250 3994 5323 quod
4030 5251 4100 5304 in

2429 5343 2544 5418 fide
2557 5377 2624 5417 ac
2639 5357 2892 5416 statione
2903 5354 3293 5412 constantiam
3317 5343 4102 5413 suaderet,baudquaquam

2431 5451 2817 5524 imperatores
2846 5441 3250 5502 necessariain
3281 5438 3386 5496 tali
3406 5434 3667 5509 periculo
3688 5430 4110 5524 destituerunt

2431 5517 2820 5615 providentia,
2853 5536 2956 5593 sed
2989 5532 3139 5590 tales
3160 5530 3481 5588 eli'eoerunt
3510 5517 4104 5615 utipsis_expediret,

2432 5607 2491 5688 et
2540 5627 2782 5685 omnino
2823 5622 3060 5689 vellent,
3106 5621 3280 5681 etiam
3327 5633 3507 5690 supra
3555 5613 3706 5670 vires
3739 5609 3930 5668 Persis
3985 5607 4105 5662 ob—

2434 5716 2730 5777 sistere.ld
2753 5714 3264 5788 consequebantur
3294 5709 3468 5781 plena
3497 5702 3876 5761 immunitate
3895 5697 4109 5754 tribu—
