4258 6438
188 404 294 463 449

1270 399 1364 453 ΒΕ
1402 398 1777 455 ΜῘΟΗΔΒῘΑΒ
1816 399 2262 457 PALBOLOGO
2300 404 2432 457 LIB.
2474 404 2516 455 Ι.

3494 403 3598 459 450

193 528 499 602 iampei‘av‘ro
560 523 892 587 βασιλικοῖς.
951 520 1053 578 Καὶ
1094 517 1159 589 δὴ
1190 524 1289 575 τοῦ
1319 519 1527 595 χρόνου
1550 519 1840 595 προϊόντος
1871 530 1924 595 Α
1951 520 2249 578 οῒκούντων
2310 525 2740 598 βρενθυομένων,
2772 524 2861 578 καὶ
2921 522 3073 579 οὐδὲν
3107 526 3187 579 δτι
3252 526 3328 598 μὴ
3356 524 3599 579 πλούτου

196 615 431 690 ηὔξανον
456 619 574 676 ταῖς
607 611 968 687 περιουσίαις,
1007 611 1097 664 καὶ
1148 608 1389 670 πλοῦτος
1438 608 1651 685 ἐπέῥρει
1703 611 1851 687 σφίσι

198 707 422 782 συχνός.
476 704 608 778 Παρ⁹
639 698 765 756 ὅσον
800 698 847 755 δ’
878 698 1105 761 ἐκείνοις
1140 698 1534 766 ἐνευθηνεῖσθαι
1584 693 1855 771 ξυνέϐαινε

194 802 313 859 τοῖς
368 795 507 849 κατά
558 792 653 846 τὸν
715 790 855 865 βίον,
908 788 1055 863 παρά
1100 791 1360 842 τοσοῦτον
1415 788 1505 841 καὶ
1563 788 1697 861 πρὸς
1726 787 1853 848 τοὺς

196 884 471 943 ἐναντίους
529 879 809 955 ἐθάρρουν,
868 877 959 931 καὶ
1016 875 1253 937 πολλοῖς
1296 881 1415 938 τοῖς
1469 876 1667 931 ἐκεῖθεν
1701 875 1855 951 ἐτρύ-

198 996 341 1051 φων,
368 969 836 1044 νυκτολοχοῦντες
866 965 957 1020 καὶ
990 966 1262 1039 ὁσημέραι
1310 966 1409 1034 τὴν
1447 969 1555 1019 τῶν
1603 965 1853 1019 ἐναντίων

199 1050 622 1136 περικόπτοντες
650 1054 740 1111 καί
764 1057 833 1110 τὰ
860 1052 1047 1109 πολλά
1080 1052 1426 1126 ληϊζόμενοι.
1482 1055 1566 1126 Ἐξ
1600 1055 1672 1108 ὧν
1704 1050 1859 1108 covi-

199 1146 387 1204 ϐαινεν
445 1145 628 1206 αὐτοῖς
693 1146 786 1216 μὲν
847 1141 1017 1215 ὁμόσε
1062 1146 1179 1201 τοῖς
1236 1138 1552 1202 ἀντιπάλοις
1613 1145 1859 1215 χωροῦσι

199 1230 617 1311 προϐεϐλῆσθαι
655 1238 762 1286 τῶν
814 1228 1132 1306 ἐνδοτέρων,
1179 1228 1309 1290 τοὺς
1362 1227 1406 1283 δ’
1457 1228 1861 1304 ἐξαρτωμὲνους

198 1326 296 1387 τὰς
330 1321 559 1385 ἐλπίδας
588 1320 806 1377 ἐκείνων
842 1318 930 1375 ἐπὶ
957 1325 1061 1387 τῆς
1092 1318 1297 1381 οἰκείας
1322 1313 1617 1391 διατρίϐειν
1666 1315 1857 1387 ἀνέδην

199 1415 291 1470 καὶ
346 1418 468 1473 ταῖς
498 1410 725 1471 οΐκείαις
783 1409 1148 1484 προσανέχειν
1203 1404 1473 1481 φροντίσι,
1512 1405 1639 1467 τοὺς
1679 1407 1860 1478 μέντοι

201 1502 291 1557 ἐπὶ
351 1505 458 1555 τῶν
516 1499 705 1575 ἀρχῶν
762 1502 865 1565 τῆς
924 1495 1259 1569 στρατηγίας
1287 1491 1465 1563 ὄντας,
1503 1498 1610 1548 τῶν
1641 1490 1859 1549 ὄπισθεν

200 1589 465 1667 ἀσφαλῶς
516 1588 590 1649 ὡς
656 1585 773 1640 οἷόν
826 1606 886 1640 τε
944 1582 1201 1658 ἔχοντας,
1253 1584 1352 1651 τὴν
1418 1582 1602 1658 μάχην
1637 1582 1864 1657 ἑτέρωσε

198 1681 422 1755 τρέπειν
454 1677 656 1749 καὶμὴ
711 1672 872 1729 οὖσαν
900 1679 1022 1734 ταῖς
1079 1672 1377 1735 ἐπιθέσεσιν
1437 1670 1718 1745 ἐρεθίζειν,
1774 1682 1864 1733 καὶ

206 1769 428 1847 φθάνειν
458 1769 641 1826 κακῶς
683 1761 1017 1827 διατιθέντας
1068 1760 1283 1835 ἐτέρους
1336 1760 1599 1847 πρότερον
1650 1760 1687 1828 ἢ
1740 1762 1864 1814 ἀνα-

210 1846 392 1927 μένειν
450 1854 680 1927 πάσχειν
730 1850 987 1923 ἑτέρωθεν
1013 1851 1080 1903 τὰ
1110 1847 1274 1903 δεινά.
1323 1848 1394 1902 Τὸ
1426 1846 1482 1902 δὲ
1525 1848 1739 1920 σύμπαν
1798 1850 1865 1917 ἦν

205 1942 651 2018 κατορθούμενον
704 1946 814 1995 τῶν
872 1940 1053 2015 ἀκρῶν
1112 1937 1298 2000 καλῶς
1329 1937 1578 2013 ἐχουσῶν
1610 1940 1699 1993 καὶ
1734 1935 1866 2010 μηδ’

209 2034 269 2090 ἃν
305 2032 431 2088 εἴτι
480 2033 570 2086 καὶ
632 2032 847 2104 γένοιτο
875 2033 982 2083 τῶν
1031 2027 1142 2083 ἐκεῖ
1170 2027 1599 2097 καθυπειξόντων
1633 2025 1863 2102 ἀνδρῶν,

210 2124 262 2178 εἴ
314 2144 366 2177 τι
422 2120 512 2175 καὶ
572 2119 886 2174 ἀντιτείνειν
941 2116 1193 2189 τολμῷεν
1241 2118 1293 2171 o't
1345 2117 1731 2189 ἀντικείμενοι,
1778 2119 1867 2172 καὶ

208 2216 381 2267 ταῦτα
438 2210 528 2264 καὶ
582 2215 685 2278 τῆς
744 2208 926 2282 ἀρχῆς
976 2204 1193 2281 ἐγγύθεν
1254 2204 1421 2275 οὔσης
1456 2248 1469 2273 ,
1547 2206 1870 2277 ἀνθεξούσης

214 2300 446 2372 ἑτοίμου
498 2299 636 2371 πρὸς
692 2296 828 2351 ἅπαν
878 2297 941 2349 τὸ
999 2295 1477 2367 ἀντιστησόμενον.
1511 2295 1617 2350 Καὶ
1662 2295 1729 2349 τὰ
1776 2298 1868 2367 μὲν

213 2388 459 2463 πρότερα
485 2390 711 2441 τοιαῦτα
755 2384 846 2438 καὶ
872 2381 1043 2445 οὕτως
1090 2378 1310 2458 ἔχοντα,
1358 2384 1421 2437 οὐ
1470 2383 1634 2453 μόνον
1668 2387 1753 2445 αῖς
1785 2384 1871 2461 ἐρ-

217 2477 347 2553 ῥέθη
407 2474 675 2536 ἀτελείαις
719 2494 778 2529 τε
823 2472 915 2527 καὶ
945 2472 1230 2543 προνοίαις
1263 2471 1411 2527 ἀλλά
1461 2493 1522 2546 γε
1573 2474 1659 2526 καὶ
1704 2486 1873 2544 καθη-

220 2570 471 2639 μεριναῖς
555 2562 906 2641 φιλοτησίαις
984 2559 1293 2635 βασιλικαῖς
1360 2566 1466 2616 τῶν
1541 2562 1637 2624 τὰς
1712 2560 1877 2638 ἄκρας

219 2784 421 2837 torum
457 2794 522 2834 ac
567 2775 937 2848 vectigalium
980 2775 1232 2833 limitem
1278 2775 1436 2831 hunc
1485 2776 1879 2834 incolentibus

225 2866 615 2938 indulgenda,
648 2866 865 2921 annuis
904 2881 1139 2937 quoque
1194 2881 1263 2920 ex
1311 2865 1453 2921 fisco
1501 2867 1882 2937 pensionibus

223 2957 583 3015 illustriores
614 2956 879 3028 ipsorum
929 2956 1292 3012 honorando.
1326 2956 1491 3011 Unde
1539 2960 1885 3028 procedente

220 3056 493 3119 tempore
525 3049 698 3102 aucta
723 3046 821 3101 isti
852 3044 1173 3117 plurimum
1208 3060 1270 3100 re
1311 3045 1607 3113 familiari,
1641 3062 1886 3119 magnas

225 3137 499 3210 plerique
532 3150 671 3206 opes
703 3138 1150 3205 congesserunt.
1186 3134 1359 3190 Porro
1416 3150 1533 3205 quo
1565 3135 1790 3192 meliori
1822 3154 1887 3192 ac

226 3221 618 3280 commodiori
643 3220 768 3276 loco
794 3237 888 3275 res
905 3221 1243 3276 domesticae
1266 3222 1527 3292 ipsorum
1549 3240 1616 3278 ac
1640 3224 1885 3279 fortuna

227 3315 398 3369 erant
428 3326 497 3365 eo
528 3308 740 3364 fortius
768 3307 1143 3380 alacriusque
1199 3309 1259 3363 in
1311 3309 1512 3365 hostes
1560 3311 1883 3379 irruebant,

230 3400 411 3456 illecti
446 3399 518 3454 ad
551 3398 660 3453 hoc
694 3398 892 3470 ipsum
925 3397 1425 3469 frequentandum
1487 3400 1887 3472 audaciusque

231 3487 587 3545 tentandum
618 3492 798 3559 gustu
826 3488 1032 3559 praedae
1067 3504 1178 3542 non
1208 3487 1387 3543 semel
1420 3490 1722 3544 nocturnis
1752 3489 1892 3545 insi-

236 3578 352 3633 diis
374 3578 614 3642 sbactm,
637 3575 1013 3648 assiduisque
1035 3576 1169 3632 inde
1193 3576 1631 3633 incursionibus
1661 3577 1889 3634 hostem

233 3671 535 3733 vexantes,
559 3666 807 3737 ejusque
830 3665 911 3720 sic
935 3665 1323 3737 intr-ingentes
1339 3664 1894 3737 impetum,vastan-

242 3763 329 3814 tes
365 3755 510 3829 quin
542 3756 717 3811 etiam
750 3771 920 3827 agros
951 3770 1017 3809 ac
1045 3758 1232 3810 terras
1266 3754 1495 3826 lateque
1521 3756 1888 3827 populantes,

237 3860 574 3916 manusque
602 3843 806 3900 obvias
836 3842 1148 3910 caedentes,
1181 3858 1247 3899 ac
1275 3842 1403 3914 ipsa
1434 3843 1710 3899 interiora
1755 3844 1892 3899 Per-

231 3933 381 3989 sidis
399 3931 726 3988 latrociniis
749 3936 806 3986 et
821 3931 1269 3987 excursionibus
1294 3932 1506 3986 infesta
1524 3931 1893 4003 solliciteque

236 4023 580 4087 reddentes,
610 4023 937 4091 eademque
958 4037 1131 4091 opera
1156 4021 1438 4077 Romanis
1461 4023 1502 4076 I
1519 4024 1555 4076 7
1586 4020 1717 4076 laeta
1736 4023 1894 4077 domi

233 4121 290 4168 et
313 4110 598 4183 opulenta
626 4111 747 4165 otia
777 4111 1128 4181 praebentes,
1162 4127 1363 4166 secure
1394 4111 1667 4182 deinceps
1686 4127 1750 4164 ac
1770 4111 1895 4165 sine

234 4202 439 4259 hostili
475 4200 594 4255 ullo
635 4206 799 4255 metu
858 4199 1174 4257 familiaria
1230 4200 1593 4257 curantibus.
1628 4202 1893 4256 Indidem

236 4291 496 4346 ducibus
529 4304 762 4360 quoque
794 4288 1069 4344 Romanis
1090 4288 1334 4356 militiai,
1360 4290 1574 4361 quippe
1596 4306 1743 4360 quos
1767 4291 1892 4361 jam

238 4378 390 4436 nihil
422 4383 583 4433 retro
612 4378 799 4433 vereri
830 4394 896 4433 ac
928 4378 1217 4449 respicere
1267 4394 1490 4450 cogere,
1524 4378 1809 4434 securitas
1839 4384 1897 4434 et

235 4468 491 4525 facultas
521 4468 722 4522 aderat
767 4467 885 4521 vim
945 4466 1057 4522 alio
1114 4469 1396 4534 vertendi,
1432 4467 1726 4539 ultroque,
1762 4484 1894 4522 cum

234 4574 427 4631 operai
460 4556 718 4628 pretium
752 4560 897 4624 erat,
930 4555 1257 4611 lacessendi
1300 4555 1499 4611 hostes
1550 4557 1717 4624 alios,
1751 4573 1895 4627 prae-

236 4644 630 4716 vertendique
660 4643 817 4700 bella
848 4644 1243 4710 imminentia,
1276 4644 1638 4716 consiliaque
1668 4662 1900 4716 suspec-
1928 4631 1974 4695 D

236 4743 439 4792 tarum
475 4734 739 4805 gentium
773 4740 1003 4789 mature
1034 4734 1896 4805 prmoccupandi,saluberrimo

235 4824 447 4881 auxilii
481 4839 714 4895 genere,
750 4838 864 4877 non
896 4828 1237 4893 expectante
1266 4823 1557 4878 malorum
1608 4829 1895 4890 exortum,

236 4920 293 4971 et
326 4927 658 4986 praecavere
688 4912 904 4967 damno
930 4910 1162 4983 publica
1200 4912 1387 4967 satius
1446 4911 1694 4967 habente
1718 4928 1896 4983 quam

238 5003 449 5060 ulcisci
482 5008 587 5058 aut
637 5018 784 5057 saeve
816 5003 1148 5075 grassantia
1206 5001 1513 5074 depellere.
1547 5003 1613 5058 Hi
1674 5003 1896 5058 fructus

235 5099 412 5150 erant
442 5093 808 5148 insessurum
839 5091 1054 5148 validis
1087 5092 1431 5148 istiusmodi
1482 5094 1775 5161 praesidiis
1804 5111 1897 5149 ar-

236 5183 423 5238 cium.
459 5181 599 5245 Quas
626 5196 698 5235 ne
728 5196 991 5253 unquam
1024 5181 1434 5237 desererentur
1480 5183 1897 5238 retrocedenti-

237 5273 355 5329 bus
386 5268 774 5351 praesidiariis
821 5271 894 5327 ob
933 5270 1049 5326 vim
1083 5273 1365 5343 majorem
1429 5272 1765 5343 urgentium
1798 5289 1897 5328 eos

239 5360 547 5417 interdum
581 5358 775 5415 acrius
796 5359 1133 5427 Persarum,
1168 5361 1314 5417 satis
1340 5361 1756 5433 providebatur
1774 5363 1897 5418 col—

239 5449 451 5507 locatis
480 5453 811 5520 opportune
829 5466 944 5505 non
968 5449 1169 5522 procul
1191 5449 1381 5506 abillo
1402 5450 1590 5507 limite
1619 5451 1899 5507 Romanis

242 5539 480 5609 castris,
514 5539 671 5594 unde
702 5538 1053 5594 auxiliorum
1086 5544 1377 5611 quantum
1432 5545 1587 5597 esset
1633 5557 1803 5612 opus,
1837 5541 1897 5596 in

239 5636 507 5702 tempore
534 5628 808 5683 submitti
840 5628 1252 5684 laborantibus
1294 5635 1511 5701 posset.
1547 5630 1652 5685 Hic
1710 5638 1897 5687 status

238 5724 367 5777 tum
401 5719 527 5775 illic
560 5734 757 5774 rerum
808 5717 939 5788 fuit,
972 5717 1450 5791 imperatoribus,
1484 5719 1585 5791 qui
1644 5736 1711 5776 ea
1748 5724 1897 5776 tem-

1962 616 2190 684 σημεῖον
2244 611 2507 688 ἐχόντων,
2556 613 2837 675 κάντεῦθεν
2888 613 2977 667 καὶ
3038 613 3477 688 ἀῤῥᾳθυμότερον
3514 614 3605 685 μὶν

1960 698 2338 775 φυλασσόντων
2378 747 2390 771 ,
2458 700 2897 777 θαρραλεώτερον
2962 700 3008 755 δ’
3064 697 3466 756 εἰσϐαλλόντων
3519 702 3606 756 καὶ

1960 788 2326 864 ἀντισχόντων
2386 796 2526 861 τοῖς,
2587 788 2641 844 εἷ’
2689 811 2763 860 πη
2820 790 3124 865 ἶσχύσειαν,
3158 796 3513 845 κακοποιοῦσι
3544 792 3609 845 τά

1960 876 2221 952 ἡμέτερα.

1964 996 2267 1068 ε’.Α”Ὀπῳς
2325 994 2566 1064 ἀλουσης
2622 994 2790 1049 πάλαι
2840 1001 2938 1062 τῆς
2988 994 3207 1068 πόλεως
3250 999 3376 1068 παρ’
3407 995 3610 1051 Ιταλῶν

2036 1063 2354 1144 ἐξησθένησε
2394 1073 2462 1121 τᾶ
2507 1068 2645 1121 κατὰ
2685 1069 2783 1135 τὴν
2840 1065 3169 1137 Ἀνατολήν·
3217 1063 3478 1144 καὶπερὶ
3517 1072 3613 1122 τοῦ

2035 1137 2309 1208 Χαδηνοῧ.

2036 1238 2115 1308 [Ρ.
2148 1238 2203 1310 8]
2232 1237 2324 1308 ’Ἓξ
2358 1234 2482 1291 ίἇτου
2518 1234 2561 1289 δ’
2593 1239 2628 1305 ἡ
2658 1235 3058 1289 Κωνσταντίνου
3121 1234 3281 1298 πόλις
3311 1237 3614 1309 Ῥωμαίοις

1964 1324 2130 1393 ἐάλω,
2178 1325 2267 1380 καὶ
2317 1325 2380 1392 ἦν
2426 1324 2873 1399 μεταναπρὲιρειν
2927 1324 3131 1400 ἀνάγκη
3182 1328 3250 1389 τῆ
3282 1323 3503 1400 πατρίδι
3552 1325 3617 1387 τὰ

1964 1415 2141 1482 τέιινα,
2201 1414 2287 1468 καὶ
2346 1415 2609 1487 πρότερον
2668 1418 2774 1467 τῶν
2808 1412 2991 1467 ἄλλων
3042 1415 3123 1473 οἷς
3153 1414 3218 1481 ἦν
3264 1415 3327 1467 τὸ
3376 1419 3616 1488 κρατεῖν,

1968 1498 2239 1573 ξυνέϐαινε
2290 1503 2384 1574 μὲν
2442 1500 2589 1566 ἔνθεν
2651 1503 2947 1572 ἐξασθενεῖν
2997 1501 3230 1563 ἐκείνους
3279 1506 3347 1575 τῇ
3396 1500 3617 1557 διαστά-

1968 1612 2045 1646 σει
2077 1595 2185 1646 τῶν
2240 1590 2533 1665 βασιλέων,
2585 1589 2691 1645 ἔδει
2725 1588 2771 1644 δ’
2812 1590 3039 1651 ἐκείνοις
3070 1592 3283 1652 πάντως
3334 1590 3619 1663 προνοίας,

1968 1680 2057 1735 καὶ
2092 1678 2303 1752 μᾶλλον
2332 1680 2411 1756 ἐφ’
2442 1680 2487 1751 ᾧ
2537 1680 2651 1733 καθ’
2684 1678 2904 1739 ἑαυτοὺς
2938 1677 3092 1732 οὐδὲν
3139 1679 3305 1747 ἦττον
3347 1679 3618 1755 θαῤῥοῖεν,

1972 1767 2017 1821 εί
2072 1765 2201 1839 μηδ’
2247 1764 2503 1835 ἄλλοθεν,
2564 1766 2689 1821 ἀλλ’
2745 1764 2835 1820 οὖν
2874 1770 3037 1839 νεῦρα
3067 1766 3318 1838 πολέμου
3348 1768 3437 1820 τὸν
3472 1771 3620 1842 σφῶν

1972 1855 2211 1911 πλοῦτον
2256 1853 2498 1930 ἔχουσιν.
2536 1854 2713 1912 Ἄ).λᾶ
2743 1855 2928 1929 χρόνῳ
2960 1854 3178 1930 ὕστερον
3207 1862 3305 1923 τῆς
3342 1855 3621 1929 βασιλείας

1980 1943 2385 2016 μεταπεσούσης
2434 1941 2677 2012 Χαδηνός
2726 1965 2832 2009 τις,
2884 1944 2928 2014 ᾧ
2962 1941 3027 2012 δή
3079 1943 3166 1997 καὶ
3197 1945 3257 1997 τὸ
3306 1951 3404 2012 τῆς
3461 1944 3624 2017 ἐπαρ-

1977 2032 2101 2107 χίας
2136 2033 2348 2105 ἀξίωμα
2381 2031 2591 2096 ἐσαῦθις
2646 2031 2901 2103 ἐπέθηκεν
2951 2034 2977 2086 ὁ
3027 2037 3262 2107 κρατῶν,
3321 2034 3387 2087 τά
3443 2030 3628 2087 πολλὰ

1976 2123 2101 2194 παρ’
2134 2120 2318 2193 ἐκείνῳ
2350 2118 2645 2193 δυνάμενος
2680 2121 2730 2191 ἐξ
2776 2120 2965 2175 αἶτιῶν
3001 2122 3122 2175 ὅσον
3159 2121 3338 2175 ούκέτι
3389 2122 3626 2191 ῥηθησο-

1982 2210 2154 2283 μένων
2207 2208 2429 2283 (ἐκεῖθεν
2465 2210 2566 2285 γὰρ
2620 2210 2708 2263 καὶ
2759 2212 2786 2263 ὁ
2818 2211 3002 2284 παρὼν
3051 2208 3218 2285 λόγος
3254 2210 3329 2272 εἰς
3359 2212 3629 2265 κατάστα-

1981 2320 2063 2353 σιν
2139 2300 2239 2367 τὴν
2313 2298 2622 2371 πρέπουσαν
2689 2298 3132 2373 ἀναχθήσεται),
3195 2298 3398 2361 ἐκεῖνος
3449 2298 3631 2352 τοίνυν

1984 2387 2260 2463 συμφέρον
2321 2385 2498 2441 δοκεῖν
2571 2387 2770 2450 ἐθέλων
2840 2382 3231 2459 συμϐουλεύειν
3286 2392 3366 2459 τῷ
3422 2387 3640 2463 βασιλεῖ

1982 2476 2393 2550 (Παλαιολόγος
2449 2474 2495 2530 δ’
2554 2476 2710 2537 οὗτος
2769 2476 2836 2544 ἦν
2885 2476 3145 2551 Μιχαὴλ)
3196 2475 3402 2551 βουλὴν
3436 2475 3638 2548 εἰσάγει

1985 2562 2149 2635 τήνδε
2203 2566 2290 2619 καὶ
2351 2564 2474 2620 λίαν
2534 2564 2850 2642 ἐπισφαλῆ,
2911 2566 2986 2628 ὡς
3042 2567 3104 2620 τὸ
3162 2571 3388 2641 πρᾶγμα
3445 2562 3638 2635 ἔδειξεν

1990 2783 2211 2852 pestate
2242 2777 2571 2851 reipublicae
2594 2784 2897 2849 praeerant,
2932 2778 3308 2834 utilissimam
3340 2779 3514 2835 istam
3568 2777 3635 2832 li-

1991 2868 2381 2924 mitaneorum
2415 2868 2669 2923 militum
2695 2867 3058 2923 alacritatem
3088 2868 3147 2921 in
3180 2866 3381 2923 hostes
3440 2867 3639 2922 foven-

1992 2957 2152 3012 tibus
2176 2974 2291 3011 non
2308 2959 2480 3012 modo
2505 2956 2982 3011 immunitatibus
3007 2960 3064 3011 et
3080 2956 3464 3027 pensionibus
3493 2972 3643 3025 quas

1995 3046 2112 3101 dixi
2146 3045 2516 3116 prestandis,
2546 3046 2643 3100 sed
2679 3049 2735 3100 et
2766 3044 3125 3114 quotidianis
3156 3048 3319 3099 extra
3376 3043 3639 3099 ordinem

1995 3135 2408 3206 largitionibus
2440 3149 2675 3204 operam
2720 3133 3099 3204 insigniorem
3150 3138 3205 3188 et
3242 3133 3490 3188 clariora
3517 3149 3643 3203 quae

1998 3224 2073 3278 fex
2088 3229 2291 3278 rentur
2321 3238 2485 3277 arces
2533 3223 2924 3278 obtinentium
2975 3221 3232 3276 facinora
3263 3221 3418 3293 regie
3448 3237 3644 3276 remu-

1998 3312 2279 3367 nerando.
2306 3311 2467 3367 Unde
2490 3312 2709 3381 passim
2734 3311 3228 3383 prmsidiariorum
3250 3312 3497 3366 istorum
3517 3316 3648 3365 tan-

1996 3406 2121 3456 tum
2158 3400 2336 3455 animi
2369 3407 2691 3466 creverant,
2725 3407 2791 3454 ut
2823 3400 3072 3455 minima
3128 3417 3234 3471 par
3265 3400 3411 3472 ipsis
3470 3399 3648 3454 officii

1996 3490 2291 3545 videretur
2315 3490 2464 3544 tueri
2499 3489 2848 3545 commissas
2891 3505 3076 3558 arces,
3110 3489 3264 3560 quod
3323 3488 3648 3543 ludibunda

2000 3596 2065 3634 ac
2096 3578 2258 3635 nullo
2291 3580 2522 3651 negotio
2557 3579 2933 3652 praestabant,
2958 3577 3073 3633 nisi
3107 3577 3499 3633 audacissime
3531 3576 3651 3632 lon-

2001 3668 2359 3739 gissimeque
2391 3669 2768 3723 incursarent
2799 3667 3041 3722 hostiles
3063 3672 3270 3735 terras,
3299 3674 3652 3739 apparatus-

2003 3775 2115 3831 que
2144 3759 2478 3825 Persarum,
2514 3759 2564 3814 si
2598 3758 2975 3828 procederent
3004 3758 3073 3813 ad
3109 3757 3451 3829 perfectum,
3475 3759 3651 3812 rebus

2006 3847 2226 3903 nostris
2250 3845 2612 3918 perniciosos
2638 3845 2893 3913 futuros,
2918 3847 2977 3901 in
2999 3863 3208 3902 exorsu
3237 3846 3507 3918 protinus
3529 3846 3657 3918 ipso

2005 3936 2309 4009 primaque
2343 3935 2646 4002 molitione
2677 3936 3038 4007 disjicerent.

2004 4045 2058 4098 5.
2094 4044 2156 4099 Ut
2214 4045 2431 4110 recepta
2485 4042 2620 4095 olim
2680 4057 2749 4095 ex
2798 4041 2953 4095 Italis
3011 4041 3166 4107 urbe,
3212 4040 3512 4095 debilitatae
3573 4058 3659 4095 res

2297 4115 2606 4171 Orientales
2635 4112 2846 4181 fuerint
2872 4138 2885 4177 ς
2913 4117 2963 4166 et
2992 4112 3056 4167 de
3088 4114 3358 4179 Chadeno,

2077 4204 2159 4257 Ex
2189 4218 2305 4273 quo
2336 4207 2532 4257 autem
2566 4208 2795 4271 recepta
2818 4201 3356 4273 Constantinopolis
3386 4219 3417 4255 a
3448 4203 3654 4256 Roma-

2008 4292 2101 4347 nis
2153 4296 2263 4358 est,
2295 4295 2354 4345 et
2413 4291 2688 4345 reducere
2742 4305 3035 4360 quemque
3070 4288 3221 4344 filios
3280 4290 3338 4343 in
3402 4290 3653 4361 patriam

2007 4380 2283 4453 oportuit,
2319 4377 2617 4450 principes
2667 4376 2939 4442 maxime,
2974 4377 3218 4446 contigit
3274 4378 3546 4448 praesidia
3589 4380 3656 4432 li-

2008 4472 2172 4524 nium
2223 4468 2590 4523 Persicorum
2654 4466 2947 4521 debilitari
3008 4467 3080 4521 ob
3133 4466 3561 4538 imperatorum
3598 4468 3653 4521 in

2008 4559 2213 4613 urbem
2260 4571 2626 4611 reversorum
2663 4555 3051 4621 distantiam;
3084 4570 3153 4609 ex
3202 4572 3314 4625 qua
3371 4556 3548 4611 ﬁebat
3596 4560 3659 4611 ut

2008 4647 2319 4719 pensiones
2349 4646 2417 4700 ad
2453 4644 2605 4699 diem
2641 4645 2807 4715 prius
2842 4644 3002 4698 reddi
3041 4642 3225 4698 solita!
3285 4660 3658 4715 nequaquam

2011 4736 2110 4792 18
2134 4753 2201 4791 ea
2233 4736 2345 4790 fide
2378 4732 2765 4799 solverentur,
2800 4749 2918 4802 qua
2940 4740 3079 4787 tunc
3112 4750 3262 4803 opus
3286 4732 3371 4788 vel
3407 4736 3661 4789 maxime

2008 4828 2199 4881 fuerat
2228 4825 2299 4880 ad
2332 4823 2667 4878 excitandos
2719 4823 3002 4878 militares
3037 4823 3290 4891 animos,
3325 4828 3387 4878 ut
3446 4824 3662 4878 vellent

2008 4922 2184 4986 atque
2215 4914 2501 4969 auderent
2532 4917 2821 4983 quantum
2874 4911 2948 4965 iis
3007 4911 3152 4966 locis
3184 4917 3240 4965 et
3294 4914 3663 4983 temporibus

2009 5004 2254 5076 publicae
2288 5002 2669 5057 necessitates
2722 5001 3063 5072 poscebant.
3101 5002 3317 5057 Tamen
3378 5001 3660 5072 aliquate-

2011 5110 2123 5148 nus
2156 5092 2291 5147 huic
2320 5090 2696 5146 incommodo
2729 5089 3095 5156 medebatur,
3128 5091 3279 5159 quod
3330 5088 3445 5145 illis
3477 5092 3678 5145 abun-A

2009 5182 2229 5237 dabant
2260 5196 2400 5252 opes
2434 5179 2702 5251 propriae,
2738 5195 2864 5249 quis
2925 5176 3061 5233 belli
3107 5195 3313 5234 nervos
3372 5180 3665 5235 submini-

2009 5275 2283 5333 strarent,
2315 5271 2498 5325 donec
2534 5268 2843 5339 posteriori
2901 5272 3186 5339 tempore,
3220 5267 3280 5322 in
3313 5269 3664 5325 deteriorem

2009 5365 2228 5417 statum
2261 5360 2507 5431 imperio
2542 5356 2836 5429 prolapso,
2862 5356 3175 5412 Chadenus
3200 5356 3461 5429 quidam,
3484 5360 3578 5414 cui
3610 5365 3668 5414 et

2010 5450 2368 5523 praefectura:
2402 5447 2748 5519 dignitatem
2779 5445 2991 5501 deinde
3046 5446 3364 5517 imperator
3396 5448 3666 5517 contulit,

2010 5538 2268 5595 multum
2297 5537 2357 5592 in
2390 5536 2526 5591 aula
2558 5534 2785 5607 pollens
2829 5551 2899 5590 ex
2953 5535 3147 5590 causis
3178 5534 3353 5607 paulo
3382 5547 3512 5607 post
3542 5554 3664 5594 me-

2009 5628 2313 5685 morandis
2336 5628 2430 5697 (ab
2457 5627 2637 5697 hujus
2659 5626 2816 5682 enim
2849 5626 3148 5682 mentione
3169 5631 3373 5683 nostra
3396 5628 3454 5683 in
3488 5646 3664 5684 suum

1972 5712 1983 5727 ’
2009 5719 2186 5776 ﬁnem
2215 5717 2461 5775 historia
2488 5716 2761 5789 procedet
2791 5715 3105 5774 consilium
3148 5718 3450 5790 suggessit
3477 5717 3662 5791 impe-
