4258 6438
652 372 753 427 451

1963 369 2264 425 GEORGII
2299 368 2762 424 PACHYKBBB

3963 375 4071 429 452

653 494 896 570 ὕστερον.
958 491 1057 547 Καὶ
1090 491 1302 565 δεχθεὶς
1362 492 1436 555 ὡς
1489 489 1648 561 δῆθεν
1682 491 2064 569 συμφερόντως
2097 489 2386 564 λέγων,-Α
2416 490 2590 564 ἔχειν)
2645 489 2810 566 μόγις
2863 489 3084 545 ὑπεῖκον
3135 496 3554 564 προσοικοῦντες
3608 493 3858 569 ἀντέχειν
3890 541 3903 552 .
3962 500 4073 554 Καὶ

650 583 920 654 πέμπεται
979 579 1314 655 καταπρᾶξαι
1375 580 1407 635 ἂ
1459 582 1663 658 φθάσας
1738 578 2090 652 βεοούλευται
2126 620 2140 634 .

2207 578 2307 632 Καὶ

2417 577 2668 652 ἀντεῖχον
2726 577 2882 644 τέως,
2939 580 3007 634 τὰ
3064 579 3294 634 πλεῖστα
3357 582 3450 652 μὲν
3508 583 3597 636 καὶ
3656 583 3707 653 ἐξ
3739 585 3963 650 ἑαυτῶν,
3997 587 4067 654 ἦν

652 670 717 740 δὴ
779 670 998 733 ἐπιστὰς
1046 670 1262 743 ταχέως
1302 674 1419 732 τοῖς
1472 669 1633 723 τόποι
1674 669 1758 738 (οὐ
1790 670 1893 742 γὰρ
1943 668 2011 736 ἦν
2059 667 2196 738 πρὸς
2241 667 2308 720 τὰ
2414 664 2551 720 δἀὗ
2598 667 2687 720 καὶ
2716 666 2943 722 πολλῶν
2987 668 3415 742 ἐπεισφρούντων
3463 675 3571 724 τῶν
3615 670 3865 727 ἐναντίων
3922 672 4073 742 δῆλα

646 753 1020 827 ἔπεσταλμένα
1075 753 1357 829 βραδύνειν
1433 754 1580 816 ὅλως
1649 754 1808 809 αὐτὸν
1858 754 2306 830 καταρξάμενον),

2410 755 2641 818 τιθέντες
2675 761 2754 827 τῷ
2795 758 3050 832 ἡμετέρῳ
3099 759 3460 832 στρατεύματι
3492 762 3578 814 καί
3617 761 3888 836 ἄπρακτον
3920 763 4072 818 πολ-

649 842 847 914 ἄνδρας
901 842 1316 918 βαθυπλούτους
1367 844 1537 920 εὑρὼν
1571 845 1660 898 καὶ
1708 846 1953 916 κτήμασι
2001 844 2088 897 καὶ
2139 843 2308 918 θρέμ-
2413 844 2571 907 λάκις
2598 847 2701 915 τὴν
2733 845 2947 900 έκιίνων
2979 847 3320 902 έπισύστασιν
3367 850 3748 912 καθιστῶντες.
3786 852 3887 906 Καὶ
3915 850 4070 907 ταῦτ’

650 955 777 1007 μασι
831 935 1144 1007 βρίθοντας,
1187 933 1461 1007 στρατεύει
1511 933 1739 996 τούτους
1786 932 1845 987 ἐκ
1873 937 1981 986 τῶν
2033 930 2301 1008 σφετέρων

645 1021 862 1077 ἐκείνων
916 1023 1004 1076 καὶ
1063 1025 1145 1084 οἷς
1177 1024 1203 1077 ὁ
1263 1023 1491 1077 ἑκάστου
1545 1021 1661 1097 βίος
1711 1021 2157 1097 συνεκεκρότητο,
2211 1029 2301 1082 καὶ

640 1112 715 1172 είς
778 1112 1177 1187 τεσσαράκοντα
1234 1113 1555 1183 νομίσματα
1621 1115 1701 1182 τῶ
1772 1110 1849 1165 ένὶ
1910 1110 2300 1182 συμποσώσας,

639 1202 728 1256 καὶ
759 1200 968 1256 τούτων
995 1202 1055 1254 τὸ
1088 1197 1346 1255 πλεῖστον
1398 1199 1455 1254 ἐκ
1483 1205 1592 1254 τῶν
1641 1199 1827 1267 αὐτοῦ,
1858 1199 1920 1254 τὸ
1962 1200 2156 1254 λοιπὸν
2203 1203 2299 1252 τοῦ

637 1291 884 1351 τεθέντος
913 1288 1131 1361 τέλους,
1189 1289 1287 1344 οὐκ
1318 1288 1506 1364 ὀλίγον
1540 1289 1616 1357 ὃν,
1648 1293 1728 1360 τῷ
1764 1287 2032 1362 βασιλικῷ
2061 1288 2298 1360 ταμιείῳ

641 1379 1043 1452 εἰσκομίζεσθαι
1091 1376 1291 1451 ἔταξεν.
1354 1380 1423 1435 ’Ό
1473 1377 1562 1432 καὶ
1611 1378 1879 1452 πραχθὲν,
1928 1378 2163 1450 πρώτως
2194 1397 2299 1430 πα-

640 1467 842 1519 θόντων
873 1470 982 1519 τῶν
1029 1463 1239 1540 ἀνδρῶν
1271 1463 1304 1519 ἃ
1336 1463 1434 1519 οὐκ
1481 1462 1720 1533 ἤλπισαν
1756 1464 2000 1532 πώποτε,
2035 1459 2297 1517 ἐπέκλασέ

636 1575 694 1608 τε
722 1556 821 1624 τὴν
855 1553 1165 1628 προθυμίαν
1203 1552 1588 1629 βουλομένοις,
1644 1551 1735 1607 καὶ
1783 1551 2164 1630 καθυφείκεσαν
2195 1557 2296 1620 τῆς

637 1641 939 1716 δυνάμεως.

637 1752 680 1814 ς’
753 1753 944 1814 ⁸Ὀπως
1029 1751 1080 1804 οἱ
1179 1748 1379 1826 Πέρσαι
1403 1816 1431 1841 ν
1474 1747 1740 1825 κατέσχον
1841 1749 1906 1804 τὶ
1985 1745 2294 1821 Ῥωμαΐδος

1402 1841 1529 1896 ορη.

711 1911 984 1967 Ἐντεῦθεν
1043 1910 1133 1964 καὶ
1190 1915 1309 1973 τοῖς
1392 1915 1502 1964 τῶν
1578 1914 1795 1985 Περσῶν
1877 1910 2149 1984 μαχίμοις
2200 1908 2290 1962 καὶ

631 2004 716 2062 οἷς
777 1999 829 2054 έν
890 1999 1140 2076 μαχαίρᾳ
1194 2001 1256 2054 τὸ
1315 2003 1428 2073 ζῇν,
1479 2004 1587 2055 τῶν
1646 1997 1834 2054 ἄλλων
1887 1996 2286 2053 ὑποκλιθέντων

629 2096 750 2152 τοῖς
803 2088 1080 2165 Τοχάροις
1148 2090 1267 2163 ἄρτι
1323 2094 1656 2165 κατασχοῦσι
1713 2091 1812 2158 τὴν
1869 2092 1970 2153 τῆς
2027 2084 2291 2162 Περσίδος

633 2181 864 2256 ἀρχὴν,
959 2179 1229 2255 συμφέρον
1323 2177 1494 2234 ἐδόκει
1585 2179 1942 2256 ἀφηνιάζουσι
2021 2175 2290 2255 καταφεύ-

634 2290 744 2345 γειν
801 2268 937 2343 πρὸς
991 2267 1061 2322 τὰ
1115 2272 1222 2322 τῶν
1283 2270 1426 2344 ὁρῶν
1488 2267 1809 2343 ὀχυρώτερα
1867 2266 1956 2320 καὶ
2011 2265 2077 2320 τὰ
2133 2263 2288 2335 πλη-

633 2359 763 2413 σίον
803 2355 1234 2432 κατατρέχοντας
1293 2357 1450 2431 νόμῳ
1505 2358 1722 2433 λῃστῶν
1781 2356 1989 2428 άποζῇν
2049 2357 2147 2428 [Ρ.
2206 2356 2284 2429 9|.

633 2450 705 2505 ’Ὁ
753 2449 840 2503 καὶ
875 2449 1101 2522 γεγονὸς
1127 2448 1451 2518 συνέστησαν
1498 2449 1614 2502 κατ’
1655 2445 1848 2508 αὐτοὺς
1893 2444 2166 2515 πλεῖστοι,
2197 2444 2287 2499 καὶ

636 2538 895 2613 συχνάκις
924 2535 1173 2619 ΐσχυροὶ.
1195 2535 1500 2601 ἐπετίθεντο
1549 2537 1788 2591 ἀσθενέσι
1832 2535 2147 2611 γενομένοις
2171 2538 2289 2597 τοῖς

633 2629 948 2701 ἡμετέροις,
1007 2625 1095 2680 καὶ
1154 2626 1433 2702 περιόντες
1485 2628 1602 2681 κατ’
1646 2624 1829 2700 ὀκίγον
1883 2622 2285 2679 ἀδυνατούντων

636 2715 871 2770 ὑπείκειν
925 2714 1163 2772 έποίουν.
1211 2716 1316 2772 Καὶ
1369 2716 1512 2792 τάχα
1553 2716 1611 2770 ἂν
1665 2715 2036 2791 έσχωροῦντες
2082 2714 2288 2786 ὁσημέ-

632 2825 720 2879 ραι
745 2809 863 2867 τοῖς
909 2804 1170 2868 ἐναντίοις
1215 2811 1321 2860 τῶν
1374 2809 1609 2881 θριγκῶν
1659 2805 2082 2880 παρεχώρησαν,
2111 2802 2156 2857 εί
2208 2803 2284 2875 μή

634 2914 694 2969 γε
719 2893 1035 2970 ταχθείσαις
1085 2893 1271 2971 ῥόγαις
1300 2896 1387 2969 (τὰ
1416 2895 1520 2970 γὰρ
1571 2894 1798 2972 σφέτερα
1847 2893 1945 2948 οὐκ
1974 2893 2122 2967 εἶχον
2156 2912 2284 2946 κατ-

633 3118 810 3173 ratori
843 3117 977 3188 (fuit
1006 3118 1057 3174 is
1091 3117 1337 3174 Michael
1371 3117 1752 3190 Palaeologus)
1784 3112 1966 3173 valde
1994 3116 2283 3188 pernicio-

2408 933 2544 1001 ἧσαν
2584 931 2689 998 ἕως
2713 933 2954 990 ἐδίδοντο
2988 935 3144 1011 ῥόγαι
3191 943 3406 1013 καιροῖς
3447 939 3771 1012 ὡρισμένοις
3813 941 3948 994 κατὰ
3999 943 4067 995 τὸ

2409 1029 2655 1092 σύνηθες.
2690 1022 2844 1091 Πλὴν
2878 1023 3240 1102 φυλάσσεσθπι
3287 1028 3453 1096 μόνον
3499 1027 3565 1095 ἦν
3598 1029 3659 1082 τὸ
3689 1029 3855 1082 κακὸν
3886 1029 4068 1099 ἐπιὸν,

2406 1112 2493 1165 καὶ
2552 1114 2628 1184 μὴ
2688 1119 3036 1189 προσχωρεῖν
3098 1119 3231 1190 σφᾶς
3287 1113 3364 1169 ἔτι
3423 1115 3564 1188 μηδὲ
3620 1125 4066 1192 περιγίγνεσθαι,

2410 1197 2538 1271 μηδ’
2588 1201 2787 1262 αὐτοὺς
2839 1207 3020 1272 ζητεῖν
3080 1208 3282 1258 κακοῦν
3341 1206 3439 1271 τὴν
3495 1204 3710 1259 ἐκείνων
3768 1207 4066 1281 καταστρέ-

2404 1290 2622 1360 ψαντας,
2671 1289 2798 1346 ἀΑλ⁹
2847 1291 3068 1353 ἑαυτοὺς
3101 1298 3383 1367 συντηρεῖν
3434 1292 3520 1347 ἐπὶ
3568 1301 3668 1362 τῆς
3718 1294 3920 1356 οἰκείας
3967 1296 4069 1367 μέ-

2403 1397 2612 1445 νοντας,
2668 1379 2742 1439 ὡς
2802 1381 3170 1454 μαχουμένων
3232 1381 3350 1453 μὲν,
3402 1381 3491 1436 ὅτε
3540 1381 3738 1437 έκεῖνοι
3769 1383 3857 1437 ἐπὶ
3894 1383 4066 1455 μέσυυ

2401 1467 2498 1532 τῆς
2545 1467 2816 1542 ἡμετέρας
2863 1469 2955 1521 τὸν
3013 1467 3264 1542 πόλεμον
3318 1468 3662 1545 έξενέγκαιεν,
3714 1473 3788 1542 μὴ
3841 1491 4066 1546 μαχου-

2404 1553 2580 1624 μένων
2637 1552 2715 1622 δὲ,
2777 1554 2827 1609 εἲ
2882 1557 2958 1628 μή
3013 1556 3206 1610 ἐκεῖνοι
3238 1558 3446 1612 θέλοιεν
3479 1557 3768 1630 πολεμεῖν.
3822 1560 3971 1614 Ἐπεὶ
4003 1557 4067 1613 δὲ

2398 1643 2485 1696 καὶ
2520 1642 2643 1718 περὶ
2674 1643 2868 1706 ταύτας
2900 1645 2954 1699 οἱ
3001 1646 3264 1722 ἄρχοντες
3309 1647 3761 1722 έγλισχρεύοντο,
3807 1649 3899 1702 καὶ
3961 1650 4064 1720 μό-

2399 1727 2488 1793 λις
2515 1731 2604 1786 καὶ
2639 1732 2986 1808 ὑπερήμερον
3027 1735 3114 1790 καὶ
3166 1737 3312 1808 παρὰ
3368 1736 3432 1790 τὸ
3484 1738 3717 1811 ἀρχαῖοε
3780 1742 3930 1810 μεῖον
3991 1740 4063 1805 ἦν

2323 1821 2461 1922 Bs?)
2518 1819 2831 1895 διδόμενον,
2877 1822 2959 1902 ἐφ’
3015 1826 3163 1899 ᾧπερ
3223 1825 3314 1880 καὶ
3373 1828 3426 1880 οἱ
3480 1829 3618 1882 κατὰ
3671 1826 3897 1900 καιροὺς
3946 1831 4059 1881 τῶν

2401 1917 2818 1984 στρατευμάτων
2868 1914 3131 1987 ἡγεμόνες
3187 1914 3406 1988 μερίτας
3440 1914 3499 1970 ἐκ
3544 1913 3880 1988 κλεμμάτων
3931 1916 4065 1969 έαυ-

2396 1999 2524 2062 τοὺς
2553 1999 2792 2075 εἰσῆγον,
2843 2000 3098 2056 άπώλετο
3156 2004 3252 2075 μὲν
3299 2004 3332 2072 ἠ
3384 2001 3602 2073 πληθὺς
3651 2003 3891 2071 ἐκείνων,
3940 2008 4052 2058 τῶν

2402 2088 2496 2160 μὲν
2527 2085 2680 2164 ἔργον
2729 2090 3003 2165 μαχαίρας
3048 2093 3374 2166 γεγονότων,
3423 2097 3530 2146 τῶν
3566 2090 3623 2146 δὶ
3665 2094 3752 2147 καὶ
3783 2111 4060 2167 προσχω-

2399 2177 2676 2252 ρησάντων
2704 2184 2823 2240 τοῖς
2855 2179 3144 2248 ἐναντίοις,
3192 2178 3379 2234 ἄλλων
3414 2179 3471 2235 δὶ
3511 2182 3600 2235 καὶ
3631 2180 3888 2255 ἀλλαχοῦ
3919 2203 4055 2253 που,

2397 2265 2509 2320 ἐπεὶ
2561 2266 2660 2321 οὐκ
2715 2267 2782 2336 ἧν
2842 2267 3013 2322 ἐκεῖσε
3066 2269 3433 2342 προσμένουσι
3482 2271 3685 2346 φευκτά
3732 2271 3799 2325 τὰ
3855 2267 4055 2340 δεινὰ,

2401 2353 2840 2428 μετοικησάντων
2891 2355 2981 2411 καὶ
3031 2357 3105 2419 ὡς
3139 2358 3293 2432 εἶχον
3344 2355 3708 2435 διαγαγόντων
3757 2361 3851 2414 τὸν
3907 2359 4056 2434 βίον,

2396 2445 2529 2500 κατᾶ
2559 2443 2777 2514 πολλὴν
2812 2443 2869 2501 δὲ
2895 2450 2992 2500 τοῦ
3020 2445 3369 2508 κωλύσοντος
3414 2446 3649 2522 ἐρημίαν
3697 2449 3962 2523 κατέσχον
3998 2450 4056 2502 οἱ

2396 2533 2626 2590 ἐναντίοι
2677 2535 2746 2590 τὰ
2803 2535 3161 2610 ὀχυρώματα,
3221 2536 3272 2607 ἐξ
3324 2538 3399 2591 ὧν
3431 2538 3520 2592 καὶ
3551 2536 3905 2612 κατατρέχειν
3942 2539 4058 2592 οἷοί

2393 2626 2440 2678 τ’
2496 2625 2652 2695 ἦσαν,
2713 2625 2900 2687 ὁσάκις
2947 2627 3015 2694 ἦν
3076 2626 3260 2690 αὐτοῖς
3311 2626 3694 2702 βουλομένυις,
3726 2629 3815 2682 καὶ
3871 2633 4061 2688 κακῶς

2395 2717 2570 2768 ποιεῖν
2605 2715 2713 2789 οὐχ
2769 2713 2920 2776 ὅπως
2976 2714 3103 2777 τοὺς
3133 2716 3500 2791 προσχώρους
3552 2719 3736 2789 (τοῦτο
3765 2708 3866 2791 γὰρ
3897 2718 4058 2791 εἶχον

2395 2802 2659 2875 αὐτόθεν),
2690 2800 2836 2858 ἀ).λᾶ
2857 2802 2947 2858 καὶ
2980 2804 3052 2857 ὧν
3082 2803 3136 2866 ές
3161 2805 3368 2880 μακρὰν
3401 2805 3655 2879 ἀπεῖχον.
3689 2807 3821 2867 Τοῖς
3855 2802 3911 2859 δὶ
3941 2809 4060 2858 τῶν

2395 2891 2680 2965 Ῥωμαίων
2732 2891 3126 2966 στρατεύμασιν
3191 2892 3459 2968 άσχολίυν
3514 2899 3782 2970 παρεῖχον
3835 2894 3899 2948 οὐ
3953 2895 4066 2963 τὴν

2394 3115 3156 3186 quotidianisvalentiorum
3182 3115 3686 3173 insultibustracti
3710 3118 4062 3173 desererent

626 3222 762 3260 sum
792 3213 999 3261 eventu
1024 3207 1484 3278 deprehensum,
1519 3224 1653 3262 cum
1683 3209 1808 3278 ipse
1839 3205 1978 3261 utile
2006 3209 2276 3277 putaret;
2309 3223 2352 3288 ρ
2393 3204 2783 3274 hostibusque
2814 3205 3113 3272 dederent,
3138 3206 3261 3260 sola
3285 3205 3584 3276 prohibuit
3614 3207 4053 3278 stipendiorum

624 3311 809 3366 eoque
841 3297 1108 3366 probato,
1138 3302 1445 3352 exsecutor
1475 3298 1602 3367 ipse
1633 3296 1853 3373 missus
1883 3301 1973 3350 est
2002 3294 2104 3364 qui
2143 3310 2278 3348 sua-

627 3390 803 3439 serat.
837 3385 1025 3448 Quare
1058 3386 1109 3441 is
1140 3384 1403 3441 celeriter
1434 3387 1492 3440 in
1549 3384 1682 3440 illas
1731 3382 2042 3439 Orientalis
2072 3382 2280 3437 limitis

622 3472 919 3542 profectus
977 3488 1160 3541 arces,
1193 3489 1324 3527 cum
1391 3474 1670 3544 degentes
1730 3472 1788 3525 in
1838 3471 1909 3526 iis
1967 3471 2280 3542 reperisset

628 3559 956 3630 praedivites
988 3561 1258 3616 homines
1281 3562 1611 3616 latifundiis
1664 3576 1962 3632 agrorum,
1996 3574 2274 3630 gregum-

622 3665 738 3720 que
769 3654 948 3719 atque
979 3657 1379 3706 armentorum
1403 3651 1741 3720 provenitus
1763 3648 2098 3720 opulantos,
2122 3646 2276 3702 mili-

617 3738 730 3794 tari
753 3753 934 3793 censu
970 3738 1172 3794 habito
1205 3740 1468 3810 initaque
1491 3739 1749 3810 pecunias
1780 3738 2069 3809 cujusque
2111 3752 2274 3792 sum-

621 3844 740 3893 ma,
774 3828 1141 3898 stipendium
1175 3828 1431 3899 singulis
1452 3844 1832 3884 nummorum
1881 3825 2275 3898 quadraginta

618 3915 943 3980 constituit,
978 3917 1133 3986 quod
1167 3916 1461 3989 reliquum
1485 3923 1629 3984 erat,
1650 3915 1819 3988 pretii
1848 3931 1966 3970 non
1999 3913 2184 3986 parvi,
2204 3930 2274 3969 ex

621 4003 839 4059 annuis
871 4004 1109 4061 illorum
1142 4010 1435 4061 tractuum
1493 4004 1901 4076 vectigalibus,
1937 4004 2074 4058 ﬁsco
2105 4003 2271 4058 dein-

612 4107 748 4162 ceps
782 4094 1055 4166 pracepit
1086 4096 1271 4152 reddi.
1307 4096 1455 4151 Hinc
1487 4094 1679 4151 evenit
1710 4094 1968 4166 primum
2000 4098 2064 4148 ut
2082 4092 2272 4164 praesi-

616 4181 809 4251 diarii,
846 4199 973 4251 quae
1001 4183 1245 4240 minime
1293 4186 1617 4239 timuerant
1651 4184 1830 4251 passi,
1859 4182 2270 4252 frangerentur

610 4270 809 4326 animo
841 4277 898 4327 et
929 4276 1232 4344 antiquam
1266 4273 1629 4330 alacritatem
1653 4272 1908 4328 bellandi
1935 4271 2266 4342 perderent,

607 4375 880 4431 moxque,
916 4371 977 4416 ut
1009 4362 1095 4428 ﬁt,
1131 4363 1377 4419 minutis
1425 4364 1609 4434 copiis
1665 4361 1852 4417 multo
1909 4361 2266 4416 inﬁrmiores

603 4449 1008 4506 redderentur.

687 4592 742 4648 6.
771 4594 835 4650 Ut
864 4595 1046 4650 Persa:
1074 4597 1398 4663 occuparint
1429 4595 1671 4652 Romani
1709 4592 1905 4648 limitis
1938 4600 2166 4648 montes.

684 4720 945 4775 Posthaec
968 4722 1109 4777 viris
1133 4722 1381 4777 fortibus
1403 4720 1558 4775 inter
1578 4720 1804 4786 Persas,
1825 4718 2042 4789 quibus
2063 4718 2258 4774 omnis

601 4816 829 4872 vivendi
864 4829 1002 4884 spes
1027 4819 1085 4867 et
1114 4811 1370 4866 conditio
1404 4815 1462 4865 in
1497 4810 1677 4865 armis
1728 4814 1873 4872 erat,
1906 4808 2131 4863 caeteris
2162 4808 2256 4863 in-

600 4905 835 4961 clinatis
867 4903 940 4959 ad
974 4901 1290 4964 Tocharos,
1323 4901 1426 4971 qui
1458 4914 1647 4970 nuper
1700 4897 2016 4968 imperium
2048 4896 2254 4952 Persa-

599 5011 730 5052 rum
759 4997 1139 5064 occuparant,
1165 4990 1612 5054 rebellantibus,
1637 4988 1832 5042 visum
1853 4993 2252 5058 opportunum

594 5091 684 5140 est
713 5084 978 5153 refugere
1002 5083 1102 5137 ‘IO
1146 5083 1216 5136 ad
1254 5081 1511 5135 claustra
1536 5077 1898 5148 castellaque
1933 5078 2249 5142 montium,

593 5182 652 5231 et
683 5175 820 5230 inde
849 5173 1041 5228 vicina
1073 5170 1431 5226 incursando
1463 5172 1634 5238 raptu
1669 5184 1736 5221 ac
1782 5166 1997 5238 praedis
2028 5166 2247 5222 victum

593 5279 876 5337 quaerere.
911 5264 968 5317 Id
1003 5261 1314 5317 consilium
1344 5275 1456 5330 quo
1488 5255 1848 5312 exsecutioni
1879 5256 2247 5324 mandarent,

593 5358 996 5410 convenerunt
1029 5349 1291 5422 plurimi,
1315 5347 1617 5419 vilidaque
1644 5345 1976 5416 Iidentidem
2000 5343 2249 5399 conflata

595 5461 773 5499 manu
807 5442 1160 5496 inﬁrmiores
1188 5442 1308 5509 jam
1337 5444 1572 5494 nostros
1604 5441 1744 5490 sunt
1769 5433 1977 5501 adorti,
2012 5442 2066 5488 ct
2099 5451 2246 5505 pau—

599 5534 764 5589 latim
819 5529 1332 5588 circumveniendo
1391 5534 1603 5582 tenues
1662 5525 1874 5596 opibus
1930 5532 1987 5578 et
2034 5523 2245 5594 prioris

589 5627 753 5696 parte
783 5622 938 5678 haud
965 5621 1195 5676 modica
1215 5617 1487 5691 potentiae
1507 5615 1822 5671 destitutos
1855 5611 2021 5669 facile
2042 5628 2244 5685 coege-

589 5720 730 5773 runt
759 5713 871 5772 sibi
905 5711 1128 5770 cedere.
1155 5710 1226 5768 Et
1247 5725 1414 5767 arces
1434 5706 1675 5780 quidem
1707 5704 1870 5778 ipsas
1900 5719 2017 5776 quo
2049 5702 2245 5760 minus

2392 3295 2464 3349 ab
2489 3294 2840 3365 imperatore
2859 3294 3094 3360 solutio,
3119 3303 3360 3350 eatenus
3383 3296 3529 3351 satis
3550 3302 3708 3352 certa
3734 3296 3848 3351 ﬁde
3868 3297 4050 3351 tacta.
4102 3324 4110 3330 ~

2387 3384 2529 3438 Cum
2609 3382 2766 3438 enim
2794 3383 3028 3454 propria
3082 3384 3204 3452 jam
3229 3401 3344 3438 non
3376 3384 3658 3440 haberent
3679 3401 3806 3454 qua
3840 3385 4054 3440 defen-

2386 3472 2612 3538 derent,
2644 3471 2767 3528 solo
2798 3471 2897 3528 illo
2937 3477 3090 3528 recte
3118 3473 3412 3528 numerati
3467 3473 3746 3543 stipendii
3803 3473 4046 3531 vinculo

2386 3565 2688 3633 utcunque
2711 3561 2771 3615 in
2805 3561 2998 3616 ofﬁcio
3021 3562 3498 3628 continebantur,
3531 3566 3776 3618 eatenus
3807 3567 4042 3619 tantum

2383 3654 2448 3703 ut
2479 3653 2682 3722 contra
2713 3657 3186 3721 oppugnantese
3210 3649 3399 3705 vicino
3430 3650 3638 3706 Persas
3698 3667 4041 3722 propugna-

2383 3737 2516 3792 cuia
2545 3715 2906 3808 castellaque
2957 3743 3298 3806 tuerentur;
3331 3755 3399 3794 ac
3427 3737 3480 3793 si
3525 3715 3765 3809 quando
3808 3715 4045 3811 majori

2381 3841 2452 3881 ea
2493 3826 2545 3880 vi
2610 3826 2796 3881 Persis
2854 3831 3134 3882 coeuntes
3191 3827 3586 3894 adorirentur,
3620 3828 3955 3884 necessaria
4009 3845 4048 3885 ο

2380 3921 2720 3971 nostrorum
2760 3915 2970 3971 castris
3000 3915 3220 3972 auxilia
3263 3920 3591 3985 evocarent,
3633 3916 3849 3987 quibus
3881 3933 4047 3989 sape

2377 4007 2438 4061 in
2486 4010 2748 4077 tempore
2795 4007 2981 4076 adjuti
3042 4011 3288 4062 conatus
3334 4007 3591 4063 hostium
3651 4009 4044 4064 reddiderunt

2373 4094 2591 4150 irritos.
2627 4095 2740 4150 Res
2767 4111 2835 4150 eo
2861 4095 2986 4151 loco
3017 4097 3276 4164 fuerunt,
3300 4083 3585 4167 quamdiu
3618 4094 4044 4167 processerunt

2375 4200 2442 4238 ex
2463 4183 2836 4251 imperatoris
2857 4185 2994 4239 ﬁsco
3017 4185 3192 4239 statis
3210 4185 3592 4254 pensionibus
3613 4190 4043 4256 representata

2347 4267 2667 4341 stipendia
2697 4273 2768 4327 de
2810 4289 2990 4329 more.
3021 4273 3162 4329 Toto
3205 4275 3360 4329 enim
3394 4272 3494 4329 illo
3531 4279 3795 4344 tempore
3827 4276 4036 4344 prasi—

2372 4362 2543 4416 diarii
2577 4378 2692 4416 non
2713 4362 2947 4431 quidem
2982 4369 3046 4418 ut
3066 4364 3368 4433 quondam
3398 4363 3572 4434 longe
3596 4363 4040 4418 submovebant

2371 4449 2578 4506 Persas
2609 4455 2666 4505 et
2695 4451 2912 4506 damna
2943 4451 3091 4522 ipsis
3131 4451 3519 4522 reponebant,
3554 4457 3936 4507 excurrentes
3967 4453 4031 4507 in

2370 4544 2556 4595 terras
2587 4547 2883 4602 eorum,et
2914 4539 3153 4595 illorum
3175 4556 3350 4611 agros
3381 4541 3766 4612 regionesque
3795 4547 4036 4596 vastan-

2366 4634 2494 4684 tes:
2529 4635 2745 4695 tamen,
2795 4638 2857 4684 ut
2885 4629 3029 4693 dixi,
3081 4629 3209 4685 loca
3240 4629 3589 4684 obtinebant
3626 4628 3772 4700 ipsis
3803 4632 4037 4687 credita

2369 4718 2697 4790 castrisque
2737 4735 2803 4774 ac
2833 4718 2982 4774 vallo
3014 4718 3202 4774 clausi
3228 4719 3454 4774 fortiter
3485 4718 3805 4774 obstabant
3835 4735 4032 4790 oppu-

2366 4808 2704 4876 gnantibus,
2730 4808 3104 4863 cessantibus
3125 4813 3183 4864 et
3203 4809 3505 4879 negotium
3533 4824 3649 4862 non
3678 4808 4034 4864 lacessenti-

2365 4898 2477 4953 bus
2489 4901 2559 4953 de
2572 4901 2778 4953 caatero
2792 4913 2906 4952 non
2923 4898 3176 4973 molesti.
3193 4900 3265 4953 At
3279 4903 3591 4969 postquam
3609 4897 3846 4968 parcius
3859 4897 4032 4954 dein-

2363 4989 2432 5042 de
2445 5003 2510 5041 ac
2524 4985 2843 5056 malignius
2860 4985 3466 5058 cmperuntstipendia
3482 4985 4033 5059 persolvi,etneque

2363 5077 2433 5131 ad
2469 5075 2620 5130 diem
2657 5092 2847 5146 neque
2878 5076 2980 5132 20
3015 5075 3135 5144 pari
3167 5093 3234 5131 ac
3268 5076 3433 5146 prius
3482 5091 3719 5130 summa
3751 5078 4027 5146 pecunia:

2364 5164 2650 5220 militibus
2683 5165 3124 5231 numerabatur,
3159 5164 3485 5236 quinetiam
3522 5162 3690 5219 missi
3743 5179 3811 5219 eo
3843 5168 4028 5221 certis

2358 5253 2683 5309 intervallis
2712 5255 2894 5310 duces
2914 5254 3276 5310 exercituum
3313 5253 3520 5325 praede
3541 5269 3609 5308 ex
3642 5252 3810 5308 hoste
3841 5261 4026 5324 parte

2357 5342 2642 5398 divisores
2674 5358 2735 5397 se
2780 5343 3238 5410 constituerunt,
3284 5347 3449 5415 parte
3491 5341 3761 5397 videlicet
3805 5343 4025 5415 majori

2357 5431 2469 5486 sibi
2495 5431 2640 5502 ipsis
2656 5439 2920 5504 excepta,
2939 5432 3342 5488 Romanorum
3368 5431 3538 5487 illum
3563 5431 3814 5487 limitem
3841 5439 4022 5488 tuen-

2353 5522 2502 5577 tium
2540 5522 2864 5578 multitudo
2904 5522 3063 5578 varie
3092 5521 3325 5593 dilapsa
3377 5525 3853 5592 consumptaque
3901 5529 4018 5590 est,

2357 5611 2654 5683 plerisque
2672 5611 2862 5680 cassis,
2887 5610 3096 5668 multis
3117 5609 3236 5684 qua
3251 5613 3307 5667 vi
3339 5629 3456 5685 qua
3479 5617 3685 5668 coacta
3712 5609 4020 5668 deditione

2353 5701 2507 5759 hosti
2567 5701 2871 5774 subjectis.
2917 5701 3010 5757 Sic
3070 5702 3309 5759 demum
3367 5717 3532 5758 arces
3577 5700 3641 5758 in
3696 5700 4016 5759 Persarum
