4212 6442
170 379 273 435 453

1251 377 1350 431 DE
1384 372 1755 431 UICHAILB
1790 369 2234 428 Ρωωῦο
2269 375 2401 428 LIB.
2442 378 2485 428 ῐ.

3460 377 3566 432 454

167 506 468 579 τυχοῦσαν,
519 500 656 576 πρὸς
715 499 953 561 ὶκείνους
1006 497 1088 576 ἐφ’
1143 499 1292 572 ᾧπερ
1349 495 1596 570 ἐπισχεῖν
1649 493 1700 556 ές
1733 494 1813 548 ἀεὶ
1844 493 2223 566 Απρονόμιον
2273 495 2414 570 εῖχεν
2473 494 2532 550 tu
2588 496 2824 551 παλαιοῦ
2883 498 2958 558 εἰς
3023 502 3214 573 χεῖρας
3267 497 3414 572 ἄγειν
3473 500 3564 554 τὸν

169 591 418 666 ῥέπουσι,
478 591 569 645 καὶ
624 594 732 644 τῶν
774 587 963 642 ἄλλων
997 586 1288 664 ἀφεμένοις
1319 585 1421 639 οὐκ
1448 583 1642 656 ὀλίγης
1674 602 1816 656 XF“-

171 680 374 749 ζόντων
404 677 743 753 ἐπικουρίας,
786 677 875 730 καὶ
913 675 1129 748 μᾶλλον
1171 679 1278 729 τῶν
1315 674 1452 748 πρὸς
1483 670 1658 738 δύσιν,
1689 669 1721 724 ἃ
1751 669 1816 739 δὴ

165 770 250 823 καὶ
304 766 650 831 κενωθέντων
705 770 812 818 τῶν
862 762 1202 819 ἀνατολικῶν
1253 763 1424 816 ἐκεῖσε
1469 761 1668 830 τάξεων
1715 760 1820 834 πρὸ

165 858 366 918 τέλους
409 857 445 925 ἢ
503 857 673 910 ταῦτα
701 855 946 930 γενέσθαι
983 857 1059 926 μή
1094 856 1176 908 ὅτι
1209 873 1273 928 γε
1300 853 1368 907 τά
1397 852 1505 923 ἑῷα
1552 855 1820 925 προσεξη-

173 947 361 1018 μίουν,
393 944 541 1000 ἀλλὰ
567 946 654 999 καὶ
687 946 804 998 κατ’
848 944 988 997 αὐτὰ
1017 941 1236 1015 ἀπόρως
1275 942 1424 1015 εἶχον
1450 945 1556 994 τῶν
1592 937 1822 992 δυτιγῶν

167 1038 302 1090 ποτὶ
336 1036 435 1107 μὶν
465 1034 546 1112 ἀφ’
589 1037 760 1106 ἡμᾶς,
785 1033 920 1087 ποτὶ
949 1029 996 1086 δ’
1027 1030 1111 1086 ἐπ’
1159 1030 1396 1091 ἐκείνους
1449 1028 1820 1103 τρεπομένων,

167 1127 256 1180 καὶ
287 1128 360 1196 τῇ
403 1129 509 1192 τῆς
538 1124 769 1197 γνώμης
797 1120 1020 1190 ἀστασίᾳ
1047 1114 1243 1192 τριϐὴν
1287 1118 1660 1190 ἐμποιούντων
1705 1121 1822 1176 τοῖς

167 1213 507 1288 ἀμφοτέροις
538 1254 553 1280 ,
609 1212 685 1272 ὡς
741 1210 1025 1282 παρόντων
1089 1209 1183 1281 μὶν
1238 1212 1354 1262 τῶκ
1407 1208 1822 1278 στρατευμάτων

169 1302 350 1376 χωρὶς
409 1298 724 1354 ὁποκλίνειν
783 1298 1043 1372 ἀνάγκης,
1093 1297 1390 1370 ἀνακωχῆς
1434 1293 1490 1348 δὶ
1529 1295 1827 1369 γενομένης

165 1392 251 1446 ἐπὶ
311 1390 549 1461 σμικρὸν
603 1389 739 1462 πρὸς
797 1387 992 1460 θάτερα
1051 1384 1204 1447 αὖθις
1263 1383 1464 1461 ῥᾳδίως
1519 1384 1820 1458 τρέπεσθαι.

1924 579 2120 657 ἔχοντα
2148 587 2310 637 τοῦτο
2372 586 2506 638 ἅπαν
2566 587 2628 640 τὸ
2681 585 2732 655 ἐξ
2792 585 3016 642 Ἰταλῶν
3063 589 3448 661 στρατιωτικὸν
3477 590 3564 642 καὶ

1926 671 2194 743 ὑπήκοον)
2252 671 2495 734 ὕποπτος
2559 674 2652 745 μὶν
2714 675 2788 734 εἷς
2851 673 3127 748 βασιλείαν
3180 675 3258 729 ἀεί
3321 679 3442 730 ποτ’
3499 678 3567 744 ἦν

1923 760 2012 813 καὶ
2067 757 2256 830 δῆλος,
2316 760 2365 830 ἐξ
2424 763 2496 814 ὠν
2553 763 2979 834 ὑποκαθημένων
3034 762 3183 838 εὗχε,
3215 767 3567 836 νεωτερίσων,

1925 847 1970 902 εἰ
2027 853 2216 922 καιροῦ
2249 845 2505 920 λάϐηται,
2559 853 2625 905 τα
2684 854 2848 905 πιστὰ
2907 850 2962 905 δὲ
3020 849 3144 913 δοὺς
3207 858 3286 924 τῷ
3315 859 3409 907 τοῦ
3440 875 3567 930 κρα-

1923 941 2144 997 τοῦντος
2203 941 2364 1011 πατρὶ
2417 939 2705 1015 ἀσφαλέσιν
2768 942 2973 1014 ὅρκοις,
3030 940 3116 994 καὶ
3153 939 3218 1008 δη
3259 943 3345 995 καὶ
3379 943 3571 1018 ἀρχιε-

1929 1030 2169 1096 ρατικαῖς
2267 1024 2600 1096 ἐμπεδωοεὶς
2695 1029 3077 1104 ἀφοριζούσαις

1927 1113 2129 1167 ἐκεῖνον
2189 1114 2384 1188 άραῖς,
2443 1115 2495 1169 εἶ’
2546 1137 2651 1170 που
2707 1117 2796 1171 καὶ
2865 1119 3185 1173 ἀποστατεῖν
3244 1128 3568 1195 προαιροῖτο

1925 1202 2016 1256 καὶ
2093 1201 2332 1256 δυσνοεῖν
2389 1204 2534 1266 ὅλως
2602 1212 2719 1266 τοῖς
2779 1207 3155 1280 βασιλεύουσιν
3194 1253 3204 1264 .
3268 1210 3364 1263 Καὶ
3420 1213 3566 1263 ταῦτ’

1929 1290 2216 1365 ἐπράττετο
2253 1335 2265 1358 ,
2323 1292 2411 1347 ὅτε
2466 1296 2562 1360 τήν
2622 1300 2725 1348 τῶν
2785 1292 3012 1349 δυτικῶν
3072 1295 3568 1370 ἐμπεπιπευμένος

1929 1381 2073 1453 παρὰ
2117 1384 2214 1434 τοῦ
2250 1380 2517 1455 βασιλέως
2548 1382 2725 1456 ἀρχὴν
2763 1383 2934 1437 αἰτίαν
2985 1379 3114 1459 ἔσχε
3159 1391 3256 1440 τοῦ
3305 1391 3574 1456 συνθήκας

3158 1035 3264 1084 τῶν
3362 1051 3567 1086 πιστων

166 1483 212 1536 εἰ
275 1481 444 1552 μόνον
496 1477 630 1532 ἴοιεν
667 1479 780 1550 μεθ’
815 1475 1000 1531 ὅπλων
1037 1475 1122 1530 ἐπ’
1149 1475 1369 1536 αὐτούς.
1403 1475 1562 1531 Οὕτω
1595 1474 1642 1528 δ’
1666 1470 1830 1548 έχόν-
1930 1473 2102 1521 ποιεῖν
2155 1466 2222 1521 δι’
2254 1469 2578 1544 ἀπορρήτων
2634 1473 2772 1545 πρὸς
2797 1473 2888 1525 τὸν
2943 1471 3210 1542 δεσπότην
3255 1479 3364 1528 τῶν
3418 1472 3572 1530 δυτι-

163 1591 273 1624 των
301 1571 416 1624 τῶν
446 1574 548 1636 τῆς
577 1568 852 1634 ἀνατολῆς
901 1567 983 1638 [Ρ.
1021 1567 1106 1637 10]
1157 1565 1247 1618 καὶ
1276 1563 1419 1618 οὕτω
1475 1568 1583 1617 τῶν
1633 1560 1832 1636 δυσχε-

164 1662 273 1732 ρῶν
337 1656 630 1725 ἐπιόντων,
691 1652 744 1716 ές
800 1653 828 1707 ’ὀ
883 1655 1063 1727 τύχης
1118 1651 1338 1725 ὕστερον
1385 1651 1452 1706 τὰ
1480 1653 1621 1705 κεῖθι
1652 1652 1832 1725 πράγ-

1368 1740 1686 1815 προσθέντες
1741 1748 1832 1801 καὶ

167 1766 312 1818 ματα
372 1739 694 1818 προῦϐησαν
750 1742 963 1804 ἐσαῦθις
1022 1742 1248 1816 έροῦμεν
1285 1785 1299 1808 ,

1931 1561 2041 1610 κῶν
2076 1557 2308 1631 Μιχαὴλ
2350 1559 2441 1612 τὸν
2493 1559 2775 1634 1Ἄγγελον,
2833 1561 2913 1638 ἐφ’
2973 1563 3018 1633 ᾧ
3066 1569 3425 1637 κατεγγυῆσαι
3484 1565 3575 1618 τὸν

1935 1642 2202 1714 δεσπότην
2247 1645 2430 1718 ἐκείνῳ
2477 1649 2575 1715 τήν
2631 1646 2762 1702 ἶδίαν
2810 1647 2975 1704 παῖδα
3003 1650 3138 1725 πρὸς
3166 1651 3364 1726 γάμον,
3417 1652 3573 1707 αὐτὸν

1938 1730 1995 1786 δὶ
2050 1730 2382 1807 παραδοῦναι
2437 1737 2536 1803 τήν
2595 1741 2690 1789 τοῦ
2747 1736 3014 1811 βασιλέως
3065 1740 3279 1812 χώραν,
3337 1741 3425 1794 καὶ
3488 1742 3575 1795 ὑπ’

160 1835 257 1898 τὰς
315 1833 524 1895 αἰτίας·
589 1834 726 1893 τέως
786 1829 831 1885 δ’
888 1830 980 1885 οὖν
1015 1826 1442 1892 ἐπαναλαϐόντες
1487 1830 1578 1883 τὸν
1640 1826 1826 1903 λόγον,
1858 1863 1903 1925 Β
1939 1821 2124 1893 ἐκείνῳ
2167 1823 2452 1895 γενόμενον
2503 1826 2863 1899 συμπράττειν
2922 1826 2996 1888 ὠς
3051 1827 3192 1889 εἰκὸς
3248 1830 3346 1897 τὴν
3397 1831 3574 1904 ἀρχὴν

161 1924 261 1990 τήν
327 1922 536 1996 ἀρχὴν,
568 1918 620 1990 ἕξ
652 1920 821 1994 οὗπερ
877 1919 967 1974 καὶ
1010 1919 1077 1974 οὐ
1128 1925 1314 1992 χεῖρον
1347 1919 1629 1993 ἁρχεσθαι,
1665 1937 1823 1989 μετα·

162 2014 472 2082 στήσομεν-

167 2129 226 2197 ζ“.
305 2129 500 2186 Ὅπως
548 2123 661 2198 ⁸ἰπὶ
741 2122 1019 2198 βασιλέως
1092 2127 1226 2198 τοῦ⁸
1262 2121 1518 2198 Ἰωάννου
1589 2120 1680 2198 ἐπὶ
1753 2124 1821 2198 τῇ

236 2178 356 2258 sic?
408 2178 664 2272 βασιλεῖς
735 2178 911 2250 πίστει
1129 2193 1511 2270 ΙΙαλαιολόγος
1587 2178 1820 2267 Μιχαὴλ

234 2265 710 2346 κατησὴαλίζετο.

233 2365 388 2436 Ἤδη
443 2366 539 2437 μὶν
598 2364 1064 2439 αὐτοκρατοῦντος
1125 2363 1260 2434 μετὰ.
1309 2361 1513 2435 πατέρα
1563 2365 1658 2415 τοῦ
1715 2361 1824 2416 Λά-

163 2475 356 2528 σκαρη
406 2451 718 2526 Θεοδώρου,
763 2453 792 2505 6
849 2450 938 2506 ἐπὶ
981 2451 1207 2526 θυγατρὶ
1260 2449 1587 2523 αὐτανεψίου
1618 2448 1821 2503 ἐκείνου

161 2538 421 2616 γαμϐρὸς
476 2541 506 2595 6
563 2538 947 2614 Παλαιολόγος
1005 2537 1236 2612 Μιχαὴλ
1292 2542 1371 2608 τῷ
1425 2541 1521 2591 τοῦ
1582 2535 1822 2612 μεγάλου

160 2626 545 2684 κονοσταύλου
619 2624 931 2702 διαπρέπων
1007 2625 1277 2698 ἀξιώματι
1355 2626 1442 2698 (τὸ
1506 2623 1551 2680 δ’
1609 2625 1821 2696 ἀξίωμα

157 2851 451 2904 venerunt
487 2849 832 2919 potestatem
865 2865 880 2914 ;
913 2860 982 2900 ex
1010 2844 1228 2917 quibus
1255 2847 1631 2915 erumpentes
1683 2860 1818 2916 age-

160 2941 286 2992 rent
321 2936 671 3007 ferrentque
701 2937 1026 2989 Romanum
1058 2932 1304 2988 limitem
1339 2931 1566 3003 quoties
1590 2932 1816 3000 liberet,

161 3025 577 3095 Romanisque
607 3023 957 3079 exercitibus
995 3021 1484 3078 molestissimum
1519 3022 1816 3092 negotium

159 3115 520 3188 probes-ent,
554 3113 690 3182 alia,
735 3111 1058 3184 prasertim
1116 3113 1175 3166 in
1234 3110 1498 3166 occiduis
1530 3111 1816 3182 partibus,

162 3202 558 3276 quantumvis
581 3202 846 3273 urgentia
866 3207 924 3257 et
943 3217 1051 3272 ope
1072 3200 1160 3256 vel
1193 3200 1444 3255 maxime
1467 3199 1810 3272 indigentia,

159 3300 220 3348 ut
276 3293 382 3348 his
442 3290 821 3356 obsisterent,
873 3292 1144 3346 omittere
1199 3289 1435 3345 coactis.
1496 3292 1631 3355 Quin
1688 3293 1813 3344 erat

161 3382 384 3437 misera
411 3387 466 3434 et
489 3379 826 3451 reipublice
885 3379 1173 3434 damnosa
1222 3378 1467 3448 jactatio
1516 3378 1819 3450 copiarum

161 3475 539 3533 nostrarum,
571 3485 728 3523 nunc
751 3486 784 3523 a
803 3467 1018 3534 Persis,
1040 3483 1177 3523 cum
1199 3483 1301 3522 eos
1324 3467 1554 3521 minuto
1578 3482 1822 3522 numero

160 3560 306 3614 citra
330 3573 626 3630 magnum
661 3556 984 3628 periculum
1024 3557 1318 3612 instantes
1366 3561 1688 3625 cernerent,
1752 3556 1821 3610 ad

165 3649 471 3704 Romanos
511 3661 576 3701 se
627 3647 1115 3713 convertentium,
1175 3661 1385 3700 rursus
1442 3661 1574 3699 cum
1637 3645 1824 3700 redire

165 3738 350 3792 iidem
390 3735 672 3791 fortiores
716 3733 1330 3805 formidolosioresque
1388 3734 1824 3801 nuntiarentur,

169 3843 235 3882 co
270 3824 749 3899 respectantium
784 3829 1024 3895 totaque
1077 3823 1133 3876 vi
1193 3824 1651 3887 occurrentium,
1711 3823 1828 3879 ista

177 3916 446 3988 quadam
476 3911 893 3969 incertitudine
949 3912 1328 3968 consiliorum
1390 3928 1455 3967 ac
1515 3912 1830 3968 desultoria

173 4003 599 4061 vicissitudine
629 4002 886 4058 bellandi
920 4017 1192 4073 magnam
1227 4002 1479 4057 securim
1531 4001 1831 4073 inﬂigente

172 4093 562 4149 successibus
604 4107 669 4147 ac
719 4089 1109 4162 tianquilitati
1171 4090 1437 4162 publica.
1489 4095 1608 4145 Hoc
1674 4097 1830 4147 statu

173 4181 544 4238 Orientalem
577 4196 797 4246 rerum,
827 4185 886 4233 et
920 4179 981 4233 in
1041 4179 1198 4233 hunc
1231 4180 1469 4234 modum
1508 4180 1831 4250 ingruenti-

171 4273 283 4327 bus
317 4269 610 4332 adversis,
642 4285 758 4341 quo
790 4268 1026 4324 tandem
1063 4283 1152 4323 res
1185 4273 1417 4324 nostras
1464 4268 1701 4323 fortuna
1733 4270 1831 4323 de-

169 4359 446 4425 truserit,
479 4358 757 4430 deinceps
817 4357 1152 4413 narrabitur
1216 4357 1494 4429 expositis
1517 4361 1829 4413 eventuum

171 4451 399 4505 causis.
437 4449 714 4520 Adeoque
735 4447 874 4504 hinc
928 4452 1168 4519 sumpto
1225 4446 1464 4502 exordio
1523 4446 1831 4502 historiam

174 4538 652 4612 suspicabimur.
719 4560 722 4567 ι

1929 1916 2008 1983 τῷ
2083 1909 2315 1987 δεσπότῃ
2397 1915 2482 1967 καὶ
2537 1919 2821 1988 πενθερῷ.
2893 1916 3324 1991 Προσαγγελθεὶς
3385 1916 3432 1972 δ’
3489 1919 3576 1972 ἐπὶ

1929 2001 2108 2072 τούτῳ
2160 2001 2295 2076 πρὸς
2346 2001 2570 2074 βασιλέα
2617 2005 2750 2076 πρὸς
2801 2006 3036 2075 οἰκέτην,
3086 2008 3131 2078 ᾧ
3163 2004 3219 2061 δὲ
3263 2008 3350 2061 καὶ
3385 2009 3452 2062 τα
3476 2015 3576 2076 τῆς

1937 2087 2181 2164 βουλῆς,
2240 2091 2314 2151 ὡς
2372 2089 2574 2153 ἐκεῖνος
2633 2099 2954 2167 κατηγορῶν
3011 2090 3204 2169 ἔλεγε,
3260 2099 3575 2169 προσανετί-

1933 2191 2053 2241 θετο
2088 2221 2101 2246 ,
2160 2179 2469 2252 άνήρπαστό
2518 2200 2577 2235 τε
2631 2184 2729 2248 τὴν
2789 2183 3055 2256 ταχίστην
3093 2184 3424 2259 παραλυθεὶς
3477 2193 3577 2254 τῆς

1933 2267 2133 2342 ἀρχῆς,
2189 2269 2278 2322 καὶ
2320 2273 2388 2341 τῇ
2438 2269 2656 2345 φυλακῇ
2714 2269 3068 2346 σιδηρόδετος
3117 2273 3446 2349 έρῥιπτεῖτο.
3483 2277 3575 2345 Μή

1933 2354 2108 2425 δήλου
2167 2354 2223 2410 δὲ
2279 2358 2522 2431 γενέσθαι
2582 2356 2883 2431 δυναμένου
2938 2366 3033 2415 τοῦ
3090 2366 3574 2439 κατηγορήματος,

1932 2443 2138 2514 ἄδηλον
2189 2446 2247 2499 ’ὁν
2304 2444 2397 2500 εἴτ’
2432 2447 2689 2515 ἀληΘε·3οι
2724 2449 2751 2501 6
2783 2448 3237 2525 προσαγγέλλων,
3272 2454 3346 2515 ὡς
3375 2453 3576 2516 ἐκεῖνος

1933 2533 2244 2608 ἰσχυρίζετο
2279 2581 2294 2604 ,
2357 2532 2462 2589 εἷ’τε
2521 2537 2919 2613 συκοφαντοίη,
2979 2540 3054 2600 ὡς
3111 2541 3139 2593 6
3198 2539 3577 2618 Παλαιολόγος

1931 2623 2297 2698 ἀντεπιφέρων
2354 2622 2574 2697 ἕτοιμος
2628 2626 2692 2694 ἧν
2755 2627 2886 2702 ὑπὲρ
2917 2626 3177 2698 ἀληθείας
3237 2638 3576 2706 μονομαχεῖν

1927 2860 2060 2898 cum
2086 2860 2187 2915 spe
2215 2843 2412 2914 aliqua
2444 2846 2728 2898 tentandae
2761 2850 3090 2914 opportuna
3145 2847 3374 2902 occasio
3423 2865 3572 2919 prae-

1927 2932 2107 2988 beret.
2135 2932 2332 2987 Fidem
2368 2932 2463 2987 ille
2514 2937 2709 2988 tamen
2769 2935 2993 3004 parenti
3033 2934 3408 3005 imperatoris
3465 2936 3561 2990 lir-

1929 3022 2196 3076 missimo
2220 3022 2610 3091 jurejurando
2639 3022 2988 3077 astrinxerat
3021 3041 3033 3078 :
3067 3029 3125 3078 et
3145 3040 3206 3079 se
3228 3024 3403 3095 ultro,
3427 3027 3574 3080 sub-

1920 3109 2132 3180 jiciens
2155 3110 2576 3180 pontificalium
2601 3110 3042 3167 anathematum
3067 3112 3209 3167 diris
3239 3130 3415 3185 quam
3449 3131 3578 3169 ma-

1927 3199 2082 3252 xime
2106 3197 2434 3264 horrendis,
2466 3199 2515 3252 si
2541 3216 2799 3270 unquam
2825 3206 2925 3254 aut
2945 3200 3189 3256 deficere
3217 3208 3318 3256 aut
3339 3204 3579 3257 omnino

1927 3286 2214 3341 dissidere
2246 3288 2318 3340 ab
2351 3287 2806 3356 impecatoribus
2849 3290 2906 3343 in
2950 3290 3215 3345 animum
3276 3291 3582 3347 induceret

1929 3375 2290 3446 persuasisse
2314 3376 2622 3430 videbatur
2646 3393 2706 3431 se
2725 3383 3090 3433 constantem
3123 3380 3178 3432 in
3203 3380 3395 3436 ofﬁcio
3420 3382 3578 3436 futu-

1931 3481 2060 3519 rum
2094 3483 2108 3531 ;
2142 3480 2275 3519 cum
2307 3464 2640 3521 Occidentis
2678 3466 3085 3536 procuratione
3116 3468 3227 3523 sibi
3261 3470 3334 3523 ab
3393 3469 3577 3542 impe-

1929 3559 2117 3610 ratore
2147 3555 2384 3618 credita,
2441 3553 2722 3611 initarum
2774 3555 3001 3613 occulte
3053 3560 3386 3629 pastionum
3442 3577 3576 3618 cum

1931 3643 2260 3698 Occidentis
2292 3645 2537 3714 despota
2586 3644 2860 3700 Michaele
2925 3647 3146 3718 Angelo
3204 3648 3582 3706 insimulatus

1932 3737 2040 3788 est.
2073 3732 2362 3786 Nimirum
2405 3732 2556 3786 inter
2606 3749 2705 3788 eos
2742 3737 3089 3790 convenisse
3139 3737 3455 3806 ferebatur,
3519 3746 3584 3795 ut

1932 3823 2174 3892 despota
2191 3821 2370 3876 filiam
2394 3822 2783 3892 desponderet
2806 3823 3146 3895 Palzeologo,
3170 3825 3267 3882 ille
3296 3827 3554 3884 vicissim
3571 3872 3584 3898 ,

1938 3928 2041 3984 pro
2075 3928 2142 3966 ea
2163 3927 2280 3981 qua
2305 3909 2549 3983 polleret
2570 3913 2721 3983 apud
2747 3913 3087 3984 imperatori
3117 3917 3414 3986 subjectus
3440 3933 3583 3990 gen-

1939 4007 2024 4056 tes
2056 4005 2112 4056 et
2143 4001 2296 4072 apud
2319 4000 2637 4055 exercitum
2690 4002 3056 4070 auctoritate,
3089 4005 3314 4060 ambitu
3346 4011 3404 4062 et
3467 4009 3593 4063 suf-

1937 4090 2266 4161 fragatione
2296 4106 2402 4144 suo
2430 4089 2581 4144 viam
2612 4091 2678 4143 ad
2717 4091 3026 4162 imperium
3065 4110 3266 4149 socero
3308 4096 3587 4152 muniret.

1939 4179 2053 4234 Hac
2078 4179 2147 4233 de
2174 4195 2232 4233 re
2266 4179 2415 4249 apud
2451 4179 2863 4250 imperatorem
2900 4196 3002 4252 per
3028 4181 3370 4238 familiarem
3432 4185 3591 4242 dela-

1941 4274 2032 4322 tus
2057 4269 2251 4338 (quem
2285 4266 2469 4321 totius
2497 4267 2750 4334 consilii,
2778 4273 2840 4322 ut
2871 4271 2995 4340 ipse
3021 4273 3352 4329 accusando
3374 4274 3592 4341 aiebat,

1942 4356 2282 4426 participem
2308 4355 2541 4421 fecerat)
2574 4360 2836 4410 actutum
2897 4359 3358 4429 comprehensus
3389 4367 3442 4417 et
3499 4379 3590 4418 re-

1940 4445 2146 4498 dactus
2179 4445 2236 4498 in
2269 4445 2534 4499 ordinem
2587 4445 2932 4515 catenisque
2988 4449 3315 4504 contrictus
3372 4452 3587 4507 carceri

1940 4535 2215 4589 traditur.
2253 4539 2331 4588 Ac
2377 4551 2711 4604 quanquam
2773 4534 2934 4590 nullo
2989 4537 3132 4592 satis
3182 4539 3431 4594 evidenti
3483 4557 3590 4595 ex-

240 4610 301 4699 7:
335 4645 406 4704 σε
441 4645 758 4716 meum“
785 4643 1014 4712 Joanne,
1037 4642 1329 4716 ηίσὴαειί,
1353 4641 1675 4716 ραιεοιορί
1703 4643 1833 4712 ﬁdes
1863 4610 1909 4673 D
1942 4628 2134 4677 stante
2153 4623 2296 4716 tanti
2323 4623 2592 4677 criminis
2618 4622 2851 4690 indicis,
2875 4625 3084 4679 merito
3106 4627 3474 4684 dubitaretur
3491 4631 3591 4686 22

518 4714 654 4785 ergo
672 4717 1028 4787 imperatores
1053 4715 1274 4786 ﬁrmata
1300 4714 1494 4785 fuerit.

244 4807 344 4864 ἰ
374 4807 719 4877 Imperante
736 4806 860 4876 jam
875 4804 1174 4860 Theodoro
1205 4803 1428 4861 Lascari
1454 4808 1583 4874 post
1607 4808 1825 4874 patrem

174 4898 274 4967 qui
299 4896 498 4951 filiam
530 4894 760 4966 nepotis
803 4894 932 4963 ejus
973 4910 1041 4949 ex
1075 4894 1250 4949 fratre
1307 4893 1683 4948 matrimonio
1715 4893 1826 4949 sibi

170 4982 748 5053 jnnxerat,llicbael
808 4981 1191 5055 Palcologus,
1247 4981 1447 5054 magni
1504 4981 1827 5037 connetauli

177 5075 472 5149 dignitate
501 5073 882 5146 conspicuus,
913 5075 972 5128 et
1017 5073 1194 5129 istius
1231 5072 1605 5145 magistratus
1650 5073 1828 5128 veteri

170 5165 302 5234 jure
327 5181 400 5220 ac
430 5161 736 5236 privilegio
759 5162 995 5219 Italicas
1024 5177 1229 5219 omnes
1251 5161 1449 5234 copias
1469 5161 1526 5216 in
1548 5166 1828 5233 potestate

176 5254 429 5320 habens,
465 5267 705 5322 semper
729 5251 1022 5308 obnoxius
1081 5251 1518 5322 suspicionibus
1578 5251 1827 5307 affectati

178 5345 362 5416 regni,
395 5347 536 5398 vota
564 5342 692 5412 ejus
723 5343 956 5415 generis
989 5347 1180 5398 mente
1227 5340 1374 5396 clam
1420 5341 1630 5396 intima
1686 5342 1828 5396 sub-

179 5432 432 5490 sidentia
473 5432 698 5488 frustra
727 5432 860 5504 ipso
907 5429 1154 5502 celante,
1202 5447 1336 5486 cum
1397 5431 1549 5486 ultro
1599 5431 1831 5485 indiciis

178 5526 576 5596 erumperent,
631 5521 1007 5584 manifestum
1042 5525 1454 5593 argumentum
1508 5520 1827 5592 praebuisse

179 5613 336 5670 visus
368 5617 463 5670 est
491 5610 840 5668 ambitionis
871 5609 1152 5667 inhiantia
1213 5609 1592 5676 novitatibus,
1647 5613 1704 5665 et
1751 5610 1823 5665 ad

181 5703 402 5776 aliquid
456 5701 802 5758 audendum
863 5706 1252 5772 proruptura,
1319 5700 1370 5754 si
1431 5715 1492 5754 se
1552 5697 1670 5754 ulla
1746 5699 1826 5755 rei

1948 4727 2156 4766 verane
2203 4711 2431 4766 delator
2463 4712 2657 4779 ferret,
2683 4717 2745 4766 ut
2776 4713 2901 4782 ipse
2931 4715 3342 4782 contendebat,
3397 4736 3468 4773 an
3502 4736 3595 4774 ca-

1939 4801 2286 4870 lumniatur,
2351 4801 2432 4854 uti
2496 4807 2697 4854 contra
2756 4804 3140 4872 pertendebat
3202 4806 3588 4878 Palaaologus,

1937 4896 2205 4962 paratum
2237 4907 2300 4945 se
2329 4888 2612 4944 exhibens
2644 4892 2708 4944 ad
2745 4907 2914 4946 suam
2949 4892 3346 4949 innocentiam
3381 4897 3585 4967 singu-

1938 4981 2078 5035 laris
2109 4980 2446 5034 certaminis
2479 4979 2877 5050 experimento
2908 4983 3430 5053 comprobandam,
3463 5002 3591 5057 qua:

1938 5068 2249 5124 dubiarum
2266 5068 2708 5122 accusationum
2732 5070 3168 5140 purgandarum
3186 5073 3334 5127 ratio
3349 5074 3594 5146 antiquo
3650 5083 3652 5085 ’

1936 5159 2346 5230 imperatorem
2381 5158 2759 5228 comprobato
2794 5174 2906 5213 usu
2939 5159 3206 5225 invaluit,
3237 5167 3431 5218 tamen
3485 5181 3590 5220 nec

1937 5249 2022 5302 sic
2051 5245 2290 5302 amoleri
2324 5246 2726 5318 suspicionem
2761 5253 2863 5302 aut
2895 5247 3063 5320 plene
3096 5250 3319 5306 diluere
3343 5253 3596 5324 cogitate

1937 5337 2280 5394 defectionis
2310 5337 2531 5393 crimen
2564 5338 2785 5406 valens,
2820 5338 2999 5411 longo
3045 5344 3308 5412 tempore
3362 5343 3594 5399 vinctus

1938 5429 2326 5486 detinebatur.
2353 5429 2614 5500 Cumque
2639 5429 2739 5485 diu
2774 5430 2975 5486 nullus
2997 5436 3152 5487 esset
3182 5433 3282 5504 qui
3318 5450 3422 5505 pro
3472 5440 3590 5490 tam

1937 5523 2208 5590 suspecto
2256 5535 2353 5574 reo
2386 5521 2798 5590 imperatorem
2842 5519 3066 5592 alloqui
3117 5523 3375 5593 auderet,
3417 5525 3594 5580 exsti-

1937 5611 2005 5665 tit
2031 5609 2263 5666 tandem
2294 5613 2436 5664 tunc
2473 5609 2905 5681 patriarchatus
2967 5610 3188 5668 honore
3241 5613 3594 5685 praefulgens

1942 5698 2200 5766 Manuel,
2231 5700 2334 5772 qui
2362 5715 2494 5755 cum
2515 5700 2639 5770 jam
2675 5699 2874 5774 plures
2906 5715 3139 5757 menses
3172 5702 3232 5758 in
3262 5703 3442 5776 Lydia
3476 5720 3594 5759 una
