4212 6442
596 387 704 445 465

597 599 732 656 λιῶν
792 599 1023 672 ἀρχαῖον
1081 592 1200 658 ἔθος
1258 599 1377 658 τοῖς
1420 593 1758 670 βασιλεῦσιν,
1792 594 1944 666 ὅμως
1974 593 2072 660 τήν
2113 594 2247 648 ὑπο-

597 687 722 761 ψίαν
780 687 882 741 οὐκ
913 685 1028 759 εῖχε
1058 681 1439 747 διολισθαίνειν
1468 681 1556 736 καὶ
1604 683 1664 736 τὸ
1721 687 1819 750 τῆς
1869 679 2118 743 ἀπιστίας
2161 677 2246 755 ἔγ-

597 775 791 848 κλημα
847 773 924 837 είς
971 770 1132 835 τέλος
1210 769 1609 845 διαδιδράσκειν
1645 817 1660 841 ,
1723 766 1852 824 ἀλλ’
1925 767 2008 846 ἐφ’
2063 770 2243 824 ἱκανὸν

599 865 798 940 χρόνον
856 867 926 936 τῇ
985 860 1203 939 φυλακῇ
1261 861 1547 933 κατείχετο
1579 858 1819 931 δέσμιος,
1849 859 1937 913 καὶ
1971 861 2005 928 ἡ
2041 857 2248 932 ὑποψία

591 959 822 1028 προσῆν.
885 952 972 1013 Ὠς
1025 949 1069 1003 δ’
1128 948 1227 1003 οὐκ
1280 952 1344 1017 ἦν
1411 949 1543 1023 ὑπὲρ
1593 947 1796 1002 ἐκείνου
1829 944 1998 1002 ἄλλον
2030 946 2241 1020 τολμᾷν

593 1043 684 1096 καὶ
714 1035 1026 1115 πρεσϐεύειν
1083 1041 1163 1109 [Ρ.
1199 1040 1281 1110 11]
1325 1041 1404 1108 τῷ
1456 1034 1694 1112 βασιλεῖ,
1753 1038 1780 1090 6
1837 1033 2094 1106 τηνικάδε
2140 1056 2244 1090 πα-

589 1129 931 1206 τριαρχεύων
990 1125 1255 1195 Μανουὴλ
1303 1125 1387 1179 ἐπὶ
1446 1125 1580 1198 μησὶ
1623 1123 1900 1186 πλείστοις
1945 1121 2241 1197 συνδιάγων

589 1218 724 1273 κατᾶ
776 1214 975 1272 Λυδίαν
1033 1220 1113 1287 τῷ
1170 1211 1403 1290 βασιλεῖ,
1468 1212 1581 1267 ἐπεὶ
1638 1211 1775 1288 πρὸς
1823 1207 2003 1284 ἕδοξον
2049 1213 2112 1283 ἦν
2153 1212 2242 1266 καὶ

589 1306 758 1373 δῆλος
814 1306 880 1374 ἦν
939 1306 967 1360 6
1024 1306 1236 1379 κρατῶν
1295 1300 1432 1377 πρὸς
1489 1303 1652 1376 χάριν
1710 1302 1887 1356 τελεῖν
1917 1305 2081 1373 τιτῷ
2108 1302 2245 1376 ἰερεῖ

589 1396 1091 1471 προθυμούμενος,
1164 1391 1335 1447 αὐτίκ’
1413 1391 1617 1452 ἐκεῖνος
1695 1391 1846 1466 ἀφεὶς
1906 1388 2086 1446 τᾶλλα
2140 1392 2239 1460 τὴν

589 1486 721 1560 ὑπὲρ
779 1488 876 1539 τοῦ
928 1480 1284 1558 σιδηροδέτου
1343 1475 1632 1556 πρεσϐείαν
1693 1479 1928 1554 εἰσῆγε,
2001 1478 2091 1533 καὶ
2169 1481 2244 1544 ὡς

589 1571 1092 1650 συκοφαντούμενον
1176 1570 1380 1626 ἱκέτευε
1464 1568 1873 1642 κατοικτείρειν.
1968 1590 1994 1622 ε
2068 1567 2134 1623 Ei‘
2195 1565 2241 1621 δ’

587 1665 700 1733 οὖν,
733 1661 880 1718 ἀλλά
934 1663 1008 1735 μὴ
1042 1662 1188 1736 παρά
1219 1660 1302 1714 σοὶ
1359 1663 1632 1734 καθαρῶς,
1692 1655 1818 1734 ἔφη,
1864 1659 1960 1726 τῆς
2012 1657 2243 1730 ὑποψίας

584 1756 820 1832 ἀφεῖται,
880 1754 925 1807 ὧ
987 1749 1235 1829 βασιλεῦ,
1294 1749 1422 1806 ἀλλ’
1473 1750 1678 1810 ἐκεῖνος
1734 1749 1796 1803 τὸ
1854 1749 2044 1803 πιστὸν
2079 1745 2239 1802 δώσει

583 1846 719 1918 πρὸς
772 1842 1018 1914 τούπιὸν,
1077 1843 1172 1904 τὰς
1200 1847 1301 1910 τῆς
1351 1838 1684 1910 Ἐκκλησίας
1742 1837 2036 1916 ἐφ’ὲαυτὸν
2068 1836 2240 1892 ἐπιτι-

587 1937 778 2008 μήσεις
823 1929 1254 2005 καταδεξάμενος
1285 1974 1301 2000 ,
1360 1932 1446 1992 αἷς
1501 1929 1592 1984 καὶ
1653 1926 1802 2002 μάλα
1856 1925 2239 2000 κατεμπεδού-

586 2044 746 2098 μενος
803 2022 891 2077 καὶ
951 2022 1080 2076 αὐτὸ
1141 2017 1207 2089 δὴ
1264 2021 1327 2076 τὸ
1384 2017 1780 2094 ἀκατέργαστον
1834 2021 1930 2071 τοῦ
1959 2017 2082 2079 νοὸς
2115 2016 2238 2090 περὶ

580 2109 910 2173 ἀποστασίας
944 2109 1203 2182 ἐνθύμιον
1261 2108 1321 2164 οὐ
1375 2110 1732 2182 προσήσεται,
1794 2104 1938 2161 ἀλλά
1994 2127 2055 2180 γε
2103 2111 2234 2181 Χρι-

580 2202 790 2263 στιανὸς
823 2197 898 2254 ὢν
926 2201 1026 2270 τήν
1057 2203 1154 2254 τοῦ
1195 2202 1329 2253 Θεοῦ
1360 2195 1515 2268 δίκην
1551 2197 1866 2274 φυλάξεται,
1896 2195 1984 2249 καὶ
2017 2192 2233 2257 ἀδόλως

577 2290 803 2363 ἐμμενεῖ
828 2294 946 2351 τοῖς
995 2291 1179 2364 ὅρκοις
1212 2288 1287 2350 εἷς
1338 2289 1438 2358 τήν
1497 2287 1634 2361 πρὸς
1692 2286 1750 2340 σε
1806 2284 1985 2340 πίστιν
2031 2285 2119 2338 καὶ
2169 2284 2233 2339 τὸ

576 2381 730 2454 γένος
756 2379 819 2434 τὸ
870 2378 984 2435 σόν.
1046 2402 1075 2430 ››
1133 2377 1321 2440 Οὓτως
1354 2375 1574 2431 εἰπόντα
1619 2372 1860 2430 δυσωπεῖ
1899 2375 1999 2444 τὴν
2049 2372 2231 2444 δέησιν

576 2469 603 2523 6
663 2473 899 2542 κρατῶν,
954 2467 1044 2523 καὶ
1105 2467 1337 2522 ἐπινεύει
1395 2467 1532 2539 πρὸς
1587 2465 1684 2534 τήν
1754 2467 1850 2519 τοῦ
1907 2463 2231 2537 κατακρίτου

575 2559 936 2631 συμπάθειαν,
1013 2556 1211 2631 εὐμενῆ
1298 2555 1541 2616 συνόλως
1632 2552 1820 2626 ἐκείνῳ
1903 2553 2003 2622 τήν
2092 2549 2232 2607 ἰδίαν

576 2649 824 2723 γενέσθαι
891 2648 1076 2722 ψυχὴν
1122 2632 1686 2722 δκατεγγυησάμενος,
1764 2643 1815 2698 εἷ’
1868 2643 2115 2704 κάκεῖνος
2165 2642 2232 2698 τά

573 2741 674 2803 τῆς
751 2733 1018 2792 εἷσέπειτα
1081 2735 1216 2809 πρὸς
1298 2733 1456 2789 αὐτὸν
1537 2733 1769 2801 εὐνοίας,
1829 2736 1902 2794 ὡς
1980 2734 2007 2786 6
2057 2732 2233 2808 ἱερεὺς

581 2826 848 2902 ὑπέσχετο
886 2870 899 2893 ,
979 2824 1143 2880 πιστά
1197 2826 1551 2895 καταστήσειε
1585 2867 1599 2879 .
1657 2824 1760 2879 Καὶ
1823 2819 1889 2892 δὴ
1946 2824 2068 2897 περί
2124 2842 2230 2876 που

575 2916 675 2984 τήν
738 2915 1045 2991 Ἀχυράους
1078 2915 1106 2969 6
1138 2913 1313 2990 ἱερεὺς
1360 2913 1620 2990 γεγονὼς,
1671 2911 1882 2985 σύναμα
1929 2911 2019 2966 καὶ
2067 2908 2231 2965 πλεί-

575 3059 710 3098 cum
743 3042 1094 3114 imperatore
1125 3042 1337 3098 fuisset
1357 3049 1531 3113 atque
1562 3041 1618 3096 in
1645 3039 1944 3111 procinctu
1969 3043 2125 3095 esset
2143 3039 2216 3094 ad

569 3132 848 3197 reditum,
882 3134 1307 3202 appareretque
1338 3130 1750 3201 imperatorem
1775 3128 1858 3196 ita
1887 3128 1946 3183 in
1974 3144 2108 3183 eum
2132 3127 2222 3182 af-

1898 379 2202 440 GEOBGII
2238 381 2704 441 PACHYKERB

595 511 733 566 κατά
786 531 840 566 τι
892 513 1165 584 κρατῆσαν
1220 507 1310 562 ἰπὶ
1368 510 1485 569 τοῖς
1539 504 1770 577 ἀδήλοις
1798 506 1906 559 τῶν
1937 525 2246 581 προσαγγε-
2273 507 2328 575 Α
2359 524 2507 568 στοις
2573 507 2909 586 ἀρχιερεῦσι,

3897 393 4002 450 456

2995 508 3211 567 στέλλει
3295 513 3432 585 πρὸς
3506 512 3599 568 τὸν
3683 519 4003 589 κρατοῦντα,

2353 591 2529 656 οὕτως
2603 594 2810 652 ἐκείνου
2877 600 3012 670 πρὸς
3083 598 3175 654 τὸν
3234 599 3542 675 ἀρχιθύτην
3613 602 4000 676 συνταξαμένου

2351 683 2440 736 καὶ
2499 681 2642 738 οὕτω
2695 682 2954 756 τάξαντος
2986 731 3000 757 ,
3049 688 3172 742 τινὰ
3226 689 3336 743 τῶν
3404 690 3574 744 αὐτοῦ
3631 690 3856 746 οἰκετῶν
3913 694 4003 746 καὶ

2351 771 2617 847 ἱερωσύνῃ
2646 774 3051 848 κοσμούμενον,
3105 777 3164 831 ’ὀν
3196 778 3224 831 6
3255 782 3468 852 κρατῶν
3502 776 3790 851 δεξάμενος
3825 780 4004 850 ἀνίησι

2355 859 2448 930 μὶν
2481 863 2784 937 παραυτίκα
2829 864 2924 918 τὸν
2969 865 3340 939 κατεχόμενον
3397 870 3506 921 τῶν
3571 865 3805 939 δεσμῶν,
3863 868 4003 922 ἀπο-

2352 945 2469 1002 λύει
2502 947 2548 1002 δ’
2605 949 2852 1024 ἀσμένως
2901 954 3038 1027 πρὸς
3085 953 3177 1008 τὸν
3233 954 3520 1030 ἱεράρχην,
3580 953 3816 1018 ὀπαδοὺς
3857 956 4003 1028 αὐτῷ

2351 1040 2744 1114 συνεξαγαγών.
2803 1044 2956 1115 ’Ἀμα
3013 1047 3139 1118 γοῦν
3190 1042 3384 1109 ἐπέστη
3431 1044 3520 1098 καὶ
3569 1045 3682 1118 ἅμα
3729 1047 3874 1120 παρὰ
3900 1054 4001 1115 τῆς

2351 1125 2579 1181 συνόδου
2619 1130 2686 1182 τά
2734 1128 2917 1184 εἶκότα
2968 1129 3359 1203 ἐνωτισάμενος
3407 1135 3508 1202 τήν
3554 1132 3768 1187 ἐκείνων
3827 1133 3999 1189 ἐπιτί-

2353 1236 2517 1285 μησιν
2579 1216 2654 1279 είς
2710 1217 2923 1296 ἀσφακῆ
2972 1223 3079 1274 τῶν
3139 1220 3275 1294 πρὸς
3338 1219 3564 1296 βασιλέα
3622 1220 3772 1276 ἰδίων
3824 1221 4001 1297 ὅρκων

2354 1299 2642 1377 βεϐαίωσιν
2695 1303 2935 1380 δέχεται.
2989 1308 3094 1363 Καὶ
3151 1310 3291 1382 πρὸς
3346 1308 3440 1363 τὸν
3487 1314 3791 1384 κρατοῦντα
3847 1310 3999 1374 αὖθις

2350 1390 2582 1447 ἐπανιὼν
2633 1394 2857 1464 πολλῆς
2911 1402 3012 1465 τῆς
3067 1398 3195 1472 παρ’
3251 1397 3458 1453 ἐκείνου
3518 1398 3794 1472 εὐμενείας
3844 1399 4000 1474 ἐτύγ-

2351 1501 2512 1557 χανεν
2549 1525 2561 1537 .
2620 1483 2780 1541 Οὕτω
2835 1486 3135 1561 τοιγαροῦν
3203 1485 3348 1562 ἔχών
3406 1488 3496 1543 καὶ
3555 1488 3695 1544 οὕτω
3752 1487 4000 1545 σπεύδων

2350 1571 2536 1626 ἑαυτὸν
2591 1571 2878 1650 φυλάττειν
2938 1574 3113 1645 πάσης
3169 1577 3521 1651 καχυποψίας
3554 1578 3849 1650 ἀνώτερον,
3908 1579 3999 1633 καὶ

2353 1658 2566 1733 μᾶλλον
2616 1660 2698 1716 ὅτι
2747 1663 2835 1717 καὶ
2875 1662 3186 1736 ἀξιώματος
3234 1659 3400 1734 ἐπέϐη
3465 1665 3740 1740 μεγίστου,
3797 1664 4000 1740 πολλῷ

2347 1746 2513 1804 πλέον
2542 1751 2677 1826 πρὸς
2704 1751 2796 1805 τὸν
2849 1755 2964 1824 μετ’
3013 1751 3172 1807 αὐτὸν
3204 1754 3266 1808 τὸ
3313 1755 3509 1830 κράτος
3540 1749 3746 1829 ἔχοντα
3790 1754 4001 1811 ἁλῶναι

2347 1845 2446 1907 τῆς
2480 1839 2714 1913 ὑποψίας
2747 1837 3153 1918 διεφυλάττετο.

2349 1949 2416 2014 η’.
2447 1949 2635 2009 ⁴¹Οπως
2669 1950 2696 2003 6
2728 1946 2975 2026 δεύτερος
3008 1951 3278 2026 Λάσκαρις
3327 1948 3721 2026 πολλοὺςᾲτῶν
3753 1951 3805 2007 ἐν
3838 1953 4004 2026 ἀξιώ-

2565 2041 2725 2092 μασιν
2770 2021 3052 2097 ὑπερορῶν
3095 2021 3309 2098 ἑτέρους
3357 2023 3782 2094 ἀντικαθίστησι.

2422 2105 2574 2163 Ἀλλ’
2605 2107 2792 2178 ἱπειδὴ
2828 2111 3026 2186 θερμὸς
3058 2112 3124 2179 ἦν
3157 2111 3362 2174 ἐκεῖνος
3394 2113 3531 2187 πρὸς
3576 2113 3768 2182 πάντα,
3814 2112 3894 2168 ἔτι
3948 2112 4009 2169 δὲ

2343 2197 2432 2251 καὶ
2460 2198 2559 2266 τήν
2583 2203 2679 2252 τοῦ
2714 2201 2796 2273 [Ρ.
2836 2203 2921 2274 12]
2968 2209 3376 2279 καταφρονῆσαι
3428 2200 3580 2273 δόξαν
3703 2207 3804 2279 γὰρ
3833 2203 4001 2266 νόσος

2344 2285 2734 2343 ἐπεισπεσοῦσα
2806 2289 2893 2344 καὶ
2970 2289 3184 2363 μᾶλλον
3259 2291 3544 2367 τρύχουσα
3611 2290 3789 2347 ἔπειθε
3847 2291 4002 2348 δεινά

2346 2373 2669 2447 ὑπιδέσθαι),
2725 2379 2993 2453 παραλύει
3053 2381 3150 2452 μὲν
3205 2385 3302 2434 τοῦ
3332 2381 3644 2454 ἀξιώματος
3672 2382 3750 2446 είς
3772 2403 4002 2456 πρωτο-

2343 2461 2652 2541 6εστιαρίου
2720 2471 3047 2545 τεταγμένον
3104 2471 3273 2543 τιμὴν
3331 2471 3423 2526 τὸν
3476 2469 3674 2528 Ῥαοὺλ
3724 2471 3997 2545 Ἀλέξιον,

2341 2555 2645 2630 ἀντεισάγει
2704 2555 2751 2612 δ’
2803 2557 2884 2612 εἶσ
2909 2558 3111 2629 ταύτην
3159 2561 3251 2614 τὸν
3312 2558 3363 2631 ἐξ
3413 2561 3776 2635 Ἀτραμυτίου
3809 2561 4001 2636 Γεωρ-

2341 2666 2460 2719 γιον
2509 2647 2600 2700 τὸν
2650 2645 3017 2716 Μουζάλῶνα,
3075 2649 3380 2711 συνοικίσας
3445 2650 3592 2722 αὐτῷ
3631 2652 3719 2705 καὶ
3785 2653 3887 2720 τήν
3931 2651 3996 2706 ἐκ

2341 2737 2804 2808 Καντακουζηνῶν
2851 2736 3168 2814 Θεοδώραν,
3225 2743 3324 2794 τοῦ
3381 2735 3776 2815 Παλαιολόγου
3828 2739 3995 2795 οὖσαν

2339 2821 2659 2903 ἀδελφιδῆν,
2708 2827 2800 2881 τὸν
2862 2823 2919 2881 δὲ
2980 2829 3098 2899 μετ’
3153 2826 3356 2882 ἐκεῖνον
3419 2826 3764 2902 Ἀνδρόνικον
3822 2828 3994 2903 μέγαν

2341 2910 2664 2988 δομέστικον
2696 2962 2710 2987 ,
2769 2913 3008 2971 Κλοϊστᾶ
3057 2917 3157 2986 τὴν
3214 2921 3312 2972 τοῦ
3357 2916 3554 2974 Ῥαοὺλ
3616 2916 3878 2996 θυγατέρα
3939 2919 3996 2972 οἱ

2329 3046 2617 3112 peccaret,
2649 3059 2864 3098 novum
2901 3043 3202 3099 fidelitatis
3245 3043 3533 3100 inviolata
3575 3047 3993 3116 juramentnm

2336 3131 2565 3201 proprie
2597 3131 2709 3186 sibi
2740 3132 2955 3186 dictata
2976 3132 3047 3187 ab
3081 3132 3154 3188 iis
3186 3132 3438 3189 formula
3456 3134 3750 3205 concepit;
3783 3135 3997 3205 sicque

570 3221 784 3275 fectum
819 3225 883 3274 ut
915 3236 1031 3275 non
1063 3226 1298 3291 gravate
1326 3219 1690 3283 concederet,
1722 3219 1770 3272 si
1816 3217 1955 3288 quid
2016 3217 2219 3287 gratiis
2251 3217 2294 3284 C
2334 3219 2403 3273 ad
2439 3219 2765 3291 principem
2799 3235 3090 3284 reversus,
3150 3237 3366 3293 magna
3421 3229 3513 3278 est
3553 3225 3686 3294 ejus
3734 3224 3988 3278 benevo-

567 3309 692 3364 loco
717 3312 1000 3378 posceret;
1026 3308 1304 3363 omnibus
1335 3307 1468 3362 aliis
1493 3306 1735 3362 omissis
1769 3321 1966 3375 preces
2005 3305 2223 3361 obtulit

570 3414 671 3467 pro
696 3396 1041 3467 Palaeologo,
1057 3400 1201 3459 etut
1217 3396 1344 3465 ejus
1367 3401 1647 3464 tanquam
1669 3393 2030 3450 calumniam
2061 3392 2220 3463 passi

570 3485 884 3541 miseretur
931 3486 1132 3540 oravit.
1169 3507 1196 3534 ‹‹
1259 3485 1421 3550 Quod
1483 3484 1555 3549 si,
1606 3499 1639 3538 ο
1697 3483 2038 3553 imperator,
2097 3482 2218 3537 aie-

570 3575 686 3640 bat,
727 3574 1120 3646 supicionem
1151 3576 1221 3628 de
1283 3573 1384 3629 illo
1442 3590 1557 3628 non
1613 3573 1782 3643 plene
1841 3573 2103 3643 deponis,
2161 3579 2219 3627 at

565 3664 662 3719 ille
690 3664 926 3734 quidem
961 3665 1020 3718 in
1056 3668 1360 3733 posterum
1392 3661 1792 3733 qualicunque
1850 3677 1916 3716 ac
1965 3669 2216 3732 quanto-

562 3769 791 3824 cunque
816 3753 972 3808 voles
1002 3752 1137 3807 fidei
1168 3752 1407 3823 pignore
1438 3750 1547 3806 tibi
1583 3751 1828 3815 cavebit,
1864 3766 2044 3822 seque
2074 3765 2215 3806 cen-

569 3842 1561 3912 surisEcclesiassubjiciet,quarum
1587 3840 2079 3895 incurrendarum
2095 3843 2215 3894 met

561 3931 648 3988 vel
678 3933 868 4000 ipsam
892 3931 1235 3987 defectionis
1262 3931 1534 3985 umbram
1567 3935 1943 3984 aversaturus
1973 3929 2213 3985 omnino

561 4024 660 4076 sit.
695 4021 879 4076 Homo
910 4022 1066 4076 enim
1099 4019 1469 4076 Christianus
1507 4018 1802 4088 judicium
1861 4020 2062 4087 utique
2112 4018 2213 4073 Dei

560 4111 946 4180 pertimescet,
980 4115 1036 4164 et
1067 4113 1195 4178 ejus
1227 4107 1686 4163 comminatione
1737 4107 1984 4163 sancitis
2044 4107 2214 4162 firme

562 4199 743 4255 stabit
773 4198 1085 4270 promissis
1114 4216 1128 4265 ;
1153 4213 1257 4252 nec
1280 4197 1600 4269 obligatam
1624 4195 1726 4251 tali
1741 4196 2089 4251 cssremonia
2108 4195 2213 4251 tibi

557 4306 622 4343 ac
657 4299 751 4343 luo
781 4288 979 4358 generi
1023 4287 1194 4342 fidem
1233 4301 1494 4356 unquam
1537 4285 1598 4340 in
1657 4285 1924 4339 animum
1975 4284 2214 4339 inducet

559 4379 776 4442 fallere.
812 4401 839 4427 »
874 4376 1004 4432 Haec
1038 4377 1330 4448 loqentem
1367 4375 1535 4430 illum
1577 4375 1896 4445 imperator
1929 4374 2212 4429 reveritus

555 4467 817 4522 damnati
875 4482 1106 4521 carcere
1158 4464 1570 4520 liberationem
1625 4464 1724 4520 23
1759 4465 1970 4518 annuit
2038 4462 2207 4533 polli-

560 4574 698 4612 cens
731 4557 976 4626 insuper
1005 4555 1202 4609 animo
1280 4570 1341 4608 sc
1386 4554 1444 4608 in
1489 4553 1657 4608 illum
1701 4551 1873 4623 plane
1934 4552 2210 4608 benevolo

563 4649 852 4710 futurum,
887 4647 937 4700 si
959 4645 1009 4701 is
1037 4661 1271 4716 quoque
1304 4661 1405 4714 pro
1438 4661 1520 4708 se,
1548 4644 1626 4698 uti
1663 4642 1996 4713 patriarcha
2027 4659 2207 4714 spon-

553 4737 747 4805 debat,
787 4751 962 4789 suum
1024 4750 1162 4805 erga
1223 4733 1542 4804 principem
1590 4733 1850 4787 studium
1912 4731 2207 4801 ﬁdemque

560 4829 879 4897 praestaret.
912 4826 1060 4878 Hinc
1091 4839 1225 4878 cum
1270 4822 1424 4893 apud
1486 4821 1820 4893 Achyraum
1875 4820 2208 4892 patriarcha

555 4931 689 4969 cum
714 4914 1009 4986 plurimus
1030 4912 1210 4966 simul
1237 4909 1587 4981 praesulibus
1609 4910 1742 4965 aliis
1765 4910 2210 4977 adesset,mittit

555 5007 625 5060 ad
659 5005 1095 5075 imperatorem,
1124 5006 1296 5072 prout
1326 5002 1452 5071 ipse
1481 5000 1804 5056 discedenti
1833 5000 2207 5070 praescripse-

558 5100 663 5163 ret,
697 5110 728 5148 e
750 5093 1140 5148 familiaribus
1171 5107 1355 5145 unum
1390 5090 1718 5146 sacerdotio
1737 5091 2066 5161 praeditum,
2091 5105 2207 5159 quo

557 5185 878 5254 imperator
905 5186 1144 5252 excepto
1163 5180 1479 5251 auditoque
1501 5179 1674 5235 solvit
1695 5178 1974 5235 continuo
1997 5178 2206 5233 Palu-o-

555 5273 754 5343 logum
778 5271 1027 5327 vinculis
1048 5275 1106 5326 et
1123 5270 1195 5325 ad
1221 5268 1417 5341 ipsum
1441 5269 1832 5338 patriarcham
1854 5266 2210 5340 perlibenter

559 5363 740 5417 mittit
769 5378 903 5417 cum
927 5360 1242 5416 comitibus
1267 5358 1483 5430 pariter
1506 5359 1793 5414 liberatis.
1820 5358 1898 5413 Eo
1919 5373 2053 5412 cum
2079 5373 2207 5428 per-

553 5452 828 5515 venisset,
865 5455 1174 5522 postquam
1199 5447 1425 5504 audivit
1453 5463 1658 5520 graves
1681 5449 1739 5503 in
1766 5447 1992 5517 synodo
2023 5450 2082 5502 et
2112 5462 2208 5502 ac-

551 5545 953 5599 commodatas
976 5555 1163 5594 caussa
1179 5555 1243 5592 ac
1264 5538 1514 5610 tempori
1529 5537 1949 5593 adminitiones
1971 5541 2029 5592 et
2049 5551 2208 5592 com-

555 5627 1428 5696 minationesPatrum,obnoxis
1444 5628 1745 5700 professus
1772 5626 1918 5683 nihil
1941 5642 2211 5682 recusare

550 5740 612 5779 se
626 5721 921 5780 canonica:
940 5718 1460 5777 animadversionis
1475 5735 1541 5776 ac
1553 5734 1859 5793 pinnarum
1873 5717 1925 5776 si
1936 5716 2210 5788 deinceps

2329 3305 2512 3362 lentia
2541 3312 2598 3364 et
2645 3308 3081 3378 significatione
3117 3309 3318 3379 gratias
3378 3311 3679 3382 dignatus.
3712 3312 3832 3366 Hoc
3877 3312 3985 3368 ille

2326 3412 2570 3452 suarum
2602 3403 2756 3452 statu
2791 3413 2983 3452 rerum
3012 3398 3357 3467 invigilabat
3385 3400 3500 3454 sibi
3534 3400 3767 3466 acriter,
3802 3402 3986 3455 undi-

2323 3500 2439 3555 que
2466 3485 2950 3556 circumspiciens
2972 3503 3036 3541 ac
3060 3486 3485 3544 sollicitissime
3501 3491 3841 3556 observans,
3863 3507 3989 3559 quo

2325 3589 2387 3629 se
2418 3574 2578 3629 omni
2609 3576 2972 3646 superiorem
2999 3591 3174 3646 prava
3202 3576 3542 3647 suspicione
3571 3583 3850 3634 servaret.
3905 3580 3977 3632 In

2323 3679 2508 3733 eaque
2537 3680 2679 3718 cura
2710 3664 3094 3734 custodiaque
3126 3667 3536 3734 perseverebat
3570 3682 3638 3721 eo
3670 3668 3992 3736 intentius,

2323 3768 2440 3824 qno
2469 3769 2532 3807 se
2563 3752 2619 3806 in
2668 3753 2920 3808 maxime
2973 3753 3139 3823 apice
3196 3754 3504 3825 dignitatis
3555 3757 3747 3827 magis
3793 3771 3982 3827 expo-

2321 3842 2503 3896 situm
2526 3841 2756 3896 invidias
2786 3842 3328 3912 imperantiumque
3345 3844 3654 3900 offensioni
3679 3847 3985 3915 cernebat,

2322 3931 2646 4002 praesertim
2675 3931 2932 4002 junioris
2963 3931 3231 4002 ipsorum
3253 3937 3311 3987 et
3330 3933 3690 3988 successoris
3713 3933 3773 3987 in
3807 3935 3982 4003 prin—

2319 4020 2517 4089 cipatu
2566 4019 2882 4090 designati,
2945 4037 2977 4074 a
3035 4021 3207 4088 cujus
3268 4021 3594 4090 prazsertim
3670 4021 3978 4092 suspicaci

2320 4108 2516 4163 animo
2547 4107 2658 4163 sibi
2688 4113 2746 4163 et
2775 4108 3022 4164 timebat
3043 4113 3101 4163 et
3123 4114 3408 4178 quantum
3447 4115 3673 4180 poterat
3701 4111 3975 4166 cavebat.

2389 4270 2442 4325 8.
2479 4271 2542 4326 Ut
2563 4269 2760 4340 junior
2783 4270 3033 4325 Lascaris
3061 4270 3249 4338 plures
3293 4286 3323 4324 σ
3365 4270 3785 4339 magistratibus
3839 4285 3985 4325 con-

2631 4342 2881 4412 temptim
2913 4343 3206 4408 amaverit,
3238 4341 3370 4396 aliis
3390 4340 3650 4413 suffectis.

2388 4468 2460 4519 At
2489 4466 2770 4535 quoniam
2807 4465 2900 4520 hic
2928 4466 3162 4536 ingenio
3193 4465 3420 4520 ardenti
3455 4482 3589 4520 cum
3620 4483 3874 4536 praeceps
3915 4468 3977 4522 in

2320 4554 2434 4609 alia
2453 4559 2666 4609 cuncta
2689 4554 3006 4621 ferebatur,
3038 4561 3160 4609 tum
3196 4554 3513 4609 faclllimus
3559 4560 3684 4609 erat
3741 4556 3811 4609 ad
3844 4558 3982 4626 opi-

2321 4645 2583 4699 nandum
2608 4660 2736 4698 sese
2782 4645 3078 4699 contemni
3127 4644 3395 4714 (morbus
3453 4644 3606 4698 enim
3640 4660 3756 4715 quo
3816 4650 3982 4700 tene-

2318 4735 2492 4789 batur
2513 4744 2567 4788 et
2590 4733 2843 4789 multum
2878 4736 3215 4801 urgebatur,
3247 4738 3644 4804 opportunum
3676 4750 3810 4788 eum
3867 4751 3981 4804 pa-

2315 4831 2628 4896 ratumque
2658 4825 2876 4881 talibus
2908 4825 3212 4882 credendis
3245 4827 3539 4896 rebusque
3557 4842 3704 4896 quas
3736 4825 3983 4882 audiret

2318 4918 2703 4969 autccrneret
2733 4913 2791 4966 in
2827 4919 3048 4983 partem
3116 4912 3446 4983 sequiorem
3508 4912 3978 4983 interpretandis

2319 5001 2613 5072 iaciebat),
2637 5000 2880 5056 Raulem
2913 5001 3175 5056 Alexium
3210 5001 3636 5071 protovestiarii
3683 5000 3983 5072 dignitate

2317 5095 2590 5145 ornatum
2627 5089 2817 5160 privat
2847 5078 3218 5157 magistratu,
3251 5094 3309 5143 et
3337 5089 3468 5158 ejus
3492 5088 3551 5142 in
3605 5088 3798 5146 locum
3835 5105 3983 5159 pro-

2319 5184 2512 5234 movet
2544 5177 2860 5249 Georgium
2901 5177 3268 5233 Muzalodem
3327 5177 3823 5249 Atramyttinum,
3871 5177 3986 5234 24

2319 5269 2414 5325 οιιί
2445 5273 2502 5323 et
2527 5267 2889 5323 Theodoram
2939 5283 2970 5321 e
3024 5266 3562 5322 Cantucazenorum
3613 5271 3805 5337 gente,
3867 5264 3993 5320 Pa-

2319 5355 2547 5428 lzeologi
2581 5361 2811 5425 neptem
2843 5372 2914 5411 ex
2944 5372 3164 5422 sorore,
3196 5355 3356 5410 dedit
3396 5355 3730 5426 conjugem.
3791 5353 3989 5423 Hujus

2322 5461 2553 5517 quoque
2610 5445 2847 5500 fratrem
2909 5445 3196 5500 minorem
3246 5443 3645 5498 Andronicum
3693 5459 3986 5513 magnum

2323 5534 2713 5592 domesticum
2736 5549 2912 5603 creat,
2965 5532 3249 5590 collocata
3307 5533 3419 5603 ipsi
3481 5533 3540 5588 in
3601 5532 3988 5588 matrimonio

2322 5625 2534 5683 Cloista
2567 5622 2768 5680 Raulis
2803 5623 2939 5680 lilia.
2986 5623 3246 5680 Tertium
3300 5623 3558 5694 denique
3599 5621 3811 5678 horum
3877 5623 3996 5679 fra-

2325 5723 2474 5774 trem
2497 5713 3026 5788 prothieracarium
3066 5714 3190 5770 sive
3240 5729 3547 5769 summum
3599 5711 3993 5784 accipitraria
