4258 6438
228 407 334 460 457

1374 402 1463 453 DB
1502 401 1870 454 MICUAELB
1907 402 2349 458 PALBOLOGO
2385 406 2518 458 LIB.
2564 409 2606 459 Ι.

3529 420 3632 472 458

225 527 592 601 συναρμόσας,
620 527 710 580 τὸν
771 523 828 579 δὲ
884 523 1065 599 τρίτον
1109 528 1217 576 τῶν
1278 520 1527 595 ἀδελφῶν
1561 516 1958 593 προϐάλλε-Α
1991 518 2204 576 δεδιότα
2255 522 2341 577 διὰ
2398 528 2498 593 τήν
2549 527 2952 602 ὑποτρέχουσαν
2987 539 3084 601 τῆς
3137 536 3316 608 ἀργῆς
3371 539 3627 609 ὑποψίαν,

225 636 316 670 ται
371 612 828 690 πρωθιερακᾶριν,
871 609 1066 684 ἄνδρας
1124 610 1222 665 οὐκ
1270 608 1536 682 εὐγενείας
1603 609 1696 678 μεν
1755 628 1878 678 μιτ-

229 708 462 777 ἑχοντας
513 705 575 757 τὸ
629 702 901 773 παράπαν,
925 701 1002 762 είς
1055 698 1462 759 παιδοπούλους
1521 696 1577 750 δὲ
1628 696 1882 749 αὐθεντο-

231 791 628 862 πουλευομένῳ
672 790 1031 862 τεταγμένους
1064 787 1230 858 αὐτῷ.
1265 786 1368 840 Δύο
1421 789 1603 858 μέντοι
1662 805 1720 858 γε
1772 789 1878 837 τῶν

237 882 568 952 μεγιστάνων
599 885 704 932 τῶν
737 879 1002 949 ὀμμάτων
1035 881 1229 949 στερεῖ,
1263 877 1334 928 ὧν
1392 877 1420 928 6
1481 876 1573 946 μὲν
1631 875 1703 933 εἴς
1763 874 1878 932 υἱὸς

231 970 298 1036 ἦν
351 973 450 1022 τοῦ
507 965 1011 1042 Στρατηγοπούλου
1044 964 1314 1036 Ἀλεξίου,
1367 965 1394 1016 6
1454 966 1879 1029 Κωνσταντῖνος,

231 1058 289 1118 ὃς
319 1057 542 1126 ἠξιοῦτο
572 1056 662 1109 καὶ
694 1053 892 1124 κήδους
927 1056 1046 1125 (τὴν
1078 1055 1178 1126 γὰρ
1230 1049 1528 1126 ἀδελφιδῆν
1572 1055 1668 1104 τοῦ
1731 1050 1879 1122 βασι-

231 1145 373 1206 λὲως
432 1146 684 1198 Ἰωάννου
751 1142 953 1197 ἐκείνου
1026 1139 1268 1202 διδόντος
1339 1142 1474 1214 εἶχε)
1558 1141 1882 1214 περιφανοῦς

229 1233 320 1286 καὶ
385 1231 533 1304 μάλα
589 1231 869 1304 λαμπροῦ,
901 1231 1089 1304 ἅτερος
1148 1231 1175 1282 6
1233 1227 1415 1296 ψιλῆς
1451 1229 1515 1295 ἦν
1577 1223 1880 1300 Θεόδωρος.

230 1321 338 1376 Καὶ
396 1319 564 1375 πόλλ’
593 1321 726 1374 ἄττα
781 1318 1144 1390 ἐκαινοτόμει,
1204 1319 1304 1385 τήν
1361 1317 1527 1392 ὀφρὺν
1582 1321 1689 1369 τῶν
1744 1317 1883 1382 πρὸς

229 1410 460 1483 αἳματος
518 1415 817 1485 καθαιρῶν,
847 1411 936 1463 καὶ
989 1409 1050 1463 τὸ
1101 1406 1338 1482 ἀσφαλὲς
1399 1406 1632 1460 ἐντεῦθεν
1687 1406 1880 1475 ἑαυτῷ,

231 1503 305 1562 ὡς
359 1500 520 1572 ᾤετο,
578 1499 1041 1573 προμηθούμενος
1077 1518 1087 1529 ”
1146 1498 1207 1551 οὐ
1293 1498 1394 1571 γὰρ
1462 1497 1712 1549 ἀναπνεῖν
1800 1494 1881 1549 ε’ία

227 1590 435 1645 ἐκεῖνον
469 1593 504 1659 ἡ
536 1589 717 1650 νόσος.
749 1587 962 1663 νύκτωρ
996 1586 1085 1641 καὶ
1122 1588 1236 1659 μεθ’
1270 1587 1478 1658 ἡμέραν
1523 1586 1590 1638 τὰ
1633 1585 1708 1655 μὴ
1740 1581 1881 1638 καλά

227 1676 660 1753 φανταζόμενον.

225 1771 290 1826 θ’.
344 1772 538 1830 ’Ὁπως
593 1769 621 1821 6
680 1766 848 1829 Κότυς
904 1767 994 1820 τὸν
1053 1761 1431 1836 Παλαιολόγον
1490 1761 1879 1837 παρασκευάζει

659 1855 1038 1929 αὐτομολησαι
1069 1854 1204 1927 πρὸς
1236 1851 1467 1926 Πέρσας.

1989 609 2129 663 Ούδὶ
2179 612 2282 684 γάρ
2343 611 2468 667 οὐδὲ
2525 617 2614 670 τὸν
2669 619 2811 672 θεῖον
2859 621 3056 675 τούτου
3089 624 3162 683 εἰς
3197 609 3359 698 μέγαν
3391 647 3630 700 γαρτου-

1992 697 2179 770 λάριον
2223 703 2569 775 τεταγμένον,
2606 706 2980 781 Παλαιολόγον
3042 713 3272 784 Μιχαήλ
3327 692 3430 768 καὶ.
3470 692 3629 770 αὐτὸν

1988 785 2274 855 ἀκούοντα,
2308 787 2586 845 ἀκίνδυνον
2648 793 2730 846 εἶά
2787 799 2820 862 ἡ
2883 798 3104 869 ὑποψία,
3159 799 3302 853 ἀλλά
3354 802 3476 872 περὶ
3533 811 3632 871 τῆς

1991 874 2167 947 ἀρχῆς
2227 876 2558 947 ἐρωτηθέντα
2606 883 2886 944 ἁπλοϊκῶς
2943 889 3102 958 φάναι
3158 887 3372 963 λέγεταὶ
3431 892 3527 963 ὡς,
3589 892 3635 945 εἴ

1989 965 2398 1036 κεχρεώστηταί
2451 989 2528 1039 τῳ
2584 972 2719 1044 πρὸς
2780 977 2912 1026 Θεοῦ
2971 976 3031 1028 τὸ
3091 975 3243 1050 ἄρξαι
3302 981 3360 1049 [Ρ
3421 983 3506 1051 13]
3542 981 3631 1033 ἀν-

1991 1052 2239 1138 υπαίτιος
2268 1056 2294 1107 6
2327 1054 2660 1127 καλούμενος
2693 1078 2706 1092 ·
2733 1063 2792 1114 οὗ
2847 1059 2911 1130 δὴ
2966 1064 3126 1137 χάριν
3177 1066 3264 1119 καὶ
3319 1069 3636 1138 νεμεσηθεὶς

1990 1137 2108 1192 οἷον
2137 1142 2279 1213 παρά
2309 1147 2404 1195 τοῦ
2461 1151 2806 1220 κρατοῦντος,
2843 1149 2888 1203 εἳ
2943 1156 3190 1216 τοιοῦτος
3249 1153 3322 1208 ὢν
3363 1156 3634 1218 τοιούτοις

1993 1232 2306 1318 μετεωρίζει
2361 1235 2453 1287 τὸν
2502 1239 2646 1306 νοῦν,
2706 1243 2772 1310 τῇ
2831 1239 3048 1314 φυλακῇ
3125 1240 3332 1298 δίδοται
3391 1243 3632 1318 δέσμιος.

1988 1316 2124 1370 Τότε
2170 1317 2347 1371 τοίνυν
2413 1323 2596 1393 μαθὼν
2654 1324 2741 1376 καὶ
2801 1326 2872 1386 ὡς
2926 1326 3067 1389 εἰκὸς
3129 1325 3323 1400 δείσας,
3359 1331 3401 1384 εἰ
3460 1316 3633 1403 μένων

1995 1404 2088 1473 μὲν
2150 1403 2474 1478 κινδυνεύοι,
2507 1408 2678 1465 δεινὸν
2734 1416 2925 1487 ἡγεῖτο
2978 1416 3068 1469 καὶ
3128 1415 3249 1471 λίαν
3284 1420 3539 1488 ἐλεεινὸν,
3574 1423 3633 1476 τὸ

2064 1492 2393 1582 αὐτομολεῖν
2425 1497 2576 1560 αὖθις
2627 1503 2764 1575 πρὸς
2821 1501 3150 1579 ἀλλοτρίους
3208 1511 3477 1582 σωτήριον
3515 1511 3632 1581 μὲν,

1990 1580 2115 1636 ἀλλ’
2147 1581 2436 1656 ἐπίμωμον
2496 1586 2689 1659 ἔκρινε.
2724 1591 2876 1653 Τέως
2935 1591 2990 1647 δὲ
3044 1595 3191 1648 δυοῖν
3251 1580 3635 1669 νομίζομὲνοιν

1989 1676 2198 1737 κακοῖν,
2246 1678 2340 1726 τοῦ
2384 1671 2556 1751 φόϐου
2601 1682 3006 1751 προστεθέντος,
3042 1685 3268 1757 αἱρεῖται
3315 1684 3635 1744 τοῦλαττον.

1991 1759 2094 1813 Καὶ
2153 1758 2219 1829 δὴ
2270 1761 2328 1816 ἐκ
2374 1763 2626 1836 πολλῶν,
2681 1768 2753 1830 ὡς
2800 1771 2940 1844 εἶχε,
2993 1773 3514 1845 προμηθευσάμενος
3576 1782 3638 1829 τὸ

1908 1881 1955 1949 Β
1990 1847 2297 1949 ἀιρώρατον,
2358 1851 2691 1924 παραλαϐὼν
2763 1859 2854 1912 καί
2910 1880 3060 1924 τινας
3110 1865 3216 1915 τῶν
3277 1861 3489 1917 οἰκείων
3546 1865 3633 1918 καὶ

294 1949 435 2003 Τότε
482 1944 551 2015 δὴ
599 1948 690 1999 καὶ
738 1949 836 1999 τοῦ
882 1942 1265 2016 Παλαιολόγου
1314 1942 1388 2002 είς
1413 1939 1654 2018 κεφαλὴν
1685 1959 1878 2013 τεταγ-
1909 1936 1953 1949 ’“’
1983 1936 2074 2027 τον
2131 1942 2375 2011 ποταμὸν
2428 1945 2751 2017 περαιωθεὶς
2809 1949 3102 2023 Σάγγαριν,
3159 1951 3258 2018 τὴν
3323 1951 3444 2005 εὐθὺ
3498 1957 3636 2027 Περ-

230 2040 397 2111 μὲνου
456 2037 790 2100 Μεσοουνίας
864 2036 955 2090 καὶ
1031 2034 1207 2088 αὐτῶν
1285 2031 1603 2104 όπτιμάτων
1673 2029 1878 2085 ἐκείνου

223 2126 648 2202 προστάξαντος,
680 2125 769 2178 καὶ
823 2124 889 2178 τὰ
944 2122 1131 2178 πολλὰ
1185 2123 1302 2176 κατ’
1335 2119 1554 2176 Ἰταλῶν
1612 2118 1875 2194 πράττον-

221 2237 339 2286 τος,
371 2217 583 2289 προσῆν
630 2235 714 2278 τις
749 2216 847 2268 τοῦ
902 2209 1194 2269 παλατίου.
1227 2209 1399 2273 Κότυς
1456 2208 1740 2281 ιπώνυμον
1794 2211 1875 2279 τῷ

222 2305 400 2378 ἀνδρὶ,
431 2306 522 2360 καὶ
581 2305 659 2366 είς
713 2304 781 2359 τά
836 2302 1072 2376 μάλιστά
1131 2303 1182 2356 οἱ
1237 2307 1345 2357 τῶν
1405 2298 1582 2377 φίλων
1650 2295 1742 2356 ὥν.
1775 2299 1873 2353 Καὶ

224 2391 400 2458 δῆλος
455 2395 522 2463 ἦν
581 2393 705 2469 περὶ
755 2391 934 2465 τούτῳ
990 2393 1233 2467 ἀγωνιῶν
1293 2390 1345 2460 ἐξ
1392 2391 1464 2443 ὧν
1523 2390 1658 2462 πρὸς
1713 2386 1870 2442 αὐτὸν

217 2481 590 2556 διεξῄει,καὶ,
624 2480 747 2539 «Εἴ
807 2483 882 2553 μή
944 2477 1211 2554 φυγαδείᾳ
1269 2481 1531 2554 χρήσαιο,
1584 2501 1612 2528 ››
1665 2475 1872 2550 ἔλεγεν,

215 2574 504 2643 «ἡμερῶν
557 2569 763 2643 ὀλίγων
828 2568 904 2630 sic
959 2567 1096 2642 μέγα
1154 2572 1437 2641 συμφορᾶς
1494 2567 1560 2620 τὰ
1618 2566 1754 2618 κατά
1813 2565 1870 2619 σὲ

210 2655 574 2734 προϐήσεται.
637 2655 796 2714 Ἀλλ’
854 2654 972 2712 οὐδ’
1033 2656 1156 2729 ἐμοὶ
1219 2655 1530 2719 τούντεῦθεν
1590 2651 1870 2708 ἀκίνδυνον

217 2746 421 2821 μένειν,
454 2745 583 2803 ἀλλ’
610 2745 1020 2818 αύτομολητέον
1056 2746 1195 2819 πρὸς
1231 2745 1433 2820 Ηίρσας
1484 2744 1573 2798 καὶ
1623 2743 1866 2819 ἀμφοτὲ-

217 2858 356 2912 ροις,
390 2835 448 2892 εἴ
494 2857 578 2891 σοι
643 2835 797 2909 μὲλει
852 2839 962 2889 τῶν
1016 2833 1399 2912 ὀφθαλμῶν.»
1458 2837 1633 2888 Ταῦτα
1692 2831 1864 2906 λέγει,

214 2928 302 2982 καὶ
335 2925 513 2982 πείθει
544 2929 917 3004 πΑηροιρορῶν
951 2921 1112 3001 φίλος
1141 2921 1214 2978 ὢν
1242 2923 1335 2978 τὸν
1384 2923 1464 2978 ἀεὶ
1521 2923 1642 2998 περὶ
1692 2923 1864 2992 ἑαυτῷ

211 3104 542 3162 venationis
583 3109 642 3160 et
671 3104 814 3177 regii
872 3103 1108 3176 aueupii
1169 3103 1509 3174 prafeotum
1573 3101 1858 3172 nominat,

213 3195 486 3250 homines
517 3193 776 3264 patriciis
806 3193 1128 3248 nobilitatis
1161 3208 1402 3263 prorsus
1424 3197 1712 3262 expertes,
1747 3191 1858 3245 sibi

211 3299 347 3339 vero
379 3282 590 3354 puerili
635 3281 1006 3336 famliaritate
1055 3285 1224 3336 notos
1272 3298 1338 3336 ac
1395 3280 1858 3347 commendatos,

205 3373 359 3443 quod
411 3370 524 3442 ipsi
581 3372 653 3425 ab
712 3371 960 3424 infantia
1005 3371 1161 3425 inter
1211 3369 1555 3425 bonorarios
1600 3369 1860 3440 ephebos

207 3461 645 3533 apparuissent.
699 3463 856 3515 Duos
912 3459 1054 3530 quin
1113 3459 1289 3514 etiam
1349 3475 1418 3514 ex
1473 3457 1860 3530 optimatibus

204 3550 392 3606 oculis
449 3549 1028 3621 privavit;qnorum
1088 3550 1235 3603 alter
1289 3547 1447 3602 ﬁlius
1508 3549 1621 3602 fuit
1675 3546 1858 3602 Alexii

201 3639 621 3712 StrategOpuli,
654 3639 760 3694 viri
792 3637 1205 3710 perillustrtris
1235 3654 1301 3692 ac
1335 3637 1391 3691 in
1420 3637 1627 3709 primis
1659 3635 1856 3708 splen-

199 3729 346 3798 didi,
380 3728 809 3784 Constantinua
831 3727 1085 3796 nomine,
1108 3727 1388 3797 dignatus
1421 3726 1494 3780 ab
1517 3726 1644 3796 ipso
1664 3724 1856 3780 afﬁni-

198 3824 317 3874 tate
345 3818 530 3889 regia,
563 3817 856 3888 siquidem
901 3820 1136 3887 neptam
1184 3815 1557 3887 imperatoris
1607 3814 1854 3869 Joannis

198 3907 296 3962 illo
327 3907 596 3962 tradente
621 3921 860 3961 uxorem
886 3904 1120 3961 habuit.
1153 3904 1311 3959 Alter
1341 3903 1686 3958 Theodorus
1718 3902 1852 3957 Phi-

199 3997 283 4052 les
316 4000 463 4052 erat.
499 3998 629 4050 Hec
657 3993 757 4050 ille
786 4003 838 4050 et
866 3994 981 4049 alia
1006 3992 1197 4048 multa
1226 4009 1375 4048 nova
1421 3991 1688 4063 exempla
1716 3993 1851 4046 ede-

199 4087 322 4155 bat,
356 4085 419 4140 in
453 4085 601 4150 dies,
634 4083 898 4139 intentus
921 4081 1301 4154 deprimendo
1333 4079 1648 4153 supercilio
1697 4081 1852 4153 priu-

197 4177 400 4247 cipum
437 4172 579 4245 regii
614 4173 941 4244 sanguinis,
973 4172 1108 4226 inde
1139 4171 1513 4226 securitatem
1563 4170 1674 4224 sibi
1709 4187 1848 4240 pru-

195 4263 385 4328 denti,
409 4266 474 4317 ut
503 4263 740 4334 quidem
765 4261 1182 4328 arbitrabatur,
1206 4259 1448 4316 consilio
1472 4275 1707 4331 parans.
1724 4258 1847 4314 Non

192 4357 355 4412 enim
390 4352 682 4423 respirare
714 4351 880 4406 illum
914 4351 1147 4406 sinebat
1170 4349 1410 4404 morbus
1432 4348 1531 4404 diu
1557 4354 1850 4420 noctuque

197 4461 378 4519 prava
407 4443 854 4514 imaginantem.

261 4537 319 4592 9.
386 4536 451 4593 Ut
509 4532 665 4603 Cotys
736 4527 1044 4599 Palwologo
1076 4529 1414 4600 persuaserit
1465 4529 1664 4598 fugam
1703 4527 1779 4585 ad

918 4619 1131 4671 Persas.

263 4715 418 4772 Tum
450 4710 744 4767 enimvero
775 4703 1098 4777 Palaaologo
1129 4704 1504 4776 Mesothynim
1549 4704 1842 4776 praefecto,

194 4802 628 4877 prapositoque
659 4797 808 4869 ipsis
830 4795 1214 4867 Optimatibus
1238 4796 1415 4864 jussu
1450 4794 1844 4865 imperatoris,

190 4911 254 4949 ac
288 4899 530 4949 strenue
556 4891 763 4943 eontra
795 4883 972 4940 Italos
1003 4898 1124 4938 rem
1158 4883 1406 4954 gerenti,
1439 4883 1636 4939 adfuit
1666 4900 1696 4939 ο
1747 4901 1845 4955 pa-

189 4983 333 5039 latio
380 4979 626 5052 quidam
677 4978 1059 5047 cognomeato
1091 4977 1278 5046 Cotys,
1314 4990 1380 5028 ex
1419 4972 1647 5028 intimis
1696 4974 1846 5043 ejus,

189 5073 353 5128 vultu
393 5071 494 5141 qui
527 5066 889 5138 signiﬁcaret
918 5079 1050 5118 eum
1081 5079 1192 5117 non
1227 5079 1423 5135 parem
1459 5062 1592 5135 angi
1616 5062 1688 5116 iis
1721 5078 1847 5135 qua

193 5163 465 5219 dicturus
497 5156 799 5222 veniebat;
835 5153 1054 5225 quibus
1085 5153 1405 5224 expositis:
1443 5173 1471 5202 «
1501 5155 1580 5208 Ac
1633 5152 1744 5207 nisi
1792 5158 1849 5208 te

193 5253 330 5324 fuga
364 5247 647 5322 proripis,
681 5265 707 5294 »
741 5243 1030 5314 adjunxit,
1063 5263 1087 5293 ιι
1123 5241 1328 5314 paucis
1376 5241 1584 5297 diebus
1635 5241 1693 5295 in
1725 5257 1849 5297 ma-

189 5357 371 5414 gnam
409 5336 802 5393 calamitatem
836 5347 930 5388 res
959 5335 1074 5386 tua:
1093 5330 1494 5403 prolabentur.
1517 5331 1624 5387 Sed
1657 5347 1850 5403 neque

189 5431 337 5487 mihi
374 5434 507 5483 tuta
539 5426 634 5480 hic
663 5424 942 5489 deinceps
967 5422 1063 5478 25
1095 5437 1258 5476 mora
1288 5425 1398 5486 est,
1421 5437 1622 5476 verum
1655 5427 1849 5476 trans-

189 5516 545 5592 fugiendum
579 5513 649 5568 ad
683 5517 889 5568 Persas
922 5511 1142 5582 pariter
1189 5510 1424 5580 utrique
1472 5515 1767 5576 nostrum,
1799 5510 1849 5566 si

186 5607 503 5667 oculorum
535 5619 675 5658 cura
706 5600 814 5657 tibi
847 5605 956 5656 est.
988 5622 1016 5649 »
1043 5599 1172 5655 Hec
1203 5598 1300 5654 ille
1326 5617 1340 5666 ;
1367 5616 1493 5670 quas
1527 5599 1696 5655 facile
1723 5616 1854 5670 per-

189 5697 389 5756 suasit
420 5692 648 5752 amicus
679 5690 890 5759 amico,
922 5688 1034 5746 sibi
1067 5704 1302 5762 semper
1330 5689 1561 5746 timenti
1614 5693 1854 5763 propter

478 5824 749 5888 Panos.
798 5818 910 5882 Gs.
956 5816 1200 5881 CXLIII

1985 2022 2137 2088 σίδος
2195 2027 2292 2082 ἀνά
2348 2032 2542 2104 κράτος
2605 2031 2737 2089 ἱέται
2796 2036 2995 2109 καὶτῷ
3026 2038 3256 2094 σουλτάν
3288 2022 3628 2116 προσχωρεῖ.

1983 2113 2045 2170 Ὀ
2076 2111 2122 2168 δ’
2143 2115 2390 2188 ἀςμὲνως
2445 2118 2661 2196 δέχεται
2717 2128 2909 2179 τοῦτον
2969 2127 3058 2180 καὶ
3108 2133 3242 2198 τιμᾷ
3265 2111 3383 2189 τοῖς
3415 2111 3628 2203 προση-

1982 2222 2158 2262 κουσι.
2192 2207 2344 2271 Τέως
2386 2205 2444 2265 δέ
2490 2231 2553 2284 γε
2602 2211 2696 2266 κάν
2754 2216 2822 2286 τῇ
2853 2211 3143 2288 ἀλλοδαπῇ
3169 2217 3431 2288 σημαίαις
3481 2218 3629 2292 βασι·

1983 2299 2166 2363 λιγαῖς
2222 2302 2664 2374 παραταξάμενος
2723 2302 2814 2356 σὺν
2876 2302 3100 2366 ἐκείνοις
3156 2307 3291 2360 κατὰ
3357 2313 3466 2361 τῶν
3531 2307 3628 2383 ἐχ-

1983 2393 2124 2465 Θρῶν
2181 2395 2283 2445 τοῦ
2338 2389 2569 2445 σουλτᾶν
2627 2391 2916 2467 ἀριστεύει,
2947 2393 3075 2469 ’τὸν
3117 2393 3364 2468 βασιλέα,
3416 2395 3469 2450 εἶ’
3521 2417 3626 2452 που

1980 2480 2225 2547 ἀκούσοι,
2276 2479 2510 2534 ἐντεῦθεν
2567 2479 3071 2553 ἐκμειλισσόμενος.
3124 2485 3253 2538 Εἶτα
3313 2484 3626 2556 μεταμελη-

1980 2569 2108 2636 θεὶς,
2182 2570 2296 2621 οἷον
2383 2567 2471 2622 καὶ
2547 2565 2946 2643 παλινδρομεῖν
3022 2570 3488 2644 προαιρούμενος,
3547 2577 3625 2644 τῷ

1975 2655 2232 2726 τηνικάδε
2259 2658 2483 2712 Ἰκονίου
2527 2662 2910 2732 προσέρχεται,
2943 2659 3032 2713 καί
3083 2662 3134 2713 o't
3181 2661 3368 2734 μεσίτῃ
3425 2669 3623 2736 χρᾶται

1974 2746 2110 2819 πρὸς
2172 2744 2417 2820 βασιλέα,
2468 2744 2522 2799 εἷ’
2572 2766 2688 2807 πως
2757 2747 2822 2800 τά
2871 2749 3034 2802 πιστά
3091 2751 3376 2824 γράμμασι
3437 2749 3625 2815 δόντος

1974 2834 2198 2907 ἐκείνου,
2231 2837 2265 2904 ἦ
2328 2837 2434 2907 μὴν
2483 2836 2581 2903 τὴν
2642 2835 2811 2910 ὀργὴν
2861 2839 3110 2912 καθαρῶς
3169 2839 3441 2914 ἀνασχεῖν,
3473 2839 3621 2912 αύτῷ

1973 2923 2062 2978 καὶ
2141 2923 2304 2978 πάλιν
2383 2921 2696 2988 ἐπανελθεῖν
2775 2926 3007 3000 γένοιτο.
3065 2932 3174 2984 Τοῦ
3242 2925 3299 2982 δὲ
3355 2929 3619 3004 ἱεράρχου

1971 3103 2123 3158 clam
2154 3107 2522 3174 grassantem
2569 3105 2640 3158 de
2670 3120 2732 3160 se
2757 3105 3152 3176 suspicionem
3205 3108 3455 3163 affectati
3504 3109 3616 3164 im-

1973 3192 2140 3264 perii.
2171 3192 2313 3248 Nam
2355 3208 2426 3248 ne
2478 3197 2713 3264 patrum
2764 3193 3000 3265 quidem
3052 3195 3180 3266 ejus
3225 3197 3284 3252 in
3338 3213 3618 3269 magnum

1973 3279 2399 3337 chartularium
2431 3287 2790 3352 cooptatum,
2826 3283 2925 3354 qui
2957 3287 3014 3338 et
3043 3284 3184 3355 ipsa;
3229 3286 3474 3341 Michael
3509 3287 3616 3342 Pa-

1971 3368 2245 3439 lmologus
2276 3369 2614 3437 vocabatur,
2648 3371 2773 3426 sine
2806 3371 3062 3442 periculo
3095 3389 3222 3429 esse
3276 3376 3612 3446 patiebatur

1969 3458 2249 3530 suspicio.
2285 3459 2431 3516 Cum
2482 3460 2638 3516 enim
2692 3459 2740 3516 is
2789 3460 3187 3534 interrogatus
3237 3465 3309 3520 de
3364 3465 3612 3537 imperio

1967 3547 2215 3602 candide
2237 3549 2612 3618 respondisse
2644 3548 2955 3616 diceretur,
2988 3550 3036 3605 si
3069 3552 3160 3606 cui
3191 3551 3476 3609 divinitus
3507 3554 3613 3609 de-

1967 3636 2224 3702 beretur,
2248 3636 2416 3693 illum
2449 3637 2690 3710 impune
2720 3653 3025 3710 capessere
3057 3640 3157 3711 qui
3187 3645 3514 3713 vocaretur,
3539 3659 3610 3715 cp

1965 3725 2122 3781 dicto
2153 3725 2334 3781 relato
2357 3727 2583 3781 invisus
2610 3741 2944 3799 exosusque
2977 3727 3339 3800 imperatori,
3361 3747 3484 3785 rem
3517 3731 3609 3786 in-

1965 3815 2206 3888 dignam
2259 3832 2366 3872 nec
2411 3815 2710 3872 ferendam
2766 3815 3048 3872 arbitrato
3095 3816 3276 3872 talem
3326 3819 3510 3874 virum
3549 3820 3606 3875 in

1963 3905 2255 3976 ejusmodi
2286 3903 2669 3976 cogitationes
2701 3911 2958 3960 mentem
3011 3905 3296 3972 attollere,
3327 3909 3605 3964 custodias

1959 3995 2190 4049 vinctus
2217 3995 2492 4049 traditur.
2526 3995 2750 4061 Quibus
2796 3994 2894 4050 ille
2944 3996 3183 4065 auditis,
3211 3997 3440 4068 sibique
3487 4015 3604 4054 non

1958 4082 2255 4139 immerito
2285 4087 2577 4150 metuens,
2605 4082 2699 4138 hic
2748 4083 2986 4153 quidem
3033 4101 3206 4156 grave
3235 4090 3293 4141 et
3323 4102 3601 4158 perquam

1961 4172 2361 4228 miserandum
2383 4173 2625 4243 putabat
2648 4188 2779 4227 cum
2804 4177 2968 4227 tanto
2995 4173 3251 4244 periculo
3278 4191 3601 4242 remanere,

1959 4261 2094 4316 inde
2124 4276 2256 4316 vero
2289 4261 2358 4317 ad
2383 4265 2647 4317 externos
2666 4261 3034 4332 transfugere
3055 4261 3312 4319 salutare
3337 4264 3600 4337 quidem,

1958 4355 2017 4405 at
2073 4351 2420 4421 probrosum
2474 4351 2803 4419 judicabat.
2845 4353 3035 4415 Quare
3093 4369 3225 4406 cum
3283 4359 3603 4424 utrumque

1961 4435 2180 4491 malum
2212 4435 2507 4491 videretur
2556 4441 2799 4508 urgente
2843 4437 2914 4491 ad
2967 4436 3302 4510 eligendum
3353 4438 3601 4494 alterum

1960 4525 2219 4597 periculo
2251 4524 2548 4596 praesenti,
2568 4525 2722 4595 quod
2759 4525 2952 4580 minus
2973 4542 3003 4581 e
3028 4527 3262 4582 duobus
3293 4531 3383 4584 est
3414 4527 3602 4583 visum

1877 4602 1926 4668 Ι)
1958 4615 2198 4686 optavit.
2232 4619 2435 4685 Itaque
2467 4613 2656 4668 multa
2687 4613 2949 4668 adhibita
2980 4615 3050 4669 ad
3087 4615 3388 4670 latendum
3422 4621 3606 4670 atten-

1957 4705 2115 4760 tione
2145 4719 2210 4759 ac
2231 4702 2563 4776 diligentia,
2588 4701 2935 4774 aescitisque
2985 4704 3342 4775 quibusdam
3375 4723 3405 4761 e
3437 4705 3604 4761 fami-

1956 4794 2219 4858 liaribus,
2252 4793 2606 4848 transmisso
2640 4793 2876 4847 ﬂumine
2907 4795 3148 4865 Sangari
3181 4801 3339 4849 recta
3378 4794 3436 4848 in
3471 4795 3604 4848 Per-

1958 4883 2147 4938 sidem
2199 4881 2430 4954 magnis
2477 4881 2780 4937 contendit
2813 4881 3149 4953 itineribus,
3182 4882 3606 4956 sultanumque

1957 4972 2245 5036 convenit,
2282 4971 2382 5042 qui
2415 4970 2714 5026 hominem
2748 4987 2882 5026 cum
2908 4973 3121 5043 gaudio
3153 4977 3210 5028 et
3257 4974 3472 5044 quibus
3504 4990 3610 5044 par

1958 5065 2082 5117 erat
2111 5061 2437 5116 honoribus
2467 5059 2698 5132 excipit.
2735 5063 2852 5115 Hoc
2909 5061 3142 5116 interim
3204 5064 3394 5134 spatio
3450 5063 3604 5134 apud

1958 5157 2186 5208 exteros
2218 5151 2328 5206 sub
2379 5150 2558 5222 regiis
2605 5149 2831 5206 vexillis
2881 5167 3016 5206 cum
3066 5151 3340 5208 hostibus
3389 5151 3607 5208 sultani

1959 5255 2314 5313 congressus
2345 5239 2665 5295 fortissime
2697 5256 2758 5294 se
2790 5239 2962 5311 gerit,
2995 5239 3413 5312 imperatorem
3447 5240 3610 5309 inde,

1960 5332 2009 5386 si
2043 5331 2189 5387 forte
2218 5329 2466 5396 audiret,
2491 5328 2606 5384 sibi
2632 5328 3066 5384 consiliandum
3100 5334 3201 5385 aut
3223 5329 3435 5386 saltem
3467 5329 3610 5385 deli-

1958 5421 2239 5475 niendum
2274 5435 2538 5490 sperans.
2569 5419 2705 5473 Inde
2729 5419 2920 5489 palam
2950 5420 3236 5488 pcenitens
3269 5420 3608 5488 transfugii,

1960 5527 2028 5565 ac
2058 5510 2159 5567 26
2193 5523 2488 5564 recurrere
2519 5507 2588 5563 ad
2631 5523 2768 5563 suos
2801 5511 3013 5577 certus,
3049 5508 3099 5562 ei
3159 5509 3258 5579 qui
3293 5513 3433 5563 tunc
3488 5509 3610 5563 Ico-

1961 5599 2151 5656 niensi
2191 5597 2468 5655 Ecclesia
2524 5603 2768 5668 praaerat
2814 5598 3131 5653 consilium
3183 5597 3610 5664 communicat,

1960 5691 2179 5763 illoque
2219 5689 2593 5761 deprecatore
2652 5686 2837 5743 utitur
2885 5689 3040 5761 apud
3093 5687 3532 5761 imperatorem,
3566 5688 3613 5743 si

3298 5817 3372 5876 i5
