4258 6438
641 409 747 465 459

1937 411 2239 467 GEORHII
2278 413 2467 466 PACH
2477 416 2740 469 YMERE

3938 431 4049 485 460

641 534 928 608 γράμμασι
1012 528 1395 605 σχεδιάσαντος
1469 533 1569 600 τήν
1645 531 1929 606 πρεσοείαν
1988 535 2016 588 ὁ
2073 537 2286 607 κρατῶν
2314 538 2370 604 Α
2398 535 2748 602 καθεσθέντος
2794 545 2873 612 τῷ
2917 541 3075 616 ’ίππῳ
3122 549 3249 621 παρ’
3280 546 3482 603 ἐκείνου
3535 553 3747 625 καιρίαν
3789 552 4057 627 βάλλεται

639 620 923 676 κατένευσε
977 620 1075 686 τὴν
1130 621 1487 691 συμπάθειαν,
1545 623 1633 675 καί
1693 620 1999 693 βασιλικαῖς
2082 620 2283 675 συλλα-

639 705 764 771 ϐαῖς
818 707 1197 785 έπ⁹ἀσςραλείᾳ
1252 712 1347 762 τοῦ
1410 710 1485 781 μή
1544 730 1594 763 τι
1643 710 1830 763 παθεῖν
1868 711 2177 779 ,ἀνήκεστον
2238 708 2288 779 ἐξ

641 797 807 871 ὀργῆς
840 797 1128 851 ἐπάνεισιν.
1164 798 1223 853 Ὀ
1270 795 1325 851 δὲ
1372 798 1461 851 καὶ
1513 794 1724 873 δέχεται
1782 802 1975 852 τοῦτον
2027 798 2285 874 πρόφρων

639 887 1055 958 ταπεινωθέντα,
1084 887 1172 941 καὶ
1230 886 1581 962 ἀγκαλίζεται
1633 887 1950 960 προσιόντα,
1998 887 2086 941 καὶ
2146 888 2290 959 ὁμο-

641 974 910 1050 λογοῦντα
969 976 1043 1038 ὡς
1099 976 1273 1048 ἑαυτῷ
1338 973 1551 1030 σύνοιδε
1624 975 1849 1037 πταίσας
1936 975 2289 1051 ἀσύγγνωστα

639 1070 935 1138 συμπαθεῖ,
967 1064 1057 1119 καὶ
1087 1064 1175 1119 ἐπὶ
1204 1071 1303 1133 τῆς
1335 1065 1599 1140 προτέρας
1630 1061 1773 1138 ἔχων
1801 1072 1989 1137 τιμῆς.

643 1181 692 1235 ι’.
751 1181 941 1247 ’Όπως
997 1180 1025 1234 ὁ
1078 1176 1459 1256 ῙΙαλαιολόγος
1515 1176 1824 1243 ἐπανελθὼν
1901 1181 1989 1234 καὶ
2078 1177 2290 1255 δεχθεὶς

782 1263 1067 1324 στέλλεται
1098 1268 1399 1344 στρατηγὸς
1430 1268 1483 1322 ἐν
1513 1273 1629 1330 τοῖς
1660 1270 1794 1322 κατά
1822 1271 1920 1338 τήν
1963 1269 2143 1324 Δύσιν.

714 1357 864 1415 Ἐπεὶ
923 1356 981 1413 δὲ
1030 1362 1129 1423 τῆς
1183 1358 1320 1413 κατά
1376 1354 1522 1412 δόσιν
1578 1354 1912 1429 Ἐπιδάμνου
1983 1356 2289 1429 κατειλημ-

643 1446 811 1519 μένης
865 1448 1005 1519 πρὸς
1058 1451 1166 1501 τῶν
1226 1446 1508 1521 ἡμετέρων
1576 1443 1881 1519 ἠγγέλλετο
1935 1447 1998 1499 τὸ
2056 1440 2289 1517 συμϐὰν,

638 1536 729 1606 καὶ
788 1540 907 1596 τοῖς
961 1533 1134 1590 ἐκεῖσε
1182 1530 1287 1589 ἔδει
1323 1534 1415 1607 μὲν
1446 1533 1771 1609 ἀρχιερέως,
1801 1530 1906 1588 ἔδει
1940 1531 1986 1587 δ’
2016 1533 2289 1607 ἡγεμόνος

630 1606 728 1678 ’καὶ
781 1620 1172 1698 στρατιώτιδος
1220 1606 1441 1693 τάξεως,
1474 1606 1775 1698 ἀρχιερέως
1826 1606 2291 1698 ἐπικηρυχθέντος

639 1718 766 1767 τοῦ¹
796 1711 1153 1781 Χαλκούτζη,
1185 1712 1244 1773 ὃς
1303 1713 1391 1765 καὶ
1449 1712 1547 1779 τὴν
1598 1714 1695 1765 τοῦ
1730 1709 1971 1786 μεγάλου
2029 1710 2290 1785 σκευοφό-

640 1801 809 1865 λακος
866 1800 955 1855 ἐπὶ
997 1808 1097 1871 τῆς
1145 1800 1405 1875 Μεγάλης
1447 1798 1738 1868 ἐκκλησίας
1790 1801 1905 1875 εἶχε
1944 1801 2134 1873 τιμὴν,
2165 1797 2291 1853 τού-

636 1911 716 1962 τῳ
767 1888 1131 1961 συνεκπέμπει
1188 1890 1438 1944 κάκεῖνον
1497 1888 1937 1963 ἡγεμονεύσοντα
1990 1894 2098 1943 τῶν
2159 1889 2271 1942 ἐκεῖ

636 1979 938 2052 προστάξας
997 1978 1358 2053 συμπράττειν
1418 1978 1479 2033 τὸ
1529 1976 1683 2048 δόξαν
1756 1978 1845 2031 καὶ
1924 1976 2120 2040 ἄλλοις
2198 1976 2292 2051 μὲν

640 2066 917 2141 ἁρχηγοῖς
978 2071 1094 2130 τοῖς
1151 2067 1284 2138 ἐκεῖ,
1338 2065 1577 2139 μάλιστα
1630 2064 1687 2121 δέ
1744 2087 1807 2140 γε
1860 2070 1940 2137 τῷ
1998 2068 2150 2140 ἱερεῖ.
2202 2069 2290 2129 Ὠς

630 2152 934 2217 Θεσσαλίας
993 2152 1085 2209 διὰ
1137 2156 1349 2229 ταχέων
1410 2150 1679 2225 ἐπέϐησαν
1735 2156 1823 2209 καὶ
1874 2153 1982 2225 ἤδη
2041 2157 2177 2230 πρὸς
2227 2157 2290 2210 τὸ

631 2248 987 2321 περαιοῦσθαι
1045 2247 1138 2301 τὸν
1200 2246 1450 2317 ποταμὸν
1510 2245 1810 2322 Βαρδάριον
1870 2246 2027 2320 ἦσαν,
2078 2250 2143 2321 [Ρ
2204 2248 2291 2316 14]

629 2339 949 2411 περαιοῦται
1014 2335 1107 2408 μὶν
1168 2336 1195 2389 ὁ
1238 2336 1465 2410 ἡγεμὼν
1535 2336 1628 2388 σὺν
1682 2342 1802 2399 ταῖς
1856 2336 2035 2407 τάξεσι
2094 2337 2291 2412 πρότε-

633 2444 753 2497 ρον,
808 2423 1041 2499 εὑρίσκει
1102 2421 1160 2477 δὲ
1208 2424 1275 2478 τά
1329 2420 1462 2497 τῇδε
1545 2425 1926 2498 συγκεχυμένα
2009 2427 2097 2480 καὶ
2156 2425 2294 2500 πρὸς

637 2514 885 2569 απιστίαν
936 2514 1219 2582 κλίναντα,
1254 2512 1282 2566 δ
1330 2534 1387 2567 τε
1433 2514 1522 2566 καὶ
1555 2513 1582 2566 ό
1611 2517 1708 2567 τοῦ
1758 2512 2024 2569 δεσπότου
2057 2517 2292 2591 Μιχαὴλ

636 2602 696 2657 ὲκ
750 2602 962 2666 νοθείας
1022 2602 1240 2664 σκότιος
1289 2606 1416 2663 παῖς
1459 2601 1721 2670 Μανουὴλ
1750 2604 1936 2677 τυχὼν
1970 2603 2141 2659 ἐκεῖσε
2198 2605 2290 2660 σὺν

630 2692 801 2763 ἱκανῷ
859 2690 1242 2765 στρατεύματι,
1299 2690 1391 2744 καὶ
1466 2691 1808 2763 συμπλακεὶς
1884 2697 1963 2765 τῷ
2031 2692 2288 2767 πολέμῳ,

627 2781 695 2835 τὰ
724 2784 916 2855 πρῶτα
948 2780 1043 2853 μὲν
1079 2781 1247 2853 ὁμόσε
1276 2781 1544 2855 χωρήσας
1586 2784 1669 2851 τῷ
1715 2780 1948 2854 ἡγεμόνι
1993 2786 2072 2853 τῷ
2114 2788 2289 2856 κοντῷ

631 2874 864 2934 συνωθεῖ
908 2870 1000 2923 καὶ
1050 2868 1253 2944 ῥιπτεῖ,
1301 2866 1487 2923 ἔπειτα
1546 2866 1600 2923 δὲ
1660 2870 1965 2931 συστάντος.
2012 2872 2103 2925 καὶ
2170 2869 2286 2926 ἐπι-

624 3052 772 3108 forte
802 3050 1121 3122 impetrare
1152 3053 1351 3123 posset
1382 3050 1575 3123 regias
1626 3050 1873 3120 litteras,
1908 3053 2124 3125 quibus
2174 3053 2287 3110 sibi

638 3141 787 3197 ﬁdes
816 3143 974 3197 certa
1004 3139 1169 3195 ﬁeret
1226 3138 1323 3194 iraa
1382 3139 1759 3213 imperatoris
1817 3143 1989 3213 plane
2047 3144 2283 3214 sedatae,

2401 625 2477 697 μὴ
2515 623 2700 682 λαϐὼν
2727 628 2874 700 ’ίσην.

2403 740 2486 794 ια’.
2538 742 2724 804 "Orno:
2800 744 3195 802 ἀποστέλλεται
3271 748 3526 820 Χαδηνὸς
3582 754 3798 828 ἀγαγεῖν
3885 756 4053 811 αὐτὸν

3036 834 3409 910 σιδηρόδετον.

2468 935 2648 991 Ἀλλά
2703 943 2801 994 τοῦ
2857 941 3163 1018 Δυρραχίου
3229 947 3365 1020 πρὸς
3436 950 3837 1021 Οεσσαλονίκην
3917 955 4055 1007 ὑπο-

2398 1026 2721 1101 στραφέντος
2782 1026 2870 1083 διὰ
2924 1032 3024 1097 τὴν
3096 1032 3384 1108 σύγχυσιν,
3434 1036 3687 1093 κάκείνου
3760 1041 3832 1101 ὡς
3904 1041 4055 1103 εἰκὸς

2398 1109 2830 1187 διαπονουμένου
2892 1118 2971 1194 ἐφ’
3029 1122 3075 1192 ᾦ
3152 1124 3444 1195 συσταλείη
3519 1127 3583 1181 τὸ
3644 1128 4062 1201 ἀνθιστάμενον,

2398 1203 2557 1290 φήμη
2592 1206 2888 1280 προτρέχει
2936 1209 3028 1263 τὸν
3074 1215 3181 1265 τῶν
3232 1212 3532 1285 βασιλικῶν
3583 1214 3771 1271 τίππων
3830 1219 4062 1290 κόμητα

2398 1288 2643 1359 Χαδηνὸν
2706 1296 2828 1349 ὅσον
2881 1296 2980 1351 οὐκ
3027 1297 3136 1369 ἤδη
3180 1298 3619 1376 καταλαμϐάνειν
3650 1288 4059 1378 Θεσσαλονίκην

2397 1378 2769 1471 ἀγγέλλουσα,
2822 1385 2920 1439 οὐκ
2973 1383 3149 1443 ἄλλου
3206 1390 3368 1465 χάριν
3427 1394 3463 1463 ἢ
3514 1395 3606 1449 τὸν
3672 1394 4059 1471 Παλαιολόγον

2398 1470 2691 1541 καθέξοντα
2768 1475 2843 1534 ὡς
2914 1476 3140 1548 βασιλέα
3215 1478 3436 1552 δέσμιον
3518 1483 3771 1560 ἐνεγκεῖν.
3832 1486 3931 1541 Καὶ
3972 1470 4063 1549 γ’ὀς

2399 1558 2618 1634 (ἔφθασε
2662 1563 2763 1637 γὰρ
2817 1561 3107 1639 διατρίϐων
3157 1568 3208 1621 ἐν
3241 1558 3724 1645 Θεσσαλονίκῃήτῷ
3772 1573 4065 1645 τηνικάδε)

2400 1648 2634 1711 ἀκούσας
2690 1652 2751 1705 τὸ
2805 1654 3184 1728 φημιζόμενον
3247 1656 3395 1713 δεινά
3452 1660 3647 1729 ἐποίει,
3675 1663 3765 1717 καὶ
3808 1666 4059 1739 στρέφων

2401 1737 2468 1804 ἦν
2523 1737 2607 1792 ἐπὶ
2670 1736 2950 1815 λογισμῶν
3008 1742 3062 1796 τί
3107 1764 3238 1799 ποτε
3265 1746 3369 1821 ἄρα
3396 1752 3475 1819 τῷ
3509 1748 3727 1822 βασιλεῖ
3758 1736 3913 1824 δόξαν
3952 1736 4056 1814 ῶς

2402 1826 2589 1880 ἑαυτὸν
2650 1827 2756 1902 οὐχ
2813 1829 2889 1891 ὡς
2941 1828 3177 1905 ἔπεμψεν
3236 1834 3515 1910 ἐπανάγει,
3547 1837 3693 1893 ἀλλά
3738 1844 3876 1913 τιμῇ
3908 1862 4058 1915 προ-

2279 1899 2374 2002 ,B
2404 1917 2622 1987 πέμψας
2680 1899 2990 1983 ἐπανελθεῖν
3042 1899 3387 1997 ’ἀναγκάζειν
3421 1899 3568 1989 θέλει
3639 1931 3755 2000 μετ’
3800 1899 4057 2002 ἀτιμίας,

2398 2004 2488 2057 καὶ
2540 2005 2597 2059 ὃν
2653 2010 2988 2078 συμπαθείας
3047 2011 3203 2083 ἠξίου
3254 2011 3343 2068 διὰ
3370 2017 3707 2089 γραμμάτων
3764 2020 3855 2073 καὶ
3906 2019 4058 2074 οὕτω

2400 2099 2676 2168 καρτερῶς
2728 2098 3060 2169 ἀμνημονεῖν
3117 2100 3272 2173 ἐῴκει
3327 2109 3434 2158 τῶν
3518 2109 3911 2181 πεπραγμένων
3974 2111 4055 2171 ὡς

2400 2181 2489 2235 καὶ
2549 2183 2843 2256 ἡγεμονίας
2890 2187 3070 2256 ἀξιοῦν
3116 2191 3399 2264 μεγίστης,
3458 2198 3673 2264 τοῦτον,
3717 2196 3811 2259 τὰς
3857 2200 4060 2266 συνθή-

2402 2290 2499 2331 κας
2546 2269 2968 2345 ἀναλαμϐάνων,
3015 2278 3089 2339 ὡς
3139 2277 3218 2354 ἐφ’
3251 2280 3725 2356 ὁμολογουμέναις
3773 2287 4061 2339 καθοσιώ-

2404 2379 2515 2413 σεσι
2541 2363 2869 2435 κατακρίνει.
2902 2366 3094 2436 “Όμως
3127 2366 3227 2421 οὐκ
3255 2363 3399 2442 ἔχων
3434 2372 3561 2426 ὅποι
3604 2378 3710 2427 τῶν
3760 2371 4058 2449 λογισμῶν

2401 2447 2492 2501 καὶ
2520 2453 2629 2503 τῶν
2668 2448 2807 2505 ὁδῶν
2837 2452 3123 2527 τράποιτο,
3156 2455 3243 2510 ἐπὶ
3301 2460 3429 2512 Θεὸν
3481 2462 3833 2537 καταφεύγειν
3884 2460 4060 2536 ἔγνω.

2403 2536 2689 2591 Κοινοῦταί
2735 2559 2793 2593 τε
2840 2545 2919 2612 τῷ
2968 2543 3281 2617 Δυρῥαχίου
3310 2546 3378 2600 τά
3406 2549 3542 2602 κατὰ
3571 2536 3819 2623 γνώμην,
3852 2551 3944 2605 καί
4002 2553 4064 2606 οἱ

2400 2631 2500 2693 τῆς
2529 2626 2663 2701 πρὸς
2705 2628 2765 2682 τὸ
2796 2634 2950 2683 Θεῖον
2982 2630 3213 2693 ἱκετείας
3262 2635 3590 2707 συνάρασθαι
3654 2636 3848 2695 δέεται.
3884 2640 4075 2704 Εὐθὺς

2399 2715 2574 2768 τοίνυν
2609 2713 2806 2787 (ἐδόκει
2835 2720 2940 2792 γὰρ
2970 2720 3195 2783 αὐτόθεν
3253 2724 3343 2776 καὶ
3393 2725 3457 2779 τὸ
3503 2732 3732 2801 πρᾶγμα
3775 2726 4063 2804 θεοφιλὶς)

2400 2800 2485 2857 ἐπὶ
2536 2810 2636 2874 τῆς
2682 2810 2778 2860 τοῦ
2825 2807 3141 2864 Ἀκατονίου
3194 2817 3366 2883 μονῆς
3428 2800 3817 2890 ὑμνολογεῖται
3874 2800 4062 2891 παράέ

2396 2890 2595 2964 κλησις
2675 2897 2865 2960 νυκτὸς
2943 2898 3032 2975 ἀφ’
3100 2900 3352 2974 ἑσπέρας,
3408 2906 3509 2973 τῆς
3590 2890 4063 2982 ἐπιγενησομένης

2397 3075 2483 3131 11.
2515 3076 2751 3133 Mittitur
2782 3079 3066 3136 Chadenus
3096 3080 3360 3151 ducturus
3404 3083 3788 3156 Palazoiogum
3833 3088 4059 3146 catenis

3089 3172 3353 3226 vinctum.

631 3229 835 3301 Sicque
867 3232 1027 3329 mqu
1066 3228 1191 3329 ipsi
1227 3233 1285 3284 ει
1331 3244 1575 3329 securim
1624 3229 1987 3329 ορηίςίηεθτθῖ
2034 3233 2275 3329 Γθάίτξξὲεο
2309 3256 2355 3326 c
2462 3254 2670 3310 Verum
2703 3257 2982 3327 Dyrrachi
3015 3260 3262 3329 praesule
3294 3261 3779 3321 Thessalonicam
3832 3266 3905 3322 ob
3940 3282 4055 3325 eas
4120 3244 4129 3250 ὑ

625 3322 697 3372 At
729 3316 977 3389 praesule
1000 3316 1297 3389 negotium
1323 3325 1565 3390 urgente
1592 3319 1793 3375 missis
1820 3322 1947 3377 sine
1980 3338 2144 3378 mora
2165 3322 2264 3377 lit-

624 3406 768 3462 teris
800 3406 1121 3477 imperator
1150 3406 1359 3461 annuit
1389 3408 1737 3480 veniamque
1760 3410 2270 3476 concessit,chiro-

624 3494 846 3566 grapho
879 3510 1090 3551 cavens
1140 3494 1387 3565 homini,
1422 3495 1567 3551 nihil
1617 3514 1891 3569 asperum
1938 3500 2009 3554 ab
2055 3499 2142 3554 ira
2172 3504 2274 3555 aut

624 3600 799 3657 grave
858 3600 1194 3655 passurum.
1242 3584 1557 3641 Reversum
1608 3586 1857 3659 benigne
1906 3588 2142 3659 excipit,
2174 3590 2272 3645 de-

629 3674 957 3729 mittentem
992 3688 1054 3729 se
1084 3679 1140 3728 et
1170 3675 1541 3730 accedentem
1575 3675 1966 3746 amplectitur,
1990 3684 2047 3733 et
2068 3679 2272 3733 fatenti

628 3762 849 3819 nullam
884 3779 947 3819 se
978 3762 1189 3819 mereri
1221 3764 1448 3819 veniam
1482 3765 1687 3835 parcit,
1720 3782 1975 3838 eumque
2016 3767 2277 3839 pristinae

628 3852 890 3909 restituit
927 3851 1223 3924 dignitati.

629 3944 716 3999 10.
754 3944 817 4000 Ut
859 3958 1113 3998 reversus
1141 3945 1193 3997 et
1224 3943 1358 3998 bene
1405 3951 1663 4015 exceptus
1691 3945 2037 4017 Palaeologus
2080 3947 2279 4003 missus

1058 4031 1231 4102 fuerit
1259 4030 1375 4087 dux
1404 4031 1466 4087 in
1496 4032 1851 4091 Occieentem.

699 4120 987 4185 Quoniam
1022 4136 1153 4176 vero
1186 4120 1257 4175 de
1287 4120 1611 4191 Epidamno
1643 4122 1704 4177 in
1754 4122 2066 4181 Occidente
2114 4130 2284 4198 capta

630 4227 936 4265 sermones
967 4213 1026 4265 et
1055 4208 1259 4267 litterae
1293 4216 1630 4267 nostrorum
1664 4212 2132 4283 proferebantur,
2169 4216 2286 4271 ibi-

625 4316 738 4371 que
770 4299 1262 4355 desiderabantur
1298 4308 1355 4355 et
1404 4302 1613 4371 praesul
1648 4308 1705 4357 et
1735 4304 1855 4359 dux
1904 4309 1962 4359 et
2010 4305 2286 4363 militaris

626 4390 803 4462 acies,
836 4389 1174 4444 renuntiato
1232 4388 1481 4461 presule
1533 4389 1866 4459 Chalcutze,
1904 4393 2007 4464 qui
2062 4398 2283 4467 Magnae

620 4477 1289 4549 Constantinopolitanaa
1360 4479 1618 4535 ecclesiae
1690 4490 1937 4553 proserat
2010 4488 2264 4542 sacrario

624 4586 758 4625 cum
792 4569 901 4626 hoc
933 4570 1153 4626 missus
1187 4586 1302 4625 una
1338 4570 1695 4645 Palaeologus
1744 4580 1834 4631 est
1872 4581 1935 4632 ut
1988 4578 2158 4635 ducis
2208 4562 2291 4646 ibi

628 4674 868 4714 munere
902 4660 1265 4731 fungeretur,
1301 4660 1395 4715 cui
1430 4664 1780 4720 mandatum
1836 4668 2191 4724 nominatim
2225 4671 2283 4726 in

623 4749 682 4803 in
717 4749 1104 4805 decernendis
1137 4750 1312 4805 rebus
1336 4766 1471 4806 cum
1496 4756 1837 4811 casterorum
1864 4757 1962 4827 qui
1988 4757 2161 4813 isthic
2186 4778 2282 4815 es-

622 4843 755 4893 sent
786 4838 1027 4907 ducum,
1061 4842 1185 4893 tum
1219 4839 1279 4893 in
1323 4840 1535 4911 primis
1565 4843 1833 4913 praesulis
1877 4845 2123 4903 consilio
2157 4855 2280 4905 ute-

623 4932 805 4983 retur.
841 4927 958 4982 Hoc
987 4927 1198 4984 itinere
1228 4928 1495 4984 celeriter
1528 4934 1847 5003 trangressi
1887 4934 2277 5004 Thessaliam,

618 5033 753 5072 cum
779 5018 904 5087 jam
938 5016 1283 5072 Bardarium
1336 5018 1559 5075 ﬂumen
1611 5022 2025 5080 transmissuri
2056 5031 2274 5096 essent,

618 5106 837 5177 trajicit
868 5106 1125 5177 primum
1160 5108 1277 5162 dux
1299 5124 1435 5163 cum
1470 5110 1679 5181 copiis,
1704 5112 1802 5167 ubi
1824 5115 2025 5169 omnia
2048 5122 2273 5187 pertur-

622 5198 756 5253 bata
785 5199 842 5251 et
872 5195 945 5250 ad
969 5195 1355 5252 defectionem
1384 5197 1664 5255 inclinata
1697 5203 1930 5273 reperit,
1956 5207 2193 5276 quando
2217 5212 2275 5264 et

624 5283 929 5341 Michaelis
955 5285 1211 5357 despote
1236 5286 1525 5343 notbuset
1548 5290 1837 5346 obscurus
1855 5293 2015 5350 ﬁlius
2041 5294 2269 5353 Manuel

612 5392 748 5431 cum
810 5374 967 5429 haud
1020 5389 1163 5429 sane
1214 5379 1645 5435 contemnendo
1698 5381 1953 5437 exercitu
2008 5384 2154 5441 forte
2201 5403 2268 5444 eo

614 5464 876 5534 veniens,
910 5469 1176 5520 conserto
1206 5465 1426 5537 praelia,
1459 5467 1719 5537 primum
1752 5471 1994 5542 quidem
2027 5491 2264 5548 aggres-

609 5571 714 5611 sus
744 5553 953 5609 dueem
984 5551 1189 5609 lancea
1226 5555 1503 5628 propellit
1532 5558 1627 5614 21
1678 5564 1735 5615 et
1764 5561 2019 5633 projicit,
2052 5565 2264 5623 deinde

606 5660 741 5701 cum
778 5643 828 5699 is
858 5642 1279 5701 assurrexisset
1307 5650 1367 5701 et
1396 5661 1547 5718 equo
1580 5648 1921 5724 insedisset,
1940 5650 2154 5713 vulnus
2186 5658 2260 5714 ab

606 5750 673 5793 eo
705 5731 921 5791 lethale
953 5734 1199 5807 accepit,
1232 5750 1339 5792 nec
1366 5752 1477 5809 par
1505 5740 1789 5812 reposuit.

2377 3345 2585 3399 turbas
2619 3360 2871 3412 reverso,
2906 3348 3255 3419 eodemque,
3289 3356 3463 3420 prout
3494 3368 3588 3407 res
3619 3355 3925 3424 poscebat,
3961 3374 4061 3413 sa-

2376 3435 2616 3503 tagente
2650 3438 2712 3487 ut
2744 3433 3120 3491 mitterentur
3142 3439 3243 3508 qui
3272 3438 3775 3497 tumultuantibus
3794 3444 4061 3501 obsiste-

2381 3524 2529 3589 rent,
2562 3536 2767 3575 rumor
2794 3524 3101 3593 precurrit
3132 3525 3497 3597 imperatorii
3520 3530 3825 3601 equitatus
3851 3534 4056 3588 comi-

2380 3613 2497 3664 tem
2522 3607 2859 3666 Chadenum
2886 3614 3327 3684 quamprimum
3355 3627 3767 3687 perventurum
3790 3620 4055 3677 Thessa-

2385 3697 2653 3764 lonicam,
2676 3714 2788 3753 non
2813 3698 2988 3755 aliam
3008 3703 3080 3757 ob
3100 3719 3339 3759 causam
3361 3722 3539 3777 quam
3564 3714 3627 3761 ut
3644 3708 4051 3781 Palaeologum

2386 3787 2875 3857 comprehensum
2908 3789 3290 3864 vinctumque
3316 3796 3386 3849 ad
3414 3796 3835 3866 imperatorem
3864 3801 4056 3855 duce-

2388 3876 3049 3945 ret.Atille(versabatur
3062 3881 3216 3936 enim
3231 3884 3424 3955 etipse
3442 3890 3579 3940 tunc
3592 3885 4057 3959 Thessalonicae)

2389 3966 2590 4021 audito
2621 3968 2777 4037 quod
2828 3968 3148 4039 ferebatur,
3180 3988 3323 4027 sane
3372 3990 3548 4043 quam
3600 3992 3751 4046 {egre
3798 3976 4059 4044 ferebat,

2394 4072 2717 4127 secumque
2750 4057 2876 4129 ipse
2907 4059 3104 4116 animo
3136 4062 3320 4118 multa
3366 4066 3662 4132 versabat,
3697 4068 4060 4138 desquirens

2396 4160 2524 4215 qua:
2544 4162 2722 4201 causa
2743 4152 2860 4202 tam
2884 4147 3170 4220 inopinati
3194 4152 3425 4207 consilii
3451 4154 3661 4211 fuisset
3682 4155 4058 4229 imperatori,

2399 4243 2464 4289 ut
2495 4240 2612 4290 tam
2646 4236 2874 4293 diverso
2906 4240 3078 4295 modo
3110 4241 3181 4296 de
3212 4258 3275 4298 se
3306 4248 3612 4313 statueret,
3643 4250 3701 4300 et
3729 4262 3905 4317 quem
3933 4253 4058 4304 tam

2400 4324 2721 4381 honorifice
2754 4328 2926 4383 modo
2958 4328 3220 4385 miserat.
3254 4332 3449 4387 statim
3489 4338 3610 4388 tam
3654 4334 4061 4406 ignominiosa

2403 4420 2719 4484 revocaret,
2753 4415 2964 4487 cuique
3013 4419 3191 4489 regiis
3234 4420 3445 4476 litteris
3492 4422 3663 4479 venia
3707 4424 3886 4494 paulo
3920 4430 4060 4482 ante

2403 4504 2828 4575 securitaleque
2850 4506 3111 4562 stabilita
3131 4525 3263 4563 cum
3287 4509 3762 4581 plenaohlivione
3784 4518 4056 4570 veterum

2320 4630 2370 4697 Β
2405 4592 2750 4649 delictorum
2785 4596 2986 4667 gratiae
3019 4613 3135 4652 non
3162 4597 3421 4670 vulgaris
3445 4599 3636 4656 locum
3665 4604 3819 4673 apud
3855 4620 3921 4659 se
3955 4605 4061 4659 tri-

2400 4684 2627 4749 buerat,
2650 4683 2929 4755 dignatus
2954 4686 3147 4756 ipsum
3173 4687 3392 4744 honore
3416 4690 3694 4757 maximo,
3716 4707 3853 4746 eum
3890 4710 4055 4749 nunc

2392 4774 2579 4844 pactis
2611 4774 2911 4829 conventis
2944 4782 3240 4833 momento
3266 4778 3555 4849 rescissis,
3590 4779 3743 4835 velut
3773 4781 4052 4839 criminis

2390 4862 2751 4919 detestabilis
2799 4871 3188 4937 compertum,
3222 4873 3459 4937 repente
3500 4870 3827 4926 damnaret.
3862 4872 4052 4928 Ceste-

2390 4968 2521 5006 rum
2536 4969 2668 5007 cum
2686 4951 2825 5022 quid
2843 4954 3097 5009 consiliii
3121 4963 3352 5028 caperet
3370 4974 3558 5028 quove
3575 4975 3638 5014 se
3656 4965 3907 5016 verteret
3930 4978 4052 5018 non

2386 5041 2645 5107 haberet,
2666 5042 2735 5097 ad
2753 5042 3013 5098 divinam
3030 5046 3342 5116 petendam
3357 5063 3528 5119 opem
3555 5048 3668 5104 sibi
3690 5049 4048 5122 confugien-

2384 5130 2523 5185 dum
2575 5146 2705 5187 esse
2753 5132 2953 5200 duxit;
2987 5136 3540 5206 communicataque
3588 5154 3726 5193 cum
3774 5138 4045 5211 Dyrrha-

2381 5218 2605 5275 chiensi
2639 5238 2797 5287 cura,
2818 5237 2953 5276 eum
2980 5227 3044 5277 ut
3072 5222 3187 5278 sibi
3219 5226 3427 5281 adesse
3449 5226 3652 5283 divina
3674 5244 3777 5300 pro
3809 5244 3874 5285 se
3926 5246 4043 5302 ope

2380 5310 2748 5380 imploranda
2779 5327 2851 5367 ne
2877 5317 3154 5384 gravetur
3183 5320 3369 5387 rogat.
3393 5318 3518 5381 Quo
3539 5316 3710 5373 facile
3734 5326 4041 5377 annuente

2379 5403 2493 5465 (res
2523 5398 2676 5455 enim
2710 5415 2812 5471 per
2842 5417 2905 5457 se
2933 5401 3027 5471 pia
3059 5403 3289 5475 Deoque
3318 5409 3486 5476 grata
3526 5405 3836 5463 videbatur
3886 5408 4038 5480 peti)

2375 5487 2433 5541 in
2468 5489 2734 5543 Acatonii
2770 5490 3124 5546 monasterio
3152 5510 3185 5546 a
3216 5508 3459 5564 vespera
3490 5499 3792 5553 nocturnae
3812 5498 4037 5555 decan-

2372 5582 2508 5634 tatas
2524 5586 2664 5632 sunt
2685 5594 2885 5649 preces
2910 5595 2924 5634 :
2952 5584 3188 5652 postera
3206 5582 3423 5655 quippe
3444 5584 3539 5640 die
3558 5602 3791 5644 sacrum
3832 5587 4033 5648 facere

2370 5667 2585 5739 praesul
2641 5668 2986 5725 decreverat.
3021 5669 3124 5727 28
3154 5671 3224 5727 Ut
3269 5670 3453 5744 igitur
3499 5672 3881 5735 illucescente
3927 5679 4030 5739 die

2368 5761 2549 5815 statas
2568 5774 2635 5814 ac
2656 5757 2949 5817 solemnes
2967 5758 3143 5819 horas
3164 5776 3524 5836 percurrere,
3550 5762 3810 5825 divinam
3834 5766 4028 5829 factu-
