  <div class='ocr_page' id='page_1' title='image "/cluster/home/n/w/nwhite01/storage/ocr_20150623/143/nnc1.0046980733/238.png"; bbox 0 0 4258 6438; ppageno 0'>
   <div class='ocr_carea' id='block_1_1' title="bbox 228 407 326 461">
    <p class='ocr_par' dir='ltr' id='par_1_1' title="bbox 228 407 326 461">
     <span class='ocr_line' id='line_1_1' title="bbox 228 407 326 461; baseline 0.02 -2"><span class='ocrx_word' id='word_1_1' title='bbox 228 407 326 461; x_wconf 70' lang='grc'><strong>461</strong></span> 
     </span>
    </p>
   </div>
   <div class='ocr_carea' id='block_1_2' title="bbox 1357 399 2506 459">
    <p class='ocr_par' dir='ltr' id='par_1_2' title="bbox 1357 399 2506 459">
     <span class='ocr_line' id='line_1_2' title="bbox 1357 399 2506 459; baseline -0.005 0"><span class='ocrx_word' id='word_1_2' title='bbox 1357 407 1445 459; x_wconf 84' lang='lat' dir='ltr'>DE</span> <span class='ocrx_word' id='word_1_3' title='bbox 1484 399 1852 459; x_wconf 70' lang='lat' dir='ltr'>MICHABLE</span> <span class='ocrx_word' id='word_1_4' title='bbox 1896 399 2246 454; x_wconf 69' lang='lat' dir='ltr'>PALBOGO</span> <span class='ocrx_word' id='word_1_5' title='bbox 2285 403 2418 456; x_wconf 81' lang='lat' dir='ltr'>LIB.</span> <span class='ocrx_word' id='word_1_6' title='bbox 2460 405 2506 454; x_wconf 82' lang='grc' dir='ltr'>Ι.</span> 
     </span>
    </p>
   </div>
   <div class='ocr_carea' id='block_1_3' title="bbox 3529 410 3631 464">
    <p class='ocr_par' dir='ltr' id='par_1_3' title="bbox 3529 410 3631 464">
     <span class='ocr_line' id='line_1_3' title="bbox 3529 410 3631 464; baseline -0.02 0"><span class='ocrx_word' id='word_1_7' title='bbox 3529 410 3631 464; x_wconf 73' lang='grc'>462</span> 
     </span>
    </p>
   </div>
   <div class='ocr_carea' id='block_1_4' title="bbox 223 521 3629 605">
    <p class='ocr_par' dir='ltr' id='par_1_4' title="bbox 223 521 3629 605">
     <span class='ocr_line' id='line_1_4' title="bbox 223 521 3629 605; baseline 0.004 -34"><span class='ocrx_word' id='word_1_8' title='bbox 223 531 432 605; x_wconf 65' lang='grc' dir='ltr'>ἡμέρας</span> <span class='ocrx_word' id='word_1_9' title='bbox 460 528 511 584; x_wconf 72' lang='grc' dir='ltr'>ἐν</span> <span class='ocrx_word' id='word_1_10' title='bbox 546 534 622 602; x_wconf 71' lang='grc' dir='ltr'>νῷ</span> <span class='ocrx_word' id='word_1_11' title='bbox 651 530 830 590; x_wconf 74' lang='grc' dir='ltr'>θέντος</span> <span class='ocrx_word' id='word_1_12' title='bbox 861 533 960 583; x_wconf 73' lang='grc' dir='ltr'>τοῖ’)</span> <span class='ocrx_word' id='word_1_13' title='bbox 1011 529 1313 604; x_wconf 68' lang='grc' dir='ltr'>ἀρχιερέως</span> <span class='ocrx_word' id='word_1_14' title='bbox 1362 529 1462 596; x_wconf 77' lang='grc' dir='ltr'>τὴν</span> <span class='ocrx_word' id='word_1_15' title='bbox 1514 526 1660 600; x_wconf 72' lang='grc' dir='ltr'>ἱερὰν</span> <span class='ocrx_word' id='word_1_16' title='bbox 1710 521 1864 577; x_wconf 74' lang='grc' dir='ltr'>τελε·</span> <span class='ocrx_word' id='word_1_17' title='bbox 1898 523 1950 586; x_wconf 81' lang='grc' dir='ltr'>Α</span> <span class='ocrx_word' id='word_1_18' title='bbox 1982 523 2289 594; x_wconf 83' lang='grc' dir='ltr'>πονώτερον</span> <span class='ocrx_word' id='word_1_19' title='bbox 2342 523 2636 595; x_wconf 73' lang='grc' dir='ltr'>ἐρευνῶντα</span> <span class='ocrx_word' id='word_1_20' title='bbox 2684 528 2804 602; x_wconf 82' lang='grc' dir='ltr'>περὶ</span> <span class='ocrx_word' id='word_1_21' title='bbox 2856 528 3117 583; x_wconf 78' lang='grc' dir='ltr'>τοιούτων</span> <span class='ocrx_word' id='word_1_22' title='bbox 3168 529 3478 604; x_wconf 72' lang='grc' dir='ltr'>ἐγνωκέναι.</span> <span class='ocrx_word' id='word_1_23' title='bbox 3525 533 3629 588; x_wconf 81' lang='grc' dir='ltr'>Καὶ</span> 
     </span>
    </p>
   </div>
   <div class='ocr_carea' id='block_1_5' title="bbox 219 615 1879 694">
    <p class='ocr_par' dir='ltr' id='par_1_5' title="bbox 219 615 1879 694">
     <span class='ocr_line' id='line_1_5' title="bbox 219 615 1879 694; baseline -0.005 -23"><span class='ocrx_word' id='word_1_24' title='bbox 219 639 301 671; x_wconf 85' lang='grc' dir='ltr'>σαι</span> <span class='ocrx_word' id='word_1_25' title='bbox 354 617 756 692; x_wconf 72' lang='grc' dir='ltr'>μυσταγωγίαν.</span> <span class='ocrx_word' id='word_1_26' title='bbox 789 620 878 679; x_wconf 81' lang='grc' dir='ltr'>Ὡς</span> <span class='ocrx_word' id='word_1_27' title='bbox 926 623 1058 691; x_wconf 75' lang='grc' dir='ltr'>γοῦν</span> <span class='ocrx_word' id='word_1_28' title='bbox 1112 617 1420 694; x_wconf 67' lang='grc' dir='ltr'>ἐπέφωσκεν</span> <span class='ocrx_word' id='word_1_29' title='bbox 1472 619 1505 683; x_wconf 80' lang='grc' dir='ltr'>ἡ</span> <span class='ocrx_word' id='word_1_30' title='bbox 1560 615 1739 687; x_wconf 71' lang='grc' dir='ltr'>ἡμέρα</span> <span class='ocrx_word' id='word_1_31' title='bbox 1791 616 1879 663; x_wconf 67' lang='grc' dir='ltr'>και</span> 
     </span>
    </p>
   </div>
   <div class='ocr_carea' id='block_1_6' title="bbox 217 700 1884 805">
    <p class='ocr_par' dir='ltr' id='par_1_6' title="bbox 217 700 1884 805">
     <span class='ocr_line' id='line_1_6' title="bbox 217 700 1884 805; baseline -0.011 -36"><span class='ocrx_word' id='word_1_32' title='bbox 217 709 311 768; x_wconf 75' lang='grc' dir='ltr'>τὰς</span> <span class='ocrx_word' id='word_1_33' title='bbox 363 709 729 778; x_wconf 73' lang='grc' dir='ltr'>νομιζομένας</span> <span class='ocrx_word' id='word_1_34' title='bbox 777 707 920 781; x_wconf 81' lang='grc' dir='ltr'>ὥρας</span> <span class='ocrx_word' id='word_1_35' title='bbox 967 705 1201 769; x_wconf 81' lang='grc' dir='ltr'>διελθεῖν</span> <span class='ocrx_word' id='word_1_36' title='bbox 1253 703 1484 776; x_wconf 72' lang='grc' dir='ltr'>ἔμελλεν</span> <span class='ocrx_word' id='word_1_37' title='bbox 1518 705 1545 756; x_wconf 89' lang='grc' dir='ltr'>ὁ</span> <span class='ocrx_word' id='word_1_38' title='bbox 1592 700 1884 805; x_wconf 38' lang='grc' dir='ltr'>εἰρχιερψεὺς</span> 
     </span>
    </p>
   </div>
   <div class='ocr_carea' id='block_1_7' title="bbox 220 787 1884 871">
    <p class='ocr_par' dir='ltr' id='par_1_7' title="bbox 220 787 1884 871">
     <span class='ocr_line' id='line_1_7' title="bbox 220 787 1884 871; baseline -0.005 -22"><span class='ocrx_word' id='word_1_39' title='bbox 220 795 297 871; x_wconf 71' lang='grc' dir='ltr'>ἐφ’</span> <span class='ocrx_word' id='word_1_40' title='bbox 323 796 370 865; x_wconf 87' lang='grc' dir='ltr'>ᾦ</span> <span class='ocrx_word' id='word_1_41' title='bbox 402 796 828 870; x_wconf 71' lang='grc' dir='ltr'>λειτουργήσειε,</span> <span class='ocrx_word' id='word_1_42' title='bbox 863 796 1018 870; x_wconf 73' lang='grc' dir='ltr'>σιγὴν</span> <span class='ocrx_word' id='word_1_43' title='bbox 1055 796 1146 866; x_wconf 74' lang='grc' dir='ltr'>μὶν</span> <span class='ocrx_word' id='word_1_44' title='bbox 1198 793 1520 863; x_wconf 72' lang='grc' dir='ltr'>ἐπισκήπτει</span> <span class='ocrx_word' id='word_1_45' title='bbox 1577 796 1692 851; x_wconf 91' lang='grc' dir='ltr'>τοῖς</span> 
     </span>
    </p>
   </div>
   <div class='ocr_carea' id='block_1_8' title="bbox 220 879 1882 955">
    <p class='ocr_par' dir='ltr' id='par_1_8' title="bbox 220 879 1882 955">
     <span class='ocr_line' id='line_1_8' title="bbox 220 879 1882 955; baseline -0.004 -19"><span class='ocrx_word' id='word_1_46' title='bbox 220 885 326 949; x_wconf 84' lang='grc' dir='ltr'>θεν,</span> <span class='ocrx_word' id='word_1_47' title='bbox 359 883 520 943; x_wconf 78' lang='grc' dir='ltr'>αὐτὸς</span> <span class='ocrx_word' id='word_1_48' title='bbox 579 881 636 937; x_wconf 73' lang='grc' dir='ltr'>δὲ</span> <span class='ocrx_word' id='word_1_49' title='bbox 683 885 817 937; x_wconf 78' lang='grc' dir='ltr'>κατὰ</span> <span class='ocrx_word' id='word_1_50' title='bbox 872 884 1040 955; x_wconf 85' lang='grc' dir='ltr'>μόνας</span> <span class='ocrx_word' id='word_1_51' title='bbox 1078 880 1281 955; x_wconf 79' lang='grc' dir='ltr'>ὡμίλει</span> <span class='ocrx_word' id='word_1_52' title='bbox 1315 881 1456 953; x_wconf 82' lang='grc' dir='ltr'>Θεῷ,</span> <span class='ocrx_word' id='word_1_53' title='bbox 1489 879 1701 938; x_wconf 73' lang='grc' dir='ltr'>καὶτὰς</span> <span class='ocrx_word' id='word_1_54' title='bbox 1752 898 1882 939; x_wconf 80' lang='grc' dir='ltr'>συν,</span> 
     </span>
    </p>
   </div>
   <div class='ocr_carea' id='block_1_9' title="bbox 221 966 1886 1045">
    <p class='ocr_par' dir='ltr' id='par_1_9' title="bbox 221 966 1886 1045">
     <span class='ocr_line' id='line_1_9' title="bbox 221 966 1886 1045; baseline -0.004 -22"><span class='ocrx_word' id='word_1_55' title='bbox 221 973 373 1040; x_wconf 66' lang='grc' dir='ltr'>τεθεις</span> <span class='ocrx_word' id='word_1_56' title='bbox 429 971 521 1025; x_wconf 83' lang='grc' dir='ltr'>καὶ</span> <span class='ocrx_word' id='word_1_57' title='bbox 579 970 999 1045; x_wconf 76' lang='grc' dir='ltr'>προτελεστικας</span> <span class='ocrx_word' id='word_1_58' title='bbox 1053 971 1223 1045; x_wconf 68' lang='grc' dir='ltr'>εὐχὰς</span> <span class='ocrx_word' id='word_1_59' title='bbox 1305 971 1420 1042; x_wconf 84' lang='grc' dir='ltr'>μεθ’</span> <span class='ocrx_word' id='word_1_60' title='bbox 1481 970 1562 1022; x_wconf 84' lang='grc' dir='ltr'>δτι</span> <span class='ocrx_word' id='word_1_61' title='bbox 1617 966 1886 1032; x_wconf 80' lang='grc' dir='ltr'>πλείστης</span> 
     </span>
    </p>
   </div>
   <div class='ocr_carea' id='block_1_10' title="bbox 221 1055 1887 1134">
    <p class='ocr_par' dir='ltr' id='par_1_10' title="bbox 221 1055 1887 1134">
     <span class='ocr_line' id='line_1_10' title="bbox 221 1055 1887 1134; baseline -0.004 -22"><span class='ocrx_word' id='word_1_62' title='bbox 221 1056 482 1114; x_wconf 78' lang='grc' dir='ltr'>ἀπεδίδου</span> <span class='ocrx_word' id='word_1_63' title='bbox 539 1068 640 1128; x_wconf 86' lang='grc' dir='ltr'>τῆς</span> <span class='ocrx_word' id='word_1_64' title='bbox 699 1061 956 1134; x_wconf 79' lang='grc' dir='ltr'>ἡσυχίας.</span> <span class='ocrx_word' id='word_1_65' title='bbox 991 1060 1130 1117; x_wconf 84' lang='grc' dir='ltr'>Τότε</span> <span class='ocrx_word' id='word_1_66' title='bbox 1179 1058 1244 1126; x_wconf 81' lang='grc' dir='ltr'>δὴ</span> <span class='ocrx_word' id='word_1_67' title='bbox 1292 1059 1417 1113; x_wconf 87' lang='grc' dir='ltr'>τότε</span> <span class='ocrx_word' id='word_1_68' title='bbox 1474 1056 1686 1130; x_wconf 67' lang='grc' dir='ltr'>λέγεται</span> <span class='ocrx_word' id='word_1_69' title='bbox 1717 1055 1887 1108; x_wconf 78' lang='grc' dir='ltr'>εὶκοῦ-</span> 
     </span>
    </p>
   </div>
   <div class='ocr_carea' id='block_1_11' title="bbox 225 1143 1888 1222">
    <p class='ocr_par' dir='ltr' id='par_1_11' title="bbox 225 1143 1888 1222">
     <span class='ocr_line' id='line_1_11' title="bbox 225 1143 1888 1222; baseline -0.002 -23"><span class='ocrx_word' id='word_1_70' title='bbox 225 1168 313 1200; x_wconf 88' lang='grc' dir='ltr'>σαι</span> <span class='ocrx_word' id='word_1_71' title='bbox 369 1156 554 1222; x_wconf 72' lang='grc' dir='ltr'>φωνῆς</span> <span class='ocrx_word' id='word_1_72' title='bbox 608 1155 709 1216; x_wconf 79' lang='grc' dir='ltr'>τῆς</span> <span class='ocrx_word' id='word_1_73' title='bbox 765 1149 932 1217; x_wconf 73' lang='grc' dir='ltr'>αὐτῆς</span> <span class='ocrx_word' id='word_1_74' title='bbox 984 1147 1186 1202; x_wconf 86' lang='grc' dir='ltr'>ἐκεῖνον</span> <span class='ocrx_word' id='word_1_75' title='bbox 1251 1147 1311 1202; x_wconf 80' lang='grc' dir='ltr'>ἐκ</span> <span class='ocrx_word' id='word_1_76' title='bbox 1367 1147 1578 1220; x_wconf 86' lang='grc' dir='ltr'>τρίτου,</span> <span class='ocrx_word' id='word_1_77' title='bbox 1614 1143 1720 1217; x_wconf 75' lang='grc' dir='ltr'>οὐχ</span> <span class='ocrx_word' id='word_1_78' title='bbox 1775 1144 1888 1213; x_wconf 79' lang='grc' dir='ltr'>ἅμα</span> 
     </span>
    </p>
   </div>
   <div class='ocr_carea' id='block_1_12' title="bbox 224 1232 1885 1309">
    <p class='ocr_par' dir='ltr' id='par_1_12' title="bbox 224 1232 1885 1309">
     <span class='ocr_line' id='line_1_12' title="bbox 224 1232 1885 1309; baseline -0.002 -22"><span class='ocrx_word' id='word_1_79' title='bbox 224 1232 431 1288; x_wconf 79' lang='grc' dir='ltr'>ἀλλ’ἐν</span> <span class='ocrx_word' id='word_1_80' title='bbox 490 1241 567 1305; x_wconf 78' lang='grc' dir='ltr'>τῷ</span> <span class='ocrx_word' id='word_1_81' title='bbox 620 1236 816 1308; x_wconf 77' lang='grc' dir='ltr'>μεταξὺ</span> <span class='ocrx_word' id='word_1_82' title='bbox 870 1240 1062 1309; x_wconf 76' lang='grc' dir='ltr'>καιροῦ</span> <span class='ocrx_word' id='word_1_83' title='bbox 1109 1232 1476 1297; x_wconf 87' lang='grc' dir='ltr'>διαλείποντς.</span> <span class='ocrx_word' id='word_1_84' title='bbox 1532 1236 1614 1306; x_wconf 86' lang='grc' dir='ltr'>[Ρ.</span> <span class='ocrx_word' id='word_1_85' title='bbox 1655 1233 1736 1304; x_wconf 77' lang='grc'>15]</span> <span class='ocrx_word' id='word_1_86' title='bbox 1782 1235 1885 1295; x_wconf 81' lang='grc' dir='ltr'>Καὶ</span> 
     </span>
    </p>
   </div>
   <div class='ocr_carea' id='block_1_13' title="bbox 227 1318 1888 1398">
    <p class='ocr_par' dir='ltr' id='par_1_13' title="bbox 227 1318 1888 1398">
     <span class='ocr_line' id='line_1_13' title="bbox 227 1318 1888 1398; baseline -0.003 -21"><span class='ocrx_word' id='word_1_87' title='bbox 227 1325 259 1389; x_wconf 73' lang='grc' dir='ltr'>ἢ</span> <span class='ocrx_word' id='word_1_88' title='bbox 293 1325 447 1398; x_wconf 69' lang='grc' dir='ltr'>φωνή</span> <span class='ocrx_word' id='word_1_89' title='bbox 482 1324 678 1392; x_wconf 65' lang='grc' dir='ltr'>λέξεως</span> <span class='ocrx_word' id='word_1_90' title='bbox 710 1325 773 1378; x_wconf 78' lang='grc' dir='ltr'>οὐ</span> <span class='ocrx_word' id='word_1_91' title='bbox 806 1326 1100 1394; x_wconf 77' lang='grc' dir='ltr'>συνήθους,</span> <span class='ocrx_word' id='word_1_92' title='bbox 1131 1321 1255 1378; x_wconf 78' lang='grc' dir='ltr'>οὕτε</span> <span class='ocrx_word' id='word_1_93' title='bbox 1291 1325 1397 1393; x_wconf 78' lang='grc' dir='ltr'>μὴν</span> <span class='ocrx_word' id='word_1_94' title='bbox 1430 1323 1534 1397; x_wconf 73' lang='grc' dir='ltr'>οὐχ</span> <span class='ocrx_word' id='word_1_95' title='bbox 1579 1321 1727 1380; x_wconf 74' lang='grc' dir='ltr'>ὅπως</span> <span class='ocrx_word' id='word_1_96' title='bbox 1760 1318 1888 1373; x_wconf 77' lang='grc' dir='ltr'>Ἐλ-</span> 
     </span>
    </p>
   </div>
   <div class='ocr_carea' id='block_1_14' title="bbox 227 1405 1887 1486">
    <p class='ocr_par' dir='ltr' id='par_1_14' title="bbox 227 1405 1887 1486">
     <span class='ocr_line' id='line_1_14' title="bbox 227 1405 1887 1486; baseline -0.005 -18"><span class='ocrx_word' id='word_1_97' title='bbox 227 1411 453 1480; x_wconf 73' lang='grc' dir='ltr'>ληνικὴ,</span> <span class='ocrx_word' id='word_1_98' title='bbox 487 1411 616 1466; x_wconf 82' lang='grc' dir='ltr'>ἀλλ’</span> <span class='ocrx_word' id='word_1_99' title='bbox 644 1410 768 1466; x_wconf 72' lang='grc' dir='ltr'>οὐδὲ</span> <span class='ocrx_word' id='word_1_100' title='bbox 815 1433 920 1466; x_wconf 78' lang='grc' dir='ltr'>τινι</span> <span class='ocrx_word' id='word_1_101' title='bbox 973 1410 1124 1486; x_wconf 73' lang='grc' dir='ltr'>ἑτέρᾳ</span> <span class='ocrx_word' id='word_1_102' title='bbox 1170 1413 1392 1485; x_wconf 76' lang='grc' dir='ltr'>γλώσσῃ</span> <span class='ocrx_word' id='word_1_103' title='bbox 1439 1412 1736 1485; x_wconf 61' lang='grc' dir='ltr'>προσήκειν</span> <span class='ocrx_word' id='word_1_104' title='bbox 1795 1405 1887 1461; x_wconf 86' lang='grc' dir='ltr'>δο-</span> 
     </span>
    </p>
   </div>
   <div class='ocr_carea' id='block_1_15' title="bbox 226 1498 1868 1576">
    <p class='ocr_par' dir='ltr' id='par_1_15' title="bbox 226 1498 1868 1576">
     <span class='ocr_line' id='line_1_15' title="bbox 226 1498 1868 1576; baseline 0 -24"><span class='ocrx_word' id='word_1_105' title='bbox 226 1505 391 1553; x_wconf 67' lang='grc' dir='ltr'>κοῦσα</span> <span class='ocrx_word' id='word_1_106' title='bbox 428 1521 438 1531; x_wconf 92' lang='grc'>·</span> <span class='ocrx_word' id='word_1_107' title='bbox 477 1503 706 1573; x_wconf 79' lang='grc' dir='ltr'>Μάρπου</span> <span class='ocrx_word' id='word_1_108' title='bbox 738 1501 841 1576; x_wconf 78' lang='grc' dir='ltr'>γὰρ</span> <span class='ocrx_word' id='word_1_109' title='bbox 873 1500 1110 1575; x_wconf 83' lang='grc' dir='ltr'>ἐλέγετο,</span> <span class='ocrx_word' id='word_1_110' title='bbox 1143 1500 1232 1554; x_wconf 87' lang='grc' dir='ltr'><strong>καί</strong></span> <span class='ocrx_word' id='word_1_111' title='bbox 1272 1499 1437 1554; x_wconf 72' lang='grc' dir='ltr'>πλέον</span> <span class='ocrx_word' id='word_1_112' title='bbox 1491 1500 1587 1552; x_wconf 76' lang='grc' dir='ltr'>οὐκ</span> <span class='ocrx_word' id='word_1_113' title='bbox 1636 1499 1730 1565; x_wconf 79' lang='grc' dir='ltr'>ἦν.</span> <span class='ocrx_word' id='word_1_114' title='bbox 1773 1498 1868 1572; x_wconf 67' lang='grc' dir='ltr'>Ἐφ</span> 
     </span>
    </p>
   </div>
   <div class='ocr_carea' id='block_1_16' title="bbox 222 1587 1874 1664">
    <p class='ocr_par' dir='ltr' id='par_1_16' title="bbox 222 1587 1874 1664">
     <span class='ocr_line' id='line_1_16' title="bbox 222 1587 1874 1664; baseline -0.002 -22"><span class='ocrx_word' id='word_1_115' title='bbox 222 1589 265 1658; x_wconf 81' lang='grc' dir='ltr'>ᾧ</span> <span class='ocrx_word' id='word_1_116' title='bbox 301 1587 366 1656; x_wconf 75' lang='grc' dir='ltr'>δή</span> <span class='ocrx_word' id='word_1_117' title='bbox 402 1592 751 1660; x_wconf 73' lang='grc' dir='ltr'>θαυμάσαντα</span> <span class='ocrx_word' id='word_1_118' title='bbox 780 1592 870 1643; x_wconf 86' lang='grc' dir='ltr'>τὸν</span> <span class='ocrx_word' id='word_1_119' title='bbox 905 1590 1162 1664; x_wconf 72' lang='grc' dir='ltr'>ἀρχιερέα</span> <span class='ocrx_word' id='word_1_120' title='bbox 1202 1588 1354 1650; x_wconf 76' lang='grc' dir='ltr'>εὐθὺς</span> <span class='ocrx_word' id='word_1_121' title='bbox 1415 1587 1735 1662; x_wconf 80' lang='grc' dir='ltr'>προσελθεῖν</span> <span class='ocrx_word' id='word_1_122' title='bbox 1794 1590 1874 1656; x_wconf 74' lang='grc' dir='ltr'>τῷ</span> 
     </span>
    </p>
   </div>
   <div class='ocr_carea' id='block_1_17' title="bbox 221 1673 1891 1748">
    <p class='ocr_par' dir='ltr' id='par_1_17' title="bbox 221 1673 1891 1748">
     <span class='ocr_line' id='line_1_17' title="bbox 221 1673 1891 1748; baseline -0.001 -20"><span class='ocrx_word' id='word_1_123' title='bbox 221 1675 622 1745; x_wconf 73' lang='grc' dir='ltr'>Θεσσαλονίκης</span> <span class='ocrx_word' id='word_1_124' title='bbox 672 1677 723 1748; x_wconf 86' lang='grc' dir='ltr'>(ὁ</span> <span class='ocrx_word' id='word_1_125' title='bbox 775 1675 1066 1738; x_wconf 62' lang='grc' dir='ltr'>δισᾶπατος</span> <span class='ocrx_word' id='word_1_126' title='bbox 1117 1677 1182 1744; x_wconf 78' lang='grc' dir='ltr'>ἦν</span> <span class='ocrx_word' id='word_1_127' title='bbox 1241 1674 1535 1747; x_wconf 77' lang='grc' dir='ltr'>Μανουήλ)</span> <span class='ocrx_word' id='word_1_128' title='bbox 1569 1675 1657 1728; x_wconf 85' lang='grc' dir='ltr'>καὶ</span> <span class='ocrx_word' id='word_1_129' title='bbox 1713 1673 1891 1746; x_wconf 78' lang='grc' dir='ltr'>ἀπαγ⁸</span> 
     </span>
    </p>
   </div>
   <div class='ocr_carea' id='block_1_18' title="bbox 218 1760 1893 1837">
    <p class='ocr_par' dir='ltr' id='par_1_18' title="bbox 218 1760 1893 1837">
     <span class='ocr_line' id='line_1_18' title="bbox 218 1760 1893 1837; baseline -0.001 -21"><span class='ocrx_word' id='word_1_130' title='bbox 218 1762 397 1837; x_wconf 86' lang='grc' dir='ltr'>γεῖλαι</span> <span class='ocrx_word' id='word_1_131' title='bbox 429 1764 584 1824; x_wconf 81' lang='grc' dir='ltr'>ὅπως</span> <span class='ocrx_word' id='word_1_132' title='bbox 613 1784 670 1817; x_wconf 87' lang='grc' dir='ltr'>τε</span> <span class='ocrx_word' id='word_1_133' title='bbox 703 1765 918 1834; x_wconf 86' lang='grc' dir='ltr'>σταθείη</span> <span class='ocrx_word' id='word_1_134' title='bbox 953 1764 1028 1826; x_wconf 73' lang='grc' dir='ltr'>εἷς</span> <span class='ocrx_word' id='word_1_135' title='bbox 1079 1767 1181 1831; x_wconf 84' lang='grc' dir='ltr'>τήν</span> <span class='ocrx_word' id='word_1_136' title='bbox 1237 1767 1371 1835; x_wconf 72' lang='grc' dir='ltr'>μετὰ</span> <span class='ocrx_word' id='word_1_137' title='bbox 1415 1760 1746 1836; x_wconf 79' lang='grc' dir='ltr'>ψαλμῳδίας</span> <span class='ocrx_word' id='word_1_138' title='bbox 1805 1761 1893 1822; x_wconf 79' lang='grc' dir='ltr'>ἐν,</span> 
     </span>
    </p>
   </div>
   <div class='ocr_carea' id='block_1_19' title="bbox 1992 608 3630 693">
    <p class='ocr_par' dir='ltr' id='par_1_19' title="bbox 1992 608 3630 693">
     <span class='ocr_line' id='line_1_19' title="bbox 1992 608 3630 693; baseline 0.008 -31"><span class='ocrx_word' id='word_1_139' title='bbox 1992 608 2058 677; x_wconf 68' lang='grc' dir='ltr'>δὴ</span> <span class='ocrx_word' id='word_1_140' title='bbox 2113 612 2375 684; x_wconf 79' lang='grc' dir='ltr'>γνωρίσαι</span> <span class='ocrx_word' id='word_1_141' title='bbox 2423 615 2650 676; x_wconf 79' lang='grc' dir='ltr'>θὲΑοντα</span> <span class='ocrx_word' id='word_1_142' title='bbox 2687 621 2854 670; x_wconf 72' lang='grc' dir='ltr'>ταῦτα</span> <span class='ocrx_word' id='word_1_143' title='bbox 2883 619 2926 688; x_wconf 84' lang='grc' dir='ltr'>ᾧ</span> <span class='ocrx_word' id='word_1_144' title='bbox 2950 640 3008 692; x_wconf 90' lang='grc' dir='ltr'>γε</span> <span class='ocrx_word' id='word_1_145' title='bbox 3037 618 3126 671; x_wconf 84' lang='grc' dir='ltr'>καὶ</span> <span class='ocrx_word' id='word_1_146' title='bbox 3158 622 3190 686; x_wconf 81' lang='grc' dir='ltr'>ἡ</span> <span class='ocrx_word' id='word_1_147' title='bbox 3219 627 3317 688; x_wconf 79' lang='grc' dir='ltr'>τῆς</span> <span class='ocrx_word' id='word_1_148' title='bbox 3353 621 3630 693; x_wconf 72' lang='grc' dir='ltr'>βασιλείας</span> 
     </span>
    </p>
   </div>
   <div class='ocr_carea' id='block_1_20' title="bbox 1991 705 3632 782">
    <p class='ocr_par' dir='ltr' id='par_1_20' title="bbox 1991 705 3632 782">
     <span class='ocr_line' id='line_1_20' title="bbox 1991 705 3632 782; baseline 0.006 -30"><span class='ocrx_word' id='word_1_149' title='bbox 1991 708 2336 773; x_wconf 80' lang='grc' dir='ltr'>κατηγγυᾶτο</span> <span class='ocrx_word' id='word_1_150' title='bbox 2395 705 2669 775; x_wconf 65' lang='grc' dir='ltr'>περιωπή,</span> <span class='ocrx_word' id='word_1_151' title='bbox 2731 705 2818 757; x_wconf 83' lang='grc' dir='ltr'>καὶ</span> <span class='ocrx_word' id='word_1_152' title='bbox 2878 706 3153 782; x_wconf 61' lang='grc' dir='ltr'>ἀναφέρειν</span> <span class='ocrx_word' id='word_1_153' title='bbox 3240 711 3354 761; x_wconf 78' lang='grc' dir='ltr'>οἷον</span> <span class='ocrx_word' id='word_1_154' title='bbox 3429 710 3632 763; x_wconf 84' lang='grc' dir='ltr'>ἐκεῖνον</span> 
     </span>
    </p>
   </div>
   <div class='ocr_carea' id='block_1_21' title="bbox 1991 787 3634 868">
    <p class='ocr_par' dir='ltr' id='par_1_21' title="bbox 1991 787 3634 868">
     <span class='ocr_line' id='line_1_21' title="bbox 1991 787 3634 868; baseline 0.007 -28"><span class='ocrx_word' id='word_1_155' title='bbox 1991 794 2088 855; x_wconf 79' lang='grc' dir='ltr'>τῆς</span> <span class='ocrx_word' id='word_1_156' title='bbox 2148 787 2346 858; x_wconf 69' lang='grc' dir='ltr'>λύπης,</span> <span class='ocrx_word' id='word_1_157' title='bbox 2380 789 2492 844; x_wconf 83' lang='grc' dir='ltr'>ἐπεὶ</span> <span class='ocrx_word' id='word_1_158' title='bbox 2549 794 2637 845; x_wconf 82' lang='grc' dir='ltr'>καὶ</span> <span class='ocrx_word' id='word_1_159' title='bbox 2695 793 2819 865; x_wconf 86' lang='grc' dir='ltr'>περὶ</span> <span class='ocrx_word' id='word_1_160' title='bbox 2854 794 2986 867; x_wconf 77' lang='grc' dir='ltr'>αὐτῇ</span> <span class='ocrx_word' id='word_1_161' title='bbox 3017 797 3086 864; x_wconf 70' lang='grc' dir='ltr'>τῇ</span> <span class='ocrx_word' id='word_1_162' title='bbox 3119 800 3230 868; x_wconf 78' lang='grc' dir='ltr'>ζωῇ</span> <span class='ocrx_word' id='word_1_163' title='bbox 3266 794 3543 867; x_wconf 78' lang='grc' dir='ltr'>ἐδεδοίκει,</span> <span class='ocrx_word' id='word_1_164' title='bbox 3575 799 3634 851; x_wconf 87' lang='grc' dir='ltr'>τὸ</span> 
     </span>
    </p>
   </div>
   <div class='ocr_carea' id='block_1_22' title="bbox 1997 872 3633 958">
    <p class='ocr_par' dir='ltr' id='par_1_22' title="bbox 1997 872 3633 958">
     <span class='ocr_line' id='line_1_22' title="bbox 1997 872 3633 958; baseline 0.007 -30"><span class='ocrx_word' id='word_1_165' title='bbox 1997 877 2090 946; x_wconf 78' lang='grc' dir='ltr'>μὲν</span> <span class='ocrx_word' id='word_1_166' title='bbox 2141 875 2202 930; x_wconf 82' lang='grc' dir='ltr'>ἐκ</span> <span class='ocrx_word' id='word_1_167' title='bbox 2253 872 2458 948; x_wconf 77' lang='grc' dir='ltr'>βίϐλων</span> <span class='ocrx_word' id='word_1_168' title='bbox 2512 877 2706 933; x_wconf 71' lang='grc' dir='ltr'>εἰδέναι</span> <span class='ocrx_word' id='word_1_169' title='bbox 2759 881 2937 956; x_wconf 75' lang='grc' dir='ltr'>λέγειν</span> <span class='ocrx_word' id='word_1_170' title='bbox 3005 886 3077 954; x_wconf 80' lang='grc' dir='ltr'>μὴ</span> <span class='ocrx_word' id='word_1_171' title='bbox 3132 880 3280 958; x_wconf 70' lang='grc' dir='ltr'>ἔχειν</span> <span class='ocrx_word' id='word_1_172' title='bbox 3326 884 3512 957; x_wconf 81' lang='grc' dir='ltr'>ἐκείνῳ</span> <span class='ocrx_word' id='word_1_173' title='bbox 3541 907 3633 939; x_wconf 88' lang='grc' dir='ltr'>πι-</span> 
     </span>
    </p>
   </div>
   <div class='ocr_carea' id='block_1_23' title="bbox 1995 963 3634 1046">
    <p class='ocr_par' dir='ltr' id='par_1_23' title="bbox 1995 963 3634 1046">
     <span class='ocr_line' id='line_1_23' title="bbox 1995 963 3634 1046; baseline 0.008 -31"><span class='ocrx_word' id='word_1_174' title='bbox 1995 964 2196 1017; x_wconf 72' lang='grc' dir='ltr'>στεύειν</span> <span class='ocrx_word' id='word_1_175' title='bbox 2231 963 2379 1033; x_wconf 68' lang='grc' dir='ltr'>(οὐδὲ</span> <span class='ocrx_word' id='word_1_176' title='bbox 2434 969 2536 1040; x_wconf 73' lang='grc' dir='ltr'>γὰρ</span> <span class='ocrx_word' id='word_1_177' title='bbox 2594 969 2872 1042; x_wconf 70' lang='grc' dir='ltr'>ἀραρότως</span> <span class='ocrx_word' id='word_1_178' title='bbox 2932 971 3047 1044; x_wconf 75' lang='grc' dir='ltr'>εἶχε</span> <span class='ocrx_word' id='word_1_179' title='bbox 3105 978 3222 1033; x_wconf 82' lang='grc' dir='ltr'>ταῖς</span> <span class='ocrx_word' id='word_1_180' title='bbox 3280 969 3494 1046; x_wconf 69' lang='grc' dir='ltr'>βίϐλοις</span> <span class='ocrx_word' id='word_1_181' title='bbox 3555 972 3634 1028; x_wconf 83' lang='grc' dir='ltr'>ἐπ’</span> 
     </span>
    </p>
   </div>
   <div class='ocr_carea' id='block_1_24' title="bbox 1993 1049 3636 1139">
    <p class='ocr_par' dir='ltr' id='par_1_24' title="bbox 1993 1049 3636 1139">
     <span class='ocr_line' id='line_1_24' title="bbox 1993 1049 3636 1139; baseline 0.007 -35"><span class='ocrx_word' id='word_1_182' title='bbox 1993 1049 2226 1120; x_wconf 79' lang='grc' dir='ltr'>ἀδήλοις</span> <span class='ocrx_word' id='word_1_183' title='bbox 2277 1061 2395 1116; x_wconf 88' lang='grc' dir='ltr'>ταῖς</span> <span class='ocrx_word' id='word_1_184' title='bbox 2456 1054 2796 1126; x_wconf 66' lang='grc' dir='ltr'>ἀποϐάσεσι),</span> <span class='ocrx_word' id='word_1_185' title='bbox 2851 1061 2911 1112; x_wconf 86' lang='grc' dir='ltr'>τὸ</span> <span class='ocrx_word' id='word_1_186' title='bbox 2969 1057 3016 1113; x_wconf 75' lang='grc' dir='ltr'>δ’</span> <span class='ocrx_word' id='word_1_187' title='bbox 3070 1062 3128 1114; x_wconf 82' lang='grc' dir='ltr'>ἐκ</span> <span class='ocrx_word' id='word_1_188' title='bbox 3187 1067 3321 1115; x_wconf 70' lang='grc' dir='ltr'>Θεοῦ</span> <span class='ocrx_word' id='word_1_189' title='bbox 3397 1068 3636 1139; x_wconf 78' lang='grc' dir='ltr'>φανερῶς</span> 
     </span>
    </p>
   </div>
   <div class='ocr_carea' id='block_1_25' title="bbox 1996 1137 3636 1222">
    <p class='ocr_par' dir='ltr' id='par_1_25' title="bbox 1996 1137 3636 1222">
     <span class='ocr_line' id='line_1_25' title="bbox 1996 1137 3636 1222; baseline 0.009 -33"><span class='ocrx_word' id='word_1_190' title='bbox 1996 1137 2242 1207; x_wconf 79' lang='grc' dir='ltr'>ἀκοῦσαι,</span> <span class='ocrx_word' id='word_1_191' title='bbox 2280 1143 2354 1212; x_wconf 73' lang='grc' dir='ltr'><strong>μὴ</strong></span> <span class='ocrx_word' id='word_1_192' title='bbox 2386 1144 2470 1195; x_wconf 81' lang='grc' dir='ltr'>καὶ</span> <span class='ocrx_word' id='word_1_193' title='bbox 2505 1143 2776 1207; x_wconf 74' lang='grc' dir='ltr'>πολλάκις</span> <span class='ocrx_word' id='word_1_194' title='bbox 2835 1147 2926 1200; x_wconf 75' lang='grc' dir='ltr'>τὸ)</span> <span class='ocrx_word' id='word_1_195' title='bbox 2978 1146 3146 1222; x_wconf 78' lang='grc' dir='ltr'>λόγον</span> <span class='ocrx_word' id='word_1_196' title='bbox 3202 1150 3469 1204; x_wconf 68' lang='grc' dir='ltr'>πιστεύειν</span> <span class='ocrx_word' id='word_1_197' title='bbox 3522 1149 3636 1204; x_wconf 82' lang='grc' dir='ltr'>δια-</span> 
     </span>
    </p>
   </div>
   <div class='ocr_carea' id='block_1_26' title="bbox 1994 1226 3635 1314">
    <p class='ocr_par' dir='ltr' id='par_1_26' title="bbox 1994 1226 3635 1314">
     <span class='ocr_line' id='line_1_26' title="bbox 1994 1226 3635 1314; baseline 0.009 -34"><span class='ocrx_word' id='word_1_198' title='bbox 1994 1234 2172 1281; x_wconf 80' lang='grc' dir='ltr'>πεσεῖν</span> <span class='ocrx_word' id='word_1_199' title='bbox 2204 1226 2519 1299; x_wconf 73' lang='grc' dir='ltr'>δεδοικέναι,</span> <span class='ocrx_word' id='word_1_200' title='bbox 2551 1234 2640 1286; x_wconf 88' lang='grc' dir='ltr'>καὶ</span> <span class='ocrx_word' id='word_1_201' title='bbox 2673 1234 2759 1288; x_wconf 74' lang='grc' dir='ltr'>διὰ</span> <span class='ocrx_word' id='word_1_202' title='bbox 2805 1240 2972 1289; x_wconf 76' lang='grc' dir='ltr'>ταῦτα</span> <span class='ocrx_word' id='word_1_203' title='bbox 3027 1243 3105 1306; x_wconf 80' lang='grc' dir='ltr'>τῷ</span> <span class='ocrx_word' id='word_1_204' title='bbox 3154 1238 3461 1314; x_wconf 76' lang='grc' dir='ltr'>Δυρραχίου</span> <span class='ocrx_word' id='word_1_205' title='bbox 3514 1241 3635 1313; x_wconf 84' lang='grc' dir='ltr'>περὶ</span> 
     </span>
    </p>
   </div>
   <div class='ocr_carea' id='block_1_27' title="bbox 1993 1318 3641 1397">
    <p class='ocr_par' dir='ltr' id='par_1_27' title="bbox 1993 1318 3641 1397">
     <span class='ocr_line' id='line_1_27' title="bbox 1993 1318 3641 1397; baseline 0.009 -30"><span class='ocrx_word' id='word_1_206' title='bbox 1993 1320 2101 1368; x_wconf 78' lang='grc' dir='ltr'>τῶν</span> <span class='ocrx_word' id='word_1_207' title='bbox 2133 1318 2398 1372; x_wconf 76' lang='grc' dir='ltr'>τοιούτων</span> <span class='ocrx_word' id='word_1_208' title='bbox 2428 1321 2960 1397; x_wconf 73' lang='grc' dir='ltr'>κοινολογησάμενον</span> <span class='ocrx_word' id='word_1_209' title='bbox 3009 1326 3154 1396; x_wconf 76' lang='grc' dir='ltr'>αὐτῷ</span> <span class='ocrx_word' id='word_1_210' title='bbox 3205 1329 3298 1397; x_wconf 79' lang='grc' dir='ltr'>μὲν</span> <span class='ocrx_word' id='word_1_211' title='bbox 3356 1328 3641 1390; x_wconf 68' lang='grc' dir='ltr'>ὑποθέσθαι</span> 
     </span>
    </p>
   </div>
   <div class='ocr_carea' id='block_1_28' title="bbox 1999 1403 3639 1482">
    <p class='ocr_par' dir='ltr' id='par_1_28' title="bbox 1999 1403 3639 1482">
     <span class='ocr_line' id='line_1_28' title="bbox 1999 1403 3639 1482; baseline 0.007 -25"><span class='ocrx_word' id='word_1_212' title='bbox 1999 1403 2168 1478; x_wconf 70' lang='grc' dir='ltr'>λέγειν</span> <span class='ocrx_word' id='word_1_213' title='bbox 2224 1413 2322 1474; x_wconf 76' lang='grc' dir='ltr'>τῆς</span> <span class='ocrx_word' id='word_1_214' title='bbox 2382 1416 2564 1482; x_wconf 75' lang='grc' dir='ltr'>φωνῆς</span> <span class='ocrx_word' id='word_1_215' title='bbox 2634 1412 2879 1478; x_wconf 67' lang='grc' dir='ltr'>ἀκοῦσαι,</span> <span class='ocrx_word' id='word_1_216' title='bbox 2926 1412 3125 1467; x_wconf 85' lang='grc' dir='ltr'>ἐκεῖνον</span> <span class='ocrx_word' id='word_1_217' title='bbox 3187 1412 3232 1468; x_wconf 82' lang='grc' dir='ltr'>δ’</span> <span class='ocrx_word' id='word_1_218' title='bbox 3289 1415 3639 1471; x_wconf 70' lang='grc' dir='ltr'>ἀναπτύσσειν</span> 
     </span>
    </p>
   </div>
   <div class='ocr_carea' id='block_1_29' title="bbox 1997 1499 3645 1580">
    <p class='ocr_par' dir='ltr' id='par_1_29' title="bbox 1997 1499 3645 1580">
     <span class='ocr_line' id='line_1_29' title="bbox 1997 1499 3645 1580; baseline 0.008 -34"><span class='ocrx_word' id='word_1_219' title='bbox 1997 1503 2409 1562; x_wconf 69' lang='grc' dir='ltr'>προσποιεῖσθαι</span> <span class='ocrx_word' id='word_1_220' title='bbox 2469 1502 2603 1572; x_wconf 89' lang='grc' dir='ltr'>πρὸς</span> <span class='ocrx_word' id='word_1_221' title='bbox 2652 1499 2782 1575; x_wconf 80' lang='grc' dir='ltr'>ὅπερ</span> <span class='ocrx_word' id='word_1_222' title='bbox 2843 1503 2929 1554; x_wconf 80' lang='grc' dir='ltr'>καὶ</span> <span class='ocrx_word' id='word_1_223' title='bbox 2984 1502 3243 1576; x_wconf 71' lang='grc' dir='ltr'>βούλοιτο</span> <span class='ocrx_word' id='word_1_224' title='bbox 3273 1507 3370 1573; x_wconf 71' lang='grc' dir='ltr'>τήν</span> <span class='ocrx_word' id='word_1_225' title='bbox 3402 1508 3526 1580; x_wconf 86' lang='grc' dir='ltr'>παρ’</span> <span class='ocrx_word' id='word_1_226' title='bbox 3557 1506 3645 1559; x_wconf 79' lang='grc' dir='ltr'>αό-</span> 
     </span>
    </p>
   </div>
   <div class='ocr_carea' id='block_1_30' title="bbox 1997 1587 3640 1668">
    <p class='ocr_par' dir='ltr' id='par_1_30' title="bbox 1997 1587 3640 1668">
     <span class='ocr_line' id='line_1_30' title="bbox 1997 1587 3640 1668; baseline 0.008 -34"><span class='ocrx_word' id='word_1_227' title='bbox 1997 1587 2093 1636; x_wconf 79' lang='grc' dir='ltr'>τοῦ</span> <span class='ocrx_word' id='word_1_228' title='bbox 2152 1588 2482 1640; x_wconf 78' lang='grc' dir='ltr'>συντεθεῖσαν</span> <span class='ocrx_word' id='word_1_229' title='bbox 2542 1587 2705 1657; x_wconf 75' lang='grc' dir='ltr'>λέξιν.</span> <span class='ocrx_word' id='word_1_230' title='bbox 2759 1593 2824 1645; x_wconf 63' lang='grc' dir='ltr'>*Α</span> <span class='ocrx_word' id='word_1_231' title='bbox 3001 1593 3077 1662; x_wconf 78' lang='grc' dir='ltr'>τῷ</span> <span class='ocrx_word' id='word_1_232' title='bbox 3127 1591 3496 1668; x_wconf 83' lang='grc' dir='ltr'>Παλαιολόγῳ</span> <span class='ocrx_word' id='word_1_233' title='bbox 3551 1617 3640 1648; x_wconf 84' lang='grc' dir='ltr'>πι-</span> 
     </span>
    </p>
   </div>
   <div class='ocr_carea' id='block_1_31' title="bbox 2000 1674 3644 1757">
    <p class='ocr_par' dir='ltr' id='par_1_31' title="bbox 2000 1674 3644 1757">
     <span class='ocr_line' id='line_1_31' title="bbox 2000 1674 3644 1757; baseline 0.007 -32"><span class='ocrx_word' id='word_1_234' title='bbox 2000 1674 2272 1734; x_wconf 69' lang='grc' dir='ltr'>στεύοντες</span> <span class='ocrx_word' id='word_1_235' title='bbox 2329 1677 2416 1728; x_wconf 88' lang='grc' dir='ltr'><strong>καί</strong></span> <span class='ocrx_word' id='word_1_236' title='bbox 2486 1677 2783 1752; x_wconf 77' lang='grc' dir='ltr'>ἀμφότεροι</span> <span class='ocrx_word' id='word_1_237' title='bbox 2852 1678 3051 1734; x_wconf 73' lang='grc' dir='ltr'>ἐκεῖνον</span> <span class='ocrx_word' id='word_1_238' title='bbox 3125 1683 3218 1752; x_wconf 72' lang='grc' dir='ltr'>μὲν</span> <span class='ocrx_word' id='word_1_239' title='bbox 3281 1683 3363 1736; x_wconf 74' lang='grc' dir='ltr'>ἐπ’</span> <span class='ocrx_word' id='word_1_240' title='bbox 3417 1683 3644 1757; x_wconf 71' lang='grc' dir='ltr'>ἀγαθαῖς</span> 
     </span>
    </p>
   </div>
   <div class='ocr_carea' id='block_1_32' title="bbox 2001 1760 3645 1844">
    <p class='ocr_par' dir='ltr' id='par_1_32' title="bbox 2001 1760 3645 1844">
     <span class='ocr_line' id='line_1_32' title="bbox 2001 1760 3645 1844; baseline 0.007 -29"><span class='ocrx_word' id='word_1_241' title='bbox 2001 1760 2212 1816; x_wconf 74' lang='grc' dir='ltr'>ἐλπίσιν</span> <span class='ocrx_word' id='word_1_242' title='bbox 2246 1765 2392 1839; x_wconf 80' lang='grc' dir='ltr'>εἶχον</span> <span class='ocrx_word' id='word_1_243' title='bbox 2456 1767 2826 1842; x_wconf 75' lang='grc' dir='ltr'>μετεωρίζειν,</span> <span class='ocrx_word' id='word_1_244' title='bbox 2857 1769 3067 1831; x_wconf 73' lang='grc' dir='ltr'>ἑαυτοῖς</span> <span class='ocrx_word' id='word_1_245' title='bbox 3128 1768 3205 1840; x_wconf 81' lang='grc' dir='ltr'>δὲ,</span> <span class='ocrx_word' id='word_1_246' title='bbox 3239 1770 3283 1824; x_wconf 85' lang='grc' dir='ltr'>εί</span> <span class='ocrx_word' id='word_1_247' title='bbox 3336 1773 3413 1844; x_wconf 83' lang='grc' dir='ltr'>μὴ</span> <span class='ocrx_word' id='word_1_248' title='bbox 3473 1771 3645 1835; x_wconf 77' lang='grc' dir='ltr'>οὕτως</span> 
     </span>
    </p>
   </div>
   <div class='ocr_carea' id='block_1_33' title="bbox 217 1845 3646 1947">
    <p class='ocr_par' dir='ltr' id='par_1_33' title="bbox 217 1845 3646 1947">
     <span class='ocr_line' id='line_1_33' title="bbox 217 1845 3646 1947; baseline 0.004 -46"><span class='ocrx_word' id='word_1_249' title='bbox 217 1851 411 1924; x_wconf 73' lang='grc' dir='ltr'>τυχίαν</span> <span class='ocrx_word' id='word_1_250' title='bbox 450 1853 604 1919; x_wconf 75' lang='grc' dir='ltr'>Θεοῦ,</span> <span class='ocrx_word' id='word_1_251' title='bbox 636 1855 724 1907; x_wconf 82' lang='grc' dir='ltr'>καὶ</span> <span class='ocrx_word' id='word_1_252' title='bbox 758 1852 907 1915; x_wconf 80' lang='grc' dir='ltr'>ὅπως</span> <span class='ocrx_word' id='word_1_253' title='bbox 938 1853 1265 1926; x_wconf 83' lang='grc' dir='ltr'>ἀπροόπτως</span> <span class='ocrx_word' id='word_1_254' title='bbox 1311 1853 1566 1930; x_wconf 76' lang='grc' dir='ltr'>ἀφίκοιτο</span> <span class='ocrx_word' id='word_1_255' title='bbox 1612 1854 1648 1922; x_wconf 79' lang='grc' dir='ltr'><strong>ὴ</strong></span> <span class='ocrx_word' id='word_1_256' title='bbox 1695 1851 1874 1928; x_wconf 72' lang='grc' dir='ltr'>φωνὴ,</span> <span class='ocrx_word' id='word_1_257' title='bbox 1909 1878 1958 1947; x_wconf 66' lang='grc' dir='ltr'><strong>Β</strong></span> <span class='ocrx_word' id='word_1_258' title='bbox 2000 1845 2266 1920; x_wconf 73' lang='grc' dir='ltr'>ἀποϐαίη.</span> <span class='ocrx_word' id='word_1_259' title='bbox 2300 1852 2623 1926; x_wconf 75' lang='grc' dir='ltr'>παραίτησιν</span> <span class='ocrx_word' id='word_1_260' title='bbox 2655 1854 3013 1912; x_wconf 76' lang='grc' dir='ltr'>ὑπελείποντο</span> <span class='ocrx_word' id='word_1_261' title='bbox 3063 1859 3136 1920; x_wconf 84' lang='grc' dir='ltr'>ὡς</span> <span class='ocrx_word' id='word_1_262' title='bbox 3187 1862 3490 1933; x_wconf 80' lang='grc' dir='ltr'>ἁμαρτοῦσι</span> <span class='ocrx_word' id='word_1_263' title='bbox 3545 1867 3646 1928; x_wconf 79' lang='grc' dir='ltr'>τῆς</span> 
     </span>
    </p>
   </div>
   <div class='ocr_carea' id='block_1_34' title="bbox 223 1938 1876 2015">
    <p class='ocr_par' dir='ltr' id='par_1_34' title="bbox 223 1938 1876 2015">
     <span class='ocr_line' id='line_1_34' title="bbox 223 1938 1876 2015; baseline 0 -22"><span class='ocrx_word' id='word_1_264' title='bbox 223 1942 570 2014; x_wconf 79' lang='grc' dir='ltr'>Αογιζομὲνῳ</span> <span class='ocrx_word' id='word_1_265' title='bbox 598 1941 722 2015; x_wconf 82' lang='grc' dir='ltr'>περὶ</span> <span class='ocrx_word' id='word_1_266' title='bbox 772 1942 846 1994; x_wconf 85' lang='grc' dir='ltr'>ὧν</span> <span class='ocrx_word' id='word_1_267' title='bbox 908 1940 1216 2015; x_wconf 81' lang='grc' dir='ltr'>λογίζεσθαι</span> <span class='ocrx_word' id='word_1_268' title='bbox 1271 1938 1398 2013; x_wconf 74' lang='grc' dir='ltr'>ἔφη.</span> <span class='ocrx_word' id='word_1_269' title='bbox 1434 1940 1536 1997; x_wconf 84' lang='grc' dir='ltr'>Καὶ</span> <span class='ocrx_word' id='word_1_270' title='bbox 1585 1939 1876 2003; x_wconf 67' lang='grc' dir='ltr'>ἐφ’ἱκανὸν</span> 
     </span>
    </p>
   </div>
   <div class='ocr_carea' id='block_1_35' title="bbox 219 2025 1880 2102">
    <p class='ocr_par' dir='ltr' id='par_1_35' title="bbox 219 2025 1880 2102">
     <span class='ocr_line' id='line_1_35' title="bbox 219 2025 1880 2102; baseline -0.001 -19"><span class='ocrx_word' id='word_1_271' title='bbox 219 2029 316 2095; x_wconf 78' lang='grc' dir='ltr'>τήν</span> <span class='ocrx_word' id='word_1_272' title='bbox 349 2026 495 2098; x_wconf 71' lang='grc' dir='ltr'>λέξιν</span> <span class='ocrx_word' id='word_1_273' title='bbox 559 2030 1010 2101; x_wconf 78' lang='grc' dir='ltr'>σκεψάμενον,τὸ</span> <span class='ocrx_word' id='word_1_274' title='bbox 1057 2025 1266 2102; x_wconf 74' lang='grc' dir='ltr'>συμϐὰν</span> <span class='ocrx_word' id='word_1_275' title='bbox 1317 2029 1403 2083; x_wconf 67' lang='grc' dir='ltr'>ἐπὶ</span> <span class='ocrx_word' id='word_1_276' title='bbox 1448 2029 1511 2084; x_wconf 84' lang='grc' dir='ltr'>τὸ</span> <span class='ocrx_word' id='word_1_277' title='bbox 1561 2026 1731 2083; x_wconf 67' lang='grc' dir='ltr'>πάλαι</span> <span class='ocrx_word' id='word_1_278' title='bbox 1779 2027 1880 2083; x_wconf 67' lang='lat' dir='ltr'>Bi-</span> 
     </span>
    </p>
   </div>
   <div class='ocr_carea' id='block_1_36' title="bbox 221 2112 1880 2194">
    <p class='ocr_par' dir='ltr' id='par_1_36' title="bbox 221 2112 1880 2194">
     <span class='ocr_line' id='line_1_36' title="bbox 221 2112 1880 2194; baseline -0.002 -20"><span class='ocrx_word' id='word_1_279' title='bbox 221 2117 355 2179; x_wconf 84' lang='grc' dir='ltr'>κλας</span> <span class='ocrx_word' id='word_1_280' title='bbox 410 2112 599 2172; x_wconf 74' lang='grc' dir='ltr'>λαϐεῖν</span> <span class='ocrx_word' id='word_1_281' title='bbox 643 2117 731 2172; x_wconf 73' lang='grc' dir='ltr'>ἰπὶ</span> <span class='ocrx_word' id='word_1_282' title='bbox 781 2117 1085 2193; x_wconf 81' lang='grc' dir='ltr'>λογισμῶν,</span> <span class='ocrx_word' id='word_1_283' title='bbox 1112 2118 1200 2174; x_wconf 71' lang='grc' dir='ltr'>καὶ</span> <span class='ocrx_word' id='word_1_284' title='bbox 1230 2119 1299 2173; x_wconf 80' lang='grc' dir='ltr'>τὰ</span> <span class='ocrx_word' id='word_1_285' title='bbox 1329 2122 1580 2194; x_wconf 84' lang='grc' dir='ltr'>στοιχεῖα</span> <span class='ocrx_word' id='word_1_286' title='bbox 1634 2123 1734 2186; x_wconf 81' lang='grc' dir='ltr'>τῆς</span> <span class='ocrx_word' id='word_1_287' title='bbox 1788 2114 1880 2172; x_wconf 64' lang='grc' dir='ltr'>λί-</span> 
     </span>
    </p>
   </div>
   <div class='ocr_carea' id='block_1_37' title="bbox 224 2203 1882 2284">
    <p class='ocr_par' dir='ltr' id='par_1_37' title="bbox 224 2203 1882 2284">
     <span class='ocr_line' id='line_1_37' title="bbox 224 2203 1882 2284; baseline 0.001 -24"><span class='ocrx_word' id='word_1_288' title='bbox 224 2210 352 2278; x_wconf 79' lang='grc' dir='ltr'>εεως</span> <span class='ocrx_word' id='word_1_289' title='bbox 413 2205 784 2278; x_wconf 76' lang='grc' dir='ltr'>ἀναπτύξαντα</span> <span class='ocrx_word' id='word_1_290' title='bbox 839 2203 1120 2282; x_wconf 75' lang='grc' dir='ltr'>ἀριδήλως</span> <span class='ocrx_word' id='word_1_291' title='bbox 1178 2205 1341 2284; x_wconf 71' lang='grc' dir='ltr'>φάναι</span> <span class='ocrx_word' id='word_1_292' title='bbox 1413 2207 1515 2276; x_wconf 78' lang='grc' dir='ltr'>τὴν</span> <span class='ocrx_word' id='word_1_293' title='bbox 1600 2203 1882 2281; x_wconf 78' lang='grc' dir='ltr'>βασιλείαν</span> 
     </span>
    </p>
   </div>
   <div class='ocr_carea' id='block_1_38' title="bbox 221 2292 1882 2370">
    <p class='ocr_par' dir='ltr' id='par_1_38' title="bbox 221 2292 1882 2370">
     <span class='ocr_line' id='line_1_38' title="bbox 221 2292 1882 2370; baseline -0.002 -17"><span class='ocrx_word' id='word_1_294' title='bbox 221 2294 514 2366; x_wconf 77' lang='grc' dir='ltr'>Ῥωμαίων</span> <span class='ocrx_word' id='word_1_295' title='bbox 575 2299 652 2366; x_wconf 80' lang='grc' dir='ltr'>τῷ</span> <span class='ocrx_word' id='word_1_296' title='bbox 722 2293 1088 2370; x_wconf 85' lang='grc' dir='ltr'>Παλαιολόγῳ</span> <span class='ocrx_word' id='word_1_297' title='bbox 1147 2295 1535 2367; x_wconf 82' lang='grc' dir='ltr'>μνηστεύεσθαι</span> <span class='ocrx_word' id='word_1_298' title='bbox 1571 2314 1583 2328; x_wconf 90' lang='grc'><strong>·</strong></span> <span class='ocrx_word' id='word_1_299' title='bbox 1647 2292 1882 2370; x_wconf 67' lang='grc' dir='ltr'>Μιχαὴλ</span> 
     </span>
    </p>
   </div>
   <div class='ocr_carea' id='block_1_39' title="bbox 220 2382 1882 2459">
    <p class='ocr_par' dir='ltr' id='par_1_39' title="bbox 220 2382 1882 2459">
     <span class='ocr_line' id='line_1_39' title="bbox 220 2382 1882 2459; baseline 0.014 -28"><span class='ocrx_word' id='word_1_300' title='bbox 220 2385 320 2459; x_wconf 74' lang='grc' dir='ltr'>γὰρ</span> <span class='ocrx_word' id='word_1_301' title='bbox 354 2385 520 2452; x_wconf 80' lang='grc' dir='ltr'>’Άναξ</span> <span class='ocrx_word' id='word_1_302' title='bbox 570 2383 854 2455; x_wconf 82' lang='grc' dir='ltr'>Ῥωμαίων</span> <span class='ocrx_word' id='word_1_303' title='bbox 916 2382 1299 2458; x_wconf 83' lang='grc' dir='ltr'>Παλαιολόγος</span> <span class='ocrx_word' id='word_1_304' title='bbox 1359 2385 1561 2454; x_wconf 72' lang='grc' dir='ltr'>Ὀξὲως</span> <span class='ocrx_word' id='word_1_305' title='bbox 1601 2384 1882 2456; x_wconf 76' lang='grc' dir='ltr'>Ὑμνηοτί-</span> 
     </span>
    </p>
   </div>
   <div class='ocr_carea' id='block_1_40' title="bbox 222 2468 1882 2545">
    <p class='ocr_par' dir='ltr' id='par_1_40' title="bbox 222 2468 1882 2545">
     <span class='ocr_line' id='line_1_40' title="bbox 222 2468 1882 2545; baseline 0 -19"><span class='ocrx_word' id='word_1_306' title='bbox 222 2493 392 2541; x_wconf 84' lang='grc' dir='ltr'>σεται,</span> <span class='ocrx_word' id='word_1_307' title='bbox 431 2473 505 2533; x_wconf 84' lang='grc' dir='ltr'>ὡς</span> <span class='ocrx_word' id='word_1_308' title='bbox 559 2469 866 2545; x_wconf 69' lang='grc' dir='ltr'>ἔλεγε,τήν</span> <span class='ocrx_word' id='word_1_309' title='bbox 923 2469 1066 2541; x_wconf 73' lang='grc' dir='ltr'>λέξιν</span> <span class='ocrx_word' id='word_1_310' title='bbox 1123 2469 1349 2542; x_wconf 80' lang='grc' dir='ltr'>δηλοῦν.</span> <span class='ocrx_word' id='word_1_311' title='bbox 1405 2471 1525 2528; x_wconf 72' lang='grc' dir='ltr'>Εἰσὶ</span> <span class='ocrx_word' id='word_1_312' title='bbox 1585 2468 1631 2526; x_wconf 85' lang='grc' dir='ltr'>δ’</span> <span class='ocrx_word' id='word_1_313' title='bbox 1686 2469 1882 2535; x_wconf 66' lang='grc' dir='ltr'>οἵτινες</span> 
     </span>
    </p>
   </div>
   <div class='ocr_carea' id='block_1_41' title="bbox 231 2560 1882 2636">
    <p class='ocr_par' dir='ltr' id='par_1_41' title="bbox 231 2560 1882 2636">
     <span class='ocr_line' id='line_1_41' title="bbox 231 2560 1882 2636; baseline -0.001 -21"><span class='ocrx_word' id='word_1_314' title='bbox 231 2561 454 2636; x_wconf 69' lang='grc' dir='ltr'>λέγουσι</span> <span class='ocrx_word' id='word_1_315' title='bbox 518 2562 657 2632; x_wconf 80' lang='grc' dir='ltr'>μήτε</span> <span class='ocrx_word' id='word_1_316' title='bbox 712 2561 804 2614; x_wconf 88' lang='grc' dir='ltr'>τὸν</span> <span class='ocrx_word' id='word_1_317' title='bbox 852 2560 1163 2635; x_wconf 73' lang='grc' dir='ltr'>Δυρῥαγίου</span> <span class='ocrx_word' id='word_1_318' title='bbox 1205 2565 1430 2616; x_wconf 80' lang='grc' dir='ltr'>τοιαῦτα</span> <span class='ocrx_word' id='word_1_319' title='bbox 1460 2561 1686 2614; x_wconf 77' lang='grc' dir='ltr'>ἀκοῦσαι</span> <span class='ocrx_word' id='word_1_320' title='bbox 1743 2567 1882 2632; x_wconf 79' lang='grc' dir='ltr'>μήτε</span> 
     </span>
    </p>
   </div>
   <div class='ocr_carea' id='block_1_42' title="bbox 221 2644 1882 2726">
    <p class='ocr_par' dir='ltr' id='par_1_42' title="bbox 221 2644 1882 2726">
     <span class='ocr_line' id='line_1_42' title="bbox 221 2644 1882 2726; baseline -0.001 -22"><span class='ocrx_word' id='word_1_321' title='bbox 221 2651 312 2704; x_wconf 87' lang='grc' dir='ltr'>τὸν</span> <span class='ocrx_word' id='word_1_322' title='bbox 374 2647 779 2718; x_wconf 85' lang='grc' dir='ltr'>Θεσσαλονίκης</span> <span class='ocrx_word' id='word_1_323' title='bbox 827 2653 1051 2703; x_wconf 76' lang='grc' dir='ltr'>τοιαῦτα</span> <span class='ocrx_word' id='word_1_324' title='bbox 1098 2644 1480 2725; x_wconf 79' lang='grc' dir='ltr'>φοιϐἀσασθαι,</span> <span class='ocrx_word' id='word_1_325' title='bbox 1515 2649 1661 2704; x_wconf 73' lang='grc' dir='ltr'>ἀλλὰ</span> <span class='ocrx_word' id='word_1_326' title='bbox 1717 2649 1882 2726; x_wconf 76' lang='grc' dir='ltr'>σοφὸν</span> 
     </span>
    </p>
   </div>
   <div class='ocr_carea' id='block_1_43' title="bbox 225 2733 1881 2813">
    <p class='ocr_par' dir='ltr' id='par_1_43' title="bbox 225 2733 1881 2813">
     <span class='ocr_line' id='line_1_43' title="bbox 225 2733 1881 2813; baseline 0 -21"><span class='ocrx_word' id='word_1_327' title='bbox 225 2738 429 2792; x_wconf 79' lang='grc' dir='ltr'>ἐκεῖνον</span> <span class='ocrx_word' id='word_1_328' title='bbox 491 2734 640 2808; x_wconf 76' lang='grc' dir='ltr'>ὄντα,</span> <span class='ocrx_word' id='word_1_329' title='bbox 671 2737 761 2791; x_wconf 84' lang='grc' dir='ltr'>καὶ</span> <span class='ocrx_word' id='word_1_330' title='bbox 819 2738 942 2813; x_wconf 81' lang='grc' dir='ltr'>περὶ</span> <span class='ocrx_word' id='word_1_331' title='bbox 998 2738 1246 2800; x_wconf 81' lang='grc' dir='ltr'>τοιαύτας</span> <span class='ocrx_word' id='word_1_332' title='bbox 1302 2733 1528 2811; x_wconf 76' lang='grc' dir='ltr'>βίϐλους</span> <span class='ocrx_word' id='word_1_333' title='bbox 1560 2740 1614 2792; x_wconf 85' lang='grc' dir='ltr'>αἳ</span> <span class='ocrx_word' id='word_1_334' title='bbox 1666 2735 1733 2806; x_wconf 75' lang='grc' dir='ltr'>δὴ</span> <span class='ocrx_word' id='word_1_335' title='bbox 1791 2740 1881 2792; x_wconf 75' lang='grc' dir='ltr'>καὶ</span> 
     </span>
    </p>
   </div>
   <div class='ocr_carea' id='block_1_44' title="bbox 231 2824 1879 2904">
    <p class='ocr_par' dir='ltr' id='par_1_44' title="bbox 231 2824 1879 2904">
     <span class='ocr_line' id='line_1_44' title="bbox 231 2824 1879 2904; baseline 0.001 -23"><span class='ocrx_word' id='word_1_336' title='bbox 231 2825 520 2902; x_wconf 86' lang='grc' dir='ltr'>βασιλείας</span> <span class='ocrx_word' id='word_1_337' title='bbox 549 2825 602 2890; x_wconf 73' lang='grc' dir='ltr'>ἐς</span> <span class='ocrx_word' id='word_1_338' title='bbox 644 2826 871 2881; x_wconf 80' lang='grc' dir='ltr'>τούπιὸν</span> <span class='ocrx_word' id='word_1_339' title='bbox 928 2824 1278 2882; x_wconf 82' lang='grc' dir='ltr'>διατυποῦσιν</span> <span class='ocrx_word' id='word_1_340' title='bbox 1327 2825 1686 2900; x_wconf 74' lang='grc' dir='ltr'>ἐπτοημένον,</span> <span class='ocrx_word' id='word_1_341' title='bbox 1721 2825 1879 2904; x_wconf 80' lang='grc' dir='ltr'>φιλο-</span> 
     </span>
    </p>
   </div>
   <div class='ocr_carea' id='block_1_45' title="bbox 232 3007 1884 3081">
    <p class='ocr_par' dir='ltr' id='par_1_45' title="bbox 232 3007 1884 3081">
     <span class='ocr_line' id='line_1_45' title="bbox 232 3007 1884 3081; baseline -0.001 -17"><span class='ocrx_word' id='word_1_342' title='bbox 232 3026 337 3064; x_wconf 91' lang='lat' dir='ltr'>rus</span> <span class='ocrx_word' id='word_1_343' title='bbox 371 3025 496 3063; x_wconf 86' lang='lat' dir='ltr'>rem</span> <span class='ocrx_word' id='word_1_344' title='bbox 535 3008 731 3081; x_wconf 75' lang='lat' dir='ltr'>cmpit,</span> <span class='ocrx_word' id='word_1_345' title='bbox 765 3007 1067 3064; x_wconf 89' lang='lat' dir='ltr'>silentium</span> <span class='ocrx_word' id='word_1_346' title='bbox 1104 3008 1310 3063; x_wconf 78' lang='lat' dir='ltr'>indicit</span> <span class='ocrx_word' id='word_1_347' title='bbox 1345 3010 1579 3081; x_wconf 92' lang='lat' dir='ltr'>populo.</span> <span class='ocrx_word' id='word_1_348' title='bbox 1607 3009 1884 3080; x_wconf 90' lang='lat' dir='ltr'>solusque</span> 
     </span>
    </p>
   </div>
   <div class='ocr_carea' id='block_1_46' title="bbox 229 3096 1882 3169">
    <p class='ocr_par' dir='ltr' id='par_1_46' title="bbox 229 3096 1882 3169">
     <span class='ocr_line' id='line_1_46' title="bbox 229 3096 1882 3169; baseline 0 -16"><span class='ocrx_word' id='word_1_349' title='bbox 229 3114 433 3153; x_wconf 88' lang='lat' dir='ltr'>secum</span> <span class='ocrx_word' id='word_1_350' title='bbox 460 3098 584 3168; x_wconf 89' lang='lat' dir='ltr'>ipse</span> <span class='ocrx_word' id='word_1_351' title='bbox 607 3097 792 3152; x_wconf 92' lang='lat' dir='ltr'>Deum</span> <span class='ocrx_word' id='word_1_352' title='bbox 820 3097 1212 3153; x_wconf 91' lang='lat' dir='ltr'>intentissime</span> <span class='ocrx_word' id='word_1_353' title='bbox 1237 3096 1566 3169; x_wconf 81' lang='lat' dir='ltr'>alloquens,</span> <span class='ocrx_word' id='word_1_354' title='bbox 1596 3115 1724 3168; x_wconf 75' lang='lat' dir='ltr'>quae</span> <span class='ocrx_word' id='word_1_355' title='bbox 1747 3103 1882 3153; x_wconf 87' lang='lat' dir='ltr'>ante</span> 
     </span>
    </p>
   </div>
   <div class='ocr_carea' id='block_1_47' title="bbox 229 3185 1881 3258">
    <p class='ocr_par' dir='ltr' id='par_1_47' title="bbox 229 3185 1881 3258">
     <span class='ocr_line' id='line_1_47' title="bbox 229 3185 1881 3258; baseline 0 -16"><span class='ocrx_word' id='word_1_356' title='bbox 229 3185 591 3242; x_wconf 84' lang='lat' dir='ltr'>sacriﬁcium</span> <span class='ocrx_word' id='word_1_357' title='bbox 627 3187 733 3240; x_wconf 90' lang='lat' dir='ltr'>rite</span> <span class='ocrx_word' id='word_1_358' title='bbox 767 3187 929 3241; x_wconf 83' lang='lat' dir='ltr'>fundi</span> <span class='ocrx_word' id='word_1_359' title='bbox 961 3193 1391 3242; x_wconf 88' lang='lat' dir='ltr'>consueverunt</span> <span class='ocrx_word' id='word_1_360' title='bbox 1420 3202 1621 3258; x_wconf 78' lang='lat' dir='ltr'>preces</span> <span class='ocrx_word' id='word_1_361' title='bbox 1646 3203 1881 3242; x_wconf 87' lang='lat' dir='ltr'>summa</span> 
     </span>
    </p>
   </div>
   <div class='ocr_carea' id='block_1_48' title="bbox 225 3274 1884 3346">
    <p class='ocr_par' dir='ltr' id='par_1_48' title="bbox 225 3274 1884 3346">
     <span class='ocr_line' id='line_1_48' title="bbox 225 3274 1884 3346; baseline 0.001 -18"><span class='ocrx_word' id='word_1_362' title='bbox 225 3274 652 3346; x_wconf 80' lang='lat' dir='ltr'>tranquillitate</span> <span class='ocrx_word' id='word_1_363' title='bbox 678 3275 980 3329; x_wconf 79' lang='lat' dir='ltr'>recitabat.</span> <span class='ocrx_word' id='word_1_364' title='bbox 1005 3275 1155 3329; x_wconf 90' lang='lat' dir='ltr'>Tum</span> <span class='ocrx_word' id='word_1_365' title='bbox 1179 3275 1334 3330; x_wconf 92' lang='lat' dir='ltr'>enim</span> <span class='ocrx_word' id='word_1_366' title='bbox 1355 3291 1486 3330; x_wconf 87' lang='lat' dir='ltr'>vero</span> <span class='ocrx_word' id='word_1_367' title='bbox 1503 3292 1695 3331; x_wconf 88' lang='lat' dir='ltr'>vocem</span> <span class='ocrx_word' id='word_1_368' title='bbox 1713 3275 1884 3330; x_wconf 86' lang='lat' dir='ltr'>inau-</span> 
     </span>
    </p>
   </div>
   <div class='ocr_carea' id='block_1_49' title="bbox 225 3362 1880 3436">
    <p class='ocr_par' dir='ltr' id='par_1_49' title="bbox 225 3362 1880 3436">
     <span class='ocr_line' id='line_1_49' title="bbox 225 3362 1880 3436; baseline 0.002 -19"><span class='ocrx_word' id='word_1_369' title='bbox 225 3362 388 3417; x_wconf 87' lang='lat' dir='ltr'>disse</span> <span class='ocrx_word' id='word_1_370' title='bbox 418 3363 591 3417; x_wconf 81' lang='lat' dir='ltr'>tertio</span> <span class='ocrx_word' id='word_1_371' title='bbox 622 3363 891 3417; x_wconf 81' lang='lat' dir='ltr'>eamdem</span> <span class='ocrx_word' id='word_1_372' title='bbox 933 3363 1273 3418; x_wconf 87' lang='lat' dir='ltr'>intermisso</span> <span class='ocrx_word' id='word_1_373' title='bbox 1334 3369 1590 3436; x_wconf 87' lang='lat' dir='ltr'>tempore</span> <span class='ocrx_word' id='word_1_374' title='bbox 1644 3365 1880 3420; x_wconf 87' lang='lat' dir='ltr'>dicitur.</span> 
     </span>
    </p>
   </div>
   <div class='ocr_carea' id='block_1_50' title="bbox 227 3450 1883 3522">
    <p class='ocr_par' dir='ltr' id='par_1_50' title="bbox 227 3450 1883 3522">
     <span class='ocr_line' id='line_1_50' title="bbox 227 3450 1883 3522; baseline 0.002 -16"><span class='ocrx_word' id='word_1_375' title='bbox 227 3451 365 3506; x_wconf 81' lang='lat' dir='ltr'>Erat</span> <span class='ocrx_word' id='word_1_376' title='bbox 395 3457 591 3505; x_wconf 87' lang='lat' dir='ltr'>autem</span> <span class='ocrx_word' id='word_1_377' title='bbox 627 3467 733 3506; x_wconf 81' lang='lat' dir='ltr'>vox</span> <span class='ocrx_word' id='word_1_378' title='bbox 759 3450 994 3506; x_wconf 89' lang='lat' dir='ltr'>insueta</span> <span class='ocrx_word' id='word_1_379' title='bbox 1027 3451 1217 3522; x_wconf 85' lang='lat' dir='ltr'>plane,</span> <span class='ocrx_word' id='word_1_380' title='bbox 1254 3451 1474 3508; x_wconf 83' lang='lat' dir='ltr'>nullius</span> <span class='ocrx_word' id='word_1_381' title='bbox 1515 3453 1714 3509; x_wconf 82' lang='lat' dir='ltr'>afﬁnis</span> <span class='ocrx_word' id='word_1_382' title='bbox 1737 3457 1883 3509; x_wconf 66' lang='lat' dir='ltr'>notis</span> 
     </span>
    </p>
   </div>
   <div class='ocr_carea' id='block_1_51' title="bbox 224 3531 1883 3616">
    <p class='ocr_par' dir='ltr' id='par_1_51' title="bbox 224 3531 1883 3616">
     <span class='ocr_line' id='line_1_51' title="bbox 224 3531 1883 3616; baseline 0 -18"><span class='ocrx_word' id='word_1_383' title='bbox 224 3541 469 3614; x_wconf 65' lang='lat' dir='ltr'>linguae,</span> <span class='ocrx_word' id='word_1_384' title='bbox 497 3542 712 3597; x_wconf 87' lang='lat' dir='ltr'>nedum</span> <span class='ocrx_word' id='word_1_385' title='bbox 747 3542 978 3599; x_wconf 72' lang='lat' dir='ltr'>Graecas.</span> <span class='ocrx_word' id='word_1_386' title='bbox 1014 3547 1253 3609; x_wconf 74' lang='lat' dir='ltr'>Marpou</span> <span class='ocrx_word' id='word_1_387' title='bbox 1285 3531 1565 3600; x_wconf 85' lang='lat' dir='ltr'>nimirum</span> <span class='ocrx_word' id='word_1_388' title='bbox 1618 3561 1883 3616; x_wconf 76' lang='lat' dir='ltr'>pronun-</span> 
     </span>
    </p>
   </div>
   <div class='ocr_carea' id='block_1_52' title="bbox 220 3631 1882 3705">
    <p class='ocr_par' dir='ltr' id='par_1_52' title="bbox 220 3631 1882 3705">
     <span class='ocr_line' id='line_1_52' title="bbox 220 3631 1882 3705; baseline 0.001 -19"><span class='ocrx_word' id='word_1_389' title='bbox 220 3632 355 3686; x_wconf 90' lang='lat' dir='ltr'>tiari</span> <span class='ocrx_word' id='word_1_390' title='bbox 390 3631 692 3698; x_wconf 84' lang='lat' dir='ltr'>audiebat,</span> <span class='ocrx_word' id='word_1_391' title='bbox 725 3637 784 3687; x_wconf 91' lang='lat' dir='ltr'>et</span> <span class='ocrx_word' id='word_1_392' title='bbox 816 3631 960 3686; x_wconf 89' lang='lat' dir='ltr'>nihil</span> <span class='ocrx_word' id='word_1_393' title='bbox 992 3632 1172 3686; x_wconf 88' lang='lat' dir='ltr'>aliud.</span> <span class='ocrx_word' id='word_1_394' title='bbox 1193 3632 1352 3695; x_wconf 86' lang='lat' dir='ltr'>Quod</span> <span class='ocrx_word' id='word_1_395' title='bbox 1375 3632 1588 3705; x_wconf 66' lang='lat' dir='ltr'>prasul</span> <span class='ocrx_word' id='word_1_396' title='bbox 1621 3633 1882 3688; x_wconf 76' lang='lat' dir='ltr'>admira-</span> 
     </span>
    </p>
   </div>
   <div class='ocr_carea' id='block_1_53' title="bbox 223 3719 1891 3793">
    <p class='ocr_par' dir='ltr' id='par_1_53' title="bbox 223 3719 1891 3793">
     <span class='ocr_line' id='line_1_53' title="bbox 223 3719 1891 3793; baseline 0.002 -19"><span class='ocrx_word' id='word_1_397' title='bbox 223 3725 349 3785; x_wconf 87' lang='lat' dir='ltr'>tus,</span> <span class='ocrx_word' id='word_1_398' title='bbox 407 3719 610 3774; x_wconf 87' lang='lat' dir='ltr'>statim</span> <span class='ocrx_word' id='word_1_399' title='bbox 661 3719 1250 3776; x_wconf 83' lang='lat' dir='ltr'>Thessalonicensem</span> <span class='ocrx_word' id='word_1_400' title='bbox 1319 3721 1591 3777; x_wconf 85' lang='lat' dir='ltr'>convenit</span> <span class='ocrx_word' id='word_1_401' title='bbox 1633 3722 1710 3793; x_wconf 90' lang='lat' dir='ltr'>(is</span> <span class='ocrx_word' id='word_1_402' title='bbox 1766 3727 1891 3778; x_wconf 88' lang='lat' dir='ltr'>erat</span> 
     </span>
    </p>
   </div>
   <div class='ocr_carea' id='block_1_54' title="bbox 231 3809 1889 3882">
    <p class='ocr_par' dir='ltr' id='par_1_54' title="bbox 231 3809 1889 3882">
     <span class='ocr_line' id='line_1_54' title="bbox 231 3809 1889 3882; baseline 0.002 -18"><span class='ocrx_word' id='word_1_403' title='bbox 231 3809 555 3881; x_wconf 79' lang='lat' dir='ltr'>Disypatus</span> <span class='ocrx_word' id='word_1_404' title='bbox 582 3809 861 3880; x_wconf 85' lang='lat' dir='ltr'>Manuel),</span> <span class='ocrx_word' id='word_1_405' title='bbox 895 3809 1067 3880; x_wconf 86' lang='lat' dir='ltr'>eique</span> <span class='ocrx_word' id='word_1_406' title='bbox 1099 3809 1336 3865; x_wconf 86' lang='lat' dir='ltr'>nuntiat</span> <span class='ocrx_word' id='word_1_407' title='bbox 1365 3811 1558 3882; x_wconf 82' lang='lat' dir='ltr'>agenti</span> <span class='ocrx_word' id='word_1_408' title='bbox 1590 3812 1704 3867; x_wconf 84' lang='lat' dir='ltr'>sibi</span> <span class='ocrx_word' id='word_1_409' title='bbox 1756 3828 1889 3868; x_wconf 84' lang='lat' dir='ltr'>cum</span> 
     </span>
    </p>
   </div>
   <div class='ocr_carea' id='block_1_55' title="bbox 236 3897 1893 3970">
    <p class='ocr_par' dir='ltr' id='par_1_55' title="bbox 236 3897 1893 3970">
     <span class='ocr_line' id='line_1_55' title="bbox 236 3897 1893 3970; baseline 0.002 -17"><span class='ocrx_word' id='word_1_410' title='bbox 236 3899 354 3969; x_wconf 71' lang='lat' dir='ltr'>Deo</span> <span class='ocrx_word' id='word_1_411' title='bbox 391 3915 491 3970; x_wconf 89' lang='lat' dir='ltr'>per</span> <span class='ocrx_word' id='word_1_412' title='bbox 523 3914 748 3954; x_wconf 64' lang='lat' dir='ltr'>sacram</span> <span class='ocrx_word' id='word_1_413' title='bbox 780 3897 1194 3970; x_wconf 81' lang='lat' dir='ltr'>psalmodiam,</span> <span class='ocrx_word' id='word_1_414' title='bbox 1228 3905 1284 3956; x_wconf 91' lang='lat' dir='ltr'>et</span> <span class='ocrx_word' id='word_1_415' title='bbox 1314 3916 1381 3957; x_wconf 90' lang='lat' dir='ltr'>ea</span> <span class='ocrx_word' id='word_1_416' title='bbox 1413 3905 1608 3958; x_wconf 88' lang='lat' dir='ltr'>mente</span> <span class='ocrx_word' id='word_1_417' title='bbox 1637 3901 1893 3958; x_wconf 80' lang='lat' dir='ltr'>versanti</span> 
     </span>
    </p>
   </div>
   <div class='ocr_carea' id='block_1_56' title="bbox 239 3985 1896 4062">
    <p class='ocr_par' dir='ltr' id='par_1_56' title="bbox 239 3985 1896 4062">
     <span class='ocr_line' id='line_1_56' title="bbox 239 3985 1896 4062; baseline 0.003 -20"><span class='ocrx_word' id='word_1_418' title='bbox 239 4005 372 4059; x_wconf 62' lang='lat' dir='ltr'>quae</span> <span class='ocrx_word' id='word_1_419' title='bbox 406 4005 469 4044; x_wconf 89' lang='lat' dir='ltr'>se</span> <span class='ocrx_word' id='word_1_420' title='bbox 501 3989 791 4058; x_wconf 70' lang='lat' dir='ltr'>cogitasse</span> <span class='ocrx_word' id='word_1_421' title='bbox 823 3990 1126 4057; x_wconf 81' lang='lat' dir='ltr'>referebat,</span> <span class='ocrx_word' id='word_1_422' title='bbox 1153 3985 1397 4046; x_wconf 87' lang='lat' dir='ltr'>missam</span> <span class='ocrx_word' id='word_1_423' title='bbox 1430 3999 1486 4046; x_wconf 84' lang='lat' dir='ltr'>et</span> <span class='ocrx_word' id='word_1_424' title='bbox 1511 3997 1665 4046; x_wconf 90' lang='lat' dir='ltr'>clare</span> <span class='ocrx_word' id='word_1_425' title='bbox 1705 3993 1896 4062; x_wconf 85' lang='lat' dir='ltr'>prola-</span> 
     </span>
    </p>
   </div>
   <div class='ocr_carea' id='block_1_57' title="bbox 242 4077 1898 4148">
    <p class='ocr_par' dir='ltr' id='par_1_57' title="bbox 242 4077 1898 4148">
     <span class='ocr_line' id='line_1_57' title="bbox 242 4077 1898 4148; baseline 0.001 -14"><span class='ocrx_word' id='word_1_426' title='bbox 242 4083 370 4134; x_wconf 87' lang='lat' dir='ltr'>tam</span> <span class='ocrx_word' id='word_1_427' title='bbox 434 4093 614 4148; x_wconf 87' lang='lat' dir='ltr'>quam</span> <span class='ocrx_word' id='word_1_428' title='bbox 672 4077 984 4134; x_wconf 83' lang='lat' dir='ltr'>retulimus</span> <span class='ocrx_word' id='word_1_429' title='bbox 1042 4096 1259 4134; x_wconf 91' lang='lat' dir='ltr'>vocem.</span> <span class='ocrx_word' id='word_1_430' title='bbox 1322 4080 1462 4136; x_wconf 86' lang='lat' dir='ltr'>Eam</span> <span class='ocrx_word' id='word_1_431' title='bbox 1504 4096 1638 4136; x_wconf 92' lang='lat' dir='ltr'>cum</span> <span class='ocrx_word' id='word_1_432' title='bbox 1671 4079 1765 4136; x_wconf 90' lang='lat' dir='ltr'>ille</span> <span class='ocrx_word' id='word_1_433' title='bbox 1797 4080 1898 4137; x_wconf 90' lang='lat' dir='ltr'>diu</span> 
     </span>
    </p>
   </div>
   <div class='ocr_carea' id='block_1_58' title="bbox 243 4167 1904 4240">
    <p class='ocr_par' dir='ltr' id='par_1_58' title="bbox 243 4167 1904 4240">
     <span class='ocr_line' id='line_1_58' title="bbox 243 4167 1904 4240; baseline 0.003 -19"><span class='ocrx_word' id='word_1_434' title='bbox 243 4169 592 4238; x_wconf 89' lang='lat' dir='ltr'>attenteque</span> <span class='ocrx_word' id='word_1_435' title='bbox 623 4167 1080 4231; x_wconf 88' lang='lat' dir='ltr'>considerasset,</span> <span class='ocrx_word' id='word_1_436' title='bbox 1120 4168 1345 4240; x_wconf 86' lang='lat' dir='ltr'>aliquid</span> <span class='ocrx_word' id='word_1_437' title='bbox 1382 4168 1438 4222; x_wconf 89' lang='lat' dir='ltr'>in</span> <span class='ocrx_word' id='word_1_438' title='bbox 1470 4185 1538 4224; x_wconf 83' lang='lat' dir='ltr'>ea</span> <span class='ocrx_word' id='word_1_439' title='bbox 1578 4169 1771 4225; x_wconf 84' lang='lat' dir='ltr'>simile</span> <span class='ocrx_word' id='word_1_440' title='bbox 1810 4186 1904 4226; x_wconf 85' lang='lat' dir='ltr'>su-</span> 
     </span>
    </p>
   </div>
   <div class='ocr_carea' id='block_1_59' title="bbox 245 4255 1904 4327">
    <p class='ocr_par' dir='ltr' id='par_1_59' title="bbox 245 4255 1904 4327">
     <span class='ocr_line' id='line_1_59' title="bbox 245 4255 1904 4327; baseline 0.002 -16"><span class='ocrx_word' id='word_1_441' title='bbox 245 4255 513 4327; x_wconf 87' lang='lat' dir='ltr'>spicatus</span> <span class='ocrx_word' id='word_1_442' title='bbox 545 4261 635 4311; x_wconf 85' lang='lat' dir='ltr'>est</span> <span class='ocrx_word' id='word_1_443' title='bbox 664 4271 727 4310; x_wconf 85' lang='lat' dir='ltr'>ao</span> <span class='ocrx_word' id='word_1_444' title='bbox 761 4255 1194 4327; x_wconf 88' lang='lat' dir='ltr'>deprehensum</span> <span class='ocrx_word' id='word_1_445' title='bbox 1231 4256 1440 4312; x_wconf 83' lang='lat' dir='ltr'>fuisset</span> <span class='ocrx_word' id='word_1_446' title='bbox 1461 4256 1608 4313; x_wconf 88' lang='lat' dir='ltr'>alias</span> <span class='ocrx_word' id='word_1_447' title='bbox 1645 4258 1702 4314; x_wconf 90' lang='lat' dir='ltr'>in</span> <span class='ocrx_word' id='word_1_448' title='bbox 1741 4273 1904 4314; x_wconf 79' lang='lat' dir='ltr'>voca-</span> 
     </span>
    </p>
   </div>
   <div class='ocr_carea' id='block_1_60' title="bbox 243 4343 1904 4420">
    <p class='ocr_par' dir='ltr' id='par_1_60' title="bbox 243 4343 1904 4420">
     <span class='ocr_line' id='line_1_60' title="bbox 243 4343 1904 4420; baseline 0.002 -19"><span class='ocrx_word' id='word_1_449' title='bbox 243 4343 386 4401; x_wconf 90' lang='lat' dir='ltr'>bnlo</span> <span class='ocrx_word' id='word_1_450' title='bbox 419 4343 707 4400; x_wconf 81' lang='lat' dir='ltr'>divinitus</span> <span class='ocrx_word' id='word_1_451' title='bbox 740 4345 961 4416; x_wconf 87' lang='lat' dir='ltr'>pariter</span> <span class='ocrx_word' id='word_1_452' title='bbox 990 4346 1147 4401; x_wconf 90' lang='lat' dir='ltr'>edito</span> <span class='ocrx_word' id='word_1_453' title='bbox 1181 4347 1408 4414; x_wconf 76' lang='lat' dir='ltr'>Beclas;</span> <span class='ocrx_word' id='word_1_454' title='bbox 1442 4347 1596 4404; x_wconf 90' lang='lat' dir='ltr'>unde</span> <span class='ocrx_word' id='word_1_455' title='bbox 1634 4346 1904 4420; x_wconf 83' lang='lat' dir='ltr'>singulas</span> 
     </span>
    </p>
   </div>
   <div class='ocr_carea' id='block_1_61' title="bbox 243 4433 1906 4507">
    <p class='ocr_par' dir='ltr' id='par_1_61' title="bbox 243 4433 1906 4507">
     <span class='ocr_line' id='line_1_61' title="bbox 243 4433 1906 4507; baseline 0.002 -18"><span class='ocrx_word' id='word_1_456' title='bbox 243 4435 379 4505; x_wconf 88' lang='lat' dir='ltr'>ejus</span> <span class='ocrx_word' id='word_1_457' title='bbox 413 4433 599 4504; x_wconf 83' lang='lat' dir='ltr'>ignoti</span> <span class='ocrx_word' id='word_1_458' title='bbox 632 4433 891 4488; x_wconf 85' lang='lat' dir='ltr'>nominis</span> <span class='ocrx_word' id='word_1_459' title='bbox 921 4435 1222 4490; x_wconf 82' lang='lat' dir='ltr'>excutiens</span> <span class='ocrx_word' id='word_1_460' title='bbox 1253 4435 1499 4503; x_wconf 87' lang='lat' dir='ltr'>litteras,</span> <span class='ocrx_word' id='word_1_461' title='bbox 1561 4436 1906 4507; x_wconf 85' lang='lat' dir='ltr'>planissime</span> 
     </span>
    </p>
   </div>
   <div class='ocr_carea' id='block_1_62' title="bbox 243 4521 1904 4598">
    <p class='ocr_par' dir='ltr' id='par_1_62' title="bbox 243 4521 1904 4598">
     <span class='ocr_line' id='line_1_62' title="bbox 243 4521 1904 4598; baseline 0.001 -20"><span class='ocrx_word' id='word_1_462' title='bbox 243 4522 506 4578; x_wconf 85' lang='lat' dir='ltr'>asseruit</span> <span class='ocrx_word' id='word_1_463' title='bbox 529 4521 927 4591; x_wconf 79' lang='lat' dir='ltr'>Romanorum</span> <span class='ocrx_word' id='word_1_464' title='bbox 951 4522 1029 4579; x_wconf 90' lang='lat' dir='ltr'>im</span> <span class='ocrx_word' id='word_1_465' title='bbox 1039 4522 1265 4595; x_wconf 89' lang='lat' dir='ltr'>perium</span> <span class='ocrx_word' id='word_1_466' title='bbox 1282 4522 1606 4598; x_wconf 68' lang='lat' dir='ltr'>Palaaologo</span> <span class='ocrx_word' id='word_1_467' title='bbox 1620 4525 1904 4598; x_wconf 90' lang='lat' dir='ltr'>promitti.</span> 
     </span>
    </p>
   </div>
   <div class='ocr_carea' id='block_1_63' title="bbox 1991 1938 3642 2022">
    <p class='ocr_par' dir='ltr' id='par_1_63' title="bbox 1991 1938 3642 2022">
     <span class='ocr_line' id='line_1_63' title="bbox 1991 1938 3642 2022; baseline 0.004 -28"><span class='ocrx_word' id='word_1_468' title='bbox 1991 1938 2320 2014; x_wconf 70' lang='grc' dir='ltr'>ἆξηγήσεως,</span> <span class='ocrx_word' id='word_1_469' title='bbox 2350 1938 2492 1997; x_wconf 75' lang='grc' dir='ltr'>ἄλλο</span> <span class='ocrx_word' id='word_1_470' title='bbox 2519 1962 2572 1997; x_wconf 90' lang='grc' dir='ltr'>τι</span> <span class='ocrx_word' id='word_1_471' title='bbox 2603 1949 2704 2012; x_wconf 84' lang='grc' dir='ltr'>τῆς</span> <span class='ocrx_word' id='word_1_472' title='bbox 2732 1951 2915 2022; x_wconf 75' lang='grc' dir='ltr'>φωνῆς</span> <span class='ocrx_word' id='word_1_473' title='bbox 2941 1946 3084 2022; x_wconf 72' lang='grc' dir='ltr'>τάχα</span> <span class='ocrx_word' id='word_1_474' title='bbox 3141 1945 3418 2017; x_wconf 77' lang='grc' dir='ltr'>δηλούσὴς</span> <span class='ocrx_word' id='word_1_475' title='bbox 3473 1950 3506 2016; x_wconf 76' lang='grc' dir='ltr'><strong>ἢ</strong></span> <span class='ocrx_word' id='word_1_476' title='bbox 3568 1949 3642 2010; x_wconf 80' lang='grc' dir='ltr'>ὡς</span> 
     </span>
    </p>
   </div>
   <div class='ocr_carea' id='block_1_64' title="bbox 1989 2027 3632 2108">
    <p class='ocr_par' dir='ltr' id='par_1_64' title="bbox 1989 2027 3632 2108">
     <span class='ocr_line' id='line_1_64' title="bbox 1989 2027 3632 2108; baseline 0.004 -24"><span class='ocrx_word' id='word_1_477' title='bbox 1989 2027 2218 2091; x_wconf 67' lang='grc' dir='ltr'>δκιίνοις</span> <span class='ocrx_word' id='word_1_478' title='bbox 2273 2027 2526 2104; x_wconf 51' lang='lat' dir='ltr'>“ﬁrmo.</span> <span class='ocrx_word' id='word_1_479' title='bbox 2562 2029 2716 2100; x_wconf 69' lang='grc' dir='ltr'>Πλὴν</span> <span class='ocrx_word' id='word_1_480' title='bbox 2767 2032 2895 2088; x_wconf 74' lang='grc' dir='ltr'>ἀλΑ⁹</span> <span class='ocrx_word' id='word_1_481' title='bbox 2925 2033 2980 2089; x_wconf 79' lang='grc' dir='ltr'>ἐν</span> <span class='ocrx_word' id='word_1_482' title='bbox 3007 2035 3252 2108; x_wconf 83' lang='grc' dir='ltr'>τοσούτῳ</span> <span class='ocrx_word' id='word_1_483' title='bbox 3305 2039 3490 2096; x_wconf 67' lang='grc' dir='ltr'>φθάνει</span> <span class='ocrx_word' id='word_1_484' title='bbox 3542 2036 3632 2091; x_wconf 78' lang='grc' dir='ltr'>καὶ</span> 
     </span>
    </p>
   </div>
   <div class='ocr_carea' id='block_1_65' title="bbox 1989 2116 3635 2195">
    <p class='ocr_par' dir='ltr' id='par_1_65' title="bbox 1989 2116 3635 2195">
     <span class='ocr_line' id='line_1_65' title="bbox 1989 2116 3635 2195; baseline 0.004 -22"><span class='ocrx_word' id='word_1_485' title='bbox 1989 2119 2018 2173; x_wconf 78' lang='grc' dir='ltr'><strong>ὁ</strong></span> <span class='ocrx_word' id='word_1_486' title='bbox 2046 2121 2155 2174; x_wconf 83' lang='grc' dir='ltr'>τῶν</span> <span class='ocrx_word' id='word_1_487' title='bbox 2194 2117 2494 2193; x_wconf 72' lang='grc' dir='ltr'>βασιλικῶν</span> <span class='ocrx_word' id='word_1_488' title='bbox 2537 2116 2722 2176; x_wconf 72' lang='grc' dir='ltr'>ἵππων</span> <span class='ocrx_word' id='word_1_489' title='bbox 2763 2121 2943 2195; x_wconf 78' lang='grc' dir='ltr'>κόμης</span> <span class='ocrx_word' id='word_1_490' title='bbox 2973 2123 3001 2179; x_wconf 77' lang='grc' dir='ltr'><strong>ὁ</strong></span> <span class='ocrx_word' id='word_1_491' title='bbox 3033 2121 3303 2194; x_wconf 80' lang='grc' dir='ltr'>δηλωθεῖς</span> <span class='ocrx_word' id='word_1_492' title='bbox 3362 2123 3635 2193; x_wconf 76' lang='grc' dir='ltr'>Χαδτ,νὸς,</span> 
     </span>
    </p>
   </div>
   <div class='ocr_carea' id='block_1_66' title="bbox 1988 2199 3633 2286">
    <p class='ocr_par' dir='ltr' id='par_1_66' title="bbox 1988 2199 3633 2286">
     <span class='ocr_line' id='line_1_66' title="bbox 1988 2199 3633 2286; baseline 0.004 -24"><span class='ocrx_word' id='word_1_493' title='bbox 1988 2205 2080 2262; x_wconf 67' lang='grc' dir='ltr'>καὶ</span> <span class='ocrx_word' id='word_1_494' title='bbox 2134 2199 2400 2263; x_wconf 55' lang='lat' dir='ltr'>insutu:</span> <span class='ocrx_word' id='word_1_495' title='bbox 2453 2206 2672 2281; x_wconf 57' lang='grc' dir='ltr'>ἀπείρῳ</span> <span class='ocrx_word' id='word_1_496' title='bbox 2724 2211 2883 2286; x_wconf 66' lang='grc' dir='ltr'>τάχει</span> <span class='ocrx_word' id='word_1_497' title='bbox 2938 2209 3362 2283; x_wconf 81' lang='grc' dir='ltr'>θεσσαλονίκης,</span> <span class='ocrx_word' id='word_1_498' title='bbox 3392 2215 3479 2268; x_wconf 78' lang='grc' dir='ltr'>καὶ</span> <span class='ocrx_word' id='word_1_499' title='bbox 3539 2214 3633 2269; x_wconf 83' lang='grc' dir='ltr'>αὐ-</span> 
     </span>
    </p>
   </div>
   <div class='ocr_carea' id='block_1_67' title="bbox 1987 2295 3638 2376">
    <p class='ocr_par' dir='ltr' id='par_1_67' title="bbox 1987 2295 3638 2376">
     <span class='ocr_line' id='line_1_67' title="bbox 1987 2295 3638 2376; baseline 0.004 -25"><span class='ocrx_word' id='word_1_500' title='bbox 1987 2295 2113 2351; x_wconf 79' lang='grc' dir='ltr'>τίκα</span> <span class='ocrx_word' id='word_1_501' title='bbox 2149 2296 2213 2349; x_wconf 88' lang='grc' dir='ltr'>τὸ</span> <span class='ocrx_word' id='word_1_502' title='bbox 2259 2296 2449 2351; x_wconf 64' lang='grc' dir='ltr'>πιστὸν</span> <span class='ocrx_word' id='word_1_503' title='bbox 2504 2302 2606 2364; x_wconf 82' lang='grc' dir='ltr'>τῆς</span> <span class='ocrx_word' id='word_1_504' title='bbox 2655 2298 2849 2373; x_wconf 71' lang='grc' dir='ltr'>φήμης</span> <span class='ocrx_word' id='word_1_505' title='bbox 2899 2295 3066 2370; x_wconf 70' lang='grc' dir='ltr'>ἔδειξε</span> <span class='ocrx_word' id='word_1_506' title='bbox 3121 2302 3347 2376; x_wconf 79' lang='grc' dir='ltr'>πράξας,</span> <span class='ocrx_word' id='word_1_507' title='bbox 3376 2304 3468 2356; x_wconf 84' lang='grc' dir='ltr'>τὸν</span> <span class='ocrx_word' id='word_1_508' title='bbox 3529 2309 3638 2357; x_wconf 80' lang='grc' dir='ltr'>Πα-</span> 
     </span>
    </p>
   </div>
   <div class='ocr_carea' id='block_1_68' title="bbox 1992 2382 3642 2464">
    <p class='ocr_par' dir='ltr' id='par_1_68' title="bbox 1992 2382 3642 2464">
     <span class='ocr_line' id='line_1_68' title="bbox 1992 2382 3642 2464; baseline 0.004 -26"><span class='ocrx_word' id='word_1_509' title='bbox 1992 2383 2286 2458; x_wconf 85' lang='grc' dir='ltr'>λαιολόγον</span> <span class='ocrx_word' id='word_1_510' title='bbox 2317 2382 2368 2437; x_wconf 67' lang='grc' dir='ltr'>ἐν</span> <span class='ocrx_word' id='word_1_511' title='bbox 2403 2385 2634 2460; x_wconf 73' lang='grc' dir='ltr'>ἀσφαλεῖ</span> <span class='ocrx_word' id='word_1_512' title='bbox 2664 2389 2972 2462; x_wconf 83' lang='grc' dir='ltr'>κατασχών.</span> <span class='ocrx_word' id='word_1_513' title='bbox 3010 2386 3274 2461; x_wconf 78' lang='grc' dir='ltr'>Σιδήροις</span> <span class='ocrx_word' id='word_1_514' title='bbox 3326 2393 3509 2464; x_wconf 70' lang='grc' dir='ltr'>μεντοι</span> <span class='ocrx_word' id='word_1_515' title='bbox 3543 2391 3642 2445; x_wconf 81' lang='grc' dir='ltr'>οὐκ</span> 
     </span>
    </p>
   </div>
   <div class='ocr_carea' id='block_1_69' title="bbox 1990 2469 3638 2554">
    <p class='ocr_par' dir='ltr' id='par_1_69' title="bbox 1990 2469 3638 2554">
     <span class='ocr_line' id='line_1_69' title="bbox 1990 2469 3638 2554; baseline 0.004 -27"><span class='ocrx_word' id='word_1_516' title='bbox 1990 2470 2127 2546; x_wconf 72' lang='grc' dir='ltr'>ἔγνω</span> <span class='ocrx_word' id='word_1_517' title='bbox 2158 2469 2438 2543; x_wconf 80' lang='grc' dir='ltr'>δεσμεύειν</span> <span class='ocrx_word' id='word_1_518' title='bbox 2467 2473 2546 2528; x_wconf 88' lang='grc' dir='ltr'>τὼ</span> <span class='ocrx_word' id='word_1_519' title='bbox 2576 2472 2732 2543; x_wconf 81' lang='grc' dir='ltr'>πόδε,</span> <span class='ocrx_word' id='word_1_520' title='bbox 2763 2475 2837 2538; x_wconf 82' lang='grc' dir='ltr'>ὡς</span> <span class='ocrx_word' id='word_1_521' title='bbox 2867 2473 2932 2546; x_wconf 82' lang='grc' dir='ltr'>δή</span> <span class='ocrx_word' id='word_1_522' title='bbox 2990 2478 3041 2530; x_wconf 76' lang='grc' dir='ltr'>οἱ</span> <span class='ocrx_word' id='word_1_523' title='bbox 3090 2480 3176 2531; x_wconf 85' lang='grc' dir='ltr'>καὶ</span> <span class='ocrx_word' id='word_1_524' title='bbox 3231 2480 3638 2554; x_wconf 82' lang='grc' dir='ltr'>προστεταγμὲ-</span> 
     </span>
    </p>
   </div>
   <div class='ocr_carea' id='block_1_70' title="bbox 1989 2558 3637 2640">
    <p class='ocr_par' dir='ltr' id='par_1_70' title="bbox 1989 2558 3637 2640">
     <span class='ocr_line' id='line_1_70' title="bbox 1989 2558 3637 2640; baseline 0.004 -25"><span class='ocrx_word' id='word_1_525' title='bbox 1989 2581 2079 2615; x_wconf 91' lang='grc' dir='ltr'>νον</span> <span class='ocrx_word' id='word_1_526' title='bbox 2121 2561 2212 2632; x_wconf 80' lang='grc' dir='ltr'>ἦν,</span> <span class='ocrx_word' id='word_1_527' title='bbox 2243 2561 2344 2615; x_wconf 79' lang='grc' dir='ltr'>οὐκ</span> <span class='ocrx_word' id='word_1_528' title='bbox 2402 2558 2502 2614; x_wconf 68' lang='grc' dir='ltr'>οἶδ’</span> <span class='ocrx_word' id='word_1_529' title='bbox 2535 2560 2640 2616; x_wconf 70' lang='grc' dir='ltr'>εἴτε</span> <span class='ocrx_word' id='word_1_530' title='bbox 2691 2564 2753 2616; x_wconf 88' lang='grc' dir='ltr'>τὸ</span> <span class='ocrx_word' id='word_1_531' title='bbox 2798 2568 2894 2618; x_wconf 75' lang='grc' dir='ltr'>τοῦ</span> <span class='ocrx_word' id='word_1_532' title='bbox 2946 2561 3136 2640; x_wconf 80' lang='grc' dir='ltr'>ἀνδρὸς</span> <span class='ocrx_word' id='word_1_533' title='bbox 3195 2564 3520 2639; x_wconf 75' lang='grc' dir='ltr'>αἰδούμενος</span> <span class='ocrx_word' id='word_1_534' title='bbox 3553 2568 3637 2622; x_wconf 80' lang='grc' dir='ltr'>εὐ-</span> 
     </span>
    </p>
   </div>
   <div class='ocr_carea' id='block_1_71' title="bbox 1989 2648 3637 2730">
    <p class='ocr_par' dir='ltr' id='par_1_71' title="bbox 1989 2648 3637 2730">
     <span class='ocr_line' id='line_1_71' title="bbox 1989 2648 3637 2730; baseline 0.005 -27"><span class='ocrx_word' id='word_1_535' title='bbox 1989 2649 2160 2723; x_wconf 73' lang='grc' dir='ltr'>γενὲς,</span> <span class='ocrx_word' id='word_1_536' title='bbox 2191 2648 2296 2704; x_wconf 77' lang='grc' dir='ltr'>εἴτε</span> <span class='ocrx_word' id='word_1_537' title='bbox 2343 2670 2393 2704; x_wconf 92' lang='grc' dir='ltr'>τι</span> <span class='ocrx_word' id='word_1_538' title='bbox 2443 2650 2532 2704; x_wconf 87' lang='grc' dir='ltr'>καὶ</span> <span class='ocrx_word' id='word_1_539' title='bbox 2575 2649 2764 2727; x_wconf 81' lang='grc' dir='ltr'>φιλίας</span> <span class='ocrx_word' id='word_1_540' title='bbox 2794 2653 2928 2726; x_wconf 88' lang='grc' dir='ltr'>πρὸς</span> <span class='ocrx_word' id='word_1_541' title='bbox 2963 2651 3166 2707; x_wconf 67' lang='grc' dir='ltr'>ἰκτῖνον</span> <span class='ocrx_word' id='word_1_542' title='bbox 3206 2674 3217 2685; x_wconf 94' lang='grc'><strong>·</strong></span> <span class='ocrx_word' id='word_1_543' title='bbox 3251 2656 3312 2709; x_wconf 88' lang='grc' dir='ltr'>τὸ</span> <span class='ocrx_word' id='word_1_544' title='bbox 3343 2657 3442 2730; x_wconf 71' lang='grc' dir='ltr'>γὰρ</span> <span class='ocrx_word' id='word_1_545' title='bbox 3504 2657 3637 2711; x_wconf 85' lang='grc' dir='ltr'>ὑπο-</span> 
     </span>
    </p>
   </div>
   <div class='ocr_carea' id='block_1_72' title="bbox 1989 2737 3642 2819">
    <p class='ocr_par' dir='ltr' id='par_1_72' title="bbox 1989 2737 3642 2819">
     <span class='ocr_line' id='line_1_72' title="bbox 1989 2737 3642 2819; baseline 0.004 -27"><span class='ocrx_word' id='word_1_546' title='bbox 1989 2744 2128 2793; x_wconf 88' lang='grc' dir='ltr'>νοεῖν</span> <span class='ocrx_word' id='word_1_547' title='bbox 2160 2760 2212 2792; x_wconf 92' lang='grc' dir='ltr'>τι</span> <span class='ocrx_word' id='word_1_548' title='bbox 2242 2738 2364 2808; x_wconf 81' lang='grc' dir='ltr'>περὶ</span> <span class='ocrx_word' id='word_1_549' title='bbox 2396 2737 2604 2793; x_wconf 77' lang='grc' dir='ltr'>ἐκείνου</span> <span class='ocrx_word' id='word_1_550' title='bbox 2633 2744 2739 2793; x_wconf 78' lang='grc' dir='ltr'>τῶν</span> <span class='ocrx_word' id='word_1_551' title='bbox 2791 2741 2999 2815; x_wconf 81' lang='grc' dir='ltr'>ἀγαθῶν</span> <span class='ocrx_word' id='word_1_552' title='bbox 3054 2745 3121 2797; x_wconf 73' lang='grc' dir='ltr'>τὰ</span> <span class='ocrx_word' id='word_1_553' title='bbox 3174 2750 3274 2812; x_wconf 79' lang='grc' dir='ltr'>τῆς</span> <span class='ocrx_word' id='word_1_554' title='bbox 3327 2745 3493 2819; x_wconf 82' lang='grc' dir='ltr'>ὀργῆς</span> <span class='ocrx_word' id='word_1_555' title='bbox 3542 2746 3642 2799; x_wconf 80' lang='grc' dir='ltr'>οὐκ</span> 
     </span>
    </p>
   </div>
   <div class='ocr_carea' id='block_1_73' title="bbox 1992 2823 3641 2906">
    <p class='ocr_par' dir='ltr' id='par_1_73' title="bbox 1992 2823 3641 2906">
     <span class='ocr_line' id='line_1_73' title="bbox 1992 2823 3641 2906; baseline 0.004 -26"><span class='ocrx_word' id='word_1_556' title='bbox 1992 2824 2223 2881; x_wconf 71' lang='grc' dir='ltr'>ἐδίδουν.</span> <span class='ocrx_word' id='word_1_557' title='bbox 2257 2827 2408 2889; x_wconf 82' lang='grc' dir='ltr'>Τὲως</span> <span class='ocrx_word' id='word_1_558' title='bbox 2446 2823 2491 2880; x_wconf 90' lang='grc' dir='ltr'>δ’</span> <span class='ocrx_word' id='word_1_559' title='bbox 2524 2829 2968 2902; x_wconf 68' lang='grc' dir='ltr'>ἀφοσιωσάμενος</span> <span class='ocrx_word' id='word_1_560' title='bbox 3000 2828 3190 2904; x_wconf 76' lang='grc' dir='ltr'>ἐκείνῳ</span> <span class='ocrx_word' id='word_1_561' title='bbox 3244 2834 3311 2888; x_wconf 70' lang='grc' dir='ltr'>τὰ</span> <span class='ocrx_word' id='word_1_562' title='bbox 3344 2832 3441 2900; x_wconf 71' lang='grc' dir='ltr'>τῆς</span> <span class='ocrx_word' id='word_1_563' title='bbox 3471 2841 3641 2906; x_wconf 80' lang='grc' dir='ltr'>τιμῆς</span> 
     </span>
    </p>
   </div>
   <div class='ocr_carea' id='block_1_74' title="bbox 1989 3003 3637 3084">
    <p class='ocr_par' dir='ltr' id='par_1_74' title="bbox 1989 3003 3637 3084">
     <span class='ocr_line' id='line_1_74' title="bbox 1989 3003 3637 3084; baseline 0.003 -22"><span class='ocrx_word' id='word_1_564' title='bbox 1989 3003 2436 3062; x_wconf 80' lang='lat' dir='ltr'>exhilarandum</span> <span class='ocrx_word' id='word_1_565' title='bbox 2471 3005 2860 3078; x_wconf 71' lang='lat' dir='ltr'>Palaaologum</span> <span class='ocrx_word' id='word_1_566' title='bbox 2893 3010 3163 3065; x_wconf 89' lang='lat' dir='ltr'>eumdem</span> <span class='ocrx_word' id='word_1_567' title='bbox 3191 3015 3352 3066; x_wconf 89' lang='lat' dir='ltr'>tanto</span> <span class='ocrx_word' id='word_1_568' title='bbox 3375 3016 3511 3066; x_wconf 92' lang='lat' dir='ltr'>tunc</span> <span class='ocrx_word' id='word_1_569' title='bbox 3537 3030 3637 3084; x_wconf 91' lang='lat' dir='ltr'>op-</span> 
     </span>
    </p>
   </div>
   <div class='ocr_carea' id='block_1_75' title="bbox 1990 3093 3639 3169">
    <p class='ocr_par' dir='ltr' id='par_1_75' title="bbox 1990 3093 3639 3169">
     <span class='ocr_line' id='line_1_75' title="bbox 1990 3093 3639 3169; baseline 0.004 -19"><span class='ocrx_word' id='word_1_570' title='bbox 1990 3111 2258 3165; x_wconf 86' lang='lat' dir='ltr'>pressum</span> <span class='ocrx_word' id='word_1_571' title='bbox 2293 3093 2474 3150; x_wconf 89' lang='lat' dir='ltr'>animi</span> <span class='ocrx_word' id='word_1_572' title='bbox 2507 3111 2774 3163; x_wconf 75' lang='lat' dir='ltr'>mmrore,</span> <span class='ocrx_word' id='word_1_573' title='bbox 2810 3101 2872 3151; x_wconf 91' lang='lat' dir='ltr'>ut</span> <span class='ocrx_word' id='word_1_574' title='bbox 2903 3098 2973 3151; x_wconf 91' lang='lat' dir='ltr'>de</span> <span class='ocrx_word' id='word_1_575' title='bbox 3002 3099 3117 3152; x_wconf 87' lang='lat' dir='ltr'>vita</span> <span class='ocrx_word' id='word_1_576' title='bbox 3166 3100 3296 3169; x_wconf 82' lang='lat' dir='ltr'>ejus</span> <span class='ocrx_word' id='word_1_577' title='bbox 3352 3110 3639 3156; x_wconf 87' lang='lat' dir='ltr'>metuere-</span> 
     </span>
    </p>
   </div>
   <div class='ocr_carea' id='block_1_76' title="bbox 1989 3183 3641 3262">
    <p class='ocr_par' dir='ltr' id='par_1_76' title="bbox 1989 3183 3641 3262">
     <span class='ocr_line' id='line_1_76' title="bbox 1989 3183 3641 3262; baseline 0.005 -25"><span class='ocrx_word' id='word_1_578' title='bbox 1989 3191 2104 3238; x_wconf 91' lang='lat' dir='ltr'>tur.</span> <span class='ocrx_word' id='word_1_579' title='bbox 2128 3183 2251 3239; x_wconf 87' lang='lat' dir='ltr'>Non</span> <span class='ocrx_word' id='word_1_580' title='bbox 2281 3199 2550 3256; x_wconf 86' lang='lat' dir='ltr'>sperasse</span> <span class='ocrx_word' id='word_1_581' title='bbox 2576 3192 2769 3239; x_wconf 89' lang='lat' dir='ltr'>autem</span> <span class='ocrx_word' id='word_1_582' title='bbox 2801 3202 2862 3240; x_wconf 91' lang='lat' dir='ltr'>se</span> <span class='ocrx_word' id='word_1_583' title='bbox 2886 3187 2996 3259; x_wconf 90' lang='lat' dir='ltr'>ipsi</span> <span class='ocrx_word' id='word_1_584' title='bbox 3038 3204 3460 3258; x_wconf 87' lang='lat' dir='ltr'>persuasurum</span> <span class='ocrx_word' id='word_1_585' title='bbox 3485 3192 3641 3262; x_wconf 84' lang='lat' dir='ltr'>quod</span> 
     </span>
    </p>
   </div>
   <div class='ocr_carea' id='block_1_77' title="bbox 1994 3271 3642 3350">
    <p class='ocr_par' dir='ltr' id='par_1_77' title="bbox 1994 3271 3642 3350">
     <span class='ocr_line' id='line_1_77' title="bbox 1994 3271 3642 3350; baseline 0.005 -24"><span class='ocrx_word' id='word_1_586' title='bbox 1994 3272 2251 3340; x_wconf 85' lang='lat' dir='ltr'>volebat,</span> <span class='ocrx_word' id='word_1_587' title='bbox 2277 3273 2326 3328; x_wconf 87' lang='lat' dir='ltr'>si</span> <span class='ocrx_word' id='word_1_588' title='bbox 2359 3289 2427 3327; x_wconf 79' lang='lat' dir='ltr'>ex</span> <span class='ocrx_word' id='word_1_589' title='bbox 2452 3271 2619 3328; x_wconf 90' lang='lat' dir='ltr'>libris</span> <span class='ocrx_word' id='word_1_590' title='bbox 2643 3272 2700 3328; x_wconf 90' lang='lat' dir='ltr'>id</span> <span class='ocrx_word' id='word_1_591' title='bbox 2722 3290 2784 3330; x_wconf 89' lang='lat' dir='ltr'>se</span> <span class='ocrx_word' id='word_1_592' title='bbox 2816 3274 3087 3332; x_wconf 81' lang='lat' dir='ltr'>hausisse</span> <span class='ocrx_word' id='word_1_593' title='bbox 3113 3277 3455 3344; x_wconf 72' lang='lat' dir='ltr'>affirmaret,</span> <span class='ocrx_word' id='word_1_594' title='bbox 3495 3296 3642 3350; x_wconf 87' lang='lat' dir='ltr'>quo-</span> 
     </span>
    </p>
   </div>
   <div class='ocr_carea' id='block_1_78' title="bbox 1996 3361 3645 3433">
    <p class='ocr_par' dir='ltr' id='par_1_78' title="bbox 1996 3361 3645 3433">
     <span class='ocr_line' id='line_1_78' title="bbox 1996 3361 3645 3433; baseline 0.004 -15"><span class='ocrx_word' id='word_1_595' title='bbox 1996 3364 2240 3418; x_wconf 81' lang='lat' dir='ltr'>niamob</span> <span class='ocrx_word' id='word_1_596' title='bbox 2260 3361 2479 3418; x_wconf 87' lang='lat' dir='ltr'>multae</span> <span class='ocrx_word' id='word_1_597' title='bbox 2503 3362 2909 3433; x_wconf 66' lang='lat' dir='ltr'>praedictiones</span> <span class='ocrx_word' id='word_1_598' title='bbox 2933 3367 3079 3420; x_wconf 86' lang='lat' dir='ltr'>tales</span> <span class='ocrx_word' id='word_1_599' title='bbox 3098 3373 3304 3421; x_wconf 92' lang='lat' dir='ltr'>eventu</span> <span class='ocrx_word' id='word_1_600' title='bbox 3332 3368 3645 3424; x_wconf 84' lang='lat' dir='ltr'>frustratas</span> 
     </span>
    </p>
   </div>
   <div class='ocr_carea' id='block_1_79' title="bbox 1993 3451 3645 3525">
    <p class='ocr_par' dir='ltr' id='par_1_79' title="bbox 1993 3451 3645 3525">
     <span class='ocr_line' id='line_1_79' title="bbox 1993 3451 3645 3525; baseline 0.003 -17"><span class='ocrx_word' id='word_1_601' title='bbox 1993 3453 2140 3508; x_wconf 89' lang='lat' dir='ltr'>haut</span> <span class='ocrx_word' id='word_1_602' title='bbox 2163 3455 2288 3508; x_wconf 91' lang='lat' dir='ltr'>erat</span> <span class='ocrx_word' id='word_1_603' title='bbox 2325 3451 2642 3508; x_wconf 84' lang='lat' dir='ltr'>verisimile</span> <span class='ocrx_word' id='word_1_604' title='bbox 2667 3451 2802 3508; x_wconf 91' lang='lat' dir='ltr'>huic</span> <span class='ocrx_word' id='word_1_605' title='bbox 2842 3470 2976 3509; x_wconf 92' lang='lat' dir='ltr'>eum</span> <span class='ocrx_word' id='word_1_606' title='bbox 3018 3454 3334 3525; x_wconf 88' lang='lat' dir='ltr'>tranquille</span> <span class='ocrx_word' id='word_1_607' title='bbox 3352 3473 3417 3511; x_wconf 88' lang='lat' dir='ltr'>ac</span> <span class='ocrx_word' id='word_1_608' title='bbox 3443 3473 3645 3513; x_wconf 91' lang='lat' dir='ltr'>secure</span> 
     </span>
    </p>
   </div>
   <div class='ocr_carea' id='block_1_80' title="bbox 1996 3539 3643 3614">
    <p class='ocr_par' dir='ltr' id='par_1_80' title="bbox 1996 3539 3643 3614">
     <span class='ocr_line' id='line_1_80' title="bbox 1996 3539 3643 3614; baseline 0.002 -16"><span class='ocrx_word' id='word_1_609' title='bbox 1996 3542 2426 3614; x_wconf 77' lang='lat' dir='ltr'>acquieturum.</span> <span class='ocrx_word' id='word_1_610' title='bbox 2453 3539 2764 3612; x_wconf 88' lang='lat' dir='ltr'>Propterea</span> <span class='ocrx_word' id='word_1_611' title='bbox 2804 3542 3040 3599; x_wconf 80' lang='lat' dir='ltr'>ﬁnxisse</span> <span class='ocrx_word' id='word_1_612' title='bbox 3066 3545 3374 3600; x_wconf 83' lang='lat' dir='ltr'>manileste</span> <span class='ocrx_word' id='word_1_613' title='bbox 3397 3545 3507 3600; x_wconf 88' lang='lat' dir='ltr'>sibi</span> <span class='ocrx_word' id='word_1_614' title='bbox 3541 3563 3643 3601; x_wconf 90' lang='lat' dir='ltr'>au-</span> 
     </span>
    </p>
   </div>
   <div class='ocr_carea' id='block_1_81' title="bbox 1998 3630 3646 3706">
    <p class='ocr_par' dir='ltr' id='par_1_81' title="bbox 1998 3630 3646 3706">
     <span class='ocr_line' id='line_1_81' title="bbox 1998 3630 3646 3706; baseline 0.002 -19"><span class='ocrx_word' id='word_1_615' title='bbox 1998 3632 2180 3688; x_wconf 89' lang='lat' dir='ltr'>ditam</span> <span class='ocrx_word' id='word_1_616' title='bbox 2214 3630 2459 3686; x_wconf 86' lang='lat' dir='ltr'>missam</span> <span class='ocrx_word' id='word_1_617' title='bbox 2492 3646 2526 3685; x_wconf 83' lang='lat' dir='ltr'>a</span> <span class='ocrx_word' id='word_1_618' title='bbox 2556 3635 2671 3687; x_wconf 88' lang='lat' dir='ltr'>Deo</span> <span class='ocrx_word' id='word_1_619' title='bbox 2701 3646 2922 3703; x_wconf 89' lang='lat' dir='ltr'>vocem,</span> <span class='ocrx_word' id='word_1_620' title='bbox 2957 3634 3048 3688; x_wconf 91' lang='lat' dir='ltr'>cui</span> <span class='ocrx_word' id='word_1_621' title='bbox 3081 3632 3250 3704; x_wconf 89' lang='lat' dir='ltr'>signo</span> <span class='ocrx_word' id='word_1_622' title='bbox 3285 3639 3483 3706; x_wconf 90' lang='lat' dir='ltr'>utpote</span> <span class='ocrx_word' id='word_1_623' title='bbox 3516 3652 3646 3691; x_wconf 87' lang='lat' dir='ltr'>raro</span> 
     </span>
    </p>
   </div>
   <div class='ocr_carea' id='block_1_82' title="bbox 1999 3717 3643 3795">
    <p class='ocr_par' dir='ltr' id='par_1_82' title="bbox 1999 3717 3643 3795">
     <span class='ocr_line' id='line_1_82' title="bbox 1999 3717 3643 3795; baseline 0.002 -18"><span class='ocrx_word' id='word_1_624' title='bbox 1999 3726 2057 3778; x_wconf 91' lang='lat' dir='ltr'>et</span> <span class='ocrx_word' id='word_1_625' title='bbox 2086 3721 2235 3775; x_wconf 90' lang='lat' dir='ltr'>miro</span> <span class='ocrx_word' id='word_1_626' title='bbox 2267 3717 2498 3775; x_wconf 78' lang='lat' dir='ltr'>facilius</span> <span class='ocrx_word' id='word_1_627' title='bbox 2528 3718 2890 3776; x_wconf 89' lang='lat' dir='ltr'>crediturum</span> <span class='ocrx_word' id='word_1_628' title='bbox 2932 3719 3322 3794; x_wconf 68' lang='lat' dir='ltr'>Palaeologum</span> <span class='ocrx_word' id='word_1_629' title='bbox 3383 3724 3643 3795; x_wconf 88' lang='lat' dir='ltr'>putabat.</span> 
     </span>
    </p>
   </div>
   <div class='ocr_carea' id='block_1_83' title="bbox 2002 3806 3647 3883">
    <p class='ocr_par' dir='ltr' id='par_1_83' title="bbox 2002 3806 3647 3883">
     <span class='ocr_line' id='line_1_83' title="bbox 2002 3806 3647 3883; baseline 0.002 -19"><span class='ocrx_word' id='word_1_630' title='bbox 2002 3809 2143 3883; x_wconf 76' lang='lat' dir='ltr'>inde</span> <span class='ocrx_word' id='word_1_631' title='bbox 2174 3825 2235 3865; x_wconf 89' lang='lat' dir='ltr'>re</span> <span class='ocrx_word' id='word_1_632' title='bbox 2262 3823 2400 3864; x_wconf 87' lang='lat' dir='ltr'>cum</span> <span class='ocrx_word' id='word_1_633' title='bbox 2428 3806 2772 3880; x_wconf 78' lang='lat' dir='ltr'>Dyrrhachii</span> <span class='ocrx_word' id='word_1_634' title='bbox 2795 3809 3045 3882; x_wconf 68' lang='lat' dir='ltr'>prasule</span> <span class='ocrx_word' id='word_1_635' title='bbox 3075 3813 3527 3883; x_wconf 85' lang='lat' dir='ltr'>communicata,</span> <span class='ocrx_word' id='word_1_636' title='bbox 3561 3813 3647 3868; x_wconf 86' lang='lat' dir='ltr'>illi</span> 
     </span>
    </p>
   </div>
   <div class='ocr_carea' id='block_1_84' title="bbox 2005 3882 3651 3970">
    <p class='ocr_par' dir='ltr' id='par_1_84' title="bbox 2005 3882 3651 3970">
     <span class='ocr_line' id='line_1_84' title="bbox 2005 3882 3651 3970; baseline 0.002 -16"><span class='ocrx_word' id='word_1_637' title='bbox 2005 3882 2240 3970; x_wconf 72' lang='lat' dir='ltr'>penitus</span> <span class='ocrx_word' id='word_1_638' title='bbox 2269 3896 2532 3954; x_wconf 79' lang='lat' dir='ltr'>suasisse</span> <span class='ocrx_word' id='word_1_639' title='bbox 2564 3900 2629 3952; x_wconf 91' lang='lat' dir='ltr'>ut</span> <span class='ocrx_word' id='word_1_640' title='bbox 2651 3895 2704 3952; x_wconf 88' lang='lat' dir='ltr'>is</span> <span class='ocrx_word' id='word_1_641' title='bbox 2735 3911 2932 3954; x_wconf 81' lang='lat' dir='ltr'>vocem</span> <span class='ocrx_word' id='word_1_642' title='bbox 2968 3897 3271 3955; x_wconf 86' lang='lat' dir='ltr'>inaudisse</span> <span class='ocrx_word' id='word_1_643' title='bbox 3300 3882 3551 3957; x_wconf 85' lang='lat' dir='ltr'>diceret:</span> <span class='ocrx_word' id='word_1_644' title='bbox 3585 3918 3651 3959; x_wconf 91' lang='lat' dir='ltr'>se</span> 
     </span>
    </p>
   </div>
   <div class='ocr_carea' id='block_1_85' title="bbox 2009 3985 3649 4060">
    <p class='ocr_par' dir='ltr' id='par_1_85' title="bbox 2009 3985 3649 4060">
     <span class='ocr_line' id='line_1_85' title="bbox 2009 3985 3649 4060; baseline 0.003 -19"><span class='ocrx_word' id='word_1_645' title='bbox 2009 3990 2180 4059; x_wconf 83' lang='lat' dir='ltr'>prout</span> <span class='ocrx_word' id='word_1_646' title='bbox 2207 3985 2413 4042; x_wconf 88' lang='lat' dir='ltr'>liberet</span> <span class='ocrx_word' id='word_1_647' title='bbox 2435 3987 2701 4041; x_wconf 84' lang='lat' dir='ltr'>eamdem</span> <span class='ocrx_word' id='word_1_648' title='bbox 2731 4002 2764 4040; x_wconf 87' lang='lat' dir='ltr'>a</span> <span class='ocrx_word' id='word_1_649' title='bbox 2795 4002 2857 4040; x_wconf 91' lang='lat' dir='ltr'>se</span> <span class='ocrx_word' id='word_1_650' title='bbox 2886 3987 3193 4042; x_wconf 86' lang='lat' dir='ltr'>conﬁctam</span> <span class='ocrx_word' id='word_1_651' title='bbox 3227 3988 3515 4060; x_wconf 86' lang='lat' dir='ltr'>explicare</span> <span class='ocrx_word' id='word_1_652' title='bbox 3571 3992 3649 4048; x_wconf 93' lang='lat' dir='ltr'>si-</span> 
     </span>
    </p>
   </div>
   <div class='ocr_carea' id='block_1_86' title="bbox 2010 4073 3651 4147">
    <p class='ocr_par' dir='ltr' id='par_1_86' title="bbox 2010 4073 3651 4147">
     <span class='ocr_line' id='line_1_86' title="bbox 2010 4073 3651 4147; baseline 0.003 -16"><span class='ocrx_word' id='word_1_653' title='bbox 2010 4073 2397 4131; x_wconf 84' lang='lat' dir='ltr'>mulaturum.</span> <span class='ocrx_word' id='word_1_654' title='bbox 2432 4073 2658 4139; x_wconf 88' lang='lat' dir='ltr'>Quibus</span> <span class='ocrx_word' id='word_1_655' title='bbox 2691 4073 3008 4147; x_wconf 67' lang='lat' dir='ltr'>Palaologo</span> <span class='ocrx_word' id='word_1_656' title='bbox 3038 4075 3215 4132; x_wconf 88' lang='lat' dir='ltr'>veluti</span> <span class='ocrx_word' id='word_1_657' title='bbox 3242 4078 3313 4133; x_wconf 91' lang='lat' dir='ltr'>ad</span> <span class='ocrx_word' id='word_1_658' title='bbox 3347 4095 3552 4135; x_wconf 79' lang='lat' dir='ltr'>aurem</span> <span class='ocrx_word' id='word_1_659' title='bbox 3578 4081 3651 4136; x_wconf 90' lang='lat' dir='ltr'>ab</span> 
     </span>
    </p>
   </div>
   <div class='ocr_carea' id='block_1_87' title="bbox 2012 4163 3656 4236">
    <p class='ocr_par' dir='ltr' id='par_1_87' title="bbox 2012 4163 3656 4236">
     <span class='ocr_line' id='line_1_87' title="bbox 2012 4163 3656 4236; baseline 0.004 -16"><span class='ocrx_word' id='word_1_660' title='bbox 2012 4165 2273 4234; x_wconf 84' lang='lat' dir='ltr'>utrisque</span> <span class='ocrx_word' id='word_1_661' title='bbox 2293 4163 2552 4230; x_wconf 87' lang='lat' dir='ltr'>creditis,</span> <span class='ocrx_word' id='word_1_662' title='bbox 2575 4167 2634 4221; x_wconf 87' lang='lat' dir='ltr'>in</span> <span class='ocrx_word' id='word_1_663' title='bbox 2658 4179 2930 4235; x_wconf 84' lang='lat' dir='ltr'>magnam</span> <span class='ocrx_word' id='word_1_664' title='bbox 2955 4181 3120 4236; x_wconf 86' lang='lat' dir='ltr'>spem</span> <span class='ocrx_word' id='word_1_665' title='bbox 3138 4165 3435 4223; x_wconf 88' lang='lat' dir='ltr'>hominem</span> <span class='ocrx_word' id='word_1_666' title='bbox 3455 4185 3656 4225; x_wconf 82' lang='lat' dir='ltr'>erexe-</span> 
     </span>
    </p>
   </div>
   <div class='ocr_carea' id='block_1_88' title="bbox 2013 4251 3657 4325">
    <p class='ocr_par' dir='ltr' id='par_1_88' title="bbox 2013 4251 3657 4325">
     <span class='ocr_line' id='line_1_88' title="bbox 2013 4251 3657 4325; baseline 0.004 -17"><span class='ocrx_word' id='word_1_667' title='bbox 2013 4258 2174 4323; x_wconf 82' lang='lat' dir='ltr'>runt,</span> <span class='ocrx_word' id='word_1_668' title='bbox 2204 4251 2458 4324; x_wconf 79' lang='lat' dir='ltr'>sibique,</span> <span class='ocrx_word' id='word_1_669' title='bbox 2487 4252 2540 4307; x_wconf 84' lang='lat' dir='ltr'>si</span> <span class='ocrx_word' id='word_1_670' title='bbox 2599 4256 2840 4308; x_wconf 84' lang='lat' dir='ltr'>eventus</span> <span class='ocrx_word' id='word_1_671' title='bbox 2898 4254 2970 4308; x_wconf 88' lang='lat' dir='ltr'>ad</span> <span class='ocrx_word' id='word_1_672' title='bbox 3025 4259 3354 4312; x_wconf 84' lang='lat' dir='ltr'>extremum</span> <span class='ocrx_word' id='word_1_673' title='bbox 3411 4256 3657 4325; x_wconf 87' lang='lat' dir='ltr'>falleret,</span> 
     </span>
    </p>
   </div>
   <div class='ocr_carea' id='block_1_89' title="bbox 2012 4339 3658 4418">
    <p class='ocr_par' dir='ltr' id='par_1_89' title="bbox 2012 4339 3658 4418">
     <span class='ocr_line' id='line_1_89' title="bbox 2012 4339 3658 4418; baseline 0.004 -20"><span class='ocrx_word' id='word_1_674' title='bbox 2012 4341 2449 4399; x_wconf 78' lang='lat' dir='ltr'>excusationem</span> <span class='ocrx_word' id='word_1_675' title='bbox 2481 4339 2845 4412; x_wconf 79' lang='lat' dir='ltr'>probabilem</span> <span class='ocrx_word' id='word_1_676' title='bbox 2877 4341 3267 4414; x_wconf 83' lang='lat' dir='ltr'>reliquerunt,</span> <span class='ocrx_word' id='word_1_677' title='bbox 3297 4347 3467 4416; x_wconf 90' lang='lat' dir='ltr'>quasi</span> <span class='ocrx_word' id='word_1_678' title='bbox 3510 4363 3658 4418; x_wconf 90' lang='lat' dir='ltr'>quos</span> 
     </span>
    </p>
   </div>
   <div class='ocr_carea' id='block_1_90' title="bbox 2013 4429 3661 4501">
    <p class='ocr_par' dir='ltr' id='par_1_90' title="bbox 2013 4429 3661 4501">
     <span class='ocr_line' id='line_1_90' title="bbox 2013 4429 3661 4501; baseline 0.002 -13"><span class='ocrx_word' id='word_1_679' title='bbox 2013 4432 2352 4499; x_wconf 83' lang='lat' dir='ltr'>conjectura</span> <span class='ocrx_word' id='word_1_680' title='bbox 2374 4429 2703 4486; x_wconf 80' lang='lat' dir='ltr'>induxisset</span> <span class='ocrx_word' id='word_1_681' title='bbox 2726 4431 2783 4485; x_wconf 90' lang='lat' dir='ltr'>in</span> <span class='ocrx_word' id='word_1_682' title='bbox 2801 4446 3074 4501; x_wconf 88' lang='lat' dir='ltr'>errorem,</span> <span class='ocrx_word' id='word_1_683' title='bbox 3102 4450 3216 4488; x_wconf 91' lang='lat' dir='ltr'>non</span> <span class='ocrx_word' id='word_1_684' title='bbox 3249 4435 3393 4490; x_wconf 87' lang='lat' dir='ltr'>satis</span> <span class='ocrx_word' id='word_1_685' title='bbox 3417 4435 3661 4492; x_wconf 83' lang='lat' dir='ltr'>feliciter</span> 
     </span>
    </p>
   </div>
   <div class='ocr_carea' id='block_1_91' title="bbox 2015 4516 3662 4596">
    <p class='ocr_par' dir='ltr' id='par_1_91' title="bbox 2015 4516 3662 4596">
     <span class='ocr_line' id='line_1_91' title="bbox 2015 4516 3662 4596; baseline 0.004 -21"><span class='ocrx_word' id='word_1_686' title='bbox 2015 4519 2428 4592; x_wconf 87' lang='lat' dir='ltr'>interpretatos</span> <span class='ocrx_word' id='word_1_687' title='bbox 2457 4534 2655 4575; x_wconf 85' lang='lat' dir='ltr'>vocem</span> <span class='ocrx_word' id='word_1_688' title='bbox 2680 4516 2840 4574; x_wconf 89' lang='lat' dir='ltr'>aliud</span> <span class='ocrx_word' id='word_1_689' title='bbox 2865 4535 3061 4576; x_wconf 85' lang='lat' dir='ltr'>revera</span> <span class='ocrx_word' id='word_1_690' title='bbox 3085 4521 3464 4593; x_wconf 87' lang='lat' dir='ltr'>indicantem,</span> <span class='ocrx_word' id='word_1_691' title='bbox 3489 4531 3662 4596; x_wconf 88' lang='lat' dir='ltr'>prout</span> 
     </span>
    </p>
   </div>
   <div class='ocr_carea' id='block_1_92' title="bbox 242 4606 3659 4684">
    <p class='ocr_par' dir='ltr' id='par_1_92' title="bbox 242 4606 3659 4684">
     <span class='ocr_line' id='line_1_92' title="bbox 242 4606 3659 4684; baseline 0.001 -17"><span class='ocrx_word' id='word_1_692' title='bbox 242 4614 363 4667; x_wconf 80' lang='lat' dir='ltr'>llas</span> <span class='ocrx_word' id='word_1_693' title='bbox 395 4610 553 4666; x_wconf 92' lang='lat' dir='ltr'>enim</span> <span class='ocrx_word' id='word_1_694' title='bbox 586 4609 749 4666; x_wconf 87' lang='lat' dir='ltr'>hisce</span> <span class='ocrx_word' id='word_1_695' title='bbox 780 4611 995 4666; x_wconf 85' lang='lat' dir='ltr'>litteris</span> <span class='ocrx_word' id='word_1_696' title='bbox 1038 4613 1331 4683; x_wconf 88' lang='lat' dir='ltr'>designari</span> <span class='ocrx_word' id='word_1_697' title='bbox 1388 4630 1594 4668; x_wconf 89' lang='lat' dir='ltr'>voces:</span> <span class='ocrx_word' id='word_1_698' title='bbox 1659 4613 1902 4669; x_wconf 84' lang='lat' dir='ltr'>Michael</span> <span class='ocrx_word' id='word_1_699' title='bbox 1933 4606 1980 4672; x_wconf 88' lang='lat' dir='ltr'><strong>D</strong></span> <span class='ocrx_word' id='word_1_700' title='bbox 2011 4615 2216 4665; x_wconf 84' lang='lat' dir='ltr'>eventa</span> <span class='ocrx_word' id='word_1_701' title='bbox 2247 4613 2661 4673; x_wconf 84' lang='lat' dir='ltr'>monstrarent,</span> <span class='ocrx_word' id='word_1_702' title='bbox 2691 4624 2865 4679; x_wconf 86' lang='lat' dir='ltr'>quam</span> <span class='ocrx_word' id='word_1_703' title='bbox 2891 4610 3048 4680; x_wconf 88' lang='lat' dir='ltr'>quod</span> <span class='ocrx_word' id='word_1_704' title='bbox 3072 4609 3186 4680; x_wconf 88' lang='lat' dir='ltr'>ipsi</span> <span class='ocrx_word' id='word_1_705' title='bbox 3218 4612 3498 4684; x_wconf 90' lang='lat' dir='ltr'>suspicati</span> <span class='ocrx_word' id='word_1_706' title='bbox 3536 4621 3659 4669; x_wconf 89' lang='lat' dir='ltr'>tum</span> 
     </span>
    </p>
   </div>
   <div class='ocr_carea' id='block_1_93' title="bbox 241 4698 1902 4774">
    <p class='ocr_par' dir='ltr' id='par_1_93' title="bbox 241 4698 1902 4774">
     <span class='ocr_line' id='line_1_93' title="bbox 241 4698 1902 4774; baseline 0.001 -20"><span class='ocrx_word' id='word_1_707' title='bbox 241 4704 554 4771; x_wconf 79' lang='lat' dir='ltr'>Augustus</span> <span class='ocrx_word' id='word_1_708' title='bbox 580 4698 972 4756; x_wconf 73' lang='lat' dir='ltr'>Romanorum</span> <span class='ocrx_word' id='word_1_709' title='bbox 991 4700 1348 4773; x_wconf 67' lang='lat' dir='ltr'>Palaaologus</span> <span class='ocrx_word' id='word_1_710' title='bbox 1363 4701 1552 4774; x_wconf 85' lang='lat' dir='ltr'>Ocyus</span> <span class='ocrx_word' id='word_1_711' title='bbox 1564 4701 1902 4758; x_wconf 89' lang='lat' dir='ltr'>Vocabitur.</span> 
     </span>
    </p>
   </div>
   <div class='ocr_carea' id='block_1_94' title="bbox 243 4788 1906 4864">
    <p class='ocr_par' dir='ltr' id='par_1_94' title="bbox 243 4788 1906 4864">
     <span class='ocr_line' id='line_1_94' title="bbox 243 4788 1906 4864; baseline 0.001 -18"><span class='ocrx_word' id='word_1_712' title='bbox 243 4791 403 4846; x_wconf 89' lang='lat' dir='ltr'>Sunt</span> <span class='ocrx_word' id='word_1_713' title='bbox 433 4792 632 4844; x_wconf 87' lang='lat' dir='ltr'>tamen</span> <span class='ocrx_word' id='word_1_714' title='bbox 671 4788 772 4860; x_wconf 91' lang='lat' dir='ltr'>qui</span> <span class='ocrx_word' id='word_1_715' title='bbox 805 4789 1002 4844; x_wconf 87' lang='lat' dir='ltr'>dicant</span> <span class='ocrx_word' id='word_1_716' title='bbox 1024 4790 1145 4845; x_wconf 69' lang='lat' dir='ltr'>haec</span> <span class='ocrx_word' id='word_1_717' title='bbox 1171 4806 1360 4862; x_wconf 90' lang='lat' dir='ltr'>neque</span> <span class='ocrx_word' id='word_1_718' title='bbox 1389 4809 1422 4846; x_wconf 93' lang='lat' dir='ltr'>a</span> <span class='ocrx_word' id='word_1_719' title='bbox 1457 4791 1906 4864; x_wconf 79' lang='lat' dir='ltr'>Dyrrhachiensi</span> 
     </span>
    </p>
   </div>
   <div class='ocr_carea' id='block_1_95' title="bbox 247 4878 1904 4948">
    <p class='ocr_par' dir='ltr' id='par_1_95' title="bbox 247 4878 1904 4948">
     <span class='ocr_line' id='line_1_95' title="bbox 247 4878 1904 4948; baseline 0.002 -15"><span class='ocrx_word' id='word_1_720' title='bbox 247 4878 454 4934; x_wconf 89' lang='lat' dir='ltr'>audita</span> <span class='ocrx_word' id='word_1_721' title='bbox 487 4894 677 4948; x_wconf 90' lang='lat' dir='ltr'>neque</span> <span class='ocrx_word' id='word_1_722' title='bbox 707 4896 740 4933; x_wconf 90' lang='lat' dir='ltr'>a</span> <span class='ocrx_word' id='word_1_723' title='bbox 785 4878 1293 4934; x_wconf 89' lang='lat' dir='ltr'>Thessalonicensi</span> <span class='ocrx_word' id='word_1_724' title='bbox 1343 4881 1524 4936; x_wconf 88' lang='lat' dir='ltr'>fuisse</span> <span class='ocrx_word' id='word_1_725' title='bbox 1573 4880 1750 4948; x_wconf 88' lang='lat' dir='ltr'>dicta,</span> <span class='ocrx_word' id='word_1_726' title='bbox 1804 4881 1904 4936; x_wconf 65' lang='lat' dir='ltr'>sed</span> 
     </span>
    </p>
   </div>
   <div class='ocr_carea' id='block_1_96' title="bbox 243 4965 1906 5039">
    <p class='ocr_par' dir='ltr' id='par_1_96' title="bbox 243 4965 1906 5039">
     <span class='ocr_line' id='line_1_96' title="bbox 243 4965 1906 5039; baseline 0.001 -17"><span class='ocrx_word' id='word_1_727' title='bbox 243 4968 406 5022; x_wconf 89' lang='lat' dir='ltr'>hunc</span> <span class='ocrx_word' id='word_1_728' title='bbox 441 4965 679 5036; x_wconf 77' lang='lat' dir='ltr'>ingenio</span> <span class='ocrx_word' id='word_1_729' title='bbox 712 4971 887 5039; x_wconf 90' lang='lat' dir='ltr'>atque</span> <span class='ocrx_word' id='word_1_730' title='bbox 920 4971 1042 5023; x_wconf 87' lang='lat' dir='ltr'>arte</span> <span class='ocrx_word' id='word_1_731' title='bbox 1074 4985 1197 5022; x_wconf 88' lang='lat' dir='ltr'>rem</span> <span class='ocrx_word' id='word_1_732' title='bbox 1243 4973 1424 5024; x_wconf 91' lang='lat' dir='ltr'>totam</span> <span class='ocrx_word' id='word_1_733' title='bbox 1485 4977 1906 5024; x_wconf 86' lang='lat' dir='ltr'>commentum.</span> 
     </span>
    </p>
   </div>
   <div class='ocr_carea' id='block_1_97' title="bbox 242 5054 1908 5114">
    <p class='ocr_par' dir='ltr' id='par_1_97' title="bbox 242 5054 1908 5114">
     <span class='ocr_line' id='line_1_97' title="bbox 242 5054 1908 5114; baseline 0.001 -2"><span class='ocrx_word' id='word_1_734' title='bbox 242 5057 384 5112; x_wconf 89' lang='lat' dir='ltr'>Erat</span> <span class='ocrx_word' id='word_1_735' title='bbox 405 5054 690 5109; x_wconf 90' lang='lat' dir='ltr'>nimirum</span> <span class='ocrx_word' id='word_1_736' title='bbox 704 5055 1255 5112; x_wconf 89' lang='lat' dir='ltr'>Thessalonicensis</span> <span class='ocrx_word' id='word_1_737' title='bbox 1273 5059 1414 5112; x_wconf 89' lang='lat' dir='ltr'>mire</span> <span class='ocrx_word' id='word_1_738' title='bbox 1429 5057 1663 5112; x_wconf 89' lang='lat' dir='ltr'>deditus</span> <span class='ocrx_word' id='word_1_739' title='bbox 1677 5056 1908 5114; x_wconf 88' lang='lat' dir='ltr'>lectioni</span> 
     </span>
    </p>
   </div>
   <div class='ocr_carea' id='block_1_98' title="bbox 241 5144 1909 5219">
    <p class='ocr_par' dir='ltr' id='par_1_98' title="bbox 241 5144 1909 5219">
     <span class='ocr_line' id='line_1_98' title="bbox 241 5144 1909 5219; baseline 0.002 -20"><span class='ocrx_word' id='word_1_740' title='bbox 241 5162 312 5201; x_wconf 72' lang='lat' dir='ltr'>ac</span> <span class='ocrx_word' id='word_1_741' title='bbox 348 5144 723 5200; x_wconf 86' lang='lat' dir='ltr'>meditationi</span> <span class='ocrx_word' id='word_1_742' title='bbox 751 5144 1036 5201; x_wconf 88' lang='lat' dir='ltr'>librorum</span> <span class='ocrx_word' id='word_1_743' title='bbox 1061 5146 1159 5218; x_wconf 91' lang='lat' dir='ltr'>qui</span> <span class='ocrx_word' id='word_1_744' title='bbox 1187 5151 1370 5202; x_wconf 86' lang='lat' dir='ltr'>artem</span> <span class='ocrx_word' id='word_1_745' title='bbox 1396 5148 1744 5219; x_wconf 80' lang='lat' dir='ltr'>profitentur</span> <span class='ocrx_word' id='word_1_746' title='bbox 1767 5148 1909 5204; x_wconf 90' lang='lat' dir='ltr'>divi-</span> 
     </span>
    </p>
   </div>
   <div class='ocr_carea' id='block_1_99' title="bbox 246 5233 1909 5308">
    <p class='ocr_par' dir='ltr' id='par_1_99' title="bbox 246 5233 1909 5308">
     <span class='ocr_line' id='line_1_99' title="bbox 246 5233 1909 5308; baseline 0.001 -17"><span class='ocrx_word' id='word_1_747' title='bbox 246 5234 435 5291; x_wconf 89' lang='lat' dir='ltr'>nandi</span> <span class='ocrx_word' id='word_1_748' title='bbox 469 5233 701 5290; x_wconf 79' lang='lat' dir='ltr'>futuras</span> <span class='ocrx_word' id='word_1_749' title='bbox 736 5237 1129 5306; x_wconf 86' lang='lat' dir='ltr'>quorumdam</span> <span class='ocrx_word' id='word_1_750' title='bbox 1162 5235 1487 5292; x_wconf 85' lang='lat' dir='ltr'>evectiones</span> <span class='ocrx_word' id='word_1_751' title='bbox 1516 5237 1587 5291; x_wconf 87' lang='lat' dir='ltr'>ad</span> <span class='ocrx_word' id='word_1_752' title='bbox 1644 5237 1909 5308; x_wconf 89' lang='lat' dir='ltr'>imperia,</span> 
     </span>
    </p>
   </div>
   <div class='ocr_carea' id='block_1_100' title="bbox 245 5321 1912 5397">
    <p class='ocr_par' dir='ltr' id='par_1_100' title="bbox 245 5321 1912 5397">
     <span class='ocr_line' id='line_1_100' title="bbox 245 5321 1912 5397; baseline 0.002 -18"><span class='ocrx_word' id='word_1_753' title='bbox 245 5332 500 5394; x_wconf 79' lang='lat' dir='ltr'>totoque</span> <span class='ocrx_word' id='word_1_754' title='bbox 533 5323 591 5376; x_wconf 90' lang='lat' dir='ltr'>in</span> <span class='ocrx_word' id='word_1_755' title='bbox 627 5321 741 5378; x_wconf 90' lang='lat' dir='ltr'>isto</span> <span class='ocrx_word' id='word_1_756' title='bbox 770 5323 1168 5396; x_wconf 90' lang='lat' dir='ltr'>qualicunque</span> <span class='ocrx_word' id='word_1_757' title='bbox 1201 5325 1450 5380; x_wconf 84' lang='lat' dir='ltr'>artiﬁcio</span> <span class='ocrx_word' id='word_1_758' title='bbox 1507 5325 1912 5397; x_wconf 67' lang='lat' dir='ltr'>praeodorandi</span> 
     </span>
    </p>
   </div>
   <div class='ocr_carea' id='block_1_101' title="bbox 244 5411 1916 5485">
    <p class='ocr_par' dir='ltr' id='par_1_101' title="bbox 244 5411 1916 5485">
     <span class='ocr_line' id='line_1_101' title="bbox 244 5411 1916 5485; baseline 0.002 -15"><span class='ocrx_word' id='word_1_759' title='bbox 244 5419 543 5470; x_wconf 86' lang='lat' dir='ltr'>eventura</span> <span class='ocrx_word' id='word_1_760' title='bbox 576 5411 903 5483; x_wconf 89' lang='lat' dir='ltr'>plurimum</span> <span class='ocrx_word' id='word_1_761' title='bbox 932 5413 1034 5469; x_wconf 75' lang='lat'><strong>29</strong></span> <span class='ocrx_word' id='word_1_762' title='bbox 1066 5413 1437 5470; x_wconf 83' lang='lat' dir='ltr'>exercitatus.</span> <span class='ocrx_word' id='word_1_763' title='bbox 1473 5415 1622 5485; x_wconf 87' lang='lat' dir='ltr'>Ergo</span> <span class='ocrx_word' id='word_1_764' title='bbox 1653 5432 1786 5472; x_wconf 91' lang='lat' dir='ltr'>cum</span> <span class='ocrx_word' id='word_1_765' title='bbox 1821 5433 1916 5473; x_wconf 89' lang='lat' dir='ltr'>res</span> 
     </span>
    </p>
   </div>
   <div class='ocr_carea' id='block_1_102' title="bbox 247 5501 1911 5578">
    <p class='ocr_par' dir='ltr' id='par_1_102' title="bbox 247 5501 1911 5578">
     <span class='ocr_line' id='line_1_102' title="bbox 247 5501 1911 5578; baseline 0.002 -20"><span class='ocrx_word' id='word_1_766' title='bbox 247 5503 432 5560; x_wconf 85' lang='lat' dir='ltr'>istius</span> <span class='ocrx_word' id='word_1_767' title='bbox 464 5501 698 5572; x_wconf 80' lang='lat' dir='ltr'>generis</span> <span class='ocrx_word' id='word_1_768' title='bbox 731 5502 1132 5558; x_wconf 85' lang='lat' dir='ltr'>curiosissime</span> <span class='ocrx_word' id='word_1_769' title='bbox 1165 5504 1532 5574; x_wconf 79' lang='lat' dir='ltr'>investigans</span> <span class='ocrx_word' id='word_1_770' title='bbox 1555 5507 1749 5560; x_wconf 89' lang='lat' dir='ltr'>nescio</span> <span class='ocrx_word' id='word_1_771' title='bbox 1771 5506 1911 5578; x_wconf 87' lang='lat' dir='ltr'>quid</span> 
     </span>
    </p>
   </div>
   <div class='ocr_carea' id='block_1_103' title="bbox 245 5590 1913 5665">
    <p class='ocr_par' dir='ltr' id='par_1_103' title="bbox 245 5590 1913 5665">
     <span class='ocr_line' id='line_1_103' title="bbox 245 5590 1913 5665; baseline 0.001 -16"><span class='ocrx_word' id='word_1_772' title='bbox 245 5592 632 5662; x_wconf 87' lang='lat' dir='ltr'>deimperatu</span> <span class='ocrx_word' id='word_1_773' title='bbox 644 5608 703 5648; x_wconf 91' lang='lat' dir='ltr'>ro</span> <span class='ocrx_word' id='word_1_774' title='bbox 720 5590 1038 5665; x_wconf 74' lang='lat' dir='ltr'>Palasologo</span> <span class='ocrx_word' id='word_1_775' title='bbox 1052 5593 1411 5665; x_wconf 87' lang='lat' dir='ltr'>comperisse</span> <span class='ocrx_word' id='word_1_776' title='bbox 1424 5592 1540 5649; x_wconf 90' lang='lat' dir='ltr'>sibi</span> <span class='ocrx_word' id='word_1_777' title='bbox 1559 5598 1714 5649; x_wconf 87' lang='lat' dir='ltr'>esset</span> <span class='ocrx_word' id='word_1_778' title='bbox 1734 5594 1913 5665; x_wconf 81' lang='lat' dir='ltr'>risus,</span> 
     </span>
    </p>
   </div>
   <div class='ocr_carea' id='block_1_104' title="bbox 246 5680 1915 5756">
    <p class='ocr_par' dir='ltr' id='par_1_104' title="bbox 246 5680 1915 5756">
     <span class='ocr_line' id='line_1_104' title="bbox 246 5680 1915 5756; baseline 0.002 -17"><span class='ocrx_word' id='word_1_779' title='bbox 246 5683 424 5740; x_wconf 86' lang='lat' dir='ltr'>aiunt</span> <span class='ocrx_word' id='word_1_780' title='bbox 457 5680 573 5737; x_wconf 87' lang='lat' dir='ltr'>ista</span> <span class='ocrx_word' id='word_1_781' title='bbox 602 5697 738 5738; x_wconf 90' lang='lat' dir='ltr'>eum</span> <span class='ocrx_word' id='word_1_782' title='bbox 789 5681 997 5740; x_wconf 84' lang='lat' dir='ltr'>notitia</span> <span class='ocrx_word' id='word_1_783' title='bbox 1027 5688 1353 5756; x_wconf 89' lang='lat' dir='ltr'>opportune</span> <span class='ocrx_word' id='word_1_784' title='bbox 1408 5683 1492 5740; x_wconf 89' lang='lat' dir='ltr'>uti</span> <span class='ocrx_word' id='word_1_785' title='bbox 1531 5683 1790 5742; x_wconf 89' lang='lat' dir='ltr'>voluisse</span> <span class='ocrx_word' id='word_1_786' title='bbox 1840 5687 1915 5743; x_wconf 90' lang='lat' dir='ltr'>ad</span> 
     </span>
    </p>
   </div>
   <div class='ocr_carea' id='block_1_105' title="bbox 2016 4697 3661 4774">
    <p class='ocr_par' dir='ltr' id='par_1_105' title="bbox 2016 4697 3661 4774">
     <span class='ocr_line' id='line_1_105' title="bbox 2016 4697 3661 4774; baseline 0.002 -21"><span class='ocrx_word' id='word_1_787' title='bbox 2016 4699 2287 4754; x_wconf 80' lang='lat' dir='ltr'>fuissent.</span> <span class='ocrx_word' id='word_1_788' title='bbox 2320 4698 2546 4753; x_wconf 88' lang='lat' dir='ltr'>Interea</span> <span class='ocrx_word' id='word_1_789' title='bbox 2574 4697 2715 4751; x_wconf 89' lang='lat' dir='ltr'>dum</span> <span class='ocrx_word' id='word_1_790' title='bbox 2766 4697 2886 4752; x_wconf 68' lang='lat' dir='ltr'>haec</span> <span class='ocrx_word' id='word_1_791' title='bbox 2935 4705 3241 4770; x_wconf 88' lang='lat' dir='ltr'>geruntur,</span> <span class='ocrx_word' id='word_1_792' title='bbox 3303 4702 3661 4774; x_wconf 75' lang='lat' dir='ltr'>imperatorii</span> 
     </span>
    </p>
   </div>
   <div class='ocr_carea' id='block_1_106' title="bbox 2016 4785 3661 4860">
    <p class='ocr_par' dir='ltr' id='par_1_106' title="bbox 2016 4785 3661 4860">
     <span class='ocr_line' id='line_1_106' title="bbox 2016 4785 3661 4860; baseline 0.002 -16"><span class='ocrx_word' id='word_1_793' title='bbox 2016 4788 2320 4860; x_wconf 89' lang='lat' dir='ltr'>equitatus</span> <span class='ocrx_word' id='word_1_794' title='bbox 2348 4786 2544 4842; x_wconf 89' lang='lat' dir='ltr'>dictus</span> <span class='ocrx_word' id='word_1_795' title='bbox 2566 4785 2693 4855; x_wconf 85' lang='lat' dir='ltr'>jam</span> <span class='ocrx_word' id='word_1_796' title='bbox 2726 4801 2918 4841; x_wconf 79' lang='lat' dir='ltr'>comes</span> <span class='ocrx_word' id='word_1_797' title='bbox 2949 4790 3286 4859; x_wconf 88' lang='lat' dir='ltr'>supervenit</span> <span class='ocrx_word' id='word_1_798' title='bbox 3327 4791 3661 4858; x_wconf 85' lang='lat' dir='ltr'>Chadenus,</span> 
     </span>
    </p>
   </div>
   <div class='ocr_carea' id='block_1_107' title="bbox 2019 4874 3662 4947">
    <p class='ocr_par' dir='ltr' id='par_1_107' title="bbox 2019 4874 3662 4947">
     <span class='ocr_line' id='line_1_107' title="bbox 2019 4874 3662 4947; baseline 0.002 -15"><span class='ocrx_word' id='word_1_799' title='bbox 2019 4875 2614 4946; x_wconf 86' lang='lat' dir='ltr'>Tbessalonicamque</span> <span class='ocrx_word' id='word_1_800' title='bbox 2636 4874 2964 4945; x_wconf 89' lang='lat' dir='ltr'>ingreditur</span> <span class='ocrx_word' id='word_1_801' title='bbox 2986 4876 3376 4947; x_wconf 79' lang='lat' dir='ltr'>perceleriter,</span> <span class='ocrx_word' id='word_1_802' title='bbox 3428 4883 3662 4935; x_wconf 87' lang='lat' dir='ltr'>statim-</span> 
     </span>
    </p>
   </div>
   <div class='ocr_carea' id='block_1_108' title="bbox 2021 4964 3665 5037">
    <p class='ocr_par' dir='ltr' id='par_1_108' title="bbox 2021 4964 3665 5037">
     <span class='ocr_line' id='line_1_108' title="bbox 2021 4964 3665 5037; baseline 0.003 -16"><span class='ocrx_word' id='word_1_803' title='bbox 2021 4981 2135 5037; x_wconf 90' lang='lat' dir='ltr'>que</span> <span class='ocrx_word' id='word_1_804' title='bbox 2155 4965 2306 5034; x_wconf 89' lang='lat' dir='ltr'>quod</span> <span class='ocrx_word' id='word_1_805' title='bbox 2329 4964 2991 5036; x_wconf 86' lang='lat' dir='ltr'>communil&#39;amaatque</span> <span class='ocrx_word' id='word_1_806' title='bbox 3013 4965 3665 5026; x_wconf 87' lang='lat' dir='ltr'>omniumsermonibus</span> 
     </span>
    </p>
   </div>
   <div class='ocr_carea' id='block_1_109' title="bbox 2020 5051 3666 5126">
    <p class='ocr_par' dir='ltr' id='par_1_109' title="bbox 2020 5051 3666 5126">
     <span class='ocr_line' id='line_1_109' title="bbox 2020 5051 3666 5126; baseline 0.004 -17"><span class='ocrx_word' id='word_1_807' title='bbox 2020 5053 2324 5126; x_wconf 85' lang='lat' dir='ltr'>vulgatum</span> <span class='ocrx_word' id='word_1_808' title='bbox 2358 5053 2566 5119; x_wconf 81' lang='lat' dir='ltr'>fuerat,</span> <span class='ocrx_word' id='word_1_809' title='bbox 2602 5068 2661 5107; x_wconf 93' lang='lat' dir='ltr'>re</span> <span class='ocrx_word' id='word_1_810' title='bbox 2684 5051 2815 5123; x_wconf 87' lang='lat' dir='ltr'>ipsa</span> <span class='ocrx_word' id='word_1_811' title='bbox 2837 5063 3074 5108; x_wconf 87' lang='lat' dir='ltr'>ostensa</span> <span class='ocrx_word' id='word_1_812' title='bbox 3100 5056 3488 5112; x_wconf 81' lang='lat' dir='ltr'>confirmavit.</span> <span class='ocrx_word' id='word_1_813' title='bbox 3521 5059 3666 5115; x_wconf 83' lang='lat' dir='ltr'>Nam</span> 
     </span>
    </p>
   </div>
   <div class='ocr_carea' id='block_1_110' title="bbox 2023 5141 3668 5216">
    <p class='ocr_par' dir='ltr' id='par_1_110' title="bbox 2023 5141 3668 5216">
     <span class='ocr_line' id='line_1_110' title="bbox 2023 5141 3668 5216; baseline 0.002 -16"><span class='ocrx_word' id='word_1_814' title='bbox 2023 5141 2409 5214; x_wconf 72' lang='lat' dir='ltr'>Palaaologum</span> <span class='ocrx_word' id='word_1_815' title='bbox 2443 5157 2649 5197; x_wconf 90' lang='lat' dir='ltr'>secura</span> <span class='ocrx_word' id='word_1_816' title='bbox 2680 5141 2949 5198; x_wconf 88' lang='lat' dir='ltr'>custodia</span> <span class='ocrx_word' id='word_1_817' title='bbox 2973 5145 3182 5212; x_wconf 89' lang='lat' dir='ltr'>tenuit,</span> <span class='ocrx_word' id='word_1_818' title='bbox 3205 5162 3449 5216; x_wconf 85' lang='lat' dir='ltr'>parcens</span> <span class='ocrx_word' id='word_1_819' title='bbox 3472 5151 3668 5204; x_wconf 90' lang='lat' dir='ltr'>tamen</span> 
     </span>
    </p>
   </div>
   <div class='ocr_carea' id='block_1_111' title="bbox 2021 5231 3674 5304">
    <p class='ocr_par' dir='ltr' id='par_1_111' title="bbox 2021 5231 3674 5304">
     <span class='ocr_line' id='line_1_111' title="bbox 2021 5231 3674 5304; baseline 0.002 -16"><span class='ocrx_word' id='word_1_820' title='bbox 2021 5249 2156 5288; x_wconf 87' lang='lat' dir='ltr'>eum</span> <span class='ocrx_word' id='word_1_821' title='bbox 2180 5232 2365 5288; x_wconf 85' lang='lat' dir='ltr'>ferrea</span> <span class='ocrx_word' id='word_1_822' title='bbox 2387 5231 2671 5302; x_wconf 79' lang='lat' dir='ltr'>stringere</span> <span class='ocrx_word' id='word_1_823' title='bbox 2694 5233 2991 5303; x_wconf 87' lang='lat' dir='ltr'>compede,</span> <span class='ocrx_word' id='word_1_824' title='bbox 3014 5236 3285 5304; x_wconf 88' lang='lat' dir='ltr'>quamvis</span> <span class='ocrx_word' id='word_1_825' title='bbox 3323 5236 3378 5289; x_wconf 92' lang='lat' dir='ltr'>id</span> <span class='ocrx_word' id='word_1_826' title='bbox 3434 5237 3674 5294; x_wconf 89' lang='lat' dir='ltr'>haberet</span> 
     </span>
    </p>
   </div>
   <div class='ocr_carea' id='block_1_112' title="bbox 2023 5316 3675 5385">
    <p class='ocr_par' dir='ltr' id='par_1_112' title="bbox 2023 5316 3675 5385">
     <span class='ocr_line' id='line_1_112' title="bbox 2023 5316 3675 5385; baseline 0.004 -7"><span class='ocrx_word' id='word_1_827' title='bbox 2023 5322 2083 5378; x_wconf 93' lang='lat' dir='ltr'>in</span> <span class='ocrx_word' id='word_1_828' title='bbox 2117 5318 2438 5378; x_wconf 89' lang='lat' dir='ltr'>mandatis.</span> <span class='ocrx_word' id='word_1_829' title='bbox 2473 5320 2636 5385; x_wconf 89' lang='lat' dir='ltr'>Quod</span> <span class='ocrx_word' id='word_1_830' title='bbox 2670 5319 2768 5377; x_wconf 89' lang='lat' dir='ltr'>ille</span> <span class='ocrx_word' id='word_1_831' title='bbox 2802 5316 2996 5377; x_wconf 82' lang='lat' dir='ltr'>utrum</span> <span class='ocrx_word' id='word_1_832' title='bbox 3031 5328 3204 5378; x_wconf 72' lang='lat' dir='ltr'>tanta:</span> <span class='ocrx_word' id='word_1_833' title='bbox 3240 5324 3562 5382; x_wconf 88' lang='lat' dir='ltr'>nobilitatis</span> <span class='ocrx_word' id='word_1_834' title='bbox 3587 5344 3675 5384; x_wconf 86' lang='lat' dir='ltr'>ve-</span> 
     </span>
    </p>
   </div>
   <div class='ocr_carea' id='block_1_113' title="bbox 2025 5409 3672 5483">
    <p class='ocr_par' dir='ltr' id='par_1_113' title="bbox 2025 5409 3672 5483">
     <span class='ocr_line' id='line_1_113' title="bbox 2025 5409 3672 5483; baseline 0.003 -16"><span class='ocrx_word' id='word_1_835' title='bbox 2025 5410 2410 5475; x_wconf 89' lang='lat' dir='ltr'>recundia,an</span> <span class='ocrx_word' id='word_1_836' title='bbox 2427 5409 2696 5465; x_wconf 67' lang='lat' dir='ltr'>amicitias</span> <span class='ocrx_word' id='word_1_837' title='bbox 2711 5410 2966 5481; x_wconf 91' lang='lat' dir='ltr'>quodam</span> <span class='ocrx_word' id='word_1_838' title='bbox 2984 5411 3262 5468; x_wconf 89' lang='lat' dir='ltr'>instinctu</span> <span class='ocrx_word' id='word_1_839' title='bbox 3281 5414 3499 5483; x_wconf 85' lang='lat' dir='ltr'>fecerit,</span> <span class='ocrx_word' id='word_1_840' title='bbox 3516 5416 3672 5472; x_wconf 89' lang='lat' dir='ltr'>haud</span> 
     </span>
    </p>
   </div>
   <div class='ocr_carea' id='block_1_114' title="bbox 2024 5497 3674 5561">
    <p class='ocr_par' dir='ltr' id='par_1_114' title="bbox 2024 5497 3674 5561">
     <span class='ocr_line' id='line_1_114' title="bbox 2024 5497 3674 5561; baseline 0.002 -3"><span class='ocrx_word' id='word_1_841' title='bbox 2024 5500 2462 5558; x_wconf 81' lang='lat' dir='ltr'>afﬁrmaverim.</span> <span class='ocrx_word' id='word_1_842' title='bbox 2485 5497 2699 5554; x_wconf 89' lang='lat' dir='ltr'>Vereor</span> <span class='ocrx_word' id='word_1_843' title='bbox 2720 5501 2875 5554; x_wconf 86' lang='lat' dir='ltr'>enim</span> <span class='ocrx_word' id='word_1_844' title='bbox 2901 5505 2962 5554; x_wconf 87' lang='lat' dir='ltr'>ut</span> <span class='ocrx_word' id='word_1_845' title='bbox 2995 5502 3133 5556; x_wconf 88' lang='lat' dir='ltr'>satis</span> <span class='ocrx_word' id='word_1_846' title='bbox 3155 5502 3551 5560; x_wconf 84' lang='lat' dir='ltr'>verisimiliter</span> <span class='ocrx_word' id='word_1_847' title='bbox 3573 5507 3674 5561; x_wconf 77' lang='lat'><strong>80</strong></span> 
     </span>
    </p>
   </div>
   <div class='ocr_carea' id='block_1_115' title="bbox 2024 5587 3677 5664">
    <p class='ocr_par' dir='ltr' id='par_1_115' title="bbox 2024 5587 3677 5664">
     <span class='ocr_line' id='line_1_115' title="bbox 2024 5587 3677 5664; baseline 0.001 -15"><span class='ocrx_word' id='word_1_848' title='bbox 2024 5588 2315 5664; x_wconf 87' lang='lat' dir='ltr'>suspicari</span> <span class='ocrx_word' id='word_1_849' title='bbox 2346 5587 2518 5645; x_wconf 87' lang='lat' dir='ltr'>liceat</span> <span class='ocrx_word' id='word_1_850' title='bbox 2538 5587 2878 5644; x_wconf 91' lang='lat' dir='ltr'>ministrum</span> <span class='ocrx_word' id='word_1_851' title='bbox 2910 5589 3008 5644; x_wconf 74' lang='lat' dir='ltr'>iraa</span> <span class='ocrx_word' id='word_1_852' title='bbox 3044 5594 3165 5646; x_wconf 90' lang='lat' dir='ltr'>tam</span> <span class='ocrx_word' id='word_1_853' title='bbox 3199 5594 3412 5649; x_wconf 87' lang='lat' dir='ltr'>atrocis</span> <span class='ocrx_word' id='word_1_854' title='bbox 3430 5599 3548 5648; x_wconf 86' lang='lat' dir='ltr'>tam</span> <span class='ocrx_word' id='word_1_855' title='bbox 3574 5595 3677 5650; x_wconf 91' lang='lat' dir='ltr'>hu-</span> 
     </span>
    </p>
   </div>
   <div class='ocr_carea' id='block_1_116' title="bbox 2026 5676 3672 5756">
    <p class='ocr_par' dir='ltr' id='par_1_116' title="bbox 2026 5676 3672 5756">
     <span class='ocr_line' id='line_1_116' title="bbox 2026 5676 3672 5756; baseline 0.001 -17"><span class='ocrx_word' id='word_1_856' title='bbox 2026 5697 2232 5739; x_wconf 86' lang='lat' dir='ltr'>manos</span> <span class='ocrx_word' id='word_1_857' title='bbox 2255 5695 2467 5737; x_wconf 88' lang='lat' dir='ltr'>sensus</span> <span class='ocrx_word' id='word_1_858' title='bbox 2480 5682 2659 5752; x_wconf 86' lang='lat' dir='ltr'>atque</span> <span class='ocrx_word' id='word_1_859' title='bbox 2671 5676 2936 5750; x_wconf 81' lang='lat' dir='ltr'>affectus,</span> <span class='ocrx_word' id='word_1_860' title='bbox 2962 5679 3103 5736; x_wconf 93' lang='lat' dir='ltr'>dum</span> <span class='ocrx_word' id='word_1_861' title='bbox 3119 5697 3339 5738; x_wconf 65' lang='lat' dir='ltr'>saevum</span> <span class='ocrx_word' id='word_1_862' title='bbox 3357 5681 3672 5756; x_wconf 89' lang='lat' dir='ltr'>imperium</span> 
     </span>
    </p>
   </div>
  </div>
