4258 6438
190 402 302 459 465

1322 407 1414 459 ΟΕ
1453 401 1817 458 MICHABLE
1856 397 2303 452 PALBOLOGO
2339 400 2468 450 LIB.
2513 402 2555 451 l.

3493 390 3597 444 466

185 525 272 595 ἦν,
307 525 384 587 ὡς
437 524 629 594 ἔοικεν,
665 525 724 580 ἐκ
771 527 963 595 ζέσεως
1019 533 1250 602 φυσικῆς
1300 524 1607 601 ιγκαρδίου.
1651 523 1834 586 Ὅθεν,
1865 521 1920 588 Α
1953 519 2364 594 προτεινόμενοι
2395 517 2576 592 ὅρκοι,
2609 517 2670 572 οὐ
2701 517 2834 592 βίων
2864 519 2969 570 τῶν
3003 515 3109 590 πρὸ
3154 517 3251 568 τοῦ
3311 511 3596 583 ἰξετάσεις,

184 615 368 682 οἶμαι,
399 616 488 668 καὶ
537 617 598 668 τὸ
644 614 830 689 εὐφυὶς
884 613 1074 686 ἐκείνῳ
1133 617 1219 669 καὶ
1255 616 1386 686 ὑπὲρ
1441 614 1504 669 τὸ
1555 613 1832 684 προσῆκον

184 703 272 774 ἦν,
338 703 405 757 οὗ
466 699 744 778 στέγοντος
801 707 896 756 τοῦ
950 704 1144 774 μορίου
1202 704 1266 756 τὸ
1323 705 1493 766 πάθος
1552 698 1832 755 κάντεῦθεν

181 790 594 863 ἐκτρεπομένου
625 795 722 845 τοῦ
753 790 984 861 εἰκότος,
1019 791 1092 852 ὡς
1141 789 1280 863 μηδὲ
1327 790 1638 865 χρησίμους
1694 785 1835 840 πολ-

181 879 344 941 λάκις
391 881 728 952 ἀναπέμπειν
786 886 864 951 τῷ
924 880 1210 954 ἐγκεφάλῳ
1286 883 1382 936 τᾶτ
1468 877 1833 943 ἁναπνεόσεις,

178 970 301 1032 ὅθεν
349 970 442 1023 καὶ
497 970 559 1023 τὸ
611 967 940 1042 λογίζεσθαι.
980 970 1066 1025 Ἐν
1116 969 1296 1040 τούτῳ
1353 969 1454 1042 γάρ
1487 967 1575 1021 καὶ
1608 965 1835 1044 φιλοσό-

177 1079 293 1132 φων
359 1056 473 1132 ἔριν
529 1059 650 1131 περὶ
709 1062 806 1111 τοῦ
864 1063 1084 1132 φρονεῖν
1136 1052 1491 1129 συμῦιὸάζειν
1541 1076 1620 1115 τις
1679 1051 1825 1129 ἔχοι⁸

177 1147 339 1218 πηγή
405 1147 507 1221 γάρ
565 1146 846 1218 λογισμῶν
898 1149 932 1214 ὴ
989 1143 1204 1218 καρδία,
1260 1144 1406 1213 πλὴν
1484 1144 1832 1218 ἀναγομένων

174 1235 314 1308 πρὸς
347 1235 439 1287 τὸν
489 1233 812 1310 ἐγκέφαλον,
845 1235 919 1296 ὡς
971 1233 1175 1294 ἐκεῖνος
1232 1233 1566 1307 συμμετρίας
1628 1233 1662 1299 ἢ
1727 1231 1832 1302 μὴν

172 1321 555 1394 ἀσυμμετρίας
587 1319 938 1396 ἔχοι,οὕτως
991 1320 1375 1376 εἷδοποιεῖσθαι
1436 1316 1715 1392 συμϐαίνει
1773 1319 1835 1370 τὸ

173 1410 541 1485 ἀναγόμενον.
572 1410 710 1466 Τότε
740 1409 918 1464 τοίνυν
969 1410 1368 1479 ἐπιπιπτούσης
1417 1410 1678 1483 συχνάκις
1735 1413 1835 1475 τῆς

165 1499 357 1566 νόσου,
412 1498 512 1552 οὐκ
565 1496 666 1552 οἶδ’
719 1497 938 1564 ὁπόθεν,
999 1501 1215 1571 μήνιμα
1273 1499 1408 1553 εἶναι
1458 1499 1521 1551 τὸ
1579 1496 1748 1558 πάθος
1806 1497 1833 1549 6

163 1590 404 1662 πάσχων
464 1588 523 1642 ἐκ
580 1587 901 1662 μαγγανείας
963 1586 1246 1661 δαιμόνιον
1307 1582 1678 1660 ὑπελάμϐανε.
1732 1574 1832 1638 Καἰ

165 1679 221 1730 οἱ
260 1678 358 1749 μὶν
387 1674 595 1732 πολλοὶ
652 1681 759 1731 τῶν
813 1675 934 1749 ἔξω,
964 1680 1044 1739 οἷς
1092 1679 1158 1744 ἦν
1188 1677 1255 1732 τὰ
1285 1681 1507 1731 τοιαῦτα
1536 1676 1830 1739 πιστεύειν,

160 1766 224 1821 τὸ
313 1763 568 1841 ἔγκλημα
638 1761 996 1840 προσέτριϐον
1068 1772 1185 1827 τοῖς
1267 1765 1626 1834 Μουζάλωσι,
1684 1765 1830 1837 παρά

1947 609 2044 663 οὐκ
2075 606 2200 664 ἄλλ’
2233 607 2361 662 ἄττα
2396 610 2478 670 οἷς
2528 609 2588 661 τὸ
2636 603 2833 679 ψεῦδος
2882 604 3160 678 ἐλέγχεται
3196 621 3207 632 ·
3244 600 3369 656 ἀλλ’
3396 601 3450 654 ’ἐν
3501 602 3588 654 καὶ

1960 699 2124 769 μόνον
2181 698 2246 764 ἦν
2299 698 2360 751 τὸ
2419 701 2591 763 σῶζον
2645 694 2770 754 τοὺς
2809 693 3119 761 ἡλωκότας,
3157 689 3428 761 [Ρ.18]εἴ
3489 689 3592 761 μό-

1946 783 2076 859 δρον
2140 785 2198 838 ἐκ
2254 786 2423 857 πυρὸς
2473 782 2582 852 ἤδη
2616 782 2820 852 ζέοντα,
2853 783 2880 835 ’ὁ
2914 779 2978 848 δὴ
3012 781 3098 833 καὶ
3135 782 3288 852 ἅγιον
3320 778 3594 854 ἐπεφήμι-

1949 873 2368 948 ζον,τολμώσῃ
2433 875 2578 947 χειρί
2635 873 2896 943 κύψαντες
2943 866 3264 924 ἀναλάϐοιεν
3325 868 3414 922 καὶ
3469 867 3589 939 τρὶς

1949 966 2307 1038 βηματίσειαν
2368 960 2609 1038 ἔχοντες,
2658 963 2920 1034 πρότερον
2977 961 3150 1032 τρισὶν
3206 957 3440 1029 ἡμέραις
3492 961 3587 1009 τοῦ

1945 1057 2110 1107 ταῦτα
2139 1053 2367 1126 γίνεσθαι
2400 1050 2621 1120 νηστείᾳ
2673 1048 3092 1124 καθηγνισμένοι
3141 1047 3230 1100 καὶ
3282 1049 3588 1120 προσευχῇ,

1946 1141 2160 1210 ἐπισεση
2175 1143 2440 1213 μασμένοι
2473 1141 2560 1193 καὶ
2591 1142 2691 1207 τήν
2723 1144 2885 1212 χεῖρα
2912 1136 3235 1212 κεκρυφάλῳ
3273 1135 3361 1190 καὶ
3424 1133 3587 1207 βουλ-

1947 1231 2017 1304 λῃ
2073 1232 2145 1291 ὡς
2200 1232 2362 1301 μήτις
2419 1229 2730 1302 ἐπιχειροίη
2792 1227 3028 1302 ἀλείφων
3087 1225 3225 1278 τισὶν
3281 1223 3360 1300 ἐφ’
3417 1224 3461 1294 ᾧ
3511 1225 3584 1294 μὴ

1944 1324 2139 1393 ψαῦσαι
2201 1316 2342 1392 μηδὶ
2389 1322 2581 1371 καῦσαι
2639 1318 2702 1371 τὸ
2757 1321 2883 1389 πῦρ.
2918 1315 3016 1371 Καὶ
3082 1311 3213 1367 εἶδεν
3257 1314 3284 1367 6
3342 1311 3583 1387 γράφων,

1944 1405 2095 1477 ἡϐῶν
2123 1414 2202 1480 τῷ
2242 1408 2382 1475 τότε,
2417 1407 2745 1463 ὑποστάντας
2776 1407 2924 1464 τινας
2973 1407 3211 1470 τοιαῦτα,
3245 1401 3388 1466 πλὴν
3439 1400 3584 1454 ἀλω-

1944 1493 2128 1568 ϐήτως
2160 1495 2595 1567 ἀπαλλάξαντας,
2621 1495 2682 1548 τὸ
2731 1492 3050 1564 θαυμάσιον.
3084 1491 3213 1544 Τότε
3243 1489 3418 1544 τοίνυν
3453 1488 3583 1562 ὥρι-

1943 1608 2035 1648 στο
2093 1588 2185 1658 μὶν
2240 1587 2329 1638 καὶ
2388 1582 2580 1643 ἄλλοις
2612 1583 2755 1655 παρά
2799 1586 2895 1634 τοῦ
2925 1584 3252 1655 κρατοῦντος
3284 1574 3580 1650 λαμϐάνειν

1942 1677 2016 1737 είς
2061 1675 2234 1751 γάμον
2295 1672 2350 1728 εὖ
2402 1677 2498 1726 τοῦ
2556 1671 2744 1746 γένους
2784 1669 3035 1745 ἰχούσας,
3066 1668 3161 1722 κᾶν
3195 1668 3389 1721 ἐκεῖνοι
3447 1665 3588 1720 πολ·

1942 1765 2095 1826 λάκις
2155 1763 2213 1818 ἐκ
2272 1761 2594 1837 σπερμάτων
2653 1763 2786 1828 ἦσαν
2844 1760 2945 1813 οὐκ
2987 1758 3214 1830 εὐγενῶν
3252 1776 3264 1788 ·
3316 1754 3460 1822 πλὴν
3521 1757 3582 1808 τὸ

165 1853 366 1928 λόγον,
425 1857 516 1908 καὶ
570 1855 644 1917 ὡς
703 1854 800 1908 οὐκ
877 1852 938 1908 ἃν
1005 1853 1452 1929 προσεδόκησαν,
1489 1859 1598 1909 τῶν
1662 1855 1820 1925 ἆξιω-
1859 1854 2142 1951 Βεῦγενές
2194 1851 2420 1912 ἐκείνοις
2472 1850 2608 1923 πρὸς
2660 1852 2757 1902 τοῦ
2811 1851 3138 1920 κρατοῦντος
3224 1841 3433 1920 ἔρρεπε,
3491 1846 3579 1897 καῖ

165 1945 357 2016 μάτων
412 1947 690 2018 τυχοῦσι·
750 1947 830 2013 τῷ
881 1944 1066 2013 μέντοι
1123 1963 1184 2017 γε
1239 1943 1507 2017 πάσχοντι
1563 1948 1668 2003 πᾶς
1713 1941 1819 1995 ὕπ-

161 2053 336 2093 οπτος
395 2032 486 2100 ἦν,
550 2031 599 2086 εἷ’
661 2032 826 2104 μόνον
883 2051 963 2092 τις
1033 2031 1120 2086 ἰπὶ
1181 2031 1528 2108 μαγγανείαις
1579 2051 1818 2106 κατηγο-

159 2120 315 2196 ροίη.
375 2123 538 2184 Ὀθεν
597 2119 688 2174 καὶ
742 2117 995 2175 πλεῖστοι
1048 2119 1137 2175 καὶ
1190 2125 1299 2175 τῶν
1358 2120 1635 2196 τυχόντων
1693 2140 1817 2174 συν-

159 2203 558 2282 ελαμϐάνοντο,
609 2207 664 2264 εἷ’
711 2208 819 2264 πού
869 2229 955 2272 τις
1003 2208 1243 2285 γρύξειεν
1301 2208 1570 2285 ἐγκαλῶν.
1624 2208 1728 2266 Καὶ
1787 2209 1817 2265 6

156 2301 250 2370 μὲν
317 2296 535 2353 διώκων
597 2297 928 2374 μαγγανείας
982 2297 1154 2354 ἄλλον
1208 2299 1339 2372 ὑπὶρ
1380 2299 1572 2354 ἕαυτοῦ
1601 2297 1818 2354 πολλά-

152 2409 238 2449 κις
302 2387 338 2456 ἢ
401 2391 500 2442 τοῦ
548 2386 785 2457 πλησίον
838 2382 1162 2463 προῦϐαλλε
1205 2384 1556 2461 τοῦγκλημα,
1606 2387 1680 2448 ὡς
1737 2383 1816 2440 δί-

152 2497 246 2536 κας
339 2476 660 2548 ληψόμενος
746 2474 1070 2546 ἀποδείξας·
1133 2477 1463 2551 ἀναγόμενον
1542 2473 1598 2530 δὲ
1683 2477 1818 2549 πρὸς

155 2563 390 2640 βασιλέα
451 2565 511 2618 τὸ
568 2561 825 2638 ἔγκλημα
870 2563 929 2618 ἐκ
973 2568 1070 2618 τοῦ
1118 2565 1423 2640 παραυτίκα
1455 2563 1540 2637 (οὗ
1587 2565 1687 2638 γὰρ
1747 2565 1815 2632 ἦν

152 2658 364 2723 σιωπᾷν
431 2653 782 2724 ἀκούσαντα),
817 2654 844 2708 6
903 2651 960 2708 δὶ
1018 2653 1132 2728 οὐχ
1163 2654 1294 2730 ὑπὶρ
1328 2652 1502 2710 ἄλλου
1532 2675 1629 2709 του
1686 2652 1812 2708 ἀλλ’

147 2742 312 2805 αὐτὸς
371 2743 564 2796 ἑαυτοῦ
623 2741 873 2805 συνόλως
931 2743 1180 2817 ἀγωνιῶν
1241 2743 1598 2817 προσὲταττεν
1634 2742 1814 2814 ἐξετά-

149 2837 357 2900 ζεσθαι.
397 2832 738 2903 Παράστασις
799 2829 856 2886 δὲ
907 2816 1004 2887 τοῧ
1067 2835 1142 2905 μὴ
1203 2816 1412 2910 ψήφοις
1443 2831 1673 2896 ἀπάσαις
1725 2833 1817 2887 τὸν

149 2921 482 2994 κρινόμενον
542 2922 812 2994 αἱρεῖσθαι
875 2921 941 2975 οὐ
1007 2923 1294 2998 μαρτύρων
1354 2922 1695 2998 παραγωγαὶ,
1755 2922 1816 2977 οὐ

146 3074 372 3146 gravis,
407 3073 714 3146 epilepsia,
751 3090 866 3146 qua
897 3074 1150 3130 subinde
1179 3077 1581 3148 apprehensus
1622 3077 1814 3132 conci-

147 3163 349 3219 debat.
386 3163 564 3233 Origo
588 3165 719 3233 ejus
739 3163 1115 3220 versimiliter
1136 3165 1542 3235 imputabatur
1563 3166 1816 3222 naturali

1935 1943 2009 2003 ὡς
2039 1946 2174 2020 σφᾶς
2232 1937 2339 1996 ἔδει
2398 1938 2742 2011 σεμνύνεσθαι
2796 1936 3120 2008 ἀξιώμασιν,
3171 1932 3222 1988 ἐν
3280 1932 3580 2007 εὐεργεσίας

1929 2031 2079 2108 μίρει
2143 2030 2234 2086 καὶ
2287 2029 2620 2106 ἀμφοτέροις
2678 2027 2740 2081 16
2797 2021 2974 2094 κῆδος
3033 2026 3061 2079 6
3104 2025 3315 2096 κρατῶν
3389 2021 3573 2087 ἐτίθει,

1926 2120 2055 2175 ὥστ’
2098 2118 2333 2180 ἐκείνους
2393 2116 2489 2190 μὶν
2543 2120 2662 2175 ταῖς
2721 2114 3049 2189 ματρώναις,
3098 2113 3170 2172 ὡς
3226 2113 3253 2165 6
3303 2112 3578 2181 Ῥωμαῖος

1925 2207 2092 2277 εἴποι,
2124 2208 2200 2271 ὡς
2256 2207 2402 2271 εἰκὸς
2455 2202 2868 2282 μεγαλόνεσθαι,
2898 2200 3104 2264 ὲκείνας
3152 2198 3196 2255 δ’
3229 2197 3380 2263 αὖθις
3437 2221 3571 2270 συμ-

1928 2297 2177 2373 μετὲχειν
2233 2294 2340 2352 τῶν
2392 2294 2715 2368 ἀξιωμάτων
2769 2296 2887 2354 τοῖς
2942 2293 3260 2364 ἀγομένοις.
3297 2288 3571 2363 Ιῐροστάτ-

1923 2408 2001 2443 τει
2023 2387 2204 2442 τοίνυν
2227 2385 2320 2440 σὺν
2350 2389 2469 2445 τοῖς
2499 2380 2694 2446 ἄλλοις
2721 2381 2811 2436 καί
2838 2402 2944 2436 τινι
2985 2383 3092 2434 τῶν
3153 2377 3228 2439 εἰς
3269 2375 3572 2431 παιδοπού-

1925 2476 2054 2538 λους
2084 2476 2394 2550 ταχθέντων
2428 2473 2617 2545 ἐκείνῳ
2647 2475 2746 2527 τοῦ
2792 2470 2996 2544 πατρὸς
3050 2472 3271 2538 ζῶντος,
3315 2465 3567 2523 Βαλανει-

1926 2564 2096 2640 διώτῃ
2119 2563 2450 2635 τοῦπίκλην,
2479 2563 2577 2630 τήν
2605 2568 2706 2631 τῆς
2737 2557 3082 2636 αὐταδέλφης
3111 2561 3208 2612 τοῦ
3263 2551 3539 2612 Παλαιολό

1924 2675 2025 2729 γου
2077 2654 2320 2730 Μαρίας,
2350 2650 2455 2707 εἴτε
2503 2651 2591 2705 καὶ
2651 2649 2899 2725 Μάρθας,
2929 2648 3098 2723 κόρην
3154 2643 3458 2718 Θεοδώραν,
3509 2645 3572 2711 ἣν

1923 2748 2004 2815 τῷ
2031 2741 2426 2816 Ταρχανειώτῃ
2463 2737 2684 2814 μεγάλῳ
2730 2736 3036 2810 ὃομεστίκῳ
3083 2734 3261 2803 ἐκείνη
3321 2733 3569 2806 γεγέννη-

1925 2852 2035 2901 κεν,
2070 2832 2146 2894 είς
2208 2831 2384 2905 γάμον
2442 2829 2679 2902 νόμιμον
2741 2826 3051 2902 ἀγαγίσθαι.
3077 2825 3181 2879 Καὶ
3211 2823 3273 2888 ἦν
3322 2824 3349 2876 6
3408 2820 3572 2895 λόγος

1924 2925 2020 2977 τοῦ
2083 2920 2353 2995 βασιλέως
2411 2917 2595 2979 αὐτοῖς
2650 2911 2838 2991 βεϐαία
2889 2935 2972 2977 τις
3031 2912 3412 2986 κατεγγύησις,
3445 2911 3570 2964 κάν-

1925 3079 1998 3133 ad
2026 3078 2437 3149 imperatorem
2464 3073 2838 3130 accusatione
2870 3074 3004 3141 (non
3044 3074 3169 3125 erat
3216 3068 3369 3122 enim
3428 3065 3572 3120 libe-

1926 3183 2057 3223 rum
2090 3167 2141 3222 ei
2189 3163 2564 3221 dissimulare
2621 3163 2775 3235 quod
2832 3161 2961 3231 ejus
3019 3157 3246 3228 generis
3305 3155 3568 3210 auditum

132 3251 599 3306 etl‘ervescentizs
651 3252 847 3307 cordis
880 3254 1084 3323 (quam
1127 3257 1186 3308 et
1233 3269 1476 3309 causam
1528 3255 1579 3309 ei
1628 3255 1814 3310 fuisse
1850 3244 1891 3311 C
1923 3257 2151 3321 fuerat),
2177 3254 2375 3311 statim
2401 3254 2450 3308 is
2469 3252 2745 3307 turbatus
2766 3256 2822 3305 et
2843 3254 3122 3314 aestuans,
3148 3251 3433 3316 tanquam
3457 3260 3570 3297 non

135 3355 266 3394 reor
291 3339 531 3394 ruboris
555 3339 613 3393 in
638 3340 802 3394 vultu
831 3339 1135 3412 ﬂagrantis
1159 3342 1257 3411 (1),
1285 3341 1441 3396 haud
1467 3358 1595 3398 sese
1610 3342 1813 3398 videli-

134 3433 224 3483 cet
255 3429 532 3499 capiente
563 3428 772 3484 ardore
806 3429 1088 3500 principis
1121 3429 1282 3485 illius
1329 3432 1602 3498 membri,
1662 3432 1806 3503 quin

131 3517 287 3571 foras
320 3531 513 3587 usque
538 3515 597 3569 in
622 3533 688 3572 os
710 3522 767 3571 et
798 3532 979 3587 genas
1007 3523 1354 3590 erumpente
1377 3519 1595 3574 interni
1629 3526 1814 3576 aestus

129 3605 348 3660 indicio
369 3621 434 3659 se
459 3605 750 3675 proderet.
775 3606 888 3661 Sed
912 3611 969 3662 et
991 3605 1274 3677 {uligines
1292 3624 1360 3664 ex
1385 3607 1497 3664 isto
1535 3608 1814 3667 incendio

126 3710 372 3750 sursum
407 3694 466 3748 in
500 3695 810 3749 cerebrum
845 3696 1078 3766 perlatas
1103 3696 1346 3753 rationis
1385 3714 1559 3753 usum
1589 3704 1813 3770 pertur-

125 3785 366 3840 babant.
405 3784 568 3849 Quod
593 3785 1099 3855 quemadmodum
1123 3787 1243 3852 ﬁat,
1265 3793 1496 3859 quantu
1513 3789 1661 3845 mvis
1681 3790 1813 3862 phi-

119 3872 354 3944 losophi
394 3873 657 3927 rixentur
675 3873 829 3928 inter
852 3890 1007 3944 sese,
1029 3879 1260 3930 certum
1283 3880 1482 3932 tamen
1504 3879 1814 3948 experien-

124 3963 218 4018 tia
250 3960 542 4034 suffragio
576 3966 666 4017 est
698 3961 924 4018 fontem
960 3965 1104 4020 recti
1127 3964 1338 4034 judicii
1371 3982 1470 4022 cor
1529 3983 1682 4038 esse,
1747 3955 1816 4025 et

131 4057 312 4123 prout
343 4050 700 4105 exhalantur
727 4068 796 4107 e1
846 4068 914 4108 eo
974 4056 1409 4111 accommodati
1469 4057 1541 4112 ad
1598 4074 1812 4114 sanum

129 4144 673 4212 temperamentum
710 4141 922 4212 capitis
955 4148 1057 4196 aut
1088 4142 1142 4198 ei
1174 4143 1496 4200 adversarii
1544 4161 1814 4217 vapores,

123 4231 204 4284 ita
238 4228 498 4283 delirare
518 4228 822 4284 hominem
845 4233 949 4285 aut
970 4246 1200 4302 sapere.
1226 4232 1589 4305 Tuncigitur
1618 4235 1816 4290 istius.

132 4319 294 4373 modi
326 4315 657 4388 caliginum
691 4317 1071 4375 incommodo
1106 4323 1165 4374 in
1198 4323 1510 4378 cerebrum
1562 4326 1813 4395 appulsu

134 4405 396 4463 subinde
432 4404 745 4476 perculsus
778 4422 950 4478 aeger,
983 4407 1256 4464 laborare
1289 4426 1351 4465 se
1383 4410 1434 4464 vi
1468 4427 1621 4467 saeva
1680 4398 1817 4468 mali

130 4494 428 4551 daemonis
462 4509 776 4565 magorum
810 4496 1040 4552 artibus
1071 4497 1345 4554 immissa
1373 4499 1698 4568 judicabat.
1737 4502 1816 4558 Αο

1919 3346 1978 3400 in
2014 3345 2192 3400 alium
2221 3359 2400 3415 quam
2426 3342 2483 3396 in
2517 3357 2647 3397 sese
2669 3340 2769 3410 qui
2795 3338 3164 3392 deferebatur
3190 3335 3393 3389 noxias
3417 3338 3571 3387 artes

1921 3433 2294 3501 intendisset,
2320 3430 2571 3501 disquiri
2603 3429 2674 3484 de
2705 3444 2765 3483 re
2785 3427 3048 3498 jubebat.
3073 3423 3351 3479 Elabendi
3375 3427 3570 3478 autem

1920 3522 2200 3594 ejudicio
2258 3525 2438 3591 atque
2497 3516 2846 3572 innocentiae
2903 3514 3220 3586 probandae
3282 3528 3397 3565 una
3452 3515 3575 3563 erat

1920 3613 2089 3678 ratio,
2122 3628 2238 3668 non
2272 3611 2328 3665 in
2354 3607 2882 3678 calculisjudicum
2907 3607 3006 3659 aut
3029 3602 3305 3658 laudibus
3330 3598 3567 3654 testium

1920 3707 2021 3758 aut
2041 3699 2435 3773 jurejurando
2465 3699 2602 3752 dato
2633 3700 2734 3752 aut
2755 3693 2883 3750 vilaa
2907 3693 3071 3765 prius
3093 3689 3404 3760 inculpata:
3429 3690 3568 3742 actae

1921 3790 2202 3863 suffragio
2233 3789 2367 3858 sita,
2403 3787 2506 3844 sed
2541 3785 2601 3841 in
2641 3783 2881 3841 innoxia
2929 3779 3380 3854 pertractatione
3434 3777 3568 3832 ferri

1920 3879 2252 3948 candentis,
2283 3877 2440 3949 quod
2469 3878 2739 3931 sanetum
2774 3872 3077 3929 vocabant.
3115 3870 3304 3940 Hujus
3357 3881 3570 3938 purga-

1919 3970 2100 4026 tionis
2132 3969 2222 4024 hic
2253 3968 2402 4022 ritus
2423 3970 2567 4022 erat.
2591 3964 2698 4029 Qui
2731 3978 2794 4019 se
2821 3962 2892 4017 ad
2917 3960 3078 4016 illam
3103 3960 3353 4020 offerret,
3375 3955 3570 4010 triduo

1923 4060 2087 4130 prius
2108 4056 2337 4130 jejunio
2369 4059 2426 4111 et
2454 4053 2718 4112 oratione
2748 4067 2811 4107 se
2843 4050 3107 4124 parabat,
3136 4048 3465 4104 custoditus
3489 4049 3577 4105 in-

1920 4147 2092 4203 terim
2125 4151 2183 4202 et
2213 4161 2392 4201 manu
2424 4142 2550 4198 velo
2576 4141 2860 4207 involuta,
2895 4139 2987 4194 cui
3020 4137 3282 4210 sigillum
3315 4143 3468 4193 esset
3489 4155 3572 4192 re-

1922 4237 2087 4308 gium
2115 4237 2494 4307 impressum,
2528 4247 2601 4288 ne
2631 4233 2765 4304 quis
2795 4244 2921 4286 eam
2955 4227 3332 4284 unctionibus
3364 4226 3571 4282 adver-

1924 4344 2027 4383 sus
2057 4326 2214 4398 ignis
2243 4339 2482 4380 sensum
2514 4319 2928 4378 roborantibus
2957 4319 3234 4374 muniret.
3260 4317 3408 4371 Tum
3436 4332 3572 4387 pro-

1925 4417 2139 4472 ductus
2167 4414 2225 4470 in
2252 4413 2512 4470 medium
2535 4410 2813 4468 audacter
2831 4407 3148 4481 arripiebat
3168 4405 3419 4478 ignitum
3443 4405 3568 4476 glo-

1925 4506 2065 4562 bum
2103 4505 2263 4560 nuda
2292 4519 2491 4567 manu,
2523 4505 2580 4557 et
2604 4516 2738 4556 eum
2770 4515 2871 4571 per
2899 4498 3012 4554 tria
3041 4495 3332 4552 conclavis
3376 4495 3570 4567 spatia

128 4583 352 4676 vulgus
378 4583 623 4676 quidem
656 4584 726 4638 ad
752 4583 901 4676 talia
921 4585 1246 4676 credulum
1277 4588 1501 4644 crimen
1534 4592 1664 4661 ejus
1688 4595 1816 4676 ma:
1847 4611 1892 4676 Π
1926 4595 2213 4668 portabat.
2246 4592 2404 4646 Vidit
2434 4590 2535 4663 qui
2566 4590 2688 4645 haec
2718 4589 2924 4644 scribit
2953 4588 3011 4642 in
3035 4591 3257 4641 aetatem
3281 4585 3407 4655 jam
3439 4588 3564 4638 tum

127 4672 304 4728 leﬁcii
338 4671 714 4742 impingebat
752 4672 1183 4738 Muzalonibus.
1217 4677 1385 4747 quasi
1417 4678 1517 4749 qui
1544 4696 1657 4734 non
1681 4697 1789 4736 con

127 4763 275 4817 tenti
312 4761 718 4832 dignitatibus
752 4763 1076 4830 concessis,
1131 4765 1200 4819 ad
1258 4767 1532 4836 majores,
1589 4770 1806 4841 quibus

128 4851 473 4915 inhiabant,
507 4849 659 4904 viam
695 4849 809 4906 sibi
842 4867 910 4907 eo
962 4851 1182 4909 scelere
1233 4858 1581 4912 sternerent.
1633 4859 1805 4931 {Egro

136 4946 340 4996 autem
358 4943 678 5010 suspectus
701 4939 894 5010 quivis
907 4945 1051 5011 erat,
1075 4957 1249 5013 quem
1275 4947 1806 5019 quomodocunque

135 5028 480 5085 insimulari
511 5027 943 5101 praestigiarum
975 5031 1228 5089 audiret.
1263 5036 1451 5100 Quare
1481 5039 1680 5092 statim
1731 5040 1801 5094 ad

135 5121 366 5192 primos
402 5133 684 5173 susurros
715 5117 802 5173 vel
833 5123 1055 5176 temere
1078 5121 1465 5179 deferentium
1501 5125 1651 5181 obvii
1676 5145 1803 5198 pas-

134 5210 250 5265 sim
283 5207 512 5278 quique
544 5206 1217 5278 comprehendebantur.
1252 5213 1373 5278 Quo
1398 5214 1802 5274 animadverso

133 5298 232 5370 qui
291 5296 552 5366 aliquem
615 5296 880 5368 oderant,
945 5303 1163 5356 certam
1224 5317 1354 5356 eam
1412 5304 1638 5360 inibant
1705 5325 1800 5363 ra-

134 5390 364 5443 tionem
399 5386 532 5455 ejus
562 5385 715 5442 male
757 5387 1074 5457 multandi,
1134 5394 1198 5445 ut
1246 5392 1372 5462 jam
1415 5394 1625 5450 delatio
1681 5413 1799 5451 mu-

145 5478 255 5548 gia:
343 5474 631 5530 indicium
715 5483 872 5532 esset
929 5478 1027 5533 iraa
1084 5478 1318 5550 injustas
1404 5500 1605 5552 pmnas
1702 5503 1803 5557 per

1924 4684 2202 4756 puberem
2235 4680 2474 4738 adultus
2513 4679 2799 4752 quosdam
2832 4677 2928 4733 isti
2962 4674 3216 4732 examini
3267 4674 3565 4745 subjectos

1917 4775 2060 4829 citra
2105 4772 2287 4827 ullam
2348 4770 2657 4825 defunctos
2716 4783 2924 4822 noxam
2985 4764 3294 4820 candentis
3342 4763 3560 4817 metalli

1916 4867 2098 4930 tactu,
2128 4859 2487 4917 mirantibus
2516 4857 2615 4930 qui
2641 4859 2904 4925 aderant,
2937 4854 3149 4911 illaesos
3184 4852 3564 4923 integrosque

1916 4951 2203 5006 recedere.
2238 4948 2382 5003 Cum
2416 4951 2610 5001 autem
2647 4944 2825 5016 perid
2850 4951 3082 5014 tempus
3115 4959 3229 4997 non
3257 4958 3386 4997 raro
3415 4941 3562 4995 sole-

1914 5046 2001 5096 ret
2032 5040 2353 5110 imperator
2380 5036 2520 5091 viris
2551 5034 2707 5090 haud
2742 5033 3038 5089 nobilibus
3071 5031 3295 5104 praemii
3325 5031 3452 5086 loco
3476 5029 3560 5085 vel

1913 5130 2113 5202 gratiae
2145 5127 2651 5183 nobilissimarum
2685 5123 2978 5194 virginum
3038 5122 3309 5193 conjugia
3361 5122 3557 5176 decer-

1913 5235 2073 5284 nere,
2115 5219 2266 5273 inter
2295 5214 2411 5270 alia
2431 5216 2561 5286 ejus
2583 5215 2816 5285 generis
2845 5211 3108 5282 exempla
3133 5211 3368 5266 cuidam
3421 5213 3560 5265 ado-

1911 5309 2151 5364 lescenti
2203 5323 2234 5361 e
2291 5305 2467 5377 regiis
2525 5302 3224 5375 ephebis,,Balanidiotzn
3300 5301 3559 5368 nomine,

1912 5398 2278 5454 Theodoram
2312 5397 2413 5451 34
2444 5394 2682 5449 Marthae
2716 5393 2893 5447 tiliam
2924 5392 3144 5448 sororis
3176 5391 3503 5463 Palaaologi,
3531 5409 3561 5444 e

1913 5503 2127 5558 magno
2155 5488 2475 5543 domestico
2497 5484 2884 5541 Tarchaniots
2908 5484 3190 5554 genitam,
3210 5482 3558 5553 desponderi

146 5564 629 5623 38ca1umniam
653 5565 722 5620 de
746 5565 986 5623 inimico
1001 5571 1582 5641 repetentis.Perlata
1605 5580 1800 5631 autem
1907 5576 2108 5648 jussit.
2144 5575 2445 5631 Celebrata
2476 5591 2769 5631 consensu
2795 5572 3053 5646 partium
3085 5572 3363 5627 mandato
3395 5571 3555 5641 prin-

120 5771 132 5782 ,
219 5719 298 5790 (1)
330 5716 421 5774 Cf.
455 5718 684 5774 Possin.
719 5717 977 5776 Glossar.
1010 5737 1061 5776 v.
1096 5717 1314 5798 Εὐφυῆς
