4212 6442
637 365 743 421 467

1931 371 2231 432 GEORGII
2272 364 2736 428 ΡΔΟΗῩΜΕΒΒ

3932 370 4048 426 468

634 490 843 561 τεῦθεν,
877 488 993 544 ἐπεὶ
1048 493 1139 547 καὶ
1195 493 1331 568 πρὸς
1386 496 1476 549 τὸν
1511 495 1686 570 γάμον
1720 496 1785 552 τὰ
1818 497 1954 571 μέρη
1987 496 2119 563 ἦσαν
2154 511 2276 562 συγ·
2307 486 2361 553 Α
2390 487 2465 551 ὡς
2496 491 2596 545 οὐκ
2637 490 2740 547 οἶδ’
2770 494 2815 549 εί
2847 496 2875 549 6
2906 496 3138 574 νυμφίος
3188 500 3484 570 μεμίσηται
3666 493 3820 549 παιδὶ
3877 490 4046 564 illa»

636 578 885 645 κάταινα,
920 581 993 640 ὡς
1049 576 1297 656 γαμϐρὸς
1354 582 1547 653 ἀνέδην
1600 588 1698 653 τήν
1757 593 1857 655 τῆς
1915 586 2085 660 κόρης
2115 578 2285 636 οὶκίαν

638 666 953 741 εἰσήρχετο.
987 668 1163 725 Ἀλλά
1192 672 1470 749 παρερρυη
1506 675 1706 748 χρόνος
1738 673 1922 749 ὀλίγος
1950 677 1978 729 6
2007 676 2105 743 τὴν
2144 690 2283 742 μνη·

638 754 813 809 στείαν
871 754 1080 826 ἐκείνην
1140 758 1470 833 ἐπιμετρῶν,
1500 762 1589 816 καὶ
1650 763 1749 817 οῦκ
1778 760 1877 817 οἶδ’
1910 763 1939 818 6'
1983 784 2034 817 τι
2093 760 2277 821 παθὼν

639 843 667 897 ὁ
698 849 932 917 κρατῶν,
965 845 1110 914 πλὴν
1153 846 1280 902 ἀλλ’
1306 852 1340 917 ἡ
1390 848 1601 920 ἐξουσία
1642 857 1889 926 κρεῖσσον
1941 851 2176 921 δικαίου,
2206 860 2285 926 τῷ

637 936 732 986 τοῦ
765 929 1157 1008 Καϐαλλαρίου
1208 938 1312 1009 υἱῷ
1344 938 1611 1012 Βασιλείῳ
1668 941 1872 1017 εὐγενεῖ
1924 964 1983 997 τε
2031 940 2144 998 ὄντι
2203 943 2283 1013 ἐξ·

638 1018 823 1076 εδίδου
854 1023 910 1077 εὗ
938 1024 1125 1099 γίνους
1156 1024 1387 1101 ἔχουσαν
1418 1029 1517 1094 τήν
1564 1030 1839 1106 ῥηθεῖσαν.
1873 1032 1928 1084 '0
1960 1030 2004 1086 δ’
2036 1033 2086 1087 ἐν
2138 1032 2285 1106 εὐερ-

636 1108 819 1183 γεσίας
878 1112 1026 1184 μέρει
1082 1110 1299 1188 δέχεται
1358 1116 1606 1189 ἀσμένως
1656 1120 1714 1173 τὸ
1770 1118 2007 1195 δωρηθὲν
2040 1122 2129 1176 καὶ
2158 1143 2285 1175 κατ-

637 1197 835 1272 επείγει
872 1201 1003 1261 τοὺς
1032 1199 1257 1275 γάμους.
1293 1204 1424 1266 Ταῖς
1458 1207 1639 1277 μέντοι
1686 1230 1746 1281 γε
1791 1210 1994 1283 γυναιξὶ
2041 1212 2176 1284 πρὸς
2224 1210 2285 1263 τό

638 1290 856 1360 πρῶτον
916 1287 1206 1363 ρεπούσαις
1283 1293 1663 1371 συνάλλαγμα,
1713 1298 2287 1371 προκατειλημμέναις

639 1373 834 1447 ἄτιμόν
891 1377 1149 1452 ἐχούσαις
1204 1382 1266 1435 τὸ
1328 1379 1693 1455 μεταϐαίνειν,
1724 1386 2057 1460 ἀπόποργος
2098 1389 2126 1443 6
2155 1410 2286 1460 νυμ-

640 1464 763 1541 φίος
793 1465 882 1533 ἦν.
916 1468 1064 1529 Τέως
1095 1466 1153 1522 δὲ
1183 1470 1235 1530 (6
1281 1470 1381 1544 γὰρ
1442 1478 1653 1546 κρατῶν
1707 1474 2088 1548 προσέταττεν)
2136 1476 2287 1531 ἐκου-

642 1556 750 1607 σῶν
810 1554 1055 1609 ἀκουσῶν
1115 1556 1333 1613 ἐκείνων
1383 1561 1449 1615 τά
1522 1562 1861 1635 νομιζόμενα
1918 1564 2155 1620 ἐτελεῖτο
2199 1584 2297 1635 καὶ

638 1647 947 1715 περιφανῶς
997 1646 1048 1698 οἱ
1107 1645 1351 1717 ὑμέναιοι
1404 1648 1623 1723 ἤγοντο.
1658 1650 1872 1707 Ἀλλ’ὁ
1921 1655 2154 1729 νυμφίος
2210 1656 2291 1727 ἐφ’

639 1732 873 1803 ἡμέραις
932 1731 1031 1787 οῦκ
1090 1733 1339 1805 ἐπλήρου
1391 1742 1459 1802 τῆ
1520 1740 1657 1813 κόρῃ
1688 1741 1754 1795 τὰ
1782 1746 1887 1796 τῶν
1922 1740 2148 1815 ἀνδρῶν.
2184 1748 2284 1800 Καὶ

2394 598 2472 649 τῳ
2528 580 2789 653 πρότερον
2848 585 3290 661 κατηγγυημένῃ.
3322 587 3385 642 Ὀ
3441 587 3623 658 μέντοι
3670 605 3731 659 γε
3783 580 4045 657 βασιλεὺς

2395 665 2501 721 εἷ’τε
2532 671 2664 740 πρὸς
2689 672 2788 737 τήν
2841 673 3071 744 ὑποψίαν
3123 673 3212 728 καῖ
3256 672 3331 729 ἔτι
3383 674 3707 745 ἀμετάθετον
3757 667 3897 746 ἔχων
3958 671 4043 729 ὡς

2396 753 2603 825 ἐκείνην
2668 760 2981 834 μαγγνείαις
3034 761 3344 833 εἴθισμένην
3395 762 3538 818 εἶκὸς
3590 763 3681 816 καὶ
3722 762 3839 815 κατ’
3870 759 4042 814 αὖτοῦ

2392 844 2675 916 τολμῆσαι
2704 848 2982 909 τοιούτοις
3014 852 3343 923 χρήσασθαι,
3377 847 3913 919 συνυποπτευομένου
3945 845 4043 901 καὶ

2392 930 2665 1011 τάδελφοῦ
2716 936 2802 989 ὑπ’
2830 936 2965 1010 αὐτῇ
3013 937 3307 1015 τραφέντος
3362 939 3451 992 καὶ
3510 937 3893 1010 στεργομένου,
3926 933 4047 989 ε”τε

2399 1024 2506 1092 μὴν
2538 1025 2625 1076 καὶ
2658 1024 2733 1085 εἷς
2766 1023 2971 1079 ἔννοιαν
3004 1024 3177 1088 ἐλθὼν
3232 1029 3304 1097 μή
3359 1048 3477 1087 πως
3532 1028 3637 1080 τῶν
3690 1023 4049 1099 πραχθέντων

2396 1110 2469 1170 ὡς
2529 1110 2672 1173 εἷ’κὸς
2729 1112 3092 1168 ἀκουσθέντων
3141 1116 3169 1169 6
3202 1113 3579 1190 Παλαιολόγος
3633 1110 4046 1187 ὑδριοπαθήσας

2396 1199 2469 1259 ὡς
2527 1198 2758 1277 ἀδελφὸς
2812 1204 2946 1277 πρὸς
3002 1206 3362 1276 νεωτερισμὸν
3438 1202 3804 1270 ἀποκλίνειεν,
3863 1200 4049 1260 οὕτως

2396 1282 2539 1361 ἔχων
2594 1288 2811 1362 πέμψας
2869 1290 2959 1345 καὶ
3012 1298 3111 1359 τῆς
3158 1291 3451 1365 ἡγεμονίας
3490 1291 3692 1346 ἐκείνον
3726 1287 4051 1363 παραλύσας

2396 1378 2577 1450 ἀνάγει
2610 1375 2854 1449 δέσμιον,
2887 1384 2964 1451 τῷ
3012 1380 3106 1452 μὲν
3150 1377 3326 1435 δοκεῖν
3378 1380 3500 1453 περὶ
3553 1384 3650 1435 τοῦ
3700 1386 3800 1448 τῆς
3836 1397 4052 1450 μαγγα-

2395 1464 2540 1527 νείας
2606 1465 2952 1541 ἐγκλήματος
3022 1466 3522 1544 ἀπολογησόμενον,
3578 1472 3647 1541 τῇ
3706 1466 3755 1521 δ’
3807 1466 4052 1534 ἀληθείᾳ

2397 1555 2699 1630 πρόσχημα
2745 1557 2811 1625 ἧν
2859 1558 2921 1612 τὸ
2962 1559 3205 1633 πραχθὲν
3253 1556 3480 1627 δειλίας,
3509 1562 3605 1612 τοῦ
3658 1559 3730 1629 μή
3763 1577 3814 1610 τι
3844 1575 4053 1609 νεωτε-

2399 1644 2541 1718 ρίσαι
2595 1645 2913 1700 ἀκούσαντα.
2945 1648 3014 1701 Τὸ
3070 1644 3116 1701 δ’
3146 1650 3208 1716 ἦν
3260 1644 3429 1716 δῆλον
3490 1647 3550 1700 ἐκ
3597 1650 3696 1700 τοῦ
3753 1645 3828 1716 μὴ
3887 1642 4046 1702 ὅπως

2404 1734 2518 1804 μετ’
2566 1732 2756 1808 ὀλίγον
2800 1741 2901 1803 τῆς
2959 1737 3179 1811 εἱρκτῆς
3236 1736 3437 1790 ἐκεῖνον
3488 1735 3698 1797 ἐσαῦθις
3754 1730 4055 1787 ἀνακαλεῖ-

639 1820 1038 1892 πυνθάνομένου
1094 1828 1191 1877 τοῦ
1255 1825 1523 1898 βασιλέως
1575 1827 1725 1891 ὅπως
1781 1834 1942 1885 τοῦτο
1998 1831 2229 1904 γένοιτο,
2263 1835 2290 1888 6
2323 1848 2368 1913 Β
2400 1823 2521 1875 σθαι
2552 1822 2641 1876 καὶ
2684 1826 3005 1894 συμπαθεῖν,
3035 1822 3181 1879 ἀλλά
3230 1826 3318 1879 καὶ
3372 1824 3496 1897 περὶ
3554 1825 3727 1893 ἑαυτῷ
3773 1819 3862 1875 ἀἱ
3917 1824 4048 1879 τοῖς

638 1906 697 1963 δὶ
752 1914 969 1979 πρῶτον
1025 1911 1119 1981 μὲν
1181 1912 1470 1984 ὑπεσκίαζε
1519 1918 1613 1971 τὸν
1650 1916 1924 1993 ἀπόλογον
1961 1921 2034 1982 ὡς
2093 1924 2168 1992 μή
2205 1922 2290 1985 θέη

640 1994 752 2051 λων
805 1998 1197 2055 ἀνακαλύπτειν
1247 1999 1432 2071 δῆθεν,
1469 2006 1565 2067 εἶθ’
1597 2006 1671 2066 ὡς
1722 2008 1813 2061 καὶ
1865 2006 2292 2082 δραστικώτε;ον

642 2086 970 2157 ἀνεκρίνετο,
1039 2091 1363 2163 μαγγανείαν
1412 2093 1473 2147 τὸ
1523 2093 1777 2165 ἐμποδὼν
1837 2095 2011 2170 ἔλεγε.
2045 2100 2141 2152 Καὶ
2200 2102 2289 2154 εὖ·

643 2174 736 2235 θὺς
791 2176 995 2249 ὑποψία
1049 2181 1173 2252 περί
1223 2180 1397 2252 ἑαυτῷ
1446 2187 1541 2236 τοῦ
1598 2188 1922 2257 κρατοῦντος
1979 2186 2067 2241 καὶ
2120 2189 2290 2258 θυμὸς

646 2264 728 2334 [Ρ.
765 2266 850 2337 19]
878 2264 1065 2319 πολλά
1092 2264 1287 2335 δεινὸς,
1319 2268 1407 2323 καὶ
1440 2268 1593 2326 οὐδὲν
1627 2273 1836 2347 ὑφεῖναι
1887 2271 2064 2329 δοκῶν
2109 2276 2158 2330 εἴ
2213 2279 2287 2347 μή

647 2351 981 2426 ὁμολογοῖτο
1038 2356 1071 2423 ἡ
1117 2359 1432 2431 μαγγανεία.
1485 2359 1656 2421 Εὐθὺς
1714 2360 1808 2415 οῦν
1868 2364 2063 2427 σάκκος
2118 2364 2290 2439 ἀχυρ-

646 2445 795 2509 μιᾶς,
829 2442 918 2495 καὶ
974 2446 1153 2517 γυμνὴ
1215 2444 1427 2517 σύναμα
1484 2448 1688 2521 γαλαῖς
1745 2454 1779 2519 ἡ
1839 2449 2062 2526 εῦγενὴς
2121 2458 2289 2527 γραῦς

642 2529 788 2591 ἐντὸς
844 2530 1276 2604 συναπείληπτο,
1314 2534 1387 2588 ὧν
1447 2536 1637 2611 λύγοις
1693 2535 1882 2610 ἔξωθεν
1932 2544 2291 2613 μυωπιζομέ-

640 2639 745 2673 νων
776 2625 896 2682 ταῖς
928 2624 1035 2675 τῶν
1066 2622 1281 2697 ὀνύχων
1315 2624 1514 2696 ἀκμαῖς
1552 2625 1843 2701 ἐπερονᾶτο
1893 2631 1927 2697 ἡ
1979 2631 2287 2705 πάσχουσα,

639 2706 720 2783 ἐφ’
752 2706 1270 2782 ᾦάναγκαζομένην
1318 2713 1407 2767 καὶ
1459 2713 1687 2770 ἄκουσαν
1735 2716 1957 2788 ἐξειπεῖν
2009 2720 2071 2773 τὸ
2118 2719 2290 2795 ἀπόρ-

642 2795 830 2869 ρητον.
868 2796 1023 2854 Ἀλλ’
1072 2798 1170 2854 οὐκ
1221 2800 1287 2869 ἦν
1349 2800 1515 2857 πλέον
1572 2806 1697 2880 παρ’
1727 2803 1931 2877 ἐκείνης
1987 2808 2197 2864 ἀκούειν
2256 2808 2291 2876 ἢ

638 2884 703 2940 τὸ
764 2886 841 2958 μή
897 2885 1189 2942 συνειδέναι
1243 2910 1295 2944 τι
1352 2895 1601 2947 τοιοῦτον
1662 2895 1824 2968 ἑαυτῇ
1875 2896 2144 2971 πραξάσῃ,
2202 2897 2292 2952 καὶ

646 3064 795 3135 cipis
818 3065 929 3121 rite
959 3067 1263 3138 sponsalia
1293 3074 1527 3139 sunt,et
1543 3072 1847 3143 aliquanto
1878 3075 2218 3147 indespatio
2241 3079 2291 3135 is

643 3154 878 3226 juvenis
908 3157 1110 3227 sponsi
1136 3158 1353 3213 ﬁducia
1386 3161 1540 3215 uades
1562 3161 1771 3230 puellae
1802 3163 2290 3237 frequentaverat,

649 3258 785 3298 cum
812 3259 945 3300 ecce
974 3246 1174 3303 nescio
1231 3263 1349 3318 qua
1378 3250 1683 3320 repentina
1731 3254 2059 3310 mutatione
2108 3254 2292 3326 impe-

651 3337 832 3398 rator,
856 3333 983 3403 iure
1016 3351 1082 3389 ac
1114 3336 1299 3405 pactis
1328 3336 1600 3393 absoluta
1631 3343 1915 3407 potestate
1944 3359 2167 3412 susque
2196 3346 2297 3399 de-

651 3436 766 3491 que
798 3421 1235 3492 haberejussis,
1270 3425 1743 3496 inopinatissime
1775 3429 2026 3501 imperat
2048 3433 2298 3490 Tarcha-

652 3509 824 3565 niotaa
877 3512 1075 3582 magni
1126 3513 1427 3569 domestici
1462 3514 1643 3570 ﬁliam
1675 3516 1799 3572 viro
1828 3518 2037 3588 inobili
2083 3522 2297 3579 Basilio

651 3598 963 3654 Caballarii
1014 3600 1130 3655 ﬁlio
1180 3602 1420 3660 nubere.
1460 3606 1523 3659 In
1574 3621 1798 3677 magnas
1830 3611 1955 3664 loco
1988 3611 2187 3681 gratias
2238 3612 2297 3667 id

654 3686 903 3743 Basilius
945 3688 1175 3757 habuit,
1210 3695 1266 3745 et
1296 3708 1400 3763 pro
1450 3709 1512 3748 se
1542 3710 1665 3749 rem
1698 3697 1963 3766 urgebat.
2020 3700 2295 3768 Feminis,

654 3775 827 3831 matri
862 3778 1134 3850 ﬁliaeque,
1166 3778 1451 3837 charitate
1482 3783 1685 3854 sponsi
1716 3784 1928 3853 prioris
1959 3787 2224 3860 illigatis,
2246 3795 2302 3845 et

652 3866 995 3922 indecorum
1055 3868 1480 3925 arbitrantibus
1533 3871 1824 3928 resilirea
1876 3878 2176 3932 conventis
2235 3897 2301 3934 ac

656 3956 834 4010 ﬁdem
850 3954 1070 4025 fallere,
1095 3958 1395 4029 negotium
1415 3960 1655 4015 omnino
1676 3978 1789 4017 non
1816 3962 2097 4035 placebat;
2121 3984 2302 4039 quare

656 4044 813 4114 apud
846 4043 978 4099 illas
1009 4046 1197 4114 gratia
1246 4048 1481 4103 carebat
1509 4048 1778 4107 intrusus
1812 4070 2042 4122 procus.
2087 4060 2301 4112 Tamen

658 4132 1041 4188 incumbente
1072 4133 1499 4203 iteratisjussis
1530 4138 1586 4192 in
1612 4138 1767 4195 idem
1801 4141 2084 4214 principe,
2105 4145 2303 4200 volen-

657 4221 821 4277 tibus
857 4221 1191 4279 nolentibus
1251 4230 1440 4281 matre
1473 4225 1711 4298 ﬁliaque
1742 4231 1961 4301 nuptis:
2012 4232 2204 4304 palam
2238 4252 2305 4290 ac

659 4309 965 4381 splendide
1011 4311 1311 4368 celebrata
1344 4320 1502 4371 sunt.
1558 4318 1629 4370 At
1679 4319 1881 4373 multis
1931 4320 2067 4376 inde
2096 4322 2306 4379 diebus

660 4397 944 4472 nuptialis
973 4400 1293 4473 conjugum
1328 4418 1709 4476 congressum
1733 4406 2195 4481 haudquaquam
2220 4429 2307 4468 se-

659 4489 971 4559 quebatur.
1019 4492 1201 4561 Cujus
1234 4492 1314 4548 rei
1355 4493 1501 4549 forte
1532 4495 1777 4566 cognita:
1801 4506 2174 4567 percontatus
2204 4519 2306 4558 ex-

2398 1909 2562 1963 αῦτοῦ
2619 1912 2903 1984 πράγμασι
2963 1908 3247 1966 δεδοικότα
3303 1910 3391 1965 διὰ
3445 1912 3543 1979 τήν
3577 1910 3731 1964 νόσον
3764 1906 4047 1981 ἀνάδοχον

2399 1998 2577 2067 ἀξιοῦν
2615 2000 2747 2053 εἶναι
2776 2004 2853 2071 τῷ
2877 2002 3037 2075 γένει,
3069 2002 3159 2055 καὶ
3212 1999 3687 2073 ἀπομνημονεύειν
3733 2000 3831 2066 τὴν
3876 1998 4050 2071 χάριν

2398 2088 2549 2157 αὐτῷ
2611 2086 2661 2141 ἐν
2718 2089 2952 2154 τούτοις,
2986 2091 3067 2143 ὅτι
3125 2096 3315 2152 παθεῖν
3373 2094 3553 2149 κακῶς
3606 2088 3747 2157 ἄξιον
3782 2084 3905 2141 ὄντα
3956 2084 4057 2139 διὰ

2397 2175 2463 2229 τά
2494 2177 2761 2252 φθάσαντα
2789 2176 2940 2232 οὐδὲν
2988 2178 3189 2233 ἐκεῖνον
3252 2178 3311 2233 ἐκ
3365 2178 3702 2249 συμπαθείας
3747 2176 4052 2246 ἀνήκεστον

2397 2261 2606 2338 ἔδρασε.

2402 2374 2486 2444 ιγ’.
2544 2371 2780 2435 Θάνατος
2836 2377 2933 2427 τοῦ
2996 2372 3262 2448 βασιλέως
3322 2372 3629 2445 Θεοδώρου,
3688 2373 3773 2427 καὶ
3841 2372 3908 2426 τά
3967 2367 4050 2425 ἔτι

2796 2446 3005 2512 ζῶντος
3041 2446 3202 2500 αὐτοῦ
3233 2448 3652 2519 κατορθώματα,

2470 2535 2575 2585 Τοῦ
2619 2528 2663 2585 δ’
2692 2533 2858 2587 αὐτοῦ
2906 2534 3107 2607 χρόνου
3165 2536 3303 2607 πρὸς
3347 2536 3411 2588 τὸ
3454 2534 3849 2611 φθινοπωρινὸν
3903 2533 4056 2586 ἀπο-

2400 2620 2682 2683 κλίνοντος
2739 2620 2825 2675 ἐπὶ
2884 2622 3097 2697 τέτρασι
3155 2624 3307 2677 παισὶ
3346 2621 3704 2695 μεταλλάττει
3733 2624 3795 2677 τὸ
3829 2622 3983 2697 βιοῦν
4022 2623 4057 2675 6

2398 2714 2633 2781 κρατῶν,
2681 2709 2824 2784 τρισὶ
2882 2711 2975 2781 μὲν
3033 2709 3379 2786 θηλυτέραις,
3439 2712 3516 2766 ἑνὶ
3575 2708 3621 2765 δ’
3666 2709 3895 2765 ἐνναέτει
3952 2706 4057 2783 ἄῤ-

2402 2797 2510 2874 ῥενι
2572 2803 3041 2872 παππωνυμοῦντι
3098 2804 3177 2871 τῷ
3231 2801 3472 2874 Ἰωάννῃ.
3532 2801 3604 2855 Αἱ
3660 2798 3758 2873 γὰρ
3833 2803 4063 2873 πρῶται

2399 2892 2507 2943 τῶν
2535 2886 2862 2963 θυγατέρωδ,
2894 2890 2927 2956 ἡ
2962 2888 3056 2961 μὶν
3102 2892 3179 2959 τῷ
3225 2888 3557 2965 Βουλγαρίας
3606 2886 3833 2963 ἄρχοντι
3888 2890 4059 2943 Κων-

2402 3068 2727 3139 quaestione
2758 3068 3109 3140 sperabatur
3138 3067 3424 3125 elicienda
3462 3066 3696 3124 mulieri
3725 3083 3861 3123 vera
3908 3084 4063 3123 con-

2402 3158 2599 3214 fessio.
2634 3156 2785 3211 Nihil
2822 3168 3017 3213 tamen
3050 3145 3209 3213 aliud
3242 3173 3585 3229 expressum
3623 3156 3740 3212 nisi
3794 3174 3855 3212 se
3887 3156 4060 3211 haud

2400 3250 2693 3306 consciam
2724 3249 2858 3305 talis
2888 3249 3161 3306 sceleris:
3222 3256 3496 3305 ceterum
3530 3248 3816 3319 virginem
3843 3250 4060 3319 sponsi

2401 3336 2612 3406 prioris
2637 3335 3073 3390 necessitudine
3102 3335 3428 3389 devinctam
3462 3350 3492 3388 a
3526 3333 3786 3388 secundo
3830 3332 4060 3387 abhor-

2400 3438 2545 3479 rere.
2608 3423 2735 3478 ltzec
2786 3424 3031 3478 audiens
3085 3440 3199 3477 non
3261 3422 3415 3478 ultra
3474 3422 3677 3478 saevire
3723 3422 4062 3493 imperator

2400 3512 2605 3579 voluit,
2638 3512 2748 3567 sibi
2781 3517 3048 3567 metuens
3079 3512 3150 3566 ab
3171 3512 3503 3578 exercitata,
3528 3516 3594 3566 ut
3611 3510 4059 3581 suspicabatur,

2403 3602 2547 3657 diris
2578 3601 3076 3656 incantationibus
3134 3617 3273 3665 anu,
3336 3616 3406 3655 ne
3459 3601 3576 3654 vim
3632 3598 3960 3654 maleﬁcam
3998 3601 4064 3653 in

2404 3691 2601 3762 ipsum
2634 3694 2903 3757 verteret,
2937 3691 2987 3746 si
3018 3688 3275 3761 amplius
3306 3689 3665 3757 irritaretur;
3699 3703 3801 3744 seu
3833 3688 4073 3744 veritus

2404 3796 2476 3834 ne
2509 3778 2867 3849 Palmologus
2901 3784 3017 3833 tam
3050 3784 3303 3833 atrocem
3338 3779 3557 3833 sororis
3590 3777 3865 3846 injuriam
3889 3777 4069 3831 defe-

2405 3869 2595 3925 ctione
2628 3868 3029 3923 ulcisceretur.
3064 3869 3247 3938 Atque
3270 3866 3378 3922 hoc
3400 3867 3635 3937 quidem
3661 3871 3725 3921 ut
3745 3872 4069 3936 praeverte-

2408 3965 2513 4025 ret,
2543 3958 2744 4023 misso,
2776 3962 2840 4010 ut
2870 3957 3143 4021 diximus,
3170 3955 3468 4012 Chaldeno
3490 3956 3794 4011 redactum
3819 3954 3876 4009 in
3902 3956 4079 4009 ordi-

2409 4063 2537 4103 nem
2574 4046 2961 4117 Pelazologum
2997 4051 3054 4100 et
3086 4045 3347 4101 vinctum
3381 4046 3453 4101 ad
3501 4060 3630 4100 sese
3689 4044 3914 4099 curavit
3963 4045 4084 4098 ad-

2407 4137 2567 4203 duci,
2601 4134 2792 4206 specie
2826 4135 3058 4205 quidem
3096 4139 3159 4189 ut
3211 4135 3471 4190 veneﬁcii
3529 4150 3765 4189 causam
3816 4132 4081 4199 diceret,

2410 4242 2627 4295 revera,
2652 4225 3114 4296 quod,indicavi,
3144 4242 3216 4280 ne
3239 4224 3290 4279 is
3317 4224 3517 4279 audita
3548 4222 3907 4279 contumelia
3931 4238 4083 4294 ger-

2410 4333 2595 4371 manae
2629 4316 2699 4371 ad
2734 4314 3136 4370 rebellandum
3168 4315 3564 4371 induceretur.
3602 4316 3664 4370 ld
3689 4314 3843 4369 enim
3870 4314 4085 4382 patuit

2409 4423 2477 4462 ex
2497 4406 2729 4475 eoquod
2755 4405 3217 4475 imperatoreum
3236 4404 3409 4475 paulo
3433 4405 3848 4473 posteductum
3871 4419 4089 4459 carce-

2413 4513 2472 4551 re
2498 4512 2611 4550 non
2639 4498 2831 4550 solum
2860 4494 3028 4550 venia
3044 4494 3279 4549 donavit
3298 4502 3354 4549 et
3377 4493 3436 4549 iu
3462 4494 3758 4565 integrum
3782 4494 4082 4563 restituit,

658 4577 881 4633 Basilio
912 4595 1148 4635 causam
1182 4581 1523 4651 imperator,
1558 4585 1631 4638 ab
1654 4600 1719 4638 eo
1745 4587 2000 4656 primum
2034 4590 2295 4647 eludeba-

2421 4586 2520 4642 sed
2553 4590 2610 4639 et
2640 4584 2765 4639 suis
2799 4584 2995 4651 rebus,
3029 4584 3102 4639 ob
3136 4583 3406 4638 morbum
3452 4600 3521 4638 ex
3554 4600 3671 4653 quo
3703 4580 4088 4653 periclitaba-

658 4674 758 4723 tur
788 4667 1084 4739 ambiguis
1114 4669 1453 4741 responsis:
1486 4673 1727 4728 tandem
1754 4674 1986 4733 instans
2007 4678 2309 4737 efﬁcacius

659 4756 885 4812 audivit
944 4758 1161 4813 nodum
1221 4760 1460 4815 Veneris
1518 4764 1745 4833 magico
1801 4765 2091 4822 maleﬁcio
2145 4772 2309 4826 novis

661 4845 893 4914 sponsis
926 4846 1231 4916 injectum.
1293 4849 1409 4904 Hac
1442 4852 1735 4907 mentione
1785 4856 2217 4926 praestigiarum
2250 4858 2305 4913 in

664 4933 983 4989 familiares
1037 4936 1405 5003 suspiciones
1463 4938 1764 4995 revolutus
1822 4943 2116 5016 princeps,
2158 4951 2215 5001 et
2246 4963 2308 5002 se

660 5024 1098 5094 quoqueipsum
1124 5025 1370 5082 infernis
1392 5027 1620 5083 artibus
1647 5032 1971 5101 appetitum
1989 5038 2307 5091 autumans

661 5112 735 5167 ab
768 5116 969 5167 eodem
1002 5112 1247 5169 indicati
1282 5116 1487 5171 fascini
1520 5123 1777 5186 auctore,
1836 5120 2213 5179 vehementer
2241 5143 2309 5181 ex

660 5202 923 5265 canduit,
956 5208 1218 5259 extrema
1246 5205 1494 5273 experiri
1530 5222 1777 5276 quasque
1808 5214 2003 5265 certus
2026 5214 2095 5266 ad
2121 5214 2307 5268 artiﬁ-

660 5305 785 5345 cem
818 5292 1078 5345 veneﬁcii
1115 5294 1499 5348 noscendum.
1533 5297 1747 5350 Saccus
1805 5299 2110 5369 expeditur
2150 5301 2306 5359 illico

659 5380 1113 5449 stramentitius,
1147 5388 1205 5437 et
1237 5382 1293 5437 in
1326 5399 1459 5438 eum
1495 5400 1644 5439 unus
1676 5386 1889 5441 misera
1935 5390 2308 5449 nobilissima

658 5473 921 5523 matrona
952 5471 1107 5523 unda
1139 5472 1453 5541 conjicitur
1482 5489 1613 5527 cum
1649 5474 1881 5542 felibus,
1910 5478 2006 5543 qui
2038 5480 2307 5536 videlicet

657 5559 879 5612 acubus
942 5559 1226 5616 immissis
1286 5577 1387 5629 per
1443 5566 1669 5617 textum
1732 5563 1935 5630 legetis
1966 5572 2303 5637 compuncti

656 5649 958 5718 unguibus
989 5648 1088 5704 35
1146 5649 1400 5705 vetulam
1465 5652 1887 5723 discerperent.
1950 5656 2028 5710 Ea
2058 5657 2302 5713 immani

2419 4680 2534 4741 tur,
2562 4680 2849 4738 metuens,
2874 4672 3140 4744 proprios
3162 4672 3212 4726 ei
3230 4670 3441 4727 liberos
3464 4671 3911 4734 commendavit,
3938 4687 4085 4743 gra-

2418 4763 2559 4817 tiam
2580 4762 2636 4816 in
2669 4778 2802 4817 eum
2837 4777 3006 4816 suam
3041 4776 3378 4815 memorans
3399 4777 3467 4816 ea
3498 4760 3862 4829 indulgentia
3887 4766 4082 4817 testa-

2418 4857 2557 4915 tarn,
2584 4868 2696 4919 qua
2729 4851 2922 4921 ipsum
2957 4850 3029 4903 ob
3052 4854 3245 4904 vetera
3278 4849 3483 4920 utique
3512 4849 3763 4903 crimina
3784 4864 3958 4918 pcena
3977 4850 4088 4903 di-

2417 4956 2623 5011 gnum:
2659 4938 2911 5008 benigno
2934 4937 3143 4993 affectu
3196 4936 3511 5002 miserans,
3565 4936 3712 4992 nulli
3762 4937 3949 4992 atroci
4006 4944 4073 4995 et

2417 5027 2786 5083 immedicabi
2800 5027 2833 5080 li
2866 5025 3153 5097 supplicio
3185 5026 3555 5095 subiecisset.

2418 5119 2503 5173 13.
2538 5117 2677 5173 Mors
2713 5116 2973 5172 Theodori
3001 5117 3247 5187 Augusti,
3276 5119 3328 5169 rt
3357 5117 3535 5187 ipsius
3564 5115 3704 5172 dum
3731 5116 3938 5171 viveret
3979 5132 4089 5173 res

2992 5204 3268 5276 praetura
3293 5209 3481 5270 gesta.

2487 5296 2703 5351 Eodem
2739 5310 2909 5365 porro
2936 5310 3088 5349 anno
3110 5294 3167 5348 in
3201 5300 3551 5348 autumnum
3583 5302 3853 5366 vergente
3890 5297 4091 5350 mori-

2414 5390 2513 5441 tur
2545 5386 2885 5455 imperator,
2917 5382 3169 5455 pupillos
3190 5383 3533 5454 relinquens
3554 5390 3805 5454 quatuor
3828 5382 4089 5451 liberos,

2414 5480 2534 5529 tres
2559 5473 2809 5527 feminas
2832 5478 2890 5526 et
2909 5487 3235 5528 novennem
3266 5488 3451 5527 unum
3478 5488 3698 5527 marem
3723 5488 3828 5527 avo
3848 5487 4085 5545 cogno-

2416 5564 2635 5619 minem
2693 5562 3002 5617 Joannem.
3056 5565 3202 5615 Nam
3258 5561 3390 5615 ﬁlia:
3460 5561 3685 5632 priores
3765 5560 4083 5620 collocatae

2412 5655 2637 5710 dudum
2669 5651 2770 5705 ιθ
2804 5651 3036 5705 fuerant
3066 5650 3120 5704 in
3171 5649 3637 5719 matrimonium,
3673 5666 3790 5704 una
3820 5650 4075 5721 quidem
