4258 6438
193 382 299 438 469

1314 380 1411 434 DE
1447 379 1823 433 MICHAELE
1864 379 2317 437 PALEOLOGO
2354 385 2488 436 LIB.
2530 388 2574 438 I.

3509 388 3612 442 470

190 505 463 576 σταντίνῳ
504 508 584 576 τῷ
641 502 843 577 Τείχῳ,
876 505 911 571 ἡ
971 499 1028 556 δὲ
1074 506 1153 573 τῷ
1200 505 1298 555 τοῦ
1332 498 1549 554 δυτικοῦ
1581 497 1843 554 δεσπότου
1874 504 1927 569 Α
1958 501 2039 553 δτι
2091 502 2327 573 μάλιστα
2376 506 2616 579 ἄριστον,
2680 506 2817 562 ὥστε
2868 509 2956 563 καὶ
3015 509 3344 582 παμπληθὲς
3399 507 3613 564 ἐκινδῦ-

189 595 437 668 Μιχαήλ
494 593 649 648 παιδί
707 592 1007 668 Νικηφόρῳ
1063 592 1199 665 πρὸς
1258 592 1431 663 γάμον
1482 586 1711 666 ἔρθασαν
1764 588 1849 643 ἐκ·

194 681 447 752 δοθῆναι.
479 685 545 739 Ὃ
604 681 671 750 δὴ
728 682 814 736 καὶ
873 683 1229 755 προεσήμηνε
1285 700 1335 732 τι
1386 684 1614 750 σημεῖον
1645 698 1655 709 ·
1690 678 1853 745 ἥλιος

185 774 290 846 γὰρ
339 770 653 825 ἐκλελοίπει
704 770 783 847 ἐφ’
826 768 969 843 ὥραν
1026 769 1215 843 τρίτην
1262 775 1362 834 τῆς
1409 764 1569 835 ἕκτης
1618 765 1850 839 ἡμέρας,

188 861 279 913 καὶ
322 858 460 934 βαθὺ
493 855 689 919 σκότος
716 859 777 913 τὸ
805 865 908 911 πᾶν
966 856 1309 932 κατειλήφει,
1344 853 1480 909 ὥστε
1537 854 1627 907 καὶ
1686 855 1853 926 ἄστρα

187 954 429 1021 φανῆναι
473 949 588 1001 κατ’
644 946 893 1019 οὐρανοῦ.
955 944 1055 999 Καὶ
1120 942 1186 1011 δὴ
1247 946 1539 1016 ἁρπάζεται
1601 942 1689 995 καὶ
1747 943 1852 1015 πρὸ

187 1037 339 1110 ὥρας
370 1036 510 1109 ἀνήρ
548 1033 849 1108 βασιλικῶς
886 1036 979 1106 μὶν
1014 1035 1103 1087 καὶ
1130 1032 1411 1105 γεννηθεὶς
1470 1032 1557 1085 καὶ
1606 1030 1851 1107 τραφεὶς.

186 1125 494 1199 βασιλικῶς
526 1122 571 1178 δ’
603 1123 861 1198 ἀναχθεὶς
888 1123 979 1178 καὶ
1012 1120 1343 1190 παιδευθεὶς,
1371 1122 1466 1175 κάν
1529 1120 1573 1175 εἷ
1623 1125 1703 1191 τῷ
1750 1140 1852 1172 πα-

174 1215 267 1287 τρῖ
322 1214 385 1268 οὐ
438 1214 739 1287 προσεῴκει
784 1214 847 1267 τὸ
901 1212 1035 1288 βαθῦ
1085 1233 1143 1266 τε
1188 1213 1278 1265 καὶ
1327 1210 1541 1264 συνετὸν
1571 1208 1708 1283 πρὸς
1742 1208 1770 1261 δ
1798 1214 1849 1285 τξ

179 1302 333 1371 λέξοι
382 1302 474 1355 καὶ
520 1303 711 1377 πράξοι
758 1301 845 1355 καί
896 1303 958 1356 τὸ
1007 1308 1106 1369 τῆς
1162 1302 1390 1375 γνώμης
1422 1298 1642 1373 στερρόν
1675 1318 1734 1351 τε
1761 1287 1850 1349 κο.ι

190 1391 205 1411 7
344 1392 390 1411 ’Λ
582 1390 696 1411 -Χκν
762 1388 790 1408 Ἰν
878 1390 892 1406 ν
1039 1392 1047 1407 r
1088 1410 1159 1411 ,,,
1288 1389 1309 1411 x
1374 1386 1453 1411 Β--.
1548 1386 1603 1411 _1
1640 1388 1703 1411 rn
1758 1341 1851 1411 nn]

180 1391 539 1461 ἀμετάθετον,
570 1390 696 1445 ἀλλ’
732 1388 822 1445 οὖν
875 1390 935 1445 ἐκ
980 1392 1205 1443 πάππου
1249 1389 1341 1461 μὲν
1370 1386 1514 1461 ἔχων
1546 1386 1608 1440 τὸ
1640 1388 1727 1458 [Ρ.
1758 1387 1829 1439 20

181 1478 236 1539 ἐς
268 1481 429 1534 πάντ’
461 1479 553 1548 ὀξὺ
583 1480 670 1533 καὶ
703 1477 1053 1555 μεγαλόφρον
1101 1477 1189 1531 καὶ
1246 1478 1483 1551 ἀρεϊκὸν,
1520 1473 1579 1529 ἔκ
1630 1476 1685 1528 δὲ
1741 1494 1848 1545 μη-

180 1569 314 1641 τρὸς
344 1570 409 1622 τὸ
441 1565 908 1645 φιλοδωρὸτατον,
942 1568 1015 1629 ὡς
1050 1565 1206 1627 ὅλαις
1240 1566 1394 1641 χερσὶ
1435 1569 1553 1625 τοῖς
1585 1562 1851 1632 ὗπηκόοις

181 1656 248 1709 ti
310 1658 578 1730 χρήματα
632 1655 902 1727 ἐξαντλεῖν
968 1656 1058 1709 καὶ
1112 1654 1469 1725 ἐξαντλοῦντα
1529 1652 1644 1727 οὐχ
1700 1651 1851 1713 ὅπως

186 1744 437 1808 ἀνιᾶσθαι
471 1745 617 1801 ἀλλά
672 1747 759 1799 καὶ
809 1751 1047 1820 χαίρειν,
1081 1741 1533 1821 φιλολογώτατος
1576 1739 1622 1795 δ’
1672 1740 1725 1801 ἐς
1781 1740 1848 1793 τὰ

1960 610 2107 644 νευεν
2168 593 2556 665 εὐεργετεῖσθαι
2617 598 2692 667 μὴ
2754 595 2834 652 δτι
2892 598 3018 658 τοὺς
3075 596 3408 670 ψάλλοντας,
3469 596 3612 653 ἀλλά

1962 678 2050 731 καὶ
2110 680 2303 735 αὐτοὺς
2360 687 2465 736 τῶν
2523 682 2704 755 ὕμνων
2759 686 3161 757 ἀκροωμένους,
3193 686 3289 740 κᾶν
3332 691 3440 740 τῶν
3469 707 3605 759 προ-

1962 768 2287 822 κοιτούντων
2320 771 2385 837 ἦν
2416 792 2497 831 τις
2529 773 2621 825 κᾶν
2666 777 2771 826 τῶν
2819 774 3146 851 ὁπλοφνῖρων
3207 774 3293 827 καὶ
3353 795 3604 845 σωματο-

1964 854 2062 931 φυλ
2078 856 2351 911 ακούντων
2383 863 2460 928 τῷ
2495 858 2732 932 βασιλεῖ,
2759 862 2852 916 κᾶν
2889 860 3075 924 ἄλλως
3136 862 3431 935 ὑπηρετοίη
3487 869 3604 923 τοῖς

1967 942 2284 1017 βασιλείοις,
2317 945 2410 999 κᾶν
2472 945 2657 1007 ἄλλως
2718 949 2947 1005 ἂλλοθεν
3000 950 3261 1014 ἐπελθών.
3319 957 3453 1005 Πᾶσι
3504 953 3605 1025 γᾶρ

1964 1030 2014 1100 ἐξ
2074 1030 2188 1086 ἴσου
2244 1035 2305 1087 τὸ
2368 1035 2649 1109 βασιλικὸν
2711 1039 3123 1110 ἀνεξαντλήτως
3183 1038 3371 1113 ἔχευεν
3432 1036 3606 1109 ἔλεος,

1962 1123 2313 1194 στρατιώταις
2346 1121 2401 1177 δὲ
2435 1124 2646 1196 μᾶλλον
2678 1128 2765 1180 καὶ
2799 1129 2879 1189 οἷς
2914 1130 2940 1182 ὁ
2974 1126 3141 1202 λόγος
3193 1131 3255 1183 τὸ
3286 1126 3608 1198 σπούδασμα

1962 1208 2049 1277 ἦν.
2085 1209 2161 1267 Οὐ
2192 1212 2291 1287 γάρ
2322 1211 2390 1279 ἦν
2423 1214 2623 1287 ἡμέρα,
2658 1216 2722 1269 οὐ
2781 1216 2893 1287 νὺξ,
2924 1217 2984 1271 οὐ
3040 1218 3229 1292 καιρός
3285 1215 3606 1289 δυσθυμίας,

1962 1299 2069 1374 οὐχ
2095 1298 2210 1374 ὥρα
2241 1306 2434 1375 χαρᾶς,
2470 1302 2567 1357 οὐκ
2616 1304 2927 1360 ἀνατέλλων
2984 1306 3167 1374 ἥλιος,
3203 1306 3264 1360 οὐ
3322 1304 3605 1377 δυόμενος,

1962 1388 2050 1443 ὅτε
2105 1410 2187 1450 τις
2244 1390 2545 1465 εὐεργεσίας
2601 1390 2733 1467 δίχα
2776 1395 2863 1448 τὸν
2915 1393 3136 1462 ἄνακτα,
3194 1397 3229 1463 ἢ
3285 1394 3341 1449 εὖ
3400 1393 3601 1455 ἐκεῖνος

1960 1477 2186 1551 πάσχων
2244 1478 2276 1546 ἢ
2340 1478 2526 1535 ἄλλων
2584 1481 2651 1536 τὰ
2708 1480 2797 1536 ἴσα
2852 1486 3201 1558 πασχόντων,
3234 1486 3362 1557 ὁρᾷν
3419 1484 3454 1551 ἢ
3512 1483 3601 1537 καὶ

1959 1566 2170 1620 ἀκούειν
2206 1567 2341 1641 εἶχε.
2374 1573 2635 1631 Τοιοῦτος
2676 1568 2830 1656 δέχῶν
2867 1573 3032 1645 βαρὺς
3061 1568 3208 1645 ἔδοξε
3231 1579 3347 1634 τοῖς
3407 1573 3459 1627 ἐν
3516 1574 3602 1625 τὲ-

1960 1651 2064 1725 λει,
2098 1653 2178 1708 ὅτι
2213 1654 2272 1708 οὐ
2304 1657 2419 1709 κατ’
2450 1651 2732 1730 εὐγένεια(
2760 1659 2849 1712 καὶ
2898 1657 3066 1729 κῆδος
3121 1660 3421 1734 βασιλικὸν,
3455 1658 3600 1715 ἀλλᾶ

1955 1741 2265 1815 ἀριστίνδην
2322 1744 2447 1807 τοὺς
2511 1744 2598 1800 ἐπὶ
2645 1752 2750 1801 τῶν
2827 1748 3161 1822 πραγμάτων
3240 1748 3597 1823 ἐκλεγόμενος

187 1833 432 1904 μάλιστα
486 1829 584 1901 ὥν,
638 1834 727 1888 καὶ
790 1841 920 1887 πᾶσι
997 1834 1089 1906 μὲν
1165 1834 1413 1906 λογικοῖς
1496 1827 1846 1905 εὐεργετικῶς
1879 1835 2068 1935 Βτοῖς
2112 1835 2479 1906 προσήκουσιν
2532 1832 2813 1907 ἐσέμνυνεν
2872 1835 3192 1910 ἀξιώμασιν.
3227 1840 3319 1899 Οἷς
3366 1835 3423 1893 δὶ
3476 1858 3598 1891 συν-

453 1922 463 1935 ι
734 1924 746 1935 9
838 1925 865 1935 ..ι
1028 1921 1068 1935 ιιι
1182 1922 1194 1935 ι
1291 1920 1303 1935 9
1353 1921 1364 1934 \
1463 1916 1483 1935 κ
1638 1922 1663 1933 ~
1968 1914 2015 1935 Ιρ
2437 1922 2448 1935 ρ
2624 1924 2650 1935 ο
2867 1926 2877 1935 ι
2967 1926 2979 1935 ι
3119 1927 3131 1935 ι
3251 1924 3276 1935 ,ι
3510 1927 3520 1935 ι

184 1922 653 1999 προσφερόμενος,
689 1924 800 1997 οὐχ
828 1925 990 1990 ἦττον
1024 1921 1081 1976 δὲ
1110 1922 1197 1975 καὶ
1246 1920 1405 1981 αὐτὸς
1463 1916 1667 1993 λογικῇ
1719 1938 1845 1971 παι-

185 2010 307 2083 δείᾳ
336 2013 762 2087 προσεσχηκώς,
789 2011 850 2066 οὐ
886 2011 1097 2085 μᾶλλον
1132 2011 1191 2065 ἐκ
1223 2011 1508 2082 μαθήσεως
1547 2009 1582 2079 ἢ
1639 2006 1847 2081 φύσεως

181 2103 283 2169 τὴν
341 2101 466 2173 περὶ
523 2102 585 2155 τὸ
641 2102 865 2178 γράφειν
930 2098 1152 2173 δύναμιν
1203 2094 1371 2174 ἔχων,
1404 2097 1479 2161 ὡς
1507 2097 1596 2151 καὶ
1653 2093 1844 2150 πολλά

184 2187 485 2264 ὲπιρῥύδην
537 2188 822 2261 ἐκτιθέναι,
878 2189 924 2244 εἰ
980 2188 1145 2262 μόνον
1191 2190 1477 2263 ὁρμήσειεν
1512 2206 1525 2219 ’
1558 2181 1662 2240 ἔδει
1712 2185 1840 2258 γὰρ,

184 2278 271 2333 καὶ
333 2280 526 2333 σιωπῶ
568 2281 634 2333 τὰ
674 2280 925 2349 πλεῖστα,
958 2281 992 2348 ἡ
1042 2279 1342 2354 περιφανὴς
1393 2275 1546 2351 ἁγίου
1588 2272 1839 2351 ἐφειστή-

182 2388 265 2422 κει
331 2367 733 2441 μνήμη,οὐδὶν
791 2370 1118 2445 προσθέντα,
1169 2370 1204 2436 ἢ
1261 2364 1410 2430 ὅπως
1463 2366 1669 2439 μακρὸν
1726 2364 1835 2418 τῶν

184 2456 525 2530 πραγμάτων
556 2458 825 2530 ἀνεθέντα,
867 2458 981 2518 ἑνὸς
1012 2461 1119 2511 τῶν
1158 2460 1255 2510 τοῦ
1306 2454 1520 2528 κλήρου
1570 2452 1832 2527 σχολαιό-

182 2566 339 2620 τερον
371 2545 434 2599 τὸ
484 2547 949 2621 προκαταρκτικὸν
992 2549 1085 2599 τοῦ
1140 2540 1337 2621 ὄρθρου
1401 2540 1833 2615 μονολογοῦντος

178 2635 497 2709 ἐξάψαλμον
544 2637 739 2691 κανόνα
789 2635 1063 2705 πλακῆναι
1122 2640 1200 2707 τῷ
1262 2634 1725 2707 μνημονευομένῳ
1782 2630 1833 2692 ἐς

175 2820 569 2878 Constantino
624 2820 815 2877 Techo
874 2820 1260 2893 Bulgarorum
1320 2819 1596 2891 principi,
1657 2818 1835 2874 altera

175 2926 311 2965 vero
344 2909 671 2981 Nicephoro
702 2910 1002 2966 Michaelis
1033 2910 1286 2980 despotaa
1326 2907 1659 2965 Occidentis
1690 2906 1828 2963 ﬁlio.

177 2999 293 3055 Nec
312 2997 855 3070 planeimprovisus
879 2999 1089 3055 accidit
1116 2998 1211 3054 hic
1232 2997 1660 3070 casus,quippe
1684 3013 1829 3068 prai-

178 3093 472 3143 nuntatus
503 3088 721 3143 ccelesti
755 3094 1039 3159 portento.
1065 3089 1293 3143 Etenim
1316 3086 1403 3142 sol
1433 3087 1725 3142 defecerat
1753 3086 1825 3139 ad

176 3175 386 3231 horam
421 3178 654 3231 tertiam
684 3184 859 3233 sextae
889 3178 1029 3245 diei,
1052 3182 1107 3232 et
1128 3179 1319 3232 densae
1341 3178 1591 3232 tenebrae
1619 3181 1829 3230 cuncta

173 3265 774 3337 comprehenderant,
807 3267 951 3322 adeo
992 3272 1057 3321 ut
1105 3270 1454 3337 apparerent
1502 3265 1681 3320 stellae
1730 3282 1829 3336 per

172 3354 411 3410 caelum.
448 3355 534 3409 lta
567 3355 897 3425 prmripitur
918 3355 1128 3411 acerba
1151 3363 1335 3411 morte
1356 3355 1445 3409 vir
1475 3354 1631 3425 regie
1653 3360 1828 3407 natus

171 3450 229 3499 et
290 3443 579 3511 nutritus,
613 3444 769 3515 regie
822 3460 1055 3515 quoque
1112 3444 1397 3499 educatus
1450 3448 1503 3499 et
1564 3443 1826 3508 edoctus,

171 3532 323 3604 patri
360 3548 479 3587 non
511 3531 611 3587 ille
642 3533 881 3602 quidem
914 3532 1127 3587 similis
1151 3532 1212 3587 in
1246 3533 1827 3603 protundaconsum-

174 3627 457 3693 mataque
488 3622 802 3692 prudentia
830 3622 1125 3678 dictarum
1179 3621 1396 3693 pariter
1424 3626 1482 3675 et
1538 3627 1825 3689 actorum,

176 3726 369 3781 neque
402 3711 459 3764 in
492 3710 847 3766 immutabili
879 3712 1207 3767 constantia
1238 3712 1417 3766 semel
1445 3715 1599 3766 recte
1631 3712 1825 3765 decre-

172 3804 395 3867 torum,
428 3804 707 3855 cetorum
738 3818 809 3857 ex
838 3818 941 3857 avo
976 3801 1197 3857 habens
1228 3801 1475 3856 celerem
1510 3802 1580 3855 ad
1605 3798 1824 3867 omnia,

168 3890 469 3945 excelsum
492 3905 559 3944 ac
582 3905 861 3962 magnum
886 3889 1157 3963 belloque
1178 3906 1372 3947 acrem
1412 3891 1718 3958 animum;
1758 3905 1827 3944 ex

171 3984 362 4036 matre
391 3996 527 4035 vero
557 3980 1158 4037 beneﬁcentissimam
1210 3986 1502 4047 naturam,
1534 3997 1665 4052 quae
1702 3997 1824 4035 am-

173 4070 365 4124 babus
396 4069 674 4124 manibus
705 4071 860 4125 dona
885 4070 941 4124 in
966 4070 1275 4126 subdditos
1295 4070 1638 4136 effunderet,
1663 4068 1824 4124 nullo

171 4174 423 4213 mcerore
473 4158 827 4231 largissime,
859 4159 976 4215 imo
1025 4159 1323 4215 effundere
1358 4159 1658 4230 gauderet.
1696 4159 1825 4213 Stu-

169 4246 499 4303 diossimus
533 4248 589 4302 in
625 4249 832 4319 primis
864 4246 1253 4316 litterrarum,
1284 4253 1339 4302 et
1370 4246 1656 4303 litteratos
1694 4264 1824 4303 am-

163 4335 339 4405 plecti
408 4336 712 4391 beneficiis
778 4337 1008 4404 solitus,
1067 4336 1429 4393 meditationi
1464 4338 1606 4408 quin
1643 4336 1821 4391 etiam

162 4425 527 4493 optimarum
558 4426 778 4481 artium
826 4425 1088 4481 intentus
1117 4430 1176 4481 et
1202 4442 1317 4481 non
1350 4426 1540 4497 magis
1576 4426 1819 4480 institu-

1957 1914 2133 1975 ίὸαινε
2189 1922 2541 1997 προσγενέσιν
2600 1924 2730 1978 εἶναι
2787 1926 2878 1980 καί
2933 1926 2986 1980 οἱ
3036 1927 3170 2001 πρὸς
3221 1924 3601 1999 α’ίματος,ὰρ-

1953 2013 2067 2063 κεῖν
2110 2003 2286 2084 ἔκρινε
2324 2011 2386 2066 τὸ
2431 2016 2684 2067 τοιοῦτον
2729 2015 2816 2069 καὶ
2868 2014 3050 2069 ἱκανὸν
3082 2014 3158 2076 είς
3188 2012 3355 2089 λόγον
3388 2016 3601 2087 σεμνώ-

1955 2118 2148 2169 ματος.
2181 2099 2257 2155 Τὸ
2307 2096 2363 2154 δὶ
2406 2100 2495 2169 ἦν,
2530 2100 2573 2156 εί
2606 2104 2844 2174 σκοποίη
2877 2123 2980 2173 τις,
3011 2103 3206 2177 ἀρετὴν
3269 2102 3604 2180 ὀφέλλοντος

1949 2182 2219 2261 ἄρχοντος
2267 2188 2357 2244 καὶ
2414 2189 2863 2265 παρακαλοῦντος
2918 2192 3053 2269 πρὸς
3126 2190 3479 2265 εὐδοκίμησιν
3536 2193 3599 2246 τὸ

1950 2274 2213 2345 ὑπήκοον.
2247 2276 2323 2333 Οὐ
2375 2278 2475 2353 γὰρ
2531 2279 2786 2353 βλακείας
2819 2282 3006 2356 χάριν,
3035 2280 3161 2337 ἀλλ’
3193 2280 3461 2355 ἀριστείας
3511 2282 3599 2335 καὶ

1944 2368 2040 2419 τοῦ
2069 2363 2252 2427 καλῶς
2284 2363 2503 2441 ἄγεσθαί
2536 2388 2591 2422 τε
2620 2369 2753 2443 πρὸς
2789 2368 2993 2425 ἐκείνου
3042 2370 3132 2423 καὶ
3190 2368 3333 2445 ἄγειν
3394 2367 3602 2433 ἄλλους

1942 2456 2038 2515 τας
2101 2452 2386 2528 βασιλικὰς
2444 2455 2766 2532 φιλοτησίας
2819 2452 3022 2531 ἔκρινεν
3071 2453 3445 2529 διανέμεσθαι.
3494 2464 3590 2517 Καέ

1942 2544 2002 2597 τὸ
2035 2538 2265 2620 φοϐερὸν
2291 2552 2518 2619 προσῆν,
2553 2547 2626 2607 ὡς
2660 2546 2895 2620 ἑτοίμων
2925 2548 3011 2601 καὶ
3043 2549 3135 2602 τὸν
3185 2546 3372 2610 ἄλλως
3421 2547 3455 2615 ἢ
3516 2546 3590 2606 ὡς

1940 2629 2047 2687 ἔδει
2078 2636 2338 2687 ποιοῦντα
2378 2630 2705 2704 κολάζεσθαι
2756 2634 2845 2690 καὶ
2893 2635 2985 2690 τὸν
3032 2637 3396 2708 κατορθοῦντα
3452 2634 3603 2708 εὐερ-

1943 2833 2098 2888 dona
2126 2833 2441 2891 videretur.
2472 2835 2629 2893 Adeo
2679 2852 2796 2892 non
2845 2835 3192 2909 psallentes,
3226 2852 3340 2891 non
3372 2836 3581 2890 dantes

1941 2939 2179 2992 operam
2239 2924 2607 2992 canentibus,
2660 2925 2972 2984 indonatos
3030 2924 3422 2997 relinquebat.
3474 2924 3590 2979 Seu

1938 3010 2040 3082 qui
2074 3011 2130 3065 in
2186 3012 2591 3069 excubitorum
2644 3013 2869 3081 ordine,
2906 3029 3008 3069 seu
3057 3014 3116 3069 in
3170 3012 3491 3069 satellitum
3524 3018 3583 3067 et

1936 3100 2197 3171 corporis
2255 3102 2566 3157 custodum
2638 3118 2903 3173 numero,
2962 3119 3064 3158 seu
3128 3101 3241 3157 alio
3306 3102 3580 3174 quopiam

1934 3189 2122 3245 aulico
2153 3190 2479 3246 ministerio
2507 3190 2843 3263 imperatori
2895 3196 3220 3263 appareret,
3255 3191 3375 3246 sive
3405 3193 3580 3246 etiam

1933 3278 2170 3333 aliunde
2202 3278 2386 3351 aliqui
2418 3296 2483 3335 eo
2518 3280 2661 3335 forte
2691 3282 2928 3335 veniens
2958 3286 3102 3336 tunc
3125 3288 3472 3348 occurreret,
3506 3281 3561 3333 in

1932 3382 2137 3422 omnes
2166 3383 2235 3423 ex
2265 3384 2429 3440 aequo
2461 3369 2679 3440 regiam
2715 3370 3156 3424 beneficentiam
3205 3370 3570 3424 extendebat.

1933 3454 2147 3511 milites
2216 3459 2539 3528 praesertim
2611 3462 2668 3513 et
2710 3456 3035 3513 litterarum
3094 3457 3407 3514 studiosos.
3442 3457 3567 3512 Non

1932 3546 2088 3599 enim
2137 3561 2271 3613 nox,
2313 3563 2429 3601 non
2476 3546 2627 3612 dies,
2663 3562 2777 3601 non
2838 3551 3075 3619 tempus
3124 3553 3422 3611 mmstum,
3456 3564 3568 3600 non

1931 3635 2077 3691 hora
2107 3634 2310 3703 laetior,
2346 3653 2459 3692 non
2510 3636 2705 3692 oriens
2752 3635 2840 3692 sol
2891 3654 3005 3693 non
3056 3638 3330 3693 occidens
3382 3637 3573 3709 ipsum

1930 3728 2233 3781 vacantem
2280 3742 2315 3780 a
2362 3725 2763 3782 beneﬂciendo
2796 3726 3097 3799 reperiret.
3145 3726 3383 3781 Videres
3415 3727 3577 3781 audi-

1931 3829 2142 3886 resque
2173 3813 2329 3872 circa
2348 3831 2482 3871 eum
2505 3816 2960 3888 semperautqui
2986 3832 3205 3871 munus
3224 3816 3577 3889 acciperent,

1930 3908 2034 3958 aut
2061 3902 2161 3975 qui
2192 3911 2427 3975 accepto
2473 3905 2831 3975 recederent,
2861 3904 2962 3976 qui
2997 3920 3109 3960 non
3162 3903 3377 3961 frustra
3426 3908 3577 3975 petr-

1930 3997 2083 4059 rent,
2115 3994 2216 4065 qui
2268 3993 2425 4049 nacti
2459 3995 2614 4067 quod
2674 3993 2981 4050 voluerant
3036 3994 3259 4067 gratias
3314 4000 3575 4066 agerent.

1927 4082 2119 4152 Atque
2150 4081 2245 4137 hic
2278 4087 2470 4139 tamen
2503 4081 2637 4138 talis
2668 4098 2805 4139 cum
2835 4086 2991 4140 esset
3013 4081 3355 4154 imperator,
3387 4084 3581 4155 gravis

1928 4175 2053 4226 erat
2085 4171 2448 4240 primoribus
2478 4187 2809 4243 procerum,
2839 4172 3059 4228 idcirco
3090 4172 3204 4243 qod
3235 4171 3295 4227 in
3329 4172 3578 4227 deman-

1927 4260 2141 4316 dandis
2168 4260 2525 4331 praefecturis
2554 4276 2673 4317 non
2694 4261 2929 4333 patricii
2950 4260 3181 4332 generis
3203 4267 3305 4317 aut
3325 4262 3581 4317 necessi-

1926 4349 2151 4405 tudinis
2173 4365 2311 4405 cum
2333 4349 2644 4422 principali
2664 4351 2839 4407 domo
2862 4351 3150 4407 rationem
3172 4349 3451 4417 haberet;
3475 4351 3575 4406 sed

1928 4453 2224 4511 quemque
2252 4438 2470 4493 viritim
2517 4453 2588 4494 ex
2635 4440 2871 4512 propria
2920 4438 3261 4512 praetentia
3309 4438 3580 4510 verisque

160 4514 323 4568 tione
362 4530 540 4583 quam
592 4514 787 4571 indole
834 4531 1108 4587 magnam
1168 4514 1466 4586 eleganter
1520 4514 1814 4570 scribendi

1941 4526 2170 4583 dotibus
2191 4527 2513 4596 aestimans,
2534 4528 2880 4584 admovebat
2903 4528 2986 4584 rei
3007 4527 3277 4601 gerenda
3299 4528 3369 4583 ad
3397 4545 3579 4601 quam

162 4602 509 4657 facultatem
544 4610 876 4671 assecutus,
900 4611 965 4658 ut
998 4605 1184 4659 multa
1208 4605 1423 4659 diserte
1444 4609 1818 4675 componeret

162 4692 397 4763 quoties
441 4694 589 4747 tanti
633 4693 871 4749 duceret
919 4695 977 4747 in
1028 4694 1084 4748 id
1137 4694 1478 4749 incumbere
1523 4695 1700 4764 Cujus
1733 4693 1813 4748 rei

160 4782 593 4835 documentum
625 4779 838 4850 (multa
868 4782 1090 4836 similia
1119 4782 1387 4837 reticens)
1413 4782 1647 4837 unicum
1684 4799 1817 4853 pro-

158 4869 375 4934 feram,
435 4868 535 4924 ubi
596 4868 921 4925 solemnius
974 4871 1162 4926 sancti
1212 4872 1543 4943 cujuspiam
1602 4872 1816 4926 festum

159 4958 441 5013 illuxerat
488 4975 602 5014 non
664 4958 779 5015 alia
834 4960 1100 5016 adhibita
1159 4961 1577 5031 praeparatione
1637 4978 1814 5032 quam

158 5047 502 5102 avocatione
535 5050 751 5104 mentis
782 5065 814 5104 a
836 5051 1107 5121 negotiis,
1127 5066 1244 5105 uno
1273 5052 1445 5105 modo
1468 5050 1813 5105 clericorum

159 5137 430 5193 sedatius
496 5137 950 5209 distinctiusque
1020 5140 1437 5210 pronuntiante
1513 5141 1809 5195 senarium

158 5225 530 5297 psalmorum
594 5228 695 5299 qui
741 5229 998 5299 premitti
1050 5235 1477 5285 consueverunt
1526 5231 1814 5285 matutino

160 5317 386 5383 cantui,
429 5315 701 5387 elogium
738 5318 914 5381 beati,
950 5320 1103 5390 quod
1151 5324 1364 5375 vocant
1409 5335 1717 5384 canonem,
1748 5337 1813 5375 ex

155 5409 427 5476 tempore
457 5406 771 5478 pangebat,
802 5409 899 5465 31
936 5408 986 5463 ei
1022 5409 1192 5477 cujus
1241 5410 1525 5464 memoria
1555 5410 1811 5465 celebra-

156 5496 333 5549 batur
354 5494 565 5550 laudes
591 5512 764 5567 quam
787 5498 1097 5555 scitissime
1111 5503 1424 5554 contexens
1437 5501 1708 5556 ornatissi
1721 5518 1812 5557 mo

158 5584 493 5657 preconio;
529 5587 684 5656 quod
718 5592 836 5642 tam
871 5588 1098 5644 liberali
1130 5589 1442 5662 largitione
1472 5592 1815 5648 cumulabat

158 5679 220 5729 ut
252 5690 535 5746 spargere
567 5676 787 5748 passim
847 5678 906 5733 in
951 5682 1187 5751 quosvis
1226 5696 1291 5735 ac
1325 5696 1471 5752 pene
1530 5682 1811 5753 projicere

1928 4621 2101 4687 aptus
2132 4622 2276 4682 erat,
2301 4631 2367 4671 ac
2397 4618 2625 4672 meritis
2647 4617 3037 4687 dignitatibus
3059 4617 3326 4672 ornabat.
3351 4616 3576 4689 Cogna-

1928 4706 2004 4761 tis
2034 4721 2167 4761 vero
2200 4720 2266 4761 ac
2296 4706 2753 4777 consanguineis
2801 4706 2927 4762 suis
2976 4706 3266 4762 censebat
3312 4705 3581 4761 sufﬁcere

1929 4795 2105 4849 debre
2152 4795 2335 4850 istum
2386 4794 2985 4858 nataliumbonorem,
3024 4811 3192 4851 suam
3244 4799 3459 4850 sortem
3512 4812 3579 4851 ac

1927 4882 2336 4938 claritudinem
2353 4883 2632 4954 prosapia:
2646 4884 2879 4939 abunde
2897 4900 3117 4955 magnas
3134 4883 3578 4955 dignitatislocn

1927 4972 2160 5027 ducere.
2196 4973 2256 5027 Id
2289 4977 2486 5028 autem
2534 4977 2593 5027 et
2632 4973 2924 5042 judicium
2970 4978 3026 5026 et
3077 4973 3297 5028 factum
3348 4976 3492 5039 erat,
3527 4973 3573 5027 si

1928 5061 2058 5131 quis
2088 5065 2243 5116 recte
2273 5062 2669 5116 consideraret
2700 5062 2985 5134 principis
3037 5061 3309 5116 virtutem
3345 5077 3577 5133 promo-

1932 5150 2140 5215 ventis,
2174 5155 2232 5204 et
2264 5152 2632 5220 provocantis
2663 5150 2933 5206 subditos
2964 5151 3033 5205 ad
3070 5150 3331 5205 studium
3384 5154 3576 5205 omnis

1925 5255 2071 5293 verte
2105 5238 2317 5294 laudis.
2350 5239 2476 5295 Non
2508 5239 2663 5295 enim
2709 5242 3149 5295 auctoramenta
3196 5239 3440 5306 inertiae,
3473 5240 3571 5294 sed

1926 5330 2013 5385 vel
2041 5330 2232 5385 stadia
2259 5330 2349 5384 vel
2370 5330 2610 5401 praemia
2635 5330 2880 5386 heroiba:
2903 5329 3137 5385 virtutis
3160 5328 3426 5384 illustres
3448 5344 3577 5383 esse

1928 5419 2313 5490 magistratus
2339 5439 2352 5488 ;
2378 5435 2525 5490 quos
2555 5419 2637 5475 ita
2666 5424 2725 5475 et
2752 5418 2872 5473 illis
2903 5419 3144 5473 demum
3181 5418 3393 5473 debere
3423 5434 3578 5471 com-

1928 5508 2078 5562 mitti
2111 5509 2458 5563 decernebat
2488 5509 2588 5580 qui
2621 5514 2679 5563 et
2708 5525 2771 5564 se
2801 5508 2901 5564 88
2925 5508 3203 5578 praeclare
3234 5507 3396 5577 ipsos
3423 5507 3480 5561 in
3504 5507 3577 5561 iis

1925 5614 2137 5670 genere
2159 5605 2216 5653 et
2236 5598 2379 5653 alios
2404 5599 2709 5654 commode
2731 5597 3168 5669 salubriterque
3184 5612 3354 5668 posse
3376 5597 3577 5668 guber-

1927 5704 2065 5743 nare
2089 5687 2453 5757 judicentur.
2491 5687 2687 5744 Inerat
2716 5688 2846 5759 ejus
2872 5687 3135 5743 moribus
3165 5691 3222 5742 et
3250 5686 3572 5742 terriﬁcum
