4212 6442
642 367 746 424 471
1938 374 2239 433 GEORGII

2399 374 2758 433 CHYMBRE
3947 385 4069 442 472

645 494 934 585 ἶπεῖσθαι.
968 491 1045 585 Οιῦ
1074 490 1182 585 γάρ.
1210 494 1401 585 μικρον
1433 495 1495 548 τὸ
1524 499 1638 585 rei},
1658 584 1665 585 7
1687 501 2008 585 its-victae:
2052 491 2293 585 ,σφάλμα
2332 496 2386 563 Α
2411 515 2503 551 νον
2535 500 2653 553 οἷον
2683 501 2785 568 τήν
2810 507 2910 570 τῆς
2958 501 3283 578 ἀμπεχόνης
3342 502 3586 580 ἀκαιρίαν
3647 503 3910 577 ὠνείδιζε,
3942 510 4070 585 καὶ,

650 578 685 647 ἢ
722 580 829 651 μὴν
862 574 1099 651 ἔμπαλιν
1133 581 1194 635 τὸ
1225 580 1582 656 κατόρθωμα,
1617 582 1744 638 ἀλλ’
1779 582 1950 638 ἐκεῖνο
2012 583 2107 655 μὲν
2160 581 2305 636 ἕκτος
2410 607 2437 635 ‹‹
2474 586 2539 641 Τί
2567 585 2735 643 καλὸν
2768 587 3029 653 συνειδὼς
3073 574 3245 662 ἑαυτῷ
3288 574 3485 667 δράσας
3514 574 3901 666 Ῥωμαίουςξή
3928 574 4070 669 ἔφη,

657 675 785 747 μίου
836 675 992 729 πάθει
1036 675 1350 749 προσέοικεν
1406 680 1479 740 ὡς
1543 683 1612 753 τῇ
1662 685 1760 734 τοῦ
1797 680 1995 756 μορίου
2025 679 2301 757 ἀφαιρέσει
2411 694 2439 721 (ί
2470 673 2537 725 τὰ
2586 673 2804 729 ἐκείνων
2856 676 3063 750 ἐκχέεις
3122 678 3175 732 ἐν
3231 673 3537 752 διατριϐαῖς
3566 677 3735 752 μηδὲν
3775 681 3838 736 τὸ
3893 681 4073 756 ἀναγ-

658 762 825 837 μὲγαν
885 762 1110 838 ἔχοντος
1170 763 1338 840 λόγον
1394 770 1461 840 τῇ
1514 768 1670 845 φύσει
1699 772 1872 824 πάντα
1903 774 2303 843 συμπαρασπᾶ⁸
2408 766 2560 814 καῖον
2596 761 2890 836 ἐχούσαις
2925 766 2989 819 Ἢ
3037 766 3136 840 γὰρ
3186 765 3285 821 οὒκ
3316 764 3484 835 οἶδας,
3516 791 3544 820 ››
3580 769 3765 844 φησὶν,
3798 792 3826 821 «ι
3852 768 4073 842 αἵματα.

655 863 775 915 σθαι
834 852 925 907 καὶ
985 856 1447 929 παρατρέπεσθαι,
1477 858 1539 910 τὸ
1589 854 1646 912 δὲ
1686 857 2019 931 κατόρθωμα
2070 855 2151 928 τῷ
2202 860 2302 911 τοῦ
2410 848 2543 903 εἶναι
2574 852 2857 922 Ῥωμαίων
2890 856 2957 907 τά
2986 854 3316 928 χρυσόσημα
3342 860 3509 910 ταῦτα
3559 857 3649 911 καῖ
3708 859 3940 928 Σηρικά,
3973 861 4073 923 οἷς

653 940 860 996 κύκλου
920 940 1145 1018 κέντρῳ,
1201 943 1544 1016 παμπόλλην
1601 945 1895 1011 ἀσφάλειαν
1953 950 2023 1020 τῇ
2080 966 2300 1019 περιφε-
2411 938 2543 1011 ὑπὶρ
2602 940 2816 994 ἐκείνων
2876 940 2983 997 ἔδει
3040 946 3277 1017 χρῆσθαι
3338 943 3556 999 ἐκείνων
3587 966 3647 1020 γε
3677 945 3833 1013 οὗσις
3866 953 4072 1017 Ζητεῖς

655 1030 772 1104 ρείᾳ
825 1029 1213 1105 προσνέμοντι,
1246 1031 1296 1087 εἰ
1350 1036 1489 1089 κατὰ
1544 1038 1730 1110 χώραν
1776 1033 1949 1090 ἐκεῖνο
1996 1033 2164 1108 μένει.
2198 1036 2297 1090 Καὶ
2410 1023 2467 1081 δέ
2497 1035 2683 1099 μαθεῖν
2717 1031 2806 1084 καὶ
2842 1033 2974 1106 ὑπὲρ
3008 1031 3227 1087 ὶκείνων
3285 1036 3456 1103 πότε;
3488 1036 3618 1092 ’Ότε
3665 1033 3876 1106 δηλαδῆ
3937 1037 4073 1091 ἐπι-

651 1124 768 1180 πῶς
794 1119 896 1195 γὰρ
924 1120 1024 1173 οὐκ
1052 1116 1282 1193 ἔμελλεν
1315 1122 1415 1190 τήν
1442 1122 1619 1199 ἀρχὴν
1653 1126 1734 1194 [Ρ.
1765 1126 1859 1196 21]
1888 1121 2113 1178 διοικεῖν
2168 1123 2303 1177 κατὰ
2410 1121 2559 1171 στᾶσι
2614 1115 2898 1189 πρέσϐεσιν
2932 1120 2981 1193 ἐξ
3027 1119 3351 1190 ἀλλοδαπῆς
3402 1125 3495 1177 τὸν
3547 1124 3761 1179 ἐκείνων
3819 1124 4072 1180 πλοῦτον

649 1209 713 1262 τὸ
770 1212 1069 1280 προσῆκον,
1104 1209 1251 1271 ὅστις
1316 1212 1418 1265 ὑπὸ
1464 1210 1665 1285 τοιῷδε
1714 1214 1900 1285 πατρὶ,
1950 1210 2080 1286 μηδ’
2123 1207 2301 1283 ὄνομα
2409 1203 2954 1281 λαμπρειμονοῦντες
2986 1207 3190 1279 δηλοῦν
3230 1210 3481 1285 ἔχοιμεν.
3514 1213 3575 1270 ’0
3629 1215 3731 1289 γὰρ
3793 1212 4077 1287 βασιλέων

654 1297 930 1372 βασιλείας
961 1294 1130 1372 ἔχων,
1159 1298 1230 1351 ὣν
1263 1297 1313 1371 ἐξ
1348 1300 1553 1355 ἐκείνου
1611 1304 1699 1356 καὶ
1762 1302 1948 1374 μόνος,
1984 1303 2135 1375 ὅμως
2185 1303 2300 1375 ἆγε·
2407 1296 2649 1357 πλοῦτος
2695 1297 2939 1360 πλοῦτος
2987 1304 3095 1353 τῶν
3156 1300 3412 1371 ὑπηκόων
3460 1299 3759 1375 λογίζεται,
3816 1304 3945 1377 παρ’
4002 1305 4076 1371 ἦν

652 1384 834 1441 λατεῖν
865 1387 1121 1464 ἀσφαλῶς
1152 1386 1617 1463 προύδιδάσχετο;
2412 1383 2587 1438 αἰτίαν
2619 1385 2709 1439 καὶ
2739 1386 2801 1439 τὸ
2851 1406 2928 1447 εις
2981 1384 3234 1442 δουλείαν
3278 1388 3621 1444 καθυπείκειν
3672 1390 3873 1465 ἑτέροις
3932 1394 4080 1468 σφί-

656 1499 742 1559 ιδμ.
775 1504 965 1564 Ὅπως
1017 1499 1329 1557 ἐπαιδεύετο
1363 1505 1390 1557 ὁ
1423 1505 1696 1581 Adam?“
1754 1507 1899 1581 παρὰ
1944 1509 2040 1560 τοῦ
2096 1508 2297 1580 πατρὸς
2408 1492 2491 1527 σιν
2541 1474 2725 1535 οὕτως
2777 1470 2966 1547 ἔχουσι
3016 1475 3106 1529 καὶ
3153 1474 3274 1530 λίαν
3307 1476 3625 1549 ἀπώμοτον.
3660 1479 3755 1539 Οἷς
3785 1480 3847 1532 σὺ
3878 1477 4076 1534 Sim-

936 1575 978 1581 __
1051 1576 1059 1581 _
1255 1574 1268 1581 ,
1338 1576 1359 1581 Α
1464 1575 1478 1581 _
1538 1576 1546 1581 _
1664 1578 1676 1581 _
1809 1579 1816 1581 Α
2444 1568 2472 1579 υ
2666 1562 2677 1581 Ι
2960 1563 2973 1581 ’
3040 1562 3059 1581 Ἴ
3152 1564 3199 1581 ,οη
3331 1566 3343 1581 ε
3440 1576 3447 1581 ι
3621 1566 3671 1581 “
3776 1568 3787 1581 Ι
3856 1568 3867 1581 Ι

935 1562 1193 1629 ’Ϊωάννου
1226 1574 1300 1635 εἰς
1335 1562 2011 1651 βασιλείανιάναγὸμενος.
2207 1562 2215 1580 ⁸
2285 1562 2295 1569 ’
2406 1568 2507 1651 νῆνς
2568 1562 2862 1636 χρώμενος
2920 1563 2979 1617 οὐ
3040 1562 3235 1640 λογίζῃ
3292 1566 3353 1620 τὸ
3383 1566 3711 1639 πλημμελὲς
3768 1568 3994 1622 ὁπόσον·
4040 1592 4074 1619 ³³

722 1681 815 1796 Ῥς
841 1678 957 1733 ἐπεί
988 1700 1119 1796 ποξε
1149 1681 1237 1796 ,ἰαὶ
1258 1688 1629 1796 ,χρυσῖφοέὦν
1687 1684 1826 1796 “ﬁ?
1889 1684 1975 1796 εἶὶ
2016 1687 2295 1760 κυνήγιον,
2405 1650 2801 1796 ἓτὶἱέἷιὲεέζίοέπὶ
2829 1652 3107 1715 τοιούτοις
3139 1654 3166 1707 ὁ
3200 1652 3274 1716 εἰς
3300 1653 3579 1729 βασιλείαν
3610 1656 4078 1731 ἀναχθησόμενος

2431 1762 2737 1798 παιοευετο.

658 1768 953 1845 ὑπέστρεφε
1014 1769 1110 1841 μὶν
1168 1768 1370 1831 ὶκεῖνος
1427 1771 1650 1839 ἐκεῖθεν,
1684 1775 1917 1843 συνήντα
1948 1770 2005 1827 δὲ
2057 1776 2191 1829 κατὰ
2238 1778 2298 1831 τὸ

652 1855 965 1927 προστυχὸν
1020 1860 1099 1928 τῷ
1155 1857 1338 1929 πατρί.
1373 1858 1469 1912 Καὶ
1530 1856 1595 1928 δὴ
1628 1862 2062 1935 προσκυνήσαντί
2109 1865 2159 1916 oi
2220 1866 2296 1935 μὴ
2332 1863 2379 1929 Β
2412 1858 2488 1912 ιε’.
2530 1858 2719 1935 ’Ὸςπως
2766 1859 2807 1935 ὁᾼ
2848 1853 3717 1935 πρῳτοὸεστίᾳριοςΑΜουζάλων
3773 1864 3873 1914 τοῦ
3937 1882 4074 1933 μει-

659 1942 877 2017 βλέπειν
924 1942 1127 2007 ἐκεῖνος
1190 1944 1329 2017 μηδὲ
1404 1929 1692 2023 προσέχειν
1754 1955 2158 2025 προσεποιεῖτο,
2489 1930 2747 2005 Pam”
2783 1929 3052 2004 βασίλέως
3084 1929 3337 1984 ’Ῑωάδνου
3368 1930 3743 2007 ἐπετρόπευεν·

652 2034 976 2102 προσιόντος
1008 2032 1229 2105 ἡμέλει.
1256 2037 1322 2092 Ὃ
1355 2032 1421 2105 δὴ
1474 2038 1564 2091 καὶ
1612 2033 1905 2111 συμϐαῖνον
1945 2038 2117 2113 ὀργῆς
2164 2042 2301 2112 πρὸς
2482 2037 2567 2109 [Ρ.
2600 2038 2690 2108 22]
2724 2035 2862 2093 Τότε
2916 2033 2973 2090 δὲ
3024 2036 3279 2099 θανόντος
3322 2037 3549 2105 ἐκείνου,
3584 2036 3698 2091 ἐπεὶ
3727 2038 3816 2090 καὶ
3849 2037 3877 2091 ὁ
3908 2057 4082 2111 πρω-

650 2119 811 2173 αὖτὸν
861 2123 1127 2195 πατρόθεν
1179 2129 1432 2196 σημεῖον,
1486 2126 1615 2199 ὅπερ
1676 2127 1766 2179 καί
1812 2124 2010 2195 ἀληθὲς
2062 2127 2151 2197 ἦν,
2182 2125 2300 2183 ἔδο-
2408 2121 2787 2201 τοϐεστιάριος
2821 2125 3129 2194 Μουζάλων
3160 2127 3258 2195 τὴν
3290 2126 3592 2200 ἐπιτροπὴν
3635 2130 3733 2180 τοῦ
3785 2126 4080 2202 ἀφήλικος

651 2208 753 2278 ξεν.
789 2211 946 2267 Ὅθεν
1007 2210 1188 2265 ἀλύων
1247 2214 1333 2267 καὶ
1389 2212 1471 2267 ὅτι
1504 2214 1738 2289 ἁμάρτοι
1772 2212 2154 2287 διανοούμενος
2212 2216 2299 2270 καὶ
2414 2213 2682 2290 βασιλέως
2715 2213 2862 2289 ἔχειν
2896 2212 3201 2290 ἠγγέλλετο
3233 2215 3379 2291 παρὰ
3424 2219 3521 2270 τοῦ
3565 2215 3767 2290 πατρὸς
3822 2215 3916 2269 καὶ
3974 2216 4082 2289 βα-

650 2302 826 2365 ζητῶν
859 2305 1139 2373 πρόσεισιν
1169 2300 1231 2355 οὐ
1268 2301 1415 2374 μάλα
1448 2303 1790 2378 θαρρούντως
1838 2309 1919 2375 τῷ
1965 2304 2128 2379 πατρῖ
2185 2306 2300 2359 κατ’
2410 2302 2605 2365 σιλέως
2651 2305 2745 2358 τὸν
2798 2305 3039 2379 μοναχὸν
3091 2302 3545 2376 ὖπελθόντος,τῷ
3595 2304 3689 2378 μὲν
3726 2303 4078 2377 μειρακίσκῳ

645 2382 895 2443 ἶδίαν.Ὀ
940 2384 986 2441 δ’
1020 2385 1150 2444 ῗδὼν
1210 2390 1407 2454 εὐθέως
1466 2392 1555 2447 καὶ
1614 2391 1925 2463 ἀλαστήσας
1978 2394 2117 2468 πρὸς
2169 2393 2302 2449 ἐκεῖ-
2409 2391 2595 2465 ἐκείνῳ
2624 2392 2811 2448 ἄνακτι
2844 2396 3061 2468 Ἰωάννῃ
3091 2392 3195 2469 οὐχ
3226 2391 3326 2466 οἵῳ
3383 2394 3432 2447 τ’
3464 2388 3579 2448 ὄντι
3632 2390 3721 2447 διὰ
3772 2394 3872 2462 τὴν
3929 2393 4078 2461 ἡλι-

645 2568 994 2640 quid,vultu
1016 2588 1403 2647 sermoneque
1426 2576 2032 2633 declarantibushaud
2055 2576 2296 2648 impune
2405 2576 2506 2647 qui
2563 2576 2804 2648 quidam
2866 2575 3329 2648 indignationem
3390 2592 3506 2647 prae
3564 2592 3625 2631 se
3687 2576 3927 2643 ferrent,
3960 2592 4073 2632 ex—

646 2658 871 2717 laturos
912 2662 1013 2733 qui
1059 2662 1226 2719 aliter
1276 2683 1340 2721 ac
1395 2672 1687 2737 oporteret
1736 2670 1997 2738 agerent,
2032 2665 2113 2721 uti
2165 2670 2223 2721 et
2264 2684 2294 2724 e
2404 2664 2670 2737 probavit
2699 2664 2785 2719 illi
2816 2666 3012 2721 cultus
3043 2666 3216 2721 istius
3260 2682 3325 2721 ac
3374 2664 3621 2720 vestitus
3674 2664 4072 2721 insolentiam

654 2750 972 2822 contrario,
1006 2752 1105 2823 qui
1141 2758 1313 2825 prout
1344 2771 1450 2827 par
1478 2761 1603 2812 erat
1648 2756 1840 2812 ofﬁcio
1891 2757 2294 2827 fungerentur,
2403 2752 2505 2809 tali
2538 2753 2843 2810 occasione
2874 2755 2973 2810 39
3007 2754 3399 2826 intempestivi
3425 2772 3443 2808 :
3464 2777 3490 2802 ‹‹
3524 2754 3671 2809 Nam
3694 2754 3856 2826 quid,
3887 2774 3916 2801 n
3949 2753 4073 2819 ait,

650 2854 1023 2910 nequaquam
1097 2843 1364 2899 mercede
1429 2846 1737 2901 carituros.
1812 2846 2071 2917 Ingentis
2136 2848 2293 2901 enim
2407 2842 3257 2915 «tibicousciusesperfecisse
3280 2843 3410 2899 tein
3452 2843 3851 2898 Romanorum
3888 2858 4075 2897 com-

651 2929 939 2984 utramvis
971 2929 1031 2985 in
1065 2936 1287 3002 partem
1322 2935 1561 2990 omnino
1592 2935 1875 2990 momenti
1918 2938 2007 2989 est
2036 2934 2294 2991 hominis
2404 2933 2750 3000 modum,ut
2780 2932 3031 2987 indetibi
3063 2932 3361 2987 licentiam
3380 2936 3605 3003 partam
3622 2931 4073 3003 putesabuten-

648 3016 706 3071 in
742 3017 975 3073 civitate
1006 3020 1274 3090 primarii
1304 3027 1455 3078 recte
1504 3028 1606 3079 aut
1636 3040 1805 3080 secus
1845 3024 2086 3093 factum,
2119 3040 2293 3095 prava
2403 3021 2461 3075 di
2486 3022 2698 3093 opibus
2732 3020 2966 3077 illorum
2996 3021 3055 3077 in
3089 3026 3221 3078 tuas
3254 3021 3630 3077 remissiones
3653 3020 3723 3076 ad
3760 3020 4075 3093 privatum

645 3104 943 3176 siquidem
967 3108 1087 3163 vita
1108 3114 1165 3164 et
1190 3110 1343 3166 mala
1366 3112 1628 3169 facinora
1645 3112 1929 3169 nobilium
1951 3130 2058 3186 par
2079 3114 2290 3169 vitium
2404 3112 2688 3167 duntaxat
2717 3110 2803 3166 tui
2852 3110 3033 3166 animi
3083 3111 3365 3177 fructum,
3399 3126 3512 3165 non
3561 3125 3697 3165 vero
3741 3110 3812 3165 ad
3857 3108 4064 3165 ullam

642 3194 988 3267 reipublicae
1019 3197 1339 3269 important
1364 3212 1429 3256 ac
1456 3201 1717 3258 virilium
1750 3203 2000 3259 exsectio
2032 3202 2290 3259 humano
2322 3214 2365 3282 ρ
2401 3201 2759 3273 pertinentes
2792 3199 3106 3256 utilitatem
3150 3198 3447 3271 publicam
3469 3199 3497 3254 ?
3527 3200 3611 3254 An
3662 3198 3852 3255 nescis
3903 3198 4067 3253 istas

641 3286 1062 3356 corpori,quod
1087 3288 1223 3343 inde
1247 3290 1584 3346 universum
1610 3292 2284 3364 debilitaturenerveque
2396 3308 2537 3346 auro
2572 3292 2831 3361 insignes
2860 3295 2917 3345 et
2947 3290 3166 3345 sericas
3188 3294 3376 3345 vestes
3399 3288 3747 3361 sanguinem
3771 3304 3903 3343 esse
3937 3286 4071 3341 Ro-

640 3370 707 3425 fit
737 3390 802 3428 ac
835 3374 1166 3432 flaccidum.
1200 3378 1413 3435 Contra
1452 3380 1639 3437 virtus
1670 3385 1727 3436 et
1774 3382 1925 3437 actio
1970 3380 2283 3437 laudabilis
2393 3378 3259 3451 manorum;quibusidcircoin
3276 3382 3722 3434 eorumtantum
3739 3377 4072 3433 commoda

640 3462 976 3536 principum
1009 3466 1266 3522 virorum
1300 3469 1512 3525 similis
1542 3475 1633 3525 est
1680 3477 1878 3525 centro
1910 3470 2134 3540 circuli,
2167 3488 2283 3542 quo
2393 3470 2677 3524 utendum
2704 3474 2965 3534 est,cum
2992 3486 3082 3523 res
3104 3470 3370 3539 ipsorum
3391 3468 3803 3530 sint?Quaeres
3831 3465 4065 3521 fortas-

639 3557 794 3608 recte
812 3558 1116 3610 constante
1135 3572 1199 3611 ac
1222 3558 1400 3612 situm
1427 3558 1810 3614 immobiliter
1832 3561 2129 3615 obtinente
2152 3576 2283 3631 pro-
2392 3573 2453 3613 se
2483 3558 2719 3629 quando
2741 3561 2797 3611 et
2822 3558 3112 3629 quomodo
3139 3556 3249 3611 illa;
3272 3556 3329 3611 in
3356 3557 3618 3627 ipsorum
3640 3555 3856 3609 bonum
3875 3570 3991 3609 usu
4004 3572 4061 3608 r-

637 3642 833 3713 prium
865 3646 1056 3699 status
1088 3645 1246 3701 orbis
1279 3664 1343 3702 ac
1388 3647 1871 3704 circumferentia:
1922 3649 2103 3705 totius
2132 3648 2284 3705 ﬁxus
2392 3653 2607 3719 pentur
2629 3646 2835 3701 ?Tunc
2866 3646 3138 3702 videlicet
3159 3645 3395 3717 quando
3418 3645 3683 3700 admissa
3706 3648 4058 3700 exterarum

639 3747 705 3785 ac
738 3734 917 3786 timus
970 3739 1292 3803 permanet.
1326 3736 1639 3793 Enimvero
1674 3737 1880 3809 quidni
1915 3738 2137 3807 sperari
2182 3739 2285 3792 de-
2393 3737 2653 3810 gentium
2689 3736 2976 3807 legatione
3015 3735 3259 3789 Romani
3310 3734 3511 3806 populi
3561 3749 3702 3805 opes
3753 3734 4056 3787 ostentari

639 3820 767 3875 buit
790 3826 951 3875 tanta
974 3825 1355 3880 consiliorum
1379 3828 1669 3897 sapientia
1691 3844 1938 3882 usurum
1966 3829 2285 3883 moderate-
2394 3828 2455 3883 in
2474 3826 2634 3883 cultu
2657 3830 2713 3879 et
2733 3829 2942 3880 ornatu
2966 3822 3246 3897 principis
3264 3823 3483 3895 publici
3507 3821 3747 3878 honoris
3768 3820 4055 3887 interest,

640 3908 757 3965 bue
789 3926 854 3965 ac
887 3909 1107 3967 utiliter
1137 3913 1525 3985 praefuturum
1551 3915 1914 3972 rebusillum
1939 3916 2285 3988 principem,
2394 3917 2612 3972 divitiae
2645 3917 2939 3986 siquidem
2975 3931 3177 3987 regum
3212 3913 3423 3968 divitias
3452 3912 3824 3968 subditorum
3854 3926 4055 3981 repu-

644 3998 746 4069 qui
778 4000 1180 4058 rudimentum
1215 4004 1541 4075 imperandi
1577 4008 1687 4061 sub
1720 4006 1820 4062 tali
1843 4009 2285 4079 tantoquejusti
2394 4011 2613 4063 tantur.
2642 4005 2815 4060 Extra
2845 4021 3020 4076 quam
3054 4020 3292 4060 causam
3320 4000 3831 4074 publicainsignia
3853 4001 4059 4071 maje-

644 4088 951 4159 regiminis
982 4094 1283 4165 magistro,
1318 4098 1481 4166 patre
1525 4096 1765 4166 optimo,
1794 4098 2075 4168 posuerit,
2106 4113 2137 4151 a
2172 4113 2286 4169 quo
2395 4096 2569 4152 statis
2601 4095 2671 4149 ad
2703 4095 2956 4166 privatas
2987 4093 3163 4149 etiam
3212 4091 3600 4147 relaxationes
3653 4088 3950 4157 adhibere,
3992 4090 4059 4144 id

643 4176 858 4231 unicus
886 4178 1021 4235 licet
1046 4187 1102 4236 et
1130 4181 1372 4239 adultus
1405 4184 1561 4239 tilius
1592 4184 1651 4238 in
1684 4185 1922 4256 privatae
1953 4186 2130 4241 sortis
2176 4186 2285 4240 hu-
2396 4201 2530 4239 vero
2564 4184 2642 4238 sit
2671 4184 2977 4237 dominum
3030 4198 3093 4236 se
3145 4186 3476 4235 monstrare
3525 4196 3640 4233 non
3691 4178 4059 4249 principem,

646 4266 895 4324 militate
927 4270 1191 4338 relictus,
1214 4272 1607 4346 exclususque
1638 4277 1931 4330 consortio
1954 4291 2020 4329 ac
2052 4276 2289 4330 nomine
2396 4280 2454 4330 et
2484 4273 2653 4345 quasi
2686 4273 3026 4328 servitutem
3060 4270 3319 4326 indicere
3348 4269 3591 4335 civibus,
3615 4269 3869 4340 quicum
3895 4266 4058 4322 libe-

643 4357 894 4429 imperii,
928 4366 1199 4417 accurate
1233 4362 1537 4432 otioseque
1587 4364 2059 4435 praaexercitatus
2108 4371 2198 4421 est
2227 4367 2286 4421 in
2397 4380 2492 4419 ros
2524 4379 2585 4417 se
2618 4365 2825 4434 putent
2855 4365 2911 4415 et
2942 4359 3143 4415 haberi
3176 4358 3379 4423 velint,
3410 4358 3525 4413 ista
3553 4357 3801 4412 vestium
3835 4356 4057 4410 odiosa

641 4447 920 4505 omnibus
952 4449 1393 4509 meditamentis
1423 4454 1568 4509 artis
1610 4454 1777 4525 spissa
1828 4469 1894 4509 ac
1942 4454 2287 4526 multiplicis
2398 4451 2674 4525 superbia
2695 4466 2824 4507 esse
2843 4449 3000 4505 velut
3026 4449 3086 4505 in
3114 4448 3545 4519 mancipiorum
3568 4446 3830 4503 ordinem
3852 4445 4063 4518 redigi

639 4537 911 4594 homines
943 4540 1177 4611 regendi
1202 4540 1229 4594 ?
2320 4576 2368 4643 Β
2398 4534 3899 4610 detestantesindignentesqueconquerentur.Num
3918 4537 4063 4604 jam

643 4676 728 4730 14.
765 4676 825 4732 Ut
856 4677 1110 4733 Lascari:
1140 4693 1179 4731 a
1202 4684 1368 4749 patre
1386 4680 1594 4734 Joanne
1635 4678 1705 4734 ad
1757 4680 2054 4751 imperiam
2095 4678 2282 4734 erudi-

2400 4632 2579 4701 igitur
2598 4629 2903 4701 intelligis,
2919 4629 3034 4683 ista
3055 4627 3287 4683 levitate
3310 4624 3561 4681 traducti
3584 4624 3652 4679 ad
3676 4624 3980 4678 venatorio
3996 4640 4063 4679 m

2402 4738 2577 4777 usum
2612 4720 2753 4790 regii
2786 4722 3029 4774 ornatus
3060 4720 3350 4787 quantum
3384 4712 3589 4785 ﬂagitii
3620 4711 4052 4768 consciveris?»

1294 4778 1380 4823 “‘3
1426 4771 1626 4839 fuem'
2400 4771 3040 4874 monitis,
3070 4771 3180 4860 hac
3231 4771 3605 4858 histitutione
3665 4806 3785 4855 tam
3846 4815 4067 4856 severa

716 4871 863 4969 ῌυίίξ
894 4872 1208 4969 aliquando
1240 4882 1514 4969 venatu“)
1540 4892 1773 4969 ε’ἓτίῗεδο
1795 4880 2114 4969 ουτηῪῗδῖθ
2146 4891 2288 4931 ⁸³Γο
2401 4898 2823 4969 baeresimperii
2844 4914 2875 4951 a
2892 4871 3051 4967 patre
3068 4894 3288 4966 optimo
3308 4893 3379 4947 ad
3403 4892 3766 4947 moderatam
3785 4892 3841 4944 et
3861 4905 4065 4959 popu-

644 4965 820 5030 tcxta,
851 4962 1103 5033 indeque
1134 4964 1375 5019 domum
1410 4965 1693 5029 redeunti,
1722 4966 2137 5020 occurritforte
2183 4981 2287 5036 pa-

2399 4989 2580 5045 larem
2607 4987 2968 5059 principalus
2992 4982 3566 5040 administrationem
3590 4978 3994 5034 informabatu
4007 4996 4060 5036 r.

644 5057 753 5118 ter,
775 5056 833 5106 et
853 5068 984 5107 eum
1008 5070 1068 5108 se
1090 5053 1505 5109 dimississime
1524 5063 1893 5111 venerantem
1919 5071 2025 5111 nec
2046 5061 2286 5127 aspectu

644 5141 925 5211 dignatus
956 5142 1113 5198 velut
1143 5143 1581 5199 inobservatum
1610 5146 1907 5215 praeteriit,
1932 5161 2183 5215 moxque
2214 5145 2285 5198 ab

644 5233 895 5287 adeunte
924 5233 1308 5303 contemptim
1360 5250 1422 5286 se
1455 5234 1684 5288 avertit.
1720 5234 1929 5306 Capuit
1968 5234 2024 5288 id
2076 5235 2283 5306 frigus,

641 5338 746 5378 nec
782 5322 928 5378 male
961 5322 1368 5390 ratiocinatus,
1392 5324 1652 5393 prudens
1686 5323 1842 5379 filius
1876 5326 1931 5377 in
1966 5340 2285 5395 argumen-
2469 5324 2583 5378 Hoc
2611 5336 2782 5392 porro
2806 5334 2963 5374 nunc
2987 5312 3447 5386 mortuo,palam
3470 5310 3776 5383 vulgatum
3799 5314 3893 5365 est
3914 5327 4065 5382 pro-

639 5415 764 5465 tum
788 5410 940 5465 haud
960 5412 1202 5466 dubium
1223 5413 1549 5481 paternazin
1573 5430 1634 5467 se
1657 5412 1775 5467 irae.
1795 5412 1955 5467 Unde
1971 5421 2281 5483 postquam
2394 5410 2794 5468 tovestiarium
2839 5414 3091 5462 tutorem
3120 5403 3285 5476 pueri
3313 5400 3595 5474 principis
3620 5416 3654 5454 a
3676 5405 3838 5470 patre
3861 5400 4067 5471 impe-

637 5505 943 5554 mstuasset
976 5501 1352 5572 aliquandiu
1414 5507 1469 5554 et
1501 5517 1700 5556 severe
1732 5518 1929 5555 secum
1978 5503 2283 5573 inquirens
2394 5507 2586 5557 ratore
2619 5500 2978 5553 declaratum
3011 5510 3078 5550 eo
3100 5500 3363 5565 tempore
3399 5506 3515 5561 quo
3549 5490 3717 5543 morti
3745 5491 4069 5559 proximus

634 5606 873 5645 causam
907 5589 1249 5646 offensionis
1274 5596 1490 5646 lrustra
1516 5592 1573 5645 in
1607 5608 1714 5647 sua
1736 5592 2096 5647 conscientia
2126 5609 2280 5662 (μιξο-
2395 5588 2665 5647 monachi
2694 5587 2959 5641 habitum
2993 5582 3204 5639 induit.
3230 5582 3381 5637 Sane
3405 5576 3742 5634 succedenti
3767 5578 3824 5631 in
3857 5576 4065 5647 impe-

632 5679 1139 5750 siisset,privatim
1159 5686 1377 5749 patrem
1397 5680 1820 5735 convenitsane
1861 5680 2149 5735 sollicitus
2177 5698 2281 5735 nec
2394 5681 2545 5735 rium
2582 5677 2715 5732 huic
2776 5675 3023 5747 puerulo
3081 5672 3291 5728 Joanni
3342 5686 3412 5724 ea
3463 5672 3652 5732 aetate,
3687 5668 3781 5719 cui
3812 5680 3923 5720 nec
3987 5668 4066 5722 ad

641 5773 792 5830 Ectu
832 5784 1067 5825 vacuus.
1103 5776 1284 5835 Quem
1318 5770 1413 5827 ille
1446 5770 1646 5827 statim
1693 5771 1765 5826 iis
1821 5771 2058 5827 intuens
2090 5770 2277 5828 oculis
2392 5767 2816 5842 providendum
2848 5764 2961 5821 sibi
2984 5763 3152 5831 ratio,
3179 5775 3369 5831 neque
3395 5758 3465 5815 ad
3490 5772 3553 5813 se
3578 5754 3866 5811 tuendum
3895 5754 4061 5811 vires

2399 5124 2487 5179 15.
2524 5125 2585 5181 Ut
2612 5120 3021 5195 provestiarius
3052 5117 3305 5173 Μαχαίοη
3338 5116 3505 5187 pueri
3555 5112 3830 5186 principi:
3873 5113 4061 5168 Joan-

2864 5212 2955 5266 nis
2986 5208 3216 5264 tutelam
3244 5204 3571 5276 susceperit.
