4258 6438
152 403 253 459 473

1276 405 1373 458 ΒΕ
1413 403 1784 459 MICHAELE
1823 399 2174 454 PALROGO
2211 399 2343 451 LIB.
2388 402 2431 451 Ι.

3452 396 3565 452 474

149 528 263 582 κίαν
295 527 361 582 τὸ
389 525 625 601 ἆσφαλὶς
653 532 957 601 περιποιεῖν
998 526 1172 600 ἑαυτῷ
1202 526 1468 602 προνοίας
1507 522 1613 581 ἔδει
1662 523 1800 578 πάν·
1828 526 1879 591 Α
1922 519 1969 576 δ’
2025 522 2053 575 ὁ
2109 523 2326 594 πρῶτος
2373 522 2481 575 τῶν
2531 519 2940 594 Μουζαλώνων,
2971 519 3029 583 δς
3056 520 3146 576 καὶ
3175 524 3255 591 τῷ
3282 523 3379 575 τοῦ
3408 541 3560 595 πρω-

145 638 251 677 τως
282 620 382 670 τοῦ
412 617 486 687 μή
513 637 567 669 τι
597 620 785 678 παθεῖν
815 615 1168 690 ἀπροόπτως,
1201 614 1431 670 πολλῶν
1478 611 1650 668 ὄντων
1699 621 1805 670 τῶν

149 700 641 770 ἒπιῦουλευόντων,
673 701 767 757 κᾶν
809 724 862 758 τι
913 705 1106 775 μικρὸν
1155 704 1429 773 κινηθείη,
1477 702 1630 764 εὐθὺς
1678 699 1805 776 δρα-

146 794 406 848 σειόντων
460 793 528 846 τὰ
581 794 827 865 μέγιστα.
885 794 976 847 Διὸ
1026 794 1115 846 καὶ
1160 797 1239 862 τῷ
1282 791 1418 847 κατὰ
1471 791 1564 845 τὸν
1596 792 1802 860 Ἕρμον

138 889 240 952 τῆς
315 880 633 956 Μαγνησίας
725 880 971 955 φρουρίῳ
1046 880 1250 935 ἐκεῖνον
1310 880 1561 955 φέροντες
1614 879 1807 952 ἐγκατ-

142 973 396 1039 έστησαν,
425 968 661 1045 συχνοὺς
700 970 827 1033 τοὺς
877 970 1122 1045 ὀπτῆρας
1167 970 1253 1024 ἐπὶ
1310 969 1617 1045 βασιλικαῖς
1673 968 1808 1035 ὑπη·

147 1060 351 1135 ρεσίαις
398 1060 671 1131 τάξαντες.
716 1060 782 1114 Ol
837 1056 895 1112 δὲ
949 1063 1289 1132 μεγιστᾶνες,
1333 1058 1384 1111 οἱ
1437 1058 1530 1129 μὶν
1579 1055 1631 1110 ἐν
1684 1060 1807 1117 ταῖς

142 1154 334 1220 τιμαῖς
365 1146 444 1202 ἔτι
480 1147 753 1219 μένοντες,
786 1148 837 1201 οἱ
864 1144 922 1202 δὶ
951 1146 1043 1202 καὶ
1072 1152 1180 1202 τῶν
1214 1147 1322 1215 ὅπη
1356 1146 1489 1200 ποτὶ
1517 1148 1623 1220 γῆς
1671 1144 1806 1213 ἀκη-

144 1235 259 1300 δέες
308 1236 499 1309 ἔμενον
544 1236 593 1307 ἐξ
652 1236 823 1310 ὀργῆς
885 1241 1098 1310 γωνιῶν
1154 1234 1441 1308 ἐξάλμενοι
1476 1276 1490 1300 ,
1538 1233 1648 1287 τῶν
1713 1234 1806 1303 μὲν

138 1327 478 1400 πραγμάτων
533 1324 836 1397 ἐλευθέρως
897 1324 1077 1398 εἶχον,
1126 1327 1225 1388 τῆς
1278 1321 1335 1377 δὲ
1367 1321 1622 1398 γλώσσης
1656 1318 1809 1374 οὔπω

139 1413 461 1489 θαρῥοῦντες
490 1413 564 1481 (οἱ
595 1412 699 1487 γὰρ
756 1411 1122 1481 Μουζάλωνες
1174 1411 1601 1486 ἐφειστήκεισαν)
1648 1404 1808 1464 ἔϐυσ-

143 1499 449 1574 σοδόμευον
504 1501 600 1562 τὰς
669 1500 858 1575 ὀργὰς,
939 1501 1029 1555 καὶ
1106 1502 1301 1562 πάντες
1379 1501 1809 1574 προσεποιοῦντο

141 1590 283 1663 πρὸς
334 1588 574 1650 ἐκείνους
622 1590 687 1643 τὸ
738 1589 985 1649 εὐπειθὲς
1016 1590 1091 1651 ὡς
1128 1590 1229 1643 ὑπὸ
1265 1586 1480 1663 βασιλεῖ
1511 1584 1667 1655 δῆθεν
1723 1606 1810 1640 τε-

148 1677 381 1740 λοῦντες
443 1683 522 1749 τῷ
581 1677 963 1753 μειρακίσκῳ,
1023 1677 1068 1731 εί
1125 1678 1215 1731 καὶ
1276 1674 1400 1747 ὀδὰξ
1451 1678 1503 1729 οἱ
1551 1674 1808 1739 παθόντες

145 1769 297 1842 παρὰ
352 1771 451 1821 τοῦ
505 1767 731 1839 πατρὸς,
792 1766 1057 1843 φαγόντος
1096 1766 1221 1827 τοὺς
1275 1769 1374 1833 τῆς
1431 1766 1598 1838 ὀργῆς
1630 1761 1813 1838 ὄμφα-

140 1877 239 1910 κας
272 1855 367 1909 καὶ
393 1852 559 1909 κόνδυ
588 1854 812 1929 πικρίας
844 1855 1084 1915 ἐκείνους
1128 1855 1478 1919 ποτίσαντος,
1537 1849 1807 1923 αἱμωδιᾷν

144 1944 425 2019 ὠρέγοντο
455 1944 547 1998 τὸν
582 1945 719 1999 υἱόν.
786 1943 939 2011 Πλὴν
970 1944 1059 1998 καὶ
1107 1944 1277 2005 οὕτως
1328 1937 1547 2016 ἔχοντες
1606 1938 1801 2012 δυσμε-

141 2033 290 2094 νείας
350 2034 405 2086 οἱ
468 2034 562 2105 μὲν
612 2036 693 2102 τῷ
723 2032 1201 2106 ἐπιτροπευομένῳ
1231 2032 1318 2085 καὶ
1369 2032 1494 2102 νέῳ,
1531 2032 1583 2083 οἱ
1613 2027 1669 2084 δὲ
1693 2034 1807 2089 τοῖς

145 2122 498 2199 ἐφεστηκόσι,
530 2121 785 2181 παθόντες
820 2120 913 2193 μέν
949 2141 999 2174 τι
1033 2122 1124 2175 καὶ
1176 2121 1227 2191 ἐξ
1276 2119 1488 2174 ἐνείνων
1544 2120 1605 2173 τὸ
1656 2118 1803 2189 πρὶν,

146 2213 215 2266 οὐ
251 2212 363 2283 μὴν
399 2208 447 2264 δ’
478 2208 602 2264 ἀλλ’
636 2207 751 2264 οὐδ’
782 2213 816 2278 ἡ
852 2208 1067 2281 νέμεσις
1114 2212 1340 2283 ἠρεμεῖν
1375 2207 1457 2263 εῩα
1491 2207 1632 2262 οὕτω
1665 2209 1807 2281 παρα

141 2302 205 2355 τὸ
253 2300 405 2361 εἰκὸς
449 2300 796 2372 τιμηθέντων
853 2301 928 2371 μή
972 2296 1423 2371 δυσμεναίνοντας
1464 2302 1804 2371 κακουργεῖν,

138 2394 222 2461 τῷ
272 2390 411 2463 πρὸς
458 2388 695 2450 ἐκείνους
742 2386 878 2448 τέως
921 2383 1075 2464 φόϐῳ
1105 2385 1607 2461 συγκατεκλίνοντο.
1668 2385 1807 2443 Τότε

149 2518 556 2587 suppeterent,
591 2531 740 2587 opus
772 2513 1007 2570 omnino
1026 2518 1150 2569 erat
1178 2514 1387 2569 idoneo
1410 2512 1702 2585 praesidio,
1733 2528 1804 2567 ne

157 2603 298 2676 quid
336 2603 723 2675 improvisum
760 2608 1074 2674 pateretur.
1107 2602 1421 2657 Multorum
1446 2602 1663 2673 quippe
1691 2600 1805 2671 ipsi

159 2691 313 2749 clam
343 2692 759 2748 insidiantium
792 2692 1005 2747 infesta
1035 2691 1171 2747 odia
1202 2690 1595 2746 imminebant
1627 2690 1681 2744 in
1716 2705 1811 2744 oc-

152 2784 458 2837 casionem
492 2781 542 2836 ei
577 2782 821 2836 nocendi
848 2799 863 2851 ;
896 2796 1044 2851 quos
1077 2797 1235 2850 sane,
1264 2782 1307 2835 si
1338 2779 1470 2851 quis
1504 2784 1699 2835 motus
1730 2795 1813 2834 re-

157 2886 290 2925 rum
326 2869 789 2926 vellcvissimus
847 2868 1153 2925 exsisteret
1212 2885 1326 2941 quo
1385 2867 1583 2939 aliqua
1640 2868 1812 2923 modo

159 2958 470 3031 quidpiam
495 2957 746 3013 novandi
770 2957 1179 3030 opportunitas
1198 2958 1453 3025 daretur,
1470 2956 1634 3013 avide
1652 2955 1811 3011 illam

1909 606 2286 683 τοόεστιαρίου
2342 608 2602 681 τετίμητο
2659 609 2957 682 ἀξιώματι,
3018 612 3160 685 ὁρῶν
3218 611 3309 664 τὸν
3368 611 3561 673 φθόνον

1910 697 2084 753 πολὺν
2111 699 2201 753 καὶ
2229 696 2403 753 δεινὸν
2452 696 2780 772 ὒφέρποντα,
2839 698 2927 753 καὶ
2985 699 3058 760 ὡς
3110 697 3386 768 θασιλείᾷν
3418 698 3564 772 παρὰ

1910 786 2137 842 πολλῶν
2190 786 2571 858 ὑποπτεύοιτο,
2619 787 2903 841 κάντεῦθεν
2960 788 3053 841 τὸν
3106 784 3268 859 μέγαν
3312 784 3558 841 κίνδυνον

1916 877 2286 950 ὑφορώμενος,
2343 873 2480 951 ἔγνω
2538 876 2753 938 συνετὸς
2817 874 2891 930 ὢν
2946 874 3105 947 πείρᾳ
3145 876 3207 930 τὸ
3253 877 3559 950 στράτευμα

1914 963 2247 1036 δοκιμάσαι,
2305 963 2423 1035 ἅμα
2478 962 2537 1018 δὶ
2591 964 2681 1018 καὶ
2738 965 2863 1025 τοὺς
2928 968 3248 1039 μεγιστᾶνας
3301 963 3560 1037 γνωρίσαι

1914 1057 2064 1115 ὅπως
2096 1052 2276 1127 ἔχοιεν
2306 1052 2492 1124 ἐκείνῳ
2522 1051 2829 1123 διαθέσεως,
2871 1054 3055 1108 πολλὰ
3101 1054 3365 1129 πρότερον
3428 1054 3560 1107 ὐπο-

1911 1150 2080 1217 ταγῆς
2139 1141 2227 1196 καὶ
2278 1139 2530 1203 δουλείας
2582 1136 2837 1213 σύμϐολα
2864 1143 3002 1215 πρὸς
3058 1142 3153 1195 τὸν
3207 1141 3451 1215 ἀφήλικα
3482 1138 3565 1195 δε-

1914 1230 2120 1299 σπότην
2181 1228 2497 1298 σπουδάζων
2551 1231 2634 1290 οἷς
2690 1227 2839 1305 λέγοι
2888 1229 2978 1284 καὶ
3026 1231 3255 1301 πράττοι
3297 1226 3564 1284 ἐνδείκνυ-

1915 1322 2056 1375 σθαι.
2100 1320 2236 1374 Τότε
2288 1318 2467 1373 τοίνυν
2526 1316 2993 1392 ωγκαλεσάμενος
3047 1317 3170 1372 ὅσον
3221 1319 3288 1386 ἦν
3345 1320 3408 1372 τὸ
3463 1325 3563 1386 τῆς

1912 1408 2193 1485 γερουσίας
2250 1406 2341 1461 καὶ
2393 1406 2517 1461 ὅσον
2574 1410 2676 1460 τοῦ
2736 1404 3019 1481 βασιλείου
3082 1407 3267 1480 γένους
3324 1404 3449 1460 ὅσον
3507 1425 3566 1461 τε

1915 1502 2021 1553 τῶν
2083 1496 2365 1571 ἀρχόντων
2422 1495 2513 1550 καὶ
2572 1494 2695 1550 ὅσον
2743 1502 2843 1563 τῆς
2902 1502 3296 1571 στρατιωτικῆς
3336 1494 3560 1565 τάξεως,

1915 1586 2198 1658 παρόντων
2255 1584 2427 1640 ἐκεῖσε
2481 1583 2573 1639 καὶ
2626 1590 2733 1639 τῶν
2790 1588 2888 1639 τοῦ
2943 1586 3278 1659 προπάππου
3332 1586 3411 1656 [Ρ.
3470 1586 3563 1656 23]

1914 1679 2010 1729 τοῦ
2063 1672 2330 1749 βασιλέως
2383 1674 2621 1744 Λάσκαρι
2667 1669 3039 1749 αὗταδέλφων,
3081 1672 3139 1733 ’ὀς
3166 1670 3233 1739 δὴ
3266 1672 3353 1725 καὶ
3406 1669 3562 1732 οὗτος

1914 1765 1976 1819 τὸ
2008 1762 2177 1818 πάλαι
2213 1759 2491 1837 βασιλείας
2542 1759 2795 1834 διέπρεπε
2852 1757 3149 1833 διαδήματι
3208 1760 3296 1815 καὶ
3352 1760 3419 1815 τὰ
3464 1767 3564 1827 τῆς

1912 1848 2213 1924 Ῥωμαίδος
2245 1850 2536 1923 πράγματα
2565 1850 2901 1924 συγχυθέντα
2957 1849 3031 1911 ὡς
3092 1848 3235 1923 εἶχεν
3294 1848 3569 1902 ἀνεκαλεῖ-

1914 1961 1996 2009 το,
2032 1938 2157 1994 οὐδὲ
2186 1940 2406 2015 τυφλῶν
2458 1938 2653 1993 ἐκεῖθεν
2704 1937 2953 1992 ἀπόντων
2985 1938 3038 2009 (ὁ
3072 1936 3564 2011 Στρατηγόπουλος

1918 2026 1964 2083 δ’
1994 2029 2142 2082 οὗτοι
2190 2028 2325 2095 ἦσαν
2375 2027 2463 2081 καὶ
2500 2028 2527 2081 ὁ
2559 2025 2787 2098 ψιλῆς),
2826 2026 2913 2081 καὶ
2941 2028 3140 2087 παντὸς
3174 2024 3350 2081 ἄλλου
3406 2046 3564 2098 μεγι-

1917 2123 2105 2178 στᾶνος
2140 2120 2600 2189 συμπληροῦντος
2625 2117 2716 2170 τὸν
2748 2113 3047 2189 σύλλογον,
3080 2114 3163 2189 ἐφ’
3194 2114 3413 2188 ὑψηλοῦ
3441 2114 3567 2177 στας

1916 2208 1990 2267 ὡς
2049 2203 2109 2259 ἂν
2160 2206 2273 2276 ἅμα
2324 2201 2377 2258 ο⁹ί
2422 2224 2480 2258 τε
2523 2207 2733 2276 πρῶτοι
2784 2203 3028 2258 ἀκούοιεν
3070 2204 3160 2258 καὶ
3211 2205 3262 2257 οἱ
3321 2202 3561 2269 ὕστατοι,

1911 2293 2063 2371 ἔλεγε
2090 2290 2239 2349 τάδε·

1916 2523 2093 2579 quam
2127 2508 2281 2579 quod
2315 2509 2574 2579 optasset
2606 2523 2849 2578 passum
2891 2507 3260 2576 meminerat,
3313 2523 3561 2579 pronum

1908 2598 2177 2669 judicatu
2212 2600 2301 2651 est
2322 2595 2782 2667 haudquaquam
2805 2601 3262 2667 temperaturam
3284 2614 3317 2651 a
3345 2600 3559 2651 conatu

1921 2685 2165 2741 laedendi
2198 2682 2560 2757 nocendique
2593 2683 2885 2757 capitibus
2906 2684 3098 2741 exesis
3121 2685 3563 2741 multitudinem

1922 2775 2151 2841 iratam,
2186 2773 2299 2829 nisi
2328 2776 2520 2828 metus
2551 2774 2822 2845 potentia
2855 2780 3096 2831 armata
3128 2776 3430 2830 conscium
3450 2775 3563 2831 sibi

1922 2863 2259 2932 exiguarum
2282 2860 2493 2917 virium
2528 2864 2782 2918 furorem
2809 2863 3099 2936 privatum
3132 2868 3436 2919 coerceret.
3462 2863 3569 2919 Ne-

1923 2968 2036 3025 que
2067 2951 2158 3007 bic
2189 2954 2623 3023 tamsuspectus
2655 2955 2713 3008 et
2741 2952 2933 3008 minax
2952 2955 3145 3008 tumor
3169 2969 3363 3008 rerum
3392 2968 3570 3025 quor-

146 3029 502 3120 caplaturos
534 3054 592 3103 et
621 3046 710 3101 vel
741 3029 1001 3102 extrema
1032 3063 1280 3119 quaeque
1310 3048 1412 3102 40
1444 3051 1680 3101 strenue
1715 3062 1815 3099 au-
1851 3029 1893 3097 C
1925 3058 2055 3098 sum
2089 3043 2323 3096 tandem
2354 3045 2681 3112 erumperet
2710 3057 2828 3097 non
2857 3042 3167 3097 verebatur
3196 3040 3566 3097 Muzalonum

148 3154 329 3192 suros
393 3135 736 3208 apparebat.
782 3134 970 3198 Quare
1015 3135 1177 3191 illum
1225 3136 1284 3190 in
1344 3135 1804 3191 munitissimam

150 3241 345 3281 arcem
381 3226 451 3280 ad
489 3225 768 3279 Hermum
804 3224 1113 3295 Magnesiae
1151 3224 1623 3279 submovendum
1672 3240 1808 3277 cen-

150 3318 429 3380 suerunt,
464 3312 666 3368 addito
696 3310 905 3368 idoneo
957 3312 1238 3368 comitatu
1289 3316 1346 3368 et
1403 3312 1581 3369 solita
1640 3312 1811 3383 regia

150 3402 401 3456 familiae
433 3417 498 3455 ac
533 3400 780 3471 palatini
812 3400 1124 3455 ministerii
1152 3400 1503 3472 frequentia,
1553 3401 1817 3456 studiose

146 3492 381 3546 delecta
421 3506 484 3544 ex
525 3490 661 3544 fidis
696 3488 830 3544 viris
863 3494 919 3545 et
949 3491 1018 3545 ad
1054 3489 1479 3563 invigilandum
1502 3489 1674 3545 saluti
1710 3506 1815 3562 pu-

154 3578 284 3652 pilli
307 3578 596 3651 principis
610 3577 817 3649 gnavis
833 3583 888 3633 et
911 3578 1167 3633 acribus.
1184 3579 1464 3634 Caeterum
1482 3579 1815 3649 Optimates,

162 3668 286 3723 sive
318 3668 425 3738 qui
448 3666 508 3722 in
534 3684 643 3723 usu
661 3668 947 3722 honorum
970 3673 1027 3722 et
1047 3667 1343 3723 functione
1366 3668 1820 3738 magistratuum

163 3757 537 3829 perstabant,
570 3756 690 3811 sive
729 3756 830 3827 qui
861 3756 1016 3811 varie
1046 3756 1321 3828 dispersi,
1369 3756 1620 3827 indeque
1668 3754 1823 3811 male

162 3848 417 3902 animati
448 3861 587 3917 erga
616 3844 803 3899 exsilii
848 3849 1114 3900 auctores
1162 3844 1271 3900 hac
1327 3846 1704 3901 conversione
1734 3861 1823 3900 re-

164 3952 294 3991 rum
332 3933 714 4007 prosiliet-ant
742 3949 811 3990 ex
859 3934 1116 4006 angulis,
1163 3933 1343 3990 libere
1388 3935 1510 4005 jam
1544 3949 1714 4006 agere
1740 3932 1821 3986 illi

165 4024 409 4097 quidem
444 4024 761 4089 audebant,
809 4023 1194 4081 continebant
1237 4028 1438 4079 tamen
1486 4022 1737 4093 linguas,
1770 4025 1826 4078 et

164 4118 326 4168 metu
358 4110 796 4183 invigilantium
848 4112 1061 4167 acriter
1090 4116 1145 4167 et
1176 4112 1341 4184 quasi
1383 4128 1413 4167 e
1457 4111 1697 4185 specula
1726 4127 1823 4165 su-

165 4218 373 4258 surros
406 4217 613 4257 omnes
642 4217 783 4256 aure
814 4200 986 4255 anxia
1039 4201 1402 4272 captantium
1449 4200 1825 4257 Muzalonum

164 4293 328 4346 taciti
363 4290 775 4361 ringebantur,
809 4291 896 4345 ira
926 4290 1177 4363 odioque
1208 4292 1444 4363 penitus
1493 4291 1741 4345 conditis
1772 4296 1829 4345 et

1915 3137 2056 3187 natu
2094 3129 2415 3195 maximus,
2464 3130 2897 3201 protovestiarii
2946 3131 3210 3186 eminens
3263 3131 3567 3203 dignitate.

1920 3211 2071 3292 Ergo
2104 3219 2155 3274 is
2190 3219 2365 3274 homo
2398 3234 2503 3273 nec
2534 3219 2713 3274 hebes
2746 3235 2850 3275 nec
2904 3219 3203 3287 incautus,
3266 3224 3572 3291 perspecta

1917 3326 2033 3365 non
2065 3307 2262 3363 dubiis
2279 3306 2466 3380 signis
2489 3306 2711 3363 invidia
2732 3312 2928 3363 contra
2952 3324 3013 3364 se
3034 3308 3283 3379 ingenti,
3309 3307 3573 3379 cognito-

1920 3415 2033 3470 que
2074 3399 2165 3453 41
2206 3396 2401 3452 tacitis
2430 3397 2873 3469 suspicionibus
2909 3397 3230 3453 multorum
3282 3395 3576 3465 designari

1921 3503 1984 3544 se
2006 3503 2073 3542 ac
2102 3502 2269 3542 reum
2300 3484 2666 3558 agitaﬂ‘ectati
2696 3501 2797 3557 per
2825 3484 3016 3543 scelus
3046 3486 3297 3559 imperii,
3329 3485 3583 3558 indeque

1924 3580 2211 3647 quantum
2237 3591 2344 3630 suo
2367 3574 2540 3646 capiti
2566 3574 2892 3646 periculum
2913 3575 3297 3647 impenderet,
3323 3575 3578 3646 pruden-

1925 3670 2013 3719 ter
2042 3664 2360 3732 aestimans,
2395 3663 2648 3735 sapienti
2674 3664 2920 3719 consilio
2943 3664 3196 3720 decrevit
3220 3664 3580 3737 experimen-

1928 3760 2049 3808 tum
2084 3768 2288 3825 capere
2316 3751 2635 3808 voluntatis
2665 3752 2965 3825 studiique
3013 3753 3265 3808 militum
3298 3769 3434 3824 erga
3493 3768 3576 3818 se,

1928 3841 2344 3913 explorareque
2359 3856 2468 3911 que
2484 3842 2613 3895 mad
2625 3842 2865 3895 modum
2888 3842 2945 3896 in
2968 3857 3032 3897 se
3054 3841 3239 3897 affecti
3265 3841 3580 3913 optimates

1928 3934 2144 3986 essent.
2172 3930 2352 4001 Igitur
2376 3929 2580 3985 multis
2604 3930 2766 4002 prius
2780 3930 3150 3986 documentis
3165 3930 3358 4003 palam
3381 3929 3579 4002 exqui-

1929 4020 2025 4075 siti
2054 4019 2299 4074 aﬂ‘ectus
2330 4018 2467 4074 ﬁdei
2498 4034 2564 4073 ac
2594 4018 2986 4075 venerationis
3027 4035 3167 4092 erga
3212 4020 3578 4092 impuberem

1929 4111 2265 4181 Augustum
2298 4107 2473 4163 editis
2504 4107 2662 4163 dicto
2693 4107 2984 4179 factoque,
3016 4124 3084 4163 ex
3115 4107 3331 4180 quibus
3374 4124 3580 4163 omnes

1926 4196 2394 4269 intelligerentse
2409 4196 2478 4250 ab
2510 4196 3030 4268 omnicogitatione
3058 4197 3375 4253 insidiandi
3400 4198 3581 4268 capiti

1933 4292 2033 4341 aut
2062 4286 2359 4355 majestati
2391 4285 2520 4355 ejus
2553 4300 2872 4357 essequam
2890 4285 3345 4351 alienissimum,
3368 4302 3580 4341 convo-

167 4379 560 4436 simulatione
583 4378 853 4450 obsequii
887 4378 1112 4434 velatis.
1151 4380 1266 4435 Prae
1294 4396 1355 4435 se
1379 4380 1638 4435 ferebant
1666 4380 1821 4434 enim
1857 4400 1902 4464 Β
1932 4375 2084 4432 cavit
2113 4378 2402 4447 quotquot
2427 4376 2985 4432 aderantsenatores
3001 4375 3415 4447 principesque
3446 4375 3582 4430 uni-

165 4485 373 4542 parere
406 4483 469 4523 se
505 4467 651 4539 ipsis
682 4467 827 4523 velle
860 4474 923 4522 ut
945 4469 1125 4523 vicem
1158 4468 1826 4539 gerentibusimperato-

164 4559 246 4614 ris
280 4556 540 4631 parvuli,
594 4556 687 4612 cui
731 4558 910 4613 etiam
969 4573 1072 4629 per
1113 4559 1418 4614 ministros
1466 4563 1524 4614 et
1580 4557 1824 4614 vicarios

163 4644 759 4719 imperantilibenter
788 4646 1284 4717 obtemperarent.
1319 4646 1448 4701 Haec
1483 4648 1538 4701 in
1573 4648 1824 4718 speciem

163 4735 647 4805 ostentabantur,
686 4734 924 4790 interim
948 4736 1087 4790 dum
1122 4736 1162 4789 ii
1198 4738 1517 4808 prasertim
1581 4738 1677 4809 qui
1718 4754 1825 4791 nu-

164 4843 303 4899 pero
336 4822 678 4897 principatu
710 4823 868 4892 passi
891 4823 1139 4879 adversa
1163 4824 1411 4892 fuerant,
1442 4825 1738 4879 mordicus
1768 4824 1825 4878 in

163 4912 471 4987 proposito
495 4911 791 4966 contrario
825 4910 1145 4979 haerebant,
1180 4912 1503 4967 ulciscendi
1560 4913 1830 4969 videlicet

166 5005 222 5059 in
248 5002 358 5058 ﬁlii
394 5004 572 5073 caput
604 5005 875 5073 acceptas
908 5017 941 5057 a
963 5006 1124 5073 patre
1143 5002 1416 5073 injurias,
1439 5019 1504 5059 ac
1530 5003 1830 5059 vehemen-

166 5098 254 5149 ter
281 5091 573 5163 optabant
602 5089 830 5145 efﬁcere
852 5093 916 5144 ut
945 5090 1151 5145 Joanni
1178 5090 1297 5147 filio
1320 5091 1525 5149 dentes
1548 5093 1827 5165 obstupe-

164 5185 404 5240 scerent
451 5195 522 5235 ex
570 5194 636 5234 eo
678 5180 830 5249 quod
881 5178 1226 5236 Theodorus
1257 5185 1422 5252 pater
1472 5183 1602 5253 ejus
1661 5200 1829 5238 uvam

166 5271 447 5328 acerbam
481 5268 581 5323 ira:
614 5266 863 5324 immitis
893 5272 951 5323 et
992 5268 1117 5341 ipse
1150 5272 1477 5327 mandisset
1506 5278 1565 5328 et
1594 5288 1829 5344 expres-

167 5378 300 5417 sum
336 5375 410 5415 ex
439 5373 510 5413 ea
540 5354 707 5412 succi
733 5357 916 5412 amari
957 5360 1233 5430 poculum
1271 5360 1416 5431 ipsis
1439 5363 1828 5433 propinasset.

167 5451 361 5521 Hujus
396 5446 633 5520 generis
682 5446 913 5502 infestis
965 5449 1239 5505 sensibus
1291 5455 1468 5522 atque
1526 5450 1832 5506 affectibus

171 5556 385 5595 arcano
420 5536 645 5609 passim
685 5535 1073 5607 gliscentibus
1117 5538 1330 5609 partim
1382 5540 1439 5593 in
1499 5539 1832 5594 adolescen-

172 5628 367 5684 tulum
387 5625 712 5697 principem
730 5624 1347 5697 paternalaborantem
1362 5627 1599 5694 invidia,
1621 5628 1833 5700 partim

173 5720 232 5775 in
264 5720 541 5790 potentes
573 5730 791 5785 rerum,
826 5717 891 5771 ut
931 5716 1184 5788 quisque
1214 5717 1286 5773 ab
1316 5716 1389 5773 iis
1412 5716 1557 5773 alias
1578 5733 1642 5774 se
1674 5716 1832 5774 aliud

1930 4489 2133 4529 versos
2165 4471 2309 4545 regii
2330 4472 2665 4543 sanguinis.
2703 4478 3109 4545 quantumque
3127 4474 3580 4544 magistratuum

1932 4565 2213 4635 qaantum
2246 4578 2315 4617 ex
2348 4561 2586 4618 militari
2615 4561 2821 4618 ordine
2846 4563 2970 4635 cogi
3004 4580 3071 4618 ex
3103 4564 3432 4635 prOpinquo
3486 4579 3586 4634 po-

1931 4652 2065 4707 tuit.
2100 4653 2509 4707 Convenerunt
2561 4667 2798 4723 quoque
2826 4650 2885 4706 in
2942 4669 3077 4707 eum
3124 4661 3339 4707 emtum
3376 4654 3586 4707 fratres

1934 4741 2129 4815 proavi
2181 4740 2571 4812 imperatoris,
2636 4741 2918 4811 Lascaris,
2985 4742 3083 4813 qui
3143 4746 3201 4797 et
3258 4744 3384 4813 ipse
3443 4741 3583 4796 olim

1934 4847 2208 4903 magnam
2236 4830 2345 4885 sibi
2368 4829 2598 4885 laudem
2619 4830 3084 4903 peperitimperii
3105 4831 3378 4903 praeclare
3401 4831 3467 4885 ad
3481 4830 3588 4884 mi-

1934 4921 2187 4988 nistrati,
2223 4935 2344 4974 rem
2378 4919 2699 4975 Romanam
2734 4936 2800 4975 ex
2824 4919 3040 4977 afﬂicta
3072 4925 3128 4975 et
3158 4926 3312 4977 retro
3334 4919 3503 4993 lapsa
3524 4920 3585 4974 in

1937 5008 2119 5065 multo
2152 5008 2455 5064 meliorem
2489 5025 2767 5065 revocans
2788 5012 3031 5065 statum.
3066 5010 3149 5067 Ne
3179 5010 3311 5066 caaci
3344 5010 3584 5081 quidem

1936 5098 2177 5153 abfuere
2236 5096 2684 5169 Strategopulus
2714 5102 2771 5153 et
2830 5098 3043 5166 Pbiles,
3094 5099 3586 5155 concurrentibus

1938 5202 2040 5257 pro
2073 5202 2135 5241 se
2166 5200 2398 5257 quoque
2432 5185 3588 5258 magnatibussimilitercmterisﬂuibus

1938 5275 2166 5331 cunctis
2198 5290 2475 5331 consessu
2510 5276 2774 5346 specioso
2797 5291 2862 5344 ac
2886 5276 3198 5332 venerabili
3233 5284 3587 5333 conventum

1938 5363 2292 5420 ornantibus
2325 5365 2597 5436 apparuit
2626 5368 2795 5420 stans
2825 5364 2884 5419 in
2915 5363 3041 5421 loco
3071 5365 3360 5438 superiori
3393 5370 3588 5439 proto-

1938 5452 2273 5520 vestiarius,
2308 5454 2462 5508 unde
2496 5452 2758 5525 conspici
2793 5455 3010 5525 pariter
3053 5455 3124 5511 ob
3156 5457 3435 5512 omnibus
3468 5461 3525 5511 et
3554 5472 3588 5511 a

1939 5543 2150 5615 primis
2183 5558 2299 5597 non
2332 5543 2530 5597 minus
2561 5558 2736 5611 quam
2771 5542 2843 5598 ab
2877 5542 3103 5600 ultimis
3144 5544 3336 5601 audiri
3368 5548 3587 5618 posset,

1939 5631 2261 5702 statimque
2290 5628 2351 5686 in
2382 5629 2540 5687 hunc
2571 5631 2812 5687 modum
2843 5629 3003 5704 loqui
3032 5632 3237 5707 coepit:
