4212 6442
655 420 762 477 475

730 544 814 607 ις’.
884 538 1205 614 Δημηγορία
1241 540 1337 591 τοῦ
1384 528 1886 609 πρωτοϐεστιαρίου
1926 521 2228 592 Μουζάλω-

1416 627 1530 667 νος.

729 744 757 772 ι(
816 720 887 773 Τὸ
949 718 1043 790 μὶν
1098 717 1166 770 τὰ
1222 713 1462 787 ἡμέτερα
1492 712 1731 785 ἀρχῆθεν
1762 706 1898 780 πρὸς
1934 706 2073 777 ὑμᾶς
2104 696 2303 775 ἀρτίως

656 804 981 875 συντάττειν,
1054 802 1282 877 εὐγενεῖς
1352 797 1538 874 ἄνδρες
1598 796 1690 849 καὶ
1746 794 2057 868 σύντροφοι,
2115 806 2302 861 περιτ-

653 896 744 951 τὸν
781 937 795 964 ,
844 895 1045 967 οἶμαι,
1106 889 1256 945 δοκεῖ
1310 888 1399 943 καὶ
1457 890 1553 941 τοῦ
1605 882 1870 957 παρόντος
1927 879 2029 949 ἓξω
2080 871 2300 949 καιροῦο

654 984 863 1057 ἀνάγκη
925 980 1027 1055 γάρ
1062 979 1265 1051 ἐπείγει
1296 980 1463 1031 ταῦτα
1489 975 1752 1048 παρέντας
1806 974 1902 1025 τοῦ
1949 966 2085 1022 κατὰ
2132 960 2305 1024 πόδας

656 1054 948 1143 διεξιέναιξ
983 1054 1133 1130 Τέως
1188 1064 1233 1120 δ’
1293 1065 1384 1120 οὗν
1443 1064 1603 1137 μόνον
1639 1061 1699 1115 οὐ
1732 1056 2074 1135 γεννηθέντες
2105 1054 2156 1109 ἐν
2188 1058 2305 1112 τοῖς

661 1157 962 1234 βασιλείοις
1012 1159 1113 1211 ὑπὸ
1157 1156 1317 1230 πατρὶ
1383 1155 1739 1227 ὑπηρετοῦντι
1786 1146 2015 1217 κάκείνῳ
2056 1148 2171 1203 τοῖς
2206 1143 2306 1217 βα-

654 1248 891 1323 «deum
952 1246 1283 1323 ἐτράφημεν,
1344 1244 1431 1296 καὶ
1492 1239 1933 1315 προσληφθέντες
1983 1234 2303 1307 ἀνήχθημεν

654 1270 743 1303 σιΛ
778 1270 891 1302 υσιν
952 1270 1283 1323 ετραφημεν,
1344 1270 1431 1296 και
1492 1270 1932 1315 πρυσΛιγῳυινιις
1987 1270 2302 1307 Avujku-“uu'v

644 1270 1040 1408 παῗδευόμενοι
1119 1334 1222 1387 ὑπὸ
1290 1336 1385 1386 τοῦ
1460 1328 1761 1404 μακαρίτου
1820 1324 2089 1402 βασιλέως
2146 1319 2305 1392 ἡμῶν

652 1424 1157 1503 ὑφηγεμονεὺοντος
1184 1425 1262 1492 τῷ
1308 1420 1494 1493 πατρί.
1558 1416 1662 1473 Καὶ
1719 1416 1792 1476 ὡς
1855 1415 2062 1473 πιστῶς
2108 1410 2309 1481 ὑπηρεο

647 1521 833 1587 τοῖμεν
869 1513 1275 1587 προσκείμενοι,
1308 1508 1387 1586 ἐφ’
1420 1511 1502 1571 οἷς
1532 1507 1591 1561 ἃν
1642 1504 1732 1560 καὶ
1781 1500 2135 1578 προστάσσοι,
2180 1494 2309 1571 ἀγά-

648 1582 757 1672 πην
818 1582 973 1673 φόϐῳ
1034 1582 1357 1674 μιγνύντες,
1400 1596 1595 1658 πάντες
1642 1593 1703 1648 ἂν
1760 1590 2185 1666 μαρτυρήσοιτε.
2239 1582 2310 1637 Οὑ

650 1694 755 1767 γὰρ
786 1693 853 1760 ἦν
885 1671 1043 1762 ἡμᾶς*
1064 1671 1204 1743 ἄλλο
1236 1709 1287 1741 τι
1318 1686 1605 1759 τρέπεσθαι
1662 1682 1696 1750 ἢ
1756 1681 2156 1753 καθυπουργεῖν
2188 1671 2313 1727 ἀδό-

653 1782 767 1842 λως
794 1785 873 1851 τῷ
902 1778 1229 1853 κυριεύοντι,
1288 1772 1382 1829 κᾶν
1447 1772 1580 1834 ἴσως
1636 1772 1699 1825 τὸ
1749 1767 2057 1839 εὐδοκιμεῖν
2120 1765 2221 1818 οὐκ
2249 1764 2315 1830 ἦν

1950 398 2254 461 GEORGII
2292 392 2758 448 PACHYMERE

3948 381 4064 437 476

2330 520 2385 587 Α
2417 514 2744 589 ὑπέρχεσθαι
2770 512 2861 567 τὸν
2892 511 3078 584 καιρὸν
3110 507 3199 563 καὶ
3227 507 3295 563 τὰ
3342 506 3396 570 ἐς
3449 501 3662 582 βλάϐην
3717 505 3827 559 τισὶ
3874 524 4063 578 πραγ-

2413 603 2750 675 ματεύεσθαι.
2810 602 2895 672 [Ρ.
2955 601 3045 671 24]
3106 594 3261 655 Οἶδεν
3321 595 3397 657 εἷς
3458 599 3616 649 τοῦτο
3674 594 3735 647 τὸ
3784 594 4061 665 ἡμέτερον

2410 688 2667 751 συνειδὸς.
2720 686 2853 742 Οὔτε
2908 688 3012 762 γὰρ
3069 686 3131 739 τὸ
3178 689 3424 739 τοισῦτον
3461 682 3617 755 ἧρξεν
3651 684 3783 753 ἡμῖν
3815 688 3915 748 τῆς
3970 701 4066 733 τι-

2414 786 2545 852 μῆς,
2578 778 2667 833 καὶ
2697 777 2757 831 τὸ
2794 776 2926 848 μετὰ
2947 779 3114 830 ταῦτα
3159 773 3436 847 κρατύνειν
3470 770 3645 831 οὕτως
3701 770 3868 836 αὐτὴν
3932 769 4065 823 λίαν

2410 867 2690 943 ἡγούμεθα
2713 870 2821 919 τῶν
2854 863 3172 938 αἷσχίστων·
3222 859 3375 935 ἀνδρῖ
3418 861 3517 933 γὰρ
3574 856 3855 930 δυναμένῳ
3919 857 4071 928 μέγα

2409 959 2537 1030 παρ’
2594 955 2841 1030 ἄρχοντι,
2891 953 2939 1007 εἴ
2987 950 3113 1013 τοὺς
3158 948 3362 1012 ἄλλους
3403 947 3670 1022 πτερνίζοι
3723 940 4069 999 ὑποϐάλλων

2409 1047 2476 1099 τὰ
2519 1046 2594 1117 μή
2648 1044 2977 1113 καθήκοντα,
3035 1039 3138 1094 οὐκ
3194 1036 3336 1092 ἔστιν
3395 1038 3539 1097 ὅστις
3596 1034 3657 1089 οὐ
3714 1031 3938 1094 δικαίως
4003 1031 4076 1085 ἂν

2411 1135 2778 1207 νεμεσήσειεν.
2856 1129 3031 1188 Ἀλλὰ
3099 1128 3187 1183 καὶ
3244 1126 3305 1182 τὸ
3368 1126 3443 1198 μὴ
3504 1123 3759 1188 θωπείαις
3815 1120 4075 1197 ἀγεννέσι

2413 1225 2503 1279 καὶ
2552 1222 2920 1294 ἀνελευθέροις
2975 1219 3368 1286 ὑποποιήσεσιν
3438 1212 3757 1288 ὑποτρέχειν
3805 1211 3897 1265 τὸν
3958 1209 4076 1283 ἆρ-

2414 1332 2607 1387 χοντα,
2664 1310 2752 1364 καὶ
2805 1309 2940 1382 πρὸς
2990 1304 3212 1365 ἑαυτοὺς
3254 1299 3572 1380 ἑῳέλκεσθαι
3616 1302 3713 1359 τὰς
3739 1298 3903 1371 θύρας
3960 1303 4074 1365 τῆς

2415 1400 2623 1455 ἐκείνου
2666 1398 2941 1472 εὑμενειας
2985 1399 3101 1456 τοῖς
3147 1394 3349 1467 ἑτέροις
3405 1390 3810 1464 ἐπιζυγοῦντας,
3858 1383 4076 1455 ἔδειξαν

2416 1490 2470 1543 αἱ
2501 1487 2707 1543 πολλαὶ
2739 1490 2847 1540 τῶν
2880 1483 3091 1539 ἐκείνου
3138 1480 3367 1555 πληγῶν
3414 1477 3689 1555 ἐπιφοραὶ,
3737 1474 3874 1529 ὥστε
3922 1472 4079 1528 πολ-

2420 1578 2575 1639 λάκις
2633 1578 2779 1648 ἡμᾶς
2834 1572 3063 1648 ἐγγίζειν
3119 1574 3200 1641 τῷ
3266 1568 3481 1639 θανάτῳ
3545 1564 4019 1639 μαστιγουμένους
4060 1604 4073 1617 .

2416 1668 2602 1726 Ὅπως
2634 1661 2806 1718 δὲκαὶ
2838 1662 2973 1736 πρὸς
3031 1659 3181 1731 ὑμῶν
3232 1655 3453 1711 ’ἑκαστον
3518 1656 3734 1729 ἀγάπης
3788 1649 4075 1725 εἷ’χομων.

2417 1754 2507 1809 καὶ
2539 1755 2613 1817 ὡς
2640 1753 2738 1820 τήν
2774 1752 3033 1824 ὑμετέραν
3066 1748 3191 1822 παρ’
3223 1745 3410 1817 ἐκείνῳ
3439 1740 3723 1816 ἀποδοχὴν
3773 1745 3868 1793 τοῦ
3928 1759 4077 1793 παν-

654 1828 765 1842 .....
807 1828 869 1851 ,τ
904 1828 1115 1853 ---Γην-
1292 1828 1319 1829 η
1567 1828 1577 1834 .
1942 1828 1950 1839 ,
2274 1828 2281 1830 ε

650 1864 732 1945 ἐφ’
764 1872 845 1929 οἷς
885 1866 1373 1941 προύθυμοὺμεθα·
1435 1862 1612 1917 πίστιν
1673 1857 1730 1914 δὲ
1791 1857 1923 1931 μετὰ
1976 1852 2306 1929 προθυμίας,
2339 1860 2386 1925 Β
2416 1844 2507 1905 τὸς
2540 1841 2875 1915 ἐτιμῶμεθα,
2929 1834 3180 1897 πολλοὺς
3230 1839 3385 1905 οἶμαι
3428 1833 3794 1907 γινώσκοντας
3819 1828 4084 1900 ἐξειπεῖν.

1880 1943 1893 1945 _
1988 1944 1993 1945 ,
2259 1939 2283 1945 ..
2420 1932 2477 1945 ..υ
2517 1930 2562 1945 κ.
2795 1928 2807 1945 ι
2897 1927 2911 1944 ι
2962 1926 2976 1945 ν
3030 1926 3043 1945 ι
3238 1924 3251 1945 ε
3304 1921 3566 1945 ,,_,Ie__-
3626 1917 3677 1945 ,2,
3732 1918 3864 1945 _-‘.-
3914 1919 4084 1945 Anz-

649 1956 743 2011 κᾶν
791 1958 866 2028 μή
920 1956 1053 2027 ἀνύῃ
1086 1974 1190 2020 τις,
1234 1954 1323 2007 καὶ
1357 1949 1577 2006 δύσνουν
1612 1953 1761 2015 νιγᾷν
1813 1943 2168 2015 εὐδοκίμησιν
2224 1939 2305 1994 οἷ’-

652 2043 839 2117 δαμεν.
902 2044 971 2097 Τὸ
1005 2041 1062 2097 δὲ
1110 2042 1198 2096 καὶ
1256 2040 1418 2112 τιμάς
1471 2032 1657 2093 Ααϐεῖν
1700 2039 1847 2106 ἡμᾶς
1883 2032 2110 2086 καὶτῶν
2143 2029 2302 2097 ἀξιω-

653 2156 835 2207 ματων
869 2133 996 2207 παρ’
1050 2131 1078 2185 ’ὀ
1134 2126 1557 2205 προσεδοκῶμεν
1591 2126 1657 2180 τὰ
1692 2125 1921 2199 μέγιστα
1955 2116 2304 2194 βασιλεύσαν-

647 2244 739 2283 τος
770 2226 865 2275 τοῦ
897 2220 1181 2286 δεσπότου,
1215 2218 1420 2273 ἐκείνου
1480 2214 1730 2278 θέλοντος
1768 2215 1851 2280 ἦν.
1905 2209 1964 2262 Τί
2014 2208 2113 2281 γάρ
2176 2206 2303 2278 ὑμῖν

650 2312 739 2365 καὶ
797 2311 863 2379 ἦν
915 2310 989 2371 εἷς
1022 2310 1082 2363 τὸ
1116 2308 1442 2379 θαυμαστὸν,
1496 2305 1633 2359 ὥστε
1660 2301 1749 2357 καὶ
1778 2305 2081 2373 τιμηθῆναι
2112 2298 2306 2350 τοσαῦ-

651 2421 757 2468 τας
810 2398 961 2469 ὅμως
1013 2395 1187 2452 ἐδόκει
1218 2401 1298 2466 τῷ
1333 2392 1697 2468 βασιλεύοντι,
1730 2390 1815 2443 καὶ
1860 2389 2022 2459 ἡμεῖς
2056 2383 2141 2439 ἐπὶ
2197 2386 2307 2437 τῶν

654 2487 979 2561 ἀξιωμάτων
1028 2487 1192 2559 ἦμεν,
1252 2484 1314 2538 οὐ
1369 2484 1474 2557 μὴν
1523 2478 1579 2535 δὲ
1629 2480 1768 2534 ὥστε
1814 2477 1903 2532 καὶ
1934 2475 2310 2548 κακεντρεχῶς

928 2670 1015 2723 16.
1050 2657 1249 2725 Carteia
1268 2662 1679 2737 protovestiarii
1706 2658 2036 2716 Mumlonis.

726 2778 751 2811 ι
788 2759 898 2813 Res
930 2761 1162 2812 nostras
1196 2773 1229 2811 a
1261 2753 1551 2826 principio
1583 2750 1737 2824 apud
1757 2765 1856 2805 vos
1885 2746 2169 2803 hodierna
2185 2757 2310 2796 ora-

654 2848 815 2903 tione
848 2851 1125 2917 repetere,
1156 2844 1262 2900 viri
1296 2840 1789 2912 nobilesaequales
1830 2836 2131 2892 etsodales
2171 2829 2308 2897 mei,

657 2936 1019 3008 superfluum
1079 2935 1288 3006 Opinor
1343 2932 1642 2987 videretur
1672 2933 1728 2985 et
1784 2928 2042 2983 alienum
2083 2923 2155 2976 ab
2196 2918 2308 2974 hoc

656 3005 943 3095 tempore,
975 3040 1091 3095 quo
1120 3005 1277 3078 aliud
1314 3021 1486 3077 nobis
1517 3005 2309 3090 objiciturnecessariumdi-

657 3115 825 3170 cendi
859 3117 1209 3185 argumentu
1225 3128 1277 3165 m
1294 3112 1409 3177 ,isti
1436 3110 1642 3179 utique
1659 3104 2146 3180 prevertendum.
2169 3095 2309 3153 Obi-

651 3208 741 3259 ter
772 3202 965 3259 solum
996 3204 1240 3257 innuam
1282 3217 1387 3256 nos
1419 3191 1651 3254 tantum
1687 3214 1805 3252 non
1833 3196 1892 3250 in
1909 3191 2121 3265 palatio
2140 3186 2306 3260 geni-

652 3297 742 3347 tos
772 3308 805 3346 a
837 3297 1022 3360 patre,
1054 3290 1325 3345 ministro
1354 3294 1411 3343 et
1438 3287 1567 3358 ipso
1600 3286 2049 3356 imperatorum,
2072 3280 2130 3334 in
2164 3278 2297 3333 aula

655 3382 754 3437 42
788 3381 1067 3436 educatos
1100 3394 1250 3444 esse,
1283 3383 1339 3433 et
1394 3376 1453 3431 in
1508 3373 1830 3444 palatinum
1894 3368 2295 3442 paedagogium

655 3469 916 3524 adscitos
949 3469 1061 3523 sub
1094 3469 1461 3537 imperatore,
1494 3479 1663 3533 quem
1690 3463 2175 3517 modomortuum
2207 3458 2296 3511 lu-

654 3575 886 3629 gemus,
922 3557 1259 3611 rudimenta
1289 3551 1946 3627 puerilisinstitutionis
1984 3548 2174 3619 prima
2199 3563 2298 3618 po—

654 3649 865 3704 suisse.
901 3648 963 3701 In
998 3646 1126 3715 ejus
1157 3644 1442 3714 obsequio
1462 3643 1571 3697 sub
1594 3647 1756 3713 patre
1784 3637 2145 3695 dominantis
2168 3636 2300 3692 ado-

656 3736 939 3805 levimus;
974 3740 1028 3790 et
1060 3751 1176 3806 qua
1209 3734 1257 3786 ei
1304 3734 1416 3787 fide
1470 3730 1847 3787 servierimus
1889 3726 2300 3782 incumbentes

658 3827 883 3895 impetu
916 3825 1245 3892 atl'ectuque
1276 3827 1395 3876 toto
1426 3822 1487 3875 in
1519 3837 1587 3875 ea
1616 3818 2017 3890 quajubebat,
2040 3829 2301 3871 amorem

656 3929 785 3969 cum
822 3918 980 3967 metu
1014 3912 1351 3980 miscentes,
1382 3909 1585 3965 testari
1620 3906 1860 3979 potestis
1887 3904 2142 3960 universi
2176 3918 2301 3957 vos.

657 4004 974 4075 Nunquam
1007 4002 1162 4056 enim
1196 4000 1283 4055 vel
1344 3998 1642 4054 tantillum
1680 3996 2024 4051 defleximus
2072 4010 2105 4047 a
2144 3996 2304 4048 recta

659 4092 851 4147 ﬁdelis
883 4090 1152 4161 obsequii
1182 4090 1297 4157 via,
1320 4105 1424 4144 nec
1438 4087 1597 4143 aliud
1619 4087 1964 4141 studuimus
1982 4098 2159 4154 quam
2176 4083 2302 4135 sine

658 4182 864 4236 fraude
895 4196 961 4234 ac
994 4181 1121 4235 fuco
1140 4180 1364 4235 sincere
1382 4178 1619 4232 obedire
1646 4172 2096 4245 domino,etiam
2129 4171 2187 4224 in
2212 4169 2304 4225 bis

660 4270 941 4335 ubiforte,
966 4269 1120 4337 quod
1155 4268 1351 4322 studio
1374 4282 1608 4320 summo
1632 4265 2012 4326 conabamur,
2032 4262 2103 4316 ad
2126 4260 2302 4313 ﬁnem

658 4360 742 4413 illi
768 4358 1034 4430 placendi
1058 4373 1167 4411 non
1187 4356 1564 4428 pertingeret.
1595 4353 1689 4409 Sic
1704 4353 1859 4407 enim
1878 4350 2302 4413 statuebamus,

659 4448 835 4502 ﬁdem
868 4462 1000 4500 cum
1034 4444 1295 4499 ofﬁciosa
1323 4442 1643 4508 voluntate,
1674 4440 2101 4495 licetsuccessu
2126 4438 2305 4491 desti-

658 4542 869 4602 tutam,
931 4533 1186 4605 praeferri
1246 4534 1459 4588 debere
1514 4529 1796 4601 obsequio
1840 4528 1991 4600 quod
2029 4544 2140 4581 non
2175 4531 2305 4580 stu-

2420 1932 2480 1989 Ei
2514 1930 2570 1986 δέ
2598 1950 2692 1984 ποι
2723 1928 2811 1983 καὶ
2844 1927 2919 2000 μὴ
2952 1926 3208 1997 ἀνύοιμεν
3238 1921 3588 1988 ἱκετεύοντες,
3622 1917 3683 1973 οὑ
3729 1918 3864 1992 πρὸς
3914 1919 4085 1987 ἡμᾶς

2415 2018 2535 2075 οἶδα
2579 2022 2759 2074 τοῦτο.
2803 2015 2956 2084 Ηλὴν
3002 2015 3064 2069 τὸ
3109 2011 3372 2068 δύσκολον
3414 2014 3511 2065 τοῦ
3557 2011 3748 2082 καιροῦ
3795 2000 4085 2079 περιϐάλ-

2415 2108 2529 2164 λειν
2575 2107 2851 2182 μεγίσταις
2898 2102 3157 2176 ὑποψίαις
3207 2100 3298 2154 καὶ
3339 2097 3468 2160 τοὺς
3521 2093 3687 2169 μηδὲν
3736 2093 3960 2154 δικαίως
4019 2092 4091 2145 ἂν

2416 2181 2945 2272 ἐγκληθησομένους,
2991 2190 3038 2246 εἷ
3092 2190 3268 2264 ὀρθῶς
3316 2209 3398 2251 τις
3443 2186 3641 2263 κρίνοι,
3696 2182 3853 2240 οὐδὲν
3910 2181 4087 2236 ἀπει-

2416 2269 2510 2350 κδς
2558 2285 2705 2346 ἴσως.
2761 2284 2823 2339 Ἡ
2868 2283 2970 2356 γὰρ
3019 2284 3117 2335 τοῦ
3155 2281 3347 2346 καιροῦ
3380 2272 3645 2331 δυσκαλία
3674 2272 3926 2346 ἁψαμένη
3973 2269 4083 2324 καὶ

2417 2381 2523 2431 τῶν
2565 2376 2855 2449 μεγίστων,
2910 2370 3001 2424 καὶ
3060 2372 3143 2430 οἷς
3203 2368 3305 2421 οὐκ
3361 2368 3426 2435 ἦν
3482 2365 3666 2418 παθεῖν
3716 2363 3776 2417 ἐκ
3830 2358 4085 2429 δικαίου,

2421 2466 2644 2525 ἐκείνοις
2675 2464 2767 2535 μὶν
2802 2458 3106 2537 συμφοράν,
3139 2460 3274 2529 ἡμῖν
3306 2452 3361 2510 δὲ
3411 2452 3641 2527 ὑποψίαν
3692 2450 3773 2525 (οὗ
3821 2450 3925 2525 γὰρ
3971 2470 4089 2502 κα-

2421 2665 2593 2722 nobis
2624 2660 3061 2735 possessionem
3098 2657 3385 2713 bonorum
3436 2651 3849 2724 turpissimum
3899 2649 4073 2704 istud

2420 2769 2606 2826 genus
2626 2729 2891 2807 astutiae.
2922 2746 3155 2803 Homini
3188 2745 3409 2816 quippe
3434 2742 3589 2813 apud
3617 2729 3944 2812 principem
3971 2754 4084 2808 po-

2418 2843 2586 2909 tenti,
2612 2841 2660 2896 si
2697 2843 2939 2894 conetur
2969 2832 3533 2906 supplantarealios,
3558 2843 3881 2900 suggerens
3912 2827 4082 2897 quod

2420 2933 2650 2987 irritare
2679 2929 2961 2984 adversus
2993 2924 3261 2980 innoxios
3292 2924 3633 2992 regnantem
3667 2916 3874 2990 possit,
3895 2930 4083 2970 nemo

2416 3020 2633 3091 estqui
2666 3035 2781 3074 non
2806 3018 2969 3087 juste
3001 3015 3343 3069 succenseat
3391 3014 3448 3065 et
3503 3008 3633 3063 dira
3688 3007 4081 3076 imprecetur.

2415 3111 2525 3165 Sed
2557 3122 2745 3179 neque
2774 3121 2881 3161 nos
2912 3100 3357 3158 adulationibus
3388 3098 3608 3151 vilibus
3658 3100 3715 3151 et
3768 3093 3953 3148 libero
3986 3093 4085 3147 iu-

2414 3198 2606 3270 dignis
2650 3190 3175 3251 assentatiunculis
3216 3186 3674 3244 circumvenisse
3724 3182 4087 3239 facilitatem

2413 3286 2720 3360 principis,
2752 3289 2809 3339 et
2839 3284 2919 3337 ita
2950 3283 3006 3335 in
3040 3281 3169 3350 ejus
3202 3276 3517 3347 irrepsisse
3549 3272 3797 3345 gratiam
3822 3276 3888 3326 ut
3917 3271 4088 3325 fores

2403 3378 2532 3448 ejus
2562 3371 2981 3431 benevolentiae
3012 3383 3193 3439 supra
3224 3382 3331 3421 nos
3362 3363 3793 3419 attraheremus
3834 3360 3935 3415 4³
3975 3375 4090 3413 ex-

2405 3447 2714 3521 cludendis
2745 3461 2899 3525 aliis,
2928 3459 3073 3515 satis
3097 3450 3802 3511 indicantiudictsenobis
3833 3448 3906 3503 ab
3937 3447 4084 3517 ipso

2404 3553 2607 3609 liberis
2637 3550 2813 3606 dictis
2843 3548 3065 3604 offenso
3100 3546 3301 3600 multa:
3332 3559 3438 3598 nec
3475 3541 3630 3595 leves
3650 3539 3853 3611 plagae,
3889 3539 3975 3592 ita
4002 3542 4078 3592 ut

2408 3644 2479 3698 ad
2513 3640 2721 3697 mortis
2752 3655 2905 3709 sape
2935 3636 3208 3691 viciniam
3246 3632 3475 3703 ﬂagella
3504 3646 3610 3685 nos
3634 3631 3765 3697 ejus
3790 3627 4089 3682 admove-

2408 3732 2548 3788 rint.
2582 3731 2803 3785 Cbaros
2836 3732 3029 3782 autem
3074 3724 3244 3779 nobis
3274 3738 3375 3777 vos
3436 3735 3642 3776 omnes
3692 3733 3839 3786 esse,
3886 3721 3945 3769 et
4009 3720 4091 3771 ut.

2408 3825 2667 3877 vestram
2703 3819 2989 3887 cujusque
3019 3811 3517 3869 introductionem
3549 3809 3608 3863 in
3641 3808 3771 3877 ejus
3816 3804 4088 3877 gratiam

2408 3908 2853 3966 commodorum
2887 3905 3065 3959 etiam
3099 3909 3437 3956 nostrorum
3469 3913 3537 3952 ac
3576 3897 3819 3952 fortuna:
3846 3895 4089 3951 damno

2409 3994 2943 4070 procuraverimus,
2969 3989 3188 4046 multos
3207 3995 3348 4061 puto
3370 3986 3775 4056 dicturos,iqui
3798 3982 4095 4055 praelate

2409 4088 2628 4145 norint.
2664 4084 2826 4149 Quod
2862 4083 2910 4138 si
2944 4080 3084 4152 quid
3118 4097 3187 4136 ex
3220 4076 3556 4149 cujuspiam
3582 4092 3713 4130 vero
3736 4075 4075 4144 impetrare

2410 4173 2795 4246 supplicando
2818 4169 3214 4241 nequivimus,
3236 4183 3351 4221 non
3367 4164 3843 4235 idimputandum
3860 4161 4073 4224 nobis,

2411 4266 2620 4334 utique
2641 4261 2894 4318 consciis
2916 4256 3299 4314 sincerissimi
3323 4256 3381 4309 in
3405 4253 3702 4324 ejusmodi
3719 4250 3932 4307 ofﬁciis
3950 4255 4093 4305 stu-

2412 4354 2515 4417 dii,
2551 4353 2649 4407 sed
2680 4350 3065 4405 tribuendum
3096 4345 3551 4401 difﬁcultatibus
3574 4348 4094 4413 temporum,sug-

2412 4440 2750 4515 gerentibus
2810 4436 2992 4492 menti
3052 4433 3350 4507 principis
3412 4448 3577 4487 acres
3608 4428 4091 4501 suspicionesin

2412 4532 2702 4603 quosdam
2729 4527 2970 4584 omnino
3000 4524 3358 4595 inculpatos,
3392 4522 3441 4577 si
3471 4526 3624 4576 recte
3680 4518 4090 4589 judicaretur,

657 4625 819 4681 diose
847 4640 951 4679 nec
983 4623 1263 4678 benevolo
1312 4621 1637 4692 suscipitur
1693 4619 1925 4686 affectu,
1976 4616 2110 4670 licet
2168 4632 2303 4686 prO-
2334 4612 2379 4675 D
2411 4622 2552 4686 Quis
2583 4619 2738 4674 enim
2766 4615 2949 4671 morie
2973 4613 3214 4669 humani
3250 4612 3443 4667 sciens
3471 4627 3585 4665 non
3616 4609 3699 4663 ita
3720 4608 3954 4663 evenire
3979 4624 4093 4661 eo.

656 4730 826 4785 spere
860 4728 927 4769 ac
958 4729 1093 4767 cum
1126 4712 1356 4783 agentis
1399 4711 1569 4765 laude
1599 4712 1989 4780 perpetretur.
2011 4706 2172 4769 Quod
2205 4722 2312 4759 au—

653 4809 769 4858 tem
802 4803 1051 4857 honores
1065 4802 1420 4856 admisimus
1452 4804 1508 4854 et
1538 4798 1859 4870 dignitates
1879 4795 2311 4867 exspectatione

657 4896 861 4947 nostra
895 4892 1173 4962 majores,
1208 4895 1383 4961 atque
1413 4890 1560 4944 adeo
1610 4887 1922 4951 maximas,
1983 4885 2311 4955 imperante

660 4981 897 5036 domino
920 4984 1141 5047 nostro,
1159 4978 1442 5034 voluntati
1465 4979 1594 5049 eius
1611 4976 2027 5048 imputandum
2042 4972 2310 5038 estQuid

660 5072 813 5125 enim
846 5087 952 5125 nos
974 5070 1205 5139 egimus
1239 5072 1353 5122 tam
1388 5067 2003 5139 egregiumuttantum
2037 5062 2311 5118 honorari

667 5175 1027 5214 mereremur
1052 5159 1078 5212 ?
1136 5158 1354 5212 Tamen
1390 5158 1470 5211 ita
1503 5154 1816 5226 imperanti
1847 5155 2059 5209 visum.
2097 5154 2163 5207 Et
2206 5168 2311 5206 nos

658 5249 718 5303 in
751 5248 1133 5315 dignitatibus
1165 5263 1395 5313 sumus,
1431 5262 1546 5301 non
1579 5250 1772 5301 tamen
1807 5248 1871 5298 ut
1903 5248 2094 5297 astuta
2149 5244 2311 5296 mali-

662 5338 884 5411 gnitate
928 5338 1347 5393 immineamus
1388 5335 1798 5392 occasionibus
1832 5332 2096 5397 nocendi,
2140 5338 2197 5387 et
2254 5333 2310 5386 in
2373 5394 2384 5399 α

659 5428 1013 5497 cujusquam
1050 5426 1333 5481 damnum
1354 5429 1641 5496 potestate
1661 5424 2232 5478 abutamur.Testem
2251 5422 2310 5475 in

660 5517 715 5570 id
749 5516 961 5570 damus
993 5516 1415 5570 conscientiam
1449 5518 1736 5568 nostram.
1772 5512 1969 5582 Neque
2000 5511 2156 5565 enim
2212 5515 2314 5565 aut

662 5605 1256 5674 ejusmodidamnatae
1292 5609 1443 5658 artes
1459 5604 1610 5658 viam
1628 5602 1799 5657 nobis
1832 5600 1901 5654 ad
1925 5600 2309 5655 crescendnm

665 5694 1028 5765 munierunt,
1064 5701 1165 5749 aut
1196 5696 1521 5749 conducere
1553 5697 1831 5764 putamus
1855 5692 1925 5746 ad
1956 5692 2309 5746 firmandam

2422 4710 2540 4765 lere
2572 4706 2731 4762 novit
2758 4705 2785 4759 ?
2818 4705 3199 4773 Temporum,
3222 4702 3491 4770 inquam,
3524 4696 3699 4752 certis
3755 4694 4091 4749 momentis

2420 4797 2665 4853 confusa
2694 4794 2960 4863 quaedam
2978 4790 3235 4861 maligne
3250 4786 3598 4860 perplexitas
3620 4782 3873 4839 summis
3894 4781 4091 4839 etiam

2420 4888 2562 4942 viris
2594 4883 2962 4955 suspiciones
2995 4878 3404 4949 iniquissimae
3436 4872 3717 4946 aspergit,
3766 4872 4061 4940 importat

2421 4993 2534 5049 que
2564 4972 2929 5029 calamitates
2962 4968 3035 5025 iis
3065 4970 3164 5039 qui
3202 4964 3442 5021 multari
3471 4980 3541 5019 ex
3571 4962 3779 5018 merito
3810 4976 3928 5016 non
3974 4977 4090 5030 po-

2420 5067 2656 5121 tuerant
2688 5081 2702 5129 ;
2738 5058 2906 5115 nobis
2938 5064 3133 5114 autem
3166 5054 3563 5111 familiaribus
3623 5050 3912 5123 principis
3970 5066 4095 5105 su-

2422 5155 2743 5227 spicionem
2767 5146 3171 5211 verisimilem,
3212 5161 3326 5199 non
3365 5143 3487 5197 veri
3547 5148 3743 5197 tamen
3804 5139 4091 5196 criminis

2419 5240 2690 5311 imponit,
2721 5237 2890 5309 quasi
2922 5234 3121 5290 causis
3152 5239 3209 5289 et
3242 5231 3586 5287 auctoribus
3619 5229 3913 5285 malorum
3945 5243 4089 5299 quae

2423 5334 2763 5404 praevertere
2794 5323 3191 5393 nequivimus.
3226 5321 3513 5376 Caaterum
3547 5316 3893 5389 bujusmodi
3936 5332 4085 5372 om-

2422 5422 2587 5477 nium
2613 5417 2795 5488 judex
2825 5415 2875 5469 si
2903 5412 3142 5467 divinus
3174 5410 3401 5476 oculus,
3447 5409 3549 5480 qui
3609 5408 3723 5463 scit
3779 5404 4087 5462 malitiam

2425 5509 2630 5582 punire
2658 5526 2672 5573 ;
2708 5520 2812 5560 nec
2831 5504 2880 5558 ei
2906 5503 3069 5557 fraus
3091 5502 3445 5571 cujusquam
3465 5498 3617 5553 valet
3634 5497 3941 5566 obrepere.
3964 5499 4089 5550 Ita-

2422 5614 2537 5670 que
2568 5597 2616 5652 si
2649 5611 2776 5665 quae
2806 5589 3352 5659 contigerunttalia,
3387 5587 3557 5644 nobis
3584 5584 3785 5641 invitis
3808 5590 3867 5639 et
3900 5583 4090 5656 plane

2424 5686 2677 5745 innoxiis
2733 5682 3126 5753 contigerunt.
3164 5681 3232 5736 Et
3281 5694 3408 5751 qua:
3440 5693 3621 5749 pcenaa
3654 5672 4088 5730 innocentibus
