4258 6438
164 395 271 450 477

1234 398 1327 450 ΟΕ
1368 398 1740 452 MICHAELE
1780 394 2222 449 PALEOLOGO
2264 394 2389 446 LIB.
2432 396 2473 446 Ῑ.

3470 393 3576 447 478

162 518 286 574 κίαν
318 516 594 592 εἷ’ποιμεν)
630 517 690 574 ἐκ
742 523 839 574 τοῦ
891 517 1100 583 είκότος
1153 523 1424 594 προσῆψε.
1479 517 1633 588 Πλὴν
1690 519 1813 574 ἑκά·
1846 522 1893 587 Α
1927 518 2008 589 ίῐ).
2039 518 2131 589 25]
2191 520 2412 591 Πρῶτον
2450 516 2542 587 μὶν
2593 518 2657 570 τὸ
2709 517 2853 578 vim:
2898 523 2999 586 τῆς
3044 514 3265 585 ἡλικίας
3300 518 3572 590 φροντίσιν

165 630 298 663 στου
345 610 541 683 κριτής
588 609 651 662 τὸ
696 610 838 663 θεῖον
888 606 1065 679 ὄμμα,
1097 607 1156 668 ὅς
1189 606 1301 663 οἶδε
1330 607 1516 662 κακίαν
1565 606 1816 676 κολάζειν

170 695 343 769 μηδὲν
396 697 633 771 ἐχόντων
683 696 1164 771 παραλογίζεσθαι.
1221 696 1403 757 Οὕτως
1455 699 1618 769 ἡμεῖς
1663 695 1820 750 ἐλεύ-

166 797 319 859 θεροι
347 791 459 840 τῶν
485 785 777 852 τοιούτων,
810 784 869 859 ἄν
901 805 1012 838 τισι
1042 779 1240 852 συνέϐη
1291 784 1382 838 καὶ
1424 784 1490 838 τά
1532 785 1817 853 ἀνήκεστα.

164 876 235 928 Τὸ
266 875 373 948 γὰρ
408 873 611 928 ἐκείνου
642 872 857 944 θέλημα
908 879 1101 948 περιῆν
1130 873 1328 933 παντὸς
1370 870 1624 943 ἐμποδὼν
1670 873 1819 925 ἱστα-

168 964 359 1034 μένου,
417 964 463 1033 ᾧ
521 960 587 1031 δὴ
643 962 1034 1035 προσίστασθαι
1091 962 1165 1032 μὴ
1210 960 1300 1015 καὶ
1348 958 1595 1021 κίνδυνος
1651 960 1717 1028 ἧν
1766 958 1818 1029 ἐξ

164 1053 425 1126 ἀνάγκης,
454 1051 543 1105 καὶ
601 1053 636 1119 ἡ
697 1052 919 1125 ἀκαιρία
947 1058 1181 1124 προσῆν·
1242 1050 1504 1123 κρείσσων
1561 1050 1664 1123 γὰρ
1723 1050 1817 1121 βα-

162 1136 372 1205 σιλεὺς,
431 1136 509 1193 ὅτ’
566 1136 846 1211 ὀργίζοιτο
898 1136 1128 1212 χείρονι.
1190 1137 1290 1193 Καὶ
1346 1141 1511 1191 ταῦτα
1545 1136 1637 1208 μὶν
1682 1137 1820 1189 ὥστε

164 1224 333 1295 δεῖξαι
388 1228 526 1298 μήτε
573 1228 640 1280 τά
687 1226 972 1298 ἀξιώματα
1002 1223 1412 1286 σπουδάσαντας
1444 1230 1618 1298 σχεῖν,
1682 1226 1819 1295 μήτε

158 1321 261 1382 τῆς
310 1314 401 1368 hri
452 1335 598 1375 τινας
644 1315 751 1368 τῶν
806 1315 1142 1388 μεγιστάτων
1191 1318 1287 1368 τοῦ
1322 1311 1590 1386 βασιλέως
1651 1312 1815 1387 ὀργῆς

162 1399 391 1463 δικαίως
433 1398 577 1476 ἔχειν
635 1404 785 1473 ἡμᾶς
832 1401 1103 1455 αἰτιᾶσθαί
1153 1422 1323 1464 τινας.
1384 1398 1539 1455 Ἀλλ’
1594 1400 1661 1468 ἦν
1721 1404 1815 1472 μὲν

152 1490 294 1551 ιἴσως
350 1490 442 1545 καὶ
499 1491 745 1562 πταῖσμά
772 1512 903 1555 τινι,
936 1491 1003 1558 ἦν
1042 1490 1087 1544 δ’
1128 1488 1325 1549 ἅλλοις
1353 1488 1444 1543 καὶ
1475 1489 1581 1543 οὐκ
1608 1488 1661 1543 ἐν
1688 1489 1815 1561 ἀγαο

161 1586 282 1643 θοῖς
330 1580 555 1652 ὑποψία,
612 1581 680 1647 ἦν
736 1576 793 1633 δὲ
839 1579 929 1633 καὶ
983 1577 1251 1654 βασιλέως
1308 1577 1397 1632 ἐπί
1443 1598 1551 1631 τισι
1602 1576 1817 1647 θέλημα

161 1668 325 1739 θυμῷ
374 1667 863 1741 συγκροτούμενον.
912 1667 1007 1721 Καὶ
1056 1665 1228 1727 ἄλλος
1273 1666 1474 1739 ἀγαθὸς
1520 1664 1593 1718 ὣν
1632 1662 1818 1719 ἀδόκι-

164 1776 270 1827 μος
322 1753 466 1827 ἔδοξε
509 1756 596 1809 καὶ
630 1756 973 1830 παρώραται,
1006 1754 1183 1823 ἥκιστ’
1236 1754 1381 1824 ἄξιος
1428 1748 1521 1809 ὤν.
1576 1755 1675 1810 Ἦν
1726 1753 1816 1806 οὖν

159 1842 380 1899 ἐκείνων
438 1846 669 1919 καιρὸς,
727 1844 870 1898 οὕτω
929 1842 1084 1913 δόξαν
1133 1848 1213 1914 τῷ
1269 1841 1576 1916 κρείττονι.
1638 1840 1816 1896 Ἀλλά

158 1937 269 2001 νῦν,
332 1934 506 2004 οτμαι,
569 1930 681 1987 ἔστι
737 1934 827 1986 καὶ
883 1939 984 2000 τῆς
1032 1933 1286 1997 ἀνέσεως,
1319 1929 1458 1987 Ἰδοὺ
1490 1930 1591 2005 γάρ
1626 1932 1653 1985 ὁ
1684 1950 1812 2000 κρα-

156 2027 267 2075 τῶν
318 2020 589 2087 ἐκποδὼν,
640 2023 725 2076 καὶ
780 2023 807 2075 ὁ
853 2022 903 2090 ἐξ
935 2021 1138 2075 ἐκείνου
1184 2019 1329 2093 ἄξιος
1383 2022 1571 2095 ἄρχειν
1626 2020 1814 2093 μεῖράξ

160 2110 327 2170 ἐστιν,
374 2111 446 2169 ὡς
496 2112 676 2183 ὁρᾶτε,
726 2109 815 2163 καὶ
861 2107 950 2164 ὃιά
994 2114 1161 2164 τοὺτο
1198 2107 1418 2177 πολλῆς
1481 2109 1575 2179 μὲν
1603 2112 1815 2167 πιστοῖς

159 2200 279 2253 οὖσι
313 2205 412 2266 τῆς
445 2198 527 2253 ἐπ’
553 2198 698 2269 αύτῷ
730 2196 811 2252 δεῖ
843 2196 1147 2274 φροντίδος,
1188 2204 1395 2271 συχνῆς
1447 2194 1503 2250 δὲ
1543 2203 1642 2264 τῆς
1692 2197 1815 2249 επι-

164 2286 411 2359 μελείας,
480 2288 554 2350 ὡς
611 2287 670 2341 ἂν
719 2287 809 2341 καὶ
854 2288 989 2361 πρὸς
1042 2286 1167 2347 τοὺς
1199 2285 1348 2349 ἐντὸς
1378 2284 1635 2359 καὶπρὸς
1686 2284 1814 2345 τοὺς

160 2376 315 2437 ἐκτὸς
356 2378 643 2450 ἀγρυπνεῖν
699 2375 1003 2453 ὀφείλουσι,
1068 2378 1143 2447 μή
1202 2395 1319 2435 πως
1377 2372 1539 2428 λαθόν
1598 2393 1649 2427 τι
1706 2377 1815 2427 τῶν

160 2464 474 2534 ἀνηκέστων
523 2464 767 2538 γένηται.
822 2470 1003 2526 Ὅπως
1063 2462 1121 2518 δὲ
1176 2464 1267 2518 καὶ
1311 2461 1495 2526 καλῶς
1550 2456 1666 2536 ἔχει
1727 2460 1816 2515 καὶ

163 2552 371 2608 δίκαιον
402 2553 720 2628 πιστοτέραν
775 2555 874 2621 τὴν
928 2553 1221 2623 ὑπηρεσίαν
1252 2556 1346 2605 νῦν
1376 2553 1411 2622 ἢ
1451 2552 1514 2606 τὸ
1553 2551 1817 2625 πρότερον

165 2649 453 2718 συντηρεῖν
482 2647 564 2715 τῷ
596 2640 935 2714 δεσπόζοντι,
967 2640 1120 2697 οὐδὲν
1164 2638 1623 2713 ὑποστειλάμενος
1657 2638 1816 2709 λέξω.

166 2827 378 2883 deinde
410 2826 821 2899 irrepsrabiles
864 2826 915 2883 si
975 2826 1209 2883 inﬂicta:
1274 2830 1435 2893 sunt,
1495 2825 1619 2881 sine
1678 2839 1820 2879 con—

163 2933 368 2982 sensu,
400 2917 527 2972 sine
559 2916 735 2987 culpa
756 2920 895 2972 sunt
922 2921 1123 2973 nostra
1152 2916 1406 2986 inﬂictae,
1431 2914 1557 2971 sola
1572 2918 1629 2970 et
1650 2912 1819 2968 nobis

156 3003 522 3061 ineluctabili
557 3005 859 3077 regnantis
890 3004 1209 3061 voluntate.
1236 3004 1397 3060 Dicet
1418 3002 1630 3083 aliquis
1663 3020 1677 3058 :
1712 3002 1813 3057 Po-

155 3097 270 3149 tuit
305 3096 525 3149 talibus
558 3110 813 3165 presens
835 3095 1088 3165 ohjicere
1112 3110 1175 3150 se
1205 3094 1465 3150 medium
1498 3096 1556 3147 et
1587 3092 1815 3163 injurias

153 3184 410 3239 obstare.
434 3183 653 3250 Potuit,
671 3184 769 3238 sed
792 3184 1153 3254 patientibus
1169 3182 1477 3248 inutiliter,
1496 3182 1606 3238 sibi
1622 3181 1812 3237 noxie:

156 3288 323 3329 suam
359 3272 519 3327 enim
550 3272 633 3326 sic
666 3272 963 3329 fortunam
988 3274 1277 3343 perderet,
1312 3271 1514 3329 aliena:
1542 3287 1655 3327 non
1686 3288 1815 3343 pro-

159 3362 377 3416 desset.
415 3361 516 3415 Vis
546 3365 752 3416 contra
784 3363 970 3432 major
999 3366 1054 3417 et
1085 3362 1301 3417 invicla
1332 3361 1649 3416 necessitas
1680 3376 1811 3415 rue-

156 3451 277 3517 bat,
309 3450 610 3505 obstantia
659 3467 905 3522 quisque
937 3455 1309 3522 perruptura.
1336 3448 1613 3506 Praevalet
1651 3449 1806 3505 enim

161 3556 284 3605 rex,
316 3555 451 3593 cum
500 3538 797 3594 imbecillo
844 3539 1136 3595 irascitur.
1169 3544 1303 3595 Haec
1360 3539 1517 3594 dicta
1573 3538 1712 3603 sint,
1745 3542 1810 3593 ut

154 3630 596 3684 demonstretur
635 3644 824 3700 neque
854 3629 1009 3701 quod
1066 3629 1403 3701 dignitates,
1434 3644 1552 3684 non
1608 3629 1806 3685 studio

152 3718 451 3788 quaesitas,
476 3719 903 3789 acceperimus,
936 3734 1125 3789 neque
1164 3717 1214 3774 si
1245 3734 1372 3790 qua:
1408 3718 1593 3772 iratus
1644 3717 1807 3789 prin-

150 3822 287 3878 ceps
319 3822 471 3862 saeve
502 3807 560 3862 in
580 3808 868 3879 quosdam
885 3807 1233 3879 Optimatum
1259 3806 1587 3879 infesteque
1607 3807 1804 3862 decre-

153 3894 316 3960 verit,
351 3896 586 3951 crimini
619 3896 788 3953 nobis
836 3898 1058 3967 justea
1102 3912 1398 3969 quoquam
1431 3896 1575 3953 verti
1612 3910 1801 3967 posse.

150 3984 257 4040 Sed
292 3983 384 4038 vel
412 3983 504 4039 his
533 4000 774 4039 causam
809 3985 1121 4056 prmbuerit
1158 3985 1293 4055 quis
1323 3989 1425 4041 44
1454 3985 1623 4056 lapsu
1656 4001 1805 4056 quo-

152 4072 285 4127 dam
320 4088 432 4128 sue
468 4071 652 4140 ;alios
681 4079 961 4145 tanquam
996 4091 1112 4130 non
1146 4076 1326 4131 bonos
1360 4074 1503 4129 falsa
1543 4073 1801 4146 suspicio

150 4162 481 4216 traduxerit
509 4179 524 4229 ;
554 4164 870 4218 excesserit
898 4163 1153 4234 denique
1182 4164 1241 4218 in
1280 4163 1512 4234 aliquos
1544 4163 1631 4217 ira
1660 4178 1800 4218 con-

151 4248 397 4306 sultrice
427 4266 545 4305 non
574 4249 729 4305 ﬁdeli
766 4268 873 4306 usa
931 4251 1202 4309 voluntas
1232 4252 1536 4324 principis.
1580 4252 1802 4323 Perque

150 4336 380 4393 similes
413 4337 508 4393 his
536 4354 749 4394 causas
780 4341 1038 4395 evenerit
1068 4347 1133 4396 ut
1186 4341 1286 4410 qui
1318 4342 1511 4403 bonus
1539 4347 1665 4396 erat
1696 4356 1799 4411 pro

149 4432 425 4499 suspecto
439 4428 1207 4500 rejiceretur,prieteriretur
1222 4446 1339 4483 non
1365 4430 1561 4485 inus
1580 4429 1799 4500 dignus

1926 604 2215 659 ἀττάλλειν
2246 604 2333 658 καὶ
2370 604 2539 675 μηδὲν
2576 604 2894 679 ὑπορύττειν
2925 607 3015 660 τὸν
3053 606 3410 680 βασιλεύοντα
3439 602 3574 677 πρὸς

1926 693 1992 747 τά
2058 694 2203 766 παρὰ
2272 698 2378 747 τῶν
2453 694 2781 767 ἀρχομένων
2849 696 3196 767 πραττόμενα
3253 691 3577 769 ἐφέλκοντός

1927 780 2070 835 ἐστιν
2100 782 2181 858 ἐφ’
2233 781 2416 836 ἑαυτὸν
2452 778 2685 848 εὔνοιαν,
2743 779 2911 853 μηδὲν
2967 781 3344 836 ὑπονοούντων
3405 782 3579 836 πείσε-

1930 870 2068 939 σθαι,
2125 869 2214 923 καὶ
2268 874 2365 923 τοῦ
2420 864 2590 945 φόϐου
2641 870 2876 931 ἀπόντος
2916 871 2993 943 μή
3028 868 3302 924 δειλιῶντι
3332 872 3418 923 καὶ
3451 870 3575 943 περὶ

1929 958 2102 1029 ἑαυτῷ
2175 955 2396 1030 ἕτοιμος
2476 957 2675 1012 ἐσεῖται
2747 958 2814 1013 τά
2882 966 2983 1027 τῆς
3040 959 3257 1034 ἀγάπης
3309 956 3574 1012 ἐνδείκνυ-

1928 1048 2067 1102 σθαι.
2126 1048 2196 1100 Τὸ
2247 1047 2351 1120 γάρ
2411 1044 2727 1113 σπουδαῖον,
2761 1046 2842 1120 19'
2872 1048 2918 1118 ᾧ
2948 1068 3030 1109 τις
3064 1046 3384 1122 ὑπηρετοίη,
3419 1049 3452 1117 ἦ
3487 1048 3578 1123 φό-

1927 1128 2026 1187 ϐυυ
2172 1136 2278 1206 μὴν
2310 1136 2520 1208 ἀγάπης
2580 1135 2975 1202 συνιστώντων,
3028 1136 3116 1190 καὶ
3170 1138 3305 1206 ἡμῖν
3338 1136 3575 1210 ἀνάγκης

1926 1224 2139 1283 πάντως
2215 1220 2380 1291 οὔσης
2452 1223 2776 1295 ὑπηρετεῖν,
2833 1224 3065 1286 ἀπόντος
3123 1229 3219 1278 τοῦ
3277 1219 3451 1298 φόϐου
3506 1226 3575 1296 τῇ

1927 1311 2111 1384 ἀγάπῃ
2168 1312 2230 1365 τὸ
2288 1317 2392 1365 πᾶν
2440 1314 2845 1385 περιστήσεται¹
2902 1312 3184 1387 παρούσης
3244 1309 3303 1366 δὲ
3342 1316 3579 1385 καθαρᾶς

1926 1406 2025 1467 τῆς
2085 1398 2294 1474 ἀγάπης
2352 1400 2440 1453 καὶ
2494 1398 2780 1463 ἀθολώτου
2837 1400 2935 1455 οὐσ
2989 1398 3130 1455 ἔστιν
3159 1401 3304 1462 ὅστις
3333 1402 3577 1475 καθυφη-

1928 1508 2007 1542 σει
2059 1492 2156 1542 τοῦ
2212 1490 2349 1561 πρὸς
2404 1490 2503 1557 τήν
2564 1490 2858 1562 ὑπηρεσίαν
2892 1487 3290 1553 ἐπιϐάλλοντος
3320 1489 3456 1544 ὥστε
3486 1491 3575 1544 καὶ

1926 1574 2171 1648 ἀμελεῖν.
2228 1576 2332 1633 Καὶ
2389 1582 2608 1650 πρῶτον
2663 1579 2758 1650 μὲν
2822 1582 3007 1646 τοῦτο,
3068 1576 3314 1651 δεύτερον
3378 1576 3435 1632 δὶ
3485 1578 3575 1632 καὶ

1925 1663 2011 1719 ὅτι
2086 1665 2188 1718 ὑπὸ
2262 1664 2366 1736 νὲῳ
2436 1667 2814 1738 καθισταμένῳ
2885 1664 3119 1739 δεσπότῃ
3212 1664 3575 1741 βασιλευόμε-

1924 1772 2044 1823 νει,
2105 1752 2187 1806 ὅτι
2244 1756 2335 1806 καὶ
2396 1756 2471 1825 μή
2542 1754 2831 1827 ἀναγκαίαν
2886 1753 3045 1808 οὖσαν
3094 1754 3193 1821 τὴν
3272 1754 3575 1830 εὐεργεσίαν

1851 1880 1890 1943 Β
1922 1841 2021 1908 τὴν
2068 1841 2158 1895 ἀπ’
2216 1840 2421 1895 ἐκείνου
2453 1842 2588 1915 πρὸς
2614 1842 2678 1895 τὸ
2712 1843 2954 1912 ὑπήκοον
2996 1844 3024 1896 ὁ
3049 1844 3237 1917 καιρὸς
3282 1842 3573 1916 ἀναγκαίαν

1922 1934 2090 1999 ποιεῖ,
2145 1928 2252 2003 οὐχ
2308 1930 2458 1990 ὅπως
2508 1929 2831 2003 ἐκφύγοιμεν
2891 1935 3070 1991 κακῶς
3116 1933 3301 1985 παθεῖν
3340 1929 3575 2002 μελλον-

1920 2040 2009 2080 τες
2044 2021 2404 2091 ζητήσαιμεν,
2452 2017 2576 2074 ἀλλ’
2609 2019 2758 2081 ὅπως
2817 2018 2873 2074 εὖ
2934 2026 3123 2083 παθεῖν
3182 2022 3315 2092 ἡμίν
3364 2020 3571 2094 γένοιτο

1922 2106 2244 2179 ἐλπίζοιμεν
2294 2104 2727 2182 προσδοκῶντες.
2796 2108 3065 2180 Ἑτοίμως
3138 2106 3194 2163 δὲ
3249 2108 3337 2162 καὶ
3393 2110 3570 2183 ὧνπερ

1921 2192 2145 2256 ἕκαστος
2203 2197 2370 2267 θέλει,
2428 2197 2473 2250 εἰ
2535 2196 2698 2269 μόνον
2732 2196 2876 2267 ἄξιος
2921 2199 3186 2273 κρίνοιτο,
3216 2204 3403 2271 τυχεῖν
3439 2195 3570 2269 ἔστι,

1923 2284 2012 2338 καὶ
2063 2286 2126 2339 τὸ
2185 2282 2409 2359 δαψιλὲς
2462 2292 2561 2354 τῆς
2613 2285 2913 2361 εὐεργεσίας
2968 2285 3277 2361 προσέσται.
3312 2288 3442 2348 Nec:
3472 2286 3573 2363 γὰρ

1926 2372 1999 2426 ὣν
2033 2373 2061 2427 ὁ
2089 2378 2302 2448 κρατῶν
2334 2375 2424 2428 καὶ
2457 2374 2559 2429 ὑπὸ
2592 2373 2862 2448 κηδεμόσι
2889 2373 3062 2438 τελῶν
3093 2380 3162 2448 τῇ
3208 2377 3301 2447 μὲν
3348 2377 3576 2449 σφετέρᾳ

1931 2460 2222 2537 βουλήσει,
2277 2464 2396 2527 ὅθεν
2454 2461 2730 2526 πολλάκις
2766 2463 2853 2519 καὶ
2885 2465 2946 2519 τὸ
2978 2463 3311 2541 σφάλλεσθαι
3344 2464 3482 2538 πρὸς
3511 2464 3574 2519 τὰ

1925 2550 2131 2623 πρέπον
2206 2552 2369 2624 ἐστὶν,
2444 2552 2774 2629 ἀρχοντικοῦ
2845 2553 3016 2631 τύφου
3089 2552 3216 2615 τοὺς
3273 2553 3572 2628 λογισμοὺς

1931 2634 2366 2714 ὑπερϐαίνοντος,
2399 2641 2512 2716 οὐχ
2552 2641 2656 2712 ἓξει
2712 2642 2899 2717 χώραν
2933 2639 3161 2699 διδόναι.
3217 2645 3348 2704 Τοῖς
3394 2640 3450 2697 δὲ
3481 2664 3577 2713 κη-

1934 2858 2144 2899 navare
2173 2842 2470 2899 communi
2500 2843 2761 2911 domino,
2785 2844 2931 2900 nihil
2956 2843 3342 2901 dissimulans
3359 2845 3571 2899 diram.

1930 2931 2308 2988 Primumilla
2346 2932 2695 3004 simplicitas
2716 2933 2960 2999 domini,
2985 2933 3195 3005 puerili
3219 2933 3572 2999 sinceritate,

1925 3021 2205 3077 sinevarte
2239 3020 2371 3077 fuco
2411 3020 2645 3093 quidvis
2703 3022 2952 3094 agentis,
3000 3022 3141 3077 nihil
3203 3022 3573 3082 occultando,

1848 3143 1890 3209 ρ
1925 3108 2072 3209 nihil
2101 3107 2431 3207 clanculum
2465 3114 2569 3209 a‘ut
2600 3126 2810 3209 arcane
2841 3111 3257 3174 machinando,
3291 3110 3439 3209 nihil
3472 3127 3574 3165 su-

1925 3196 2177 3268 spiciose
2236 3197 2548 3269 cogitando
2600 3198 2671 3254 de
2731 3196 2802 3254 iis
2860 3215 2987 3271 quae
3049 3199 3269 3255 subditi
3330 3198 3572 3269 faciunt,

1921 3286 2059 3357 quid
2095 3285 2253 3341 aliud
2283 3302 2459 3354 quam
2486 3286 2669 3342 trahit
2697 3292 2757 3342 et
2795 3286 3152 3344 ineluctabili
3177 3289 3429 3359 quadam
3458 3286 3572 3359 pel-

1920 3372 2069 3429 lacia
2101 3373 2257 3445 rapit
2284 3374 2353 3429 ad
2390 3390 2519 3430 sese
2550 3375 2814 3430 omnium
2842 3375 3326 3444 benevolentiam,
3351 3375 3570 3445 studia,

1919 3461 2268 3518 tenerrimos
2294 3461 2561 3533 aﬁ‘ectus,
2586 3464 2791 3536 utique
2820 3479 2960 3535 erga
2985 3463 3145 3521 omni
3169 3465 3283 3534 iam
3318 3481 3387 3520 ex
3411 3468 3574 3535 parte

1919 3550 2231 3606 amabilem
2269 3549 2616 3623 principem,
2651 3569 2685 3608 a
2714 3568 2829 3624 quo
2856 3568 3028 3609 nemo
3060 3552 3383 3624 quidquam
3417 3553 3569 3623 quod

1918 3639 2065 3696 nolit
2087 3656 2398 3711 passurum
2414 3656 2543 3697 sese
2560 3640 2642 3696 vel
2664 3640 2974 3713 cogitando
2993 3642 3182 3713 possit
3203 3640 3572 3710 ﬁngereiEx-

1915 3727 2079 3785 cluso
2100 3734 2295 3784 autem
2315 3734 2474 3786 metu
2489 3730 2648 3785 omni
2666 3734 2845 3785 restat
2860 3747 3006 3802 pura
3019 3730 3087 3787 ch
3098 3731 3273 3785 aritas
3292 3730 3566 3798 etlibera,

1915 3818 2086 3889 cujus
2118 3816 2303 3873 solius
2325 3834 2607 3889 generoso
2629 3835 2697 3875 ac
2728 3817 3009 3874 laudabili
3044 3818 3298 3890 impulsu
3323 3835 3568 3890 pronum

1912 3910 2003 3962 est
2030 3906 2129 3964 45
2164 3910 2228 3962 ιιι
2256 3906 2519 3963 studium
2553 3906 2808 3979 quisque
2838 3907 3180 3964 ostendatis
3216 3907 3569 3980 principem,

1914 3996 2070 4051 unde
2100 3995 2254 4067 quod
2288 3996 2398 4051 sibi
2432 4000 2652 4052 metuat
2680 3995 2851 4067 plane
2882 3996 3027 4052 nihil
3058 4001 3168 4052 est.
3202 3996 3353 4052 Sane
3394 3997 3568 4052 obse-

1912 4084 2055 4156 quia
2081 4084 2295 4141 civium
2327 4084 2387 4141 in
2421 4100 2585 4158 reges
2618 4084 2828 4141 harum
2863 4086 2983 4141 fere
3024 4085 3208 4142 altera
3258 4103 3573 4143 causarum

1912 4177 2126 4240 movet,
2158 4174 2337 4228 timor
2366 4178 2470 4229 aut
2491 4173 2773 4229 charitas.
2792 4173 2981 4237 Quare
3008 4190 3141 4230 cum
3170 4191 3326 4229 nunc
3350 4175 3572 4229 consti-

1911 4266 2047 4316 terit
2078 4260 2273 4316 timori
2302 4260 2531 4316 nullum
2556 4260 2749 4317 locum
2781 4277 2930 4331 esse,
2967 4262 3235 4333 sequitur
3264 4263 3321 4318 id
3380 4268 3566 4319 totum

1910 4351 2327 4423 imputandum
2352 4351 2648 4408 charitati.
2672 4351 2775 4408 Ubi
2799 4357 2998 4409 autem
3024 4354 3192 4409 adest
3216 4371 3350 4410 vera
3371 4359 3426 4409 et
3448 4354 3570 4410 sin-

1911 4456 2041 4496 cera
2056 4438 2334 4507 charitas,
2351 4439 2473 4494 ﬁeri
2491 4457 2603 4496 non
2621 4445 2813 4513 potest
2830 4448 2891 4496 ut
2907 4442 3231 4515 quidquam
3253 4443 3571 4515 quisquam

145 4521 480 4588 assumpto.
514 4515 609 4571 Sic
641 4520 764 4573 tum
796 4522 964 4573 erant
997 4526 1275 4589 tempora.
1309 4517 1405 4573 Sic
1428 4503 1579 4598 hinc
1610 4517 1800 4574 visum
1835 4514 1880 4579 D
1913 4533 2163 4596 recuset,
2210 4503 2536 4600 quidquam
2571 4503 2829 4602 negligat
2858 4503 3223 4603 eoi-umqum
3272 4503 3345 4587 ad
3403 4503 3568 4588 illius

146 4620 448 4661 summam
485 4605 723 4660 habenti
746 4611 1115 4677 potestatem.
1151 4612 1223 4660 At
1246 4608 1534 4677 praeterito
1565 4607 1647 4662 illi
1674 4609 1799 4675 jain

143 4693 395 4765 tempori
428 4691 591 4748 aliud
616 4694 901 4750 successit
924 4694 1092 4766 plane
1114 4695 1433 4764 diversum,
1459 4699 1691 4768 tempus
1716 4714 1801 4753 re-

148 4781 451 4837 missionis
482 4789 543 4837 et
570 4784 927 4840 securitatis.
965 4784 1105 4839 Ecce
1160 4784 1262 4856 qui
1320 4789 1461 4840 tunc
1519 4787 1802 4857 regnabat

147 4871 424 4927 sublatus
454 4887 486 4927 e
518 4872 710 4928 medio
732 4883 817 4928 est
842 4890 856 4929 :
883 4873 936 4928 ei
995 4875 1282 4930 successit
1310 4890 1376 4930 ex
1407 4874 1505 4931 illo
1564 4875 1800 4946 genitus

146 4959 366 5032 dignus
398 4960 669 5031 imperio.
702 4965 856 5018 Puer
884 4967 992 5029 est,
1029 4968 1093 5019 ut
1120 4964 1351 5020 videtis.
1395 4968 1640 5037 Propter
1694 4964 1804 5021 hoc

146 5048 406 5104 ﬁdornm
430 5049 691 5123 plurium
718 5055 848 5123 eget
868 5068 1030 5118 cura,
1058 5052 1345 5126 frequenti
1368 5052 1545 5109 etiam
1568 5058 1627 5111 et
1647 5055 1802 5111 solli-

146 5139 257 5194 cita
286 5137 624 5211 diligentia.
653 5139 1013 5198 Custodibus
1030 5148 1147 5198 tam
1171 5142 1331 5198 chari
1355 5143 1567 5215 capitis
1606 5144 1800 5201 inten-

146 5227 340 5283 denda
369 5226 575 5298 vigilia
604 5234 714 5300 est,
739 5238 858 5285 tam
885 5231 944 5286 in
968 5248 1068 5287 eos
1094 5232 1195 5304 qui
1230 5233 1391 5288 intus
1415 5250 1593 5305 quam
1620 5233 1680 5288 in
1706 5249 1805 5291 eos

146 5318 244 5388 qui
278 5316 426 5373 foris
458 5323 623 5385 sunt,
657 5327 729 5375 n'e
775 5321 927 5390 quod
988 5322 1039 5376 ei
1095 5320 1369 5377 alicunde
1427 5323 1645 5379 malum
1688 5325 1805 5380 im-

146 5406 500 5462 medicabile
529 5406 678 5464 clam
716 5410 980 5482 obrepat.
1041 5411 1262 5467 Causas
1319 5428 1511 5482 porro,
1562 5429 1667 5468 cur
1716 5414 1803 5469 fas

144 5501 199 5550 et
227 5511 471 5567 equum
497 5497 620 5566 juri
651 5503 709 5553 et
738 5498 934 5554 ofﬁcio
964 5505 1429 5556 consentaneum
1460 5502 1537 5557 sit
1570 5502 1803 5559 ﬁdelius

150 5583 555 5639 ministerium
588 5586 1060 5660 obsequiumque
1089 5590 1463 5647 constantius
1497 5591 1715 5663 pariter
1744 5598 1803 5649 et

144 5675 407 5731 alacrius
439 5693 599 5732 nunc
627 5694 804 5748 quam
830 5686 1001 5737 antea
1023 5697 1286 5752 unquam
1309 5681 1579 5739 exhibere
1609 5700 1715 5740 nos
1738 5701 1806 5741 ac

1914 4633 2089 4689 quem
2122 4634 2254 4673 vere
2276 4617 2471 4689 diligit
2498 4619 2847 4690 obsequium
2876 4622 3193 4691 pertinent.
3220 4621 3421 4675 Altera
3441 4637 3568 4693 quis

1913 4706 2070 4777 quod
2104 4706 2379 4778 proposui
2408 4707 2619 4762 suadet
2650 4709 2822 4776 ratio,
2848 4708 2966 4764 haec
2994 4713 3102 4765 est.
3140 4709 3363 4766 Recens
3396 4710 3569 4766 insti~

1911 4798 2040 4850 tuto
2073 4795 2323 4867 principi
2361 4796 2753 4853 beneﬁcentia
2783 4800 2837 4852 in
2873 4798 3283 4864 subditos,alio
3312 4809 3573 4871 tempore

1911 4883 2119 4952 libera,
2151 4883 2252 4940 tali
2275 4900 2473 4940 rerum
2497 4884 2745 4941 articulo
2770 4887 3101 4944 necessaria
3120 4888 3204 4944 ﬁt.
3238 4888 3359 4944 Non
3396 4889 3605 4952 modo,

1911 4972 2093 5045 igitur
2124 4978 2280 5029 metu
2307 4990 2604 5041 vacamus,
2631 4975 2731 5031 sed
2754 4974 2811 5030 in
2830 4992 2965 5046 spes
2988 4978 3243 5048 optimas
3267 4993 3566 5047 vocamur;

1912 5078 2018 5118 nec
2048 5067 2171 5119 tota
2210 5068 2407 5119 nostra
2437 5063 2497 5119 in
2544 5063 2859 5121 securitate
2887 5082 2920 5119 a
2953 5064 3105 5121 malo
3156 5065 3402 5122 felicitas
3461 5067 3571 5123 sita
3660 5124 3663 5126 .

1911 5157 2020 5221 est,
2053 5150 2270 5224 quibus
2300 5157 2576 5223 praeterea
2638 5158 2967 5209 ostentatur
3015 5156 3374 5225 expectanda
3400 5156 3565 5228 copia

1910 5241 2225 5297 bonorum.
2263 5239 2324 5296 lo
2359 5247 2634 5313 promptu
2676 5244 2942 5319 estquod
2974 5244 3167 5314 quivis
3199 5249 3381 5315 optat.
3417 5245 3570 5300 Velit

1912 5329 2107 5397 modo,
2141 5330 2381 5385 accedat
2414 5329 2717 5402 :accipiet,
2744 5330 2794 5387 si
2816 5330 3031 5401 dignus
3052 5332 3385 5403 iudicetur;
3418 5334 3570 5390 votis

1912 5421 2183 5491 quamvis
2238 5418 2428 5474 avidis
2484 5424 2752 5475 occurret
2808 5419 3049 5492 largitas
3083 5422 3328 5478 minime
3388 5423 3570 5494 avari,

1913 5508 2399 5580 quippejuvenis,
2424 5508 3132 5582 principis,ejusdemque
3157 5527 3269 5567 non
3324 5512 3565 5585 proprio

1912 5596 2155 5653 arbitrio
2186 5613 2277 5652 res
2309 5596 2904 5667 dispensantis.Quod
2937 5598 2985 5654 si
3019 5605 3193 5669 esset,
3226 5599 3420 5657 timeri
3441 5617 3565 5658 ma-

1912 5686 2004 5759 gis
2036 5690 2233 5759 posset
2262 5702 2334 5743 ne
2389 5685 2476 5742 illi
2508 5703 2617 5744 sua
2674 5703 2779 5760 per
2817 5705 2881 5745 se
2933 5691 3205 5747 tractanti
3263 5692 3571 5763 obreperet
