  <div class='ocr_page' id='page_1' title='image "/cluster/home/n/w/nwhite01/storage/ocr_20150623/143/nnc1.0046980733/247.png"; bbox 0 0 4258 6438; ppageno 0'>
   <div class='ocr_carea' id='block_1_1' title="bbox 691 374 798 430">
    <p class='ocr_par' dir='ltr' id='par_1_1' title="bbox 691 374 798 430">
     <span class='ocr_line' id='line_1_1' title="bbox 691 374 798 430; baseline 0 -1"><span class='ocrx_word' id='word_1_1' title='bbox 691 374 798 430; x_wconf 75' lang='grc'>479</span> 
     </span>
    </p>
   </div>
   <div class='ocr_carea' id='block_1_2' title="bbox 1992 373 2796 431">
    <p class='ocr_par' dir='ltr' id='par_1_2' title="bbox 1992 373 2796 431">
     <span class='ocr_line' id='line_1_2' title="bbox 1992 373 2796 431; baseline 0.002 -2"><span class='ocrx_word' id='word_1_2' title='bbox 1992 376 2290 431; x_wconf 75' lang='lat' dir='ltr'>GEORGII</span> <span class='ocrx_word' id='word_1_3' title='bbox 2332 373 2796 431; x_wconf 69' lang='lat' dir='ltr'>PACHYMERB</span> 
     </span>
    </p>
   </div>
   <div class='ocr_carea' id='block_1_3' title="bbox 4004 373 4113 430">
    <p class='ocr_par' dir='ltr' id='par_1_3' title="bbox 4004 373 4113 430">
     <span class='ocr_line' id='line_1_3' title="bbox 4004 373 4113 430; baseline 0 0"><span class='ocrx_word' id='word_1_4' title='bbox 4004 373 4113 430; x_wconf 61' lang='lat'>480</span> 
     </span>
    </p>
   </div>
   <div class='ocr_carea' id='block_1_4' title="bbox 689 488 4113 574">
    <p class='ocr_par' dir='ltr' id='par_1_4' title="bbox 689 488 4113 574">
     <span class='ocr_line' id='line_1_4' title="bbox 689 488 4113 574; baseline 0.001 -24"><span class='ocrx_word' id='word_1_5' title='bbox 689 495 908 568; x_wconf 79' lang='grc' dir='ltr'>δεμόσιν</span> <span class='ocrx_word' id='word_1_6' title='bbox 960 493 1070 550; x_wconf 79' lang='grc' dir='ltr'>ιστι</span> <span class='ocrx_word' id='word_1_7' title='bbox 1131 497 1219 549; x_wconf 85' lang='grc' dir='ltr'>καὶ</span> <span class='ocrx_word' id='word_1_8' title='bbox 1276 495 1592 570; x_wconf 80' lang='grc' dir='ltr'>προσελθεῖν</span> <span class='ocrx_word' id='word_1_9' title='bbox 1627 495 1686 551; x_wconf 66' lang='lat' dir='ltr'>ix</span> <span class='ocrx_word' id='word_1_10' title='bbox 1726 495 1823 551; x_wconf 78' lang='grc' dir='ltr'>τοῦ</span> <span class='ocrx_word' id='word_1_11' title='bbox 1854 488 2219 572; x_wconf 78' lang='grc' dir='ltr'>παραχρῆμα,</span> <span class='ocrx_word' id='word_1_12' title='bbox 2252 496 2339 550; x_wconf 84' lang='grc' dir='ltr'>καὶ</span> <span class='ocrx_word' id='word_1_13' title='bbox 2373 495 2762 574; x_wconf 73' lang='grc' dir='ltr'>Απαρῥησίας</span> <span class='ocrx_word' id='word_1_14' title='bbox 2813 497 2902 552; x_wconf 83' lang='grc' dir='ltr'>καὶ</span> <span class='ocrx_word' id='word_1_15' title='bbox 2956 504 3056 567; x_wconf 87' lang='grc' dir='ltr'>τῆς</span> <span class='ocrx_word' id='word_1_16' title='bbox 3123 497 3510 572; x_wconf 80' lang='grc' dir='ltr'>προσηκούσης</span> <span class='ocrx_word' id='word_1_17' title='bbox 3580 496 3886 571; x_wconf 64' lang='grc' dir='ltr'>ἐλευθερίας</span> <span class='ocrx_word' id='word_1_18' title='bbox 3940 497 4113 552; x_wconf 71' lang='grc' dir='ltr'>εἰπεῖν</span> 
     </span>
    </p>
   </div>
   <div class='ocr_carea' id='block_1_5' title="bbox 690 584 2344 659">
    <p class='ocr_par' dir='ltr' id='par_1_5' title="bbox 690 584 2344 659">
     <span class='ocr_line' id='line_1_5' title="bbox 690 584 2344 659; baseline 0.001 -21"><span class='ocrx_word' id='word_1_19' title='bbox 690 585 839 656; x_wconf 77' lang='grc' dir='ltr'>νύξαι</span> <span class='ocrx_word' id='word_1_20' title='bbox 892 584 1124 657; x_wconf 82' lang='grc' dir='ltr'>λέγοντα</span> <span class='ocrx_word' id='word_1_21' title='bbox 1164 586 1569 659; x_wconf 84' lang='grc' dir='ltr'>συνεχέστερον.</span> <span class='ocrx_word' id='word_1_22' title='bbox 1631 589 1753 642; x_wconf 88' lang='grc' dir='ltr'>Τῶν</span> <span class='ocrx_word' id='word_1_23' title='bbox 1815 591 1902 640; x_wconf 79' lang='grc' dir='ltr'>νῦν</span> <span class='ocrx_word' id='word_1_24' title='bbox 1964 586 2203 655; x_wconf 73' lang='grc' dir='ltr'>ἐλπίζειν</span> <span class='ocrx_word' id='word_1_25' title='bbox 2261 585 2344 639; x_wconf 69' lang='grc' dir='ltr'>ἐν·</span> 
     </span>
    </p>
   </div>
   <div class='ocr_carea' id='block_1_6' title="bbox 689 671 2346 749">
    <p class='ocr_par' dir='ltr' id='par_1_6' title="bbox 689 671 2346 749">
     <span class='ocr_line' id='line_1_6' title="bbox 689 671 2346 749; baseline -0.001 -21"><span class='ocrx_word' id='word_1_26' title='bbox 689 675 870 728; x_wconf 79' lang='grc' dir='ltr'>τεῦοεν</span> <span class='ocrx_word' id='word_1_27' title='bbox 907 671 1106 748; x_wconf 76' lang='grc' dir='ltr'>ῥᾳδίως</span> <span class='ocrx_word' id='word_1_28' title='bbox 1165 680 1354 749; x_wconf 80' lang='grc' dir='ltr'>τυχεῖν</span> <span class='ocrx_word' id='word_1_29' title='bbox 1397 676 1469 727; x_wconf 83' lang='grc' dir='ltr'>ὧν</span> <span class='ocrx_word' id='word_1_30' title='bbox 1530 671 1714 747; x_wconf 68' lang='grc' dir='ltr'>’ἐραταί</span> <span class='ocrx_word' id='word_1_31' title='bbox 1771 695 1874 742; x_wconf 87' lang='grc' dir='ltr'>τις,</span> <span class='ocrx_word' id='word_1_32' title='bbox 1929 679 2049 732; x_wconf 85' lang='grc' dir='ltr'>πῶς</span> <span class='ocrx_word' id='word_1_33' title='bbox 2092 675 2158 728; x_wconf 80' lang='grc' dir='ltr'>οὐ</span> <span class='ocrx_word' id='word_1_34' title='bbox 2212 673 2346 746; x_wconf 84' lang='grc' dir='ltr'>μετὰ</span> 
     </span>
    </p>
   </div>
   <div class='ocr_carea' id='block_1_7' title="bbox 694 760 2346 838">
    <p class='ocr_par' dir='ltr' id='par_1_7' title="bbox 694 760 2346 838">
     <span class='ocr_line' id='line_1_7' title="bbox 694 760 2346 838; baseline -0.001 -22"><span class='ocrx_word' id='word_1_35' title='bbox 694 762 974 836; x_wconf 77' lang='grc' dir='ltr'>ῥᾳστώνης</span> <span class='ocrx_word' id='word_1_36' title='bbox 1015 763 1225 830; x_wconf 72' lang='grc' dir='ltr'>ἀπάσης</span> <span class='ocrx_word' id='word_1_37' title='bbox 1279 760 1593 817; x_wconf 75' lang='grc' dir='ltr'>δουλευτέον</span> <span class='ocrx_word' id='word_1_38' title='bbox 1621 768 1699 834; x_wconf 84' lang='grc' dir='ltr'>τῷ</span> <span class='ocrx_word' id='word_1_39' title='bbox 1754 763 2004 836; x_wconf 75' lang='grc' dir='ltr'>βασιλεῖς</span> <span class='ocrx_word' id='word_1_40' title='bbox 2057 763 2234 838; x_wconf 84' lang='grc' dir='ltr'>χωρὶς</span> <span class='ocrx_word' id='word_1_41' title='bbox 2289 760 2346 815; x_wconf 76' lang='grc' dir='ltr'>δὲ</span> 
     </span>
    </p>
   </div>
   <div class='ocr_carea' id='block_1_8' title="bbox 689 851 2345 925">
    <p class='ocr_par' dir='ltr' id='par_1_8' title="bbox 689 851 2345 925">
     <span class='ocr_line' id='line_1_8' title="bbox 689 851 2345 925; baseline -0.001 -22"><span class='ocrx_word' id='word_1_42' title='bbox 689 851 918 919; x_wconf 74' lang='grc' dir='ltr'>τούτων,</span> <span class='ocrx_word' id='word_1_43' title='bbox 977 851 1066 904; x_wconf 83' lang='grc' dir='ltr'>καὶ</span> <span class='ocrx_word' id='word_1_44' title='bbox 1125 856 1317 904; x_wconf 82' lang='grc' dir='ltr'>σιωπῶ</span> <span class='ocrx_word' id='word_1_45' title='bbox 1372 851 1439 904; x_wconf 82' lang='grc' dir='ltr'>τὰ</span> <span class='ocrx_word' id='word_1_46' title='bbox 1494 851 1746 918; x_wconf 86' lang='grc' dir='ltr'>πλεῖστα,</span> <span class='ocrx_word' id='word_1_47' title='bbox 1799 853 1921 905; x_wconf 87' lang='grc' dir='ltr'>τότε</span> <span class='ocrx_word' id='word_1_48' title='bbox 1981 853 2078 923; x_wconf 78' lang='grc' dir='ltr'>μὶν</span> <span class='ocrx_word' id='word_1_49' title='bbox 2134 851 2345 925; x_wconf 77' lang='grc' dir='ltr'>γὰρκαὶ</span> 
     </span>
    </p>
   </div>
   <div class='ocr_carea' id='block_1_9' title="bbox 691 936 2343 1013">
    <p class='ocr_par' dir='ltr' id='par_1_9' title="bbox 691 936 2343 1013">
     <span class='ocr_line' id='line_1_9' title="bbox 691 936 2343 1013; baseline -0.001 -21"><span class='ocrx_word' id='word_1_50' title='bbox 691 936 810 999; x_wconf 82' lang='grc' dir='ltr'>δέος</span> <span class='ocrx_word' id='word_1_51' title='bbox 842 940 907 1006; x_wconf 83' lang='grc' dir='ltr'>ἦν</span> <span class='ocrx_word' id='word_1_52' title='bbox 946 941 1021 1009; x_wconf 84' lang='grc' dir='ltr'><strong>μή</strong></span> <span class='ocrx_word' id='word_1_53' title='bbox 1056 939 1404 1013; x_wconf 71' lang='grc' dir='ltr'>κατορθώσας</span> <span class='ocrx_word' id='word_1_54' title='bbox 1461 942 1849 1013; x_wconf 81' lang='grc' dir='ltr'>παρακρουσθῇ</span> <span class='ocrx_word' id='word_1_55' title='bbox 1888 961 1995 1008; x_wconf 88' lang='grc' dir='ltr'>τις,</span> <span class='ocrx_word' id='word_1_56' title='bbox 2027 937 2214 994; x_wconf 78' lang='grc' dir='ltr'>ἄλλων</span> <span class='ocrx_word' id='word_1_57' title='bbox 2245 940 2343 1006; x_wconf 69' lang='grc' dir='ltr'>τήν</span> 
     </span>
    </p>
   </div>
   <div class='ocr_carea' id='block_1_10' title="bbox 693 1026 2343 1101">
    <p class='ocr_par' dir='ltr' id='par_1_10' title="bbox 693 1026 2343 1101">
     <span class='ocr_line' id='line_1_10' title="bbox 693 1026 2343 1101; baseline -0.001 -21"><span class='ocrx_word' id='word_1_58' title='bbox 693 1026 982 1101; x_wconf 78' lang='grc' dir='ltr'>βασιλικὴν</span> <span class='ocrx_word' id='word_1_59' title='bbox 1019 1027 1471 1099; x_wconf 88' lang='grc' dir='ltr'>ὑποποιουμένων</span> <span class='ocrx_word' id='word_1_60' title='bbox 1507 1029 1687 1100; x_wconf 81' lang='grc' dir='ltr'>ὁρμὴν</span> <span class='ocrx_word' id='word_1_61' title='bbox 1736 1028 1964 1100; x_wconf 88' lang='grc' dir='ltr'>τρόποις</span> <span class='ocrx_word' id='word_1_62' title='bbox 2027 1031 2108 1089; x_wconf 83' lang='grc' dir='ltr'>οἷς</span> <span class='ocrx_word' id='word_1_63' title='bbox 2166 1028 2343 1101; x_wconf 76' lang='grc' dir='ltr'>ἐκείνῃ</span> 
     </span>
    </p>
   </div>
   <div class='ocr_carea' id='block_1_11' title="bbox 686 1114 2344 1192">
    <p class='ocr_par' dir='ltr' id='par_1_11' title="bbox 686 1114 2344 1192">
     <span class='ocr_line' id='line_1_11' title="bbox 686 1114 2344 1192; baseline 0 -23"><span class='ocrx_word' id='word_1_64' title='bbox 686 1115 889 1192; x_wconf 77' lang='grc' dir='ltr'>πέφυκε</span> <span class='ocrx_word' id='word_1_65' title='bbox 917 1118 1265 1183; x_wconf 68' lang='grc' dir='ltr'>κλέπτεσθαι,</span> <span class='ocrx_word' id='word_1_66' title='bbox 1314 1115 1403 1170; x_wconf 84' lang='grc' dir='ltr'>καὶ</span> <span class='ocrx_word' id='word_1_67' title='bbox 1463 1114 1552 1170; x_wconf 73' lang='grc' dir='ltr'>διὰ</span> <span class='ocrx_word' id='word_1_68' title='bbox 1604 1121 1763 1171; x_wconf 79' lang='grc' dir='ltr'>τοῦτο</span> <span class='ocrx_word' id='word_1_69' title='bbox 1819 1115 1928 1172; x_wconf 72' lang='grc' dir='ltr'>οὔτ’</span> <span class='ocrx_word' id='word_1_70' title='bbox 1989 1118 2055 1185; x_wconf 82' lang='grc' dir='ltr'>ἧν</span> <span class='ocrx_word' id='word_1_71' title='bbox 2101 1115 2344 1171; x_wconf 79' lang='grc' dir='ltr'>σπουδά-</span> 
     </span>
    </p>
   </div>
   <div class='ocr_carea' id='block_1_12' title="bbox 691 1204 2345 1278">
    <p class='ocr_par' dir='ltr' id='par_1_12' title="bbox 691 1204 2345 1278">
     <span class='ocr_line' id='line_1_12' title="bbox 691 1204 2345 1278; baseline 0 -20"><span class='ocrx_word' id='word_1_72' title='bbox 691 1211 794 1273; x_wconf 85' lang='grc' dir='ltr'><strong>ζειν</strong></span> <span class='ocrx_word' id='word_1_73' title='bbox 854 1204 941 1259; x_wconf 83' lang='grc' dir='ltr'>ἐπὶ</span> <span class='ocrx_word' id='word_1_74' title='bbox 996 1207 1056 1259; x_wconf 88' lang='grc' dir='ltr'>τὸ</span> <span class='ocrx_word' id='word_1_75' title='bbox 1120 1211 1302 1276; x_wconf 83' lang='grc' dir='ltr'>μεῖζον</span> <span class='ocrx_word' id='word_1_76' title='bbox 1357 1205 1390 1273; x_wconf 69' lang='grc' dir='ltr'><strong>ἢ</strong></span> <span class='ocrx_word' id='word_1_77' title='bbox 1450 1208 1584 1260; x_wconf 75' lang='grc' dir='ltr'>κατὰ</span> <span class='ocrx_word' id='word_1_78' title='bbox 1640 1205 1767 1268; x_wconf 82' lang='grc' dir='ltr'>τοὺς</span> <span class='ocrx_word' id='word_1_79' title='bbox 1832 1204 2037 1267; x_wconf 76' lang='grc' dir='ltr'>ἄλλους</span> <span class='ocrx_word' id='word_1_80' title='bbox 2095 1205 2345 1278; x_wconf 80' lang='grc' dir='ltr'>πράττειν</span> 
     </span>
    </p>
   </div>
   <div class='ocr_carea' id='block_1_13' title="bbox 686 1291 2344 1370">
    <p class='ocr_par' dir='ltr' id='par_1_13' title="bbox 686 1291 2344 1370">
     <span class='ocr_line' id='line_1_13' title="bbox 686 1291 2344 1370; baseline -0.001 -24"><span class='ocrx_word' id='word_1_81' title='bbox 686 1296 991 1369; x_wconf 74' lang='grc' dir='ltr'>πειρᾶσθαι,</span> <span class='ocrx_word' id='word_1_82' title='bbox 1046 1299 1142 1347; x_wconf 74' lang='grc' dir='ltr'>τοῦ</span> <span class='ocrx_word' id='word_1_83' title='bbox 1202 1293 1500 1366; x_wconf 75' lang='grc' dir='ltr'>δυνάμενου</span> <span class='ocrx_word' id='word_1_84' title='bbox 1561 1295 1734 1368; x_wconf 81' lang='grc' dir='ltr'>λέγειν</span> <span class='ocrx_word' id='word_1_85' title='bbox 1790 1297 1925 1370; x_wconf 89' lang='grc' dir='ltr'>πρὸς</span> <span class='ocrx_word' id='word_1_86' title='bbox 1976 1293 2198 1369; x_wconf 69' lang='grc' dir='ltr'>βασιλέα</span> <span class='ocrx_word' id='word_1_87' title='bbox 2255 1291 2344 1346; x_wconf 78' lang='grc' dir='ltr'>καί</span> 
     </span>
    </p>
   </div>
   <div class='ocr_carea' id='block_1_14' title="bbox 691 1379 2339 1457">
    <p class='ocr_par' dir='ltr' id='par_1_14' title="bbox 691 1379 2339 1457">
     <span class='ocr_line' id='line_1_14' title="bbox 691 1379 2339 1457; baseline -0.001 -22"><span class='ocrx_word' id='word_1_88' title='bbox 691 1388 984 1457; x_wconf 75' lang='grc' dir='ltr'>μαρτυρεῖν</span> <span class='ocrx_word' id='word_1_89' title='bbox 1042 1384 1287 1456; x_wconf 79' lang='grc' dir='ltr'>καθαρῶς</span> <span class='ocrx_word' id='word_1_90' title='bbox 1347 1382 1444 1437; x_wconf 83' lang='grc' dir='ltr'>οὐκ</span> <span class='ocrx_word' id='word_1_91' title='bbox 1505 1379 1661 1446; x_wconf 76' lang='grc' dir='ltr'>ὄντος</span> <span class='ocrx_word' id='word_1_92' title='bbox 1695 1427 1709 1452; x_wconf 93' lang='grc'>,</span> <span class='ocrx_word' id='word_1_93' title='bbox 1767 1384 1853 1438; x_wconf 85' lang='grc' dir='ltr'>καὶ</span> <span class='ocrx_word' id='word_1_94' title='bbox 1910 1385 2139 1455; x_wconf 86' lang='grc' dir='ltr'>μάταιος</span> <span class='ocrx_word' id='word_1_95' title='bbox 2179 1383 2246 1450; x_wconf 77' lang='grc' dir='ltr'>ἦν</span> <span class='ocrx_word' id='word_1_96' title='bbox 2305 1385 2339 1450; x_wconf 83' lang='grc' dir='ltr'>ἡ</span> 
     </span>
    </p>
   </div>
   <div class='ocr_carea' id='block_1_15' title="bbox 687 1469 2340 1548">
    <p class='ocr_par' dir='ltr' id='par_1_15' title="bbox 687 1469 2340 1548">
     <span class='ocr_line' id='line_1_15' title="bbox 687 1469 2340 1548; baseline -0.001 -24"><span class='ocrx_word' id='word_1_97' title='bbox 687 1469 895 1538; x_wconf 84' lang='grc' dir='ltr'>σπουδή</span> <span class='ocrx_word' id='word_1_98' title='bbox 974 1476 1051 1542; x_wconf 82' lang='grc' dir='ltr'>τῷ</span> <span class='ocrx_word' id='word_1_99' title='bbox 1110 1469 1464 1540; x_wconf 80' lang='grc' dir='ltr'>σπουδάζοντι</span> <span class='ocrx_word' id='word_1_100' title='bbox 1519 1472 2017 1548; x_wconf 75' lang='grc' dir='ltr'>παραλογιζομένῳ</span> <span class='ocrx_word' id='word_1_101' title='bbox 2066 1470 2340 1532; x_wconf 80' lang='grc' dir='ltr'>πολλάκις</span> 
     </span>
    </p>
   </div>
   <div class='ocr_carea' id='block_1_16' title="bbox 682 1556 2338 1636">
    <p class='ocr_par' dir='ltr' id='par_1_16' title="bbox 682 1556 2338 1636">
     <span class='ocr_line' id='line_1_16' title="bbox 682 1556 2338 1636; baseline 0.001 -24"><span class='ocrx_word' id='word_1_102' title='bbox 682 1559 772 1612; x_wconf 85' lang='grc' dir='ltr'>καὶ</span> <span class='ocrx_word' id='word_1_103' title='bbox 835 1561 1194 1632; x_wconf 75' lang='grc' dir='ltr'>ζημιουμένῳ</span> <span class='ocrx_word' id='word_1_104' title='bbox 1246 1562 1343 1628; x_wconf 71' lang='grc' dir='ltr'>τήν</span> <span class='ocrx_word' id='word_1_105' title='bbox 1403 1559 1483 1636; x_wconf 62' lang='grc' dir='ltr'>ἐφ’</span> <span class='ocrx_word' id='word_1_106' title='bbox 1545 1561 1626 1621; x_wconf 74' lang='grc' dir='ltr'>οἷς</span> <span class='ocrx_word' id='word_1_107' title='bbox 1685 1558 1904 1633; x_wconf 78' lang='grc' dir='ltr'>ἔπραξεν</span> <span class='ocrx_word' id='word_1_108' title='bbox 1961 1556 2338 1631; x_wconf 76' lang='grc' dir='ltr'>εὐδοκίμησιν.</span> 
     </span>
    </p>
   </div>
   <div class='ocr_carea' id='block_1_17' title="bbox 684 1646 2338 1723">
    <p class='ocr_par' dir='ltr' id='par_1_17' title="bbox 684 1646 2338 1723">
     <span class='ocr_line' id='line_1_17' title="bbox 684 1646 2338 1723; baseline -0.001 -21"><span class='ocrx_word' id='word_1_109' title='bbox 684 1646 788 1702; x_wconf 54' lang='lat' dir='ltr'>Nov</span> <span class='ocrx_word' id='word_1_110' title='bbox 863 1646 910 1702; x_wconf 84' lang='grc' dir='ltr'>δ’</span> <span class='ocrx_word' id='word_1_111' title='bbox 965 1648 1093 1702; x_wconf 83' lang='grc' dir='ltr'>ἀλλ’</span> <span class='ocrx_word' id='word_1_112' title='bbox 1153 1649 1240 1703; x_wconf 64' lang='grc' dir='ltr'>ἐπὶ</span> <span class='ocrx_word' id='word_1_113' title='bbox 1292 1654 1406 1718; x_wconf 91' lang='grc' dir='ltr'>¹τῶν</span> <span class='ocrx_word' id='word_1_114' title='bbox 1466 1647 1788 1720; x_wconf 81' lang='grc' dir='ltr'>κηδεμόνων</span> <span class='ocrx_word' id='word_1_115' title='bbox 1843 1653 1950 1702; x_wconf 88' lang='grc' dir='ltr'>τῶν</span> <span class='ocrx_word' id='word_1_116' title='bbox 2002 1650 2338 1723; x_wconf 77' lang='grc' dir='ltr'>πραγμάτων</span> 
     </span>
    </p>
   </div>
   <div class='ocr_carea' id='block_1_18' title="bbox 679 1735 2339 1813">
    <p class='ocr_par' dir='ltr' id='par_1_18' title="bbox 679 1735 2339 1813">
     <span class='ocr_line' id='line_1_18' title="bbox 679 1735 2339 1813; baseline -0.001 -21"><span class='ocrx_word' id='word_1_117' title='bbox 679 1737 1024 1809; x_wconf 78' lang='grc' dir='ltr'>τελουμένων</span> <span class='ocrx_word' id='word_1_118' title='bbox 1075 1737 1258 1798; x_wconf 88' lang='grc' dir='ltr'>καλῶς</span> <span class='ocrx_word' id='word_1_119' title='bbox 1314 1737 1374 1791; x_wconf 78' lang='grc' dir='ltr'>ἂν</span> <span class='ocrx_word' id='word_1_120' title='bbox 1403 1735 1525 1813; x_wconf 70' lang='grc' dir='ltr'>ἔχοι</span> <span class='ocrx_word' id='word_1_121' title='bbox 1577 1739 1675 1806; x_wconf 79' lang='grc' dir='ltr'>τὴν</span> <span class='ocrx_word' id='word_1_122' title='bbox 1709 1739 1933 1791; x_wconf 71' lang='grc' dir='ltr'>ἑκάστου</span> <span class='ocrx_word' id='word_1_123' title='bbox 1965 1735 2206 1804; x_wconf 75' lang='grc' dir='ltr'>σπουδὴν</span> <span class='ocrx_word' id='word_1_124' title='bbox 2240 1758 2339 1813; x_wconf 80' lang='grc' dir='ltr'>φα-</span> 
     </span>
    </p>
   </div>
   <div class='ocr_carea' id='block_1_19' title="bbox 2453 581 4113 661">
    <p class='ocr_par' dir='ltr' id='par_1_19' title="bbox 2453 581 4113 661">
     <span class='ocr_line' id='line_1_19' title="bbox 2453 581 4113 661; baseline 0.001 -23"><span class='ocrx_word' id='word_1_125' title='bbox 2453 586 2528 646; x_wconf 86' lang='grc' dir='ltr'>ὡς</span> <span class='ocrx_word' id='word_1_126' title='bbox 2583 583 2762 656; x_wconf 79' lang='grc' dir='ltr'>ἀληθῆ</span> <span class='ocrx_word' id='word_1_127' title='bbox 2823 585 3056 659; x_wconf 79' lang='grc' dir='ltr'>λέξοντι.</span> <span class='ocrx_word' id='word_1_128' title='bbox 3088 587 3226 661; x_wconf 80' lang='grc' dir='ltr'>Ἐγὼ</span> <span class='ocrx_word' id='word_1_129' title='bbox 3257 583 3558 648; x_wconf 71' lang='grc' dir='ltr'>οὔτ’ίδίαις</span> <span class='ocrx_word' id='word_1_130' title='bbox 3609 587 3697 640; x_wconf 86' lang='grc' dir='ltr'>καὶ</span> <span class='ocrx_word' id='word_1_131' title='bbox 3749 581 4113 648; x_wconf 75' lang='grc' dir='ltr'>αὖτοὸούλοις</span> 
     </span>
    </p>
   </div>
   <div class='ocr_carea' id='block_1_20' title="bbox 2450 673 4107 750">
    <p class='ocr_par' dir='ltr' id='par_1_20' title="bbox 2450 673 4107 750">
     <span class='ocr_line' id='line_1_20' title="bbox 2450 673 4107 750; baseline 0.001 -23"><span class='ocrx_word' id='word_1_132' title='bbox 2450 677 2827 750; x_wconf 71' lang='grc' dir='ltr'>προαιρέσεσιν</span> <span class='ocrx_word' id='word_1_133' title='bbox 2870 674 2998 730; x_wconf 76' lang='grc' dir='ltr'>οὕτε</span> <span class='ocrx_word' id='word_1_134' title='bbox 3050 678 3157 748; x_wconf 75' lang='grc' dir='ltr'>μὴν</span> <span class='ocrx_word' id='word_1_135' title='bbox 3212 681 3397 746; x_wconf 88' lang='grc' dir='ltr'>σκοπῷ</span> <span class='ocrx_word' id='word_1_136' title='bbox 3443 697 3549 730; x_wconf 91' lang='grc' dir='ltr'>τινι</span> <span class='ocrx_word' id='word_1_137' title='bbox 3588 676 3677 729; x_wconf 85' lang='grc' dir='ltr'>καὶ</span> <span class='ocrx_word' id='word_1_138' title='bbox 3729 673 3931 748; x_wconf 70' lang='grc' dir='ltr'>μελέτῃ</span> <span class='ocrx_word' id='word_1_139' title='bbox 3983 681 4107 738; x_wconf 88' lang='grc' dir='ltr'>ταῖς</span> 
     </span>
    </p>
   </div>
   <div class='ocr_carea' id='block_1_21' title="bbox 2448 763 4117 840">
    <p class='ocr_par' dir='ltr' id='par_1_21' title="bbox 2448 763 4117 840">
     <span class='ocr_line' id='line_1_21' title="bbox 2448 763 4117 840; baseline 0.001 -22"><span class='ocrx_word' id='word_1_140' title='bbox 2448 767 2545 818; x_wconf 77' lang='grc' dir='ltr'>τοῦ</span> <span class='ocrx_word' id='word_1_141' title='bbox 2599 763 2870 838; x_wconf 83' lang='grc' dir='ltr'>βασιλέως</span> <span class='ocrx_word' id='word_1_142' title='bbox 2923 765 3279 840; x_wconf 71' lang='grc' dir='ltr'>προσανέχειν</span> <span class='ocrx_word' id='word_1_143' title='bbox 3330 764 3648 838; x_wconf 78' lang='grc' dir='ltr'>έπιτροπαῖς</span> <span class='ocrx_word' id='word_1_144' title='bbox 3695 763 3935 839; x_wconf 68' lang='grc' dir='ltr'>ᾒρημαι,</span> <span class='ocrx_word' id='word_1_145' title='bbox 3967 764 4117 819; x_wconf 84' lang='grc' dir='ltr'>ἀλλά</span> 
     </span>
    </p>
   </div>
   <div class='ocr_carea' id='block_1_22' title="bbox 2450 849 4108 928">
    <p class='ocr_par' dir='ltr' id='par_1_22' title="bbox 2450 849 4108 928">
     <span class='ocr_line' id='line_1_22' title="bbox 2450 849 4108 928; baseline 0.001 -23"><span class='ocrx_word' id='word_1_146' title='bbox 2450 857 2666 926; x_wconf 90' lang='grc' dir='ltr'>πρῶτον</span> <span class='ocrx_word' id='word_1_147' title='bbox 2705 854 2800 925; x_wconf 74' lang='grc' dir='ltr'>μὲν</span> <span class='ocrx_word' id='word_1_148' title='bbox 2827 853 3118 917; x_wconf 73' lang='grc' dir='ltr'>ἐπιστολὰς</span> <span class='ocrx_word' id='word_1_149' title='bbox 3147 852 3378 928; x_wconf 83' lang='grc' dir='ltr'>πληρῶν</span> <span class='ocrx_word' id='word_1_150' title='bbox 3430 851 3726 927; x_wconf 76' lang='grc' dir='ltr'>βασιλέως,</span> <span class='ocrx_word' id='word_1_151' title='bbox 3785 849 3971 906; x_wconf 74' lang='grc' dir='ltr'>ἔπειτα</span> <span class='ocrx_word' id='word_1_152' title='bbox 4028 851 4108 907; x_wconf 77' lang='grc' dir='ltr'>δέ.</span> 
     </span>
    </p>
   </div>
   <div class='ocr_carea' id='block_1_23' title="bbox 2451 938 4116 1016">
    <p class='ocr_par' dir='ltr' id='par_1_23' title="bbox 2451 938 4116 1016">
     <span class='ocr_line' id='line_1_23' title="bbox 2451 938 4116 1016; baseline -0.001 -21"><span class='ocrx_word' id='word_1_153' title='bbox 2451 938 2612 995; x_wconf 85' lang='grc' dir='ltr'>Ἀλλ’</span> <span class='ocrx_word' id='word_1_154' title='bbox 2670 941 2732 996; x_wconf 80' lang='grc' dir='ltr'>οὐ</span> <span class='ocrx_word' id='word_1_155' title='bbox 2797 941 3073 1015; x_wconf 82' lang='grc' dir='ltr'>βούλομαι</span> <span class='ocrx_word' id='word_1_156' title='bbox 3124 941 3324 1016; x_wconf 85' lang='grc' dir='ltr'>λέγειν.</span> <span class='ocrx_word' id='word_1_157' title='bbox 3387 942 3539 1010; x_wconf 71' lang='grc' dir='ltr'>Πλὴν</span> <span class='ocrx_word' id='word_1_158' title='bbox 3597 942 3686 995; x_wconf 87' lang='grc' dir='ltr'>καὶ</span> <span class='ocrx_word' id='word_1_159' title='bbox 3737 941 3888 1013; x_wconf 89' lang='grc' dir='ltr'>ὑμῶν</span> <span class='ocrx_word' id='word_1_160' title='bbox 3921 939 4116 1003; x_wconf 80' lang='grc' dir='ltr'>θελόν-</span> 
     </span>
    </p>
   </div>
   <div class='ocr_carea' id='block_1_24' title="bbox 2448 1027 4112 1105">
    <p class='ocr_par' dir='ltr' id='par_1_24' title="bbox 2448 1027 4112 1105">
     <span class='ocr_line' id='line_1_24' title="bbox 2448 1027 4112 1105; baseline 0 -22"><span class='ocrx_word' id='word_1_161' title='bbox 2448 1050 2580 1096; x_wconf 87' lang='grc' dir='ltr'>των,</span> <span class='ocrx_word' id='word_1_162' title='bbox 2637 1029 2779 1084; x_wconf 76' lang='grc' dir='ltr'>οὕτω</span> <span class='ocrx_word' id='word_1_163' title='bbox 2835 1031 2926 1084; x_wconf 87' lang='grc' dir='ltr'>καὶ</span> <span class='ocrx_word' id='word_1_164' title='bbox 2959 1032 3125 1102; x_wconf 93' lang='grc' dir='ltr'>μόνον</span> <span class='ocrx_word' id='word_1_165' title='bbox 3157 1031 3516 1105; x_wconf 71' lang='grc' dir='ltr'>προσανέχειν</span> <span class='ocrx_word' id='word_1_166' title='bbox 3563 1029 3651 1085; x_wconf 86' lang='grc' dir='ltr'>καὶ</span> <span class='ocrx_word' id='word_1_167' title='bbox 3690 1027 3769 1084; x_wconf 79' lang='grc' dir='ltr'>ἔτι</span> <span class='ocrx_word' id='word_1_168' title='bbox 3813 1034 3933 1090; x_wconf 87' lang='grc' dir='ltr'>ταῖς</span> <span class='ocrx_word' id='word_1_169' title='bbox 3985 1029 4112 1083; x_wconf 84' lang='grc' dir='ltr'>έπι-</span> 
     </span>
    </p>
   </div>
   <div class='ocr_carea' id='block_1_25' title="bbox 2447 1117 4110 1192">
    <p class='ocr_par' dir='ltr' id='par_1_25' title="bbox 2447 1117 4110 1192">
     <span class='ocr_line' id='line_1_25' title="bbox 2447 1117 4110 1192; baseline 0.001 -22"><span class='ocrx_word' id='word_1_170' title='bbox 2447 1123 2674 1192; x_wconf 88' lang='grc' dir='ltr'>τροπαῖς</span> <span class='ocrx_word' id='word_1_171' title='bbox 2711 1118 3005 1192; x_wconf 79' lang='grc' dir='ltr'>βούλομαι.</span> <span class='ocrx_word' id='word_1_172' title='bbox 3039 1120 3102 1174; x_wconf 80' lang='grc' dir='ltr'>Εἰ</span> <span class='ocrx_word' id='word_1_173' title='bbox 3133 1118 3178 1174; x_wconf 86' lang='grc' dir='ltr'>δ’</span> <span class='ocrx_word' id='word_1_174' title='bbox 3234 1119 3348 1188; x_wconf 79' lang='grc' dir='ltr'>οὖν,</span> <span class='ocrx_word' id='word_1_175' title='bbox 3383 1117 3508 1175; x_wconf 80' lang='grc' dir='ltr'>ὅλλ’</span> <span class='ocrx_word' id='word_1_176' title='bbox 3540 1121 3691 1191; x_wconf 80' lang='grc' dir='ltr'>ὑμεῖς</span> <span class='ocrx_word' id='word_1_177' title='bbox 3729 1121 3823 1190; x_wconf 74' lang='grc' dir='ltr'>μὲν</span> <span class='ocrx_word' id='word_1_178' title='bbox 3861 1119 3951 1173; x_wconf 84' lang='grc' dir='ltr'>τὸν</span> <span class='ocrx_word' id='word_1_179' title='bbox 3983 1117 4110 1172; x_wconf 82' lang='grc' dir='ltr'>ἐπι-</span> 
     </span>
    </p>
   </div>
   <div class='ocr_carea' id='block_1_26' title="bbox 2447 1205 4107 1284">
    <p class='ocr_par' dir='ltr' id='par_1_26' title="bbox 2447 1205 4107 1284">
     <span class='ocr_line' id='line_1_26' title="bbox 2447 1205 4107 1284; baseline 0 -25"><span class='ocrx_word' id='word_1_180' title='bbox 2447 1205 2817 1279; x_wconf 83' lang='grc' dir='ltr'>τροπεύσοντα</span> <span class='ocrx_word' id='word_1_181' title='bbox 2865 1208 3134 1284; x_wconf 81' lang='grc' dir='ltr'>ἐφιστᾶτε,</span> <span class='ocrx_word' id='word_1_182' title='bbox 3187 1210 3310 1280; x_wconf 76' lang='grc' dir='ltr'>ἐμοὶ</span> <span class='ocrx_word' id='word_1_183' title='bbox 3344 1207 3391 1263; x_wconf 85' lang='grc' dir='ltr'>δ’</span> <span class='ocrx_word' id='word_1_184' title='bbox 3441 1207 3650 1283; x_wconf 77' lang='grc' dir='ltr'>ἀρκέσει</span> <span class='ocrx_word' id='word_1_185' title='bbox 3681 1208 3742 1262; x_wconf 87' lang='grc' dir='ltr'>τὸ</span> <span class='ocrx_word' id='word_1_186' title='bbox 3797 1206 3880 1262; x_wconf 82' lang='grc' dir='ltr'>ἐπ’</span> <span class='ocrx_word' id='word_1_187' title='bbox 3935 1206 4107 1280; x_wconf 79' lang='grc' dir='ltr'>ἐσχά-</span> 
     </span>
    </p>
   </div>
   <div class='ocr_carea' id='block_1_27' title="bbox 2447 1296 4107 1373">
    <p class='ocr_par' dir='ltr' id='par_1_27' title="bbox 2447 1296 4107 1373">
     <span class='ocr_line' id='line_1_27' title="bbox 2447 1296 4107 1373; baseline 0 -25"><span class='ocrx_word' id='word_1_188' title='bbox 2447 1315 2563 1356; x_wconf 90' lang='grc' dir='ltr'>τοις</span> <span class='ocrx_word' id='word_1_189' title='bbox 2617 1297 2934 1352; x_wconf 78' lang='grc' dir='ltr'>τάττεσθαι.</span> <span class='ocrx_word' id='word_1_190' title='bbox 3017 1296 3126 1352; x_wconf 74' lang='grc' dir='ltr'>Κᾶν</span> <span class='ocrx_word' id='word_1_191' title='bbox 3186 1319 3269 1359; x_wconf 89' lang='grc' dir='ltr'>τις</span> <span class='ocrx_word' id='word_1_192' title='bbox 3315 1299 3415 1365; x_wconf 83' lang='grc' dir='ltr'>τήν</span> <span class='ocrx_word' id='word_1_193' title='bbox 3478 1296 3768 1373; x_wconf 79' lang='grc' dir='ltr'>βασιλικὴν</span> <span class='ocrx_word' id='word_1_194' title='bbox 3825 1297 4107 1367; x_wconf 84' lang='grc' dir='ltr'>σωτηρίαν</span> 
     </span>
    </p>
   </div>
   <div class='ocr_carea' id='block_1_28' title="bbox 2448 1384 4110 1461">
    <p class='ocr_par' dir='ltr' id='par_1_28' title="bbox 2448 1384 4110 1461">
     <span class='ocr_line' id='line_1_28' title="bbox 2448 1384 4110 1461; baseline 0.001 -24"><span class='ocrx_word' id='word_1_195' title='bbox 2448 1384 2766 1456; x_wconf 85' lang='grc' dir='ltr'>πρεπόντως</span> <span class='ocrx_word' id='word_1_196' title='bbox 2842 1385 3164 1461; x_wconf 79' lang='grc' dir='ltr'>πολυωροίη</span> <span class='ocrx_word' id='word_1_197' title='bbox 3243 1387 3332 1441; x_wconf 83' lang='grc' dir='ltr'>καὶ</span> <span class='ocrx_word' id='word_1_198' title='bbox 3405 1385 3721 1448; x_wconf 72' lang='grc' dir='ltr'>ἰδιωτεύσας</span> <span class='ocrx_word' id='word_1_199' title='bbox 3796 1385 4110 1460; x_wconf 76' lang='grc' dir='ltr'>ἀγαπήσω,</span> 
     </span>
    </p>
   </div>
   <div class='ocr_carea' id='block_1_29' title="bbox 2446 1472 4111 1550">
    <p class='ocr_par' dir='ltr' id='par_1_29' title="bbox 2446 1472 4111 1550">
     <span class='ocr_line' id='line_1_29' title="bbox 2446 1472 4111 1550; baseline 0.001 -25"><span class='ocrx_word' id='word_1_200' title='bbox 2446 1475 2532 1526; x_wconf 77' lang='grc' dir='ltr'>καὶ</span> <span class='ocrx_word' id='word_1_201' title='bbox 2595 1473 3034 1547; x_wconf 84' lang='grc' dir='ltr'>προσλιπαρήσω</span> <span class='ocrx_word' id='word_1_202' title='bbox 3083 1477 3158 1547; x_wconf 79' lang='grc' dir='ltr'>μὴ</span> <span class='ocrx_word' id='word_1_203' title='bbox 3221 1475 3524 1550; x_wconf 84' lang='grc' dir='ltr'>ὀργίζεσθαι</span> <span class='ocrx_word' id='word_1_204' title='bbox 3579 1476 3670 1530; x_wconf 88' lang='grc' dir='ltr'>τὸν</span> <span class='ocrx_word' id='word_1_205' title='bbox 3705 1472 4000 1544; x_wconf 77' lang='grc' dir='ltr'>δεσπότην,</span> <span class='ocrx_word' id='word_1_206' title='bbox 4062 1474 4111 1527; x_wconf 79' lang='grc' dir='ltr'>εί</span> 
     </span>
    </p>
   </div>
   <div class='ocr_carea' id='block_1_30' title="bbox 2449 1558 4108 1638">
    <p class='ocr_par' dir='ltr' id='par_1_30' title="bbox 2449 1558 4108 1638">
     <span class='ocr_line' id='line_1_30' title="bbox 2449 1558 4108 1638; baseline 0.001 -24"><span class='ocrx_word' id='word_1_207' title='bbox 2449 1558 2640 1616; x_wconf 81' lang='grc' dir='ltr'>λυπεῖν</span> <span class='ocrx_word' id='word_1_208' title='bbox 2663 1583 2813 1625; x_wconf 89' lang='grc' dir='ltr'>τινας</span> <span class='ocrx_word' id='word_1_209' title='bbox 2847 1565 2997 1636; x_wconf 84' lang='grc' dir='ltr'>ὑμῶν</span> <span class='ocrx_word' id='word_1_210' title='bbox 3032 1562 3223 1634; x_wconf 80' lang='grc' dir='ltr'>δοκοίη</span> <span class='ocrx_word' id='word_1_211' title='bbox 3281 1565 3346 1619; x_wconf 88' lang='grc' dir='ltr'>τὸ</span> <span class='ocrx_word' id='word_1_212' title='bbox 3402 1564 3530 1638; x_wconf 84' lang='grc' dir='ltr'>ἐμὸν</span> <span class='ocrx_word' id='word_1_213' title='bbox 3565 1565 3796 1637; x_wconf 80' lang='grc' dir='ltr'>ἀξίωμα.</span> <span class='ocrx_word' id='word_1_214' title='bbox 3841 1566 4108 1636; x_wconf 85' lang='grc' dir='ltr'>Κρεῖσσον</span> 
     </span>
    </p>
   </div>
   <div class='ocr_carea' id='block_1_31' title="bbox 2446 1649 4110 1729">
    <p class='ocr_par' dir='ltr' id='par_1_31' title="bbox 2446 1649 4110 1729">
     <span class='ocr_line' id='line_1_31' title="bbox 2446 1649 4110 1729; baseline 0.002 -26"><span class='ocrx_word' id='word_1_215' title='bbox 2446 1652 2546 1723; x_wconf 75' lang='grc' dir='ltr'>γὰρ</span> <span class='ocrx_word' id='word_1_216' title='bbox 2605 1652 2678 1712; x_wconf 88' lang='grc' dir='ltr'>ὡς</span> <span class='ocrx_word' id='word_1_217' title='bbox 2726 1649 2820 1705; x_wconf 82' lang='grc' dir='ltr'>ἓνα</span> <span class='ocrx_word' id='word_1_218' title='bbox 2883 1657 2991 1706; x_wconf 89' lang='grc' dir='ltr'>τῶν</span> <span class='ocrx_word' id='word_1_219' title='bbox 3052 1659 3398 1728; x_wconf 82' lang='grc' dir='ltr'>στρατιωτῶν</span> <span class='ocrx_word' id='word_1_220' title='bbox 3456 1655 3883 1729; x_wconf 79' lang='grc' dir='ltr'>έξυπηρετοῦντα</span> <span class='ocrx_word' id='word_1_221' title='bbox 3940 1653 4110 1728; x_wconf 79' lang='grc' dir='ltr'>ἀσφα-</span> 
     </span>
    </p>
   </div>
   <div class='ocr_carea' id='block_1_32' title="bbox 2450 1736 4108 1818">
    <p class='ocr_par' dir='ltr' id='par_1_32' title="bbox 2450 1736 4108 1818">
     <span class='ocr_line' id='line_1_32' title="bbox 2450 1736 4108 1818; baseline 0.002 -26"><span class='ocrx_word' id='word_1_222' title='bbox 2450 1738 2559 1800; x_wconf 86' lang='grc' dir='ltr'>λῶς</span> <span class='ocrx_word' id='word_1_223' title='bbox 2593 1736 2796 1814; x_wconf 82' lang='grc' dir='ltr'>διάγειν</span> <span class='ocrx_word' id='word_1_224' title='bbox 2858 1743 2892 1810; x_wconf 80' lang='grc' dir='ltr'>ἤ</span> <span class='ocrx_word' id='word_1_225' title='bbox 2935 1737 3091 1818; x_wconf 73' lang='grc' dir='ltr'>φόϐῳ</span> <span class='ocrx_word' id='word_1_226' title='bbox 3139 1742 3226 1796; x_wconf 83' lang='grc' dir='ltr'>καὶ</span> <span class='ocrx_word' id='word_1_227' title='bbox 3280 1743 3564 1804; x_wconf 82' lang='grc' dir='ltr'>ὑπονοίαις</span> <span class='ocrx_word' id='word_1_228' title='bbox 3625 1744 3742 1815; x_wconf 77' lang='grc' dir='ltr'>μετ’</span> <span class='ocrx_word' id='word_1_229' title='bbox 3789 1742 4108 1813; x_wconf 81' lang='grc' dir='ltr'>ἀξιώματος</span> 
     </span>
    </p>
   </div>
   <div class='ocr_carea' id='block_1_33' title="bbox 678 1823 4106 1932">
    <p class='ocr_par' dir='ltr' id='par_1_33' title="bbox 678 1823 4106 1932">
     <span class='ocr_line' id='line_1_33' title="bbox 678 1823 4106 1932; baseline 0.001 -51"><span class='ocrx_word' id='word_1_230' title='bbox 678 1827 837 1901; x_wconf 77' lang='grc' dir='ltr'>νερὰν</span> <span class='ocrx_word' id='word_1_231' title='bbox 898 1830 1034 1880; x_wconf 79' lang='grc' dir='ltr'>εἶναι</span> <span class='ocrx_word' id='word_1_232' title='bbox 1093 1826 1180 1880; x_wconf 84' lang='grc' dir='ltr'>καὶ</span> <span class='ocrx_word' id='word_1_233' title='bbox 1241 1832 1354 1888; x_wconf 87' lang='grc' dir='ltr'>τοῖς</span> <span class='ocrx_word' id='word_1_234' title='bbox 1412 1827 1685 1898; x_wconf 78' lang='grc' dir='ltr'>ἀμείνοσιν</span> <span class='ocrx_word' id='word_1_235' title='bbox 1747 1823 2185 1898; x_wconf 76' lang='grc' dir='ltr'>ἀνταμείϐεσθαι.</span> <span class='ocrx_word' id='word_1_236' title='bbox 2245 1827 2337 1880; x_wconf 89' lang='grc' dir='ltr'>Διὸ</span> <span class='ocrx_word' id='word_1_237' title='bbox 2371 1869 2416 1932; x_wconf 78' lang='grc' dir='ltr'><strong>Β</strong></span> <span class='ocrx_word' id='word_1_238' title='bbox 2449 1826 2566 1900; x_wconf 74' lang='grc' dir='ltr'>ζῇν.</span> <span class='ocrx_word' id='word_1_239' title='bbox 2620 1825 2758 1882; x_wconf 76' lang='grc' dir='ltr'>Ἰδοὺ</span> <span class='ocrx_word' id='word_1_240' title='bbox 2800 1829 2978 1883; x_wconf 84' lang='grc' dir='ltr'>τοίνυν</span> <span class='ocrx_word' id='word_1_241' title='bbox 3024 1832 3140 1885; x_wconf 86' lang='grc' dir='ltr'>κατ’</span> <span class='ocrx_word' id='word_1_242' title='bbox 3193 1832 3402 1905; x_wconf 73' lang='grc' dir='ltr'>ἀγαθὴν</span> <span class='ocrx_word' id='word_1_243' title='bbox 3442 1829 3655 1892; x_wconf 78' lang='grc' dir='ltr'>πάντως</span> <span class='ocrx_word' id='word_1_244' title='bbox 3712 1830 3978 1906; x_wconf 87' lang='grc' dir='ltr'>πρόνοιαν</span> <span class='ocrx_word' id='word_1_245' title='bbox 4005 1834 4106 1884; x_wconf 80' lang='grc' dir='ltr'>τοῦ</span> 
     </span>
     <span class='ocr_line' id='line_1_34' title="bbox 751 1911 4065 1932; baseline 0 0"><span class='ocrx_word' id='word_1_246' title='bbox 751 1919 763 1932; x_wconf 81' lang='lat'><strong><em>\</em></strong></span> <span class='ocrx_word' id='word_1_247' title='bbox 950 1914 972 1932; x_wconf 58' lang='grc' dir='ltr'><strong>Ν</strong></span> <span class='ocrx_word' id='word_1_248' title='bbox 1085 1918 1094 1932; x_wconf 90' lang='grc' dir='ltr'><strong><em>Ι</em></strong></span> <span class='ocrx_word' id='word_1_249' title='bbox 1234 1919 1247 1932; x_wconf 71' lang='grc' dir='ltr'>α</span> <span class='ocrx_word' id='word_1_250' title='bbox 1310 1922 1332 1932; x_wconf 61' lang='grc' dir='ltr'>ς</span> <span class='ocrx_word' id='word_1_251' title='bbox 1444 1916 1456 1932; x_wconf 67' lang='lat'><strong>9</strong></span> <span class='ocrx_word' id='word_1_252' title='bbox 1539 1917 1551 1932; x_wconf 79' lang='lat'><strong><em>\</em></strong></span> <span class='ocrx_word' id='word_1_253' title='bbox 1646 1917 1657 1932; x_wconf 70' lang='grc' dir='ltr'>τ</span> <span class='ocrx_word' id='word_1_254' title='bbox 1757 1911 1780 1932; x_wconf 70' lang='grc' dir='ltr'><strong><em>Ἰ</em></strong></span> <span class='ocrx_word' id='word_1_255' title='bbox 1935 1918 1948 1932; x_wconf 81' lang='lat'><strong><em>\</em></strong></span> <span class='ocrx_word' id='word_1_256' title='bbox 2026 1917 2038 1932; x_wconf 62' lang='grc' dir='ltr'><strong>κ</strong></span> <span class='ocrx_word' id='word_1_257' title='bbox 2115 1917 2143 1932; x_wconf 79' lang='lat' dir='ltr'><strong>n</strong></span> <span class='ocrx_word' id='word_1_258' title='bbox 2245 1915 2264 1932; x_wconf 57' lang='grc' dir='ltr'><strong>Ἴ</strong></span> <span class='ocrx_word' id='word_1_259' title='bbox 2290 1915 2299 1932; x_wconf 80' lang='grc' dir='ltr'><strong>Ι</strong></span> <span class='ocrx_word' id='word_1_260' title='bbox 2455 1923 2485 1932; x_wconf 74' lang='grc' dir='ltr'><strong>Α</strong></span> <span class='ocrx_word' id='word_1_261' title='bbox 2553 1920 2579 1930; x_wconf 75' lang='lat'><strong>~</strong></span> <span class='ocrx_word' id='word_1_262' title='bbox 2689 1917 2701 1932; x_wconf 88' lang='lat'><strong><em>\</em></strong></span> <span class='ocrx_word' id='word_1_263' title='bbox 2787 1919 2801 1932; x_wconf 86' lang='lat'><strong><em>\</em></strong></span> <span class='ocrx_word' id='word_1_264' title='bbox 2869 1919 2881 1932; x_wconf 77' lang='grc' dir='ltr'>ο</span> <span class='ocrx_word' id='word_1_265' title='bbox 2960 1921 2970 1932; x_wconf 76' lang='grc' dir='ltr'>ο</span> <span class='ocrx_word' id='word_1_266' title='bbox 3202 1919 3214 1932; x_wconf 72' lang='grc' dir='ltr'>ι</span> <span class='ocrx_word' id='word_1_267' title='bbox 3323 1922 3345 1932; x_wconf 78' lang='grc' dir='ltr'><strong>Α</strong></span> <span class='ocrx_word' id='word_1_268' title='bbox 3381 1925 3404 1932; x_wconf 81' lang='grc'>..</span> <span class='ocrx_word' id='word_1_269' title='bbox 3529 1921 3543 1932; x_wconf 79' lang='grc' dir='ltr'>ι</span> <span class='ocrx_word' id='word_1_270' title='bbox 3633 1921 3645 1932; x_wconf 64' lang='grc' dir='ltr'><strong>ι</strong></span> <span class='ocrx_word' id='word_1_271' title='bbox 4051 1921 4065 1932; x_wconf 63' lang='grc' dir='ltr'><strong>ε</strong></span> 
     </span>
    </p>
   </div>
   <div class='ocr_carea' id='block_1_34' title="bbox 678 1911 2340 1990">
    <p class='ocr_par' dir='ltr' id='par_1_34' title="bbox 678 1911 2340 1990">
     <span class='ocr_line' id='line_1_35' title="bbox 678 1911 2340 1990; baseline -0.002 -19"><span class='ocrx_word' id='word_1_272' title='bbox 678 1919 765 1971; x_wconf 83' lang='grc' dir='ltr'>καὶ</span> <span class='ocrx_word' id='word_1_273' title='bbox 803 1914 1164 1971; x_wconf 73' lang='grc' dir='ltr'>σπουδαστέον</span> <span class='ocrx_word' id='word_1_274' title='bbox 1223 1919 1384 1988; x_wconf 74' lang='grc' dir='ltr'>ἡμῖν,</span> <span class='ocrx_word' id='word_1_275' title='bbox 1439 1916 1553 1971; x_wconf 81' lang='grc' dir='ltr'>ἐπεὶ</span> <span class='ocrx_word' id='word_1_276' title='bbox 1605 1917 1702 1970; x_wconf 84' lang='grc' dir='ltr'>οὐκ</span> <span class='ocrx_word' id='word_1_277' title='bbox 1755 1911 1956 1970; x_wconf 72' lang='grc' dir='ltr'>ἔστιτὸ</span> <span class='ocrx_word' id='word_1_278' title='bbox 1986 1917 2076 1970; x_wconf 87' lang='grc' dir='ltr'>τὸν</span> <span class='ocrx_word' id='word_1_279' title='bbox 2115 1915 2340 1990; x_wconf 87' lang='grc' dir='ltr'>βασιλέα</span> 
     </span>
    </p>
   </div>
   <div class='ocr_carea' id='block_1_35' title="bbox 682 2001 2333 2081">
    <p class='ocr_par' dir='ltr' id='par_1_35' title="bbox 682 2001 2333 2081">
     <span class='ocr_line' id='line_1_36' title="bbox 682 2001 2333 2081; baseline 0.001 -23"><span class='ocrx_word' id='word_1_280' title='bbox 682 2003 934 2071; x_wconf 70' lang='grc' dir='ltr'>δεδιέναι,</span> <span class='ocrx_word' id='word_1_281' title='bbox 966 2007 1027 2058; x_wconf 86' lang='grc' dir='ltr'>τὸ</span> <span class='ocrx_word' id='word_1_282' title='bbox 1054 2006 1184 2071; x_wconf 75' lang='grc' dir='ltr'>ὑπὲρ</span> <span class='ocrx_word' id='word_1_283' title='bbox 1217 2009 1312 2059; x_wconf 78' lang='grc' dir='ltr'>τοῦ</span> <span class='ocrx_word' id='word_1_284' title='bbox 1349 2006 1616 2079; x_wconf 77' lang='grc' dir='ltr'>βασιλέως</span> <span class='ocrx_word' id='word_1_285' title='bbox 1679 2001 1981 2081; x_wconf 78' lang='grc' dir='ltr'>φοϐεῖσθαι,</span> <span class='ocrx_word' id='word_1_286' title='bbox 2035 2006 2108 2064; x_wconf 86' lang='grc' dir='ltr'>ὡς</span> <span class='ocrx_word' id='word_1_287' title='bbox 2160 2003 2333 2059; x_wconf 74' lang='grc' dir='ltr'>ἐντεῦ-</span> 
     </span>
    </p>
   </div>
   <div class='ocr_carea' id='block_1_36' title="bbox 676 2093 2336 2165">
    <p class='ocr_par' dir='ltr' id='par_1_36' title="bbox 676 2093 2336 2165">
     <span class='ocr_line' id='line_1_37' title="bbox 676 2093 2336 2165; baseline -0.001 -18"><span class='ocrx_word' id='word_1_288' title='bbox 676 2096 761 2148; x_wconf 88' lang='grc' dir='ltr'>θεν</span> <span class='ocrx_word' id='word_1_289' title='bbox 813 2093 848 2161; x_wconf 70' lang='grc' dir='ltr'>ἢ</span> <span class='ocrx_word' id='word_1_290' title='bbox 909 2094 985 2161; x_wconf 76' lang='grc' dir='ltr'>εὖ,</span> <span class='ocrx_word' id='word_1_291' title='bbox 1056 2093 1100 2146; x_wconf 81' lang='grc' dir='ltr'>εί</span> <span class='ocrx_word' id='word_1_292' title='bbox 1144 2096 1358 2162; x_wconf 77' lang='grc' dir='ltr'>σώζοιτ’</span> <span class='ocrx_word' id='word_1_293' title='bbox 1417 2093 1639 2162; x_wconf 74' lang='grc' dir='ltr'>ἐκεῖνος,</span> <span class='ocrx_word' id='word_1_294' title='bbox 1697 2094 1731 2162; x_wconf 72' lang='grc' dir='ltr'>ἢ</span> <span class='ocrx_word' id='word_1_295' title='bbox 1784 2099 1985 2162; x_wconf 81' lang='grc' dir='ltr'>κακῶς,</span> <span class='ocrx_word' id='word_1_296' title='bbox 2038 2094 2195 2165; x_wconf 80' lang='grc' dir='ltr'>εἰμὴ</span> <span class='ocrx_word' id='word_1_297' title='bbox 2227 2094 2336 2147; x_wconf 87' lang='grc' dir='ltr'>σώ-</span> 
     </span>
    </p>
   </div>
   <div class='ocr_carea' id='block_1_37' title="bbox 679 2179 2332 2255">
    <p class='ocr_par' dir='ltr' id='par_1_37' title="bbox 679 2179 2332 2255">
     <span class='ocr_line' id='line_1_38' title="bbox 679 2179 2332 2255; baseline -0.001 -19"><span class='ocrx_word' id='word_1_298' title='bbox 679 2188 849 2253; x_wconf 82' lang='grc' dir='ltr'>ζοιτο,</span> <span class='ocrx_word' id='word_1_299' title='bbox 919 2184 1055 2253; x_wconf 75' lang='grc' dir='ltr'>ἡμῖν</span> <span class='ocrx_word' id='word_1_300' title='bbox 1135 2181 1375 2252; x_wconf 82' lang='grc' dir='ltr'>ἐλπίζειν</span> <span class='ocrx_word' id='word_1_301' title='bbox 1449 2179 1786 2255; x_wconf 69' lang='grc' dir='ltr'>συμϐαίνειν.</span> <span class='ocrx_word' id='word_1_302' title='bbox 1858 2182 1954 2236; x_wconf 77' lang='grc' dir='ltr'>Καὶ</span> <span class='ocrx_word' id='word_1_303' title='bbox 2014 2185 2181 2236; x_wconf 78' lang='grc' dir='ltr'>ταῦτα</span> <span class='ocrx_word' id='word_1_304' title='bbox 2239 2183 2332 2254; x_wconf 72' lang='grc' dir='ltr'>μὶν</span> 
     </span>
    </p>
   </div>
   <div class='ocr_carea' id='block_1_38' title="bbox 671 2269 2332 2346">
    <p class='ocr_par' dir='ltr' id='par_1_38' title="bbox 671 2269 2332 2346">
     <span class='ocr_line' id='line_1_39' title="bbox 671 2269 2332 2346; baseline -0.001 -22"><span class='ocrx_word' id='word_1_305' title='bbox 671 2273 807 2344; x_wconf 90' lang='grc' dir='ltr'>πρὸς</span> <span class='ocrx_word' id='word_1_306' title='bbox 866 2272 990 2331; x_wconf 84' lang='grc' dir='ltr'>τοὺς</span> <span class='ocrx_word' id='word_1_307' title='bbox 1067 2269 1232 2343; x_wconf 87' lang='grc' dir='ltr'>ἐμους</span> <span class='ocrx_word' id='word_1_308' title='bbox 1302 2275 1706 2346; x_wconf 84' lang='grc' dir='ltr'>συστρατιώτας</span> <span class='ocrx_word' id='word_1_309' title='bbox 1768 2274 1906 2345; x_wconf 82' lang='grc' dir='ltr'>ὑμᾶς</span> <span class='ocrx_word' id='word_1_310' title='bbox 1961 2271 2051 2326; x_wconf 86' lang='grc' dir='ltr'>καὶ</span> <span class='ocrx_word' id='word_1_311' title='bbox 2111 2271 2332 2344; x_wconf 86' lang='grc' dir='ltr'>συντρό-</span> 
     </span>
    </p>
   </div>
   <div class='ocr_carea' id='block_1_39' title="bbox 673 2359 2333 2436">
    <p class='ocr_par' dir='ltr' id='par_1_39' title="bbox 673 2359 2333 2436">
     <span class='ocr_line' id='line_1_40' title="bbox 673 2359 2333 2436; baseline -0.001 -22"><span class='ocrx_word' id='word_1_312' title='bbox 673 2376 827 2433; x_wconf 78' lang='grc' dir='ltr'>φους·</span> <span class='ocrx_word' id='word_1_313' title='bbox 892 2361 974 2431; x_wconf 87' lang='grc' dir='ltr'>[Ρ.</span> <span class='ocrx_word' id='word_1_314' title='bbox 1010 2361 1100 2431; x_wconf 77' lang='grc'>⁸26]</span> <span class='ocrx_word' id='word_1_315' title='bbox 1149 2362 1287 2432; x_wconf 85' lang='grc' dir='ltr'>πρὸς</span> <span class='ocrx_word' id='word_1_316' title='bbox 1344 2359 1400 2415; x_wconf 72' lang='grc' dir='ltr'>δὲ</span> <span class='ocrx_word' id='word_1_317' title='bbox 1455 2361 1584 2424; x_wconf 74' lang='grc' dir='ltr'>τοὺς</span> <span class='ocrx_word' id='word_1_318' title='bbox 1639 2364 1724 2422; x_wconf 81' lang='grc' dir='ltr'>οἷς</span> <span class='ocrx_word' id='word_1_319' title='bbox 1787 2360 2039 2436; x_wconf 81' lang='grc' dir='ltr'>ὑπερέχει</span> <span class='ocrx_word' id='word_1_320' title='bbox 2071 2361 2132 2413; x_wconf 87' lang='grc' dir='ltr'>τὸ</span> <span class='ocrx_word' id='word_1_321' title='bbox 2181 2359 2333 2435; x_wconf 61' lang='grc' dir='ltr'>γένος</span> 
     </span>
    </p>
   </div>
   <div class='ocr_carea' id='block_1_40' title="bbox 672 2445 2336 2525">
    <p class='ocr_par' dir='ltr' id='par_1_40' title="bbox 672 2445 2336 2525">
     <span class='ocr_line' id='line_1_41' title="bbox 672 2445 2336 2525; baseline -0.001 -23"><span class='ocrx_word' id='word_1_322' title='bbox 672 2451 759 2503; x_wconf 85' lang='grc' dir='ltr'>καὶ</span> <span class='ocrx_word' id='word_1_323' title='bbox 822 2445 1105 2522; x_wconf 83' lang='grc' dir='ltr'>διαπρέπει</span> <span class='ocrx_word' id='word_1_324' title='bbox 1157 2449 1224 2503; x_wconf 75' lang='grc' dir='ltr'>τὰ</span> <span class='ocrx_word' id='word_1_325' title='bbox 1277 2451 1558 2524; x_wconf 81' lang='grc' dir='ltr'>ἀξιώματα</span> <span class='ocrx_word' id='word_1_326' title='bbox 1593 2492 1608 2520; x_wconf 93' lang='grc'>,</span> <span class='ocrx_word' id='word_1_327' title='bbox 1687 2450 1980 2525; x_wconf 78' lang='grc' dir='ltr'>ὑπέρχεταί</span> <span class='ocrx_word' id='word_1_328' title='bbox 2046 2470 2138 2522; x_wconf 86' lang='grc' dir='ltr'>μοι</span> <span class='ocrx_word' id='word_1_329' title='bbox 2202 2447 2336 2520; x_wconf 83' lang='grc' dir='ltr'>μετὰ</span> 
     </span>
    </p>
   </div>
   <div class='ocr_carea' id='block_1_41' title="bbox 670 2602 2322 2678">
    <p class='ocr_par' dir='ltr' id='par_1_41' title="bbox 670 2602 2322 2678">
     <span class='ocr_line' id='line_1_42' title="bbox 670 2602 2322 2678; baseline -0.005 -13"><span class='ocrx_word' id='word_1_330' title='bbox 670 2613 988 2666; x_wconf 89' lang='lat' dir='ltr'>consuetus</span> <span class='ocrx_word' id='word_1_331' title='bbox 1022 2623 1221 2678; x_wconf 84' lang='lat' dir='ltr'>regum</span> <span class='ocrx_word' id='word_1_332' title='bbox 1283 2607 1466 2660; x_wconf 82' lang='lat' dir='ltr'>fastus</span> <span class='ocrx_word' id='word_1_333' title='bbox 1500 2605 1572 2659; x_wconf 90' lang='lat' dir='ltr'>ad</span> <span class='ocrx_word' id='word_1_334' title='bbox 1631 2603 1994 2675; x_wconf 77' lang='lat' dir='ltr'>spernendos</span> <span class='ocrx_word' id='word_1_335' title='bbox 2052 2602 2322 2657; x_wconf 88' lang='lat' dir='ltr'>subditos</span> 
     </span>
    </p>
   </div>
   <div class='ocr_carea' id='block_1_42' title="bbox 671 2694 2325 2770">
    <p class='ocr_par' dir='ltr' id='par_1_42' title="bbox 671 2694 2325 2770">
     <span class='ocr_line' id='line_1_43' title="bbox 671 2694 2325 2770; baseline -0.007 -16"><span class='ocrx_word' id='word_1_336' title='bbox 671 2699 990 2770; x_wconf 90' lang='lat' dir='ltr'>minusque</span> <span class='ocrx_word' id='word_1_337' title='bbox 1006 2697 1296 2753; x_wconf 87' lang='lat' dir='ltr'>curandas</span> <span class='ocrx_word' id='word_1_338' title='bbox 1318 2694 1694 2749; x_wconf 77' lang='lat' dir='ltr'>necessitates</span> <span class='ocrx_word' id='word_1_339' title='bbox 1712 2708 1936 2758; x_wconf 89' lang='lat' dir='ltr'>eorum;</span> <span class='ocrx_word' id='word_1_340' title='bbox 1961 2695 2325 2746; x_wconf 84' lang='lat' dir='ltr'>metueretur</span> 
     </span>
    </p>
   </div>
   <div class='ocr_carea' id='block_1_43' title="bbox 672 2782 2320 2856">
    <p class='ocr_par' dir='ltr' id='par_1_43' title="bbox 672 2782 2320 2856">
     <span class='ocr_line' id='line_1_44' title="bbox 672 2782 2320 2856; baseline -0.005 -14"><span class='ocrx_word' id='word_1_341' title='bbox 672 2787 847 2842; x_wconf 89' lang='lat' dir='ltr'>etiam</span> <span class='ocrx_word' id='word_1_342' title='bbox 884 2805 954 2842; x_wconf 92' lang='lat' dir='ltr'>ne</span> <span class='ocrx_word' id='word_1_343' title='bbox 984 2804 1097 2842; x_wconf 89' lang='lat' dir='ltr'>non</span> <span class='ocrx_word' id='word_1_344' title='bbox 1133 2785 1280 2840; x_wconf 89' lang='lat' dir='ltr'>adiri</span> <span class='ocrx_word' id='word_1_345' title='bbox 1310 2789 1528 2856; x_wconf 84' lang='lat' dir='ltr'>posset,</span> <span class='ocrx_word' id='word_1_346' title='bbox 1565 2800 1634 2837; x_wconf 93' lang='lat' dir='ltr'>ne</span> <span class='ocrx_word' id='word_1_347' title='bbox 1683 2800 1793 2836; x_wconf 92' lang='lat' dir='ltr'>non</span> <span class='ocrx_word' id='word_1_348' title='bbox 1857 2782 1939 2835; x_wconf 86' lang='lat' dir='ltr'><strong>illi</strong></span> <span class='ocrx_word' id='word_1_349' title='bbox 1976 2785 2205 2835; x_wconf 83' lang='lat' dir='ltr'>vacaret</span> <span class='ocrx_word' id='word_1_350' title='bbox 2236 2785 2320 2834; x_wconf 82' lang='lat' dir='ltr'>at-</span> 
     </span>
    </p>
   </div>
   <div class='ocr_carea' id='block_1_44' title="bbox 668 2869 2317 2942">
    <p class='ocr_par' dir='ltr' id='par_1_44' title="bbox 668 2869 2317 2942">
     <span class='ocr_line' id='line_1_45' title="bbox 668 2869 2317 2942; baseline -0.004 -11"><span class='ocrx_word' id='word_1_351' title='bbox 668 2879 924 2932; x_wconf 85' lang='lat' dir='ltr'>tendere.</span> <span class='ocrx_word' id='word_1_352' title='bbox 960 2877 1125 2931; x_wconf 90' lang='lat' dir='ltr'>Nunc</span> <span class='ocrx_word' id='word_1_353' title='bbox 1156 2873 1300 2929; x_wconf 88' lang='lat' dir='ltr'>nihil</span> <span class='ocrx_word' id='word_1_354' title='bbox 1360 2872 1563 2928; x_wconf 91' lang='lat' dir='ltr'>oberit.</span> <span class='ocrx_word' id='word_1_355' title='bbox 1627 2871 1866 2926; x_wconf 82' lang='lat' dir='ltr'>Habetis</span> <span class='ocrx_word' id='word_1_356' title='bbox 1921 2871 2217 2942; x_wconf 82' lang='lat' dir='ltr'>expositos</span> <span class='ocrx_word' id='word_1_357' title='bbox 2249 2869 2317 2924; x_wconf 87' lang='lat' dir='ltr'>ad</span> 
     </span>
    </p>
   </div>
   <div class='ocr_carea' id='block_1_45' title="bbox 663 2959 2320 3032">
    <p class='ocr_par' dir='ltr' id='par_1_45' title="bbox 663 2959 2320 3032">
     <span class='ocr_line' id='line_1_46' title="bbox 663 2959 2320 3032; baseline -0.004 -12"><span class='ocrx_word' id='word_1_358' title='bbox 663 2972 888 3020; x_wconf 88' lang='lat' dir='ltr'>vestros</span> <span class='ocrx_word' id='word_1_359' title='bbox 913 2983 1056 3020; x_wconf 92' lang='lat' dir='ltr'>usus</span> <span class='ocrx_word' id='word_1_360' title='bbox 1078 2970 1373 3018; x_wconf 87' lang='lat' dir='ltr'>curatores</span> <span class='ocrx_word' id='word_1_361' title='bbox 1395 2963 1523 3032; x_wconf 85' lang='lat' dir='ltr'>ejus</span> <span class='ocrx_word' id='word_1_362' title='bbox 1550 2986 1564 3029; x_wconf 85' lang='lat'><strong>;</strong></span> <span class='ocrx_word' id='word_1_363' title='bbox 1587 2960 1894 3016; x_wconf 82' lang='lat' dir='ltr'>convenire</span> <span class='ocrx_word' id='word_1_364' title='bbox 1916 2960 2065 3030; x_wconf 81' lang='lat' dir='ltr'>,licet</span> <span class='ocrx_word' id='word_1_365' title='bbox 2085 2959 2320 3030; x_wconf 85' lang='lat' dir='ltr'>quando</span> 
     </span>
    </p>
   </div>
   <div class='ocr_carea' id='block_1_46' title="bbox 666 3049 2319 3127">
    <p class='ocr_par' dir='ltr' id='par_1_46' title="bbox 666 3049 2319 3127">
     <span class='ocr_line' id='line_1_47' title="bbox 666 3049 2319 3127; baseline -0.006 -16"><span class='ocrx_word' id='word_1_366' title='bbox 666 3060 724 3112; x_wconf 91' lang='lat' dir='ltr'>et</span> <span class='ocrx_word' id='word_1_367' title='bbox 754 3056 984 3127; x_wconf 89' lang='lat' dir='ltr'>quoties</span> <span class='ocrx_word' id='word_1_368' title='bbox 1019 3053 1242 3123; x_wconf 87' lang='lat' dir='ltr'>libebit,</span> <span class='ocrx_word' id='word_1_369' title='bbox 1275 3053 1494 3107; x_wconf 91' lang='lat' dir='ltr'>instare</span> <span class='ocrx_word' id='word_1_370' title='bbox 1528 3051 1667 3124; x_wconf 91' lang='lat' dir='ltr'>quin</span> <span class='ocrx_word' id='word_1_371' title='bbox 1702 3049 1902 3121; x_wconf 88' lang='lat' dir='ltr'>etiam,</span> <span class='ocrx_word' id='word_1_372' title='bbox 1928 3051 2139 3104; x_wconf 81' lang='lat' dir='ltr'>iterare</span> <span class='ocrx_word' id='word_1_373' title='bbox 2172 3049 2319 3119; x_wconf 90' lang='lat' dir='ltr'>peti-</span> 
     </span>
    </p>
   </div>
   <div class='ocr_carea' id='block_1_47' title="bbox 668 3137 2320 3214">
    <p class='ocr_par' dir='ltr' id='par_1_47' title="bbox 668 3137 2320 3214">
     <span class='ocr_line' id='line_1_48' title="bbox 668 3137 2320 3214; baseline -0.005 -15"><span class='ocrx_word' id='word_1_374' title='bbox 668 3146 880 3214; x_wconf 82' lang='lat' dir='ltr'>tiones,</span> <span class='ocrx_word' id='word_1_375' title='bbox 915 3159 1090 3214; x_wconf 88' lang='lat' dir='ltr'>quam</span> <span class='ocrx_word' id='word_1_376' title='bbox 1123 3143 1325 3198; x_wconf 89' lang='lat' dir='ltr'>crebro</span> <span class='ocrx_word' id='word_1_377' title='bbox 1358 3147 1414 3196; x_wconf 89' lang='lat' dir='ltr'>et</span> <span class='ocrx_word' id='word_1_378' title='bbox 1457 3157 1636 3212; x_wconf 86' lang='lat' dir='ltr'>quam</span> <span class='ocrx_word' id='word_1_379' title='bbox 1669 3139 1907 3195; x_wconf 85' lang='lat' dir='ltr'>assidue</span> <span class='ocrx_word' id='word_1_380' title='bbox 1937 3156 2088 3210; x_wconf 90' lang='lat' dir='ltr'>opus</span> <span class='ocrx_word' id='word_1_381' title='bbox 2145 3137 2320 3192; x_wconf 86' lang='lat' dir='ltr'>fuerit</span> 
     </span>
    </p>
   </div>
   <div class='ocr_carea' id='block_1_48' title="bbox 2449 1917 4107 1992">
    <p class='ocr_par' dir='ltr' id='par_1_48' title="bbox 2449 1917 4107 1992">
     <span class='ocr_line' id='line_1_49' title="bbox 2449 1917 4107 1992; baseline 0.001 -22"><span class='ocrx_word' id='word_1_382' title='bbox 2449 1920 2583 1970; x_wconf 79' lang='grc' dir='ltr'>Θεοῦ</span> <span class='ocrx_word' id='word_1_383' title='bbox 2614 1917 2704 1970; x_wconf 85' lang='grc' dir='ltr'>καὶ</span> <span class='ocrx_word' id='word_1_384' title='bbox 2747 1919 2809 1970; x_wconf 85' lang='grc' dir='ltr'>τὸ</span> <span class='ocrx_word' id='word_1_385' title='bbox 2863 1919 3106 1988; x_wconf 78' lang='grc' dir='ltr'>ὑπήκοον</span> <span class='ocrx_word' id='word_1_386' title='bbox 3166 1919 3404 1974; x_wconf 81' lang='grc' dir='ltr'>εὑπειθεῖ</span> <span class='ocrx_word' id='word_1_387' title='bbox 3456 1921 3546 1974; x_wconf 84' lang='grc' dir='ltr'>καὶ</span> <span class='ocrx_word' id='word_1_388' title='bbox 3592 1921 3656 1975; x_wconf 82' lang='grc' dir='ltr'>τὸ</span> <span class='ocrx_word' id='word_1_389' title='bbox 3711 1921 4107 1992; x_wconf 72' lang='grc' dir='ltr'>στρατιωτικὸν</span> 
     </span>
    </p>
   </div>
   <div class='ocr_carea' id='block_1_49' title="bbox 2445 2003 4108 2085">
    <p class='ocr_par' dir='ltr' id='par_1_49' title="bbox 2445 2003 4108 2085">
     <span class='ocr_line' id='line_1_50' title="bbox 2445 2003 4108 2085; baseline 0.002 -27"><span class='ocrx_word' id='word_1_390' title='bbox 2445 2003 2689 2059; x_wconf 83' lang='grc' dir='ltr'>εὐτακτεῖ</span> <span class='ocrx_word' id='word_1_391' title='bbox 2736 2006 2922 2061; x_wconf 75' lang='grc' dir='ltr'>καὶτὰ</span> <span class='ocrx_word' id='word_1_392' title='bbox 2951 2011 3059 2061; x_wconf 87' lang='grc' dir='ltr'>τῶν</span> <span class='ocrx_word' id='word_1_393' title='bbox 3088 2007 3302 2083; x_wconf 81' lang='grc' dir='ltr'>ἐχθρῶν</span> <span class='ocrx_word' id='word_1_394' title='bbox 3348 2011 3564 2085; x_wconf 84' lang='grc' dir='ltr'>ἠρεμεῖ.</span> <span class='ocrx_word' id='word_1_395' title='bbox 3609 2010 3707 2062; x_wconf 79' lang='grc' dir='ltr'>Καὶ</span> <span class='ocrx_word' id='word_1_396' title='bbox 3759 2007 3966 2063; x_wconf 88' lang='grc' dir='ltr'>πολλοί</span> <span class='ocrx_word' id='word_1_397' title='bbox 4013 2030 4108 2063; x_wconf 86' lang='grc' dir='ltr'>τι-</span> 
     </span>
    </p>
   </div>
   <div class='ocr_carea' id='block_1_50' title="bbox 2444 2093 4106 2174">
    <p class='ocr_par' dir='ltr' id='par_1_50' title="bbox 2444 2093 4106 2174">
     <span class='ocr_line' id='line_1_51' title="bbox 2444 2093 4106 2174; baseline 0.004 -28"><span class='ocrx_word' id='word_1_398' title='bbox 2444 2113 2530 2154; x_wconf 84' lang='grc' dir='ltr'>νες</span> <span class='ocrx_word' id='word_1_399' title='bbox 2564 2093 2718 2165; x_wconf 84' lang='grc' dir='ltr'>ὑμεῖς</span> <span class='ocrx_word' id='word_1_400' title='bbox 2747 2096 2834 2149; x_wconf 83' lang='grc' dir='ltr'>καὶ</span> <span class='ocrx_word' id='word_1_401' title='bbox 2861 2097 3116 2168; x_wconf 82' lang='grc' dir='ltr'>μεγάλοι,</span> <span class='ocrx_word' id='word_1_402' title='bbox 3168 2099 3219 2152; x_wconf 80' lang='grc' dir='ltr'>οἱ</span> <span class='ocrx_word' id='word_1_403' title='bbox 3255 2100 3348 2168; x_wconf 76' lang='grc' dir='ltr'>μὲν</span> <span class='ocrx_word' id='word_1_404' title='bbox 3380 2099 3516 2173; x_wconf 83' lang='grc' dir='ltr'>πρὸς</span> <span class='ocrx_word' id='word_1_405' title='bbox 3564 2096 3796 2170; x_wconf 75' lang='grc' dir='ltr'>α’ίματος</span> <span class='ocrx_word' id='word_1_406' title='bbox 3837 2103 3919 2169; x_wconf 84' lang='grc' dir='ltr'>τῷ</span> <span class='ocrx_word' id='word_1_407' title='bbox 3967 2119 4106 2174; x_wconf 86' lang='grc' dir='ltr'>κρα-</span> 
     </span>
    </p>
   </div>
   <div class='ocr_carea' id='block_1_51' title="bbox 2442 2181 4105 2263">
    <p class='ocr_par' dir='ltr' id='par_1_51' title="bbox 2442 2181 4105 2263">
     <span class='ocr_line' id='line_1_52' title="bbox 2442 2181 4105 2263; baseline 0.004 -29"><span class='ocrx_word' id='word_1_408' title='bbox 2442 2186 2642 2251; x_wconf 80' lang='grc' dir='ltr'>τοῦντι,</span> <span class='ocrx_word' id='word_1_409' title='bbox 2687 2185 2739 2237; x_wconf 76' lang='grc' dir='ltr'>οἱ</span> <span class='ocrx_word' id='word_1_410' title='bbox 2791 2181 2847 2238; x_wconf 78' lang='grc' dir='ltr'>δὲ</span> <span class='ocrx_word' id='word_1_411' title='bbox 2894 2187 2982 2239; x_wconf 86' lang='grc' dir='ltr'>καὶ</span> <span class='ocrx_word' id='word_1_412' title='bbox 3047 2191 3164 2248; x_wconf 87' lang='grc' dir='ltr'>τοῖς</span> <span class='ocrx_word' id='word_1_413' title='bbox 3230 2187 3499 2261; x_wconf 79' lang='grc' dir='ltr'>ἀξιώμασι</span> <span class='ocrx_word' id='word_1_414' title='bbox 3564 2184 3954 2263; x_wconf 79' lang='grc' dir='ltr'>διαπρέποντες</span> <span class='ocrx_word' id='word_1_415' title='bbox 4011 2189 4105 2241; x_wconf 82' lang='grc' dir='ltr'>καὶ</span> 
     </span>
    </p>
   </div>
   <div class='ocr_carea' id='block_1_52' title="bbox 2442 2271 4104 2351">
    <p class='ocr_par' dir='ltr' id='par_1_52' title="bbox 2442 2271 4104 2351">
     <span class='ocr_line' id='line_1_53' title="bbox 2442 2271 4104 2351; baseline 0.004 -27"><span class='ocrx_word' id='word_1_416' title='bbox 2442 2272 2559 2334; x_wconf 78' lang='grc' dir='ltr'>καθ’</span> <span class='ocrx_word' id='word_1_417' title='bbox 2620 2272 2647 2324; x_wconf 86' lang='grc' dir='ltr'>ὃ</span> <span class='ocrx_word' id='word_1_418' title='bbox 2687 2293 2739 2326; x_wconf 88' lang='grc' dir='ltr'>τι</span> <span class='ocrx_word' id='word_1_419' title='bbox 2789 2271 2849 2326; x_wconf 78' lang='grc' dir='ltr'>ἃν</span> <span class='ocrx_word' id='word_1_420' title='bbox 2900 2294 2982 2337; x_wconf 90' lang='grc' dir='ltr'>τις</span> <span class='ocrx_word' id='word_1_421' title='bbox 3030 2273 3176 2329; x_wconf 80' lang='grc' dir='ltr'>εἷ’ποι</span> <span class='ocrx_word' id='word_1_422' title='bbox 3223 2273 3391 2330; x_wconf 82' lang='grc' dir='ltr'>καλὸν</span> <span class='ocrx_word' id='word_1_423' title='bbox 3442 2275 3531 2330; x_wconf 86' lang='grc' dir='ltr'>καὶ</span> <span class='ocrx_word' id='word_1_424' title='bbox 3570 2280 3813 2350; x_wconf 80' lang='grc' dir='ltr'>γενναῖον</span> <span class='ocrx_word' id='word_1_425' title='bbox 3876 2276 4104 2351; x_wconf 80' lang='grc' dir='ltr'>ὑπερτε-</span> 
     </span>
    </p>
   </div>
   <div class='ocr_carea' id='block_1_53' title="bbox 2444 2360 4106 2440">
    <p class='ocr_par' dir='ltr' id='par_1_53' title="bbox 2444 2360 4106 2440">
     <span class='ocr_line' id='line_1_54' title="bbox 2444 2360 4106 2440; baseline 0.004 -26"><span class='ocrx_word' id='word_1_426' title='bbox 2444 2360 2682 2436; x_wconf 77' lang='grc' dir='ltr'>ροὖντες.</span> <span class='ocrx_word' id='word_1_427' title='bbox 2716 2361 2816 2418; x_wconf 73' lang='grc' dir='ltr'>Καὶ</span> <span class='ocrx_word' id='word_1_428' title='bbox 2857 2363 3093 2437; x_wconf 78' lang='grc' dir='ltr'>ἀνάγκης</span> <span class='ocrx_word' id='word_1_429' title='bbox 3143 2365 3309 2437; x_wconf 74' lang='grc' dir='ltr'>οὕσης</span> <span class='ocrx_word' id='word_1_430' title='bbox 3362 2371 3740 2438; x_wconf 85' lang='grc' dir='ltr'>νεοκομεῖσθαι</span> <span class='ocrx_word' id='word_1_431' title='bbox 3795 2369 3888 2422; x_wconf 90' lang='grc' dir='ltr'>τὸν</span> <span class='ocrx_word' id='word_1_432' title='bbox 3943 2368 4106 2440; x_wconf 77' lang='grc' dir='ltr'>βασι-</span> 
     </span>
    </p>
   </div>
   <div class='ocr_carea' id='block_1_54' title="bbox 2444 2445 4103 2531">
    <p class='ocr_par' dir='ltr' id='par_1_54' title="bbox 2444 2445 4103 2531">
     <span class='ocr_line' id='line_1_55' title="bbox 2444 2445 4103 2531; baseline 0.005 -30"><span class='ocrx_word' id='word_1_433' title='bbox 2444 2445 2565 2520; x_wconf 76' lang='grc' dir='ltr'>λέα,</span> <span class='ocrx_word' id='word_1_434' title='bbox 2617 2448 2921 2524; x_wconf 82' lang='grc' dir='ltr'>ὲκλεγέσθω</span> <span class='ocrx_word' id='word_1_435' title='bbox 2973 2453 3067 2524; x_wconf 77' lang='grc' dir='ltr'>μὶν</span> <span class='ocrx_word' id='word_1_436' title='bbox 3120 2455 3147 2508; x_wconf 87' lang='grc' dir='ltr'>ὁ</span> <span class='ocrx_word' id='word_1_437' title='bbox 3177 2456 3252 2525; x_wconf 82' lang='grc' dir='ltr'><strong>μή</strong></span> <span class='ocrx_word' id='word_1_438' title='bbox 3301 2452 3544 2525; x_wconf 68' lang='grc' dir='ltr'>ἀπᾴδων,</span> <span class='ocrx_word' id='word_1_439' title='bbox 3575 2452 3780 2529; x_wconf 73' lang='grc' dir='ltr'>ἕψομαι</span> <span class='ocrx_word' id='word_1_440' title='bbox 3841 2453 3899 2509; x_wconf 79' lang='grc' dir='ltr'>δὲ</span> <span class='ocrx_word' id='word_1_441' title='bbox 3944 2457 4103 2531; x_wconf 75' lang='grc' dir='ltr'>κάγὼ</span> 
     </span>
    </p>
   </div>
   <div class='ocr_carea' id='block_1_55' title="bbox 2435 2611 4106 2683">
    <p class='ocr_par' dir='ltr' id='par_1_55' title="bbox 2435 2611 4106 2683">
     <span class='ocr_line' id='line_1_56' title="bbox 2435 2611 4106 2683; baseline 0.003 -22"><span class='ocrx_word' id='word_1_442' title='bbox 2435 2613 2489 2662; x_wconf 87' lang='lat' dir='ltr'>et</span> <span class='ocrx_word' id='word_1_443' title='bbox 2525 2614 2922 2683; x_wconf 80' lang='lat' dir='ltr'>prosperitate</span> <span class='ocrx_word' id='word_1_444' title='bbox 2961 2611 3121 2666; x_wconf 90' lang='lat' dir='ltr'>illius</span> <span class='ocrx_word' id='word_1_445' title='bbox 3151 2612 3430 2683; x_wconf 86' lang='lat' dir='ltr'>pendent.</span> <span class='ocrx_word' id='word_1_446' title='bbox 3493 2617 3627 2667; x_wconf 65' lang='lat' dir='ltr'>Haec</span> <span class='ocrx_word' id='word_1_447' title='bbox 3679 2611 3968 2666; x_wconf 82' lang='lat' dir='ltr'>hactenus</span> <span class='ocrx_word' id='word_1_448' title='bbox 4027 2612 4106 2666; x_wconf 87' lang='lat' dir='ltr'>ad</span> 
     </span>
    </p>
   </div>
   <div class='ocr_carea' id='block_1_56' title="bbox 2436 2701 4096 2773">
    <p class='ocr_par' dir='ltr' id='par_1_56' title="bbox 2436 2701 4096 2773">
     <span class='ocr_line' id='line_1_57' title="bbox 2436 2701 4096 2773; baseline 0 -19"><span class='ocrx_word' id='word_1_449' title='bbox 2436 2703 2870 2758; x_wconf 87' lang='lat' dir='ltr'>commilitones</span> <span class='ocrx_word' id='word_1_450' title='bbox 2902 2705 2958 2757; x_wconf 92' lang='lat' dir='ltr'>et</span> <span class='ocrx_word' id='word_1_451' title='bbox 2987 2701 3218 2757; x_wconf 83' lang='lat' dir='ltr'>sodales</span> <span class='ocrx_word' id='word_1_452' title='bbox 3279 2719 3446 2757; x_wconf 90' lang='lat' dir='ltr'>meos</span> <span class='ocrx_word' id='word_1_453' title='bbox 3474 2701 3631 2772; x_wconf 82' lang='lat' dir='ltr'>dixi;</span> <span class='ocrx_word' id='word_1_454' title='bbox 3690 2701 3968 2773; x_wconf 88' lang='lat' dir='ltr'>deinceps</span> <span class='ocrx_word' id='word_1_455' title='bbox 4018 2701 4096 2755; x_wconf 91' lang='lat' dir='ltr'>ad</span> 
     </span>
    </p>
   </div>
   <div class='ocr_carea' id='block_1_57' title="bbox 2439 2789 4099 2862">
    <p class='ocr_par' dir='ltr' id='par_1_57' title="bbox 2439 2789 4099 2862">
     <span class='ocr_line' id='line_1_58' title="bbox 2439 2789 4099 2862; baseline 0.001 -19"><span class='ocrx_word' id='word_1_456' title='bbox 2439 2805 2537 2844; x_wconf 88' lang='lat' dir='ltr'>eos</span> <span class='ocrx_word' id='word_1_457' title='bbox 2571 2806 2818 2856; x_wconf 80' lang='lat' dir='ltr'>quorum</span> <span class='ocrx_word' id='word_1_458' title='bbox 2852 2790 3074 2845; x_wconf 84' lang='lat' dir='ltr'>eminet</span> <span class='ocrx_word' id='word_1_459' title='bbox 3121 2806 3330 2862; x_wconf 85' lang='lat' dir='ltr'>genus,</span> <span class='ocrx_word' id='word_1_460' title='bbox 3385 2806 3631 2861; x_wconf 90' lang='lat' dir='ltr'>quorum</span> <span class='ocrx_word' id='word_1_461' title='bbox 3683 2789 4003 2861; x_wconf 78' lang='lat' dir='ltr'>dignitates</span> <span class='ocrx_word' id='word_1_462' title='bbox 4035 2789 4099 2844; x_wconf 90' lang='lat' dir='ltr'>in</span> 
     </span>
    </p>
   </div>
   <div class='ocr_carea' id='block_1_58' title="bbox 2437 2878 4100 2951">
    <p class='ocr_par' dir='ltr' id='par_1_58' title="bbox 2437 2878 4100 2951">
     <span class='ocr_line' id='line_1_59' title="bbox 2437 2878 4100 2951; baseline 0.002 -21"><span class='ocrx_word' id='word_1_463' title='bbox 2437 2878 2742 2948; x_wconf 88' lang='lat' dir='ltr'>republica</span> <span class='ocrx_word' id='word_1_464' title='bbox 2777 2878 3148 2951; x_wconf 69' lang='lat' dir='ltr'>praefulgent,</span> <span class='ocrx_word' id='word_1_465' title='bbox 3183 2881 3304 2935; x_wconf 68' lang='lat' dir='ltr'>haec</span> <span class='ocrx_word' id='word_1_466' title='bbox 3365 2880 3613 2935; x_wconf 88' lang='lat' dir='ltr'>dicenda</span> <span class='ocrx_word' id='word_1_467' title='bbox 3636 2879 3925 2950; x_wconf 85' lang='lat' dir='ltr'>judicavi,</span> <span class='ocrx_word' id='word_1_468' title='bbox 3959 2895 4100 2933; x_wconf 89' lang='lat' dir='ltr'>cum</span> 
     </span>
    </p>
   </div>
   <div class='ocr_carea' id='block_1_59' title="bbox 2431 2966 4084 3040">
    <p class='ocr_par' dir='ltr' id='par_1_59' title="bbox 2431 2966 4084 3040">
     <span class='ocr_line' id='line_1_60' title="bbox 2431 2966 4084 3040; baseline 0.001 -20"><span class='ocrx_word' id='word_1_469' title='bbox 2431 2981 2498 3020; x_wconf 88' lang='lat' dir='ltr'>ea</span> <span class='ocrx_word' id='word_1_470' title='bbox 2529 2966 2795 3022; x_wconf 88' lang='lat' dir='ltr'>libertate</span> <span class='ocrx_word' id='word_1_471' title='bbox 2827 2985 2893 3023; x_wconf 89' lang='lat' dir='ltr'>ac</span> <span class='ocrx_word' id='word_1_472' title='bbox 2918 2968 3129 3023; x_wconf 80' lang='lat' dir='ltr'>fiducia</span> <span class='ocrx_word' id='word_1_473' title='bbox 3154 2985 3329 3040; x_wconf 92' lang='lat' dir='ltr'>quam</span> <span class='ocrx_word' id='word_1_474' title='bbox 3362 2968 3613 3040; x_wconf 87' lang='lat' dir='ltr'>inspirat</span> <span class='ocrx_word' id='word_1_475' title='bbox 3641 2967 3907 3039; x_wconf 89' lang='lat' dir='ltr'>loquenti</span> <span class='ocrx_word' id='word_1_476' title='bbox 3938 2983 4084 3022; x_wconf 90' lang='lat' dir='ltr'>con-</span> 
     </span>
    </p>
   </div>
   <div class='ocr_carea' id='block_1_60' title="bbox 2430 3055 4086 3130">
    <p class='ocr_par' dir='ltr' id='par_1_60' title="bbox 2430 3055 4086 3130">
     <span class='ocr_line' id='line_1_61' title="bbox 2430 3055 4086 3130; baseline 0.001 -20"><span class='ocrx_word' id='word_1_477' title='bbox 2430 3055 2675 3112; x_wconf 90' lang='lat' dir='ltr'>scientia</span> <span class='ocrx_word' id='word_1_478' title='bbox 2730 3057 3011 3112; x_wconf 86' lang='lat' dir='ltr'>veritatis.</span> <span class='ocrx_word' id='word_1_479' title='bbox 3062 3061 3177 3129; x_wconf 84' lang='lat' dir='ltr'>Ego</span> <span class='ocrx_word' id='word_1_480' title='bbox 3238 3073 3351 3112; x_wconf 92' lang='lat' dir='ltr'>non</span> <span class='ocrx_word' id='word_1_481' title='bbox 3407 3058 3640 3130; x_wconf 88' lang='lat' dir='ltr'>propria</span> <span class='ocrx_word' id='word_1_482' title='bbox 3697 3056 4086 3112; x_wconf 87' lang='lat' dir='ltr'>inclinatione</span> 
     </span>
    </p>
   </div>
   <div class='ocr_carea' id='block_1_61' title="bbox 2429 3145 4087 3217">
    <p class='ocr_par' dir='ltr' id='par_1_61' title="bbox 2429 3145 4087 3217">
     <span class='ocr_line' id='line_1_62' title="bbox 2429 3145 4087 3217; baseline 0.002 -18"><span class='ocrx_word' id='word_1_483' title='bbox 2429 3145 2791 3217; x_wconf 86' lang='lat' dir='ltr'>privatisque</span> <span class='ocrx_word' id='word_1_484' title='bbox 2822 3146 3087 3202; x_wconf 87' lang='lat' dir='ltr'>consiliis</span> <span class='ocrx_word' id='word_1_485' title='bbox 3135 3146 3219 3200; x_wconf 82' lang='lat' dir='ltr'>ad&#39;</span> <span class='ocrx_word' id='word_1_486' title='bbox 3254 3145 3494 3202; x_wconf 82' lang='lat' dir='ltr'>tutelam</span> <span class='ocrx_word' id='word_1_487' title='bbox 3534 3145 3818 3217; x_wconf 89' lang='lat' dir='ltr'>principis</span> <span class='ocrx_word' id='word_1_488' title='bbox 3851 3147 4087 3202; x_wconf 87' lang='lat' dir='ltr'>accessi</span> 
     </span>
    </p>
   </div>
   <div class='ocr_carea' id='block_1_62' title="bbox 669 3227 4088 3309">
    <p class='ocr_par' dir='ltr' id='par_1_62' title="bbox 669 3227 4088 3309">
     <span class='ocr_line' id='line_1_63' title="bbox 669 3227 4088 3309; baseline 0.002 -26"><span class='ocrx_word' id='word_1_489' title='bbox 669 3250 901 3305; x_wconf 80' lang='lat' dir='ltr'>urgere.</span> <span class='ocrx_word' id='word_1_490' title='bbox 939 3237 1144 3288; x_wconf 86' lang='lat' dir='ltr'>Annon</span> <span class='ocrx_word' id='word_1_491' title='bbox 1204 3231 1385 3303; x_wconf 83' lang='lat' dir='ltr'>igitur</span> <span class='ocrx_word' id='word_1_492' title='bbox 1429 3232 1597 3300; x_wconf 86' lang='lat' dir='ltr'>justa</span> <span class='ocrx_word' id='word_1_493' title='bbox 1646 3246 1824 3284; x_wconf 87' lang='lat' dir='ltr'>causa</span> <span class='ocrx_word' id='word_1_494' title='bbox 1871 3234 1959 3284; x_wconf 90' lang='lat' dir='ltr'>est</span> <span class='ocrx_word' id='word_1_495' title='bbox 2031 3227 2200 3283; x_wconf 82' lang='lat' dir='ltr'>facile</span> <span class='ocrx_word' id='word_1_496' title='bbox 2256 3243 2321 3280; x_wconf 89' lang='lat' dir='ltr'>ac</span> <span class='ocrx_word' id='word_1_497' title='bbox 2353 3241 2396 3309; x_wconf 72' lang='grc' dir='ltr'>α</span> <span class='ocrx_word' id='word_1_498' title='bbox 2429 3249 2534 3289; x_wconf 90' lang='lat' dir='ltr'>nec</span> <span class='ocrx_word' id='word_1_499' title='bbox 2565 3241 2688 3290; x_wconf 88' lang='lat' dir='ltr'>arte</span> <span class='ocrx_word' id='word_1_500' title='bbox 2721 3240 2821 3289; x_wconf 89' lang='lat' dir='ltr'>aut</span> <span class='ocrx_word' id='word_1_501' title='bbox 2852 3235 3082 3290; x_wconf 86' lang='lat' dir='ltr'>ambitu</span> <span class='ocrx_word' id='word_1_502' title='bbox 3117 3235 3359 3290; x_wconf 91' lang='lat' dir='ltr'>incubui</span> <span class='ocrx_word' id='word_1_503' title='bbox 3394 3241 3461 3290; x_wconf 87' lang='lat' dir='ltr'>ut</span> <span class='ocrx_word' id='word_1_504' title='bbox 3492 3236 3565 3290; x_wconf 88' lang='lat' dir='ltr'>ab</span> <span class='ocrx_word' id='word_1_505' title='bbox 3596 3235 3724 3302; x_wconf 86' lang='lat' dir='ltr'>ejus</span> <span class='ocrx_word' id='word_1_506' title='bbox 3757 3239 3923 3307; x_wconf 88' lang='lat' dir='ltr'>patre</span> <span class='ocrx_word' id='word_1_507' title='bbox 3956 3239 4088 3290; x_wconf 89' lang='lat' dir='ltr'>tam</span> 
     </span>
    </p>
   </div>
   <div class='ocr_carea' id='block_1_63' title="bbox 667 3317 2320 3394">
    <p class='ocr_par' dir='ltr' id='par_1_63' title="bbox 667 3317 2320 3394">
     <span class='ocr_line' id='line_1_64' title="bbox 667 3317 2320 3394; baseline -0.004 -16"><span class='ocrx_word' id='word_1_508' title='bbox 667 3328 941 3394; x_wconf 89' lang='lat' dir='ltr'>prompta</span> <span class='ocrx_word' id='word_1_509' title='bbox 969 3322 1270 3377; x_wconf 85' lang='lat' dir='ltr'>voluntate</span> <span class='ocrx_word' id='word_1_510' title='bbox 1301 3318 1649 3390; x_wconf 89' lang='lat' dir='ltr'>obsequenti</span> <span class='ocrx_word' id='word_1_511' title='bbox 1695 3317 1974 3390; x_wconf 90' lang='lat' dir='ltr'>principi,</span> <span class='ocrx_word' id='word_1_512' title='bbox 2004 3333 2139 3388; x_wconf 90' lang='lat' dir='ltr'>spes</span> <span class='ocrx_word' id='word_1_513' title='bbox 2169 3323 2320 3372; x_wconf 86' lang='lat' dir='ltr'>certa</span> 
     </span>
    </p>
   </div>
   <div class='ocr_carea' id='block_1_64' title="bbox 668 3407 2320 3482">
    <p class='ocr_par' dir='ltr' id='par_1_64' title="bbox 668 3407 2320 3482">
     <span class='ocr_line' id='line_1_65' title="bbox 668 3407 2320 3482; baseline -0.005 -14"><span class='ocrx_word' id='word_1_514' title='bbox 668 3418 724 3468; x_wconf 91' lang='lat' dir='ltr'>et</span> <span class='ocrx_word' id='word_1_515' title='bbox 750 3413 997 3468; x_wconf 84' lang='lat' dir='ltr'>fundata</span> <span class='ocrx_word' id='word_1_516' title='bbox 1046 3409 1405 3482; x_wconf 82' lang='lat' dir='ltr'>impetrandi</span> <span class='ocrx_word' id='word_1_517' title='bbox 1464 3415 1519 3463; x_wconf 90' lang='lat' dir='ltr'>et</span> <span class='ocrx_word' id='word_1_518' title='bbox 1550 3407 1946 3476; x_wconf 91' lang='lat' dir='ltr'>consequendi</span> <span class='ocrx_word' id='word_1_519' title='bbox 1978 3409 2049 3461; x_wconf 90' lang='lat' dir='ltr'>ab</span> <span class='ocrx_word' id='word_1_520' title='bbox 2084 3423 2150 3462; x_wconf 94' lang='lat' dir='ltr'>eo</span> <span class='ocrx_word' id='word_1_521' title='bbox 2188 3423 2320 3475; x_wconf 63' lang='lat' dir='ltr'>quin</span> 
     </span>
    </p>
   </div>
   <div class='ocr_carea' id='block_1_65' title="bbox 669 3497 2320 3573">
    <p class='ocr_par' dir='ltr' id='par_1_65' title="bbox 669 3497 2320 3573">
     <span class='ocr_line' id='line_1_66' title="bbox 669 3497 2320 3573; baseline -0.004 -17"><span class='ocrx_word' id='word_1_522' title='bbox 669 3503 1040 3573; x_wconf 82' lang='lat' dir='ltr'>quiscunque</span> <span class='ocrx_word' id='word_1_523' title='bbox 1095 3499 1503 3570; x_wconf 83' lang='lat' dir='ltr'>concupierit?</span> <span class='ocrx_word' id='word_1_524' title='bbox 1534 3498 1662 3552; x_wconf 70' lang='lat' dir='ltr'>Haec</span> <span class='ocrx_word' id='word_1_525' title='bbox 1723 3514 1836 3552; x_wconf 91' lang='lat' dir='ltr'>non</span> <span class='ocrx_word' id='word_1_526' title='bbox 1897 3500 2115 3563; x_wconf 85' lang='lat' dir='ltr'>essent,</span> <span class='ocrx_word' id='word_1_527' title='bbox 2153 3497 2197 3552; x_wconf 90' lang='lat' dir='ltr'>si</span> <span class='ocrx_word' id='word_1_528' title='bbox 2228 3512 2320 3550; x_wconf 90' lang='lat' dir='ltr'>res</span> 
     </span>
    </p>
   </div>
   <div class='ocr_carea' id='block_1_66' title="bbox 671 3584 2320 3663">
    <p class='ocr_par' dir='ltr' id='par_1_66' title="bbox 671 3584 2320 3663">
     <span class='ocr_line' id='line_1_67' title="bbox 671 3584 2320 3663; baseline -0.004 -17"><span class='ocrx_word' id='word_1_529' title='bbox 671 3608 786 3645; x_wconf 92' lang='lat' dir='ltr'>non</span> <span class='ocrx_word' id='word_1_530' title='bbox 841 3591 1307 3663; x_wconf 86' lang='lat' dir='ltr'>gubernarentur</span> <span class='ocrx_word' id='word_1_531' title='bbox 1333 3605 1435 3660; x_wconf 88' lang='lat' dir='ltr'>per</span> <span class='ocrx_word' id='word_1_532' title='bbox 1465 3587 1613 3642; x_wconf 84' lang='lat' dir='ltr'>fidos</span> <span class='ocrx_word' id='word_1_533' title='bbox 1645 3591 1702 3641; x_wconf 89' lang='lat' dir='ltr'>et</span> <span class='ocrx_word' id='word_1_534' title='bbox 1721 3603 1961 3641; x_wconf 64' lang='lat' dir='ltr'>accessu</span> <span class='ocrx_word' id='word_1_535' title='bbox 1994 3584 2148 3640; x_wconf 82' lang='lat' dir='ltr'>facili</span> <span class='ocrx_word' id='word_1_536' title='bbox 2173 3601 2320 3640; x_wconf 88' lang='lat' dir='ltr'>cun-</span> 
     </span>
    </p>
   </div>
   <div class='ocr_carea' id='block_1_67' title="bbox 669 3675 2319 3752">
    <p class='ocr_par' dir='ltr' id='par_1_67' title="bbox 669 3675 2319 3752">
     <span class='ocr_line' id='line_1_68' title="bbox 669 3675 2319 3752; baseline -0.005 -16"><span class='ocrx_word' id='word_1_537' title='bbox 669 3681 778 3736; x_wconf 89' lang='lat' dir='ltr'>ctis</span> <span class='ocrx_word' id='word_1_538' title='bbox 813 3680 1108 3752; x_wconf 85' lang='lat' dir='ltr'>expositos</span> <span class='ocrx_word' id='word_1_539' title='bbox 1142 3678 1465 3732; x_wconf 89' lang='lat' dir='ltr'>ministros.</span> <span class='ocrx_word' id='word_1_540' title='bbox 1501 3675 1645 3732; x_wconf 84' lang='lat' dir='ltr'>Nam</span> <span class='ocrx_word' id='word_1_541' title='bbox 1701 3676 1951 3747; x_wconf 85' lang='lat' dir='ltr'>cogitate</span> <span class='ocrx_word' id='word_1_542' title='bbox 1984 3690 2228 3746; x_wconf 86' lang='lat' dir='ltr'>nupera,</span> <span class='ocrx_word' id='word_1_543' title='bbox 2263 3677 2319 3729; x_wconf 92' lang='lat' dir='ltr'>et</span> 
     </span>
    </p>
   </div>
   <div class='ocr_carea' id='block_1_68' title="bbox 670 3764 2321 3839">
    <p class='ocr_par' dir='ltr' id='par_1_68' title="bbox 670 3764 2321 3839">
     <span class='ocr_line' id='line_1_69' title="bbox 670 3764 2321 3839; baseline -0.002 -15"><span class='ocrx_word' id='word_1_544' title='bbox 670 3772 928 3825; x_wconf 77' lang='lat' dir='ltr'>conferte</span> <span class='ocrx_word' id='word_1_545' title='bbox 963 3786 1095 3824; x_wconf 91' lang='lat' dir='ltr'>cum</span> <span class='ocrx_word' id='word_1_546' title='bbox 1122 3767 1531 3839; x_wconf 65' lang='lat' dir='ltr'>praesentibus.</span> <span class='ocrx_word' id='word_1_547' title='bbox 1559 3765 1850 3821; x_wconf 90' lang='lat' dir='ltr'>Plurimas</span> <span class='ocrx_word' id='word_1_548' title='bbox 1882 3764 2132 3820; x_wconf 87' lang='lat' dir='ltr'>reticebo</span> <span class='ocrx_word' id='word_1_549' title='bbox 2153 3765 2321 3820; x_wconf 75' lang='lat' dir='ltr'>diffe-</span> 
     </span>
    </p>
   </div>
   <div class='ocr_carea' id='block_1_69' title="bbox 671 3855 2322 3924">
    <p class='ocr_par' dir='ltr' id='par_1_69' title="bbox 671 3855 2322 3924">
     <span class='ocr_line' id='line_1_70' title="bbox 671 3855 2322 3924; baseline -0.002 -11"><span class='ocrx_word' id='word_1_550' title='bbox 671 3860 908 3924; x_wconf 83' lang='lat' dir='ltr'>rentias,</span> <span class='ocrx_word' id='word_1_551' title='bbox 943 3859 1050 3913; x_wconf 92' lang='lat' dir='ltr'>has</span> <span class='ocrx_word' id='word_1_552' title='bbox 1082 3861 1307 3912; x_wconf 91' lang='lat' dir='ltr'>tantum</span> <span class='ocrx_word' id='word_1_553' title='bbox 1343 3856 1632 3911; x_wconf 90' lang='lat' dir='ltr'>indicans.</span> <span class='ocrx_word' id='word_1_554' title='bbox 1666 3855 1828 3910; x_wconf 92' lang='lat' dir='ltr'>Tunc</span> <span class='ocrx_word' id='word_1_555' title='bbox 1861 3860 2052 3910; x_wconf 89' lang='lat' dir='ltr'>metus</span> <span class='ocrx_word' id='word_1_556' title='bbox 2084 3860 2208 3909; x_wconf 89' lang='lat' dir='ltr'>erat</span> <span class='ocrx_word' id='word_1_557' title='bbox 2253 3871 2322 3910; x_wconf 92' lang='lat' dir='ltr'>ne</span> 
     </span>
    </p>
   </div>
   <div class='ocr_carea' id='block_1_70' title="bbox 670 3943 2324 4021">
    <p class='ocr_par' dir='ltr' id='par_1_70' title="bbox 670 3943 2324 4021">
     <span class='ocr_line' id='line_1_71' title="bbox 670 3943 2324 4021; baseline -0.005 -18"><span class='ocrx_word' id='word_1_558' title='bbox 670 3950 771 4021; x_wconf 89' lang='lat' dir='ltr'>qui</span> <span class='ocrx_word' id='word_1_559' title='bbox 804 3949 980 4004; x_wconf 88' lang='lat' dir='ltr'>etiam</span> <span class='ocrx_word' id='word_1_560' title='bbox 1029 3946 1354 4002; x_wconf 88' lang='lat' dir='ltr'>rectissime</span> <span class='ocrx_word' id='word_1_561' title='bbox 1385 3946 1620 4017; x_wconf 86' lang='lat' dir='ltr'>egisset,</span> <span class='ocrx_word' id='word_1_562' title='bbox 1665 3945 1980 4000; x_wconf 69' lang='lat' dir='ltr'>offenderet</span> <span class='ocrx_word' id='word_1_563' title='bbox 2019 3943 2324 4015; x_wconf 79' lang='lat' dir='ltr'>gratiaque</span> 
     </span>
    </p>
   </div>
   <div class='ocr_carea' id='block_1_71' title="bbox 669 4033 2322 4105">
    <p class='ocr_par' dir='ltr' id='par_1_71' title="bbox 669 4033 2322 4105">
     <span class='ocr_line' id='line_1_72' title="bbox 669 4033 2322 4105; baseline -0.004 -11"><span class='ocrx_word' id='word_1_564' title='bbox 669 4036 1124 4104; x_wconf 83' lang='lat' dir='ltr'>excideret,aliis</span> <span class='ocrx_word' id='word_1_565' title='bbox 1148 4035 1206 4089; x_wconf 90' lang='lat' dir='ltr'>in</span> <span class='ocrx_word' id='word_1_566' title='bbox 1231 4051 1371 4091; x_wconf 91' lang='lat' dir='ltr'>eum</span> <span class='ocrx_word' id='word_1_567' title='bbox 1391 4035 1674 4105; x_wconf 90' lang='lat' dir='ltr'>principis</span> <span class='ocrx_word' id='word_1_568' title='bbox 1697 4033 1842 4088; x_wconf 88' lang='lat' dir='ltr'>iram</span> <span class='ocrx_word' id='word_1_569' title='bbox 1868 4033 2322 4103; x_wconf 90' lang='lat' dir='ltr'>concitantibus,</span> 
     </span>
    </p>
   </div>
   <div class='ocr_carea' id='block_1_72' title="bbox 670 4123 2324 4193">
    <p class='ocr_par' dir='ltr' id='par_1_72' title="bbox 670 4123 2324 4193">
     <span class='ocr_line' id='line_1_73' title="bbox 670 4123 2324 4193; baseline -0.004 -11"><span class='ocrx_word' id='word_1_570' title='bbox 670 4129 742 4183; x_wconf 90' lang='lat' dir='ltr'>iis</span> <span class='ocrx_word' id='word_1_571' title='bbox 777 4128 967 4182; x_wconf 90' lang='lat' dir='ltr'>modis</span> <span class='ocrx_word' id='word_1_572' title='bbox 995 4127 1094 4181; x_wconf 71' lang='lat'><strong>46</strong></span> <span class='ocrx_word' id='word_1_573' title='bbox 1127 4141 1306 4192; x_wconf 79' lang='lat' dir='ltr'>eaque</span> <span class='ocrx_word' id='word_1_574' title='bbox 1359 4129 1482 4179; x_wconf 90' lang='lat' dir='ltr'>arte</span> <span class='ocrx_word' id='word_1_575' title='bbox 1540 4139 1714 4193; x_wconf 90' lang='lat' dir='ltr'>quam</span> <span class='ocrx_word' id='word_1_576' title='bbox 1766 4140 1834 4178; x_wconf 83' lang='lat' dir='ltr'>ex</span> <span class='ocrx_word' id='word_1_577' title='bbox 1886 4123 2189 4178; x_wconf 86' lang='lat' dir='ltr'>observata</span> <span class='ocrx_word' id='word_1_578' title='bbox 2223 4139 2324 4177; x_wconf 90' lang='lat' dir='ltr'>na-</span> 
     </span>
    </p>
   </div>
   <div class='ocr_carea' id='block_1_73' title="bbox 671 4211 2324 4285">
    <p class='ocr_par' dir='ltr' id='par_1_73' title="bbox 671 4211 2324 4285">
     <span class='ocr_line' id='line_1_74' title="bbox 671 4211 2324 4285; baseline -0.003 -14"><span class='ocrx_word' id='word_1_579' title='bbox 671 4223 804 4272; x_wconf 87' lang='lat' dir='ltr'>tura</span> <span class='ocrx_word' id='word_1_580' title='bbox 836 4219 963 4285; x_wconf 85' lang='lat' dir='ltr'>ejus</span> <span class='ocrx_word' id='word_1_581' title='bbox 987 4221 1162 4285; x_wconf 90' lang='lat' dir='ltr'>atque</span> <span class='ocrx_word' id='word_1_582' title='bbox 1186 4213 1382 4268; x_wconf 90' lang='lat' dir='ltr'>indole</span> <span class='ocrx_word' id='word_1_583' title='bbox 1407 4214 1525 4267; x_wconf 86' lang='lat' dir='ltr'>fore</span> <span class='ocrx_word' id='word_1_584' title='bbox 1549 4211 1960 4284; x_wconf 84' lang='lat' dir='ltr'>intelligebant</span> <span class='ocrx_word' id='word_1_585' title='bbox 1984 4212 2052 4265; x_wconf 92' lang='lat' dir='ltr'>ad</span> <span class='ocrx_word' id='word_1_586' title='bbox 2079 4228 2324 4283; x_wconf 89' lang='lat' dir='ltr'>scopum</span> 
     </span>
    </p>
   </div>
   <div class='ocr_carea' id='block_1_74' title="bbox 670 4300 2327 4361">
    <p class='ocr_par' dir='ltr' id='par_1_74' title="bbox 670 4300 2327 4361">
     <span class='ocr_line' id='line_1_75' title="bbox 670 4300 2327 4361; baseline -0.003 0"><span class='ocrx_word' id='word_1_587' title='bbox 670 4307 966 4361; x_wconf 87' lang='lat' dir='ltr'>intentum</span> <span class='ocrx_word' id='word_1_588' title='bbox 1000 4304 1318 4358; x_wconf 78' lang='lat' dir='ltr'>efficacem.</span> <span class='ocrx_word' id='word_1_589' title='bbox 1369 4302 1515 4357; x_wconf 84' lang='lat' dir='ltr'>Hinc</span> <span class='ocrx_word' id='word_1_590' title='bbox 1545 4306 1669 4356; x_wconf 87' lang='lat' dir='ltr'>erat</span> <span class='ocrx_word' id='word_1_591' title='bbox 1710 4300 1918 4356; x_wconf 90' lang='lat' dir='ltr'>inutile</span> <span class='ocrx_word' id='word_1_592' title='bbox 1979 4302 2327 4357; x_wconf 87' lang='lat' dir='ltr'>contendere</span> 
     </span>
    </p>
   </div>
   <div class='ocr_carea' id='block_1_75' title="bbox 671 4390 2326 4463">
    <p class='ocr_par' dir='ltr' id='par_1_75' title="bbox 671 4390 2326 4463">
     <span class='ocr_line' id='line_1_76' title="bbox 671 4390 2326 4463; baseline -0.002 -14"><span class='ocrx_word' id='word_1_593' title='bbox 671 4395 934 4450; x_wconf 89' lang='lat' dir='ltr'>studium</span> <span class='ocrx_word' id='word_1_594' title='bbox 969 4399 1024 4447; x_wconf 87' lang='lat' dir='ltr'>et</span> <span class='ocrx_word' id='word_1_595' title='bbox 1055 4392 1251 4447; x_wconf 88' lang='lat' dir='ltr'>conari</span> <span class='ocrx_word' id='word_1_596' title='bbox 1285 4392 1455 4463; x_wconf 89' lang='lat' dir='ltr'>plura</span> <span class='ocrx_word' id='word_1_597' title='bbox 1503 4407 1683 4462; x_wconf 90' lang='lat' dir='ltr'>quam</span> <span class='ocrx_word' id='word_1_598' title='bbox 1734 4390 1900 4456; x_wconf 88' lang='lat' dir='ltr'>alios,</span> <span class='ocrx_word' id='word_1_599' title='bbox 1961 4407 2096 4446; x_wconf 89' lang='lat' dir='ltr'>cum</span> <span class='ocrx_word' id='word_1_600' title='bbox 2156 4407 2326 4446; x_wconf 90' lang='lat' dir='ltr'>nemo</span> 
     </span>
    </p>
   </div>
   <div class='ocr_carea' id='block_1_76' title="bbox 667 4471 2329 4554">
    <p class='ocr_par' dir='ltr' id='par_1_76' title="bbox 667 4471 2329 4554">
     <span class='ocr_line' id='line_1_77' title="bbox 667 4471 2329 4554; baseline -0.003 -14"><span class='ocrx_word' id='word_1_601' title='bbox 667 4471 824 4540; x_wconf 82' lang='lat' dir='ltr'>esset</span> <span class='ocrx_word' id='word_1_602' title='bbox 853 4483 954 4554; x_wconf 91' lang='lat' dir='ltr'>qui</span> <span class='ocrx_word' id='word_1_603' title='bbox 988 4487 1185 4554; x_wconf 89' lang='lat' dir='ltr'>posset</span> <span class='ocrx_word' id='word_1_604' title='bbox 1217 4481 1325 4536; x_wconf 93' lang='lat' dir='ltr'>hoc</span> <span class='ocrx_word' id='word_1_605' title='bbox 1377 4481 1570 4552; x_wconf 91' lang='lat' dir='ltr'>ipsum</span> <span class='ocrx_word' id='word_1_606' title='bbox 1627 4480 1965 4551; x_wconf 86' lang='lat' dir='ltr'>imperatori</span> <span class='ocrx_word' id='word_1_607' title='bbox 1999 4479 2329 4551; x_wconf 89' lang='lat' dir='ltr'>significare</span> 
     </span>
    </p>
   </div>
   <div class='ocr_carea' id='block_1_77' title="bbox 667 4570 2316 4633">
    <p class='ocr_par' dir='ltr' id='par_1_77' title="bbox 667 4570 2316 4633">
     <span class='ocr_line' id='line_1_78' title="bbox 667 4570 2316 4633; baseline -0.004 -4"><span class='ocrx_word' id='word_1_608' title='bbox 667 4591 731 4629; x_wconf 91' lang='lat' dir='ltr'>ac</span> <span class='ocrx_word' id='word_1_609' title='bbox 768 4573 1034 4628; x_wconf 90' lang='lat' dir='ltr'>debitum</span> <span class='ocrx_word' id='word_1_610' title='bbox 1095 4571 1297 4626; x_wconf 88' lang='lat' dir='ltr'>virtuti</span> <span class='ocrx_word' id='word_1_611' title='bbox 1357 4570 1763 4625; x_wconf 89' lang='lat' dir='ltr'>testimonium</span> <span class='ocrx_word' id='word_1_612' title='bbox 1797 4570 2058 4624; x_wconf 88' lang='lat' dir='ltr'>reddere.</span> <span class='ocrx_word' id='word_1_613' title='bbox 2097 4572 2316 4633; x_wconf 90' lang='lat' dir='ltr'>Vanus,</span> 
     </span>
    </p>
   </div>
   <div class='ocr_carea' id='block_1_78' title="bbox 663 4658 2319 4733">
    <p class='ocr_par' dir='ltr' id='par_1_78' title="bbox 663 4658 2319 4733">
     <span class='ocr_line' id='line_1_79' title="bbox 663 4658 2319 4733; baseline -0.002 -17"><span class='ocrx_word' id='word_1_614' title='bbox 663 4665 928 4733; x_wconf 87' lang='lat' dir='ltr'>inquam,</span> <span class='ocrx_word' id='word_1_615' title='bbox 963 4666 1085 4716; x_wconf 84' lang='lat' dir='ltr'>erat</span> <span class='ocrx_word' id='word_1_616' title='bbox 1118 4661 1281 4715; x_wconf 88' lang='lat' dir='ltr'>labor</span> <span class='ocrx_word' id='word_1_617' title='bbox 1310 4660 1650 4730; x_wconf 89' lang='lat' dir='ltr'>impendere</span> <span class='ocrx_word' id='word_1_618' title='bbox 1667 4675 1729 4715; x_wconf 92' lang='lat' dir='ltr'>se</span> <span class='ocrx_word' id='word_1_619' title='bbox 1762 4658 1996 4730; x_wconf 90' lang='lat' dir='ltr'>publico</span> <span class='ocrx_word' id='word_1_620' title='bbox 2028 4663 2084 4712; x_wconf 92' lang='lat' dir='ltr'>et</span> <span class='ocrx_word' id='word_1_621' title='bbox 2114 4675 2319 4728; x_wconf 81' lang='lat' dir='ltr'>magna</span> 
     </span>
    </p>
   </div>
   <div class='ocr_carea' id='block_1_79' title="bbox 667 4748 2324 4822">
    <p class='ocr_par' dir='ltr' id='par_1_79' title="bbox 667 4748 2324 4822">
     <span class='ocr_line' id='line_1_80' title="bbox 667 4748 2324 4822; baseline -0.002 -16"><span class='ocrx_word' id='word_1_622' title='bbox 667 4755 725 4807; x_wconf 91' lang='lat' dir='ltr'>in</span> <span class='ocrx_word' id='word_1_623' title='bbox 761 4767 882 4806; x_wconf 91' lang='lat' dir='ltr'>rem</span> <span class='ocrx_word' id='word_1_624' title='bbox 917 4750 1202 4822; x_wconf 89' lang='lat' dir='ltr'>principis</span> <span class='ocrx_word' id='word_1_625' title='bbox 1235 4749 1451 4815; x_wconf 90' lang='lat' dir='ltr'>moliri,</span> <span class='ocrx_word' id='word_1_626' title='bbox 1477 4765 1613 4804; x_wconf 93' lang='lat' dir='ltr'>cum</span> <span class='ocrx_word' id='word_1_627' title='bbox 1646 4765 1799 4820; x_wconf 66' lang='lat' dir='ltr'>sepe</span> <span class='ocrx_word' id='word_1_628' title='bbox 1830 4748 2198 4820; x_wconf 88' lang='lat' dir='ltr'>contingeret</span> <span class='ocrx_word' id='word_1_629' title='bbox 2227 4750 2324 4803; x_wconf 90' lang='lat' dir='ltr'>de-</span> 
     </span>
    </p>
   </div>
   <div class='ocr_carea' id='block_1_80' title="bbox 665 4837 2326 4916">
    <p class='ocr_par' dir='ltr' id='par_1_80' title="bbox 665 4837 2326 4916">
     <span class='ocr_line' id='line_1_81' title="bbox 665 4837 2326 4916; baseline -0.001 -22"><span class='ocrx_word' id='word_1_630' title='bbox 665 4843 863 4916; x_wconf 79' lang='lat' dir='ltr'>lusum</span> <span class='ocrx_word' id='word_1_631' title='bbox 899 4845 955 4895; x_wconf 90' lang='lat' dir='ltr'>et</span> <span class='ocrx_word' id='word_1_632' title='bbox 989 4840 1480 4905; x_wconf 89' lang='lat' dir='ltr'>circumventum,</span> <span class='ocrx_word' id='word_1_633' title='bbox 1519 4837 1616 4907; x_wconf 92' lang='lat' dir='ltr'>qui</span> <span class='ocrx_word' id='word_1_634' title='bbox 1641 4839 1726 4892; x_wconf 90' lang='lat' dir='ltr'>sic</span> <span class='ocrx_word' id='word_1_635' title='bbox 1763 4841 1981 4902; x_wconf 62' lang='lat' dir='ltr'>egerat,</span> <span class='ocrx_word' id='word_1_636' title='bbox 2017 4855 2119 4908; x_wconf 95' lang='lat' dir='ltr'>pro</span> <span class='ocrx_word' id='word_1_637' title='bbox 2153 4839 2326 4892; x_wconf 91' lang='lat' dir='ltr'>laude</span> 
     </span>
    </p>
   </div>
   <div class='ocr_carea' id='block_1_81' title="bbox 669 4927 2332 5002">
    <p class='ocr_par' dir='ltr' id='par_1_81' title="bbox 669 4927 2332 5002">
     <span class='ocr_line' id='line_1_82' title="bbox 669 4927 2332 5002; baseline -0.002 -16"><span class='ocrx_word' id='word_1_638' title='bbox 669 4949 733 4986; x_wconf 89' lang='lat' dir='ltr'>ac</span> <span class='ocrx_word' id='word_1_639' title='bbox 767 4930 956 5002; x_wconf 85' lang='lat' dir='ltr'>gratia</span> <span class='ocrx_word' id='word_1_640' title='bbox 988 4931 1208 4984; x_wconf 90' lang='lat' dir='ltr'>damna</span> <span class='ocrx_word' id='word_1_641' title='bbox 1237 4933 1295 4984; x_wconf 91' lang='lat' dir='ltr'>et</span> <span class='ocrx_word' id='word_1_642' title='bbox 1326 4927 1744 4983; x_wconf 88' lang='lat' dir='ltr'>contumeliam</span> <span class='ocrx_word' id='word_1_643' title='bbox 1775 4927 2010 4982; x_wconf 87' lang='lat' dir='ltr'>referre.</span> <span class='ocrx_word' id='word_1_644' title='bbox 2041 4927 2206 4982; x_wconf 91' lang='lat' dir='ltr'>Nunc</span> <span class='ocrx_word' id='word_1_645' title='bbox 2240 4944 2332 4982; x_wconf 90' lang='lat' dir='ltr'>re-</span> 
     </span>
    </p>
   </div>
   <div class='ocr_carea' id='block_1_82' title="bbox 668 5015 2332 5082">
    <p class='ocr_par' dir='ltr' id='par_1_82' title="bbox 668 5015 2332 5082">
     <span class='ocr_line' id='line_1_83' title="bbox 668 5015 2332 5082; baseline -0.002 -7"><span class='ocrx_word' id='word_1_646' title='bbox 668 5024 779 5076; x_wconf 91' lang='lat' dir='ltr'>bus</span> <span class='ocrx_word' id='word_1_647' title='bbox 809 5019 1217 5074; x_wconf 87' lang='lat' dir='ltr'>ministrorum</span> <span class='ocrx_word' id='word_1_648' title='bbox 1242 5017 1504 5072; x_wconf 90' lang='lat' dir='ltr'>fidelium</span> <span class='ocrx_word' id='word_1_649' title='bbox 1536 5034 1688 5071; x_wconf 72' lang='lat' dir='ltr'>curas</span> <span class='ocrx_word' id='word_1_650' title='bbox 1713 5016 2069 5082; x_wconf 89' lang='lat' dir='ltr'>commissis,</span> <span class='ocrx_word' id='word_1_651' title='bbox 2101 5015 2332 5071; x_wconf 88' lang='lat' dir='ltr'>nullum</span> 
     </span>
    </p>
   </div>
   <div class='ocr_carea' id='block_1_83' title="bbox 668 5107 2331 5177">
    <p class='ocr_par' dir='ltr' id='par_1_83' title="bbox 668 5107 2331 5177">
     <span class='ocr_line' id='line_1_84' title="bbox 668 5107 2331 5177; baseline -0.002 -13"><span class='ocrx_word' id='word_1_652' title='bbox 668 5116 821 5165; x_wconf 88' lang='lat' dir='ltr'>recte</span> <span class='ocrx_word' id='word_1_653' title='bbox 859 5111 1075 5163; x_wconf 85' lang='lat' dir='ltr'>factum</span> <span class='ocrx_word' id='word_1_654' title='bbox 1111 5107 1335 5171; x_wconf 89' lang='lat' dir='ltr'>latebit,</span> <span class='ocrx_word' id='word_1_655' title='bbox 1393 5109 1686 5177; x_wconf 89' lang='lat' dir='ltr'>cujusque</span> <span class='ocrx_word' id='word_1_656' title='bbox 1735 5107 1924 5161; x_wconf 88' lang='lat' dir='ltr'>virtus</span> <span class='ocrx_word' id='word_1_657' title='bbox 1957 5113 2331 5177; x_wconf 89' lang='lat' dir='ltr'>agnoscetur,</span> 
     </span>
    </p>
   </div>
   <div class='ocr_carea' id='block_1_84' title="bbox 671 5197 2331 5269">
    <p class='ocr_par' dir='ltr' id='par_1_84' title="bbox 671 5197 2331 5269">
     <span class='ocr_line' id='line_1_85' title="bbox 671 5197 2331 5269; baseline -0.004 -14"><span class='ocrx_word' id='word_1_658' title='bbox 671 5199 936 5256; x_wconf 89' lang='lat' dir='ltr'>studium</span> <span class='ocrx_word' id='word_1_659' title='bbox 967 5198 1161 5269; x_wconf 88' lang='lat' dir='ltr'>palam</span> <span class='ocrx_word' id='word_1_660' title='bbox 1217 5197 1348 5265; x_wconf 88' lang='lat' dir='ltr'>erit,</span> <span class='ocrx_word' id='word_1_661' title='bbox 1384 5197 1549 5251; x_wconf 89' lang='lat' dir='ltr'>labor</span> <span class='ocrx_word' id='word_1_662' title='bbox 1608 5197 2091 5268; x_wconf 88' lang='lat' dir='ltr'>compensabitur</span> <span class='ocrx_word' id='word_1_663' title='bbox 2131 5198 2331 5251; x_wconf 84' lang='lat' dir='ltr'>condi-</span> 
     </span>
    </p>
   </div>
   <div class='ocr_carea' id='block_1_85' title="bbox 668 5287 2335 5361">
    <p class='ocr_par' dir='ltr' id='par_1_85' title="bbox 668 5287 2335 5361">
     <span class='ocr_line' id='line_1_86' title="bbox 668 5287 2335 5361; baseline -0.001 -19"><span class='ocrx_word' id='word_1_664' title='bbox 668 5291 798 5361; x_wconf 75' lang='lat' dir='ltr'>guis</span> <span class='ocrx_word' id='word_1_665' title='bbox 831 5289 1111 5360; x_wconf 68' lang='lat' dir='ltr'>praemiis.</span> <span class='ocrx_word' id='word_1_666' title='bbox 1147 5289 1337 5352; x_wconf 87' lang='lat' dir='ltr'>Quare</span> <span class='ocrx_word' id='word_1_667' title='bbox 1370 5287 1708 5358; x_wconf 89' lang='lat' dir='ltr'>augendum</span> <span class='ocrx_word' id='word_1_668' title='bbox 1761 5287 2025 5340; x_wconf 89' lang='lat' dir='ltr'>studium</span> <span class='ocrx_word' id='word_1_669' title='bbox 2057 5293 2164 5352; x_wconf 88' lang='lat' dir='ltr'>est,</span> <span class='ocrx_word' id='word_1_670' title='bbox 2191 5304 2335 5342; x_wconf 85' lang='lat' dir='ltr'>con-</span> 
     </span>
    </p>
   </div>
   <div class='ocr_carea' id='block_1_86' title="bbox 665 5375 2335 5446">
    <p class='ocr_par' dir='ltr' id='par_1_86' title="bbox 665 5375 2335 5446">
     <span class='ocr_line' id='line_1_87' title="bbox 665 5375 2335 5446; baseline -0.002 -12"><span class='ocrx_word' id='word_1_671' title='bbox 665 5379 961 5434; x_wconf 82' lang='lat' dir='ltr'>tendenda</span> <span class='ocrx_word' id='word_1_672' title='bbox 994 5377 1290 5432; x_wconf 91' lang='lat' dir='ltr'>industria</span> <span class='ocrx_word' id='word_1_673' title='bbox 1320 5375 1379 5430; x_wconf 92' lang='lat' dir='ltr'>in</span> <span class='ocrx_word' id='word_1_674' title='bbox 1412 5375 1766 5446; x_wconf 85' lang='lat' dir='ltr'>obsequium</span> <span class='ocrx_word' id='word_1_675' title='bbox 1825 5376 2132 5446; x_wconf 87' lang='lat' dir='ltr'>principis,</span> <span class='ocrx_word' id='word_1_676' title='bbox 2194 5381 2249 5432; x_wconf 91' lang='lat' dir='ltr'>et</span> <span class='ocrx_word' id='word_1_677' title='bbox 2302 5393 2335 5431; x_wconf 88' lang='lat' dir='ltr'>a</span> 
     </span>
    </p>
   </div>
   <div class='ocr_carea' id='block_1_87' title="bbox 673 5465 2333 5540">
    <p class='ocr_par' dir='ltr' id='par_1_87' title="bbox 673 5465 2333 5540">
     <span class='ocr_line' id='line_1_88' title="bbox 673 5465 2333 5540; baseline 0.002 -18"><span class='ocrx_word' id='word_1_678' title='bbox 673 5487 788 5540; x_wconf 91' lang='lat' dir='ltr'>quo</span> <span class='ocrx_word' id='word_1_679' title='bbox 823 5468 970 5522; x_wconf 86' lang='lat' dir='ltr'>nihil</span> <span class='ocrx_word' id='word_1_680' title='bbox 1031 5469 1335 5530; x_wconf 86' lang='lat' dir='ltr'>timemus,</span> <span class='ocrx_word' id='word_1_681' title='bbox 1366 5465 1418 5520; x_wconf 92' lang='lat' dir='ltr'>ei</span> <span class='ocrx_word' id='word_1_682' title='bbox 1475 5471 1683 5520; x_wconf 89' lang='lat' dir='ltr'>cuncta</span> <span class='ocrx_word' id='word_1_683' title='bbox 1716 5465 2052 5522; x_wconf 87' lang='lat' dir='ltr'>timeamus.</span> <span class='ocrx_word' id='word_1_684' title='bbox 2112 5467 2333 5526; x_wconf 85' lang='lat' dir='ltr'>Felices</span> 
     </span>
    </p>
   </div>
   <div class='ocr_carea' id='block_1_88' title="bbox 671 5554 2332 5629">
    <p class='ocr_par' dir='ltr' id='par_1_88' title="bbox 671 5554 2332 5629">
     <span class='ocr_line' id='line_1_89' title="bbox 671 5554 2332 5629; baseline -0.001 -14"><span class='ocrx_word' id='word_1_685' title='bbox 671 5560 894 5615; x_wconf 87' lang='lat' dir='ltr'>crimus</span> <span class='ocrx_word' id='word_1_686' title='bbox 927 5559 976 5611; x_wconf 88' lang='lat' dir='ltr'>si</span> <span class='ocrx_word' id='word_1_687' title='bbox 1012 5557 1208 5612; x_wconf 85' lang='lat' dir='ltr'>salvus</span> <span class='ocrx_word' id='word_1_688' title='bbox 1239 5556 1336 5623; x_wconf 92' lang='lat' dir='ltr'>sit,</span> <span class='ocrx_word' id='word_1_689' title='bbox 1367 5555 1413 5610; x_wconf 90' lang='lat' dir='ltr'>si</span> <span class='ocrx_word' id='word_1_690' title='bbox 1448 5555 1587 5626; x_wconf 91' lang='lat' dir='ltr'>quid</span> <span class='ocrx_word' id='word_1_691' title='bbox 1632 5554 1714 5608; x_wconf 91' lang='lat' dir='ltr'>illi</span> <span class='ocrx_word' id='word_1_692' title='bbox 1763 5555 2054 5627; x_wconf 90' lang='lat' dir='ltr'>acciderit,</span> <span class='ocrx_word' id='word_1_693' title='bbox 2088 5558 2332 5629; x_wconf 87' lang='lat' dir='ltr'>perieri-</span> 
     </span>
    </p>
   </div>
   <div class='ocr_carea' id='block_1_89' title="bbox 669 5643 2334 5719">
    <p class='ocr_par' dir='ltr' id='par_1_89' title="bbox 669 5643 2334 5719">
     <span class='ocr_line' id='line_1_90' title="bbox 669 5643 2334 5719; baseline -0.001 -15"><span class='ocrx_word' id='word_1_694' title='bbox 669 5665 802 5704; x_wconf 91' lang='lat' dir='ltr'>mus</span> <span class='ocrx_word' id='word_1_695' title='bbox 837 5665 944 5703; x_wconf 90' lang='lat' dir='ltr'>nos</span> <span class='ocrx_word' id='word_1_696' title='bbox 987 5663 1240 5719; x_wconf 80' lang='lat' dir='ltr'>quoque.</span> <span class='ocrx_word' id='word_1_697' title='bbox 1290 5647 1446 5701; x_wconf 90' lang='lat' dir='ltr'>Bona</span> <span class='ocrx_word' id='word_1_698' title='bbox 1476 5651 1530 5700; x_wconf 90' lang='lat' dir='ltr'>et</span> <span class='ocrx_word' id='word_1_699' title='bbox 1563 5643 1720 5700; x_wconf 91' lang='lat' dir='ltr'>mala</span> <span class='ocrx_word' id='word_1_700' title='bbox 1751 5650 1954 5701; x_wconf 88' lang='lat' dir='ltr'>nostra</span> <span class='ocrx_word' id='word_1_701' title='bbox 1993 5663 2059 5702; x_wconf 86' lang='lat' dir='ltr'>cx</span> <span class='ocrx_word' id='word_1_702' title='bbox 2099 5647 2334 5704; x_wconf 77' lang='lat' dir='ltr'>fortuna</span> 
     </span>
    </p>
   </div>
   <div class='ocr_carea' id='block_1_90' title="bbox 2431 3324 4090 3396">
    <p class='ocr_par' dir='ltr' id='par_1_90' title="bbox 2431 3324 4090 3396">
     <span class='ocr_line' id='line_1_91' title="bbox 2431 3324 4090 3396; baseline 0.001 -19"><span class='ocrx_word' id='word_1_703' title='bbox 2431 3325 2614 3378; x_wconf 91' lang='lat' dir='ltr'>arduo</span> <span class='ocrx_word' id='word_1_704' title='bbox 2647 3325 2875 3395; x_wconf 85' lang='lat' dir='ltr'>negotio</span> <span class='ocrx_word' id='word_1_705' title='bbox 2899 3325 3247 3396; x_wconf 74' lang='lat' dir='ltr'>praeficerer,</span> <span class='ocrx_word' id='word_1_706' title='bbox 3280 3324 3377 3379; x_wconf 90' lang='lat' dir='ltr'>sed</span> <span class='ocrx_word' id='word_1_707' title='bbox 3439 3325 3699 3395; x_wconf 90' lang='lat' dir='ltr'>primum</span> <span class='ocrx_word' id='word_1_708' title='bbox 3732 3339 3798 3379; x_wconf 89' lang='lat' dir='ltr'>eo</span> <span class='ocrx_word' id='word_1_709' title='bbox 3830 3324 4090 3395; x_wconf 90' lang='lat' dir='ltr'>prosilui</span> 
     </span>
    </p>
   </div>
   <div class='ocr_carea' id='block_1_91' title="bbox 2430 3412 4089 3484">
    <p class='ocr_par' dir='ltr' id='par_1_91' title="bbox 2430 3412 4089 3484">
     <span class='ocr_line' id='line_1_92' title="bbox 2430 3412 4089 3484; baseline 0 -16"><span class='ocrx_word' id='word_1_710' title='bbox 2430 3416 2724 3484; x_wconf 89' lang='lat' dir='ltr'>supremis</span> <span class='ocrx_word' id='word_1_711' title='bbox 2757 3415 3052 3468; x_wconf 86' lang='lat' dir='ltr'>mandatis</span> <span class='ocrx_word' id='word_1_712' title='bbox 3073 3413 3441 3482; x_wconf 87' lang='lat' dir='ltr'>imperatoris</span> <span class='ocrx_word' id='word_1_713' title='bbox 3460 3413 3813 3484; x_wconf 89' lang='lat' dir='ltr'>obsequens,</span> <span class='ocrx_word' id='word_1_714' title='bbox 3848 3412 4089 3468; x_wconf 89' lang='lat' dir='ltr'>deinde.</span> 
     </span>
    </p>
   </div>
   <div class='ocr_carea' id='block_1_92' title="bbox 2431 3501 4092 3574">
    <p class='ocr_par' dir='ltr' id='par_1_92' title="bbox 2431 3501 4092 3574">
     <span class='ocr_line' id='line_1_93' title="bbox 2431 3501 4092 3574; baseline -0.002 -15"><span class='ocrx_word' id='word_1_715' title='bbox 2431 3532 2500 3542; x_wconf 92' lang='lat'><strong><em>—</em></strong></span> <span class='ocrx_word' id='word_1_716' title='bbox 2527 3503 2636 3559; x_wconf 90' lang='lat' dir='ltr'>Sed</span> <span class='ocrx_word' id='word_1_717' title='bbox 2673 3519 2870 3558; x_wconf 88' lang='lat' dir='ltr'>revoco</span> <span class='ocrx_word' id='word_1_718' title='bbox 2891 3519 3003 3569; x_wconf 91' lang='lat' dir='ltr'>me,</span> <span class='ocrx_word' id='word_1_719' title='bbox 3036 3518 3224 3574; x_wconf 89' lang='lat' dir='ltr'>neque</span> <span class='ocrx_word' id='word_1_720' title='bbox 3247 3502 3359 3558; x_wconf 89' lang='lat' dir='ltr'>isto</span> <span class='ocrx_word' id='word_1_721' title='bbox 3404 3517 3616 3574; x_wconf 87' lang='lat' dir='ltr'>genere</span> <span class='ocrx_word' id='word_1_722' title='bbox 3665 3501 3951 3557; x_wconf 90' lang='lat' dir='ltr'>orationis</span> <span class='ocrx_word' id='word_1_723' title='bbox 4004 3503 4092 3557; x_wconf 89' lang='lat' dir='ltr'>uti</span> 
     </span>
    </p>
   </div>
   <div class='ocr_carea' id='block_1_93' title="bbox 2432 3590 4092 3664">
    <p class='ocr_par' dir='ltr' id='par_1_93' title="bbox 2432 3590 4092 3664">
     <span class='ocr_line' id='line_1_94' title="bbox 2432 3590 4092 3664; baseline 0.002 -20"><span class='ocrx_word' id='word_1_724' title='bbox 2432 3592 2579 3647; x_wconf 79' lang='lat' dir='ltr'>volo.</span> <span class='ocrx_word' id='word_1_725' title='bbox 2645 3593 2701 3646; x_wconf 89' lang='lat' dir='ltr'>ld</span> <span class='ocrx_word' id='word_1_726' title='bbox 2758 3592 2950 3647; x_wconf 89' lang='lat' dir='ltr'>solum</span> <span class='ocrx_word' id='word_1_727' title='bbox 3010 3595 3164 3664; x_wconf 91' lang='lat' dir='ltr'>apud</span> <span class='ocrx_word' id='word_1_728' title='bbox 3219 3609 3318 3646; x_wconf 88' lang='lat' dir='ltr'>vos</span> <span class='ocrx_word' id='word_1_729' title='bbox 3375 3592 3672 3662; x_wconf 81' lang='lat' dir='ltr'>proﬁteor,</span> <span class='ocrx_word' id='word_1_730' title='bbox 3705 3590 3783 3645; x_wconf 89' lang='lat' dir='ltr'>ita</span> <span class='ocrx_word' id='word_1_731' title='bbox 3811 3607 3902 3645; x_wconf 90' lang='lat' dir='ltr'>me</span> <span class='ocrx_word' id='word_1_732' title='bbox 3939 3591 4092 3648; x_wconf 87' lang='lat' dir='ltr'>velle</span> 
     </span>
    </p>
   </div>
   <div class='ocr_carea' id='block_1_94' title="bbox 2432 3679 4095 3752">
    <p class='ocr_par' dir='ltr' id='par_1_94' title="bbox 2432 3679 4095 3752">
     <span class='ocr_line' id='line_1_95' title="bbox 2432 3679 4095 3752; baseline 0 -16"><span class='ocrx_word' id='word_1_733' title='bbox 2432 3697 2803 3752; x_wconf 89' lang='lat' dir='ltr'>perseverare</span> <span class='ocrx_word' id='word_1_734' title='bbox 2834 3681 2890 3735; x_wconf 90' lang='lat' dir='ltr'>in</span> <span class='ocrx_word' id='word_1_735' title='bbox 2925 3682 3032 3736; x_wconf 89' lang='lat' dir='ltr'>hoc</span> <span class='ocrx_word' id='word_1_736' title='bbox 3055 3697 3318 3746; x_wconf 91' lang='lat' dir='ltr'>munere,</span> <span class='ocrx_word' id='word_1_737' title='bbox 3354 3682 3398 3734; x_wconf 92' lang='lat' dir='ltr'>si</span> <span class='ocrx_word' id='word_1_738' title='bbox 3427 3697 3532 3735; x_wconf 90' lang='lat' dir='ltr'>vos</span> <span class='ocrx_word' id='word_1_739' title='bbox 3559 3680 3838 3749; x_wconf 89' lang='lat' dir='ltr'>jubeatis.</span> <span class='ocrx_word' id='word_1_740' title='bbox 3875 3679 4095 3736; x_wconf 87' lang='lat' dir='ltr'>Decer-</span> 
     </span>
    </p>
   </div>
   <div class='ocr_carea' id='block_1_95' title="bbox 2434 3769 4097 3842">
    <p class='ocr_par' dir='ltr' id='par_1_95' title="bbox 2434 3769 4097 3842">
     <span class='ocr_line' id='line_1_96' title="bbox 2434 3769 4097 3842; baseline -0.001 -17"><span class='ocrx_word' id='word_1_741' title='bbox 2434 3771 2551 3826; x_wconf 88' lang='lat' dir='ltr'>nite</span> <span class='ocrx_word' id='word_1_742' title='bbox 2583 3771 2767 3842; x_wconf 89' lang='lat' dir='ltr'>igitur</span> <span class='ocrx_word' id='word_1_743' title='bbox 2797 3771 2952 3842; x_wconf 92' lang='lat' dir='ltr'>quod</span> <span class='ocrx_word' id='word_1_744' title='bbox 2989 3770 3198 3841; x_wconf 91' lang='lat' dir='ltr'>placet.</span> <span class='ocrx_word' id='word_1_745' title='bbox 3230 3769 3509 3825; x_wconf 66' lang='lat' dir='ltr'>Praeficite</span> <span class='ocrx_word' id='word_1_746' title='bbox 3539 3769 3636 3824; x_wconf 90' lang='lat' dir='ltr'>isti</span> <span class='ocrx_word' id='word_1_747' title='bbox 3667 3786 3842 3837; x_wconf 64' lang='lat' dir='ltr'>cura),</span> <span class='ocrx_word' id='word_1_748' title='bbox 3885 3770 3936 3824; x_wconf 91' lang='lat' dir='ltr'>si</span> <span class='ocrx_word' id='word_1_749' title='bbox 4001 3771 4097 3824; x_wconf 91' lang='lat' dir='ltr'>vi-</span> 
     </span>
    </p>
   </div>
   <div class='ocr_carea' id='block_1_96' title="bbox 2432 3859 4098 3929">
    <p class='ocr_par' dir='ltr' id='par_1_96' title="bbox 2432 3859 4098 3929">
     <span class='ocr_line' id='line_1_97' title="bbox 2432 3859 4098 3929; baseline -0.001 -13"><span class='ocrx_word' id='word_1_750' title='bbox 2432 3863 2621 3929; x_wconf 91' lang='lat' dir='ltr'>detur,</span> <span class='ocrx_word' id='word_1_751' title='bbox 2655 3860 2834 3916; x_wconf 89' lang='lat' dir='ltr'>alium</span> <span class='ocrx_word' id='word_1_752' title='bbox 2865 3879 2876 3915; x_wconf 92' lang='lat'>:</span> <span class='ocrx_word' id='word_1_753' title='bbox 2911 3862 3110 3916; x_wconf 89' lang='lat' dir='ltr'>cedam</span> <span class='ocrx_word' id='word_1_754' title='bbox 3142 3859 3408 3927; x_wconf 88' lang='lat' dir='ltr'>libenter,</span> <span class='ocrx_word' id='word_1_755' title='bbox 3442 3859 3742 3929; x_wconf 89' lang='lat' dir='ltr'>redigique</span> <span class='ocrx_word' id='word_1_756' title='bbox 3774 3874 3866 3912; x_wconf 89' lang='lat' dir='ltr'>me</span> <span class='ocrx_word' id='word_1_757' title='bbox 3896 3861 4098 3929; x_wconf 75' lang='lat' dir='ltr'>patiar</span> 
     </span>
    </p>
   </div>
   <div class='ocr_carea' id='block_1_97' title="bbox 2433 3948 4094 4020">
    <p class='ocr_par' dir='ltr' id='par_1_97' title="bbox 2433 3948 4094 4020">
     <span class='ocr_line' id='line_1_98' title="bbox 2433 3948 4094 4020; baseline -0.001 -15"><span class='ocrx_word' id='word_1_758' title='bbox 2433 3951 2492 4006; x_wconf 90' lang='lat' dir='ltr'>in</span> <span class='ocrx_word' id='word_1_759' title='bbox 2516 3952 2805 4020; x_wconf 87' lang='lat' dir='ltr'>ordinem,</span> <span class='ocrx_word' id='word_1_760' title='bbox 2837 3951 2962 4006; x_wconf 91' lang='lat' dir='ltr'>loco</span> <span class='ocrx_word' id='word_1_761' title='bbox 2986 3952 3079 4005; x_wconf 72' lang='grc'>47</span> <span class='ocrx_word' id='word_1_762' title='bbox 3119 3948 3205 4005; x_wconf 89' lang='lat' dir='ltr'>vel</span> <span class='ocrx_word' id='word_1_763' title='bbox 3239 3949 3442 4003; x_wconf 86' lang='lat' dir='ltr'>infimo</span> <span class='ocrx_word' id='word_1_764' title='bbox 3473 3952 3822 4012; x_wconf 88' lang='lat' dir='ltr'>contentus;</span> <span class='ocrx_word' id='word_1_765' title='bbox 3847 3949 4094 4003; x_wconf 85' lang='lat' dir='ltr'>videns-</span> 
     </span>
    </p>
   </div>
   <div class='ocr_carea' id='block_1_98' title="bbox 2435 4036 4097 4112">
    <p class='ocr_par' dir='ltr' id='par_1_98' title="bbox 2435 4036 4097 4112">
     <span class='ocr_line' id='line_1_99' title="bbox 2435 4036 4097 4112; baseline -0.001 -18"><span class='ocrx_word' id='word_1_766' title='bbox 2435 4057 2548 4112; x_wconf 90' lang='lat' dir='ltr'>que</span> <span class='ocrx_word' id='word_1_767' title='bbox 2579 4061 2612 4096; x_wconf 86' lang='lat' dir='ltr'>a</span> <span class='ocrx_word' id='word_1_768' title='bbox 2644 4041 2811 4096; x_wconf 89' lang='lat' dir='ltr'>vobis</span> <span class='ocrx_word' id='word_1_769' title='bbox 2844 4040 3134 4095; x_wconf 89' lang='lat' dir='ltr'>delectum</span> <span class='ocrx_word' id='word_1_770' title='bbox 3169 4038 3352 4094; x_wconf 91' lang='lat' dir='ltr'>alium</span> <span class='ocrx_word' id='word_1_771' title='bbox 3385 4037 3663 4092; x_wconf 90' lang='lat' dir='ltr'>idoneum</span> <span class='ocrx_word' id='word_1_772' title='bbox 3715 4036 3816 4107; x_wconf 92' lang='lat' dir='ltr'>qui</span> <span class='ocrx_word' id='word_1_773' title='bbox 3876 4037 4097 4107; x_wconf 90' lang='lat' dir='ltr'>pupilli</span> 
     </span>
    </p>
   </div>
   <div class='ocr_carea' id='block_1_99' title="bbox 2437 4124 4098 4202">
    <p class='ocr_par' dir='ltr' id='par_1_99' title="bbox 2437 4124 4098 4202">
     <span class='ocr_line' id='line_1_100' title="bbox 2437 4124 4098 4202; baseline -0.002 -18"><span class='ocrx_word' id='word_1_774' title='bbox 2437 4129 2720 4202; x_wconf 90' lang='lat' dir='ltr'>principis</span> <span class='ocrx_word' id='word_1_775' title='bbox 2755 4128 2952 4197; x_wconf 90' lang='lat' dir='ltr'>saluti,</span> <span class='ocrx_word' id='word_1_776' title='bbox 2983 4132 3049 4182; x_wconf 91' lang='lat' dir='ltr'>ut</span> <span class='ocrx_word' id='word_1_777' title='bbox 3080 4143 3185 4198; x_wconf 89' lang='lat' dir='ltr'>par</span> <span class='ocrx_word' id='word_1_778' title='bbox 3228 4130 3337 4196; x_wconf 88' lang='lat' dir='ltr'>est,</span> <span class='ocrx_word' id='word_1_779' title='bbox 3397 4124 3685 4197; x_wconf 84' lang='lat' dir='ltr'>invigilet,</span> <span class='ocrx_word' id='word_1_780' title='bbox 3745 4124 4098 4196; x_wconf 68' lang='lat' dir='ltr'>aequissimo</span> 
     </span>
    </p>
   </div>
   <div class='ocr_carea' id='block_1_100' title="bbox 2438 4213 4099 4288">
    <p class='ocr_par' dir='ltr' id='par_1_100' title="bbox 2438 4213 4099 4288">
     <span class='ocr_line' id='line_1_101' title="bbox 2438 4213 4099 4288; baseline -0.002 -14"><span class='ocrx_word' id='word_1_781' title='bbox 2438 4219 2634 4274; x_wconf 88' lang='lat' dir='ltr'>animo</span> <span class='ocrx_word' id='word_1_782' title='bbox 2667 4219 2902 4288; x_wconf 69' lang='lat' dir='ltr'>privatae</span> <span class='ocrx_word' id='word_1_783' title='bbox 2944 4216 3160 4288; x_wconf 88' lang='lat' dir='ltr'>quietis</span> <span class='ocrx_word' id='word_1_784' title='bbox 3219 4221 3439 4271; x_wconf 88' lang='lat' dir='ltr'>sortem</span> <span class='ocrx_word' id='word_1_785' title='bbox 3499 4213 3836 4283; x_wconf 89' lang='lat' dir='ltr'>amplectar.</span> <span class='ocrx_word' id='word_1_786' title='bbox 3897 4221 4099 4285; x_wconf 84' lang='lat' dir='ltr'>Agam</span> 
     </span>
    </p>
   </div>
   <div class='ocr_carea' id='block_1_101' title="bbox 2439 4302 4104 4378">
    <p class='ocr_par' dir='ltr' id='par_1_101' title="bbox 2439 4302 4104 4378">
     <span class='ocr_line' id='line_1_102' title="bbox 2439 4302 4104 4378; baseline -0.002 -17"><span class='ocrx_word' id='word_1_787' title='bbox 2439 4307 2578 4378; x_wconf 92' lang='lat' dir='ltr'>quin</span> <span class='ocrx_word' id='word_1_788' title='bbox 2611 4307 2790 4362; x_wconf 88' lang='lat' dir='ltr'>etiam</span> <span class='ocrx_word' id='word_1_789' title='bbox 2828 4306 3049 4360; x_wconf 88' lang='lat' dir='ltr'>infimis</span> <span class='ocrx_word' id='word_1_790' title='bbox 3080 4305 3356 4378; x_wconf 89' lang='lat' dir='ltr'>precibus</span> <span class='ocrx_word' id='word_1_791' title='bbox 3385 4319 3517 4358; x_wconf 91' lang='lat' dir='ltr'>cum</span> <span class='ocrx_word' id='word_1_792' title='bbox 3556 4302 3841 4374; x_wconf 89' lang='lat' dir='ltr'>principe,</span> <span class='ocrx_word' id='word_1_793' title='bbox 3867 4319 3942 4357; x_wconf 91' lang='lat' dir='ltr'>ne</span> <span class='ocrx_word' id='word_1_794' title='bbox 3964 4320 4104 4358; x_wconf 86' lang='lat' dir='ltr'>mo-</span> 
     </span>
    </p>
   </div>
   <div class='ocr_carea' id='block_1_102' title="bbox 2437 4392 4104 4462">
    <p class='ocr_par' dir='ltr' id='par_1_102' title="bbox 2437 4392 4104 4462">
     <span class='ocr_line' id='line_1_103' title="bbox 2437 4392 4104 4462; baseline -0.002 -10"><span class='ocrx_word' id='word_1_795' title='bbox 2437 4397 2582 4452; x_wconf 92' lang='lat' dir='ltr'>leste</span> <span class='ocrx_word' id='word_1_796' title='bbox 2615 4398 2759 4452; x_wconf 88' lang='lat' dir='ltr'>ferat</span> <span class='ocrx_word' id='word_1_797' title='bbox 2791 4397 3055 4451; x_wconf 89' lang='lat' dir='ltr'>recedere</span> <span class='ocrx_word' id='word_1_798' title='bbox 3087 4409 3179 4450; x_wconf 90' lang='lat' dir='ltr'>me</span> <span class='ocrx_word' id='word_1_799' title='bbox 3211 4395 3284 4450; x_wconf 90' lang='lat' dir='ltr'>ab</span> <span class='ocrx_word' id='word_1_800' title='bbox 3315 4393 3442 4462; x_wconf 87' lang='lat' dir='ltr'>ejus</span> <span class='ocrx_word' id='word_1_801' title='bbox 3473 4409 3634 4459; x_wconf 87' lang='lat' dir='ltr'>cura,</span> <span class='ocrx_word' id='word_1_802' title='bbox 3659 4392 3809 4462; x_wconf 88' lang='lat' dir='ltr'>quod</span> <span class='ocrx_word' id='word_1_803' title='bbox 3829 4408 3896 4447; x_wconf 91' lang='lat' dir='ltr'>ea</span> <span class='ocrx_word' id='word_1_804' title='bbox 3927 4397 4104 4449; x_wconf 85' lang='lat' dir='ltr'>tanta</span> 
     </span>
    </p>
   </div>
   <div class='ocr_carea' id='block_1_103' title="bbox 2438 4483 4103 4558">
    <p class='ocr_par' dir='ltr' id='par_1_103' title="bbox 2438 4483 4103 4558">
     <span class='ocr_line' id='line_1_104' title="bbox 2438 4483 4103 4558; baseline -0.002 -17"><span class='ocrx_word' id='word_1_805' title='bbox 2438 4491 2677 4558; x_wconf 90' lang='lat' dir='ltr'>tamque</span> <span class='ocrx_word' id='word_1_806' title='bbox 2710 4485 3034 4540; x_wconf 82' lang='lat' dir='ltr'>honorifica</span> <span class='ocrx_word' id='word_1_807' title='bbox 3089 4483 3432 4556; x_wconf 64' lang='lat' dir='ltr'>pralectura</span> <span class='ocrx_word' id='word_1_808' title='bbox 3484 4488 3757 4536; x_wconf 88' lang='lat' dir='ltr'>ornatum</span> <span class='ocrx_word' id='word_1_809' title='bbox 3817 4498 3951 4536; x_wconf 90' lang='lat' dir='ltr'>esse</span> <span class='ocrx_word' id='word_1_810' title='bbox 4004 4500 4103 4537; x_wconf 87' lang='lat' dir='ltr'>me</span> 
     </span>
    </p>
   </div>
   <div class='ocr_carea' id='block_1_104' title="bbox 2440 4571 4102 4647">
    <p class='ocr_par' dir='ltr' id='par_1_104' title="bbox 2440 4571 4102 4647">
     <span class='ocr_line' id='line_1_105' title="bbox 2440 4571 4102 4647; baseline -0.002 -17"><span class='ocrx_word' id='word_1_811' title='bbox 2440 4576 2795 4647; x_wconf 88' lang='lat' dir='ltr'>quibusdam</span> <span class='ocrx_word' id='word_1_812' title='bbox 2841 4578 3100 4630; x_wconf 90' lang='lat' dir='ltr'>vestrum</span> <span class='ocrx_word' id='word_1_813' title='bbox 3159 4589 3273 4628; x_wconf 87' lang='lat' dir='ltr'>non</span> <span class='ocrx_word' id='word_1_814' title='bbox 3335 4572 3634 4644; x_wconf 90' lang='lat' dir='ltr'>probetur.</span> <span class='ocrx_word' id='word_1_815' title='bbox 3696 4571 4102 4628; x_wconf 69' lang='lat' dir='ltr'>Praestabilius</span> 
     </span>
    </p>
   </div>
   <div class='ocr_carea' id='block_1_105' title="bbox 2439 4660 4106 4736">
    <p class='ocr_par' dir='ltr' id='par_1_105' title="bbox 2439 4660 4106 4736">
     <span class='ocr_line' id='line_1_106' title="bbox 2439 4660 4106 4736; baseline -0.002 -15"><span class='ocrx_word' id='word_1_816' title='bbox 2439 4666 2595 4721; x_wconf 88' lang='lat' dir='ltr'>enim</span> <span class='ocrx_word' id='word_1_817' title='bbox 2631 4665 2800 4736; x_wconf 89' lang='lat' dir='ltr'>longe</span> <span class='ocrx_word' id='word_1_818' title='bbox 2829 4668 2918 4719; x_wconf 89' lang='lat' dir='ltr'>est</span> <span class='ocrx_word' id='word_1_819' title='bbox 2947 4664 3005 4718; x_wconf 91' lang='lat' dir='ltr'>in</span> <span class='ocrx_word' id='word_1_820' title='bbox 3035 4661 3238 4716; x_wconf 89' lang='lat' dir='ltr'>militis</span> <span class='ocrx_word' id='word_1_821' title='bbox 3269 4660 3352 4716; x_wconf 92' lang='lat' dir='ltr'>vel</span> <span class='ocrx_word' id='word_1_822' title='bbox 3387 4660 3636 4733; x_wconf 89' lang='lat' dir='ltr'>gregarii</span> <span class='ocrx_word' id='word_1_823' title='bbox 3658 4660 4002 4717; x_wconf 86' lang='lat' dir='ltr'>conditione</span> <span class='ocrx_word' id='word_1_824' title='bbox 4037 4680 4106 4717; x_wconf 85' lang='lat' dir='ltr'>ac</span> 
     </span>
    </p>
   </div>
   <div class='ocr_carea' id='block_1_106' title="bbox 2439 4750 4105 4824">
    <p class='ocr_par' dir='ltr' id='par_1_106' title="bbox 2439 4750 4105 4824">
     <span class='ocr_line' id='line_1_107' title="bbox 2439 4750 4105 4824; baseline -0.001 -15"><span class='ocrx_word' id='word_1_825' title='bbox 2439 4757 2668 4810; x_wconf 76' lang='lat' dir='ltr'>fortuna</span> <span class='ocrx_word' id='word_1_826' title='bbox 2714 4752 3048 4824; x_wconf 67' lang='lat' dir='ltr'>reipublicae</span> <span class='ocrx_word' id='word_1_827' title='bbox 3083 4750 3321 4820; x_wconf 89' lang='lat' dir='ltr'>servire,</span> <span class='ocrx_word' id='word_1_828' title='bbox 3354 4766 3532 4821; x_wconf 87' lang='lat' dir='ltr'>quam</span> <span class='ocrx_word' id='word_1_829' title='bbox 3577 4755 3732 4804; x_wconf 92' lang='lat' dir='ltr'>metu</span> <span class='ocrx_word' id='word_1_830' title='bbox 3775 4755 3834 4804; x_wconf 90' lang='lat' dir='ltr'>et</span> <span class='ocrx_word' id='word_1_831' title='bbox 3892 4752 4105 4824; x_wconf 85' lang='lat' dir='ltr'>suspi-</span> 
     </span>
    </p>
   </div>
   <div class='ocr_carea' id='block_1_107' title="bbox 2444 4838 4111 4912">
    <p class='ocr_par' dir='ltr' id='par_1_107' title="bbox 2444 4838 4111 4912">
     <span class='ocr_line' id='line_1_108' title="bbox 2444 4838 4111 4912; baseline -0.001 -14"><span class='ocrx_word' id='word_1_832' title='bbox 2444 4844 2714 4899; x_wconf 91' lang='lat' dir='ltr'>cionibus</span> <span class='ocrx_word' id='word_1_833' title='bbox 2747 4843 2984 4896; x_wconf 82' lang='lat' dir='ltr'>anxium</span> <span class='ocrx_word' id='word_1_834' title='bbox 3017 4841 3073 4894; x_wconf 92' lang='lat' dir='ltr'>in</span> <span class='ocrx_word' id='word_1_835' title='bbox 3109 4839 3395 4911; x_wconf 87' lang='lat' dir='ltr'>dignitate</span> <span class='ocrx_word' id='word_1_836' title='bbox 3424 4839 3634 4894; x_wconf 90' lang='lat' dir='ltr'>vivere.</span> <span class='ocrx_word' id='word_1_837' title='bbox 3671 4839 3752 4892; x_wconf 88' lang='lat' dir='ltr'>En</span> <span class='ocrx_word' id='word_1_838' title='bbox 3786 4838 3970 4907; x_wconf 83' lang='lat' dir='ltr'>igitur</span> <span class='ocrx_word' id='word_1_839' title='bbox 4001 4857 4111 4912; x_wconf 88' lang='lat' dir='ltr'>per</span> 
     </span>
    </p>
   </div>
   <div class='ocr_carea' id='block_1_108' title="bbox 2443 4927 4111 5003">
    <p class='ocr_par' dir='ltr' id='par_1_108' title="bbox 2443 4927 4111 5003">
     <span class='ocr_line' id='line_1_109' title="bbox 2443 4927 4111 5003; baseline -0.002 -14"><span class='ocrx_word' id='word_1_840' title='bbox 2443 4935 2766 4989; x_wconf 78' lang='lat' dir='ltr'>beneficam</span> <span class='ocrx_word' id='word_1_841' title='bbox 2803 4931 3230 5003; x_wconf 88' lang='lat' dir='ltr'>providentiam</span> <span class='ocrx_word' id='word_1_842' title='bbox 3254 4928 3526 4983; x_wconf 89' lang='lat' dir='ltr'>Numinis</span> <span class='ocrx_word' id='word_1_843' title='bbox 3556 4932 3613 4983; x_wconf 91' lang='lat' dir='ltr'>et</span> <span class='ocrx_word' id='word_1_844' title='bbox 3629 4927 3850 4983; x_wconf 85' lang='lat' dir='ltr'>subditi</span> <span class='ocrx_word' id='word_1_845' title='bbox 3874 4929 4111 4986; x_wconf 88' lang='lat' dir='ltr'>dociles</span> 
     </span>
    </p>
   </div>
   <div class='ocr_carea' id='block_1_109' title="bbox 2443 5013 4110 5092">
    <p class='ocr_par' dir='ltr' id='par_1_109' title="bbox 2443 5013 4110 5092">
     <span class='ocr_line' id='line_1_110' title="bbox 2443 5013 4110 5092; baseline -0.002 -16"><span class='ocrx_word' id='word_1_846' title='bbox 2443 5023 2515 5078; x_wconf 88' lang='lat' dir='ltr'>ad</span> <span class='ocrx_word' id='word_1_847' title='bbox 2550 5021 2877 5092; x_wconf 86' lang='lat' dir='ltr'>parendum</span> <span class='ocrx_word' id='word_1_848' title='bbox 2909 5022 3066 5086; x_wconf 81' lang='lat' dir='ltr'>sunt,</span> <span class='ocrx_word' id='word_1_849' title='bbox 3098 5021 3155 5071; x_wconf 90' lang='lat' dir='ltr'>et</span> <span class='ocrx_word' id='word_1_850' title='bbox 3187 5013 3561 5086; x_wconf 90' lang='lat' dir='ltr'>disciplinam</span> <span class='ocrx_word' id='word_1_851' title='bbox 3597 5014 3816 5070; x_wconf 90' lang='lat' dir='ltr'>milites</span> <span class='ocrx_word' id='word_1_852' title='bbox 3838 5021 4110 5078; x_wconf 85' lang='lat' dir='ltr'>servant.</span> 
     </span>
    </p>
   </div>
   <div class='ocr_carea' id='block_1_110' title="bbox 2444 5104 4116 5181">
    <p class='ocr_par' dir='ltr' id='par_1_110' title="bbox 2444 5104 4116 5181">
     <span class='ocr_line' id='line_1_111' title="bbox 2444 5104 4116 5181; baseline -0.004 -14"><span class='ocrx_word' id='word_1_853' title='bbox 2444 5117 2500 5167; x_wconf 91' lang='lat' dir='ltr'>et</span> <span class='ocrx_word' id='word_1_854' title='bbox 2528 5110 2839 5181; x_wconf 89' lang='lat' dir='ltr'>quiescunt</span> <span class='ocrx_word' id='word_1_855' title='bbox 2870 5108 3294 5178; x_wconf 89' lang='lat' dir='ltr'>quiescereque</span> <span class='ocrx_word' id='word_1_856' title='bbox 3342 5121 3449 5160; x_wconf 91' lang='lat' dir='ltr'>nos</span> <span class='ocrx_word' id='word_1_857' title='bbox 3509 5105 3714 5158; x_wconf 87' lang='lat' dir='ltr'>sinunt</span> <span class='ocrx_word' id='word_1_858' title='bbox 3769 5104 4002 5175; x_wconf 88' lang='lat' dir='ltr'>hostes,</span> <span class='ocrx_word' id='word_1_859' title='bbox 4056 5112 4116 5161; x_wconf 86' lang='lat' dir='ltr'>et</span> 
     </span>
    </p>
   </div>
   <div class='ocr_carea' id='block_1_111' title="bbox 2446 5191 4116 5266">
    <p class='ocr_par' dir='ltr' id='par_1_111' title="bbox 2446 5191 4116 5266">
     <span class='ocr_line' id='line_1_112' title="bbox 2446 5191 4116 5266; baseline -0.003 -11"><span class='ocrx_word' id='word_1_860' title='bbox 2446 5201 2555 5256; x_wconf 90' lang='lat' dir='ltr'>iste</span> <span class='ocrx_word' id='word_1_861' title='bbox 2589 5205 2778 5254; x_wconf 86' lang='lat' dir='ltr'>vester</span> <span class='ocrx_word' id='word_1_862' title='bbox 2809 5194 3466 5266; x_wconf 88' lang='lat' dir='ltr'>ordoamplissimorum</span> <span class='ocrx_word' id='word_1_863' title='bbox 3486 5191 3821 5264; x_wconf 88' lang='lat' dir='ltr'>principum</span> <span class='ocrx_word' id='word_1_864' title='bbox 3837 5193 4116 5252; x_wconf 88' lang='lat' dir='ltr'>abundat</span> 
     </span>
    </p>
   </div>
   <div class='ocr_carea' id='block_1_112' title="bbox 2444 5282 4114 5358">
    <p class='ocr_par' dir='ltr' id='par_1_112' title="bbox 2444 5282 4114 5358">
     <span class='ocr_line' id='line_1_113' title="bbox 2444 5282 4114 5358; baseline -0.005 -14"><span class='ocrx_word' id='word_1_865' title='bbox 2444 5304 2716 5352; x_wconf 88' lang='lat' dir='ltr'>numero,</span> <span class='ocrx_word' id='word_1_866' title='bbox 2732 5302 2984 5358; x_wconf 87' lang='lat' dir='ltr'>quorum</span> <span class='ocrx_word' id='word_1_867' title='bbox 3001 5284 3242 5356; x_wconf 91' lang='lat' dir='ltr'>quidam</span> <span class='ocrx_word' id='word_1_868' title='bbox 3261 5282 3634 5354; x_wconf 87' lang='lat' dir='ltr'>imperatoris</span> <span class='ocrx_word' id='word_1_869' title='bbox 3656 5285 4114 5353; x_wconf 83' lang='lat' dir='ltr'>consanguinei,</span> 
     </span>
    </p>
   </div>
   <div class='ocr_carea' id='block_1_113' title="bbox 2446 5372 4118 5451">
    <p class='ocr_par' dir='ltr' id='par_1_113' title="bbox 2446 5372 4118 5451">
     <span class='ocr_line' id='line_1_114' title="bbox 2446 5372 4118 5451; baseline -0.003 -16"><span class='ocrx_word' id='word_1_870' title='bbox 2446 5379 2687 5451; x_wconf 89' lang='lat' dir='ltr'>quidam</span> <span class='ocrx_word' id='word_1_871' title='bbox 2723 5376 2931 5449; x_wconf 89' lang='lat' dir='ltr'>primis</span> <span class='ocrx_word' id='word_1_872' title='bbox 2946 5379 3084 5429; x_wconf 90' lang='lat' dir='ltr'>sunt</span> <span class='ocrx_word' id='word_1_873' title='bbox 3104 5373 3498 5444; x_wconf 87' lang='lat' dir='ltr'>dignitatibus</span> <span class='ocrx_word' id='word_1_874' title='bbox 3523 5372 3803 5438; x_wconf 85' lang='lat' dir='ltr'>illustres,</span> <span class='ocrx_word' id='word_1_875' title='bbox 3830 5373 4118 5430; x_wconf 85' lang='lat' dir='ltr'>dotibus—</span> 
     </span>
    </p>
   </div>
   <div class='ocr_carea' id='block_1_114' title="bbox 2446 5461 4117 5539">
    <p class='ocr_par' dir='ltr' id='par_1_114' title="bbox 2446 5461 4117 5539">
     <span class='ocr_line' id='line_1_115' title="bbox 2446 5461 4117 5539; baseline -0.002 -15"><span class='ocrx_word' id='word_1_876' title='bbox 2446 5485 2560 5539; x_wconf 91' lang='lat' dir='ltr'>que</span> <span class='ocrx_word' id='word_1_877' title='bbox 2591 5467 2784 5522; x_wconf 90' lang='lat' dir='ltr'>omnis</span> <span class='ocrx_word' id='word_1_878' title='bbox 2816 5464 3047 5536; x_wconf 90' lang='lat' dir='ltr'>generis</span> <span class='ocrx_word' id='word_1_879' title='bbox 3079 5461 3400 5534; x_wconf 63' lang='lat' dir='ltr'>praelatis,</span> <span class='ocrx_word' id='word_1_880' title='bbox 3432 5479 3558 5534; x_wconf 69' lang='lat' dir='ltr'>quae</span> <span class='ocrx_word' id='word_1_881' title='bbox 3599 5478 3895 5533; x_wconf 85' lang='lat' dir='ltr'>quemque</span> <span class='ocrx_word' id='word_1_882' title='bbox 3945 5481 4117 5520; x_wconf 88' lang='lat' dir='ltr'>com-</span> 
     </span>
    </p>
   </div>
   <div class='ocr_carea' id='block_1_115' title="bbox 2444 5552 4119 5625">
    <p class='ocr_par' dir='ltr' id='par_1_115' title="bbox 2444 5552 4119 5625">
     <span class='ocr_line' id='line_1_116' title="bbox 2444 5552 4119 5625; baseline -0.001 -13"><span class='ocrx_word' id='word_1_883' title='bbox 2444 5559 2722 5613; x_wconf 88' lang='lat' dir='ltr'>mendare</span> <span class='ocrx_word' id='word_1_884' title='bbox 2752 5554 2839 5610; x_wconf 92' lang='lat' dir='ltr'>vel</span> <span class='ocrx_word' id='word_1_885' title='bbox 2876 5553 3132 5608; x_wconf 84' lang='lat' dir='ltr'>maxime</span> <span class='ocrx_word' id='word_1_886' title='bbox 3175 5552 3427 5623; x_wconf 87' lang='lat' dir='ltr'>possint,</span> <span class='ocrx_word' id='word_1_887' title='bbox 3488 5567 3720 5607; x_wconf 89' lang='lat' dir='ltr'>summe</span> <span class='ocrx_word' id='word_1_888' title='bbox 3777 5554 4119 5625; x_wconf 73' lang='lat' dir='ltr'>conspicui.</span> 
     </span>
    </p>
   </div>
   <div class='ocr_carea' id='block_1_116' title="bbox 2441 5641 4119 5716">
    <p class='ocr_par' dir='ltr' id='par_1_116' title="bbox 2441 5641 4119 5716">
     <span class='ocr_line' id='line_1_117' title="bbox 2441 5641 4119 5716; baseline -0.002 -13"><span class='ocrx_word' id='word_1_889' title='bbox 2441 5650 2522 5704; x_wconf 79' lang='lat' dir='ltr'>Ex</span> <span class='ocrx_word' id='word_1_890' title='bbox 2555 5647 2647 5702; x_wconf 85' lang='lat' dir='ltr'>his</span> <span class='ocrx_word' id='word_1_891' title='bbox 2682 5645 2935 5716; x_wconf 89' lang='lat' dir='ltr'>eligatur</span> <span class='ocrx_word' id='word_1_892' title='bbox 2965 5642 3092 5714; x_wconf 87' lang='lat' dir='ltr'>qui,</span> <span class='ocrx_word' id='word_1_893' title='bbox 3124 5642 3279 5712; x_wconf 87' lang='lat' dir='ltr'>quod</span> <span class='ocrx_word' id='word_1_894' title='bbox 3313 5656 3404 5696; x_wconf 90' lang='lat' dir='ltr'>res</span> <span class='ocrx_word' id='word_1_895' title='bbox 3436 5641 3624 5713; x_wconf 87' lang='lat' dir='ltr'>poscit</span> <span class='ocrx_word' id='word_1_896' title='bbox 3652 5643 3709 5697; x_wconf 90' lang='lat' dir='ltr'>et</span> <span class='ocrx_word' id='word_1_897' title='bbox 3726 5656 3976 5700; x_wconf 88' lang='lat' dir='ltr'>necesse</span> <span class='ocrx_word' id='word_1_898' title='bbox 4007 5649 4119 5714; x_wconf 85' lang='lat' dir='ltr'>est,</span> 
     </span>
    </p>
   </div>
  </div>
