4258 6438
1276 403 1374 456 DE
1411 396 1783 456 HICHABLB
1819 389 2266 446 PALEOLOGO
2298 393 2430 445 LIB.
2472 394 2516 444 ι.
3515 395 3620 450 482

205 405 306 460 481

206 531 299 584 καὶ
353 535 434 600 τῷ
511 533 678 599 κοινῷ
732 527 1042 602 ψηφίσματι
1107 527 1366 597 θήσομαι.
1427 523 1502 610 Ou
1549 520 1652 596 γὰρ
1719 514 1945 610 ἶδίξςΑ
1979 532 2060 602 [Ρ.
2093 532 2184 602 27]
2235 532 2399 587 Ταῦτ’
2457 531 2705 593 εἰπόντος
2756 537 2853 588 τοῦ
2902 530 3397 607 πρωτοϐεστιαρίου
3428 534 3624 610 ἄθρουν

210 621 520 685 συστάσεις,
553 615 696 672 ἀλλὰ
747 617 846 684 τὴν
892 619 990 669 τοῦ
1049 612 1314 688 βασιλέως
1365 606 1640 684 προῦργου
1669 605 1868 697 πᾳντὸς
1978 619 2070 690 μὶν
2124 621 2186 673 τὸ
2243 626 2460 688 πλῆθος
2518 621 2761 696 ξυμμιγῆ
2820 623 2918 690 τὴν
2950 605 3158 697 -φωνὴν
3222 605 3430 688 ἀφῆκαν
3460 605 3621 694 ,ικαὶ

212 709 542 780 ποιούμεθα.
599 704 710 763 Κᾶν
745 706 810 760 οὐ
861 706 1012 758 ΘὲΑοι
1070 723 1153 765 τις
1211 700 1399 756 ἄλλων
1457 695 1866 786 ψηφιζομένων
1975 705 2545 783 ὑπεραποδεχομένοις
2623 695 2853 780 ἐῴκεσαν
2929 695 3009 780 τῷ
3090 714 3177 767 ὑπ’
3253 713 3438 785 ἐκείνῳ
3490 714 3624 786 μετά

217 795 376 852 οὐδὲν
411 795 650 851 ἀνύσειεν
679 792 740 849 ἂν
798 794 876 866 μὴ
929 791 1103 847 θέλων
1154 791 1403 875 διαίῖνοιγΔ
1439 787 1602 862 ἡγὰρ
1638 784 1872 875 ὑμεῖέρα
1970 797 2061 848 τὸν
2122 796 2346 869 βασιλέα
2395 783 2676 871 τετάχθαι,
2734 798 2991 875 ἐμφανεῖς
3039 821 3094 854 τε
3141 801 3274 868 ἦσαν
3336 783 3618 874 ἆνασμενί-

218 887 574 961 ὑπερτερήσει
633 880 921 957 βούλησις.
978 881 1166 940 Οὕτως
1224 877 1329 954 ἐγὼ
1389 873 1703 948 δημοτικῶς
1747 871 1869 962 ,ἔχω
1975 890 2153 951 ζοντες
2205 885 2297 956 μὲν
2348 889 2427 956 τῷ
2470 871 2828 959 κρατοῦντι,⁷
2864 888 3268 962 παρενείροντες
3326 888 3383 944 δὲ
3437 871 3621 945 κάκεί-

215 960 356 1029 {satis
409 975 497 1029 καὶ
533 969 700 1046 μηδεν
731 970 817 1026 ἐπὶ
881 967 1075 1043 μηδενὶ
1133 968 1452 1038 ἀξιούμενος
1495 963 1703 1036 μείζονι
1735 960 1868 1034 ἀγα·
1971 994 2049 1043 νῳ
2089 972 2375 1034 πλείστους
2425 976 2511 1028 καὶ
2563 976 2708 1049 παρά
2749 977 2810 1030 τὸ
2858 960 3000 1038 εἰκὸς
3056 960 3305 1040 ἐπαίνους
3359 979 3435 1040 ὡς
3487 980 3621 1050 ἀξίῳ

214 1069 319 1132 πᾷν
345 1107 359 1132 ,
412 1063 502 1118 καὶ
560 1060 828 1116 Θελόντων
885 1061 980 1131 μὶν
1030 1058 1354 1133 προφρόνων
1415 1057 1566 1127 ὑμῶν
1622 1051 1706 1106 ἰπὶ
1758 1053 1866 1105 τῶν

215 1152 555 1226 πραγμάτων
611 1152 787 1222 μὲνειν
844 1150 1135 1222 αἱρεῖσθαι,
1197 1147 1273 1217 μή
1329 1141 1598 1198 θελόντων
1627 1139 1684 1195 δὲ
1713 1136 1868 1194 πάντ’

215 1240 303 1310 Liv
337 1240 431 1294 καὶ
465 1237 634 1311 μηδὲν
694 1237 1180 1311 πολυπραγμονεῖν
1237 1231 1460 1304 ἐθέλειν,
1516 1229 1612 1284 κᾶν
1646 1232 1872 1301 ζημιοῦ-

219 1350 316 1402 μαι
369 1328 438 1382 τὰ
492 1326 734 1402 ἔσχατα.
796 1323 1104 1399 Παρακαλῶ
1159 1322 1340 1377 τοίνυν
1404 1317 1571 1393 μηδὲν
1633 1319 1868 1392 ὑποκρο-

214 1417 526 1489 πτομᾶνους
582 1415 673 1469 καὶ
732 1415 872 1486 ὐμᾶς
899 1411 1136 1484 τάληθὲς
1167 1412 1328 1486 ἄρεῖν.
1389 1407 1485 1468 Τίς
1540 1407 1639 1482 γὰρ
1679 1409 1714 1476 ἡ
1771 1412 1869 1475 τῆς

217 1505 435 1568 δειλίας
494 1504 700 1580 ἀνάγκη
760 1508 858 1559 τοῦ
917 1505 993 1576 μὴ
1026 1501 1428 1575 παριστάμενον
1460 1498 1632 1572 λίγειν
1660 1519 1674 1567 ;
1709 1499 1738 1552 ὁ
1766 1495 1866 1571 γὰρ

215 1595 510 1665 ἀντιΑὰξων
564 1595 668 1648 οὐκ
723 1591 855 1662 ἔστι,
907 1593 996 1646 καὶ
1044 1586 1213 1668 φόϐος
1245 1587 1446 1655 οὐδεὶς,
1475 1587 1540 1656 ἥν
1570 1607 1652 1648 τις
1683 1587 1746 1640 τὸ
1777 1582 1868 1639 δο-

214 1689 348 1739 κοῦν
406 1683 588 1758 λέγειν
643 1684 896 1759 αἱρεῖται.
959 1680 1196 1744 Αὐτόθεν
1249 1681 1538 1752 τοιγαροῦν
1583 1675 1674 1730 καὶ
1734 1676 1866 1748 βουο

217 1773 426 1829 λευιτω
479 1793 564 1834 τις
619 1772 710 1827 καὶ
766 1771 1048 1847 πραττέτω
1105 1768 1198 1823 σὺν
1258 1767 1453 1830 ἄλλοις
1475 1767 1536 1820 τὸ
1567 1766 1869 1839 χρήσιμον,

1975 1063 2089 1132 μετ’
2135 1061 2336 1116 ἐκεῖνον
2383 1068 2529 1137 σφῶν
2572 1065 2759 1138 ἄρχειν
2796 1065 3112 1138 ἐθεράπευον
3144 1068 3234 1120 τὸν
3268 1069 3452 1139 καιρὸν
3515 1069 3621 1141 οὐχ

1971 1150 2159 1216 ἦττον,
2215 1152 2313 1217 τὴν
2372 1149 2850 1224 παρακινδύνευσιν
2885 1150 3140 1221 δεδιότες,
3238 1157 3303 1206 τὰ
3333 1155 3467 1208 κατά
3497 1154 3620 1208 νοῦν

1972 1235 2184 1311 ἔλεγον.
2230 1243 2342 1292 Τῶν
2387 1236 2443 1292 δὲ
2485 1261 2544 1314 γε
2575 1243 2906 1314 μεγιστάνων
2939 1239 3111 1296 ἀλλος
3144 1240 3284 1296 ἄλλο
3314 1263 3366 1296 τι
3395 1244 3531 1316 πρὸς
3559 1245 3621 1298 τὸ

1970 1328 2139 1400 παρὸν
2168 1328 2573 1404 ὑποφωνοῦντες
2610 1327 2772 1396 δῆλοι
2804 1331 2938 1397 ἦσαν
2964 1336 3044 1402 τῷ
3094 1335 3266 1402 καιρῷ
3315 1332 3619 1406 χαριζόμε-

1969 1435 2074 1478 νοι,
2125 1415 2582 1491 σεμνολογοῦντες
2632 1420 2747 1471 οἷον
2783 1419 2871 1472 καὶ
2904 1420 3106 1473 ἑαυτῶν
3137 1419 3340 1474 ἐκεῖνον
3401 1422 3620 1495 ὑπερτι-

1974 1504 2208 1575 Θέμενοι.
2260 1506 2378 1560 Τῶν
2407 1503 2463 1559 δὲ
2491 1500 2812 1576 συμϐάντων
2845 1511 3098 1562 τοσοῦτον
3140 1510 3368 1582 ἀπεῖχον
3415 1509 3616 1565 ἐκεῖνον

1975 1588 2153 1644 δοκεῖν
2208 1591 2513 1663 αἰτιᾶσθαι,
2574 1593 2711 1648 ὥστε
2767 1595 2855 1649 καὶ
2909 1600 2991 1667 τῷ
3053 1596 3267 1671 βασιλεῖ
3321 1598 3471 1670 μόνῳ
3523 1600 3620 1661 τὰς

1973 1679 2149 1741 αἲτίας
2179 1688 2522 1754 προσῆπτον,
2577 1682 2666 1737 καὶ
2725 1682 3053 1758 ὡμολόγουν
3109 1685 3208 1739 οὐκ
3257 1682 3360 1755 ἵξω
3387 1692 3485 1741 τοῦ
3539 1685 3624 1742 δι-

1972 1767 2130 1822 καίου
2158 1776 2366 1840 παθεῖν,
2400 1770 2444 1824 εἰ
2480 1773 2554 1843 μή
2590 1770 2657 1826 δι’
2715 1769 2768 1826 ἓν
2823 1770 2964 1826 ἄλλο
3025 1775 3058 1833 ἢ
3093 1774 3157 1828 τὸ
3219 1775 3322 1828 ὑπὸ
3353 1772 3620 1844 δεσπότην

213 1863 307 1917 καὶ
365 1862 428 1918 τό
475 1883 582 1916 τινι
638 1860 909 1957 παραστὰν
969 1858 1047 1921 εἰς
1101 1859 1330 1957 γνώμην
1385 1855 1554 1957 εςίπξῖν
1610 1851 1869 1957 ἀσφαλὲς,
1899 1891 1946 1957 Β
1975 1856 2263 1957 τελοῦντας
2301 1859 2410 1957 τὴν
2467 1863 2611 1932 σφῶν
2659 1861 2734 1922 εἷς
2784 1865 2972 1935 χεῖρας
3012 1863 3154 1930 ζωὴν
3183 1857 3402 1937 ἔχοντα,
3433 1863 3622 1938 ἐκείνῳ

213 1954 292 2016 ὡς
349 1952 593 2024 εὐμενῶς
641 1951 1024 2022 ἀκουσομένων
1083 1947 1180 2001 κᾶν
1240 1947 1350 2001 ὃτι
1400 1945 1590 2013 λέξειε.
1623 1943 1866 2014 Δεσπότη

211 2041 315 2115 γὶρ
387 2039 745 2114 προσκρούειν
813 2036 952 2099 ’ἰσως
1033 2036 1132 2091 οὐκ
1203 2033 1463 2100 ἀσφαλὲς,
1523 2031 1576 2101 ἐξ
1622 2029 1748 2086 ’ίσου
1807 2029 1866 2084 δὲ

211 2124 650 2204 προσφερομένῳ
698 2132 781 2199 τῷ
833 2128 1052 2202 Αὲγοντι
1108 2125 1175 2179 τὰ
1228 2127 1328 2188 τῆς
1378 2120 1684 2197 -παῤῥησίας
1742 2115 1864 2193 ἔχοι

210 2220 427 2292 καιρόν,
487 2219 562 2279 ὡς
619 2217 865 2290 μείζονος
921 2216 980 2270 ’ὸν
1029 2213 1065 2282 ἢ
1121 2214 1237 2268 κατ’
1286 2211 1519 2272 ἐκείνους
1546 2210 1610 2264 τὸ
1640 2208 1865 2282 κρίνειν.

208 2305 394 2364 Ἀλλά
423 2308 514 2362 καὶ
541 2307 738 2362 τούτου
785 2310 876 2359 νῦν
906 2304 1013 2379 οὐχ
1062 2304 1315 2373 ὑπόντος,
1346 2301 1376 2356 ὁ
1406 2298 1575 2370 λὲξων
1600 2299 1629 2353 ’ὀ
1677 2320 1728 2354 τι
1775 2297 1866 2354 καὶ

211 2398 472 2471 βούλεται
521 2398 846 2471 ἑκατέρωθεν
898 2393 1016 2470 ἔχει
1053 2395 1116 2449 τὸ
1165 2393 1242 2454 εἰς
1289 2391 1450 2446 αὐτὸν
1495 2387 1800 2445 ἀκίνδυνον.
1838 2412 1867 2439 ››

207 2578 457 2634 tutelam
490 2579 655 2650 pueri
706 2576 994 2649 principis
1023 2579 1303 2631 exerceat.
1347 2571 1668 2637 Assentiar,
1701 2587 1863 2626 acce-

209 2669 372 2734 dam,
403 2672 462 2723 et
509 2666 926 2723 communibus
957 2665 1205 2721 calculis
1255 2679 1450 2719 meum
1503 2662 1860 2732 adjungam:

205 2773 321 2812 non
354 2757 516 2811 enim
550 2756 808 2827 privatas
843 2755 1104 2810 rationes
1137 2758 1332 2809 status
1367 2754 1728 2821 fortunasque
1761 2765 1864 2803 no-

208 2850 366 2914 atra,
403 2845 505 2900 sed
539 2844 823 2915 principis
855 2842 1166 2898 utilitatem
1192 2857 1257 2897 ac
1288 2840 1536 2896 salutem
1569 2842 1703 2893 ante
1734 2851 1864 2892 om-

206 2935 308 2990 nia
336 2935 658 3005 querimus
687 2938 746 2989 et
768 2932 1001 2989 cunctis
1025 2930 1412 3004 praferimus.
1445 2927 1554 2994 Qui
1585 2925 1806 2984 electus
1828 2941 1863 2981 a

202 3024 374 3080 vobis
403 3023 604 3092 fuerit,
629 3023 678 3077 si
703 3021 1117 3094 deprecabitur
1143 3021 1447 3082 honorem,
1476 3019 1695 3073 frustra
1717 3015 1830 3071 erit
1854 3031 1869 3070 :

199 3112 400 3168 vincet
431 3112 589 3168 enim
621 3127 952 3167 consensus
980 3115 1172 3166 vester
1201 3109 1330 3180 ejus
1364 3107 1734 3173 modestiam,
1758 3119 1862 3160 nec

201 3217 313 3256 sua
344 3217 482 3256 eum
515 3199 867 3255 verecundia
911 3197 1150 3268 iudiciis
1182 3196 1448 3253 omnium
1492 3197 1753 3250 vestrum
1787 3192 1860 3248 ad

1976 1945 2064 1998 καὶ
2101 1947 2264 2017 μόνον
2297 1945 2494 2001 δοκοῦν
2528 1949 2858 2012 ὑπευθύνους
2887 1952 3020 2004 εἶναι
3049 1951 3138 2004 καὶ
3165 1955 3547 2023 τιμωρεῖσθαι.

1979 2056 2058 2118 ιζ’.
2099 2051 2406 2127 Ἀπολογία
2444 2055 2578 2128 πρὸς
2616 2056 2714 2122 τὴν
2758 2053 3106 2130 δημηγορίαν
3162 2061 3257 2110 τοῦ
3317 2057 3622 2115 Παλαιολό-

2774 2147 2857 2185 ου.

2774 2147 2857 2185 ου.

2042 2214 2101 2269 Ὀ
2127 2210 2185 2267 δέ
2213 2235 2273 2286 γε
2295 2213 2671 2290 Ιίαλαιολόγος
2697 2147 2928 2289 Μῖχαήλ
2946 2217 3035 2270 καὶ
3072 2218 3234 2292 μίγας
3261 2217 3624 2279 κονοσταῦλος

1973 2301 2036 2356 τὸ
2105 2307 2424 2373 τηνικαῦτα,
2485 2305 2520 2373 ἢ
2573 2305 2664 2360 καὶ
2724 2311 2840 2367 ταῖς
2895 2304 3176 2376 ἀληθείαις
3234 2304 3308 2362 ὢν
3369 2313 3509 2371 θεῖος
3565 2307 3624 2362 ἔκ

1975 2391 2225 2462 γυναικὸς
2257 2390 2465 2447 ικείνου
2493 2393 2584 2448 καὶ
2635 2394 2996 2471 συμμετέχειν
3049 2396 3232 2470 ὥσπερ
3288 2401 3384 2451 τοῦ
3437 2399 3623 2470 γένους

1973 2587 2184 2628 vacans
2217 2575 2495 2645 periculo.
2529 2576 2697 2643 Quali
2720 2593 2834 2632 non
2867 2580 2957 2632 est
2983 2577 3286 2648 expositus
3305 2577 3405 2649 qui
3439 2577 3624 2649 loqui-

1971 2664 2068 2716 tur
2099 2663 2167 2717 ad
2219 2663 2330 2720 sibi
2363 2681 2554 2736 pares.
2609 2664 2814 2722 Nullus
2845 2665 2943 2720 hic
2993 2664 3302 2738 principali
3352 2666 3622 2722 eminens

1974 2750 2210 2822 fastigio
2241 2759 2392 2808 astat
2438 2754 2820 2809 dicendorum
2855 2755 3076 2810 arbiter
3104 2771 3116 2810 :
3173 2753 3388 2811 similis
3419 2755 3622 2810 condi-

1971 2842 2052 2894 tio
2084 2844 2172 2896 est
2200 2843 2460 2898 omnium
2495 2847 2553 2897 et
2609 2858 2917 2898 commune
2940 2842 3255 2913 judicium.
3287 2842 3479 2906 Quare
3529 2843 3623 2900 hic

1973 2928 2167 2984 libera
2195 2929 2444 2986 orationi
2472 2935 2529 2987 et
2558 2930 2705 2987 nihil
2756 2935 2916 2987 metu
2965 2930 3254 3001 retinenti,
3294 2947 3622 3003 quamcun-

1974 3033 2088 3089 que
2115 3017 2174 3072 in
2208 3025 2431 3090 partem
2483 3020 2818 3076 incubuerit
2849 3019 3159 3086 sententia,
3203 3019 3300 3075 hic
3333 3021 3612 3091 profecto,

1973 3108 2024 3162 si
2057 3124 2332 3178 usquam,
2365 3109 2530 3164 locus
2573 3114 2680 3165 est.
2718 3131 2744 3159 »
2786 3108 2915 3164 Hec
2948 3109 3390 3180 protovestiario
3419 3107 3617 3164 locuto

1973 3197 2234 3252 conferta
2275 3197 2514 3268 quidem
2563 3198 2881 3253 multitudo
2933 3198 3129 3253 nescio
3179 3198 3319 3268 quid
3373 3197 3618 3254 mistum

204 3296 538 3346 extremum
598 3287 784 3345 obniti
831 3263 1102 3360 patietur.
1162 3289 1248 3342 Me
1290 3285 1449 3356 quod
1511 3285 1737 3350 attinet,
1786 3282 1868 3337 ita
1897 3263 1942 3331 (ἶ
1971 3284 2230 3341 confusis
2261 3263 2608 3342 acclamavit
2656 3285 2919 3355 vocibus,
2951 3301 3078 3356 quas
3125 3263 3422 3340 declarare
3451 3285 3616 3341 vide-

204 3383 586 3447 comparatus
637 3394 794 3443 sum,
829 3381 892 3431 ut
925 3393 1028 3431 nec
1076 3375 1124 3432 si
1150 3391 1255 3431 vos
1278 3373 1579 3445 jusseritis
1620 3386 1860 3445 pergere

207 3468 265 3522 in
301 3470 580 3538 suscepto
615 3481 856 3521 munere
887 3465 1226 3534 detrectem,
1259 3465 1436 3518 etiam
1470 3462 1633 3518 nullo
1665 3461 1866 3517 addito

209 3557 432 3612 bonore
462 3554 548 3612 vel
582 3559 1026 3612 auctoramento
1065 3553 1311 3624 majori;
1361 3558 1420 3608 et
1449 3552 1498 3608 si
1529 3551 1641 3606 alio
1685 3556 1866 3606 nutus

207 3645 390 3700 vestri
417 3644 854 3717 propenderint,
879 3643 1075 3698 statim
1100 3642 1212 3697 sim
1237 3643 1616 3714 acquieturus
1637 3646 1694 3694 et
1713 3644 1868 3696 tran-

211 3733 401 3806 quillo
429 3749 756 3805 securoque
807 3733 1006 3789 animo
1037 3747 1380 3787 recessurus
1411 3731 1678 3795 domum,
1717 3727 1864 3784 nihil

208 3823 522 3894 inquirens
553 3822 625 3877 de
655 3821 853 3878 causis
880 3838 1007 3892 quas
1036 3836 1140 3876 vos
1167 3820 1238 3875 ad
1271 3820 1356 3874 sic
1382 3819 1453 3874 de
1485 3834 1578 3875 me
1607 3821 1870 3874 statuen-

213 3912 355 3967 dum
419 3910 783 3982 impulerint,
838 3909 1072 3966 etiamsi
1121 3909 1338 3965 damna
1389 3908 1760 3964 fortunarum
1810 3910 1869 3963 et

210 4006 407 4057 status
454 3999 515 4055 in
548 4016 642 4055 me
699 4000 799 4056 48
858 4000 993 4056 inde
1050 3998 1401 4071 gravissima
1447 3997 1865 4053 redundarent.

219 4090 332 4146 Oro
364 4090 553 4162 igitur
581 4089 940 4160 obsecroque
978 4104 1078 4142 vos
1105 4092 1172 4142 ut
1199 4091 1257 4142 et
1282 4086 1391 4158 ipsi
1434 4087 1561 4142 sine
1591 4087 1712 4142 ullo
1736 4087 1867 4142 fuco

211 4181 369 4250 quod
404 4195 537 4234 vere
569 4177 856 4234 sententis
877 4176 1154 4232 efferatis.
1179 4177 1314 4241 Quae
1337 4173 1492 4229 enim
1515 4178 1605 4230 est
1624 4174 1868 4230 timendi

212 4267 446 4325 causa?
478 4269 589 4323 Aut
637 4283 767 4339 qua
797 4266 1038 4323 obtendi
1081 4271 1282 4337 posset
1313 4265 1610 4320 excusatio
1657 4263 1868 4319 idonea

207 4360 433 4429 ignava
459 4355 957 4413 dissimulationis
985 4355 1055 4410 ab
1104 4370 1172 4410 eo
1217 4355 1319 4425 qui
1381 4352 1737 4409 sententiam
1795 4353 1867 4409 de

208 4446 516 4519 republica
548 4453 784 4516 rogetur
813 4446 874 4499 in
907 4444 1016 4499 hoc
1037 4443 1404 4515 amplissimo
1435 4449 1490 4497 et
1518 4441 1866 4514 gravissimo

206 4535 509 4592 concilio?
538 4534 846 4590 Promatur
877 4533 1057 4588 libere
1088 4531 1376 4604 quidquid
1410 4531 1468 4586 in
1512 4533 1709 4588 animo
1756 4537 1861 4587 est.

1974 3381 2178 3430 rentur
2201 3375 2449 3431 libenter
2469 3392 2530 3432 se
2560 3374 2645 3430 illi
2667 3378 2799 3448 post
2819 3376 3233 3446 imperatorem
3256 3373 3497 3444 subjici,
3515 3391 3618 3446 ap-

1975 3465 2213 3536 parebat
2228 3481 2297 3521 ea
2316 3464 2430 3520 dici
2455 3465 2652 3521 studio
2675 3462 3013 3520 assentandi
3039 3462 3309 3536 principi.
3334 3464 3618 3534 Congera-

1974 3555 2120 3610 bant
2149 3560 2208 3610 et
2233 3571 2290 3610 in
2315 3553 2820 3626 protovestiarium
2850 3551 3170 3608 liberaliter
3192 3552 3416 3621 laudes,
3440 3552 3619 3609 etiam

1974 3644 2318 3714 invidiosas,
2349 3645 2594 3716 dignum
2627 3642 2899 3698 videlicet
2929 3643 3182 3714 eumqui
3202 3640 3344 3712 ipsis
3367 3641 3621 3713 impera-

1975 3739 2062 3790 ret
2099 3735 2499 3806 predicantes.
2546 3731 2682 3797 Qua:
2723 3732 2912 3804 magis
2943 3730 3323 3788 servientium
3369 3730 3622 3804 tempori

1975 3829 2032 3879 et
2053 3824 2246 3879 liberte
2280 3821 2558 3878 orationis
2582 3819 2842 3894 pericula
2869 3819 3202 3875 caventium
3235 3834 3404 3875 voces
3434 3823 3624 3887 erant,

1975 3929 2154 3985 quam
2202 3929 2333 3984 quas
2364 3927 2531 3968 veros
2581 3909 2912 3967 animorum
2945 3924 3156 3964 sensus
3208 3908 3622 3979 exprimerent.

1976 4003 2340 4075 Optimatum
2390 4017 2526 4057 vero
2558 4000 2659 4056 40
2712 3998 2866 4055 alius
2894 3997 3052 4054 aliud
3109 4013 3213 4068 pro
3242 4012 3304 4052 re
3349 3997 3623 4068 presenti

1976 4092 2274 4148 submisse
2323 4105 2388 4146 ac
2421 4087 2818 4162 perfunctorie
2866 4087 3155 4154 dixerunt,
3187 4087 3268 4140 ita
3315 4093 3380 4140 ut
3407 4086 3626 4156 gratiﬁ-

1975 4183 2091 4239 cari
2123 4199 2219 4238 eos
2250 4181 2611 4253 potientibus
2641 4184 2782 4234 tunc
2814 4192 3008 4233 rerum
3037 4176 3228 4248 palam
3263 4179 3440 4231 esset.
3475 4174 3622 4230 Lau-

1975 4273 2196 4327 dabant
2226 4268 2756 4342 protovestiarium,
2789 4271 2848 4322 et
2877 4265 2986 4321 sibi
3016 4265 3162 4336 ipsis
3190 4263 3575 4336 praeferebant
3606 4279 3620 4318 :

1974 4377 2178 4417 eorum
2199 4375 2336 4416 vero
2357 4375 2484 4431 quas
2507 4356 2706 4431 gravia
2721 4354 3078 4428 quibusdam
3103 4358 3162 4410 et
3187 4353 3419 4425 publice
3436 4352 3626 4408 invisa

1974 4451 2362 4522 contigerant,
2394 4454 2626 4503 tantum
2661 4447 2907 4501 aberant
2935 4445 3009 4499 ab
3038 4459 3106 4498 eo
3137 4441 3528 4506 criminando,
3564 4445 3627 4495 ut

1974 4556 2184 4598 causas
2215 4537 2479 4595 omnium
2505 4535 2563 4591 in
2594 4535 3002 4606 imperatorem
3026 4531 3241 4587 diserte
3271 4531 3623 4597 conferrent,

205 4625 552 4697 Ειοίρίθῑυι·
579 4623 763 4695 equis
811 4622 1078 4688 auribus.
1114 4638 1217 4676 06°
1249 4621 1359 4677 erit
1387 4623 1489 4692 qui
1536 4638 1698 4677 mera
1721 4638 1859 4677 οοῐι·
1895 4634 1946 4700 D
1980 4631 2263 4685 addentes
2313 4628 2469 4699 quod
2515 4623 2684 4695 quasi
2733 4639 2868 4679 eum
2899 4625 3266 4689 excusarent,
3321 4618 3456 4675 talia
3497 4632 3626 4674 sese

206 4712 542 4770 tradicendi
563 4713 808 4767 libidine
830 4717 1148 4784 oppugnet.
1172 4709 1384 4765 Nullus
1402 4711 1651 4781 denique
1673 4715 1863 4769 metus

206 4803 540 4876 impendet,
567 4819 683 4874 quo
715 4801 971 4858 revocari
1005 4807 1107 4856 aut
1136 4801 1418 4855 retardari
1443 4800 1638 4871 quivis
1679 4802 1868 4873 possit

212 4895 286 4948 ab
335 4909 407 4948 eo
439 4891 842 4963 qualicunque
892 4891 1262 4961 proferendo,
1315 4889 1470 4960 quod
1520 4893 1622 4945 aut
1651 4891 1868 4948 mentis

196 4982 430 5055 judicio
478 4981 730 5038 senserit
789 4984 892 5037 aut
944 4979 1267 5036 voluntatis
1325 4979 1566 5035 arbitrio
1606 4979 1867 5053 elegerit.

207 5072 509 5142 Agedum,
539 5069 740 5126 statim
769 5086 837 5126 ex
877 5085 1033 5124 nunc
1063 5074 1233 5125 eatur
1262 5067 1320 5124 in
1355 5069 1696 5135 sententias,
1731 5086 1870 5126 con-

202 5162 362 5219 sulat
394 5160 674 5231 quisque,
704 5159 763 5216 in
790 5159 1076 5225 medium,
1100 5163 1346 5232 agatque
1367 5159 1520 5230 quod
1547 5158 1691 5229 vult,
1714 5160 1867 5231 quod

206 5257 380 5325 putat
416 5249 581 5306 utile.
637 5250 923 5306 Securum
954 5256 1006 5304 et
1037 5252 1231 5304 tutum
1267 5253 1359 5305 est
1406 5263 1673 5320 promere
1703 5249 1870 5319 quid-

204 5341 343 5414 quid
380 5341 628 5396 demum
655 5339 713 5394 in
748 5343 1002 5395 mentem
1033 5338 1277 5394 venerit.
1310 5339 1609 5404 Attentos,
1640 5337 1865 5410 faciles,

203 5435 272 5487 ad
308 5430 508 5503 quivis
554 5428 913 5485 audiendum
965 5432 1200 5500 paratos
1231 5444 1300 5483 en
1356 5445 1464 5484 nos
1493 5443 1719 5484 omnes.
1755 5427 1863 5484 Ubi

204 5522 486 5593 princeps
519 5519 577 5572 in
630 5523 835 5573 senatu
867 5523 976 5587 est,
1010 5534 1190 5573 causa
1218 5533 1347 5573 esse
1379 5522 1572 5589 potest
1605 5519 1862 5572 circum-

201 5608 499 5684 spiciendi
528 5607 672 5680 quid
706 5607 841 5681 quis
881 5607 1077 5664 dicat:
1112 5623 1297 5679 prona
1327 5606 1486 5663 enim
1521 5611 1611 5661 est
1642 5606 1862 5663 dicenti

200 5701 357 5774 apud
392 5698 704 5754 dominum
739 5697 1004 5766 offensio,
1039 5713 1146 5753 nec
1195 5712 1263 5753 ea
1295 5695 1342 5753 si
1371 5712 1501 5769 qua:
1550 5695 1864 5768 contigerit

1976 4738 2092 4777 non
2135 4718 2307 4792 plane
2350 4715 2570 4788 injuria
2600 4728 2832 4787 passos,
2879 4711 2925 4766 si
2958 4727 3073 4766 non
3118 4709 3193 4765 ob
3241 4708 3427 4773 aliud,
3472 4714 3628 4763 certe

1974 4811 2111 4882 quia
2144 4807 2487 4880 impositum
2522 4802 2848 4858 cervicibus
2878 4799 3138 4856 tulerant
3168 4797 3474 4854 dominum
3498 4797 3628 4852 vitae

1981 4900 2244 4972 ipsorum
2276 4894 2586 4952 arbitrium
2619 4892 2957 4954 habentem,
2989 4889 3081 4944 cui
3113 4888 3268 4960 quod
3295 4891 3524 4942 tantum
3550 4888 3632 4942 ita

1977 4990 2294 5054 videretur,
2328 5001 2459 5041 reos
2491 4998 2554 5040 se
2584 4980 2766 5038 fuisse
2796 4995 2862 5037 ac
2884 4979 3048 5051 justo
3080 4976 3342 5051 punitos.

2052 5125 2138 5179 17.
2172 5118 2462 5192 Responsio
2510 5113 2818 5186 Palaeologi
2873 5113 2945 5170 ad
3012 5111 3336 5170 concionem
3379 5116 3628 5182 protovc-

2707 5203 2917 5261 uiarii.

2049 5337 2119 5386 At
2141 5325 2382 5386 Michael
2410 5323 2790 5394 Palaeologus,
2812 5321 3061 5390 magnus
3081 5323 3223 5374 tunc
3245 5313 3630 5372 conostaulus

1972 5421 2061 5478 vel
2093 5437 2224 5476 vere
2257 5418 2455 5474 favens
2487 5414 2570 5469 illi
2603 5413 2775 5484 cujus
2807 5410 3006 5466 uxoris
3034 5405 3394 5463 avunculum
3422 5421 3484 5460 se
3515 5422 3631 5460 me-

1974 5512 2246 5577 minerat,
2270 5513 2326 5563 et
2352 5503 2765 5562 communione
2781 5499 3014 5573 generis
3034 5498 3093 5553 in
3120 5495 3626 5568 participationem

1972 5616 2206 5674 quoque
2231 5597 2421 5668 ipsius
2442 5592 2638 5667 gloriae
2668 5607 2731 5646 se
2759 5593 3068 5646 venturum
3095 5592 3329 5660 putans,
3352 5583 3438 5674 vel
3471 5585 3626 5655 quod

1969 5673 2028 5750 et
2073 5693 2199 5765 ipse
2221 5683 2577 5745 adulationis
2609 5680 2993 5754 haudexpers
3015 5676 3368 5751 captandam
3392 5673 3632 5732 duceret
