4258 6438
675 398 781 453 483

1977 392 2286 448 GEORGII
2326 390 2792 446 PACHYHRRE

3984 401 4090 455 484

672 521 865 593 δκείνῳ
924 521 1066 575 οὕτω
1114 520 1205 575 καὶ
1237 527 1335 590 τῆς
1388 516 1551 589 δόξης
1581 517 1853 591 οἰόμενος,
1885 515 1919 583 ἢ
1957 515 2062 587 μὴν
2095 512 2185 568 καὶ
2213 515 2321 568 θω-
2352 513 2407 582 Α
2435 517 2654 584 νοῦμιν·
2717 515 2792 575 ὡς
2847 517 2952 590 γὰρ
3011 515 3123 570 ἐκεῖ
3174 518 3237 571 τὸ
3269 521 3447 593 χρεὼν
3480 521 3771 595 ἀναγκαῖον
3808 522 3902 577 κᾶν
3935 523 4097 585 νόσος

669 615 939 673 πευτικῶς
988 611 1124 683 πρὸς
1173 610 1264 662 τὸν
1317 608 1502 683 καιρὸν
1562 605 1982 681 ὑπερχόμενος,
2043 604 2177 675 μετὰ
2232 604 2331 669 τήν

664 704 768 750 τῶν
807 696 995 752 ἄλλων
1027 696 1325 772 ἀπολογίαν
1361 697 1449 750 καὶ
1481 697 1580 763 τὴν
1629 693 2039 771 ἐμφαινομένην
2075 691 2336 746 ὑπόπτω-

668 807 747 839 σιν
823 786 1430 862 παρρησιαστικώτερον
1501 785 1638 857 πρὸς
1683 781 1811 844 τοὺς
1867 780 2071 855 λόγους
2135 778 2334 836 ἀπελοο

665 881 838 949 γεῖτο·
899 877 976 947 [Ρ.
1023 877 1116 946 28]
1164 898 1192 925 ‹‹
1248 874 1351 930 Καὶ
1409 873 1459 926 τί
1519 893 1648 926 ποτε
1706 870 1809 947 ἄρα
1870 874 2095 924 τοιαῦτα
2156 867 2340 940 λέγειν

666 966 906 1038 παρέστη
944 984 1028 1017 σοι
1083 965 1224 1036 πρὸς
1272 966 1419 1034 ἡμᾶς
1469 960 1691 1033 ἀρτίως,
1727 961 1754 1014 6
1786 963 1907 1020 ταῖς
1941 958 2111 1028 ἀξίαις
2173 958 2338 1032 ὑπερ·

669 1054 812 1128 έχων
844 1053 1066 1106 καὶτῶν
1098 1049 1284 1106 ἄλλων
1320 1050 1490 1126 κρίσει
1527 1048 1791 1122 βασιλείῳ
1844 1048 2284 1124 ὑπερφερόμενος
2320 1087 2335 1128 ἶ

665 1142 714 1194 τί
751 1139 806 1194 δέ
831 1162 914 1194 σοι
945 1141 1034 1194 καὶ
1081 1140 1205 1213 περὶ
1261 1143 1420 1210 ἡμῶν
1453 1137 1716 1206 ἤκουσται
1769 1137 1842 1196 ὡς
1874 1135 2113 1208 ἐγκοτεῖν
2175 1131 2333 1201 δῆθεν

666 1226 970 1282 δοκούντων
1026 1225 1324 1282 διοικοῦντι
1383 1228 1451 1281 τά
1513 1225 1822 1300 βασιλέως;
1880 1224 1960 1284 τίς
2020 1221 2077 1276 δέ
2135 1243 2192 1275 σε
2246 1225 2336 1276 καὶ

665 1316 963 1370 αἰτιάσαιτο
1044 1313 1267 1376 δικαίως
1338 1313 1409 1368 ὧν
1492 1314 1835 1387 ὀργισθέντος
1907 1315 2002 1365 τοῦ
2066 1308 2336 1385 βασιλέως

663 1400 852 1476 ξυνέϐη
929 1407 980 1458 οἱ
1057 1407 1290 1472 παθεῖνς
1376 1401 1556 1465 οὐδεὶς
1615 1402 1691 1462 είς
1750 1402 1911 1454 τόσον
1961 1396 2334 1472 προεληλύθει

665 1487 1047 1600 άγνοίσγάὶύστε
1080 1494 1169 1547 καὶ
1207 1491 1479 1566 βασιλέως
1512 1492 1680 1566 ὀργὴν
1711 1491 1922 1564 ἀγνοεῖν
1976 1489 2065 1542 καὶ
2109 1489 2208 1556 τὴν
2240 1492 2336 1540 τοῦ

989 1585 999 1597 η
1123 1583 1134 1600 ν
1150 1581 1193 1600 is.
1492 1584 1501 1598 I
1688 1581 1699 1600 ς
1771 1581 1780 1596 ι
1919 1580 1947 1598 ιν
2042 1599 2066 1600 ,,
2113 1578 2126 1600 ὃ
2193 1576 2273 1600 (1-7
2294 1598 2299 1600 ,
2322 1596 2336 1600 -

662 1576 854 1652 καιοννύ
935 1585 1009 1654 μή
1095 1581 1288 1636 εἰδέναι
1349 1584 1571 1652 πικρίαν
1607 1624 1623 1650 ,
1681 1581 1855 1647 ὁπόση
1914 1580 1980 1646 ἦν
2039 1578 2128 1630 καὶ
2187 1576 2337 1636 ὅπως

664 1672 899 1746 ἐφῆπται
959 1677 1110 1739 πᾶσι,
1172 1672 1262 1724 καὶ
1325 1669 1538 1742 μᾶλλον
1599 1673 1714 1728 τοῖς
1776 1669 2166 1736 πλησιάζουσι.
2230 1667 2335 1719 Καὶ

665 1781 750 1821 τις
799 1762 924 1835 γὰρ,
988 1760 1032 1814 εἶ
1097 1762 1169 1831 μὴ
1207 1759 1398 1834 πορῥω
1441 1763 1548 1813 τῶν
1584 1757 1867 1829 ἡμετέρων
1903 1752 2089 1828 ἔτυχεν
2124 1754 2195 1807 ὢν
2231 1755 2336 1807 κάκ

2442 600 2684 675 ἐνσκήψῃ
2733 600 2827 656 κᾶν
2883 606 2997 674 μὴ,
3059 604 3230 667 οὕτως
3287 605 3512 671 ἐνταῦθα
3567 612 3627 663 τὸ
3683 613 3870 665 παθεῖν
3931 612 4100 685 ἐγγὺς

2441 693 2541 742 τοῦ
2595 693 2797 764 χρεὼν,
2860 692 2954 746 κᾶν
3016 692 3118 746 εἶεν
3158 695 3209 746 οἳ
3264 694 3466 770 λόγους
3524 694 3964 771 ὑποδαλλόμενοι
3997 700 4098 755 κᾶν

2447 780 2522 849 μή
2582 779 2705 834 εἶεν.
2754 781 2846 833 Καὶ
2897 780 2959 834 τὸ
3013 781 3336 854 τεταγμένον
3391 786 3477 838 ὑπ’
3535 785 3693 858 ἄλλῳ
3747 789 3837 842 καὶ
3896 787 4098 844 δοῦλον

2443 862 2572 920 ὄντα
2626 866 2751 920 ὅσον
2781 867 2856 929 εἷς
2916 868 3096 938 λύπην
3154 873 3342 925 παθεῖν
3401 870 3646 945 δικαίως,
3701 882 3957 932 τοσοῦτον
4019 879 4102 940 εἷς

2445 956 2785 1028 παραμυθίαν
2838 958 2898 1010 τὸ
2957 954 3157 1020 ἀδίκως
3203 957 3300 1013 κᾶν
3349 962 3416 1015 τά
3460 963 3690 1037 μέγιστα
3727 965 3931 1040 πάσχοι
3998 987 4104 1021 πα-

2443 1046 2576 1099 θεῖν.
2637 1047 2747 1099 llo?)
2801 1043 2980 1098 τοίνυν
3036 1047 3224 1114 καιρὸς
3279 1051 3388 1100 τῶν
3440 1050 3704 1104 τοιούτων
3758 1055 3892 1122 ἡμῖν
3923 1052 4102 1114 οὕτως

2445 1131 2633 1205 ἔχουσι
2712 1136 2823 1187 τῶν
2905 1135 3241 1207 πραγμάτων
3323 1144 3662 1209 μεμνῆσθαι,
3748 1141 3837 1194 καὶ
3923 1139 4102 1213 μηδὲν

2442 1228 2721 1294 προσῆκον
2795 1223 2921 1293 ὑμῖν
2995 1221 3248 1296 ἰγκλημα
3317 1226 3680 1297 περιάπτεινς
3739 1229 3800 1282 τὸ
3851 1227 3896 1282 δ’
3956 1231 4106 1300 ὑμᾶς

2443 1311 2588 1382 παρὰ
2642 1314 2740 1364 τοῦ
2802 1307 3070 1382 βασιλέως
3125 1319 3382 1384 τιμᾶσθαι
3433 1320 3551 1378 τοῖς
3584 1316 3821 1387 μείζοσιν
3851 1318 4104 1389 ἀξιώμα-

2445 1419 2525 1450 σιν
2585 1396 2647 1452 οὐ
2713 1398 2931 1470 θέλημα
2991 1398 3156 1470 μόνον
3209 1401 3277 1468 ἦν
3340 1401 3610 1475 βασιλέως
3640 1406 3729 1458 καί
3758 1405 3944 1479 σχέσις
3971 1409 4102 1479 περὶ

2447 1488 2585 1559 ὑμᾶς
2645 1485 2868 1560 ἄκαιρος
2920 1490 3009 1542 καὶ
3070 1493 3217 1564 ὁρμή
3279 1513 3362 1554 τις
3419 1491 3626 1568 ἄλογός
3654 1516 3712 1550 τε
3741 1497 3828 1549 καὶ
3866 1498 4100 1570 περιττή

2444 1577 2715 1646 (μαίνοιτο
2767 1577 2828 1630 ἂν
2883 1599 2968 1640 τις
3025 1577 3074 1632 εἴ
3102 1576 3276 1641 οὕτως
3323 1582 3656 1654 ὑπονοοῖτο)’
3691 1583 3834 1638 ἀλλὰ
3863 1586 3932 1639 τά
3968 1587 4100 1656 ὑμῖν

2444 1665 2715 1739 προσόντα
2744 1665 3218 1738 πλεονεκτήματα,
3276 1671 3364 1723 καὶ
3413 1674 3475 1725 τὸ
3525 1673 3656 1743 ὑπὲρ
3687 1673 3812 1734 τοὺς
3842 1672 4103 1736 πολλοὺς

2445 1752 2640 1808 εἷδὲναι
2690 1759 2778 1808 καί
2829 1754 3006 1830 λέγειν
3056 1758 3145 1811 καὶ
3177 1758 3452 1831 πράττειν,
3510 1762 3596 1816 καῖ
3631 1764 3664 1830 ἡ
3715 1765 3852 1836 πρὸς
3890 1763 4100 1818 ἐκεῖνον

661 1849 848 1922 γένους
893 1847 1246 1916 ἁλλοὸαπόςς
1306 1846 1457 1916 Πλὴν
1518 1848 1632 1901 ἐπεὶ
1691 1841 1974 1918 ξυμϐαίνει
2033 1841 2331 1905 δολοῧσθαι
2370 1841 2643 1936 Βόίδολος
2701 1844 2882 1905 πίστις
2927 1845 3017 1899 καὶ
3067 1848 3312 1921 καθαρά,
3371 1851 3460 1902 καὶ
3513 1852 3576 1904 τὸ
3631 1856 3742 1905 τῶν
3803 1853 4104 1927 βασιΑείων

661 1937 846 2007 ὅρκοις
900 1937 987 1990 καὶ
1045 1939 1332 2006 συνθήκαις
1374 1936 1462 1990 ἐπὶ
1513 1935 1690 1990 πίστει
1734 1932 2192 2006 συνισχημένους,
2245 1931 2336 1984 οὐ·

664 2023 747 2078 δέν
811 2026 1029 2086 ἀπεικὸς
1087 2025 1174 2078 καὶ
1239 2025 1467 2097 πάσχειν
1529 2024 1800 2091 ἀνήκεστα
1859 2019 2053 2074 δοκοῦν
2115 2019 2328 2090 ἐκείνῳ,

665 2113 760 2167 κᾶν
843 2113 1036 2186 μηόεἶς
1106 2113 1374 2184 ἐποτρύνῃ
1445 2112 1761 2187 ἐπηρεάζων
1837 2114 1918 2181 τῷ
1995 2107 2328 2181 πεισομένῳ⁰

670 2206 846 2259 ’Όπου
899 2205 1075 2258 τοίνυν
1132 2211 1232 2272 τῆς
1293 2203 1464 2262 αἶτίας
1518 2203 1608 2255 καὶ
1651 2204 1678 2256 ὁ
1738 2200 1936 2274 δράσας
1967 2200 2183 2276 ἀφεῖται
2212 2204 2329 2259 τοῖς

665 2295 730 2346 τά
789 2300 887 2361 τῆς
943 2293 1245 2366 μοναρχίας
1292 2291 1672 2363 ἐπισταμένοις
1735 2287 1866 2360 ἴδια,
1915 2288 2098 2364 σχολῇ
2157 2288 2210 2360 γ’
2268 2285 2327 2340 ἂν

667 2381 839 2452 ἀλῷεν
884 2380 1048 2435 ἄλλοι
1096 2387 1448 2455 συκοφαντεῖν
1502 2379 1894 2452 ὑπονοούμενοι
1940 2378 2029 2432 καὶ
2084 2377 2327 2447 ἐξάπτειν

664 2472 730 2523 τά
784 2477 881 2538 τῆς
941 2471 1127 2543 ὀργῆς,
1192 2471 1383 2544 Γέγονε
1438 2471 1605 2523 ταῦτα
1660 2468 1753 2523 καὶ
1813 2464 2084 2542 παρῆλθε,
2143 2465 2324 2520 καὶτὸ

663 2559 786 2629 περὶ
834 2560 1099 2613 τοιούτων
1151 2559 1351 2633 ἀρτίως
1411 2556 1655 2628 διεξιέναι
1707 2559 1900 2628 ὅμοιον
1954 2557 2134 2628 ὥσπερ
2187 2553 2246 2608 ἂν
2281 2549 2326 2608 εἶ

666 2648 788 2721 περὶ
821 2653 1020 2721 νεκρῶν
1082 2642 1231 2708 ὅπως
1290 2647 1530 2711 ἐντεῦθεν
1589 2644 1839 2714 ἀπῆλθον
1895 2643 2323 2718 ἐπολυπραγμο-

670 2828 1036 2882 occasionem
1071 2827 1417 2882 insinuandi
1451 2842 1512 2882 se
1542 2827 1599 2881 in
1632 2825 1880 2898 gratiam
1903 2829 2042 2879 tunc
2074 2821 2324 2894 praepol-

665 2915 933 2984 lentium,
969 2921 1101 2987 post
1144 2931 1242 2970 eas
1276 2932 1421 2986 quas
1452 2914 1846 2969 indicavimus
1907 2913 2321 2983 responsiones

667 3005 915 3058 aliorum
948 3011 1006 3058 et
1055 3004 1448 3073 signiﬁcatam
1499 3003 1979 3065 submissionem,
2025 3001 2206 3056 altius
2264 3002 2321 3056 et

666 3095 834 3163 quasi
873 3094 1115 3147 liberius
1147 3109 1345 3148 vocem
1379 3092 1616 3158 tollens,
1650 3093 1736 3147 sic
1768 3093 1839 3145 ad
1869 3091 2210 3147 concionem
2237 3105 2322 3144 re-

664 3182 936 3251 spondit:
962 3204 987 3230 ‹‹
1015 3182 1122 3246 Qui
1153 3181 1261 3236 tibi
1285 3179 1583 3247 tandem,-
1609 3179 1903 3249 inquiens,
1937 3202 1963 3227 ‹‹
1987 3180 2043 3233 in
2063 3185 2317 3234 mentem

2441 1933 2778 2005 πραγμάτων
2843 1933 3185 2006 ὑπερπονεῖν,
3243 1935 3333 1990 καὶ
3389 1936 3569 1992 τᾶλλα
3617 1942 3700 2002 οἷς
3732 1939 3788 1994 ἂν
3823 1942 3850 1994 6
3879 1940 4104 2009 ἀληθὴς

2441 2021 2576 2094 ἀνὴρ
2629 2020 2945 2092 σεμνύνοιτο
2991 2021 3247 2093 τοιαύτην
3299 2023 3442 2098 ἔχων
3502 2027 3867 2099 κατάστασιν,
3925 2030 4103 2084 ταῦτα

2438 2110 2538 2177 τήν
2574 2109 2844 2183 βασιλέως
2876 2107 3051 2165 ἔπειθε
3097 2113 3324 2184 γνώμην
3381 2113 3567 2170 καλῶς
3628 2113 3774 2191 ἔχειν
3831 2118 3963 2191 ὑμῖν
4006 2120 4102 2173 καὶ

2436 2201 2600 2266 τιμᾷν
2659 2203 2776 2259 τοῖς
2834 2201 3196 2271 προσήκουσι.
3253 2202 3321 2258 Τί
3381 2201 3621 2278 δὲπαρά
3676 2211 3838 2262 τοῦτο
3892 2207 3982 2261 καί
4010 2229 4098 2270 τις

2438 2282 2696 2354 ἠδικηται
2728 2306 2740 2353 ;
2797 2283 2978 2360 ὥσπερ
3041 2288 3100 2342 ἂν
3160 2291 3263 2344 οὐκ
3293 2287 3481 2353 ἄλλως
3511 2294 3576 2360 ἦν
3609 2294 3736 2358 τοὺς
3765 2294 3972 2357 ἄλλους
4001 2317 4099 2350 τι-

2443 2378 2663 2443 μᾶσθαι,
2725 2374 2769 2427 εἰ
2834 2375 2908 2446 μή
2959 2375 3010 2428 ἐν
3065 2375 3266 2450 ἐσχάτη
3303 2378 3445 2446 τάξει
3481 2381 3636 2450 ὑμεῖς
3694 2382 3996 2444 τάττοισθε.
4035 2382 4100 2439 Εἰ

2440 2463 2534 2532 μὲν
2591 2461 2692 2536 γάρ
2754 2462 2924 2524 οὕτως
2975 2467 3042 2532 ἦν
3100 2465 3163 2520 τὸ
3192 2465 3319 2528 τοὺς
3367 2467 3570 2531 ἀλλους
3625 2476 3883 2541 τιμᾶσθαι
3911 2469 3973 2524 ἐκ
3998 2475 4100 2525 τοῦ

2437 2552 2576 2622 ὑμᾶς
2632 2554 2996 2624 παρορᾶσθαι,
3053 2553 3237 2616 καλῶς
3288 2553 3347 2608 ἂν
3408 2556 3551 2631 εἶχεν
3615 2559 3754 2629 ὑμᾶς
3811 2557 3863 2612 ἐν
3919 2559 4101 2620 αἰτίας

2433 2641 2585 2694 εἶναι·
2649 2639 2764 2695 ἐπεὶ
2823 2638 2880 2694 δὲ
2934 2641 3002 2708 ἦν
3061 2644 3174 2714 ἅμα
3224 2643 3314 2697 καὶ
3368 2645 3504 2713 ὑμᾶς
3552 2649 3810 2718 τιμᾶσθαι
3852 2647 4100 2710 καὶτοῖς

2433 2821 2550 2876 sive
2581 2821 2852 2876 adforent
2910 2821 3033 2876 sive
3082 2822 3349 2877 deforent
3379 2823 3625 2895 maligni
3684 2831 4094 2897 suggestores.

2429 2910 2710 2964 Caeterum
2747 2909 2968 2964 homini
3003 2910 3114 2964 sub
3145 2909 3338 2966 aliena
3364 2917 3658 2983 potestate
3689 2915 4021 2971 constituto
4043 2921 4100 2972 et

2428 3015 2547 3052 suae
2575 2998 3174 3070 conditionejfortunze
3199 3002 3528 3072 mancipato
3543 3001 3804 3056 servituti
3824 3006 4094 3073 supremi

2428 3087 2671 3154 domini,
2701 3091 2990 3156 quantum
3023 3087 3284 3158 dolorem
3308 3089 3699 3158 augitinﬂicti
3730 3092 3868 3145 mali
3899 3094 4092 3163 culpas

2428 3179 2807 3243 conscientia,
2842 3195 2958 3249 qua
2988 3193 3050 3232 se
3081 3178 3135 3231 id
3163 3179 3326 3248 juste
3359 3181 3744 3250 promeritam
3790 3185 4088 3252 agnoscit,

1023 3232 1122 3246 ην
1159 3232 1544 3247 7777777777777,
1655 3232 1704 3249 π
1989 3232 2001 3233 7
2132 3232 2142 3234 7
2239 3232 2246 3233 7
2555 3232 2558 3233 7
2797 3232 2806 3243 .
2861 3232 2873 3249 .
3163 3232 3184 3248 ..
3251 3232 3580 3250 77
3627 3232 3744 3237 777—7
3793 3232 4088 3252 70777-777.

661 3271 821 3323 venit
853 3270 1003 3323 hanc
1036 3286 1213 3339 quam
1268 3271 1440 3323 modo
1473 3267 1806 3340 explicuisti
1838 3269 1909 3323 ad
1961 3285 2067 3322 nos
2098 3266 2319 3323 oratio-
2353 3232 2394 3298 Ο
2427 3271 2656 3322 tantum
2683 3268 2752 3322 ad
2787 3266 3241 3322 consolationem
3265 3268 3421 3322 valet
3444 3271 3622 3324 etiam
3651 3271 3911 3342 pessime
3939 3272 4092 3326 mul-

665 3376 797 3412 nem
833 3358 1045 3413 habere
1069 3358 1095 3411 ?
1125 3359 1303 3422 Quasi
1355 3375 1468 3413 non
1504 3357 1729 3412 meritis
1762 3362 1819 3411 et
1850 3356 2133 3427 dignitate
2165 3373 2314 3428 pra:—

663 3447 926 3500 emineas
968 3448 1194 3516 judicio
1247 3446 1611 3517 imperatoris
1663 3447 2008 3516 praepositus
2057 3445 2309 3500 cunctis.

660 3535 794 3597 Quae
842 3552 1012 3605 porro
1062 3552 1166 3589 nos
1222 3534 1374 3605 apud
1427 3540 1479 3588 te
1524 3534 1668 3588 falsa
1718 3534 2022 3586 infamavn
2073 3533 2312 3602 delatio,

661 3629 945 3693 tanquam
1000 3623 1100 3693 qui
1134 3625 1467 3678 videremur
1513 3623 1562 3678 ei
1595 3639 1725 3676 esse
1756 3621 1970 3677 infensi
2021 3621 2121 3691 qui
2155 3622 2308 3677 vices

658 3711 1030 3782 imperatoris
1060 3711 1326 3782 gereret?
1357 3713 1496 3776 Quis
1520 3718 1716 3765 autem
1751 3711 1852 3764 tibi
1879 3712 2040 3778 juste
2071 3711 2308 3782 culpam

655 3800 909 3871 imputet
939 3817 1140 3855 eorum
1175 3818 1304 3871 quin
1361 3801 1433 3855 ab
1465 3800 1552 3855 ira
1583 3801 1727 3855 forte
1757 3800 1972 3855 mortui
2025 3799 2308 3870 principis

654 3889 765 3958 ipsi
801 3892 917 3960 pati
951 3890 1264 3960 contigerit
1292 3889 1320 3943 Τ
1349 3889 1531 3944 Nemo
1564 3895 1681 3944 tam
1705 3889 1949 3961 ignarus
1974 3906 2170 3944 rerum
2196 3895 2307 3956 est,

653 3977 741 4031 cui
790 3983 928 4032 nota
959 3994 1075 4031 non
1111 3978 1188 4032 sit
1238 3982 1450 4032 natura
1489 3978 1616 4046 ejus
1651 3978 1750 4048 qui
1803 3977 1968 4048 prius
2001 3977 2309 4048 imperavit

652 4066 1008 4121 iracundior.
1044 4067 1185 4129 Quis
1217 4066 1393 4121 etiam
1429 4067 1658 4134 ignoret
1687 4073 1903 4134 quanta
1937 4065 2111 4121 fuerit
2141 4083 2306 4120 acer-

653 4154 802 4209 bitas
829 4155 1120 4230 _temporis
1172 4155 1352 4220 illius,
1388 4172 1512 4225 quae
1543 4155 1600 4208 in
1653 4171 1858 4209 omnes
1891 4160 2160 4225 grassata
2190 4161 2302 4221 est,

648 4247 705 4298 et
738 4245 927 4314 magis
961 4246 1017 4298 in
1055 4245 1504 4314 propinquiores
1526 4244 1674 4300 πο
1697 4244 1870 4298 Plane
1895 4243 2072 4313 hujus
2104 4259 2306 4314 expers

649 4332 757 4386 fuit
790 4335 905 4386 fere
941 4350 1136 4398 nemo,
1171 4332 1283 4387 nisi
1341 4333 1486 4387 forte
1518 4332 1955 4387 remotissimus
1985 4349 2012 4386 a
2047 4332 2217 4387 nobis
2249 4337 2304 4387 et

655 4421 1296 4476 ortu-externs.Verum
1331 4422 1402 4475 ab
1433 4437 1498 4476 eo
1531 4420 1624 4476 cui
1658 4421 1826 4475 ﬁdem
1859 4426 2226 4476 sacramento
2248 4426 2304 4477 et

647 4509 832 4579 pactis
878 4516 1180 4564 conventis
1224 4510 1542 4580 obligatam
1575 4515 1638 4563 ut
1689 4508 1938 4580 principi
1987 4509 2299 4592 habemus,

2429 3357 2562 3411 tatis
2593 3357 2947 3421 innocentia,
2975 3357 3143 3425 cujus
3177 3357 3285 3426 ipsi
3321 3363 3466 3412 teste
3500 3359 3611 3411 sibi
3639 3363 3802 3423 sunt,
3837 3364 3894 3414 et
3929 3365 4089 3414 certa

2425 3445 2559 3500 inde
2584 3450 2718 3500 nata
2736 3444 3036 3515 persuasio
3061 3461 3188 3500 sese
3209 3445 3428 3515 injuste
3455 3449 3567 3514 pati
3596 3464 3725 3517 quis
3755 3448 4083 3517 perferunt.

2422 3533 2568 3597 Ouid
2604 3549 2740 3602 ergo
2773 3532 2976 3604 utique
3009 3534 3179 3588 nobis
3211 3540 3377 3589 vacat
3410 3535 3518 3589 hoc
3553 3535 3891 3604 reipublicae
3921 3542 4081 3592 statu

2422 3623 2710 3691 ejusmodi
2736 3627 3164 3678 transactarum
3194 3624 3316 3693 jam
3352 3640 3545 3678 rerum
3580 3628 3637 3677 et
3659 3624 4060 3681 oblitteranda

2420 3729 2550 3767 rum
2586 3712 2946 3777 meminisse,
2996 3713 3340 3781 crimenque
3368 3714 3533 3768 vobis
3583 3713 3863 3783 efﬁngere
3896 3732 3928 3769 a
3965 3733 4080 3785 quo

2418 3803 2560 3856 estis
2591 3800 2936 3856 alienissimi
2972 3803 2993 3854 Ρ
3023 3801 3166 3856 Nam
3193 3802 3346 3872 quod
3383 3802 3455 3855 ab
3490 3802 3840 3871 imperatore
3873 3803 4078 3874 digni-

2418 3892 2639 3947 tatibus
2653 3889 2902 3945 estisam
2916 3889 3424 3960 plissimisornati,
3445 3907 3556 3945 non
3576 3892 3628 3944 id
3653 3892 3964 3961 imputand
3980 3910 4076 3948 um

2417 3980 2608 4035 solum
2626 3979 2823 4051 gratias
2847 3982 2902 4033 et
2923 3977 3270 4033 benevoloin
3288 3996 3389 4034 vos
3403 3979 3601 4034 studio
3621 3981 3866 4035 faventis
3881 3987 4078 4051 Augu-

2417 4069 2512 4137 sti,
2543 4067 2712 4140 quasi
2740 4067 2789 4123 is
2815 4067 3298 4138 intempestivoin
3318 4068 4079 4140 vosindulgensaﬂectuiet

2416 4159 2700 4228 impetum
2736 4157 2962 4211 ratione
2991 4162 3287 4211 carentem
3325 4158 3574 4211 nimium
3611 4174 3867 4229 sequens
3899 4158 3960 4213 id
4000 4161 4078 4215 fe-

2415 4245 2687 4301 cerit.5l
2729 4243 3264 4315 Insaniatprofecto
3302 4244 3500 4316 quisic
3535 4246 3768 4299 sentiat.
3799 4246 3908 4299 Sed
3949 4261 4079 4316 qua

2414 4335 2619 4388 insunt
2640 4333 2803 4388 vobis
2824 4332 3071 4398 eximiae,
3097 4332 3316 4402 quibus
3339 4350 3519 4404 supra
3541 4333 3762 4387 caeteris
3781 4333 4074 4390 excellitis

2413 4422 2864 4492 dotes,t‘acultas
2889 4421 4076 4492 intelligendi,loquendietngendimelius

2415 4528 2592 4582 quam
2627 4510 2912 4581 plerique,
2947 4510 3174 4565 sincera
3203 4509 3262 4565 in
3295 4509 3462 4565 illum
3511 4526 3576 4564 ac
3611 4510 3726 4564 luci
3759 4526 3976 4580 expers
4010 4513 4078 4566 ti-

645 4600 822 4653 etiam
884 4599 1285 4653 intolerabilia
1339 4599 1579 4653 ferenda
1633 4604 1792 4667 sunt,
1827 4597 1877 4652 si
1929 4598 1980 4652 ei
2040 4597 2299 4668 libuerit,
2338 4602 2380 4665 D
2412 4599 4079 4668 des,laboresinadministrationereipublicamssiduiet

646 4694 946 4758 utcunque
998 4705 1169 4742 nemo
1201 4704 1336 4742 eum
1397 4686 1663 4758 impellat
1687 4693 1790 4742 aut
1820 4687 2095 4759 malignis
2146 4688 2299 4744 dela-

643 4778 907 4831 tionibus
940 4777 1134 4831 irritet
1167 4778 1222 4831 in
1282 4777 1589 4844 miserum,
1625 4776 1718 4831 cui
1749 4781 1839 4831 est
1871 4777 2157 4832 infensus.
2196 4777 2300 4833 Ubi

642 4882 779 4935 ergo
816 4868 940 4935 ipse
979 4867 1079 4936 qui
1115 4868 1316 4922 nocuit
1346 4867 1574 4935 injuria:
1623 4864 1967 4934 absolvitur,
1993 4866 2128 4934 jure
2169 4883 2300 4936 pro.

643 4959 767 5026 prio
798 4958 956 5027 regni
994 4957 1223 5011 cunctis
1258 4963 1414 5026 noto,
1448 4958 1701 5010 otiosum
1733 4972 1874 5010 sane
1907 4953 2085 5010 fuerit
2117 4957 2300 5012 inces-

640 5062 766 5100 sere
800 5045 944 5100 alios
968 5045 1411 5116 suspicionibus
1436 5043 1938 5100 calumniosarum
1968 5047 2298 5116 suggestio-

642 5152 806 5196 num,
838 5136 1055 5204 quibus
1089 5135 1235 5188 iram
1266 5134 1534 5189 videlicet
1583 5134 1750 5205 quasi
1784 5150 1896 5187 non
1933 5150 2035 5204 per
2062 5151 2124 5189 se
2156 5136 2298 5191 satis

639 5224 944 5278 ardentem
980 5223 1373 5280 acrenderint.
1402 5223 1663 5278 Fuerunt
1696 5223 1834 5286 haec,
1857 5228 1913 5278 et
1934 5223 2298 5280 transierunt

635 5320 691 5368 et.
726 5314 782 5366 in
817 5314 909 5367 his
944 5316 1116 5368 modo
1151 5330 1422 5367 sermone
1457 5313 1845 5368 retractandis
1878 5312 2182 5368 immorari
2215 5315 2296 5369 si-

636 5403 770 5454 mile
805 5403 980 5456 fuerit
1011 5418 1074 5456 ac
1110 5403 1156 5456 si
1194 5405 1263 5456 de
1311 5402 1563 5456 mortuis
1596 5417 1700 5456 cur
1730 5403 2095 5456 decesserint
2126 5410 2297 5459 anxia

636 5491 986 5546 instituatur
1043 5491 1376 5561 inquisitio.
1413 5490 1487 5545 Ut
1545 5494 1697 5546 enim
1750 5491 1828 5545 ibi
1865 5491 2062 5546 fatalis
2093 5507 2294 5548 neces-

630 5584 796 5647 sitas,
859 5583 978 5635 sive
1015 5578 1255 5635 rborbus
1318 5579 1606 5651 ingruerit
1659 5579 1921 5635 sonticus
1980 5581 2100 5636 sive
2155 5598 2295 5648 non,

628 5687 871 5728 causam
933 5670 1202 5741 absolvit,
1236 5670 1320 5726 ita
1351 5674 1408 5726 et
1467 5670 1589 5725 haec
1621 5685 1729 5726 nos
1756 5668 1877 5741 pati
1915 5669 2100 5727 fatum
2162 5672 2293 5744 fuit,

2413 4689 2629 4760 magni,
2652 4691 3138 4758 caeteraque,quaa
3157 4703 3459 4742 summum
3480 4688 3611 4757 ejns
3629 4686 3855 4742 ordinis
3877 4688 4074 4742 virum

2411 4778 2498 4833 vel
2520 4777 2772 4832 maxime
2795 4776 3654 4846 commendent,imperatorem
3682 4776 3738 4829 in
3760 4776 3948 4849 istam
3975 4794 4075 4832 vos

2414 4865 2786 4939 promovendi
2837 4868 2892 4919 et
2923 4869 2987 4919 ut
3026 4882 3132 4936 par
3161 4871 3287 4919 erat
3335 4864 3659 4920 honorandi
3710 4867 4074 4940 sententiam

2413 4961 2732 5011 traxerunt.
2758 4953 2902 5020 Quid
2926 4959 3124 5008 autem
3141 4954 3270 5017 hoc,
3295 4970 3518 5024 quaeso,
3539 4955 3812 5022 cuiquam
3841 4956 4078 5009 nocuit?

2411 5046 2588 5112 Quasi
2619 5061 2753 5099 vero
2787 5060 2902 5098 non
2937 5043 3107 5098 aliter
3137 5043 3436 5115 potuerint
3485 5043 3583 5097 alii
3617 5043 3922 5108 honorari,
3960 5044 4076 5099 nisi

2409 5151 2510 5190 vos
2545 5135 2600 5188 in
2636 5137 2853 5188 sortem
2885 5131 3158 5187 ultimam
3193 5131 3676 5188 detruderemini.
3715 5132 3858 5187 Nam
3900 5149 4073 5200 sane,

2409 5225 2456 5279 si
2485 5225 2565 5279 ita
2599 5241 2690 5278 res
2721 5223 2961 5276 haberet
2994 5226 3058 5276 ut
3081 5221 3215 5277 aliis
3247 5227 3519 5293 speratus
3544 5227 3855 5293 optatusve
3883 5223 4077 5279 honor

2408 5332 2476 5371 ex
2507 5313 2678 5369 vestri
2707 5313 2982 5384 despectu
3019 5315 3074 5366 et
3099 5311 3476 5383 depressione
3501 5311 3799 5383 penderet,
3823 5316 4077 5382 possent

2409 5421 2542 5459 cum
2575 5401 2774 5473 aliqua
2808 5401 3001 5472 specie
3039 5401 3332 5470 imputare.
3365 5401 3530 5456 vobis
3560 5400 3899 5472 neglectum
3937 5418 4077 5472 pro-

2409 5495 2627 5566 prium,
2652 5491 2751 5562 qui
2771 5507 2834 5547 se
2860 5490 3188 5562 praeteritos
3211 5495 3560 5561 queruntur.
3586 5491 3730 5545 Cum
3759 5507 3900 5545 vero
3928 5490 4074 5544 nihil

2409 5581 2776 5656 prohibuerit
2807 5579 3130 5651 quominus
3175 5585 3232 5635 et
3261 5597 3365 5636 vos
3411 5579 3801 5645 ornaremini,
3835 5587 3898 5634 et
3939 5581 4073 5636 aliis

2409 5671 2807 5746 contingerint
2833 5669 3054 5726 meritae
3085 5674 3188 5726 aut
3208 5670 3533 5742 concupita:
3554 5669 3901 5742 dignitates,
3935 5687 4071 5726 cum
