4258 6438
227 385 338 438 485

1302 385 1398 438 ΒΕ
1437 383 1806 438 MICHAELE
1845 380 2272 436 PALEOLOGO
2309 383 2441 436 LIB.
2487 385 2531 434 Ι.

3530 387 3634 441 4Βῦ

199 506 401 570 ἄλλοις
430 505 584 562 οὐδὲν
625 509 787 576 ἧττον
818 507 887 561 τά
912 511 1020 561 τῶν
1055 504 1373 577 ἀξιωμάτων
1408 507 1483 566 ι”ες
1515 505 1658 565 εἰκὸς
1686 524 1854 576 προσ-ι
1893 502 1944 569 Α
1977 497 2034 554 δὲ
2086 503 2281 563 πάντες
2342 501 2643 558 ἐπιτάττειν
2694 503 2922 579 ἔχομεν’
2983 507 3218 584 ἄναρχον
3279 510 3381 583 γάρ
3440 513 3502 565 τὸ
3533 533 3635 565 πο..

201 596 488 667 νέμεσθαι,
517 597 602 649 καῖ
664 595 792 658 τους
851 597 946 667 μὶν
992 596 1058 648 τά
1088 593 1259 648 οἰκεῖα
1287 592 1454 669 ἔχειν,
1491 597 1570 665 [Ρ.
1607 596 1694 664 29]
1741 590 1870 690 τους

202 683 260 738 δε
309 684 403 738 καὶ
481 679 777 754 λαμϐάνειν
857 683 1003 758 παρά
1054 683 1319 758 βασιλέως
1372 684 1437 736 τά
1488 682 1634 758 σφίσι
1696 679 1874 757 προσξ

200 777 432 844 ήκοντα,
492 777 598 826 που
657 770 885 843 δίκαιον,
916 772 960 826 εἰ
1017 773 1091 846 μή
1150 774 1214 840 ἦν
1248 770 1412 848 ἄμφω
1462 771 1550 825 καὶ
1583 771 1872 849 ἐνεχώρει⁹

202 862 349 916 οὕτω
415 858 608 915 δοκοῦν
668 861 902 935 βασιλεῖ,
962 861 1114 933 ὅμως
1175 862 1334 934 ὑμᾶς,
1397 857 1570 931 δεξιᾶς
1602 859 1874 931 πειρωμέ-

202 970 336 1010 νους
414 955 514 1017 τῆς
582 949 792 1022 τύχης,
846 948 1050 1008 αἰτίους
1105 955 1203 1015 τῆς
1263 945 1480 1002 ἐκείνων
1542 943 1872 1020 δυσπραγίας

203 1039 482 1110 κρίνεσθαι
517 1058 532 1106 ς
597 1040 796 1090 παῦσαι
827 1037 1008 1090 τοίνυν
1070 1035 1354 1096 τοιούτους
1391 1033 1696 1108 λογισμοὺς
1725 1031 1878 1106 στρέ-

203 1149 318 1202 φων
348 1125 405 1179 ἐν
433 1128 503 1196 τῇ
545 1128 724 1198 ψυχῇ,
758 1122 810 1193 ἐξ
844 1124 916 1177 ὧν
979 1119 1264 1194 συμϐαίνει
1325 1123 1422 1177 ουκ
1474 1121 1632 1195 ὀλίγα
1681 1120 1876 1175 λυπεῖ-

210 1217 336 1268 σθαι
384 1214 473 1267 καὶ
505 1213 632 1274 τους
664 1213 984 1278 ἀκούοντας,
1044 1214 1118 1274 ὡς
1179 1210 1346 1288 ἔγωγε
1376 1209 1564 1265 πολλὰ
1596 1214 1654 1264 ἂν
1689 1209 1876 1282 εἴπεῖν,

208 1300 354 1376 ἔχων
406 1299 531 1374 περὶ
557 1300 824 1354 τοιούτων
875 1295 926 1353 ἔν
972 1300 1064 1353 γαῖ
1099 1298 1266 1370 μόνον
1301 1298 1430 1373 ἐρω,
1479 1299 1553 1359 ὡς
1588 1295 1736 1372 εἶ’πιρ
1795 1295 1863 1350 ξπ

211 1387 541 1458 ἀλλοδαπῆς
572 1390 669 1456 ἦτε
693 1393 933 1444 τοιοῦτοι
965 1385 1140 1454 ὄντες,
1170 1385 1358 1442 πολλά
1412 1386 1472 1440 ἃν
1525 1386 1787 1457 εὐξαίμην
1820 1382 1879 1438 ἃν

211 1477 263 1531 ἐν
323 1477 536 1552 ἀκαρεῖ,
595 1476 746 1551 εἶ’περ
807 1477 932 1531 οἷόν
991 1497 1071 1546 τε,
1102 1481 1222 1538 τοῖς
1269 1472 1758 1549 ἡμετέροις,οὗτω
1787 1477 1884 1530 καὶ

215 1563 436 1636 μᾶλλον
487 1563 729 1640 ἔχουσιν,
791 1565 1100 1633 ἐπιστῆναι,
1154 1566 1188 1634 ἢ
1223 1562 1347 1617 ἀλλ’
1381 1567 1528 1636 ἡμᾶς
1561 1562 1756 1623 αὐτοὺς
1790 1558 1884 1615 καὶ

215 1657 473 1727 χρήμασι
535 1654 626 1708 καὶ
672 1654 896 1724 τρόποις
954 1653 1162 1727 ἑτέροις
1225 1658 1398 1722 ζητεῖν
1461 1653 1564 1719 τήν
1626 1651 1889 1737 ὑμετέραν

216 1744 358 1812 πρὸς
417 1746 566 1814 ἡμᾶς
625 1744 823 1819 ἄφιξιν,
856 1745 944 1796 καὶ
977 1743 1158 1812 ἀξιοῦν
1193 1740 1511 1802 ἐπιστάντας
1545 1745 1652 1794 τῶν
1693 1739 1892 1812 δμετὲ,

1977 589 2244 664 λ-Ξαρχον.
2307 593 2459 647 Ἐπεὶ
2521 590 2565 646 δ’
2627 590 2720 647 ἕνα
2779 595 3036 669 προέχειν
3097 599 3230 669 μετά
3281 598 3504 672 βασιλέα
3532 606 3637 654 τῶν

1976 678 2276 751 ἀναγκαίων
2317 679 2456 747 ἐστι,
2516 681 2598 743 τίς
2660 681 2831 744 ἄλλος
2862 686 2951 738 καὶ
2982 688 3278 762 προάρχειν
3308 686 3450 759 ἄξιος
3481 688 3525 742 εἰ
3559 692 3636 760 μὴ

1978 768 2005 820 ὁ
2057 775 2175 828 ταῖς
2232 770 2409 837 ἀξίαις
2463 771 2958 845 ὑπερφερόμενοςς
3018 776 3093 830 Τὸ
3147 779 3273 850 γοῦν
3329 774 3460 847 ἐμὸν
3513 777 3636 832 ὅσον

1977 859 2043 924 ἦν
2077 856 2269 924 ε’πεῖν,
2305 857 2538 931 εἷ’ρηταί’
2576 858 2686 930 ὅτῳ
2751 858 2796 914 δ’
2845 861 3040 936 ἑτέρως
3093 862 3262 933 δοκεῖ,
3313 865 3480 919 καλὸν
3512 865 3640 938 ἐξει,

1977 952 2096 999 πεῖν
2155 945 2318 1007 τέως’
2376 947 2436 1000 οὐ
2489 947 2587 1020 γάρ
2645 945 2762 1009 δέος
2817 949 3076 1022 κωλύσει,
3133 952 3222 1006 καὶ
3276 952 3635 1026 ἀκονσὸμεθα,

1979 1035 2038 1087 ἄν
2072 1033 2258 1097 ἄλλως
2281 1034 2413 1096 τέως
2463 1032 2578 1110 ἔχει
2607 1057 2689 1097 τις
2740 1035 2941 1110 λέγειν.
3002 1038 3174 1095 Ἀλλᾶ
3207 1039 3345 1113 μηδέ
3373 1061 3492 1109 τις;
3533 1047 3640 1097 τῶν

1979 1125 2218 1189 πάντων,
2251 1123 2323 1184 ὡς
2357 1123 2415 1178 ἐκ
2443 1128 2550 1177 τῶν
2599 1128 2933 1199 πραγμάτων
2977 1125 3087 1182 ἔστι
3150 1132 3461 1201 μανθάνειν,
3499 1132 3644 1203 μαλ-

1983 1209 2078 1265 λον
2113 1209 2289 1266 δὲκαὶ
2339 1212 2389 1282 ἐξ
2440 1211 2513 1266 ὧν
2572 1213 2756 1268 ἀκούω
2811 1213 3113 1289 λεγόντων,
3148 1218 3645 1296 ἆμφιγνωμονήσοι

1983 1302 2119 1374 πρὸς
2151 1302 2218 1356 τὰ
2249 1301 2540 1376 λεγόμενα.
2577 1326 2603 1354 ››
2629 1307 2810 1360 Ταῦτα
2839 1310 2937 1359 τοῦ
2974 1306 3216 1381 μεγάλου
3244 1309 3646 1363 κοντοσταύλου

1987 1388 2374 1462 διεξελθόντος,
2411 1393 2463 1445 οἱ
2496 1391 2547 1445 ἐν
2579 1390 2725 1448 τέλει
2770 1398 2965 1456 πάντες
3016 1396 3091 1458 ὡς
3140 1397 3244 1450 ἀπὸ
3291 1402 3416 1468 μιᾶς
3464 1399 3645 1473 ὡσπερ

1988 1481 2165 1552 ὁρμῆς
2215 1479 2302 1534 καὶ
2339 1481 2660 1555 προθέσεως,
2721 1483 2794 1544 ὡς
2852 1480 3010 1552 δῆθεν
3060 1484 3135 1557 μὴ
3191 1483 3359 1540 πλέον
3421 1481 3645 1561 ἔχοντες

1991 1567 2189 1642 λέγειν,
2258 1567 2513 1646 ἐμφανεῖς
2590 1571 2726 1639 ἦσαν
2810 1573 3176 1645 συντιθέμενοι
3235 1580 3352 1636 τοῖς
3409 1575 3643 1650 ῥηθεῖσι,

1997 1655 2209 1729 μᾶλλον
2243 1658 2336 1729 μὲν
2390 1659 2480 1712 οὖν
2535 1657 2796 1734 ὥχθησάν
2822 1679 2881 1714 τε
2909 1661 2996 1714 καὶ
3033 1661 3422 1736 βαρυνομένοις
3481 1662 3646 1736 ἐῴκει-

1995 1767 2090 1799 σαν
2136 1749 2501 1820 παραχρῆμα,
2556 1746 2609 1802 εἷ-
2653 1746 2795 1802 ἄλλο
2825 1769 2878 1803 τι
2909 1750 3054 1824 παρᾶ
3083 1750 3146 1804 τά
3176 1750 3438 1826 λεχθέντα
3469 1751 3642 1825 λέγειν

224 1853 336 1906 ρων
386 1827 900 1904 ἀντιλαμϐάνεσθαι.
963 1832 1036 1884 Σὺ
1099 1828 1177 1897 δὲ,
1237 1829 1420 1905 ὥσπερ
1477 1829 1535 1883 ἂν
1596 1829 1887 1904 ἀξιώτερος
1919 1862 1969 1927 Β
2001 1836 2294 1890 ὑπονοοῖτό
2323 1857 2407 1899 τις
2451 1824 2620 1890 ἐκεῖσε
2665 1837 2876 1912 παρών.
2929 1839 3090 1902 ’Ὀθεν
3145 1839 3234 1893 καὶ
3283 1836 3642 1915 προύλάμὸα-

221 1918 399 1980 ἄλλος
455 1923 522 1988 ἦν
575 1919 649 1982 εἷς
705 1917 1036 1992 κηδεμονίαν
1093 1917 1417 1994 βασιλικὴν,
1472 1918 1572 1986 τὴν
1617 1918 1886 1989 ἡμετέραν

221 2009 492 2084 ﬁci/353w
540 2007 840 2080 ἀναμένεις,
872 2007 968 2069 Τίς
1023 2007 1199 2062 τοίνυν
1244 2007 1429 2070 ἱκανὸς
1490 2007 1742 2060 ἀναλύειν
1772 2009 1880 2078 ψῆ.

220 2120 323 2174 φον
385 2096 704 2171 pugilem-1;
753 2099 834 2158 τίς
896 2093 953 2150 δὲ
1003 2098 1148 2171 παρὰ
1199 2097 1255 2150 σε
1309 2096 1372 2150 τὸ
1430 2094 1689 2168 ἐχέγγυον
1738 2091 1882 2169 ἔχων

219 2193 502 2264 φανεῖσθαι
546 2185 632 2240 ἐπὶ
691 2185 920 2260 μεγίστῃ
981 2184 1202 2258 τοιαυτῃ
1256 2181 1579 2260 προσεδρείᾳ
1625 2184 1716 2238 καὶ
1781 2185 1881 2258 βαο

219 2298 271 2331 σι
325 2282 459 2337 ικοῖς
519 2275 837 2350 πράγμασις
889 2275 951 2328 σὺ
998 2275 1098 2348 γάρ
1147 2275 1235 2328 καὶ
1267 2279 1385 2338 ταῖς
1418 2273 1590 2343 ἀξίαις
1626 2273 1882 2348 προέχεις

219 2366 315 2420 καὶ
364 2367 566 2419 συνέσει
625 2366 701 2426 ὡς
775 2363 927 2418 οὐδὲν
988 2363 1262 2418 ἐλλείπω)
1325 2363 1654 2437 ὑπερτερεῖς.
1707 2365 1883 2437 Ἀρχε

221 2453 431 2511 τοίνυν,
490 2454 579 2507 καί
636 2454 853 2527 προνόει
898 2453 991 2526 μὲν
1057 2451 1346 2526 βασιλέως,
1397 2453 1617 2528 προνόει
1680 2451 1737 2506 δὲ
1794 2452 1883 2506 καὶ

224 2550 326 2609 τῆς
355 2548 464 2596 τῶν
497 2541 786 2614 Ῥωμαίων
837 2541 1136 2616 ἡγεμονίας
1165 2540 1524 2616 πρπγμάτων.
1574 2540 1669 2595 Καὶ
1719 2544 1885 2612 ἡμεῖς

225 2631 601 2692 εὐπειθοῦντες
640 2629 899 2705 ἑψόμεθα·
971 2630 1036 2684 οὐ
1087 2633 1196 2705 γαρ
1229 2631 1422 2692 πάντες
1481 2630 1734 2706 ἄρξομεν,
1794 2630 1886 2684 οὐ·

230 2810 413 2867 simul
437 2810 558 2865 ﬁeri
576 2810 848 2881 potuerit,
875 2815 1015 2866 utet
1037 2811 1074 2865 ii
1099 2809 1201 2882 qui
1223 2811 1348 2881 jam
1371 2815 1538 2866 erant
1561 2810 1618 2865 in
1641 2809 1885 2865 honori-

232 2900 347 2954 bus
367 2915 642 2971 possessa
663 2903 1095 2966 conservarent,
1113 2905 1172 2954 et
1194 2900 1291 2971 qui
1311 2899 1473 2971 digni
1489 2898 1881 2955 erantnihilo-

232 2987 436 3042 minus
450 2991 585 3058 apta
605 2987 749 3058 ipsis
765 2987 837 3042 ab
855 2987 1208 3058 imperatore
1226 2987 1884 3060 acciperent,quomodo

224 3077 465 3146 justum
497 3076 576 3130 sit
605 3076 900 3131 contraria
926 3082 984 3132 et
1015 3092 1078 3132 se
1109 3077 1357 3132 invicem
1380 3076 1752 3134 excludentia
1779 3077 1888 3134 fin-

232 3180 370 3236 gere
403 3180 533 3235 quae
558 3165 734 3220 simul
766 3181 899 3221 esse
929 3167 1282 3237 potuerunt?
1312 3167 1382 3222 Et
1413 3168 1683 3238 quojnre
1704 3167 1886 3239 aliqui

235 3252 512 3325 repulsas
543 3253 591 3308 si
624 3270 773 3324 quas
811 3262 952 3309 sunt
981 3255 1161 3326 passi,
1189 3261 1246 3309 et
1274 3256 1320 3311 si
1354 3272 1483 3327 qua:
1513 3257 1660 3326 ipsis
1689 3256 1892 3312 dolent

235 3342 608 3397 exclusiones
633 3342 706 3398 ab
737 3342 1080 3414 honoribus,
1109 3343 1288 3400 favori
1321 3345 1694 3416 imperatoris
1747 3363 1882 3417 pro-

238 3447 428 3502 penso
461 3431 520 3485 in
543 3447 644 3486 vos
665 3436 724 3486 et
740 3437 940 3487 vestras
964 3433 1208 3503 proprias
1229 3433 1471 3489 fortuna;
1497 3434 1890 3504 assignandas

237 3525 467 3575 utvere
483 3535 672 3575 causa;
696 3521 1087 3576 arbitrantur?
1109 3521 1314 3578 Desine
1340 3523 1520 3595 igitur
1541 3523 1686 3579 tales
1699 3525 1896 3596 suspi-

235 3607 442 3663 ciones
471 3607 670 3663 animo
699 3625 951 3680 versare,
974 3611 1216 3681 quibus,
1250 3627 1385 3666 cum
1427 3629 1526 3668 eas
1573 3612 1762 3667 verbis
1794 3629 1895 3668 ex-

235 3697 796 3768 primisnauditores
827 3714 944 3753 non
977 3699 1204 3755 modice
1223 3701 1748 3772 contristas.Atque
1772 3718 1896 3771 ego,

234 3801 372 3840 cum
407 3785 599 3840 dehis
645 3785 898 3842 habeam
957 3787 1144 3842 multa
1201 3805 1324 3859 qua:
1383 3805 1618 3861 possem
1675 3791 1893 3861 dicere,

233 3891 428 3929 unum
454 3875 628 3929 modo
644 3876 888 3930 addam:
913 3877 962 3931 si
993 3893 1117 3944 vos,
1139 3893 1274 3933 cum
1299 3877 1448 3934 tales
1469 3878 1622 3942 sitis,
1649 3895 1895 3952 peregre

234 3963 295 4018 in
329 3959 532 4033 aliqua
559 3969 757 4019 extera
789 3965 1024 4037 regione
1051 3967 1366 4038 degeretis,
1418 3968 1572 4024 votis
1629 3973 1894 4039 optarem

235 4052 907 4109 ardentibustransl‘erri
923 4053 1038 4108 huc
1059 4071 1158 4110 vos
1181 4054 1460 4111 divinitus
1483 4057 1582 4113 52
1605 4065 1898 4114 momento

237 4148 350 4195 tem
363 4140 526 4211 poris
537 4145 593 4196 et
607 4141 1019 4212 gubernationi
1038 4159 1232 4199 rerum
1249 4148 1515 4200 nostraru
1528 4162 1579 4200 m
1591 4163 1727 4218 ,quo
1742 4150 1898 4202 statu

233 4233 376 4284 sunt
402 4228 601 4296 hodie,
636 4231 915 4302 praeponi,
947 4232 1166 4288 nedum
1215 4237 1280 4288 ut
1312 4233 1493 4289 moles
1541 4234 1750 4291 ferrem
1795 4252 1898 4292 vos

233 4318 401 4389 ipsos
415 4319 429 4371 i
443 4319 708 4390 mpensis
724 4321 854 4374 mod
867 4320 1034 4392 isque
1047 4320 1180 4377 aliis
1192 4328 1451 4378 vestrum
1469 4323 1581 4378 b'uc
1594 4325 1900 4380 adventum

233 4423 559 4480 procurare
576 4408 787 4481 etdign
799 4409 884 4464 ari
901 4426 1103 4466 curam
1117 4410 1410 4467 difﬁcilem
1437 4412 1769 4485 reipublicae
1793 4413 1903 4470 hoc

231 4505 512 4569 tempore
547 4504 760 4553 nostra:
795 4501 1114 4569 suscipere.
1149 4503 1235 4556 Tu
1295 4519 1428 4558 vero
1469 4503 1596 4573 jam
1655 4503 1898 4570 scilicet,

1997 1946 2082 1978 νεν
2143 1921 2312 1984 ἄλλος
2347 1921 2525 1978 ἄλλου
2559 1923 2725 1994 λεξων
2759 1926 2826 1979 τά
2852 1927 2986 2000 πρὸς
3015 1926 3199 2000 χάριν,
3232 1928 3318 1981 καὶ
3351 1925 3536 1997 δείξων
3569 1929 3643 1991 ὡς

1992 2014 2054 2067 τὸ
2117 2014 2204 2066 ὑπ’
2261 2011 2452 2084 ἐκείνῳ
2508 2014 2791 2076 τάττεσθαι
2846 2018 2941 2068 τ.ὖ
3000 2016 3190 2089 ἆρχειτ
3240 2015 3397 2070 αὐτὸν
3441 2016 3641 2072 ἐκεῖνον

1991 2101 2114 2176 περὶ
2147 2100 2402 2164 πλείονος
2446 2101 2586 2176 ἄγοι.
2639 2105 2720 2159 Τὰ
2779 2100 2825 2156 δ’
2872 2106 3005 2172 ἦσαν
3061 2108 3258 2177 σκῆψις
3313 2105 3402 2159 καὶ
3428 2106 3645 2178 κόμπος

1991 2187 2199 2256 ἄλλως,
2261 2189 2334 2250 ὡς
2389 2187 2573 2259 ἔδειξε.
2605 2189 2742 2246 Τότε
2799 2194 2928 2264 γοῦν
2986 2196 3083 2244 τοῦ
3141 2191 3417 2264 συλλόγου
3455 2192 3644 2249 διαλυ-

1993 2291 2207 2346 θεντος,
2267 2280 2334 2332 τά
2391 2280 2553 2332 πιστά
2619 2275 2801 2333 λαϐὼν
2863 2278 3100 2333 ἐντεῦθεν
3153 2281 3181 2334 ὁ
3239 2277 3642 2352 πρωτοϐεστιά-

1993 2390 2107 2443 ριος
2164 2374 2261 2422 τοῦ
2311 2368 2399 2422 καὶ
2457 2367 2689 2422 ἐχόντων
2738 2365 2895 2435 δῆθεν
2950 2373 3075 2434 τῶν,
3122 2371 3449 2443 μεγιστάνων
3489 2372 3640 2445 βασι-

1995 2457 2132 2518 λεως
2194 2461 2273 2530 [Ρ.
2333 2459 2422 2530 30]
2478 2457 2566 2510 καὶ
2604 2460 2711 2510 τῶν
2736 2456 3070 2532 πραγμάτων
3107 2456 3264 2510 αὐτὸν
3324 2460 3414 2512 καὶ
3477 2459 3640 2530 μόνον

1992 2543 2192 2599 ἐκεῖνον
2228 2546 2360 2599 εἶναι
2393 2541 2758 2621 διαφερόντως
2805 2544 2896 2598 τὸν
2948 2547 3297 2618 φροντιστὴν,
3355 2542 3641 2602 ἀναλαϐὼν

1991 2636 2090 2703 τήν
2139 2639 2310 2688 πᾶσαν
2363 2630 2590 2707 δύναμιν
2630 2632 2717 2687 ἐπὶ
2768 2633 3080 2707 Μαγνησίας
3130 2632 3350 2708 ἐχώρει.
3413 2636 3514 2693 Καὶ
3572 2633 3640 2705 δὴ

1993 2829 2198 2868 omnes
2232 2829 2566 2885 possumus.
2605 2811 2726 2869 Non
2759 2828 2985 2882 omnes,
3016 2811 3283 2883 inquam,
3318 2827 3518 2884 regere
3575 2830 3641 2870 ac

1996 2902 2306 2974 praecipere
2332 2902 2599 2957 convenit
2631 2906 2732 2956 aut
2763 2901 2850 2957 fas
2892 2907 2982 2956 est
3016 2918 3028 2954 :
3063 2902 3160 2956 ubi
3220 2901 3378 2956 enim
3437 2918 3643 2959 omnes

1996 2995 2280 3062 prmsunt,
2305 2990 2503 3046 nullus
2527 2993 2756 3061 praeest.
2781 2989 3066 3054 Quoniam
3093 3005 3229 3061 ergo
3252 2989 3362 3044 sub
3381 2988 3644 3062 principe

2001 3079 2488 3151 unumimperare
2513 3078 2906 3134 necessarium
2930 3083 3038 3140 est.
3056 3079 3191 3149 quis
3218 3077 3370 3133 alius
3391 3077 3643 3135 istoloco

2004 3167 2234 3240 dignior
2264 3153 2574 3240 quam'qui
2610 3167 2834 3222 meritis
2856 3171 2914 3222 et
2940 3165 3230 3238 dignitate
3262 3167 3648 3238 praeeminet?

2000 3257 2212 3329 Aperui
2246 3272 2486 3312 sensum
2508 3272 2729 3320 meum.
2761 3260 2818 3311 et
2840 3256 3019 3311 effudi
3050 3261 3340 3327 quantum
3364 3254 3422 3310 in
3446 3255 3644 3312 animo

1999 3346 2310 3403 habebam.
2340 3345 2527 3412 Dicat,
2553 3344 2600 3400 si
2633 3345 2724 3400 cui
2757 3343 2915 3399 aliud
2942 3344 3190 3399 videtur.
3217 3343 3427 3399 Nullus
3447 3345 3646 3400 obstat

2000 3439 2213 3503 metus,
2237 3448 2440 3490 secure
2460 3432 2615 3489 licet.
2646 3432 2862 3488 Omnes
2884 3431 3135 3488 libenter
3151 3431 3650 3504 audiemus,quis-

2000 3524 2129 3596 quis
2160 3525 2289 3594 erit,
2324 3523 2416 3578 cui
2448 3521 2601 3594 quod
2638 3522 3058 3593 praeferendum
3106 3521 3350 3589 putetin
3386 3526 3642 3576 mentem

1998 3613 2211 3668 veniat.
2249 3615 2462 3666 Verum
2497 3609 2698 3665 nullus
2729 3615 2817 3665 est
2848 3609 3138 3675 omnium,
3167 3614 3340 3680 prout
3373 3625 3466 3664 res
3501 3610 3646 3681 ipsa

2001 3705 2346 3764 monstrant,
2378 3704 2434 3755 et
2464 3715 2614 3771 quas
2645 3699 2820 3754 audio
2850 3700 3171 3754 multorum
3191 3714 3380 3763 voces,
3402 3698 3500 3768 qui
3524 3715 3642 3754 non

1998 3791 2202 3846 eadem
2236 3787 2784 3858 nobiscumjurlicet
2813 3791 2869 3844 et
2918 3787 3090 3859 plane
3144 3787 3642 3858 assentiaturlhis

2001 3895 2126 3950 qua;
2152 3879 2276 3948 jam
2301 3877 2458 3932 dicta
2480 3881 2674 3933 sunt.»
2689 3881 2819 3932 Haec
2836 3893 2968 3932 cum
2991 3892 3242 3947 magnus
3265 3875 3650 3932 conostaulus

2001 3965 2459 4040 perorasset,qui
2494 3963 2810 4020 aderantin
2843 3964 3090 4020 concilio
3107 3964 3210 4018 viri
3233 3964 3649 4036 primarii,uno

1997 4057 2161 4112 velut
2189 4071 2396 4110 omnes
2427 4052 2625 4110 studio
2658 4069 2724 4108 ac
2757 4053 3058 4125 praposito
3093 4069 3206 4124 prm
3254 4069 3316 4108 se
3357 4053 3645 4120 tulerunt,

2001 4146 2102 4203 53
2133 4144 2299 4216 quasi
2324 4143 2547 4199 scilicet
2577 4141 2722 4197 nihil
2741 4141 3026 4197 haberent
3049 4142 3203 4212 quod
3229 4141 3449 4196 auditis
3473 4141 3652 4196 adde-

2002 4239 2152 4301 rent,
2184 4248 2312 4289 sese
2333 4231 2503 4287 dictis
2527 4230 2822 4287 assentiri.
2847 4229 2999 4294 Quin
3025 4230 3221 4301 potius
3245 4229 3656 4300 signiﬁcarunt

2003 4337 2174 4393 grave
2204 4321 2316 4376 sibi
2349 4335 2416 4375 ac
2456 4318 2773 4375 molestum
2808 4318 2948 4384 fore,
2985 4317 3034 4373 si
3066 4317 3200 4388 quis
3234 4316 3350 4372 illic
3399 4334 3652 4388 praesen-

2001 4412 2150 4466 tium
2167 4407 2879 4481 suspicareturdiversum
2900 4406 3059 4477 ipsos
3085 4405 3410 4478 quidquam
3432 4406 3652 4461 amodo

2003 4499 2320 4572 propositis
2351 4497 2570 4553 sentire
2592 4501 2693 4552 aut
2712 4497 2974 4551 dicturos
2999 4496 3138 4550 fore.
3169 4493 3332 4549 Unde
3359 4501 3417 4548 et
3438 4511 3652 4565 prmoc-

241 4586 416 4658 quasi
451 4587 691 4658 dignior
721 4592 777 4642 te
808 4588 960 4644 alius
987 4589 1066 4645 sit
1097 4590 1188 4646 cui
1222 4607 1419 4646 rerum
1461 4593 1894 4649 administratio
1923 4586 1971 4652 D
2003 4589 2301 4660 cupabant
2332 4602 2392 4643 se
2425 4586 2672 4641 invicem
2693 4585 2980 4640 aﬂ‘ectatis
2999 4586 3068 4638 ad
3091 4584 3337 4656 gratiam
3364 4583 3654 4638 sermoni-

231 4677 532 4737 tradatur.
558 4683 874 4742 nutum,ut
892 4678 1004 4741 ais,
1032 4680 1103 4733 ad
1127 4678 1181 4733 id
1205 4685 1473 4736 nostrum
1488 4685 1544 4736 et
1569 4681 1890 4738 voluntatis

231 4765 735 4835 significationem
767 4767 1076 4838 cpperiris.
1101 4768 1242 4832 Quis
1265 4773 1465 4826 autem
1489 4776 1756 4827 nostrum
1777 4771 1891 4827 sibi

232 4860 469 4910 tantum
504 4861 739 4928 arroget
769 4861 832 4911 ut
852 4856 1146 4926 judicium
1179 4858 1250 4913 de
1279 4862 1335 4914 te
1364 4858 1734 4931 imperatoris
1755 4860 1893 4916 irri-

229 4950 361 4998 tum
391 4943 606 4998 faciat?
637 4945 820 5010 Quem
852 4952 1048 5001 autem
1074 4951 1283 5018 praeter
1313 4953 1370 5003 te
1401 4950 1767 5005 inveniemus
1816 4951 1890 5006 ad

231 5039 397 5090 recte
432 5033 848 5091 sustinendam
881 5035 1057 5092 istius
1104 5037 1368 5109 supremi
1398 5036 1508 5093 loci
1542 5039 1889 5111 dignitatem

234 5137 459 5195 resque
479 5122 761 5194 imperiii,
783 5126 1104 5197 utdignum
1129 5130 1238 5193 est,
1263 5128 1547 5198 gerendas
1572 5129 1817 5196 idoneis,
1834 5134 1891 5184 et

230 5213 456 5285 quibus
476 5211 694 5268 conlidi
710 5229 826 5268 non
847 5218 1067 5270 temere
1087 5215 1656 5286 possit,instructum
1678 5219 1890 5289 opibus

229 5308 286 5357 et
317 5301 590 5368 dotibus;
625 5302 818 5374 qui-et
874 5303 1100 5359 meritis
1129 5319 1196 5359 ac
1248 5304 1556 5377 dignitate,
1613 5306 1890 5379 idemque

235 5391 639 5448 nihilominus
657 5393 969 5464 prudentia
985 5397 1042 5448 et
1064 5394 1354 5465 sapientia
1375 5394 1692 5466 praecellis?
1711 5401 1891 5471 Perge

229 5481 416 5553 igitur
445 5485 503 5536 et
534 5483 862 5553 gubernare
893 5482 1206 5554 imperium
1254 5489 1311 5540 et
1352 5486 1660 5542 consulere
1714 5492 1890 5559 atque

233 5569 552 5643 invigilare
567 5570 819 5644 principi
835 5571 1225 5644 Romanaeque
1247 5573 1329 5629 rei
1343 5590 1410 5630 ac
1423 5574 1674 5646 negotiis
1693 5577 1889 5648 publi-

232 5660 337 5718 cis.
357 5659 482 5717 Nos
495 5659 841 5718 ohedienter
853 5662 1270 5735 obsequemur.
1285 5662 1413 5721 Non
1427 5663 1583 5721 enim
1599 5665 1890 5739 imperare

2002 4679 2112 4733 bus
2139 4677 2361 4748 passim
2393 4672 2840 4740 assentabundi,
2877 4688 2944 4728 ac
2979 4688 3084 4744 pro
3119 4687 3180 4728 se
3203 4671 3455 4743 quisque
3477 4680 3655 4726 certa-

2000 4767 2108 4822 tim
2140 4767 2503 4821 ostentantes
2531 4761 2706 4834 longe
2738 4761 2927 4833 pluris
2956 4776 3085 4817 esse
3117 4778 3182 4816 ac
3229 4760 3418 4815 multo
3473 4759 3649 4815 malle

2003 4853 2447 4928 protovestiario
2491 4850 2703 4922 subjici
2754 4865 2931 4922 quam
2967 4849 3129 4922 ipsos
3161 4848 3469 4921 imperare.
3517 4849 3649 4904 Haec

2002 4951 2197 5000 autem
2228 4941 2377 4998 nihil
2408 4940 2571 4996 aliud
2599 4957 2775 5012 quam
2801 4940 2969 4995 fucus
2990 4944 3048 4994 et
3067 4939 3318 4994 mendax
3337 4937 3650 4994 ostentatio

2002 5040 2189 5098 erant,
2222 5037 2288 5088 ut
2315 5034 2560 5089 eventus
2591 5027 3034 5085 demonstravit.
3057 5027 3219 5083 Tunc
3239 5028 3420 5100 igitur
3451 5026 3646 5082 soluto

2001 5127 2288 5180 conventu
2307 5120 2480 5193 plane
2502 5135 2849 5192 persuasum
2875 5117 3315 5189 protovestiario
3331 5117 3487 5190 quod
3503 5116 3650 5172 vole-
3685 5117 3689 5120 ’

2002 5216 2102 5271 bat
2129 5217 2234 5279 est,
2266 5210 2412 5266 velle
2434 5208 2714 5266 nimirum
2747 5212 2804 5265 et
2823 5211 3055 5280 gratum
3090 5206 3303 5262 habere
3333 5205 3648 5279 optimates

2000 5310 2055 5360 et
2087 5319 2179 5358 res
2208 5299 2435 5371 imperii
2467 5303 2524 5353 et
2557 5295 2803 5353 tutelam
2835 5295 3124 5368 principis
3155 5312 3273 5350 suae
3297 5295 3474 5350 unius
3497 5311 3649 5352 cura

2001 5392 2358 5462 arbitrioque
2386 5387 2667 5462 permitti.
2697 5388 2888 5452 Quare
2919 5401 3164 5441 securus
3210 5385 3331 5456 jam
3385 5389 3441 5440 et
3490 5390 3650 5442 certa

1999 5480 2381 5539 confirmatus
2413 5477 2628 5534 ﬁducia
2661 5474 2953 5532 universis
2975 5490 3177 5531 secum
3201 5473 3386 5547 copiis
3411 5491 3646 5530 assum-

1999 5571 2118 5646 ptis
2148 5569 2509 5642 Magnesiam
2544 5567 2953 5640 proficiscitur;
2984 5563 3185 5636 ibique
3214 5564 3286 5620 ad
3317 5563 3647 5621 custodiam

1997 5659 2370 5740 imperatoris
2388 5661 2546 5716 certa
2563 5656 2987 5714 ﬁdissimorum
3007 5655 3120 5712 sibi
3132 5653 3390 5711 militum
3404 5653 3644 5713 cohorte
