4258 6438
655 412 757 468 487
1951 395 2256 452 GEORGII
2295 400 2297 448 ζ

2408 398 2765 456 ΞΗΥΜΕΒΕ
3956 392 4067 448 488

649 533 746 594 τὰς
800 528 1043 607 φυλακὰς
1097 526 1195 592 τὴν
1233 523 1326 596 μὶν
1388 519 1657 597 βασιλέως
1701 515 1920 593 ἀνδράσι
1941 520 2170 607 ,πιστοῖς
2214 514 2380 591 έγοΑ
2414 518 2553 574 λέων
2612 519 2844 591 ζηλοῦν,
2912 525 3009 576 τοῦ
3070 521 3166 593 μὶν
3225 521 3306 574 δτι
3365 517 3714 594 μαγγανείαις
3770 521 4076 607 ταῖς-παρ’

651 601 917 698 χειρίσας,
973 617 1070 682 τήν
1133 611 1189 668 δὲ
1243 616 1340 666 ἰτοὖ
1411 609 1697 685 βασιλικοῦ
1766 603 2016 678 ταμιείου
2058 601 2299 679 ’ἑτέροις
2407 609 2625 666 ἐκείνων
2675 610 3146 670 συσκευασθείσαις
3203 607 3393 675 νοσοίη
3423 609 3509 662 καὶ
3573 607 3648 666 ὡς
3677 609 3854 666 κακῶς
3887 601 4071 657 ἀπαλ-

652 693 858 781 ὑῠμοίως
889 710 1105 764 πιστοῖς
1152 703 1242 756 καὶ
1300 699 1488 769 ἀξίοις,
1522 697 1627 751 ἀπὸ
1684 695 1916 750 πολλῶν
1943 696 2006 748 τὸ
2039 693 2298 766 ἒχὲγγυον

641 798 892 874 ἔχουσιν,
926 797 997 849 ὧν
1034 791 1100 863 δὴ
1136 793 1162 847 6
1195 789 1494 865 λογοθέτης
1525 787 1648 841 τότε
1675 789 1782 840 τῶν
1817 782 2027 858 ἀγελῶν
2059 783 2087 836 6
2115 784 2288 856 Ἀγιο-

635 885 970 954 θεοδωρίτης
1042 883 1288 955 ἐξηγεῖτο
1368 878 1531 938 αὐτὸς
1606 874 1694 930 ἐπὶ
1762 880 1880 936 ταῖς
1936 877 2045 927 τῶν
2102 876 2298 925 κοινῶν

636 957 938 1045 διοικήσεςι
977 972 1111 1046 μετᾶ
1172 974 1277 1024 τῶν
1339 967 1550 1022 λοιπῶν
1610 957 2097 1039 έσπουδαιοτρίϐει.
2161 967 2297 1014 Συν-

631 1064 913 1119 ετάττοντο
971 1060 1154 1114 τοίνυν
1192 1057 1580 1132 προστάγματα
1636 1054 1916 1125 πανταχοῦ
1948 1048 2163 1104 πόλεων
2195 1052 2295 1114 τῆς

633 1153 920 1225 Ῥωμαίων
967 1157 1069 1224 γῆς
1112 1145 1631 1216 ἀποσταλησόμενα,
1691 1141 1780 1194 καὶ
1838 1140 1954 1193 κατ’
1992 1135 2167 1199 ἄλλας
2202 1138 2294 1208 μὲν

636 1241 823 1318 χρείας
867 1239 1071 1313 ἐτέρας,
1102 1237 1164 1290 τὸ
1215 1233 1271 1288 δὲ
1314 1232 1570 1288 πλεῖστον
1625 1230 1715 1285 καὶ
1767 1230 2017 1318 μέγιστον
2046 1227 2183 1318 κατά
2237 1246 2294 1294 τε

639 1315 880 1400 δήλωσιν
908 1331 1009 1382 τοῦ
1041 1322 1268 1380 θανᾶτου
1314 1327 1411 1377 τοῦ
1461 1320 1747 1396 βασιλέως,
1782 1319 1894 1390 ἅμα
1938 1315 1996 1371 δὲ
2047 1315 2138 1370 καὶ
2194 1320 2294 1384 τῆς

635 1423 731 1474 τοῦ
786 1419 910 1471 νέου
966 1414 1233 1489 βασιλέως
1263 1411 1631 1487 ἀναρῥήσεως,
1687 1410 1778 1462 καὶ
1833 1410 1930 1461 τοῦ
1970 1405 2045 1469 εἰς
2087 1403 2295 1459 ἐκεῖνον

637 1498 1020 1583 προστίθεσθαι
1083 1504 1246 1578 χάριν
1307 1502 1598 1570 συνθήκαις
1660 1496 1836 1573 ὅρκων
1891 1494 2026 1550 κατὰ
2074 1494 2136 1547 τὸ
2167 1493 2293 1546 σύν-

637 1609 787 1666 ηθες.
864 1594 962 1649 Καὶ
1022 1592 1312 1666 έξετίθεντο
1369 1590 1462 1663 μὲν
1519 1588 1587 1642 τὰ
1643 1584 2089 1660 προσταττόμενα
2142 1602 2292 1654 παμ-

637 1685 859 1756 πληθεῖ,
916 1684 1010 1744 τὰς
1074 1681 1131 1737 δὲ
1170 1679 1240 1735 δι’
1271 1680 1508 1753 έρυθρῶν
1547 1676 1833 1751 βασιλικὰς
1865 1670 2291 1745 ὑποσημάνσεις,

2409 697 2583 768 λάξειε
2614 697 2889 772 πρόωρος,
2941 701 3038 752 τοῦ
3087 695 3144 751 δὲ
3197 696 3280 750 ὅτι
3336 694 3584 770 βασιλειᾷ
3612 694 3702 748 καὶ
3737 693 4067 769 ὑφαρπάζειν

2403 788 2502 856 τὴν
2561 789 2739 861 ἀρχὴν
2801 785 3003 860 μελετᾷ
3057 785 3144 840 καὶ
3204 784 3599 857 μεῖζονῆκαθ⁹
3659 782 3818 836 αὐτὸν
3853 784 4067 857 φρονεῖ,

2404 881 2743 952 περιφρονῶν
2796 880 2892 930 τοῦ
2950 875 3218 950 βασιλέως
3247 874 3336 928 καὶ
3392 875 3491 942 τὴν
3526 870 3800 947 βασιλείαν
3829 871 4064 942 εὑπροσ-

2406 966 2570 1026 ώπως
2634 963 3096 1036 ὑποποιούμενος.
3155 966 3288 1026 Τοῖς
3318 960 3374 1016 δὲ
3401 967 3511 1016 τῶν
3542 961 3759 1031 ξενικῶν
3804 958 4066 1025 Ἰταλοῖς,

2404 1053 2495 1114 οὕς
2552 1052 2618 1122 δὴ
2665 1054 2754 1108 καὶ
2811 1054 2914 1108 ὑπὸ
2965 1057 3128 1128 χεῖρα
3159 1052 3301 1125 εἶχεν
3363 1051 3391 1105 6
3454 1051 3616 1123 μὶγας
3671 1047 4065 1142 κονοσταῦλος,

2402 1149 2492 1204 καὶ
2541 1149 2688 1205 ἄλλα
2746 1147 2840 1204 ἴδι⁹
2897 1148 3026 1204 ἅττα
3057 1149 3192 1218 ἦσαν
3219 1154 3318 1217 τῆς
3351 1147 3468 1202 κατ’
3517 1146 3732 1201 ἐκείνων
3766 1146 3944 1220 ὁρμῆς
3975 1143 4066 1197 αἶ’-

2399 1239 2659 1310 τιάματα,
2699 1237 2773 1301 ὡς
2803 1239 2952 1311 παρὰ
2979 1223 3396 1304 Μουζαλώνων,
3451 1236 3542 1290 καὶ
3604 1232 3817 1307 μᾶλλον
3849 1235 3934 1306 [Ρ.
3966 1234 4060 1304 3i]

2403 1326 2519 1386 ἑνὸς
2544 1330 2639 1379 τοῦ
2669 1327 2913 1401 πρώτου,
2973 1329 3251 1397 στεροῖντο
3305 1329 3508 1393 ζῶντος
3547 1322 3817 1398 βασιλέως
3845 1326 3954 1376 τῶν
3987 1321 4067 1382 εἰς

2402 1415 2562 1490 ῥόγας
2640 1414 2825 1476 αὐτοῖς
2904 1411 3386 1487 ἂποτεταγμένων,
3445 1414 3543 1474 ’ὡς
3627 1416 4062 1487 καταφρονοῖντο

2400 1503 2480 1580 ἐφ’
2540 1505 2623 1564 οἷς
2684 1500 2957 1557 ἐδικαίουν
3015 1501 3239 1564 ἑαυτοὺς
3295 1502 3646 1572 τετιμῆσθαι,
3686 1501 3762 1560 ὡς
3793 1507 3892 1568 τῆς
3920 1500 4063 1574 πρὸς

2405 1589 2632 1665 βασιλέα
2701 1589 3083 1646 ἀποκλείοιντο
3164 1588 3473 1666 παρῥησίας
3555 1587 3870 1663 εἷσηγήσεσι
3937 1593 4062 1648 ταῖς

2400 1677 2644 1746 ἐκείνου,
2705 1678 2778 1740 ὡς
2835 1679 3119 1750 ἀτιμοῖντο
3171 1680 3268 1730 τοῦ
3325 1669 3825 1750 πρωτοϐεστιαρίου
3883 1693 4067 1748 προσ-

639 1780 754 1835 έπεὶ
823 1781 924 1834 οὐκ
997 1781 1061 1846 ἦν
1139 1777 1228 1830 τὸν
1300 1775 1418 1830 νέον
1483 1772 1709 1849 βασιλέα
1765 1776 1928 1846 χεῖρα
1981 1774 2149 1824 κινεῖν
2202 1765 2292 1821 καὶ
2395 1769 2705 1830 τάσσοντος.
2769 1765 3005 1828 Τούτοις
3058 1766 3146 1820 καὶ
3206 1769 3322 1826 τοῖς
3360 1763 3634 1826 τοιούτοις
3688 1764 3750 1817 τὸ
3783 1763 3972 1833 ξανθόν
4002 1783 4065 1817 τε

639 1868 1126 1941 ὑποσημαίνεσθαι,
1184 1869 1264 1937 τῷ
1321 1862 1624 1935 δηλωθέντι
1657 1859 1920 1937 λογοθέτῃ
1948 1859 2052 1913 τῶν
2081 1859 2294 1933 ἀγεΛῶν
2324 1896 2370 1961 Β
2401 1856 2490 1911 καὶ
2544 1856 2862 1931 ἂρειμᾶνιον
2919 1856 3077 1930 γένος
3111 1852 3500 1961 ’ἐπεθιιζόμενοι
3547 1850 3761 1924 ἕτοιμοι
3791 1852 3934 1961 ἦσαν
3963 1871 4070 1961 κα-

637 1940 1172 2012 ποιεῖνίένεδίδοσαν.
1212 1955 1268 2007 '0
1331 1953 1426 2026 μὲν
1478 1951 1569 2005 οὖν
1627 1946 2123 2025 πρωτοϐεστιάριος
2152 1947 2289 2022 πρὸς
2324 1940 2370 1961 ³³
2399 1947 2713 2022 τασφάττειν
2773 1944 3028 2013 ἐκείνους,
3083 1942 3128 1997 εἶ
3192 1943 3358 2015 μόνον
3385 1963 3472 2004 τις
3503 1961 3836 2016 παρορμῳη.
3869 1940 4065 2026 ᾼῖτίαν

636 2051 755 2111 ταῖς
783 2047 905 2122 περὶ
935 2050 1041 2100 τῶν
1103 2042 1288 2099 ἄλλων
1333 2041 1610 2120 φροντίσιν
1641 2041 1730 2111 ἦν,
1781 2039 1870 2094 καὶ
1902 2036 2158 2113 ἀσχόλως
2217 2035 2289 2090 εἶ-

2402 2032 2458 2089 δὲ
2513 2029 2669 2109 ἔσχεν
2731 2032 2806 2096 εἷς
2863 2037 3050 2104 τοῦτο,
3081 2032 3153 2093 ὡς
3203 2033 3230 2085 ὁ
3258 2035 3368 2086 τῶν
3398 2027 3628 2086 πολλῶν
3658 2028 3820 2106 λόγος
3853 2022 4002 2103 ἔχει,
4034 2029 4067 2084 6

637 2157 756 2211 χεν,
816 2116 1085 2207 ἐλευθέρῳ
1116 2116 1408 2207 χρώμενος
1467 2131 1542 2193 ὡς
1599 2126 1767 2202 μηδεν
1802 2124 2157 2200 ὑπειδόμενος
2213 2129 2292 2196 τῷ
2397 2123 2605 2178 τούτων
2661 2128 2763 2192 τῆς
2816 2117 3564 2211 φάλαγγος-ἐξηγούμενος,
3623 2118 3693 2211 ὃς
3741 2116 3830 2171 καὶ
3882 2116 4064 2211 παλαι

638 2227 948 2303 φρονήματι
981 2222 1058 2300 ἐφ’
1094 2223 1173 2284 οἷς
1204 2216 1482 2295 ἔπραττεν.

648 2361 756 2431 ιη’.
825 2357 1094 2420 Ἐπίθεσις
1158 2358 1256 2411 τοῦ
1327 2356 1555 2428 στρατοῦ
1619 2353 1756 2408 κατὰ
1816 2355 1926 2408 τῶν
1984 2347 2291 2420 Μουζαλώ-

1407 2464 1533 2499 νων.

711 2567 812 2622 Ἦν
865 2562 922 2619 δὶ
978 2563 1080 2635 ἄρα
1112 2563 1139 2616 6
1171 2562 1306 2634 πρὸς
1350 2558 1552 2615 ἐκεῖνον
1587 2560 1780 2636 φθόνος
1812 2555 2065 2613 οἶδαίνων
2103 2554 2294 2630 βαρὺς,

637 2653 726 2708 καὶ
786 2651 960 2714 δεινὸς
996 2652 1250 2727 ὑφεῖρπέν
1302 2648 1492 2720 ἐκείνῳ
1529 2650 1603 2721 μὴ
1663 2650 1724 2702 τὸ
1755 2646 1980 2703 σύνολον
2021 2645 2290 2705 ἐπαΐοντι.

640 2743 735 2797 Καὶ
798 2744 831 2808 ἡ
893 2743 1091 2813 σκῆψις
1124 2743 1231 2793 τῶν
1278 2737 1608 2813 ἀπορῥήτων
1639 2738 1755 2792 κατ’
1816 2735 2018 2792 ἰκείνου
2047 2742 2165 2798 τοῖς
2199 2736 2294 2811 ὀρ-

639 2831 957 2906 γιζομένοις
1010 2829 1086 2890 ὡς
1143 2829 1366 2897 πιθανή·
1427 2823 1646 2881 ἐδόκουν
1705 2827 1807 2900 γὰρ
1854 2825 1944 2880 καὶ
1976 2826 2107 2900 ὑπὲρ
2143 2825 2296 2900 βασι-

644 2957 976 3028 prasposita,
1013 2955 1290 3010 similiter
1319 2955 1592 3009 air-arium
1645 2954 1874 3025 regium
1931 2953 2291 3009 servandum

649 3045 778 3100 aliis
812 3044 1174 3100 concredidit
1206 3058 1370 3114 aeque
1402 3043 1663 3114 probatis
1691 3059 1756 3098 ac
1783 3042 1984 3099 multis
2004 3043 2297 3114 variisque

645 3134 1060 3206 experimentis
1081 3132 1567 3204 compertissimaa
1595 3131 1705 3187 sibi
1723 3132 1854 3186 ﬁdei
1871 3131 2296 3204 viris,quorum

2405 2211 2501 2285 μὲν
2561 2211 2926 2284 ὡρμημένους
2976 2207 3171 2270 αὐτοὺς
3228 2203 3350 2262 τότε
3410 2204 3456 2261 δ’
3514 2205 3829 2283 ἐξαφθέντας
3885 2202 4062 2260 πλέον

2400 2299 2680 2361 ἀνεθέντας
2732 2302 2831 2353 τοῦ
2887 2292 3062 2371 φόϐου
3118 2296 3208 2352 καὶ
3262 2294 3611 2371 δρασείοντας
3665 2294 3733 2349 τὰ
3788 2295 4066 2365 ἀνήκεστα

2400 2389 2452 2460 ἐξ
2507 2389 2734 2461 έτοίμου
2789 2387 3009 2459 ἠρέθισε
3060 2385 3154 2440 τὸν
3213 2387 3378 2460 φόνον
3440 2384 3813 2457 έπιτολμῆσαι
3867 2383 4065 2459 καιρὸν

2401 2475 2651 2554 ἔχοντας.
2683 2475 2788 2532 Καὶ
2820 2477 2847 2530 6
2890 2474 3057 2550 λόγος
3097 2473 3157 2529 ὲκ
3183 2478 3293 2530 τῶν
3326 2471 3542 2547 ὕστερον
3574 2473 3722 2546 φέρει
3771 2473 3834 2528 τὸ
3890 2474 4068 2526 πιθα-

2399 2568 2512 2623 νόν·
2544 2565 2668 2622 οὐδὲ
2721 2568 2824 2640 γὰρ
2885 2564 2945 2620 ἃν
2979 2561 3259 2637 ἐτόλμων,
3286 2563 3336 2619 εἴ
3367 2565 3443 2636 μή
3502 2585 3650 2626 τινας
3698 2559 4064 2639 προϐιϐάσας

2404 2657 2575 2732 εἶχόν,
2634 2653 2950 2719 ἀλλοεθνεῖς
3007 2649 3159 2716 ὄντες
3189 2653 3372 2708 καὶτὸ
3432 2651 3598 2707 πλέον
3633 2650 3919 2722 ἰπήλυδες.
3957 2653 4063 2707 Καὶ

2403 2745 2448 2800 εἰ
2498 2744 2670 2806 οὕτως
2704 2744 2854 2819 εἶχον
2910 2742 2999 2797 καὶ
3064 2743 3229 2814 μόνος
3287 2739 3527 2817 θαῤῥεῖν,
3596 2741 3802 2817 ἀνάγκη
3847 2739 4072 2805 ’παντὸς

2408 2832 2621 2908 μᾶλλον
2642 2833 2735 2888 τὸν
2766 2833 2961 2910 ἄγοντα
2994 2829 3407 2887 ὑποπτεύεσθαι.

2405 2980 2581 3050 hujus
2603 2977 2850 3050 magicis
2871 2975 3179 3034 maleﬁciis
3200 2976 3405 3032 morbo
3417 2979 3833 3048 consumptum
3856 2980 3913 3030 et
3929 2975 4070 3032 dira

2405 3068 2722 3123 immature
2743 3072 2929 3121 morte
2956 3064 3444 3129 sublatum,hunc
3464 3081 3598 3120 vero
3622 3064 4071 3121 miserabantur

2406 3174 2540 3213 mox
2571 3155 2923 3228 privandum
2955 3154 3204 3226 imperio
3225 3147 3458 3225 injuste
3480 3153 3652 3210 istius
3675 3153 3729 3208 vi
3758 3153 4067 3210 eﬁ'erentis

644 3225 760 3330 (lux
782 3227 920 3330 ,θίξξλί
959 3223 1259 3330 θξόθὶξξτυω
1323 3223 1443 3330 sive
1501 3237 1746 3330 33°33“)
1809 3226 1947 3322 Eu.“
1976 3221 2295 3326 ,Ῑοὲοίδθίδ
2327 3261 2369 3330 C
2401 3263 2463 3301 se
2493 3221 2756 3316 im-probe
2783 3260 2964 3315 supra
2996 3221 3586 3313 privatum'modum,
3621 3248 3679 3297 et
3701 3244 3854 3298 haud
3881 3244 4068 3298 dubie

649 3312 1219 3382 Hagiotheodorites;
1256 3312 1472 3381 quibus
1528 3310 1608 3365 ita
1666 3310 1940 3381 provisis,
1973 3311 2100 3383 ipse
2158 3326 2295 3366 cum

650 3402 894 3472 reliquis
939 3407 1156 3457 cmterm
1186 3400 1591 3472 gubernationi
1627 3401 1957 3472 reipublicae
1989 3406 2208 3458 attente
2237 3419 2304 3459 ac

650 3492 914 3547 studiose
936 3493 1196 3545 vacabat.
1214 3490 1529 3545 Scribeban
1541 3496 1636 3544 tur
1654 3508 1791 3562 ergo
1809 3493 1997 3547 edicta
2023 3493 2079 3546 in
2102 3509 2305 3548 omnes

651 3586 924 3637 Romanae
957 3579 1197 3635 ditionis
1228 3582 1402 3634 urbes
1435 3579 1742 3650 mittenda,
1777 3597 1910 3636 cum
1943 3582 2014 3636 ad
2038 3581 2153 3638 alia
2175 3598 2302 3654 qua:

650 3685 909 3742 presens
944 3669 1222 3741 poscebat
1251 3685 1417 3737 usus,
1453 3673 1577 3724 tum
1610 3669 1670 3724 in
1703 3670 1935 3741 primis,
1968 3672 2125 3741 quod
2171 3672 2302 3726 uni-

649 3775 815 3814 verse
861 3774 1063 3814 omnes
1098 3763 1371 3829 spectans
1423 3760 1665 3814 maximi
1722 3761 2006 3816 momenti
2063 3766 2209 3832 erat,
2241 3764 2305 3816 ut

653 3848 1084 3919 signiﬁcaretur
1103 3863 1262 3902 mors
1290 3848 1685 3918 imperatoris,
1708 3853 1765 3904 et
1787 3849 1953 3920 pueri
1972 3850 2077 3904 filii
2096 3853 2224 3920 eius
2243 3851 2300 3906 in

653 3937 844 3992 locum
878 3938 1007 4006 ejus
1031 3936 1348 4004 successio;
1373 3938 1756 3992 mandaretur
1784 3943 1850 3993 ut
1868 3954 2074 3995 omnes
2098 3941 2303 3996 stude-

652 4031 783 4081 rent
807 4041 998 4080 anovo
1025 4025 1288 4096 principe
1307 4026 1556 4096 gratiam
1584 4025 1755 4093 inire,
1779 4027 2093 4099 obliganda
2116 4029 2166 4084 ei
2192 4029 2304 4085 ﬁde

651 4119 931 4170 consueto
949 4113 1050 4168 tali
1073 4115 1378 4170 occasione
1404 4122 1794 4172 sacramento.
1828 4117 1887 4171 In
1919 4135 2048 4173 eam
2079 4125 2306 4174 senten-

647 4205 794 4258 tiam
826 4203 1291 4259 conficiebantur
1321 4221 1534 4276 magno
1567 4205 1743 4260 simul
1780 4206 1979 4262 labore
2028 4209 2131 4265 54
2169 4208 2304 4279 plu-

652 4293 807 4347 rium
845 4292 1171 4348 scribarum
1207 4292 1525 4363 diplomata
1548 4311 1793 4351 numero
1825 4312 2002 4368 quam
2024 4297 2301 4368 maximo,

652 4397 902 4452 quorum
934 4382 1144 4436 rubras
1176 4382 1666 4452 subscriptiones,
1700 4399 1827 4454 quis
1851 4384 2303 4457 manuimpera-

653 4458 953 4525 turis'ﬁeri
990 4469 1302 4538 debebant,
1349 4471 1628 4541 quoniam
1670 4488 1914 4528 manum
1965 4473 2156 4528 adhuc
2206 4490 2307 4545 per

653 4565 881 4615 aetatem
917 4575 1062 4628 puer
1093 4559 1412 4630 imperator
1467 4576 1700 4616 movere
1752 4564 1824 4616 ad
1883 4562 1940 4618 id
1999 4563 2302 4634 nequibat,

2416 3350 2591 3404 regno
2623 3332 2931 3397 inhiantia,
2957 3335 3410 3402 contemptaque
3446 3330 3681 3402 Augusti
3706 3331 3870 3401 pueri
3896 3336 4071 3388 aetate

2415 3421 2729 3495 imperium
2766 3421 2879 3477 sibi
2912 3419 3173 3476 honestis
3197 3420 3573 3491 praetextibus
3592 3422 3876 3492 parantis.
3904 3420 4078 3476 Auxi-

2417 3512 2663 3567 liaribus
2682 3527 2852 3582 porro
2873 3509 3346 3581 ltalis,peculiari
3365 3509 3562 3581 magni
3578 3509 3902 3565 conostauli
3919 3509 4080 3564 sub-

2404 3600 2580 3673 jectis
2612 3599 2995 3672 prefecturae,
3028 3607 3241 3671 praeter
3271 3597 3420 3654 alias
3451 3599 3763 3670 quaedam,
3785 3598 3874 3653 his
3898 3599 4078 3656 vehe-

2414 3689 2734 3745 mentiores
2766 3688 2999 3760 proprie
3016 3695 3182 3742 erant
3203 3686 3321 3742 odii
3344 3687 3400 3740 in
3427 3703 3561 3742 eum
3584 3693 3642 3742 et
3667 3688 3938 3742 meditati
3967 3690 4083 3745 im-

2415 3785 2586 3850 petus
2616 3793 2828 3847 cause,
2859 3776 3015 3848 quod
3049 3793 3112 3831 se
3151 3793 3186 3832 a
3215 3774 3643 3843 Muzalonibus,
3667 3781 3722 3832 et
3741 3778 4079 3847 praesertim

2415 3870 2488 3924 ab
2508 3867 2617 3922 hoc
2640 3865 2795 3922 inter
2815 3882 2914 3921 eos
2935 3869 3073 3921 natu
3100 3866 3374 3931 maximo,
3399 3866 3656 3936 privatos
3675 3865 4041 3922 memineran
4055 3872 4082 3924 t

2417 3956 2707 4012 donativis
2737 3959 2794 4009 et
2810 3954 3125 4027 stipendiis
3149 3954 3292 4026 ipsis
3314 3955 3387 4010 ab
3411 3954 3604 4010 adhuc
3625 3954 3852 4010 vivente
3876 3954 3958 4010 im
3969 3972 4076 4027 pe-

2416 4049 2609 4101 ratore
2640 4044 2913 4110 decretis,
2946 4043 3102 4114 quod
3136 4047 3655 4099 contemnerentur
3675 4043 3733 4098 in
3759 4044 3832 4099 iis
3853 4046 4082 4114 quibus

2409 4135 2574 4206 justo
2606 4150 2667 4188 se
2699 4133 2972 4189 honorari
3005 4133 3220 4188 debere
3238 4133 3696 4198 contendebant,
3719 4133 3875 4204 quod
3905 4134 4078 4190 aditu

2414 4222 2674 4294 etgratia
2696 4220 3070 4293 imperatoris
3092 4220 3573 4293 suggestionibus
3599 4221 3780 4292 hujus
3797 4223 4083 4280 exclude-

2415 4315 2641 4379 rentur,
2676 4312 2772 4368 55
2810 4310 2964 4382 quod
3002 4310 3432 4382 protovestiarii
3458 4309 3988 4382 jussuignominia
4019 4318 4078 4368 et

2414 4399 2794 4457 contumeliis
2828 4399 3224 4455 afficerentur.
3249 4398 3352 4455 His
3383 4404 3439 4454 et
3466 4398 3766 4454 similibus
3790 4400 3997 4456 rufum
4017 4406 4078 4458 et

2414 4488 2759 4543 bellicosum
2791 4504 2980 4560 genus
3001 4487 3233 4554 irritati,
3259 4489 3445 4558 parati
3467 4491 3634 4542 erant
3655 4489 3726 4542 ad
3759 4504 3862 4544 eos
3883 4490 4079 4545 truci-

2415 4577 2663 4641 dandos,
2688 4575 2737 4632 si
2769 4577 2904 4648 quis
2933 4576 3022 4632 vel
3045 4575 3354 4649 paululum
3380 4575 3731 4649 impelleret.
3763 4577 4076 4634 Jactatum

651 4649 826 4702 modo
861 4652 1187 4703 memorata
1218 4647 1524 4720 logolhetaa
1559 4649 1858 4720 agelarum
1884 4651 2156 4707 faciendae
2187 4658 2297 4708 tra-

2415 4664 2592 4722 etiam
2627 4636 2718 4721 est
2749 4636 3021 4722 sermone
3045 4636 3372 4722 multorum
3405 4636 3612 4722 ducem
3647 4666 3821 4722 istius
3854 4667 4078 4724 Italica:

650 4737 1207 4793 debantur.Interim
1227 4738 1709 4807 protovestiarius
1728 4741 2004 4796 curandis
2019 4741 2151 4796 aliis
2175 4759 2300 4813 qua:

652 4843 796 4881 usus
846 4827 1125 4898 poscebat
1159 4843 1417 4898 praesens
1450 4845 1656 4884 secure
1689 4846 1754 4885 ac
1813 4830 1995 4887 libere
2034 4833 2298 4900 vacabat,

651 4915 846 4971 nullas
878 4915 1222 4988 suspicatus
1253 4916 1502 4974 insidias
1528 4918 1586 4975 in
1620 4936 1682 4976 se
1704 4921 2032 4992 comparari
2052 4923 2302 4995 negotiis

653 5005 906 5078 publicis
937 5007 1255 5062 intentum.

944 5140 1024 5196 l8.
1042 5141 1254 5198 Seditio
1284 5145 1569 5216 βαρείαις
1590 5145 1649 5199 in
1682 5125 2012 5203 Mumlones.

721 5257 1111 5316 Tumescebat
1137 5263 1330 5316 autem
1364 5261 1559 5333 gravis
1586 5267 1761 5333 atque
1791 5268 1958 5320 atrox
1979 5265 2036 5321 in
2059 5283 2191 5322 eum
2216 5268 2298 5325 in-

648 5348 828 5413 vidia,
857 5347 1126 5421 clamque
1149 5367 1392 5423 serpens
1419 5353 1622 5408 eadem
1648 5353 1972 5425 periculose
1993 5356 2296 5429 gliscebat,

649 5438 776 5509 ipso
809 5438 950 5492 nihil
986 5441 1160 5509 plane
1182 5442 1488 5497 sentiente.
1518 5448 1580 5497 Et
1605 5451 1730 5499 erat
1755 5462 1978 5502 arcane
2011 5449 2068 5503 in
2100 5449 2296 5522 ipsum

648 5528 745 5581 ira:
774 5543 950 5582 causa
979 5528 1227 5584 infensis
1262 5529 1344 5585 illi
1377 5532 1719 5603 probabilis.
1747 5534 2114 5593 Videbantur
2142 5540 2297 5595 enim

647 5618 818 5688 ipsis,
846 5635 906 5673 se
937 5618 1057 5673 zelo
1085 5619 1241 5675 ﬁdeli
1275 5621 1363 5690 agi
1397 5637 1538 5693 erga
1568 5623 1951 5696 imperatores
1973 5633 2196 5700 patrem
2231 5647 2298 5686 ac

648 5706 862 5776 ﬁlium,
893 5724 1147 5781 quorum
1180 5709 1349 5766 illum
1382 5711 1620 5784 quidem
1651 5717 1941 5787 putabant
1987 5729 2296 5791 procurate

2413 4754 2723 4826 phalangis
2755 4760 2982 4827 partem
3008 4756 3182 4810 istius
3200 4753 3383 4826 culpis
3406 4753 3763 4810 conscivisse
3785 4771 3905 4812 non
3936 4774 4078 4829 par-

2410 4859 2564 4913 vam,
2598 4843 2816 4916 quippe
2847 4843 2949 4915 qui
2981 4860 3123 4900 suos
3153 4843 3289 4900 olim
3315 4843 3374 4898 in
3401 4843 3550 4899 hinc
3575 4844 3791 4899 caedem
3820 4861 4072 4916 pronus,

2411 4937 2552 4988 tunc
2585 4938 2783 4989 autem
2816 4933 3121 4989 occasione
3151 4949 3429 4989 accensos
3454 4950 3624 5003 nova,
3650 4939 3810 4988 metu
3835 4935 4078 4992 solutos

2412 5028 2466 5078 et
2496 5023 2813 5092 gestientes
2845 5023 3039 5079 dirum
3073 5022 3305 5079 facinus
3327 5026 3584 5094 patrare,
3612 5037 3672 5078 re
3686 5028 3896 5095 parata
3917 5024 4082 5082 inci-

2413 5112 2624 5168 taverit
2655 5117 2718 5168 ut
2739 5128 3050 5184 erumpere
3097 5128 3214 5184 quo
3261 5112 3705 5168 destinaveraut
3753 5114 4077 5172 auderent.

2412 5201 2520 5265 Qui
2551 5201 2791 5273 quidem
2817 5216 3022 5257 rumor
3044 5216 3112 5257 ex
3143 5201 3215 5258 iis
3247 5217 3375 5274 quae
3405 5205 3720 5258 consecuta
3751 5207 3892 5258 sunt
3927 5206 4080 5261 veri-

2411 5290 2625 5347 similis
2655 5292 2721 5346 δι
2754 5308 2767 5346 :
2803 5307 2994 5364 neque
3043 5290 3199 5347 enim
3227 5291 3357 5348 ausi
3389 5296 3620 5347 tantum
3675 5297 3901 5361 essent,
3955 5295 4079 5351 nisi

2409 5381 2540 5436 freti
2564 5382 2905 5438 auctoribus
2925 5385 2981 5436 et
3005 5380 3270 5438 instincti
3295 5380 3784 5454 persuasionibus
3808 5381 4073 5453 idoneis,

2409 5469 2748 5542 alienigenis
2779 5479 2835 5528 et
2864 5469 3132 5543 plerique
3164 5471 3420 5527 advenae:
3454 5487 3571 5543 quo
3605 5475 3764 5526 statu
3789 5470 4078 5531 homines

2410 5559 2460 5615 si
2491 5559 2574 5614 vel
2610 5561 2870 5632 cogitent
2915 5560 3033 5616 vim
3083 5560 3319 5628 inferre,
3376 5577 3622 5633 prorsus
3670 5575 3950 5618 necessse
3991 5565 4078 5620 sit

2410 5649 2702 5722 suspicari
2735 5649 2825 5723 agi
2857 5650 3064 5723 utique
3086 5650 3160 5708 ad
3191 5650 3252 5707 id
3308 5649 3472 5725 ipsos
3528 5648 3854 5723 impulsore
3916 5669 4075 5726 quo-

2406 5739 2589 5814 piam.
3374 5761 3382 5768 ι
