4212 6442
227 395 329 449 489

1285 401 1382 453 DE
1418 396 1786 452 MICHAELB
1823 394 2270 451 PALBOLOGO
2304 397 2438 450 LIB.
2482 398 2527 448 Ι.

3517 400 3620 453 490

228 519 327 574 ιθ’.
387 519 577 579 ’Όπως
628 520 773 592 παρᾶ
823 523 922 573 τοῦ
980 523 1209 595 σρτατοῦ
1267 517 1552 591 ἐτολμήθη
1618 519 1645 571 ὁ
1700 517 1865 594 φόνος
1896 520 1950 587 Α
1979 519 2171 589 καίμὴ
2207 517 2514 595 φαινομένῳ
2559 521 2637 589 τῷ
2672 516 2907 593 βασιλεῖ,
2938 520 3027 574 καὶ
3083 518 3433 576 ἐπενεκάλουν
3488 523 3624 576 κατὰ

778 596 891 651 τοῖς
920 590 1304 659 Μοῦζάλωσιν.

291 696 443 756 Τέως
473 694 519 749 δ’
568 694 658 749 οῦν
691 697 725 764 ἡ
757 695 843 751 ἐπὶ
893 702 971 767 τῷ
1009 697 1370 770 άποιχομένῳ
1402 694 1589 765 έννατη
1633 693 1868 767 κειμένῳ

223 792 427 859 παρῆν,
454 786 545 840 καὶ
606 781 713 839 ἔδει
760 787 858 852 τῆν
914 788 1134 857 μνήμην
1184 783 1333 859 ἄγειν
1384 784 1575 856 ὶκείνῳ
1623 784 1757 838 κατὰ
1805 786 1867 837 τὸ

223 875 445 945 σύνηθες
481 918 493 929 .
548 875 891 947 ’Δνέρκονται
956 875 1138 929 τοίνυν
1193 875 1269 936 εἱς
1326 876 1426 943 τῆν
1483 878 1589 928 τῶν
1647 874 1865 927 Σωσάν-

224 962 363 1035 δρων
448 966 621 1035 μονὴν
656 1008 671 1033 ,
753 962 892 1017 ὅπου
962 964 1049 1017 καὶ
1108 965 1135 1018 ὁ
1193 965 1380 1035 νεκρὸς
1444 966 1539 1016 τοῦ
1596 962 1865 1035 βασιλέως

223 1053 463 1127 ἐχόμενα
506 1058 602 1107 τοῦ
659 1055 860 1128 πατρὸς
910 1056 1162 1121 τεθαπτο,
1212 1058 1319 1107 τῶν
1380 1053 1691 1127 ἱερωμένων
1750 1054 1865 1106 ὅσοι

220 1148 464 1213 παρῆσαν
538 1141 727 1197 ἐκεῖσε.
809 1143 1163 1216 ’Λνέρχονται
1240 1139 1296 1195 δὲ
1354 1140 1443 1195 καὶ
1507 1143 1556 1194 οἱ
1615 1140 1666 1193 ἐν
1722 1139 1864 1195 τέλει

205 1232 434 1298 πάντες,
484 1230 661 1305 χωρὶς
748 1228 793 1285 δ’
846 1230 1061 1285 ἐκείνων
1135 1230 1224 1285 καὶ
1300 1234 1405 1285 τῶν
1484 1233 1749 1303 γυναικῶν
1814 1230 1867 1282 αἱ

216 1320 560 1394 προύχουσαι
604 1322 899 1394 ματρῶναι,
950 1319 1038 1374 καὶ
1088 1326 1191 1373 πᾶν
1244 1320 1366 1373 ὅσον
1422 1320 1487 1387 ἦν
1541 1318 1864 1391 ὑπηρετικὸν

214 1417 333 1471 τοῖς
377 1415 656 1483 κρατοῦσι.
710 1411 787 1467 Τὸ
822 1413 1006 1482 μέντοι
1060 1432 1119 1485 γε
1176 1409 1568 1484 στρατιῶτικὸν
1620 1408 1678 1463 ἐκ
1726 1428 1865 1482 προ-

214 1497 365 1561 νοίας
393 1499 480 1553 καὶ
535 1498 747 1568 μᾶλλον
797 1500 945 1553 κάτω
993 1499 1115 1574 περὶ
1165 1500 1253 1553 τὸν
1310 1496 1535 1573 βασιλέα
1578 1493 1865 1569 ἐγκαταλέο

218 1586 433 1645 λειπτο.
476 1589 564 1649 Ὠς
606 1591 735 1661 γοῦν
781 1589 1001 1642 πανοικὶ
1047 1588 1136 1642 καὶ
1191 1589 1243 1642 οἱ
1272 1585 1635 1657 Μουζάλωνες
1678 1582 1867 1655 ἤισαν,

217 1674 356 1730 ἰδίαν
386 1677 527 1751 περᾶ
574 1676 702 1738 τοὺς
760 1673 968 1738 ἄλλους
1011 1678 1246 1751 στοργήν
1302 1677 1440 1750 πρὸς
1499 1675 1591 1729 τὸν
1640 1673 1867 1738 θανόντα

216 1764 673 1836 ἐπιδεικνύμενοι,
729 1764 852 1819 τότε
906 1765 968 1819 τὸ
1028 1763 1442 1838 στρατιωτικὸν,
1499 1760 1864 1839 διαφερόντως

218 1851 277 1909 δὲ
318 1854 381 1907 τὸ
426 1851 697 1908 Ἰταλικόν
771 1874 829 1908 τε
890 1854 980 1908 καὶ
1056 1852 1257 1926 ξενικὸν
1294 1897 1308 1922 ,
1366 1850 1697 1925 ἁρπάσαντες
1770 1851 1861 1905 τὸν
1893 1890 1941 1957 Β

288 1943 300 1957 .
355 1944 368 1957 .
512 1944 525 1957 .
630 1943 646 1957 ε
755 1943 770 1957 .
838 1940 851 1957 ,
954 1944 977 1957 λ
1166 1942 1178 1957 .
1266 1942 1286 1957 ς
1400 1944 1411 1957 .
1678 1941 1691 1957 .
1817 1941 1829 1957 ι

216 1943 431 2018 καὶρὸν,
481 1944 532 1996 οἱ
591 1943 687 2015 μὲν
744 1940 1038 2015 ἀμύνεσθαι
1093 1942 1223 2004 τοὺς
1266 1942 1614 2012 λυπήσαντας
1672 1941 1864 2016 ὀρεγό-

219 2052 394 2103 μενοι,
447 2032 500 2084 οἱ
546 2028 593 2085 δ’
642 2029 971 2108 ἐφηδόμενοι
1022 2036 1166 2103 τοῖς,
1218 2030 1263 2086 εί
1314 2029 1591 2101 δυνηθεῖεν
1642 2029 1862 2098 ἐκεῖνοι,

211 2120 736 2195 τολμηθησομένοις
794 2124 932 2196 (ταῖς
994 2124 1098 2197 γὰρ
1166 2120 1540 2195 καινοτομίαις
1599 2119 1680 2177 ἀεί
1732 2140 1866 2175 ποτε

216 2210 503 2285 χαίρουσιν
561 2208 862 2285 ἄνθρωποι,
942 2212 1032 2265 καὶ
1112 2210 1236 2286 ῥᾷόν
1308 2230 1391 2272 τις
1467 2207 1594 2266 ἰδὼν
1679 2209 1863 2263 καινὸν

215 2301 383 2356 κακὸν
442 2298 691 2365 τελεσθὲν
751 2298 1012 2371 ἐφησθείη
1080 2305 1197 2362 τοῖς
1262 2302 1523 2355 παθοῦσιν
1578 2298 1614 2369 ἢ
1668 2297 1863 2375 ἀγαθὸν

215 2389 506 2459 συνησθείη
562 2395 683 2452 τοῖς
742 2389 1125 2462 ἆπολαύσασι),
1157 2395 1448 2465 συμμιγεῖς
1507 2390 1595 2459 [Ρ
1621 2390 1739 2461 32]
1787 2392 1868 2459 τῷ

216 2476 423 2550 πλήθει
456 2478 739 2554 γενόμενοι
787 2480 966 2552 φωνὸς
1014 2479 1210 2557 ῆφίουν
1260 2476 1434 2539 δεινὰς
1489 2476 1726 2532 κάτωθεν
1760 2474 1869 2530 ἅνω

290 2673 380 2727 19.
418 2674 485 2730 Ut
512 2672 819 2728 [uniones
845 2672 911 2727 ab
943 2676 1193 2727 exarata
1224 2671 1505 2740 interfecti
1530 2669 1665 2725 sint.

285 2762 455 2818 Tunc
488 2763 855 2818 commodum
888 2776 1081 2817 nonus
1112 2760 1380 2817 illuxerat
1408 2777 1441 2815 a
1471 2764 1657 2815 morte
1686 2758 1865 2829 impe~

215 2850 435 2907 ratoris
475 2851 623 2918 dies,
656 2867 771 2922 quo
803 2851 931 2920 ejus
964 2851 1247 2905 memoria
1268 2848 1567 2905 consuetis
1586 2845 1863 2903 honorari

213 2942 433 2997 ritibus
461 2940 729 2997 debebat.
753 2939 1116 2995 Conveniunt
1146 2940 1325 3011 igitur
1344 2939 1403 2995 in
1431 2938 1862 2994 Sosandrorum

212 3030 667 3099 monasterium,
687 3029 786 3084 ubi
819 3045 1034 3101 corpus
1066 3028 1435 3101 imperatoris
1453 3029 1620 3098 juxta
1640 3030 1863 3097 patrem

211 3118 518 3192 sepultum
551 3119 763 3184 fuerat,
796 3122 1083 3189 quantum
1107 3124 1233 3173 erat
1254 3118 1333 3173 ibi
1358 3133 1658 3173 sacrorum
1682 3114 1866 3170 homi-

1977 611 2085 659 τῶν
2116 603 2275 674 δῆθεν
2327 607 2589 678 ἀπίστων,
2638 607 2765 670 τοὺς
2813 607 3188 677 Μουζάλωνας
3236 609 3620 682 αἰνιττόμενοι,

1980 693 2144 763 ζῆλον
2210 695 2353 771 ὑπὴρ
2415 697 2581 750 αὐτοῦ
2651 696 2739 751 καὶ
2796 702 2893 751 τοῦ
2950 696 3135 771 γένους
3196 697 3621 772 ένδεικνυμένοις

1979 782 2215 847 ἐοικότες
2248 786 2470 860 θερμόν.
2522 785 2619 839 Καὶ
2672 783 2760 839 ’ίνα
2823 790 2896 859 μὴ
2954 790 3204 862 φθάσειαν
3264 787 3457 843 ἐκεῖνοι
3516 789 3622 860 πρὸ

1975 877 2071 927 τοῦ
2128 879 2316 937 παθεῖν
2386 872 2692 946 δράσαντες,
2748 871 2981 937 δεδιότες
3063 874 3221 945 δῆθεν
3295 876 3617 932 ἐπέσπενδον

1975 962 2074 1028 τὴν
2122 961 2203 1015 ἐπ’
2255 962 2490 1024 ἐκείνους
2538 967 2633 1017 τοῦ
2688 961 2953 1037 βασιλέως
3000 964 3335 1040 έγχώρησιν,
3382 968 3470 1020 καὶ
3525 967 3623 1039 ἅμ’

1977 1047 2206 1119 ἐδήλουν
2254 1052 2333 1105 ὡσ
2390 1050 2536 1125 εἶ’περ
2587 1053 2614 1105 ὁ
2670 1051 2969 1125 βασιλεύων
3028 1053 3233 1130 ἐφήσει·
3299 1056 3342 1108 εἰ
3403 1053 3449 1109 δ’
3502 1055 3617 1123 οὖν,

1976 1136 2102 1191 ἀλλ’
2154 1138 2347 1194 ἐκεῖνοι
2395 1140 2485 1193 καὶ
2536 1138 2707 1203 οὕτως
2744 1139 3162 1215 ἐπιδραμοῦνται
3206 1144 3290 1197 καἱ
3343 1145 3617 1219 καταπρά-

1974 1230 2173 1299 ξονται.
2234 1233 2409 1283 Ταῦτα
2469 1230 2742 1299 Αεγόντων
2801 1231 2913 1302 ἅμα
2967 1233 3053 1285 καὶ
3115 1230 3519 1305 θομυϐοὗντων,
3567 1234 3619 1287 οἱ

1972 1319 2070 1385 τὴν
2146 1315 2436 1390 βασιλικὴν
2501 1318 2747 1395 φυλακὴν
2824 1318 3295 1395 ἐπιτετραμμένοι,
3374 1320 3621 1392 δηλωοέν

1974 1406 2240 1468 κάκείνοις
2267 1408 2329 1461 τὸ
2368 1405 2658 1481 τόλμημα,
2709 1410 2743 1478 ἢ
2789 1409 2878 1463 καὶ
2929 1410 3075 1484 παρὰ
3119 1416 3279 1466 τοῦτο
3330 1413 3620 1486 πρότερον,

1974 1493 2009 1564 ἤ
2063 1498 2170 1567 μὴν
2228 1498 2342 1569 ἅμα
2390 1500 2468 1568 τῷ
2527 1492 2774 1573 θορυϐεῖν
2829 1497 3064 1561 ἐκείνους
3124 1499 3389 1562 δείσαντες
3440 1499 3620 1570 δῆθεν,

1974 1583 2251 1660 ἐξάγουσιν
2281 1584 2437 1650 εὐθὺς
2462 1586 2527 1642 τὸ
2571 1583 2813 1656 παιδίον,
2873 1588 3010 1643 κατὰ
3065 1586 3341 1645 δυσωπίαν
3400 1589 3621 1660 ἐλπιζο-

1977 1674 2145 1746 μένην
2192 1674 2267 1737 ὡς
2313 1673 2547 1737 ἐκείνους
2600 1673 2879 1752 ἰμφαίνειν
2926 1681 3215 1740 ποιοῦντας
3264 1679 3475 1756 ἐμφανῆ
3524 1678 3616 1734 τὸν

1975 1767 2311 1835 κρατοῦντα.
2362 1764 2450 1826 Ὦς
2510 1760 2567 1819 δὶ
2624 1764 2881 1843 φανέντος
2936 1771 3034 1821 τοῦ
3092 1768 3220 1822 νέοσ
3270 1768 3359 1822 καὶ
3420 1769 3616 1842 μείζων

1974 1847 2138 1926 ᾔρετο
2195 1854 2230 1921 ὴ
2292 1854 2446 1930 φωνὴ
2500 1852 2592 1908 καὶ
2660 1854 3015 1929 ἀτακτότερον
3091 1852 3405 1930 ἐθορύϐουν,
3472 1857 3619 1930 χειρί

1970 1939 2278 1997 κατανεύειν
2334 1942 2385 1996 οἱ
2454 1941 2589 2020 ἀμφ’
2667 1941 2869 1999 ἐκεῖνον
2930 1940 3262 2001 διδάσκουσι.
3320 1946 3395 2003 Τὸ
3456 1944 3501 2001 δ’
3550 1949 3616 2016 ῆν

1973 2030 2086 2102 ἅμα
2116 2032 2310 2106 κροῦον
2362 2030 2453 2085 καὶ
2502 2031 2638 2101 πρὸς
2693 2031 2994 2110 ἀμφότερα,
3048 2032 3138 2088 ὅτε
3182 2054 3242 2089 τε
3293 2034 3616 2091 ἆναστελλοι

1972 2120 2063 2174 τὸν
2097 2113 2328 2194 θόρυϐον
2359 2119 2452 2174 καὶ
2500 2120 2583 2175 ὅτι
2641 2118 2921 2197 έκχωροίη
2956 2118 3159 2185 διδούς.
3195 2124 3297 2179 Καὶ
3351 2129 3469 2186 τοῖς
3524 2127 3619 2197 μὶν

1973 2206 2098 2283 περὶ
2125 2207 2219 2263 τὸν
2249 2206 2367 2263 νέον
2400 2209 2643 2284 ἄρχοντα
2689 2210 2871 2265 ἱκανὸν
2920 2208 2995 2272 εἷς
3046 2210 3354 2286 ἀπολογίαν
3385 2212 3437 2275 ἐς
3468 2212 3617 2268 ὕστε-

1976 2316 2068 2373 ρον
2127 2297 2264 2374 πρὸς
2317 2295 2447 2361 τοὺς
2502 2296 2774 2373 ἄρχοντας
2827 2298 2862 2368 ἠ
2913 2304 3013 2369 τῆς
3072 2300 3258 2375 χειρὸς
3308 2304 3625 2367 κατάνευσις

1976 2382 2388 2457 ὑπολέλειπτο,
2443 2385 2518 2448 ὡς
2578 2383 2737 2451 δῆθεν
2806 2384 3074 2463 έπισχεῒν·
3122 2387 3475 2462 οἷκονομοῦσι
3529 2392 3621 2445 τὸν

1976 2468 2231 2548 θόρυϐον,
2276 2479 2393 2536 τοῖς
2454 2471 2512 2529 δὲ
2564 2475 2655 2530 καὶ
2708 2473 2829 2531 λίαν
2890 2475 3084 2550 ὁρκοῦν
3138 2474 3419 2551 ἐνομίζετο
3486 2479 3623 2552 πρὸς

1973 2665 2217 2738 impelli,
2269 2666 2534 2738 nihilque
2556 2667 2792 2723 studere
2831 2666 2991 2723 aliud
3042 2668 3157 2724 nisi
3219 2685 3623 2741 praeoccupare

1973 2755 2403 2827 destinatajam
2437 2756 2510 2811 ab
2542 2756 2671 2812 istis
2702 2757 2833 2812 dira
2873 2757 2931 2812 in
2963 2756 3289 2828 principem
3339 2758 3619 2825 facinora,

1971 2848 2226 2919 dareque
2256 2863 2492 2919 operam
2544 2854 2605 2902 ut
2669 2847 2875 2903 nefarii
2929 2847 3187 2904 latrones
3245 2848 3409 2920 prius
3459 2850 3620 2919 juste

1974 2936 2275 3009 patiantur
2304 2953 2371 2993 ea
2400 2936 2617 3009 quibus
2647 2937 2809 3009 digni
2845 2942 3005 3004 sunt,
3044 2954 3219 3009 quam
3283 2938 3623 2995 immaniter

1974 3030 2370 3098 exsequantur
2400 3042 2527 3098 quas
2562 3026 2620 3081 in
2654 3026 2939 3098 principis
2970 3030 3026 3082 et
3055 3026 3389 3098 reipublicae
3426 3028 3619 3100 perni-

1975 3115 2124 3171 ciem
2177 3116 2449 3186 cogitant.
2500 3115 2617 3171 Hac
2648 3115 2927 3171 benevola
2946 3116 3017 3171 de
3038 3116 3230 3172 salute
3252 3116 3625 3188 imperatoria

208 3222 355 3262 num
383 3224 398 3274 ;
432 3205 787 3261 conveniunt
816 3210 873 3260 et
920 3205 1298 3277 magistratus
1329 3220 1555 3273 omnes,
1590 3202 1865 3257 mulieres
1896 3247 1947 3314 C
1977 3203 2374 3259 sollicitudine
2406 3207 2791 3261 monstranda
2819 3205 2876 3259 id
2913 3205 3186 3277 agebant,
3220 3210 3285 3260 ut
3313 3221 3621 3263 assensum

218 3313 261 3314 κ.
302 3294 1376 3314 ___s___:_____.12-_:r_u__A_.-1____
1423 3298 1541 3314 ιημ
1576 3290 1855 3314 ---ΞΔ-.-ΣΔ
1981 3294 2101 3314 -2---
2134 3293 2187 3314 .‘_
2213 3294 2322 3314 μὶ..-
2354 3297 2833 3314 ---ΑμῃΑῌιιΑμι
2877 3294 3140 3314 -ὶε--μ-ηι
3199 3296 3356 3314 μη-κ3
3395 3296 3515 3314 κακέ·
3564 3313 3569 3314 ,

206 3310 449 3367 quoque
465 3294 667 3365 prima:
686 3294 995 3365 dignitatis
1015 3310 1081 3349 ac
1103 3298 1403 3359 matronae,
1422 3298 1547 3347 tum
1571 3290 1859 3363 quidquid

204 3385 266 3440 in
300 3383 591 3455 obsequio
621 3382 953 3454 principum
984 3388 1128 3439 erat.
1158 3385 1230 3437 At
1256 3381 1539 3437 militares
1588 3380 1762 3452 capia:
1791 3380 1861 3435 de

206 3473 516 3529 industria
546 3471 718 3539 infra,
741 3471 909 3543 quasi
925 3472 992 3527 ad
1013 3470 1338 3527 custodiam
1354 3470 1505 3525 circa
1518 3469 1861 3541 principem,

205 3567 353 3617 sunt
385 3561 617 3617 relictae.
654 3560 725 3616 Ut
748 3564 942 3616 autem
974 3560 1086 3632 ipsi
1119 3576 1349 3632 quoque
1372 3558 1703 3615 Muzalones
1724 3572 1858 3612 cum

206 3649 783 3721 universisipsorum
802 3649 1041 3705 familiis
1060 3650 1263 3705 eodem
1278 3649 1860 3705 ascenderantosten-

203 3742 405 3797 tande
436 3740 636 3795 studio
660 3740 830 3812 quasi
853 3739 1158 3812 precipum
1180 3740 1489 3811 cujusdam
1511 3739 1773 3811 ipsorum
1798 3737 1857 3791 in

195 3830 551 3885 defunctum
568 3828 893 3896 charitatis,
910 3833 1050 3885 tunc
1062 3828 1375 3895 exercitus,
1390 3827 1710 3900 praesertim
1725 3842 1857 3882 vero

198 3920 422 3976 Italicae
452 3928 508 3976 et
539 3920 853 3976 auxiliares
883 3925 1087 3976 exteras
1143 3920 1341 3991 copia,
1400 3923 1632 3991 captata
1686 3933 1857 3974 occa-

195 4010 395 4076 sione,
425 4011 641 4082 partim
675 4008 919 4065 ultionis
949 4009 1020 4065 ab
1038 4008 1110 4065 iis
1138 4007 1860 4081 quilaeserantexpetendaa

198 4098 837 4165 desiderioinstinctaa,
870 4099 1079 4170 partim
1110 4097 1488 4154 conniventes
1505 4096 1858 4152 audentibus

200 4190 471 4261 quadam
502 4189 605 4246 56
639 4186 950 4244 dulcedine
979 4188 1254 4244 novitatis
1284 4192 1341 4243 et
1370 4186 1705 4242 curiositate
1735 4184 1859 4257 spei

198 4278 390 4335 mista
421 4293 558 4335 mox
570 4277 803 4334 videndi
826 4276 961 4349 quis
984 4274 1858 4349 responderetsuccessusanci-

198 4366 436 4439 pitibus
468 4364 719 4422 aliorum
746 4364 972 4437 cceptis,
1004 4368 1061 4421 et
1090 4382 1161 4420 an
1176 4381 1292 4421 non
1310 4364 1456 4421 forte
1473 4363 1694 4435 aliquid
1716 4361 1858 4435 ipsis

199 4455 351 4513 utile
382 4455 664 4528 privatim
684 4472 715 4511 ο
746 4455 944 4511 statim
968 4454 1498 4526 perturbandarum
1520 4452 1860 4509 confusione

197 4560 409 4601 rerum
442 4545 697 4601 oriretur
735 4544 1078 4617 (inopinatis
1108 4543 1261 4600 enim
1294 4543 1721 4601 mutationibus
1741 4542 1859 4597 fere

1976 3294 2105 3364 ejus
2134 3293 2194 3347 in
2212 3294 2329 3349 vim
2347 3310 2526 3365 quam
2549 3297 2837 3367 parabant
2868 3294 3164 3365 elicerent,
3190 3296 3360 3367 quasi
3384 3296 3620 3367 cupien-

1974 3387 2060 3439 tes
2091 3399 2225 3438 cum
2260 3383 2412 3439 bona
2443 3384 2572 3454 ejus
2600 3384 2767 3439 venia
2797 3385 2953 3456 quod
3011 3386 3389 3442 decreverant
3447 3386 3617 3457 perii-

1974 3487 2122 3540 cere,
2158 3471 2335 3527 simul
2368 3472 2835 3543 subindicantes,
2868 3473 2915 3529 si
2937 3473 3211 3547 princeps
3234 3474 3537 3530 remissior
3557 3475 3617 3531 in

1968 3559 2336 3632 indulgentia
2366 3566 2674 3633 perstaret,
2704 3578 2767 3618 se
2824 3567 3022 3619 tamen
3055 3579 3441 3635 procursuros
3499 3579 3615 3635 quo

1970 3650 2355 3717 intenderent,
2390 3655 2446 3707 et
2475 3651 2765 3707 destinata
2797 3656 3251 3724 perpetraturos.
3285 3652 3452 3708 Talia
3495 3652 3613 3708 illis

1969 3738 2439 3809 vociferantibus,
2472 3739 2648 3797 simul
2680 3745 2737 3798 et
2765 3741 3291 3811 tumultuantibus,
3321 3740 3361 3797 ii
3394 3741 3613 3815 quibus

1967 3829 2289 3886 commissa
2318 3830 2600 3902 principis
2627 3830 2896 3887 custodia
2915 3830 3125 3903 luerat,
3143 3831 3265 3888 sive
3284 3848 3318 3888 a
3334 3831 3609 3903 quopiam

1967 3917 2039 3973 de
2070 3932 2129 3973 re
2160 3933 2290 3989 qua
2321 3917 2603 3991 agebatur
2634 3919 2797 3992 prius
2826 3918 3025 3988 edicti,
3051 3920 3171 3976 sive
3212 3919 3327 3977 sibi
3365 3919 3511 3992 ipsis
3549 3920 3607 3976 in

1967 4010 2129 4063 tanto
2160 4006 2418 4063 tumultu
2453 4011 2803 4080 metuentes,
2832 4010 3092 4066 educunt
3120 4025 3370 4083 puerum
3411 4011 3610 4082 Augu-

1966 4101 2148 4164 stum,
2172 4112 2288 4168 prae
2319 4113 2381 4152 se
2412 4097 2661 4153 ferentes
2694 4098 2750 4153 id
2784 4114 2846 4154 se
2875 4113 3045 4171 agere
3076 4114 3179 4171 spe
3199 4097 3497 4171 placandae
3528 4114 3613 4154 se-

1968 4185 2207 4243 ditionis
2218 4189 2457 4258 aspectu
2471 4190 2528 4242 et
2540 4187 2871 4243 reverentiae
2885 4187 3188 4260 principis,
3203 4204 3329 4244 com
3338 4188 3615 4260 ponendi-

1967 4290 2081 4346 que
2104 4279 2249 4331 nutu
2272 4276 2401 4347 ejus
2422 4275 2482 4331 in
2501 4276 2852 4333 modestiam
2871 4276 3165 4349 inquietos
3187 4277 3413 4334 furores
3427 4277 3615 4350 plebis

1970 4364 2061 4419 51
2100 4364 2370 4421 effrenis.
2389 4364 2667 4421 Utautem
2686 4365 2914 4438 objecto
2938 4365 3191 4438 publicis
3204 4366 3615 4439 conspectibus

1966 4451 2408 4510 adolescentulo
2441 4454 2631 4526 major
2656 4452 2933 4511 sublatus
2958 4459 3048 4511 est
3071 4456 3293 4512 clamor
3321 4462 3379 4513 et
3426 4455 3614 4529 impo-

1966 4543 2190 4599 tentius
2218 4542 2680 4612 bacchabantur,
2712 4552 3035 4617 suggerunt
3065 4544 3116 4601 ei
3137 4545 3233 4616 qui
3255 4544 3614 4617 circaipsum

199 4650 446 4708 semper
472 4634 841 4690 delectantur
862 4633 1158 4702 homines;
1178 4638 1235 4689 et
1260 4633 1489 4689 facilius
1508 4632 1639 4703 quis
1660 4632 1865 4688 videns
1897 4622 1943 4686 D
1972 4637 2404 4691 erantutmanu
2420 4635 2709 4692 innueret.
2724 4635 3066 4692 Eratautem
3081 4636 3134 4692 id
3151 4635 3387 4709 signum
3404 4652 3618 4708 anceps

206 4741 438 4781 novum
470 4724 796 4797 quodpiam
829 4724 887 4779 in
902 4724 1133 4796 aliquos
1163 4720 1871 4795 malumingruere,mali-

202 4829 399 4887 gnum
424 4814 499 4869 de
529 4812 722 4868 aliena
752 4813 1083 4869 calamitate
1112 4812 1322 4869 sentiat
1350 4812 1633 4884 gaudium
1693 4828 1868 4883 quam

202 4905 364 4960 bono
396 4903 733 4959 {ruentibus
754 4901 1117 4975 colletetur),
1134 4908 1293 4971 tunc,
1307 4901 1573 4975 inquam,
1590 4901 1872 4957 militares

209 4994 539 5066 utriusque
569 4993 802 5065 generis
836 4993 1037 5065 copiae,
1088 4994 1301 5066 partim
1344 4994 1626 5062 furentes,
1661 4990 1870 5062 partim

206 5084 479 5139 faventes
514 5081 871 5151 furentibus,
918 5081 1071 5155 plebi
1104 5082 1288 5138 nihilo
1344 5081 1547 5137 mitius
1603 5080 1873 5135 animatae

206 5174 444 5246 passim
480 5170 693 5238 mistaa,
720 5172 960 5229 insanos
992 5170 1339 5228 attollebant
1357 5170 1641 5227 clamores
1657 5186 1725 5226 ex
1754 5170 1873 5225 imo

205 5267 265 5318 et
295 5260 477 5319 atriis
509 5260 711 5333 palatii
736 5278 978 5332 sursum
1007 5269 1060 5317 et
1090 5260 1373 5318 fenestras
1390 5276 1614 5327 versus,
1650 5258 1748 5314 ubi
1771 5259 1875 5315 im-

208 5356 581 5426 peratorem,
613 5351 712 5423 qui
738 5367 854 5408 non
879 5350 1217 5424 apparebat,
1237 5367 1362 5407 esse
1379 5351 1685 5423 putabant,
1708 5350 1875 5422 depo-

210 5446 457 5498 scentes
483 5440 561 5496 ad
594 5457 825 5513 pcenam
850 5440 1126 5513 perfidos,
1148 5457 1262 5513 quo
1281 5441 1519 5497 nomine
1543 5438 1878 5495 Muzalones

208 5531 582 5595 innuebant,
602 5529 795 5586 zelum
825 5531 888 5587 in
913 5535 1241 5603 Augustum
1262 5535 1317 5587 et
1335 5546 1522 5604 genus
1547 5530 1879 5601 ejusosten-

212 5626 421 5677 tantes
452 5624 513 5677 et
539 5621 772 5693 egregie
800 5619 1147 5678 simulantes
1177 5620 1500 5692 ardentem,
1528 5635 1595 5675 ac
1651 5617 1878 5691 signiti-

215 5714 431 5769 cantes
464 5714 632 5768 metu
665 5726 727 5767 se
785 5709 1077 5769 malorum
1128 5712 1391 5783 Augusto
1440 5706 1879 5767 imminentium

552 5830 818 5897 Panos.
863 5830 976 5897 Gs.
1019 5828 1277 5895 CXLIII.

1979 4727 2036 4780 et
2066 4723 2126 4778 in
2144 4724 2435 4780 contraria
2486 4724 2704 4797 pariter
2758 4725 3126 4797 ambiguum,
3160 4743 3291 4782 cum
3352 4730 3410 4783 et
3436 4726 3619 4783 videri

1980 4817 2179 4886 posset
2206 4813 2593 4885 comprimere
2623 4814 2946 4870 tumultum
2972 4832 3039 4871 eo
3068 4820 3236 4888 gestu
3267 4815 3543 4887 voluisse,
3566 4822 3624 4873 et

1980 4903 2460 4974 interpretatione
2491 4919 2605 4959 non
2638 4902 3006 4959 inverisimili
3036 4904 3193 4960 trahi
3244 4909 3440 4977 posset
3467 4905 3623 4961 idem

1980 4993 2039 5047 in
2073 4991 2355 5048 indicium
2383 5008 2670 5049 concessa
2694 5010 2727 5049 a
2757 4993 3095 5066 principein
3118 5010 3325 5066 parum
3349 4994 3460 5066 ipsi
3480 4995 3627 5051 ﬁdos

1982 5080 2255 5137 saeviendi
2288 5081 2605 5137 facultatis.
2640 5081 2840 5152 Neque
2871 5082 2928 5137 id
2961 5083 3262 5155 ignorasse
3283 5083 3631 5139 videbantur

1983 5172 2081 5242 qui
2112 5171 2365 5244 principi
2399 5172 2681 5227 aderant:
2717 5172 2816 5228 sed
2848 5171 2984 5243 sibi,
3018 5173 3068 5228 si
3100 5172 3211 5229 hoc
3243 5172 3501 5245 periculo
3533 5174 3631 5228 in-

1984 5260 2154 5317 noxie
2183 5260 2769 5333 defungerenturqui
2796 5262 2970 5318 rebus
2991 5268 3302 5334 praeerant,
3332 5267 3628 5334 receptum

1984 5350 2045 5406 in
2076 5350 2450 5406 excusatione
2479 5352 2767 5423 parabant
2795 5356 3082 5423 tanquam
3112 5353 3183 5408 ah
3213 5351 3359 5423 ipsis
3389 5368 3456 5409 eo
3502 5358 3627 5409 tan-

1986 5444 2115 5496 tum
2149 5439 2348 5496 animo
2378 5456 2556 5496 suasa
2585 5439 2688 5496 illa
2713 5441 3632 5513 protentionemanus,utseditio

1989 5546 2092 5602 per
2122 5545 2250 5585 eam
2304 5528 2811 5600 comprimeretur.
2862 5532 2937 5586 At
2994 5530 3433 5588 tumultuantes
3491 5530 3637 5587 satis

1990 5618 2141 5676 clare
2172 5617 2285 5675 sibi
2307 5634 2647 5675 concessam
2680 5634 2746 5675 eo
2776 5627 2943 5692 gestu
2974 5621 3126 5692 quod
3158 5618 3375 5677 vellent
3428 5619 3639 5694 agendi

1990 5707 2293 5767 licentiam
2319 5707 2715 5766 crediderunt.
2744 5709 2953 5767 Statim
2979 5708 3161 5782 igitur
3181 5709 3417 5769 sublata
3430 5728 3537 5768 vox
3552 5714 3643 5767 est

3246 5831 3322 5894 16
