4212 6442
589 415 690 471 491

1896 414 2198 470 GEORGII
2235 413 2697 470 PACHYMERE

3882 418 3992 473 £92

593 540 932 615 ἐκχώρησιν.
978 539 1151 602 Εὐθὺς
1208 540 1299 595 οὗν
1363 541 1465 615 βοή
1526 536 1668 615 ἤρθη
1728 540 1802 601 ὡς
1857 537 2519 614 ἐκχωροῦντοςΑφέρει,
2582 536 2731 611 μάλα
2807 541 3022 612 θερμῶς
3083 539 3452 615 εἱσηγοῦνται.
3513 539 3580 597 Oi
3641 538 3687 595 δ’
3743 539 3996 614 ἠμέλουν

579 633 677 683 τοῦ
731 628 1019 703 βασιλέως,
1070 628 1158 683 καί
1207 631 1318 701 ἅμα
1365 629 1587 703 ἐχέοντο
1634 626 1979 701 παμπληθεῖ,
2035 627 2125 681 καὶ
2156 628 2229 688 ὡς

579 719 826 792 τιμωρὸς
874 722 972 782 τῆς
1030 716 1322 793 βασιλικῆς
1377 718 1649 793 σωτηρίας
1710 716 1946 780 συνέθεεν
2001 713 2228 777 ἕκαστος

581 807 654 867 ὡς
710 807 799 861 καὶ
852 805 1355 882 προσκινδυνεύσοι,
1399 807 1443 861 εί
1495 806 1626 863 δεοι.
1680 807 1773 863 Καὶ
1820 805 2103 875 ἀλλήλους
2148 805 2227 875 τῷ

580 891 797 968 θορύϐῳ
854 902 1324 971 παρακρατοῦντες
1394 897 1481 951 ἐπὶ
1546 900 1644 961 τῆς
1703 903 1872 969 μονῆς
1930 896 2226 969 ἠπείγοντο

574 988 679 1038 τῶν
742 982 1098 1059 Σωσάνδρων,
1156 987 1224 1040 τὰ
1279 982 1483 1060 ἔσχατα
1540 986 1678 1039 κακὰ
1732 986 1877 1055 τοὺς,
1947 984 2021 1047 ὠς
2074 982 2225 1037 αὐτοὶ

577 1068 787 1148 ἔλεγον,
856 1072 1078 1135 δύσνους
1146 1079 1225 1146 τῷ
1288 1074 1550 1149 βασιλείῳ
1621 1074 1803 1148 κράτει
1864 1073 2225 1147 πραξείοντες.

581 1161 701 1218 Εἰσὶ
734 1160 780 1217 δ’
829 1161 881 1217 ο²ί
927 1164 1015 1219 καὶ
1069 1160 1257 1236 ἔμενον
1309 1165 1386 1237 μή
1435 1164 1808 1233 συναπιόντες,
1849 1163 2225 1235 προμηθέστε-

582 1270 675 1326 ρον
703 1257 985 1313 ποιοῦντες
1111 1252 1548 1329 τολμηρότερον,
1598 1253 1688 1307 καὶ
1730 1253 1843 1325 ἃμα
1883 1251 1928 1305 εἰ
1980 1248 2227 1305 εκποδὼν

576 1340 907 1415 γενομένους
962 1341 1091 1404 τοὺς
1145 1344 1263 1406 καθ’
1323 1344 1398 1396 ῶν
1458 1342 1701 1406 συνέθεον
1766 1344 2011 1415 μάθοιεν,
2056 1342 2225 1395 αὐθα-

577 1426 823 1505 δέστερον
894 1428 1231 1505 δρασείοντες
1303 1430 1387 1485 ἐπὶ
1466 1437 1586 1495 ταῖς
1656 1436 1880 1501 σκηναῖς
1946 1432 2079 1506 πρὸς
2161 1429 2223 1482 τὸ

572 1519 818 1592 ἐκφορεῖν
853 1519 920 1575 τὰ
966 1519 1251 1593 κειμήλια”
1307 1522 1383 1594 μὴ
1434 1520 1536 1596 γὰρ
1588 1523 1722 1576 εἶναι
1766 1521 1854 1575 τὸν
1903 1518 2223 1574 κωλύσοντα

572 1606 715 1662 οὕτω
780 1612 888 1663 τῶν
952 1608 1321 1683 κεκτημένωμ
1382 1608 1782 1667 ἀπολωλότων.
1843 1612 1932 1671 Ὠς
1988 1613 2118 1683 γοῦν
2169 1608 2221 1662 οἱ

578 1698 673 1771 μὶν
735 1697 943 1772 σύναμα
998 1700 1084 1753 καὶ
1134 1720 1243 1753 τισι
1300 1703 1407 1753 τῶν
1478 1698 1529 1753 ἐν
1609 1698 1751 1754 τέλει
1808 1705 1911 1768 τῆς
1944 1695 2219 1771 ὑμνῳδίαις

569 1784 907 1861 τελουμένης
956 1788 1102 1850 ἐντὸς
1152 1789 1488 1858 εἱστήκεισαν
1544 1793 1639 1843 τοῦ
1686 1792 1837 1860 ναοῦ,
1888 1789 1939 1843 οἱ
1984 1786 2042 1842 δὲ
2095 1807 2219 1841 συν-

571 1875 719 1939 ἐθεον
776 1875 1051 1950 πανδημεὶ
1113 1873 1464 1953 θορυϐοῦντες
1534 1881 1680 1953 παρὰ
1734 1880 1796 1933 τὸ
1847 1878 2073 1947 σύνηθες
2126 1876 2216 1930 καὶ
2252 1911 2296 1975 Β

568 1962 678 2035 ἤδη
710 1970 827 2028 τοῖς
861 1965 1008 2029 ἐντὸς
1037 1967 1291 2044 ἐμφανεῖς
1342 1968 1477 2037 ἦσαν
1530 1967 1657 2023 εύοὺ
1685 1974 1787 2036 τῆς
1823 1973 1989 2039 μονῆς
2024 1966 2216 2036 ἰόντες,

567 2056 709 2116 τινὲς
754 2060 861 2109 τῶν
918 2054 1070 2120 ἐκτὸς
1136 2054 1304 2111 ὄντων
1352 2058 1635 2131 ὑπηρετῶν
1680 2058 1771 2112 τὸν
1831 2056 2045 2111 ἐκείνων
2085 2056 2215 2109 ὑποο

564 2144 895 2207 τοπάσαντες
954 2142 1225 2220 θόρυϐον,
1282 2148 1357 2219 μή
1414 2146 1467 2201 τί
1526 2169 1631 2201 που
1680 2146 1768 2201 καὶ
1826 2151 1933 2200 τῶν
1986 2146 2215 2219 ἀπειρη-

566 2235 740 2305 μένων
803 2233 1049 2311 δράσαιεν
1109 2234 1305 2311 σχεδὸν
1384 2236 1680 2309 αὐτόνομοί
1757 2232 1927 2304 ὅντες,
1998 2237 2111 2308 ἅμα
2160 2234 2217 2289 δὲ

562 2324 651 2378 καί
700 2324 791 2380 τὸν
857 2328 1221 2402 νεωτερισμὸν
1312 2325 1729 2394 ὑποπτεύοντες,
1808 2324 2037 2395 δηλοῦσι
2122 2328 2213 2377 σὺν

559 2412 733 2489 ὠχρῷ
763 2419 842 2487 τῷ
871 2416 1155 2489 προσώπῳ
1183 2421 1299 2477 τοῖς
1331 2410 1505 2470 ἔνδον·
1556 2417 1623 2473 Οἱ
1673 2414 1729 2470 δὲ
1775 2412 1985 2487 σπουδῇ
2019 2416 2078 2486 [Ρ
2122 2415 2212 2488 33!

556 2509 671 2565 τοῖς
726 2505 938 2580 κυρίοις
1001 2506 1063 2559 τὸ
1124 2503 1373 2574 δηλωοέν
1454 2504 1887 2581 ἀπαγγέλλουσι,
1947 2504 2036 2559 καὶ
2096 2503 2215 2557 έπι-

558 2596 791 2667 ζυγῶσαι
821 2594 915 2656 τὰς
953 2596 1051 2663 τῆς
1101 2601 1277 2668 μονῆς
1326 2593 1504 2658 πύλας
1549 2600 1666 2657 τοῖς
1718 2591 2045 2669 ἐρχομένοις
2080 2613 2217 2665 συμ-

552 2792 827 2849 assentiri
858 2794 1191 2865 Augustum
1216 2797 1273 2850 et
1303 2801 1602 2851 auctorem
1652 2793 1797 2851 fieri.
1858 2794 2009 2849 Tum
2068 2807 2203 2848 vero

552 2898 656 2953 pro
688 2899 750 2939 se
781 2882 1036 2955 quisque
1068 2899 1432 2955 procurrere,
1484 2884 1740 2957 singulis
1799 2883 2019 2939 viritim
2076 2898 2204 2938 sese

549 2971 770 3028 ultores
803 2973 1158 3044 injuriarum
1191 2981 1247 3029 el.
1264 2974 1525 3031 vindices
1548 2974 1757 3031 salutis
1781 2973 2061 3046 principis
2085 2973 2205 3045 opi-

549 3062 851 3129 nantibus,
875 3066 933 3118 et
952 3063 1110 3119 velut
1132 3064 1191 3119 in
1216 3065 1411 3119 studio
1434 3065 1513 3119 rei
1545 3063 1831 3135 praeclarae
1862 3067 2202 3135 praevertere

549 3150 799 3207 invicem
816 3152 1190 3209 festinatione
1205 3153 1352 3209 mira
1374 3154 1756 3224 certantibus,
1781 3170 1847 3209 ac
1874 3152 2201 3224 periculum

546 3256 951 3313 praeoccupare
972 3241 1141 3313 quasi
1158 3242 1372 3297 heroici
1395 3243 1669 3299 facinoris
1687 3244 2198 3315 perturbatissimo

548 3328 822 3386 discursu
874 3334 931 3386 et
962 3336 1170 3386 mutua
1226 3334 1561 3389 extrusione
1623 3332 1919 3388 ruentium
1974 3333 2195 3405 impetu

552 3419 804 3475 maximo
845 3436 1051 3475 versus
1084 3421 1511 3478 monasterium
1542 3423 1996 3489 Sosandrorum,
2047 3422 2196 3478 fero-

545 3508 714 3564 cibus
736 3513 1130 3565 extremorum
1150 3510 1434 3566 malorum
1452 3511 1627 3567 minis
1648 3512 1717 3567 iis
1734 3512 2199 3578 inferendorum,

545 3614 694 3669 quos
724 3598 1037 3656 invidiosis
1067 3600 1366 3657 vocabulis
1395 3601 1711 3658 inﬁdorum
1738 3607 2015 3675 Augustae
2040 3606 2199 3675 pote-

546 3687 681 3743 stati
714 3689 1116 3761 principisque
1148 3689 1403 3745 hostium
1424 3692 1833 3762 designabant.
1856 3692 1981 3747 Non
2002 3696 2198 3747 tamen

545 3777 783 3833 defuere
813 3778 913 3850 qui
946 3778 1360 3851 subsisterent,
1395 3782 1763 3837 continentes
1796 3798 1924 3837 sese
1982 3782 2040 3837 in
2100 3781 2198 3839 illo

549 3866 734 3922 elluso
766 3866 1013 3923 aliorum
1048 3884 1245 3935 cursu,
1268 3869 1354 3923 vel
1377 3871 1531 3941 quod
1555 3872 1788 3927 cautius
1807 3888 1985 3943 quam
2010 3872 2198 3927 auda-

550 3956 679 4012 cius
708 3972 881 4028 agere
910 3958 1247 4014 consultum
1300 3960 1604 4027 ducerent,
1660 3962 1747 4016 vel
1808 3962 1960 4032 quod
2018 3961 2196 4017 simul

546 4046 724 4101 etiam
757 4052 1078 4118 sperarent,
1112 4053 1242 4121 post
1272 4050 1571 4119 negotium
1606 4067 1639 4105 a
1668 4050 2039 4107 currentibus
2061 4068 2198 4107 con-

546 4135 763 4191 fertum
778 4136 1163 4209 sublatosque
1186 4142 1454 4210 potentes
1476 4156 1695 4207 rerum,
1716 4141 2195 4211 quaestuosiorem

534 4225 1122 4298 sibirelinquendam
1147 4244 1384 4299 operam
1408 4228 1770 4301 irrumpendi
1789 4231 1845 4285 in
1869 4232 2021 4287 aedes
2039 4232 2196 4303 ipso-

544 4332 674 4371 rum
707 4319 765 4371 et
821 4317 1252 4388 pretiosissima
1308 4318 1443 4375 inde
1504 4336 1753 4392 quaeque
1809 4322 2191 4393 exportandi;

543 4404 781 4475 quas.in
813 4406 1043 4477 opimas
1068 4408 1291 4479 praedas
1324 4407 1529 4463 utilius
1556 4415 1962 4479 expromerent
2008 4415 2191 4466 totam

541 4494 659 4549 vim
684 4495 1089 4552 audacissima:
1121 4498 1482 4569 rapacitatis,
1515 4500 1752 4553 nemine
1777 4504 1902 4554 tum
1936 4500 2194 4571 prohibi-

546 4586 703 4653 turo,
762 4585 983 4656 quippe
1024 4587 1146 4655 jam
1208 4586 1458 4641 mortuis
1513 4588 1958 4658 possessoribus
2018 4605 2195 4660 opera

2343 626 2647 695 ἀκούοντες,
2700 624 2869 701 (μηδὲ
2915 629 3016 703 γὰρ
3069 626 3217 704 ἔχειν
3269 625 3567 702 συμϐαλεῖν
3631 630 3823 685 ὁπόθεν
3899 630 3993 685 ἐπὶ

2338 716 2576 793 σφετέρῳ
2632 722 2784 787 κακῷ
2864 715 2992 771 ἴοιεν
3056 719 3109 773 οἱ
3168 719 3521 789 συνθέοντες),
3590 717 3846 794 ἔρχεσθαι
3926 717 3991 775 δὲ

2336 804 2617 867 κάκείνους
2649 805 2723 867 εἰς
2779 808 2872 868 τὰς
2930 809 3113 870 κοινὰς
3171 806 3372 869 ἐκείνας
3430 806 3688 872 τελεστὰς
3736 809 3994 880 ὑπελάμ-

2338 887 2526 951 ϐανον.
2560 896 2647 956 Ὠς
2690 892 2747 950 δὲ
2796 896 2884 950 καὶ
2933 894 3083 957 αὖθις
3138 894 3441 967 ἐξελθόντες
3502 897 3695 953 ἐκεῖνοι
3742 896 3995 969 πλησια-

2338 984 2538 1037 σάντων
2569 982 2659 1037 λαὶ
2722 982 2933 1055 μᾶλλον
2987 985 3049 1039 τὸ
3110 981 3421 1059 θορυϐῶδες
3477 986 3567 1041 καὶ
3627 988 3851 1042 ἄτακτον
3912 988 3993 1041 ὑπ

2337 1071 2539 1139 ενόουν,
2586 1070 2664 1126 ἔτι
2716 1072 2927 1145 μᾶλλον
2974 1072 3371 1150 κατωρρώδουν
3420 1076 3509 1131 καὶ
3565 1078 3697 1148 μετᾶ
3744 1074 3993 1145 σπουδῆς

2337 1160 2694 1235 εἰσήγγελλον
2747 1163 2813 1217 τὰ
2868 1163 3178 1239 γιγνόμενα,
3236 1164 3325 1219 καὶ
3385 1164 3468 1219 ἐπ’
3534 1164 3760 1228 ἐκείνοις
3819 1163 3993 1221 ἄλλοι

2334 1248 2831 1325 ταχυδρομοῦντες,
2885 1254 2971 1307 καὶ
3023 1252 3176 1317 αὖθις
3228 1252 3418 1308 ἄλλοι·
3448 1252 3574 1309 οὐδὲ
3603 1256 3707 1330 γὰρ
3738 1256 3801 1325 ἦν
3835 1251 3991 1317 ὅστις

2332 1338 2457 1393 τότε
2517 1340 2733 1401 ϐλέπων
2794 1342 2868 1413 μή
2939 1341 3026 1396 ἐπὶ
3100 1347 3251 1414 κακῷ
3304 1344 3540 1419 μεγίστῳ
3596 1345 3695 1412 τήν
3766 1343 3990 1399 ἐκείνων

2336 1426 2511 1505 ἄφιξιν
2548 1429 2778 1487 ὑπενόει.
2810 1431 2963 1485 Ὅθεν
3026 1430 3117 1486 λαὶ
3169 1430 3377 1487 πολλοὶ
3438 1434 3534 1506 μέν
3587 1433 3712 1507 περὶ
3772 1434 3993 1495 ἑαυτοῖς

2333 1513 2570 1579 δεδιότες
2603 1516 2661 1572 ἐκ
2706 1523 2815 1573 τῶν
2870 1520 2931 1574 οὐ
2984 1519 3166 1575 καλῶν
3228 1521 3447 1578 ἐκείνων
3508 1522 3755 1595 ὑποψιῶν
3811 1520 3994 1584 ἄλλος

2331 1604 2584 1680 ἀλλαχοῦ
2614 1606 2956 1666 κατεδύοντο.
3004 1613 3085 1671 οἷς
3134 1607 3181 1663 δ’
3228 1607 3393 1684 ἔμελε
3440 1616 3548 1667 τῶν
3598 1609 3990 1681 Μουζαλώνων

2329 1693 2498 1750 πλέον
2528 1701 2638 1751 τῶν
2669 1694 2877 1763 ἄλλων,
2927 1698 3245 1773 προσιόντες
3296 1699 3387 1755 καὶ
3432 1699 3583 1763 αὖθις
3615 1700 3828 1773 ἀτάκτῳ
3857 1702 3990 1769 ηθει

2328 1788 2417 1839 καὶ
2455 1787 2735 1861 προσώπῳ
2770 1789 2869 1855 τήν
2931 1784 3190 1857 εἰσϐολήν
3245 1793 3352 1844 τῶν
3412 1787 3623 1861 ἀνδρῶν
3653 1789 3978 1862 ὑπεμίμνη-

2328 1896 2477 1944 σκον,
2523 1876 2611 1929 καὶ
2662 1875 2906 1953 ἐφεκτέον
2956 1878 3017 1931 τὸ
3060 1879 3230 1953 τάχος
3262 1877 3451 1954 ἔλεγον
3499 1874 3983 1953 προκαταλαϐοῦσι

2331 1965 2427 2033 τήν
2460 1963 2678 2020 ἐκείνων
2730 1967 2907 2038 ὁρμὴν
2961 1963 3049 2021 διὰ
3100 1969 3198 2039 τῆς
3254 1972 3361 2023 τῶν
3416 1967 3606 2024 πυλῶν
3660 1968 3979 2040 ἐπιθέσεως,

2335 2057 2408 2127 μή
2467 2077 2584 2118 πως
2640 2056 2729 2110 καὶ
2789 2056 3057 2133 φθάσωσιν
3110 2057 3461 2122 εἴσελθόντετ
3530 2057 3670 2133 μηδὲ
3722 2059 3823 2135 γὰρ
3882 2058 3981 2114 ἐπὶ

2327 2144 2483 2216 καλῷ
2538 2166 2646 2200 τινι
2698 2146 2789 2200 τὸν
2837 2151 3094 2201 τοσοῦτον
3142 2143 3369 2221 θόρυϐον
3412 2149 3569 2221 εἶναι,
3618 2147 3743 2204 ἀλλ’
3788 2147 3865 2211 εἴς
3924 2168 3981 2204 τι

2329 2232 2512 2303 λήξειν
2541 2234 2727 2290 κακόν.
2761 2237 2829 2293 Οἱ
2862 2233 2919 2290 δὲ
2946 2241 3051 2290 τῶν
3077 2231 3278 2314 φόϐους
3310 2236 3581 2311 λεγόντων
3615 2236 3712 2292 οὐκ
3739 2235 3986 2307 ἤκουσαν

2326 2323 2492 2384 ὅλως·
2526 2324 2630 2399 ἦγε
2670 2325 2792 2398 γὰρ,
2828 2324 3005 2398 οἶμαι,
3061 2326 3290 2389 τούτους
3335 2327 3398 2381 τὸ
3453 2326 3747 2403 μόρσιμον,
3793 2328 3882 2382 καὶ
3913 2326 3983 2383 τὰ

2327 2411 2623 2488 λεγόμενον
2684 2411 2906 2485 ἀληθὲς,
2966 2415 3039 2476 ώς
3122 2416 3428 2493 ἀφαιρεῖται
3486 2417 3585 2477 τὰς
3644 2418 3838 2493 φρένας
3902 2418 3984 2471 ὧν

2324 2502 2589 2558 ἀπολέσαι
2626 2502 2817 2576 μέλλει
2848 2504 2910 2559 τὸ
2948 2510 3121 2561 Θεῖον.
3156 2506 3232 2563 Οὐ
3270 2508 3379 2578 μὴν
3413 2504 3469 2561 δὲ
3516 2504 3641 2561 ἀλλ’
3676 2504 3802 2561 οὐδὲ
3851 2511 3980 2569 τοῖς

2324 2597 2554 2666 παροῦσι
2606 2597 2715 2648 τῶν
2779 2598 3109 2668 μεγιστάνων
3160 2591 3325 2667 ἔμελε
3377 2594 3441 2649 τὸ
3491 2592 3770 2671 δρώμενον
3801 2594 3981 2650 ἀκού-

2314 2791 2477 2848 diose
2494 2793 3227 2864 suggesserunterevideri
3260 2793 3467 2866 templi
3504 2793 3701 2852 valvas
3734 2794 3969 2851 occludi

2312 2880 2716 2950 venientibus;
2754 2881 2933 2954 idque
2988 2882 3196 2939 ardore
3247 2883 3502 2941 maximo
3553 2884 3840 2957 urgebant
3897 2889 3969 2941 ut

2314 2971 2514 3026 statim
2529 2974 2851 3028 curaretur.
2873 2972 3042 3029 Atilli
3059 2972 3366 3029 audientes
3390 2974 3782 3047 negligebant,
3800 2974 3970 3029 nulla

2312 3058 2523 3115 idonea
2552 3061 2889 3131 conjectura
2919 3061 3044 3117 fieri
3076 3062 3395 3119 verisimile
3416 3065 3640 3120 causati
3669 3064 3741 3120 ad
3773 3062 3969 3119 ullum

2310 3149 2573 3220 ipsorum
2590 3148 3101 3221 periculumistum
3115 3168 3353 3208 cursum
3370 3152 3971 3225 pertinereznimirum

2313 3239 2709 3311 opinabantur
2739 3240 2831 3312 agi
2862 3239 3145 3313 religione
3177 3253 3279 3297 aut
3319 3242 3514 3299 studio
3545 3242 3970 3299 cohonestandi

2311 3328 2597 3400 principis
2632 3330 2861 3386 turbam
2882 3330 3065 3398 illam,
3089 3334 3144 3386 et
3162 3329 3311 3386 nihil
3333 3331 3489 3387 aliud
3511 3348 3683 3405 quam
3703 3328 3972 3403 spectare

2310 3422 2413 3473 aut
2444 3418 2896 3490 frequentiorem
2926 3420 3169 3477 reddere
3208 3420 3512 3477 funebrem
3537 3420 3785 3493 Augusti
3806 3436 3969 3476 mor-

2309 3508 2395 3562 tui
2428 3508 2768 3580 panegyrim
2800 3525 3033 3581 cupere.
3068 3509 3141 3565 Ut
3171 3513 3367 3566 autem
3391 3510 3491 3582 qui
3517 3510 3637 3566 haec
3661 3510 3968 3567 suntiave-

2310 3601 2443 3651 rant
2464 3613 2701 3653 rursum
2732 3598 2953 3669 egressi
2989 3598 3232 3671 propius
3250 3600 3375 3670 jam
3401 3599 3663 3673 appulsa:
3683 3598 3923 3655 multitu
3938 3630 3961 3640 -

2308 3686 2465 3742 dinis
2497 3686 2747 3743 furentis
2776 3688 3070 3743 fremitum
3111 3704 3141 3745 e
3171 3688 3365 3746 vicino
3388 3690 3797 3747 terribiliorem
3812 3688 3960 3746 hau-

2308 3792 2435 3833 sere
2467 3776 2763 3847 sensibus,
2796 3793 2884 3845 eo,
2946 3776 3079 3850 plus
3131 3779 3609 3836 cohorrescentes
3665 3779 3961 3835 iterarunt

2306 3865 2593 3921 indicium
2625 3866 2936 3922 crescentis
2963 3867 3124 3931 mali,
3146 3870 3509 3935 nuntiantes,
3534 3872 3599 3924 ut
3614 3868 3798 3940 prius,
3821 3884 3954 3939 quae

2308 3957 2604 4012 recentius
2635 3964 2969 4027 cognorant.
3004 3958 3166 4024 Quod
3184 3959 3955 4015 moxcontirmaruntcursu

2307 4044 2519 4101 anhelo
2552 4045 2893 4101 festinantes
2925 4046 3025 4101 alii
3081 4064 3257 4119 super
3313 4047 3481 4104 alios.
3544 4047 3743 4119 Neque
3790 4046 3954 4103 enim

2305 4136 2423 4206 jam
2452 4134 2579 4203 ulli,
2610 4136 2711 4206 qui
2734 4139 2998 4192 uteretur
3026 4138 3198 4193 modo
3226 4136 3519 4204 sensibus,
3545 4137 3792 4192 dubium
3823 4140 3958 4192 erat

2305 4225 2447 4297 quin
2480 4224 2539 4279 in
2571 4224 2862 4297 tragicum
2892 4226 3111 4282 exitum
3164 4226 3451 4282 fanaticus
3508 4227 3616 4282 iste
3666 4242 3953 4283 accursus

2304 4318 2654 4386 erumperet.
2688 4316 2877 4379 Quare
2909 4314 3080 4370 multi
3131 4314 3244 4371 sibi
3302 4316 3573 4387 privatim
3625 4320 3957 4372 metuentes

2304 4404 2609 4459 admonitu
2643 4404 2995 4460 indiciorum
3029 4404 3357 4477 ingruentis
3399 4405 3538 4461 mali
3600 4404 3754 4461 alius
3807 4404 3953 4462 alibi

2302 4493 2742 4549 abscondebant
2798 4506 2948 4546 sese.
3007 4492 3233 4557 Quibus
3289 4497 3488 4548 autem
3542 4493 3732 4565 major
3769 4509 3954 4564 quam

2302 4581 2525 4636 caeteris
2552 4578 2925 4635 Muzalonum
2959 4596 3098 4637 cura
3126 4586 3270 4650 erat,
3295 4583 3490 4639 denuo
3513 4583 3743 4655 trepido
3768 4598 3952 4639 cursu

546 4688 748 4727 eorum
781 4690 929 4745 quos
962 4674 1019 4729 in
1054 4675 1107 4729 id
1143 4691 1494 4745 praecurrere
1524 4677 1816 4733 sinebant.
1849 4677 1996 4732 Cum
2057 4694 2193 4749 ergo
2230 4664 2271 4729 D
2303 4668 3574 4743 vultuqueturbatoipsosadibant,impetum
3590 4677 3953 4729 armatorum

544 4762 684 4817 dum
703 4761 1445 4834 hymnodiacelebraretur,
1470 4764 1801 4820 Muzalones
1824 4782 1954 4821 cum
1978 4766 2197 4838 primo-

545 4850 711 4907 ribus
777 4851 1131 4923 optimatum
1188 4851 1344 4908 intra
1415 4852 1705 4925 templum
1762 4859 2032 4923 starent,
2092 4857 2193 4913 58

544 4956 743 5006 ruens,
779 4945 843 4995 ut
869 4941 1092 4997 dictum
1126 4948 1235 5011 est,
1267 4942 1524 4998 tumultu
1573 4943 1813 4999 insolito
1874 4944 2192 5002 multitudo

544 5031 915 5087 adventabat.
935 5033 1139 5103 Etjam
1165 5032 1266 5104 qui
1294 5032 1456 5089 intus
1479 5033 1981 5107 erantintelligere
2004 5052 2192 5108 cmpe-

540 5124 671 5175 rant
700 5137 829 5176 eam
866 5121 1093 5176 turbam
1129 5126 1282 5177 recta
1316 5121 1375 5176 in
1410 5123 1834 5179 monasterium
1869 5125 2027 5193 ferri,
2054 5143 2188 5182 cum

539 5210 777 5280 quidam
801 5227 831 5267 e
852 5210 1141 5267 ministris
1157 5210 1531 5267 Muzalonum
1560 5212 1698 5269 foris
1721 5214 2188 5285 opperientibus,

535 5299 701 5355 veriti
720 5317 837 5372 quo
860 5305 1176 5373 tempestas
1200 5306 1485 5373 suspectae
1502 5302 1778 5359 novitatis
1796 5304 2185 5376 incumberet,

536 5394 595 5445 et
628 5406 743 5445 non
776 5392 904 5447 sine
933 5407 1112 5448 causa
1144 5395 1478 5447 metuentes
1511 5408 1581 5447 ne
1613 5396 1839 5449 armata
1882 5398 1937 5449 et
1984 5392 2178 5466 legum

535 5496 744 5536 secura
764 5481 975 5537 seditio
1008 5481 1066 5536 in
1100 5482 1317 5537 foedum
1350 5480 1585 5553 aliquod
1621 5482 1915 5539 desineret
1932 5484 2185 5554 facinus,

530 5569 755 5642 pallido
786 5570 951 5626 vultu
980 5571 1308 5643 periculum
1343 5572 1695 5628 nuntiarunt
1744 5572 1919 5645 iisqui
1944 5591 2011 5630 ex
2043 5574 2186 5631 inte-

531 5660 671 5715 riori
689 5661 969 5717 comitatu
992 5660 1367 5717 Muzalonum
1389 5660 1544 5717 intra
1556 5662 1842 5734 templum
1865 5664 2183 5719 versaban-

529 5752 645 5807 tur.
680 5748 749 5807 Hi
781 5766 903 5808 rem
938 5751 1138 5809 statim
1170 5752 1239 5808 ad
1274 5750 1547 5809 dominos
1580 5752 1916 5809 detulerunt
1973 5761 2029 5810 et
2060 5759 2181 5811 stu-

2306 4760 2660 4816 irruentium
2692 4758 3043 4828 indicantes,
3093 4766 3150 4817 et
3208 4778 3561 4834 magnopere
3599 4762 3954 4833 suadebant,

2296 4851 2576 4920 juberent
2607 4849 2822 4922 opponi
2853 4850 3188 4907 furentibus
3224 4856 3528 4923 portarum
3555 4851 3748 4908 obices
3764 4852 3867 4909 59
3896 4857 3959 4908 et

2301 4939 2591 5012 templum
2623 4939 2823 4995 statim
2853 4940 3311 5013 claudijamjam
3344 4941 3501 4998 intro
3532 4940 3875 5014 irrupturis,
3902 4942 3956 4998 si

2303 5034 2529 5103 pateret
2560 5045 2573 5085 :
2607 5046 2743 5085 nam
2776 5033 3006 5086 tantum
3036 5031 3360 5087 tumultum
3393 5031 3541 5087 nihil
3563 5031 3699 5087 boni
3720 5034 3963 5103 porten-

2301 5122 2455 5177 dere.
2490 5120 2892 5175 Narrabantur
2920 5136 2988 5176 ea
3013 5122 3226 5178 surdis.
3262 5122 3605 5177 Perstabant
3626 5122 3684 5177 in
3711 5137 3959 5179 summo

2301 5209 2558 5285 periculo
2591 5214 2811 5266 temere
2842 5209 3053 5266 securi.
3079 5211 3303 5284 Agebat
3332 5211 3552 5283 quippe
3583 5210 3715 5268 illos
3749 5211 3957 5269 fatalis

2298 5306 2440 5375 puto
2462 5300 2690 5357 caecitas
2712 5299 2769 5355 in
2796 5300 3095 5357 decretum
3117 5301 3267 5373 ipsis
3287 5301 3702 5358 infortunium.
3725 5300 3958 5360 Verum

2296 5392 2521 5449 scilicet
2548 5394 2637 5447 est
2666 5390 2818 5459 quod
2851 5390 2965 5445 dici
2990 5390 3159 5460 solet,
3180 5408 3330 5463 quos
3354 5392 3599 5464 perdere
3620 5390 3742 5447 vult
3768 5390 3956 5463 Deus,

2296 5482 2369 5535 iis
2399 5483 2533 5535 ante
2563 5477 2762 5533 omnia
2794 5482 3051 5534 mentem
3084 5480 3329 5551 eripere.
3362 5481 3474 5535 Sed
3524 5495 3631 5536 nec
3682 5479 3783 5551 qui
3842 5481 3961 5537 ad-

2294 5573 2461 5627 erant
2484 5582 2776 5640 proceres,
2793 5566 3047 5624 multum
3068 5568 3641 5625 curarevidebantur
3662 5586 3957 5641 quorsum

2292 5662 2628 5732 spectarent
2657 5673 2789 5729 qua
2818 5657 3303 5727 audiebantﬁeri,
3322 5659 3411 5715 vel
3444 5660 3697 5731 quadam
3719 5676 3960 5732 prauo-

2291 5754 2448 5809 tione
2479 5748 2895 5823 gerendorum,
2927 5747 3015 5805 vel
3040 5750 3109 5805 ad
3146 5748 3303 5820 ipsos
3329 5747 3488 5805 haud
3513 5749 3623 5805 rati
3654 5751 3961 5823 pertinere
