4258 6438
235 400 345 454 493

1304 400 1403 453 DE
1438 399 1809 454 MICHAELE
1847 398 2293 456 PLLBOLOGO
2326 401 2461 455 LIB.
2501 403 2547 455 Ι.

3539 398 3644 455 494

232 544 411 590 ουσιν,
468 519 577 576 εἴτε
630 521 764 575 κατά
816 541 938 575 τινα
989 518 1300 595 πρόγνωσιν
1364 525 1472 577 τῶν
1547 519 1887 594 μελλόντων,
1917 524 1968 591 Α
2002 522 2097 590 τήν
2159 524 2423 595 μυστικὴν
2480 521 2747 599 τράπεζαν
2796 523 3043 580 ὑπελθὼν
3087 524 3285 588 ἐκεῖθεν
3345 526 3480 595 {ps-ro
3540 524 3652 577 σώ-

228 611 339 667 εἳτε
375 612 485 684 μὴν
513 610 602 665 καὶ
652 609 836 673 αὐτοῖς
892 610 957 663 οὐ
1013 608 1179 683 μέλον
1212 610 1306 665 κᾶν
1342 610 1371 665 ὅ
1400 631 1453 665 τι
1497 610 1587 664 καὶ
1636 608 1883 685 δράσειαν

225 698 609 775 συναχθέντες.
660 698 817 754 Ἀλλ’
865 697 918 753 ἐν
963 699 1210 771 τοσούτῳ
1256 701 1351 762 τὰς
1384 697 1625 761 εἰσόδους
1679 721 1885 776 προκα-

221 785 640 862 ταλαμϐάνουσι
692 788 783 842 καὶ
841 792 1128 863 κρατοῦσιν
1196 791 1248 843 οἱ
1297 789 1558 861 ἐπιόντες,
1618 790 1707 843 καὶ
1791 790 1883 861 ἅμ’

226 878 602 955 εἷσχεομὲνων
679 876 828 939 ἐντὸς
886 879 1045 932 κακοὶ
1122 873 1348 952 θόρυϐοι
1422 879 1581 951 ἦσαν,
1654 878 1744 933 καὶ
1803 882 1887 943 οἷς

224 964 406 1039 ἔδρων
432 988 492 1023 τε
514 969 603 1022 καὶ
635 966 902 1037 ἠπείλουν
955 966 1219 1041 πρότερον
1253 974 1287 1036 ἦ
1316 968 1404 1021 τὸν
1437 968 1563 1022 ναὸν
1620 965 1881 1031 εἰσελθεῖν

227 1054 403 1126 δῆλοι
426 1059 558 1125 ἦσαν
616 1060 902 1133 φονῶντες.
962 1057 1061 1109 Ἦν
1113 1056 1204 1110 οῦν
1259 1060 1339 1127 τῷ
1395 1051 1883 1131 πριυτοϐεστιαρίῳ

225 1145 618 1221 γραμματικὸς
705 1144 929 1212 οἰκεῖος,
1015 1144 1395 1219 Θεοφύλακτος
1467 1150 1712 1218 τοῦνομα
1793 1144 1883 1199 καὶ

223 1234 364 1306 ἐμὸς
449 1235 730 1309 συγγενὴς,
800 1234 1141 1308 προσόμοιος
1197 1238 1275 1305 τῷ
1328 1233 1501 1306 κυρίῳ
1566 1234 1633 1289 τὲ
1689 1234 1879 1290 πάντα.

219 1323 583 1394 Ἐξελθόντος
640 1326 771 1396 γοῦν
831 1322 919 1376 ἐπὶ
968 1327 1047 1394 τῷ
1119 1328 1304 1396 μαθεῖν
1385 1322 1590 1377 ἐκείνου
1653 1321 1881 1401 σφάλλει

216 1413 356 1475 τοὺς
414 1412 662 1474 ἐπιόντας
715 1414 751 1481 ἡ
813 1412 1113 1485 ὁμοιότης,
1178 1412 1578 1486 συναιρομένης
1634 1413 1725 1466 καὶ
1781 1420 1884 1481 τῆς

216 1501 553 1577 ἀμπεχόνης
610 1502 870 1574 πενθίμου
932 1500 1098 1572 οὔσης
1179 1502 1261 1557 ἐπ’
1340 1501 1461 1571 ἴσης
1518 1504 1607 1555 καὶ
1664 1508 1882 1575 μικροῖς

217 1592 317 1647 καὶ
376 1590 643 1665 μεγάλοις
697 1588 786 1646 διὰ
840 1592 932 1646 τὸν
995 1588 1266 1665 βασιλέως
1332 1591 1583 1652 θάνατον.
1637 1591 1886 1647 κάκεῖνον

223 1680 668 1743 ὑποτοπάσαντες
749 1681 842 1735 τὸν
909 1679 1244 1753 ζητούμενον
1329 1682 1460 1735 εἶναι
1535 1678 1692 1745 εὐθὺς
1733 1679 1885 1735 ἀναι-

222 1774 387 1845 ροῦσι
415 1771 603 1825 κοπίσι
638 1767 879 1844 μυρίαις·
932 1768 994 1824 οὖ
1053 1769 1157 1844 γὰρ
1215 1768 1281 1838 ἦν
1340 1768 1487 1831 ὅστις
1543 1770 1634 1824 καὶ
1691 1770 1884 1840 τεθνη-

220 1858 349 1913 κότι
381 1854 641 1963 τόνέγχος
684 1859 787 1963 οὐκ
840 1852 1069 1963 ἔθαπτεν
1128 1857 1210 1963 ἐπ’
1267 1856 1479 1963 Excivch
1518 1858 1605 1919 Ὡς
1658 1854 1716 1913 δὲ
1773 1857 1883 1963 ἐγώ
1911 1896 1959 1963 Β

218 1969 378 2011 τινος
435 1945 645 2017 ἤκουσα
676 1989 692 2015 ,
752 1946 1089 2025 ἆπερῥόφουν
1169 1947 1228 2003 ἐκ
1296 1950 1395 2017 τῆς
1451 1944 1630 2017 δεινῆς
1690 1946 1882 2020 μανίας

216 2036 327 2095 τοῦ
358 2034 607 2112 αἳματος.
640 2036 795 2105 Πλὴν
827 2035 953 2093 ἀλλ’
1014 2036 1172 2101 εὐθύς
1223 2036 1322 2091 οὐκ
1368 2036 1599 2112 ἠγνόουν
1645 2035 1877 2116 σφαλέν-

216 2146 335 2190 τες’
396 2127 459 2182 τὸ
516 2128 619 2202 γὰρ
673 2123 899 2181 πέδιλον
979 2126 1247 2203 ὖποφανὶν
1314 2130 1411 2181 τοῦ
1480 2123 1650 2189 ποδὸς
1711 2124 1881 2201 μέλαν

219 2212 285 2271 ὅν
322 2219 382 2290 [Ρ
440 2218 531 2289 34]
586 2220 695 2271 τῶν
759 2212 1130 2291 δεδρακόντων
1192 2214 1420 2293 φανερὰν
1476 2213 1696 2291 ἄγνοιαν
1751 2236 1883 2271 κατ-

218 2306 440 2383 ηγόρει.
500 2306 597 2361 Καὶ
653 2303 959 2381 παραυτίκα
1038 2305 1153 2378 μεθ’
1211 2304 1296 2360 ὅτι
1351 2303 1617 2377 πλείστης
1684 2304 1881 2379 μανίας

218 2396 315 2451 καὶ
398 2402 650 2471 ταραχῆς
725 2395 972 2470 ξιφήρεις
1046 2393 1375 2467 ἐμπίπτουσι
1448 2399 1530 2467 τῷ
1597 2399 1731 2467 ναῷ,
1788 2394 1878 2450 καὶ

219 2491 576 2560 παραχρῆμα
620 2484 887 2560 φανέντων
929 2488 1035 2539 τῶν
1081 2484 1371 2561 φονώντων
1432 2483 1648 2539 ἐκεινων
1705 2484 1733 2538 ὁ
1786 2485 1879 2556 μὲν

224 2574 379 2647 ἱερὸς
438 2572 606 2647 ὕμνος
680 2574 1119 2646 κατασιλάζεται,
1196 2570 1382 2628 ἄλλων
1459 2571 1713 2648 ἀλλαχοῦ
1776 2576 1884 2627 τῶν

228 2662 562 2738 ψαλλόντῶν
623 2660 1059 2736 σκεδαννυμένων
1138 2663 1227 2717 καὶ
1283 2659 1710 2736 παραδυομένων
1769 2682 1885 2736 γω-

226 2754 373 2816 νίαις
418 2752 509 2808 καὶ
558 2752 751 2816 τόποις
807 2752 888 2815 οἶς
917 2750 1158 2823 ἤλπιζον
1192 2752 1477 2821 σώζεσθαι.
1510 2752 1577 2809 Οἱ
1624 2748 1681 2806 δὲ
1730 2752 1886 2808 Μου-

232 2842 501 2914 ζάλωνες,
558 2844 586 2898 ὁ
652 2842 746 2917 μὶν
800 2846 919 2905 τοῖς
982 2839 1202 2903 ἀδύτοις
1258 2840 1587 2917 προστρέχει
1636 2839 1726 2895 καὶ
1784 2841 1888 2895 ὑπὸ

240 2971 403 3042 quod
437 2970 626 3027 acturi
654 2975 821 3027 erant
851 2970 950 3044 qui
976 2968 1671 3027 concurrebant.lnterim
1704 2968 1900 3025 aditus

240 3064 661 3133 praeoccupaut
676 3064 733 3117 et
757 3060 1029 3133 praesidio
1057 3060 1337 3116 muniunt
1358 3059 1459 3132 qui
1479 3060 1605 3131 jam
1629 3073 1901 3131 pervene-

1944 613 2198 680 ⁸ζεσθαι,
2255 613 2283 666 ὁ
2344 609 2388 666 δ’
2438 608 2633 667 ὄπισθε
2706 619 2805 682 τῆς
2876 618 2971 668 τοῦ
3028 618 3158 667 ναοῦ
3215 612 3397 681 πύλης
3460 613 3647 667 ἑαυτὸν

1994 701 2307 770 συνωθήσας
2362 699 2442 767 ἐφ’
2501 702 2646 773 αὑτῴ
2707 700 2924 779 ἐιρεῖλκε
2976 701 3213 778 στεῤῥῶς
3242 702 3331 756 καὶ
3367 702 3441 762 ὡς
3497 703 3645 775 εἶχεν

1993 789 2068 849 ὡς
2130 789 2423 858 συνιζάνειν
2476 790 2527 845 ἐν
2588 790 2829 864 ἐπιπέδῳ
2888 793 2939 846 οἱ
2996 794 3095 862 τὴν
3158 790 3362 865 θύραν,
3423 790 3496 851 ὡς
3555 789 3645 843 καὶ

1991 876 2438 951 προσκολλᾶσθαι
2483 877 2660 935 δοκεῖν
2711 883 3065 955 ἠνεῳγμένην
3114 885 3195 952 τῷ
3244 878 3515 952 ἀντιθύρῳ
3550 900 3647 951 μηο

1992 963 2139 1030 δενὸς
2185 966 2441 1040 ἐμποδὼν
2492 968 2666 1033 ὄντος,
2728 971 2790 1025 Ὀ
2851 967 2897 1024 δ’
2957 970 3172 1025 ἐκείνων
3230 964 3478 1043 γαμϐρὸς
3531 968 3642 1041 (καὶ

1991 1057 2147 1118 οὗτος
2190 1058 2289 1131 γὰρ
2369 1058 2547 1133 ὥσπερ
2629 1061 2727 1127 τῆς
2813 1058 3107 1134 εὐπραγίας
3189 1064 3307 1120 τοῖς
3360 1055 3640 1133 συγγενέσι

1994 1152 2266 1220 μετεῖχεν,
2335 1146 2478 1201 οὕτω
2531 1149 2622 1201 καὶ
2680 1149 2939 1210 κοινωνὸς
2987 1146 3188 1221 ἔμελλε
3240 1146 3483 1223 γενέσθαι
3540 1153 3641 1215 τῆς

1990 1231 2347 1310 δυσπραγίας)
2409 1236 2661 1312 ἀλλαχοῦ
2718 1238 2841 1313 περί
2915 1259 3021 1292 που
3077 1238 3139 1292 τὸ
3213 1241 3320 1290 τῶν
3377 1235 3643 1311 βασιλέων

1990 1326 2172 1399 ἡρῷον
2223 1326 2296 1388 ὡς
2354 1328 2469 1401 εἶχε
2526 1326 2936 1402 παραδυόμενος
2992 1328 3178 1383 λαθεῖν
3256 1323 3532 1382 ἔσπευδεν.
3583 1328 3644 1384 Ὀ

1995 1415 2174 1486 μέντοι
2206 1436 2267 1489 γε
2297 1411 2797 1492 πρωτοϐεστιάριος
2831 1417 2881 1471 ἐν
2915 1422 3034 1479 τοῖς
3075 1414 3291 1478 ἀδύτοις
3341 1414 3431 1470 καὶ
3479 1414 3643 1478 asta;

1989 1502 2248 1567 εἷσελθὼν
2288 1509 2387 1561 τοῦ
2442 1510 2593 1575 ναοῦ,
2650 1507 2741 1565 καὶ
2798 1509 2937 1583 πρὸς
2989 1510 3061 1582 τῇ
3119 1506 3297 1583 κόγχῃ
3352 1503 3645 1581 γενόμενος

1987 1593 2087 1661 τῆς
2113 1594 2444 1667 προθέσεως,
2490 1592 2580 1651 ἐπί
2633 1615 2686 1651 τι
2743 1593 3005 1659 κιονῶδες
3063 1595 3353 1671 ἱστάμενον
3414 1592 3642 1669 ὑπανιρ-

1988 1700 2146 1757 χεται
2180 1726 2195 1753 ,
2250 1684 2338 1738 καὶ
2397 1687 2477 1739 τῶ
2532 1684 2704 1741 ἐκεῖσε
2760 1684 3026 1741 σκοτώδει
3084 1684 3178 1739 σὺν
3234 1689 3350 1746 τοῖς
3422 1681 3644 1746 ἀδύτοις

1990 1770 2196 1847 θαῤῥεῖ.
2231 1770 2394 1829 Ἀλλ’
2431 1772 2529 1828 οὐκ
2575 1772 2643 1843 ἦν
2694 1772 3017 1830 οἱστισινοῦν
3076 1772 3295 1830 ἐκείνων
3356 1770 3639 1847 διαδρᾶναι

1986 1860 2078 1915 τὸν
2136 1858 2403 1917 κίνδυνον.
2474 1860 2733 1919 Πλεῖστοι
2797 1863 2897 1939 γὰρ
2965 1863 3115 1927 ὅντες
3185 1864 3237 1919 οἱ
3290 1860 3639 1940 ἐφορμῶντες

1986 1947 2113 2012 τοὺς
2164 1951 2259 2025 μὶν
2308 1949 2514 2016 ἄλλους
2562 1951 2777 2009 ἐποίουν
2822 1951 3059 2031 φεύγειν,
3107 1954 3229 2029 περῖ
3283 1955 3354 2027 τῇ
3412 1950 3641 2027 σφετίρᾳ

1991 2042 2105 2113 ζωῇ
2156 2038 2371 2105 θέοντος
2416 2039 2681 2112 ἐκάστου,
2732 2042 3115 2108 ἀπενενοῦσθαι
3166 2039 3225 2097 δὶ
3273 2041 3365 2096 καὶ
3410 2040 3539 2101 τοὺς
3586 2039 3640 2096 ἐν

1986 2129 2133 2184 τέλει
2186 2124 2464 2185 συνέϐαινε
2524 2128 2694 2205 μηδὲν
2772 2151 3002 2208 εχοντας
3068 2131 3345 2207 πράττειν.
3403 2131 3633 2187 Ἐκεῖνοι

1990 2211 2048 2271 δὲ
2077 2214 2137 2271 ἐκ
2172 2214 2391 2273 πολλοῦ
2443 2221 2541 2274 τοῦ
2596 2220 2732 2294 πρὸς
2791 2219 2856 2275 τὸ
2904 2217 3120 2296 θαρῥεῖν
3178 2218 3469 2294 περιόντος
3525 2237 3637 2272 πα-

1991 2298 2268 2381 ράϐακχὸν
2295 2326 2349 2361 τι
2375 2307 2466 2363 καὶ
2501 2306 2729 2382 μανικὺν
2765 2304 3135 2389 ἐφαλλόμενοι
3183 2301 3423 2384 ἀκριϐῶς
3468 2305 3633 2382 ἠρεύ-

1992 2415 2124 2467 νων,
2159 2392 2329 2469 μηδὶν
2354 2401 2463 2452 τῶν
2503 2395 2601 2452 τοῦ
2657 2418 2792 2453 ναου
2848 2395 3240 2462 καταλιπόντες
3292 2395 3639 2472 ἀνεξερεύνη-

1994 2505 2108 2539 τον.
2141 2485 2298 2542 Ὅθεν
2332 2486 2419 2540 καὶ
2470 2483 2643 2549 ἄλλος
2692 2484 2864 2543 ἄλλον
2914 2487 3087 2563 εὑρών
3126 2507 3183 2542 τε
3213 2486 3303 2541 καὶ
3352 2485 3643 2559 κατασχὼν

1995 2572 2219 2643 ἀπηνῶς
2247 2574 2337 2628 καὶ
2377 2575 2453 2637 ὡς
2499 2573 2645 2647 αὐτῷ
2686 2572 2879 2631 δοκοῦν
2931 2572 3211 2652 διεχρᾶτο.
3263 2573 3341 2631 Οὐ
3376 2575 3484 2647 μὴν
3518 2570 3575 2628 δὲ
3598 2574 3650 2627 ο¹ι

1996 2659 2161 2718 ἄλλοι
2201 2662 2680 2739 κατερῥᾳθύμουν,
2713 2662 2840 2720 ἀλλ’
2887 2662 2968 2743 ἐφ’
2998 2664 3073 2721 ἐνὶ
3122 2662 3326 2720 πολλοί
3369 2681 3512 2725 τινες
3555 2682 3651 2716 πε-

1998 2751 2271 2825 ριστάντες
2329 2746 2588 2825 ἔϐαλλον,
2647 2750 2941 2823 ἕπληττον,
3001 2753 3259 2828 ᾐκίζοντο
3316 2752 3406 2807 καὶ
3464 2750 3653 2825 νεκρὸν

1998 2840 2089 2895 τὸν
2150 2839 2363 2913 ἄθλιον,
2396 2841 2470 2904 ὡς
2528 2842 2619 2897 καὶ
2676 2841 2752 2905 εἷς
2820 2839 3008 2897 πολλὰ
3061 2843 3153 2898 τὸν
3205 2840 3299 2898 ἕνα
3351 2839 3652 2897 κατακεκό-

2010 2968 2245 3025 attraxit
2274 2970 2409 3026 nisu
2440 2974 2496 3027 et
2526 2986 2704 3043 quam
2738 2970 2931 3044 potuit
2958 2969 3151 3027 valide
3181 2969 3447 3041 adduxit,
3466 2967 3654 3042 appli-

2010 3056 2246 3131 cuitque
2270 3075 2439 3116 muro
2470 3060 2714 3117 adverso
2745 3065 2865 3117 tam
2896 3063 3053 3117 arcte
3078 3064 3144 3117 ut
3166 3059 3339 3133 plane
3361 3058 3658 3116 coheren-

240 3151 679 3208 rantseditiosi:
701 3150 1319 3223 quoruminfundente
1334 3147 1897 3221 seszavaundiquevi
1934 3189 1976 3258 ϐ
2008 3148 2168 3204 tibus
2199 3147 2328 3205 sine
2358 3148 2523 3205 obice
2549 3149 2717 3206 lateri
2748 3148 2928 3207 valvis
2958 3149 3217 3223 suspicio
3249 3148 3657 3208 excluderetur

406 3257 411 3258 κ
647 3256 656 3258 -
710 3241 751 3258 .,
826 3256 879 3258 ,ο
1364 3239 1636 3258 ωηιξη
1695 3239 1771 3258 η-
1810 3237 1901 3258 με-
2010 3236 2243 3258 ._._L__
2298 3236 2412 3258 ειη-
2476 3239 2719 3258 LW”:
3413 3237 3648 3258 ..ιηημ

244 3244 370 3296 tota
388 3241 612 3312 passim
639 3241 761 3296 aade
789 3256 957 3296 sacra
980 3239 1262 3296 tumultus
1292 3239 1500 3312 ingens
1530 3239 1660 3293 fuit.
1695 3239 1776 3294 Ex
1810 3237 1902 3293 his
1935 3236 1976 3258 “‘
2010 3236 2249 3294 latebras
2298 3236 2417 3294 illic
2476 3239 2723 3295 humani
2782 3238 3047 3312 corporis
3108 3238 3359 3312 capacis.
3413 3237 3654 3295 Illorum

244 3346 376 3400 qua
411 3335 467 3385 et
493 3330 753 3386 fecerant
796 3334 852 3386 et
904 3330 1113 3385 minati
1164 3332 1331 3384 erant
1362 3327 1707 3400 priusquam
1758 3331 1905 3383 tem-

242 3419 411 3491 plum
443 3420 917 3491 ingrederentur,
952 3418 1144 3490 palam
1176 3423 1299 3474 erat
1348 3418 1558 3473 caedem
1594 3417 1754 3489 ipsos
1788 3416 1899 3489 Spi-

240 3525 396 3565 rare.
431 3510 570 3565 Erat
614 3508 1061 3580 protovestiario
1110 3507 1535 3580 grammaticus
1588 3506 1899 3563 familiaris

235 3597 724 3671 Theophylactus
800 3598 1061 3666 nomine,
1150 3614 1316 3653 meus
1390 3597 1898 3668 consanguineus,

234 3687 482 3744 domino
516 3704 619 3761 per
647 3690 847 3744 omnia
900 3687 1130 3745 similis.
1183 3692 1350 3742 Hunc
1395 3687 1780 3759 prodeuntem
1837 3690 1900 3741 ut

232 3778 463 3833 videret
495 3778 637 3850 quid
671 3778 751 3833 rei
780 3785 1034 3850 geretur,
1084 3776 1408 3849 conspicati
1459 3775 1725 3832 seditiosi
1756 3792 1892 3848 pro-

233 3866 654 3923 tovestiarium
694 3883 825 3923 esse
870 3867 1067 3939 ipsum
1119 3866 1439 3932 credidere,
1471 3864 1706 3920 fallente
1736 3864 1898 3938 ipsos

233 3957 355 4013 oris
408 3962 465 4012 et
522 3960 759 4013 staturae
812 3955 1224 4024 similitudine,
1276 3959 1334 4011 et
1380 3970 1635 4011 errorem
1680 3954 1898 4011 contir-

236 4050 446 4103 mante
505 4046 632 4119 pari
695 4050 824 4102 tum
891 4061 1103 4118 genere
1162 4044 1445 4113 vestitus;
1506 4044 1661 4116 quod
1724 4049 1789 4100 ut
1835 4045 1896 4102 in

234 4135 407 4192 luctu
439 4139 499 4190 et
537 4135 833 4207 exsequiis
887 4134 1193 4207 principis,
1252 4134 1428 4190 atrati
1472 4149 1678 4189 omnes
1732 4133 1897 4205 parvi

234 4239 405 4296 aeque
456 4240 525 4280 ac
576 4224 800 4295 magni,
852 4222 1013 4296 pulla
1060 4221 1279 4279 similis
1326 4222 1647 4278 admodum
1698 4222 1896 4278 formis

234 4318 403 4371 veste
433 4313 772 4371 utebantur.
807 4314 955 4385 Ergo
984 4312 1353 4384 buucipsum
1388 4312 1499 4367 rati
1532 4327 1707 4382 quem
1741 4327 1895 4382 qua:-

236 4403 475 4471 rebant,
509 4402 833 4459 conficiunt
862 4400 1399 4458 innumerabilibus
1449 4399 1641 4473 plagis
1674 4416 1688 4456 :
1723 4417 1895 4458 nemo

237 4494 402 4549 enim
435 4496 561 4548 erat
594 4491 691 4565 qui
724 4490 783 4547 in
808 4492 937 4563 jam
969 4490 1184 4547 mortui
1216 4506 1458 4563 corpore
1507 4489 1726 4546 ferrum
1776 4507 1894 4546 nou

2006 3340 2141 3382 vero
2174 3342 2354 3399 gener
2384 3327 2462 3401 (et
2493 3327 2587 3384 hic
2628 3329 2808 3397 enim,
2870 3333 2937 3385 ut
2994 3328 3400 3401 prosperitatis
3461 3327 3656 3383 affini-

2008 3417 2119 3473 bus
2143 3416 2437 3491 particeps
2470 3417 2679 3490 fuerat,
2711 3418 2794 3474 ita
2824 3418 2875 3474 ei
2906 3435 3150 3475 consors
3180 3417 3538 3475 calamitatis
3570 3417 3657 3472 fu-

2005 3510 2176 3564 turus
2205 3508 2351 3579 erat)
2385 3508 2647 3580 irrepens
2673 3524 2793 3580 qua
2836 3508 3033 3581 potuit
3062 3513 3120 3563 in
3171 3506 3517 3564 tenebrosae
3547 3522 3655 3561 an-

2007 3597 2241 3670 gustias
2295 3600 2449 3656 circa
2498 3602 2952 3656 monumentum
2997 3604 3402 3671 Augustorum
3473 3597 3657 3653 latere

2004 3688 2255 3746 studuit.
2288 3688 2571 3746 Caeterum
2606 3688 3088 3763 protovestiarius
3120 3689 3180 3745 in
3223 3690 3398 3763 adyta
3428 3687 3657 3760 ingres-

2006 3794 2109 3835 sus
2140 3778 2366 3852 templi,
2399 3794 2536 3837 cum
2568 3778 2935 3837 observasset
2975 3794 3154 3852 prope
3186 3794 3453 3836 mensam
3486 3775 3656 3833 altari

2005 3865 2402 3925 collateralem
2473 3866 2738 3925 vicinum
2824 3866 3060 3925 conchas
3124 3864 3653 3924 intercolumnium

2004 3957 2350 4027 obscurum,
2381 3957 2443 4015 in
2474 3956 2532 4013 id
2591 3973 2653 4014 se
2702 3956 3009 4026 abstrusit,
3063 3959 3411 4030 experturus
3452 3972 3527 4013 an
3570 3954 3654 4011 ibi

2004 4050 2205 4119 posset
2233 4045 2323 4103 vel
2372 4046 2484 4104 loci
2535 4045 2819 4120 religione
2866 4047 2955 4104 vel
3000 4048 3379 4104 tenebrarum
3428 4045 3656 4102 benefi-

2002 4136 2091 4192 cio
2123 4135 2478 4193 servari.8ed
2515 4135 2660 4194 nihil
2700 4136 2912 4194 borum
2944 4136 3092 4209 ipsis
3121 4137 3193 4193 ad
3226 4135 3530 4193 vitandum
3556 4150 3657 4208 pe-

2002 4225 2254 4282 riculum
2289 4225 2530 4299 profuit.
2576 4225 3052 4300 lrrumpeutibus
3104 4225 3263 4283 enim
3314 4224 3374 4281 in
3421 4240 3653 4281 sacram

2002 4314 2185 4370 eadem
2220 4314 2443 4371 afﬂuxu
2471 4316 2751 4371 continuo
2782 4313 3080 4387 plurimis,
3114 4318 3172 4371 et
3217 4314 3354 4371 inde
3383 4313 3500 4370 late
3528 4311 3658 4370 vul-

2001 4407 2133 4475 gato
2161 4407 2381 4461 terrore
2403 4403 2626 4477 passim
2650 4402 2784 4460 aliis
2812 4404 3010 4461 studio
3040 4401 3171 4460 vitae
3203 4402 3433 4460 tuendas
3461 4402 3659 4476 fugam

1999 4493 2402 4565 captantibus,
2434 4492 2595 4551 abire
2635 4511 2670 4551 a
2716 4492 2939 4567 templo
2988 4492 3378 4567 magistratus
3427 4508 3664 4567 quoque

238 4582 518 4655 tiugeret.
562 4585 751 4654 Atque
784 4585 848 4636 ut
879 4597 980 4651 ego
1011 4596 1082 4636 ex
1111 4580 1368 4653 quodam
1408 4579 1489 4635 ibi
1516 4579 1895 4651 praesentium
1926 4571 1973 4637 D
2005 4581 2167 4654 ipsos
2193 4582 2460 4656 contigit,
2497 4582 2644 4640 nihil
2686 4599 2817 4640 esse
2855 4583 3010 4657 quod
3062 4582 3145 4640 ibi
3192 4586 3435 4656 agerent
3480 4588 3662 4642 ratos.

237 4670 466 4741 audivi,
495 4670 674 4727 etiam
706 4670 1059 4743 sanguinem
1090 4668 1266 4726 occisi
1288 4685 1503 4726 vesana
1534 4668 1689 4726 rabie
1723 4685 1895 4726 suxe-

239 4768 404 4819 runt.
441 4759 730 4816 Caeterum
777 4760 976 4816 statim
1034 4762 1397 4831 agnoverunt
1453 4774 1517 4815 se
1571 4759 1897 4831 deceptos:

240 4867 383 4907 nam
417 4865 554 4905 cum
586 4849 752 4922 pedis
777 4847 1038 4905 calceum
1071 4848 1130 4903 in
1162 4852 1397 4904 mortuo
1426 4846 1663 4919 nigrum
1696 4848 1901 4905 obser-

239 4943 615 5012 vassent,per
635 4954 892 4995 errorem
918 4938 1061 4994 sein
1084 4936 1185 4993 illo
1209 4936 1444 4994 saevisse
1463 4935 1897 4994 intellexerunt.

241 5033 320 5088 Ac
351 5031 459 5086 ϐυ
488 5028 802 5086 confestim
831 5027 989 5085 rabie
1021 5044 1086 5084 ac
1117 5027 1367 5099 strepitu
1387 5043 1565 5098 quam
1602 5027 1900 5100 maximis,

244 5124 478 5178 armata
509 5118 732 5176 strictis
762 5118 976 5190 gladiis
1017 5135 1219 5184 manu,
1269 5116 1332 5174 in
1363 5116 1650 5189 templum
1692 5118 1899 5174 irrum.

250 5214 427 5285 punt,
474 5209 578 5266 ubi
635 5208 951 5265 homicidis
1016 5208 1439 5281 apparentibus
1506 5209 1705 5264 statim
1738 5225 1905 5265 sacer

254 5304 470 5359 cantus
500 5298 809 5369 conticuit,
843 5299 1185 5355 cantoribus
1217 5296 1351 5354 aliis
1383 5296 1497 5354 alio
1529 5298 1814 5371 dispersis
1846 5303 1905 5356 et

248 5389 487 5447 variein
520 5390 792 5463 angulos,
825 5392 928 5445 aut
953 5387 1291 5460 ubicunque
1337 5404 1511 5460 posse
1555 5387 1736 5444 latere
1767 5406 1905 5462 spe-

249 5484 625 5546 raverant,se
654 5478 1117 5535 abdentibus.At
1137 5476 1509 5534 Muzalonum
1540 5476 1635 5533 hic
1665 5478 1904 5550 quidem

251 5571 314 5627 in
357 5571 535 5643 adyta
593 5568 883 5642 confugit,
920 5574 979 5625 et
1026 5568 1136 5625 sub
1183 5566 1494 5640 mysticam
1552 5582 1616 5623 se
1646 5568 1907 5625 condens

252 5676 524 5718 mensam
559 5658 644 5715 ibi
661 5659 979 5732 putabatse
1011 5656 1242 5716 salvum
1263 5657 1383 5714 fore
1401 5673 1415 5714 :
1431 5656 1577 5714 alter
1596 5655 1908 5715 insinuans

250 5767 312 5809 se
344 5753 504 5807 retro
555 5752 788 5822 portam
846 5747 1075 5822 templi,
1136 5763 1267 5803 eam
1324 5763 1502 5821 super
1535 5763 1598 5803 se
1654 5746 1909 5805 maximo

2006 4671 2184 4728 Porro
2214 4671 2503 4743 seditiosi,
2536 4674 2835 4730 crescente
2867 4689 2981 4729 usu
3030 4676 3088 4729 et
3136 4688 3445 4730 successus
3478 4672 3663 4729 scele-

2009 4760 2092 4816 ris
2123 4760 2391 4831 audacia,
2435 4760 2725 4818 furiosum
2780 4760 2957 4834 plane
2986 4761 3046 4817 in
3098 4761 3191 4817 6|
3252 4761 3495 4817 modum
3527 4760 3663 4817 bac-

2009 4849 2309 4907 chabuudi
2341 4851 2659 4907 cursabant
2691 4854 3025 4907 scrutantes
3058 4850 3456 4908 attentissime
3487 4866 3663 4908 cunc-

2008 4943 2088 5009 ta,
2122 4939 2467 5014 nullamque
2512 4940 2719 5013 templi
2778 4944 3008 5014 partem
3040 4957 3156 4997 non
3214 4940 3546 5014 inspectam
3604 4946 3664 4999 et

2011 5029 2374 5104 exploratam
2414 5029 2821 5088 curiosissime
2850 5030 3211 5104 linquentes.
3254 5031 3419 5089 Unde
3440 5032 3661 5089 factum

2012 5124 2079 5176 ut
2107 5119 2207 5178 alii
2229 5120 2409 5176 alium
2431 5125 2729 5194 repertum
2761 5125 2818 5178 et
2837 5126 3175 5195 correptum
3200 5121 3516 5179 crudeliter
3546 5138 3663 5195 quo
3701 5122 3705 5127 ’

2011 5210 2227 5267 vellent
2256 5211 2433 5267 modo
2465 5211 2885 5284 interficerent,
2918 5209 3051 5267 aliis
3078 5210 3317 5268 interim
3347 5211 3505 5268 haud
3537 5227 3668 5269 ces-

2015 5300 2287 5357 santibus
2324 5317 2336 5356 :
2372 5317 2509 5357 nam
2560 5290 3051 5375 unumquemque
3104 5302 3669 5377 comprehensqrum

2014 5390 2188 5447 multi
2210 5390 2661 5449 circumstantes
2694 5390 3676 5465 pulsabant,cmdebaut,excarnifi-

2016 5481 2249 5552 cabant,
2280 5480 2459 5537 etiam
2490 5480 2551 5538 in
2599 5482 2798 5555 ipsum
2832 5481 3037 5538 sazvire
3090 5487 3399 5554 pergentes
3429 5482 3677 5539 cadaver

2017 5569 2398 5637 exanime,ita
2417 5575 2480 5628 ut
2499 5571 2756 5628 unumin
2776 5572 2967 5629 multa
2988 5571 3315 5628 dissectum
3338 5571 3671 5644 fragmenta

2016 5658 2133 5716 late
2165 5664 2544 5733 spargeretur
2572 5677 2810 5735 corpus.
2844 5663 3032 5717 Tanta
3057 5659 3205 5717 istos
3234 5660 3474 5718 vesania
3499 5676 3677 5733 urge-

2023 5749 2148 5821 bat,
2178 5765 2245 5806 eo
2277 5753 2585 5823 provectos
2625 5749 2879 5807 amentis
2911 5750 3103 5819 ire,ut
3134 5766 3316 5823 supra
3347 5750 3677 5808 humanum
