4212 6442
571 404 678 461 495

1873 396 2176 453 GEORGII
2213 395 2675 452 PACHYUERE

3863 399 3962 455 496

542 534 726 607 ’φθαισ
755 524 927 586 οὕτως
955 520 1194 592 ὥπλιζεν
1245 517 1442 581 αὐτοὺς
1496 521 1531 588 ἡ
1587 518 1770 589 κακία,
1823 516 1914 573 καί
1966 517 1994 571 6
2053 517 2224 591 θυμὸς
2225 524 2308 603 Ἀ
2339 514 2519 572 δύσνοι
2576 522 2696 580 τοῖς
2742 515 3072 593 βασιλεῦσιν.
3144 522 3196 575 οἱ
3253 520 3657 596 βασιλειῶντες,
3703 521 3754 575 οἳ
3809 521 3961 576 παντὶ

580 601 897 691 μεμηνότας
948 614 1120 687 θήρας
1178 609 1403 666 ἐδείκνυ.
1461 608 1568 665 Τὸν
1605 608 1783 681 μίντοι
1836 629 1895 682 γε
1942 601 2224 681 πρωτοϐε-

577 707 819 781 στιάριον
890 700 1173 777 Κάρουλός
1230 721 1312 761 τις
1372 702 1479 753 τῶν
1538 694 1745 752 ἀδύτων
1800 695 2226 769 κατατολμήσας

577 794 671 850 καὶ
729 794 796 848 τὰ
844 791 1031 847 πολλὰ
1081 788 1584 863 διερευνησάμενος,
1633 786 1747 841 ἐπεὶ
1802 785 1909 860 οὐχ
1966 784 2226 858 εὕρισκεν,

575 884 817 939 ἀπειπὼν
880 877 1109 954 ἔμελλεν
1164 878 1540 953 ὑποστρέφειν.
1591 873 1748 932 Ἀλλ’
1790 878 1825 943 ἡ
1881 880 2046 948 μοῖρα
2114 870 2227 928 οὐδ’

576 973 778 1028 ἐκεῖνον
827 970 910 1025 εἷα
951 973 1049 1024 τοῦ
1124 970 1328 1033 πάθους
1404 966 1573 1028 ἐκτος·
1651 966 1749 1032 τὴν
1809 964 1913 1040 γὰρ
1971 962 2225 1039 πρόθεσιν

576 1057 833 1116 εἰσελθὼν
923 1056 1013 1112 καὶ
1095 1053 1229 1129 τῇδε
1305 1056 1521 1109 κάκεῖσε
1585 1047 2060 1128 περιϐλεψαμενος
2139 1052 2224 1105 ἐπὶ

574 1150 757 1225 γόνασι
790 1148 1137 1216 συνιζάνοντα
1184 1144 1422 1208 κάτωθεν
1486 1141 1593 1198 εἶδε
1645 1143 1737 1197 τὸν
1798 1140 2085 1208 οἷίκτιστον,
2138 1140 2226 1195 καὶ

577 1237 710 1294 ῒδὼν
761 1239 908 1312 ὁρμᾷ
961 1237 1234 1310 καθαιρεῖν
1288 1235 1534 1303 ἀπηνῶς.
1602 1232 1701 1285 Καὶ
1759 1233 1819 1294 ὅς
1874 1228 2114 1285 δυσωπεῖ
2165 1230 2228 1284 τὸ

580 1327 778 1383 οἰκεῖον
830 1327 968 1398 αἷμα
1019 1321 1236 1378 πολλοῦ
1285 1341 1432 1381 τινος
1487 1319 1870 1392 ἐξωνούμενος.
1920 1319 1976 1372 Ὀ
2026 1316 2083 1371 δὲ
2109 1312 2232 1371 οὔτε

579 1419 715 1494 πρὸς
756 1417 819 1471 τὸ
851 1422 1045 1491 σχῆμα
1092 1420 1190 1483 τῆς
1238 1412 1468 1475 ἱκετείας
1517 1408 1733 1465 ἀπεῖδεν
1786 1408 1908 1463 οὔτε
1968 1410 2074 1481 μὴν
2127 1408 2229 1461 ὑπ-

579 1505 816 1575 εκλάσθη
869 1508 987 1567 τοῖς
1042 1497 1513 1577 ἐπηγγελμένοις,
1572 1496 1698 1553 ἀλλ’
1755 1497 1914 1562 εὐθὺς
1975 1498 2227 1571 ατασχὼν

579 1596 789 1671 ἀναιρεῖ
819 1591 1058 1670 ξιφιδίῳ.
1092 1596 1157 1666 [Ρ
1206 1593 1294 1663 35]
1350 1590 1447 1648 Καὶ
1497 1587 1671 1659 δῆλον
1704 1588 1932 1663 γεγονὸς
1979 1587 2042 1643 τὸ
2090 1608 2229 1662 πρα-

582 1686 712 1761 χθὶν
745 1684 845 1739 οὐκ
872 1684 939 1752 ἦν
970 1682 1118 1744 ὅστις
1151 1681 1316 1750 ἀπῆν,
1350 1678 1568 1750 ἐκεῖθεν,
1602 1675 1728 1732 ἀλλ’
1758 1674 1979 1739 ἕκαστος
2012 1674 2232 1737 ἐπιστὰς

580 1776 655 1835 ὡς
702 1772 846 1847 εἶχεν
909 1769 1196 1838 ούτάωζων
1235 1767 1327 1823 καὶ
1389 1768 1502 1840 μεθ’
1561 1761 1766 1840 ὕϐρεων
1800 1761 1976 1839 ᾔκιζε,
2031 1765 2119 1819 καὶ
2179 1763 2231 1819 ἐς

578 1866 840 1917 τοσοῦτον
896 1859 1139 1933 μελεϊστὶ
1208 1854 1567 1913 κατεδάσαντο
1638 1855 1775 1909 ὥστε
1817 1854 2081 1916 καὶτοὺς
2151 1853 2232 1909 ἐν·

581 1951 876 2029 ταφιαστάς
910 1948 1129 2023 ὕστερον
1176 1947 1358 2019 σάκκῳ
1386 1945 1453 2000 τὰ
1488 1944 1631 2019 μέλη
1680 1944 2006 2007 καταθέντας
2057 1943 2229 2006 οὕτως

586 2040 883 2115 ἐκφορῆσαι
936 2040 1027 2093 καί
1066 2036 1218 2114 τάφῳ
1264 2034 1471 2093 δοῦναι.
1518 2035 1665 2091 Ἐπεὶ
1711 2031 1755 2087 δ’
1807 2033 2066 2095 εἰς’τὲλος
2115 2038 2233 2095 τοῖς

586 2130 885 2203 ἀνημέροις
930 2126 1156 2189 ἐκείνοις
1208 2126 1457 2200 ἐπράχθη
1492 2124 1553 2180 τὸ
1595 2124 1883 2198 τόλμημα,
1932 2123 2055 2184 συὸς
2100 2123 2232 2196 τρό-

588 2239 690 2273 πον
713 2218 964 2288 θήξαντες
992 2215 1119 2277 τοὺς
1159 2211 1380 2275 ὀδόντας
1413 2216 1487 2277 ὡς
1520 2210 1661 2287 μηδὲ
1711 2214 1799 2268 καὶ
1829 2212 1956 2276 τοὺς
2004 2212 2055 2267 ἐν
2085 2211 2233 2267 τέλει

587 2304 900 2370 κατωπαδίς
959 2305 1174 2361 ἐκείνων
1242 2302 1387 2380 ἔχειν
1442 2309 1687 2367 ἵστασθαι
1740 2302 1829 2357 καὶ
1886 2299 2133 2376 ἐλέγχειθ
2195 2302 2230 2371 ἢ

588 2398 696 2469 μὴν
731 2394 933 2469 ἐρωτᾷν
965 2396 1016 2449 τί
1050 2395 1313 2458 παθόντες
1341 2391 1431 2447 καὶ
1463 2390 1610 2453 τίνος
1636 2392 1981 2463 ὁρμήσαντος
2010 2393 2234 2444 τοιαῦτα

582 2485 895 2562 πράττοιεν,
952 2484 1040 2539 ἐπὶ
1068 2483 1162 2545 τὰς
1194 2483 1394 2553 σκηνὰς
1454 2479 1606 2544 εὐθὺς
1638 2479 1841 2552 ὥρμων
1898 2484 2007 2534 τῶν
2040 2499 2231 2556 φονευ-

584 2577 805 2644 θέντων,
863 2574 955 2629 καὶ
1004 2574 1049 2645 ᾧ
1098 2570 1475 2647 ⁵προστετύχει
1522 2567 1746 2632 ἕκαστος
1806 2569 1921 2641 μεθ’
1981 2569 2062 2623 ὅτι
2121 2588 2234 2642 γεν-

580 2664 734 2721 ναίου
787 2664 884 2719 τοῦ
942 2663 1391 2737 παράστήματος,
1440 2660 1514 2721 ὡς
1562 2656 1779 2720 οὐδενὸς
1834 2661 2018 2713 καινοῦ
2071 2678 2233 2731 γεγο-

580 2753 758 2825 νότος,
788 2751 1071 2829 ἐξεφόρουν
1130 2748 1549 2825 ἐπεγγελῶντες,
1608 2747 1697 2802 καὶ
1743 2747 1806 2801 τὸ
1862 2746 1947 2801 ἐπὶ
1978 2744 2232 2821 γλώσσης

584 2842 839 2920 ἔγκλημα
892 2839 1153 2916 συχνάκις
1214 2838 1506 2915 λεγόμενον
1561 2840 1651 2907 ἦν,
1710 2859 1738 2891 α
1780 2838 1847 2893 Οἱ
1900 2835 2092 2910 ἐχθροὶ
2144 2835 2234 2890 καὶ

553 2951 829 3008 -modum
854 2949 1040 3005 ferina
1078 2963 1323 3020 prorsus
1363 2946 1523 3001 rabie
1555 2949 1812 3001 ruerent.
1845 2944 2236 3010 Quaerensde-

550 3041 765 3113 ~nique
790 3036 1301 3112 protovestiarium
1349 3034 1590 3090 Carolus
1641 3034 1882 3105 quidam
1934 3037 2237 3105 penetrare

586 3146 770 3187 ausus
793 3130 852 3184 in
876 3129 1133 3199 adyta,et
1161 3126 1243 3181 ibi
1274 3123 1461 3181 multa
1482 3123 1897 3195 nequidquam
1916 3128 2235 3191 scrutatus,

2330 606 2538 681 τρόπῳ,
2575 606 2620 661 εἰ
2666 608 2741 680 μὴ
2773 606 3107 681 κεκώλυντο,
3140 610 3249 664 οἷοί
3296 613 3344 665 τ’
3394 612 3569 684 ἄρξαι,
3602 611 3653 665 oi.
3682 614 3778 665 τοῦ
3810 630 3961 685 στρα-

2328 701 2592 750 τιωτικοῦ
2621 694 2923 772 ἀλιτήριοι,
2984 698 3036 751 οἱ
3096 698 3437 775 μαγγανείαις
3488 700 3583 772 μὲν
3631 701 3721 754 τὸν
3771 697 3967 774 πατέρα

2336 786 2452 857 μεθ’
2485 784 2862 855 ὑπουλότητος
2918 783 3262 857 ὑπελθόντες,
3296 788 3543 865 φυλακῆς
3603 786 3659 843 δὲ
3698 785 3826 863 δόξῃ
3883 789 3966 842 καὶ

2334 872 2626 945 ἀσφαλείας
2702 879 2783 946 τῷ
2859 876 2963 947 υἱῷ
3019 873 3444 953 ἐφεδρεύοντες,
3521 878 3596 939 ὡς
3680 875 3967 932 δεδώκασιν

2333 962 2480 1032 ἀξίας
2509 964 2598 1018 καὶ
2632 963 2705 1025 ὡς
2734 961 2839 1018 ἔδει
2886 963 2983 1026 τὰς
3043 963 3215 1036 δίκας,
3266 967 3340 1028 ὡς
3395 966 3618 1028 εῗκότως
3675 964 3967 1041 διαπεπρά-

2334 1072 2522 1128 χαται,
2554 1053 2643 1107 καὶ
2674 1052 2747 1115 ὡς
2778 1052 3037 1118 εὐνοϊκῶς
3089 1060 3185 1109 τοῦ
3244 1056 3442 1111 λοιποῦ
3499 1054 3863 1129 δουλεύσομεν
3893 1060 3968 1127 τῷ

2337 1140 2569 1216 δεσπότῃ
2624 1146 2729 1196 τῶν
2789 1142 2987 1206 ἐκεῖθεν
3048 1143 3454 1220 ἀπαλλαγέντες
3509 1149 3709 1201 κακῶν.
3749 1171 3769 1197 ιι
3821 1146 3971 1199 Ταῦτ’

2336 1228 2546 1305 ἔλεγον,
2605 1232 2695 1285 καὶ
2750 1229 2899 1286 λείαν
2948 1234 3143 1289 Μυσῶν
3200 1233 3458 1289 τάκείνων
3501 1234 3744 1303 ἐποίουν,
3796 1234 3973 1312 ἀμφο-

2334 1318 2515 1393 τέραις
2572 1318 2949 1391 ἐξαντλοῦντες
3018 1323 3110 1376 τὸν
3172 1323 3411 1377 πλοῦτον
3467 1323 3526 1378 ἐκ
3575 1325 3683 1379 τῶν
3738 1328 3971 1394 σκηνῶν.

2335 1409 2559 1465 Τούτων
2608 1408 2703 1463 οὖν
2753 1409 2895 1464 οὕτω
2936 1409 3319 1485 τελεσθέντων,
3368 1410 3601 1486 μηδενὸς
3652 1411 3769 1468 ο⁹ίου
3817 1434 3875 1468 τε
3914 1410 3972 1468 δο

2335 1503 2560 1560 κοῦντος
2644 1504 2919 1574 μαργῶντι
3001 1500 3201 1571 πλήθει
3283 1501 3373 1556 καὶ
3446 1501 3684 1578 ἀναρχίᾳ
3727 1500 3981 1577 ἐμποδὼν

2332 1586 2599 1656 τίστασθαι,
2630 1591 2737 1642 τῶν
2799 1588 2892 1660 μὲν
2938 1593 3055 1650 ταῖς
3114 1588 3395 1659 ἀληθείαις
3441 1587 3721 1663 δεδιότων,
3770 1596 3875 1646 τῶν
3926 1589 3980 1646 δὲ

2338 1676 2428 1732 καί
2483 1676 2619 1731 κατά
2663 1678 3031 1751 προσποίησιν
3100 1681 3353 1752 (σημεῖον
3420 1676 3477 1734 δέ
3518 1696 3532 1711 ·
3587 1681 3677 1735 καὶ
3730 1683 3831 1756 γὰρ
3885 1684 3981 1750 τῆς

2338 1770 2435 1820 τοῦ
2505 1760 3005 1841 πρωτοϐεστιαρίου
3076 1767 3310 1844 συζύγου
3379 1767 3491 1823 ἐκεῖ
3556 1769 3836 1846 παρούσης
3892 1770 3981 1825 καὶ

2342 1852 2489 1909 δεινά
2518 1854 2782 1925 ποιούσης
2821 1854 2910 1909 καὶ
2960 1854 3227 1930 λεγούσης
3285 1856 3374 1911 ἐπὶ
3427 1863 3543 1919 τοῖς
3597 1858 3981 1931 τολμηθεῖσιν,

2338 1940 2752 2021 ἐμϐριθέστερον
2803 1947 2830 2000 6
2884 1947 3046 2023 μέγας
3098 1946 3463 2010 κονοσταῦλος
3491 1950 3582 2004 καὶ
3634 1950 3778 2012 θεῖος
3822 1949 3985 2005 αὐτό-

2342 2037 2425 2089 θεν
2474 2034 2690 2110 ἐπεῖχεν
2724 2079 2743 2108 ,
2795 2034 3091 2091 ἐπιτάττων
3165 2042 3321 2111 σιγᾷν
3377 2032 3691 2116 φοϐουμένῃ
3766 2060 3841 2113 μη
3894 2041 3981 2094 καὶ

2342 2123 2476 2192 αὐτη
2526 2125 2713 2195 πάθοι,
2772 2124 2820 2178 εἴ
2878 2126 2953 2198 μὴ
3017 2127 3218 2201 σιγῲη,
3265 2127 3334 2181 τὰ
3390 2128 3599 2201 ὅμοια),
3634 2161 3700 2170 -
3731 2128 3805 2189 ὡς
3857 2133 3984 2203 γοῦν

2343 2212 2715 2289 συνεχύθησαν
2776 2212 3023 2283 ἅπαντες,
3075 2214 3163 2269 καὶ
3208 2215 3388 2289 κύριοι
3445 2217 3533 2271 καὶ
3598 2217 3860 2293 ὑπηρέται
3905 2216 3987 2272 ἐπ’

2345 2300 2467 2371 ἷίσης
2518 2301 2667 2376 εἶχον
2708 2307 2815 2357 τῶν
2867 2298 3137 2379 φοϐερῶν,
3190 2302 3415 2360 ἐκάστου
3466 2310 3755 2375 ζητοῦντος
3784 2305 3847 2362 τὸ
3878 2308 3988 2362 σώ-

2345 2397 2543 2461 ζεσθαι,
2603 2392 2924 2465 ἀπαίρουσιν
2999 2392 3194 2447 ἐκεῖθεν
3283 2393 3463 2466 εὐθὺς,
3541 2394 3625 2473 ἐφ’
3682 2394 3713 2450 6'
3784 2417 3835 2450 τι
3899 2398 3990 2450 καὶ

2342 2480 2731 2555 παραγένοιντο
2768 2483 2843 2553 μή
2877 2481 3277 2557 φροντίσαντες,
3307 2484 3395 2538 καὶ
3445 2483 3536 2538 σὺν
3588 2482 3763 2539 οὺδενὶ
3794 2483 3988 2557 κόσμῳ

2342 2569 2648 2646 φεὺγοντες.
2700 2573 2795 2641 Τῷ
2828 2572 2921 2643 μὲν
2987 2569 3201 2645 βασιλεῖ
3258 2570 3475 2647 ἀσφαλῆ
3529 2572 3695 2629 πλέον
3727 2574 3763 2642 ἢ
3794 2594 3989 2651 προτε-

2343 2679 2433 2733 ρον
2488 2659 2555 2714 τὰ
2581 2665 2680 2728 τῆς
2723 2658 2970 2736 φυλακῆς
3018 2660 3299 2736 ἐφιστῶσι,
3349 2664 3483 2735 μήτι
3523 2664 3613 2717 καὶ
3661 2666 3991 2738 νεωτερισθῇ

2340 2747 2531 2805 πλέον.
2604 2746 2762 2805 Οὕτω
2839 2752 3217 2825 συγχυθέντων
3297 2749 3549 2807 ἀπάντων
3584 2795 3598 2823 ,
3646 2749 3872 2817 ἕκαστος
3926 2754 3994 2809 τὰ

2341 2836 2459 2899 καθ’
2489 2836 2699 2907 ἑαυτὸν,
2730 2836 2805 2899 ὡς
2838 2838 2976 2913 εἶχε,
3008 2836 3284 2915 κατησφα)
3306 2838 3465 2908 ίζετο.

2345 2943 2702 3011 affectantes,
2738 2948 2797 2999 et
2826 2946 3031 3017 quovis
3063 2947 3256 3017 modo,
3289 2946 3403 3003 nisi
3427 2946 3512 3004 sic
3543 2947 3997 3021 prohiberentur

2343 3034 2414 3088 ad
2441 3033 2813 3105 tyrannidem
2840 3036 3481 3107 perventuri,militaris
3504 3038 3730 3095 ordinis
3746 3055 3989 3111 oppres-

2346 3138 2507 3178 sores
2540 3123 2934 3191 detestabiles,
2966 3124 3329 3197 magicarum
3361 3126 3579 3183 artium
3625 3126 3997 3184 clandestino

589 3221 899 3291 desperata
927 3215 1261 3272 inventione
1292 3214 1561 3270 recedere
1607 3213 1870 3284 parabat.
1913 3214 2023 3269 Sed
2048 3214 2235 3269 fatum
2267 3212 2309 3279 C
2348 3211 2633 3269 maleficio
2663 3212 2721 3267 in
2752 3217 2977 3285 patrem
3005 3218 3342 3286 Augustum
3391 3216 3663 3286 grassati,
3716 3217 3839 3272 filio
3886 3233 3996 3289 pu-

560 3342 561 3345 η
589 3325 706 3365 non
738 3306 873 3365 sivit
892 3304 1061 3360 illum
1084 3304 1329 3360 evadere
1358 3303 1687 3358 immunem
1711 3302 1913 3357 damni
1949 3319 1961 3358 :
1988 3320 2122 3359 nam
2148 3319 2236 3358 re-

556 3400 828 3469 sumpta
870 3399 1109 3466 repente
1150 3391 1397 3449 Carolus
1456 3391 1758 3446 scrutandi
1817 3408 1956 3448 cura
2005 3409 2235 3448 sacram

589 3501 858 3541 mensam
889 3483 1154 3551 subiens,
1186 3486 1243 3536 et
1274 3481 1387 3536 huc
1417 3480 1675 3551 illucque
1722 3496 1965 3537 versans
2013 3482 2236 3549 oculos,

590 3576 941 3647 depressum
972 3571 1184 3627 subtus
1227 3570 1286 3625 in
1336 3586 1529 3643 genua
1579 3568 1980 3625 miserrimum
2027 3571 2235 3643 depre-

554 3699 561 3704 -
590 3663 817 3730 bendit,
848 3678 953 3717 nec
984 3659 1221 3716 distulit
1262 3660 1321 3715 in
1368 3675 1504 3715 eum
1555 3658 1960 3715 trucidaturus
1992 3660 2236 3730 irruere,

584 3750 811 3809 frustra
839 3751 939 3807 illo
971 3751 1340 3822 deprecante,
1374 3754 1431 3804 et
1462 3754 1752 3821 quantum
1780 3748 1950 3805 vellet
1980 3750 2071 3805 sui
2105 3768 2237 3806 san-

590 3842 786 3915 guinis
816 3841 1093 3897 ofl'erente
1125 3837 1694 3909 pretium,siquidem
1724 3838 1873 3895 latro
1899 3856 2002 3895 nec
2032 3839 2236 3896 habitu

592 3930 880 4003 supplicis
911 3930 1229 3993 flexus,nec
1251 3926 1440 3999 rigore
1462 3926 1645 3982 animi
1678 3928 2083 3999 magnitudine
2107 3947 2238 4002 pro.

593 4020 917 4077 missorum
949 4017 1036 4073 vel
1073 4016 1367 4072 tantillum
1393 4016 1868 4086 infracto,slatim
1909 4018 2240 4091 apprehen-

558 4148 565 4153 .
593 4126 728 4167 sum
760 4108 1013 4180 pugione
1044 4107 1312 4162 confecit.
1342 4106 1504 4169 Quod
1537 4123 1670 4161 cum
1703 4123 1839 4162 mox
1867 4114 2023 4165 esset
2044 4110 2242 4181 publi-

594 4204 816 4268 catum,
849 4195 1050 4251 nullus
1083 4195 1195 4250 fuit
1224 4195 1322 4266 qui
1356 4211 1422 4250 eo
1455 4212 1571 4250 non
1603 4202 1933 4253 accurreret
1963 4215 2030 4253 ac
2060 4215 2242 4271 supra

557 4325 565 4331 -
593 4286 1014 4344 stanscaaderet
1032 4300 1281 4355 cumque
1300 4283 1657 4341 contumelia
1670 4286 2243 4344 conscinderetmor-

591 4376 1064 4447 tuum.Adeoque
1084 4374 1250 4430 illum
1270 4375 1624 4430 menbratim
1649 4375 2241 4450 conciderunt,utqui

593 4466 808 4521 deinde
824 4464 1069 4537 sepelire
1085 4463 1665 4529 voluerunt,necesse
1678 4465 2243 4524 habueruntlaceros

2342 3302 2484 3374 pillo
2516 3304 2710 3375 specie
2735 3304 3015 3360 custodiae
3048 3310 3105 3361 et
3144 3307 3492 3377 praestandae
3541 3307 3879 3363 securitatis
3902 3307 3999 3362 in-

2343 3392 2726 3461 sidiantes,ut
2755 3410 2958 3466 pmnas
2990 3394 3279 3451 dederunt
3300 3400 3473 3466 prout
3501 3396 3761 3469 oportuit
3783 3396 4000 3469 digna!

2345 3487 2410 3538 ut
2430 3484 2567 3555 jure
2597 3499 2662 3538 ac
2695 3482 2918 3538 merido
2936 3484 3093 3555 quod
3123 3484 3319 3541 decuit
3348 3485 3568 3541 factum
3598 3487 3723 3542 est!
3751 3489 3816 3541 ut
3835 3483 4003 3540 ﬁdeli

2344 3588 2410 3628 ac
2438 3572 2645 3628 devoto
2677 3571 2903 3628 alacres
2935 3573 3151 3641 animo,
3185 3573 3314 3630 dira
3344 3573 3730 3631 scelestorum
3763 3572 4001 3630 liberati

2343 3662 2683 3734 tyrannide,
2742 3661 2988 3718 Domino
3045 3663 3320 3735 deinceps
3376 3664 3806 3721 serviemus!»
3864 3667 4003 3722 Haec

2325 3751 2525 3807 simul
2556 3751 2973 3823 loquebantur,
3008 3752 3184 3808 simul
3228 3753 3469 3823 impune
3520 3753 3681 3811 velut
3723 3770 3754 3809 e
3813 3754 3999 3827 Mysis

2346 3841 2605 3914 praedam
2635 3841 3048 3912 congerebant,
3079 3846 3321 3914 agentes
3354 3842 3725 3916 ferentesque
3754 3859 3846 3900 res
3876 3844 4007 3916 opi-

2349 3948 2479 3986 mas
2500 3945 2530 3985 e
2553 3930 2727 4001 plena
2746 3929 3118 3986 Muzalonum
3137 3931 3471 3988 domo.Hzee
3496 3931 3558 3988 in
3581 3931 3737 3988 hunc
3756 3934 4007 3989 modum

2360 4024 2499 4075 sunt
2553 4022 2702 4087 aeta,
2755 4019 2991 4075 nemine
3037 4019 3148 4076 sibi
3198 4024 3431 4077 tantum
3485 4022 3855 4077 auctoritatis
3902 4027 4016 4078 aut

2348 4108 2557 4163 virium
2592 4107 2788 4165 inesse
2841 4113 3105 4181 putante,
3149 4113 3370 4181 quanto
3416 4114 3576 4167 esset
3624 4127 3772 4182 opus
3803 4112 3878 4167 ad
3911 4127 4013 4168 re-

2351 4197 2728 4270 primendum
2776 4198 3036 4254 furorem
3088 4198 3379 4255 effrenatas
3422 4198 3846 4267 multitudinis,
3901 4200 4019 4257 ob-

2349 4287 3063 4359 standiquecontumacize
3084 4286 3281 4360 legum
3301 4293 3358 4343 et
3375 4287 4017 4361 imperiivictrici,aliis

2349 4392 2548 4432 revera
2576 4376 2946 4444 timentibus,
2978 4376 3110 4434 aliis
3140 4376 3565 4435 simulantibus
3590 4378 4015 4437 timorem.Ar-

2349 4471 2624 4536 gumento
2656 4466 2735 4522 sit
2761 4468 2914 4538 quod
2948 4467 3377 4539 protovestiarii
3426 4484 3666 4525 uxorem
3702 4468 3822 4526 illie
3853 4487 4018 4542 proe-

592 4560 652 4611 et
680 4553 1015 4610 abinvicem
1031 4553 1560 4609 discissosartusin
1576 4570 1813 4610 saccum
1829 4556 2103 4628 colligere
2126 4574 2241 4630 quo
2277 4591 2321 4655 Β
2353 4559 2600 4623 sentem,
2633 4559 2691 4611 et
2720 4571 2849 4626 quae
2882 4572 2989 4628 par
3034 4560 3160 4612 erat
3197 4556 3493 4613 videntem
3521 4557 3664 4614 talia
3693 4558 4021 4631 deploran-

594 4646 666 4701 ad
696 4643 1062 4716 sepulturam
1093 4643 1293 4698 efferre
1330 4648 1591 4714 possent.
1626 4643 1943 4715 Postquam
1977 4662 2110 4701 vero
2143 4648 2247 4701 im-

594 4750 798 4791 manes
828 4732 1195 4804 sanguinarii
1218 4732 1331 4787 voti
1361 4749 1426 4788 se
1454 4737 1752 4804 compotes
1784 4740 2112 4805 perpetrato
2143 4753 2243 4791 au-

594 4823 908 4879 dacissimo
941 4821 1157 4878 scelere
1186 4821 1482 4889 viderunt,
1514 4827 1639 4877 tum
1661 4839 1794 4879 vero
1824 4823 2071 4880 stridere
2098 4827 2238 4881 den-

593 4914 755 4970 tibus
788 4913 978 4968 instar
1008 4928 1287 4984 aprorum
1319 4911 1741 4982 frendentium,
1776 4918 1840 4967 ut
1870 4929 2041 4970 nemo
2062 4916 2241 4971 etiam

595 5002 951 5075 optimatum
970 5006 1071 5057 aut
1092 5002 1546 5074 magistratuum
1563 5002 1663 5058 62
1688 5018 1870 5075 prope
1888 5003 2034 5075 ipsis
2053 5009 2245 5062 astare

594 5093 935 5159 sustineret,
964 5090 1149 5147 multo
1188 5091 1387 5146 minus
1441 5090 1892 5162 reprehendere,
1951 5098 2055 5149 aut
2098 5095 2240 5166 quid

594 5180 755 5255 passi
787 5198 971 5254 quove
998 5182 1314 5252 instigante
1347 5179 1485 5236 talia
1515 5180 1771 5237 facerent
1800 5183 2240 5255 rogare.Subito

594 5272 806 5328 deinde
864 5272 1017 5327 aedes
1074 5271 1419 5343 irruperunt
1494 5270 1963 5341 interfectorum,
2043 5275 2241 5348 ibique

590 5361 879 5433 quidquid
911 5360 1125 5433 cuique
1176 5361 1334 5432 quod
1380 5359 1653 5432 placeret,
1706 5369 2061 5433 occurrerat,
2118 5371 2239 5421 tam

588 5468 794 5508 secura
820 5450 1129 5506 ludibundi
1161 5466 1227 5505 ac
1259 5449 1520 5505 ridentes
1542 5450 1864 5509 efferebant
1892 5453 2143 5509 audacia
2172 5472 2240 5511 ac

586 5541 636 5596 si
665 5540 809 5595 nihil
843 5540 974 5596 novi
1007 5539 1377 5610 contigisset,
1408 5539 1467 5594 iu
1496 5556 1594 5595 ore
1628 5538 1910 5598 habentes
1942 5559 2008 5598 ac
2034 5544 2237 5601 crebro

585 5636 865 5686 iterantes
890 5634 1259 5686 mortuorum
1283 5628 1506 5685 crimen
1520 5628 1615 5687 his
1633 5646 1981 5702 expressum
2013 5634 2230 5689 verbis:

588 5741 618 5771 ι(
646 5724 854 5777 Hostes
886 5725 943 5775 et
982 5718 1310 5792 proditores
1354 5719 1802 5791 imperatorum,
1836 5722 2232 5794 principatum

2358 4650 2477 4699 tem
2498 4661 2565 4699 ae
2589 4644 3211 4717 loquentem,magnus
3230 4645 3614 4703 conostaulus
3635 4648 3766 4718 ejus
3804 4653 4020 4721 patrue

2326 4748 2328 4750 '
2357 4734 2611 4806 graviter
2641 4734 2989 4806 increpitam
3021 4734 3307 4807 corripuit
3335 4739 3394 4790 et
3422 4736 3595 4792 silere
3606 4738 3809 4808 jassit,
3846 4742 4021 4794 metu

2359 4840 2432 4880 ne
2462 4827 2763 4896 pateretur
2779 4823 2905 4879 viro
2935 4822 3236 4891 similia,si
3266 4824 3460 4881 verbis
3494 4825 3725 4882 irritare
3746 4827 4023 4884 furentes

2357 4917 2800 4985 pergeret.Ergo
2822 4912 3096 4969 cohibitis
3118 4913 3176 4969 in
3199 4913 3430 4986 direpta
3450 4914 3627 4971 domo
3650 4915 3777 4988 pari
3799 4917 4026 4973 timore

2358 5003 2460 5058 63
2482 5003 2712 5059 cunctis
2742 5018 2906 5074 reque
2936 5002 3195 5059 dominis
3233 5006 3291 5059 et
3339 5003 3603 5075 famulis,
3655 5020 4025 5077 unoquoque

2358 5092 2418 5148 in
2450 5092 2615 5147 luero
2646 5097 2899 5164 ponente
2929 5091 2981 5147 si
3010 5090 3209 5149 salvus
3230 5093 3855 5164 evaderet,abscedunt
3877 5096 4026 5153 inde

2356 5181 2618 5238 tandem.
2653 5180 2799 5235 nihil
2851 5180 3017 5252 pensi
3068 5180 3355 5239 habentes
3404 5199 3520 5255 quo
3578 5183 3895 5253 ferrentur,
3951 5202 4026 5243 ac

2357 5270 2527 5342 quasi
2557 5270 2848 5343 fugientes
2880 5270 3043 5327 nullo
3071 5271 3300 5343 ordine,
3331 5272 3584 5345 principi
3606 5274 3850 5345 quidem
3866 5275 4024 5331 vali-

2354 5360 2578 5416 diorem
2610 5375 2789 5431 quam
2820 5359 2988 5431 prius
3018 5361 3348 5417 custodiam
3379 5369 3711 5435 apponunt,
3745 5379 3818 5420 ne
3866 5366 4025 5437 quid

2353 5466 2423 5506 ex
2452 5466 2519 5505 eo
2548 5465 2703 5505 novre
2732 5448 2813 5504 rei
2846 5453 3045 5520 posset
3075 5466 3411 5525 exsurgere.
3442 5452 3531 5508 Sic
3565 5454 3829 5511 confusis
3861 5471 4023 5512 cun-

2351 5536 2902 5609 etis,unusquisque
2924 5539 3227 5597 securitati
3248 5557 3316 5597 ac
3345 5541 3522 5599 saluti
3557 5543 3808 5617 propria
3830 5562 4028 5618 quam

2354 5632 2586 5700 poterat
2616 5626 3070 5699 diligentissime
3099 5630 3364 5687 cavebat.
