4258 6438
176 354 283 411 497

535 542 804 625 εχώρουν,
828 542 891 602 ὀί
933 546 989 603 δὲ
1029 542 1467 625 διεφυλάττοντο.

179 661 259 728 [Ρ
314 660 423 730 36]
479 658 581 713 Καὶ
644 657 696 711 οἱ
760 658 852 730 μὲν
932 656 1069 733 ἀμφὶ
1128 657 1219 711 τὸν
1290 652 1633 729 Καρυανίτην
1687 675 1835 730 πρω-

173 743 591 821 τοϐεστιαρίτην
648 743 771 801 τότε
823 743 1190 819 τυγχάνοντα,
1242 742 1409 819 ἄνδρα
1466 745 1695 819 γεραρὸν
1742 743 1829 797 καὶ

174 834 397 892 πο).λοῦ
452 856 601 897 τινος
662 834 806 905 ἄξιον
844 882 859 907 ,
921 838 1067 909 φυγῇ
1125 832 1371 908 ἐχρῶντο
1427 835 1563 907 πρὸς
1621 834 1826 909 Πέρσας

174 924 636 998 αύτομολοῦντεςε
689 924 751 978 ού
803 924 1020 999 βασιλεῖ
1086 922 1451 989 ἐγκοτοῦντες,
1500 920 1647 977 ἀλλὰ
1703 923 1823 995 περὶ

175 1015 393 1075 ἑαυτοῖς
426 1009 727 1073 δεδοικότες
760 1008 853 1065 διὰ
889 1011 988 1079 τήν
1019 1014 1126 1065 τῶν
1158 1009 1496 1085 πραγμάτων
1542 1009 1824 1084 σύγχυσιν.

175 1100 303 1159 Εἴτε
333 1104 441 1177 γὰρ
470 1096 825 1163 αὐτοϐούλως
872 1100 1076 1173 ὥρμων
1119 1100 1169 1153 οἱ
1218 1096 1527 1171 ἐπιθέμενοι
1557 1101 1630 1171 μή
1677 1120 1826 1160 τινος

174 1196 601 1266 παρορμῶντος,
652 1185 797 1264 ἔχειν
862 1190 951 1244 καὶ
1019 1188 1183 1243 πάλιν
1244 1188 1417 1250 οὕτως
1468 1190 1640 1262 ὁρμᾷν
1696 1185 1826 1259 μηδ’

174 1281 357 1335 ὁτιοῦν
409 1278 787 1340 κολασθέντας⁸
840 1276 947 1333 εἴτε
1012 1278 1099 1332 καὶ
1151 1274 1314 1332 ἄλλοι
1366 1282 1497 1352 σφᾶς
1541 1277 1826 1352 ὁρμῶντας

172 1370 575 1444 παρώτρυναν,
642 1366 875 1431 ἐκείνους
923 1365 1011 1421 καὶ
1067 1368 1182 1421 κατ’
1241 1366 1415 1421 αὐτῶν
1469 1366 1824 1441 παροτρύνειν

169 1456 317 1533 ἔχειν
374 1502 393 1527 ,
478 1454 757 1511 κάντεῦθεν
840 1453 1164 1511 κινδυνεύειν
1255 1457 1330 1528 μὴ
1410 1452 1825 1529 προσδοκῶντας

168 1545 449 1616 πολλοὺς,
502 1546 590 1601 καὶ
644 1544 858 1619 μᾶΑλον
909 1544 1036 1609 τοὺς
1087 1545 1169 1600 ἐπ’
1213 1543 1453 1615 ἐξουσίας
1505 1538 1682 1616 ὄντας,
1740 1546 1823 1606 οἷς

170 1637 198 1692 6
228 1635 431 1713 φθόνος
476 1636 701 1712 ὑφεῖρπε
736 1632 914 1699 πολὺς
967 1633 1056 1689 καὶ
1106 1631 1299 1698 δεινός.
1348 1634 1409 1687 Oi
1463 1634 1556 1707 μὲν
1604 1632 1695 1688 οὖν
1738 1630 1827 1688 διά

166 1729 339 1780 ταῦτα
370 1723 658 1800 αὑτονυχεῖ
704 1723 831 1788 εὐθὺ
878 1720 1136 1799 Περσίδος
1186 1723 1288 1777 ἀνὰ
1336 1722 1531 1798 κράτος
1560 1720 1822 1793 ἤλαυνον,

169 1812 340 1869 ἄλλοι
386 1810 430 1867 δ’
479 1810 732 1889 ἀλλαχοῦ
775 1812 1110 1888 ἀνεχώρουν,
1155 1808 1436 1877 κινδύνους
1477 1811 1822 1890 ὑφορώμενοι

166 1903 297 1966 τοὺς
334 1904 647 1978 μεγίστους,
676 1901 839 1958 ἄλλοι
873 1899 932 1957 δὲ
959 1903 1046 1956 καὶ
1095 1901 1171 1964 ὠς
1218 1901 1410 1957 οἷοίτ’
1455 1902 1591 1971 ἦσαν
1635 1899 1815 1980 διεφυ-

164 1992 435 2049 λάττοντο
493 1994 550 2045 Ὁ
636 1991 819 2065 μέντοι
879 2012 939 2067 γε
1014 1990 1181 2067 μέγας
1254 1988 1620 2054 κονοσταῢλος
1692 1989 1820 2055 τοὺς

160 2080 442 2161 ἀδελφοὺς
500 2080 820 2152 ἐπιστήσας,
868 2081 1022 2143 νέους
1074 2078 1230 2143 ὄντας
1276 2072 1367 2135 καὶ
1420 2077 1695 2151 σῦνετοὺς,
1744 2081 1817 2135 ὦν

162 2172 359 2235 ἆτερος
423 2174 518 2246 μὲν
578 2173 857 2243 Ἰωάννης,
915 2173 943 2227 6
1003 2169 1061 2227 δὶ
1119 2169 1367 2249 δεύτερος
1445 2172 1558 2244 μετ’
1616 2170 1818 2227 ἐκεῖνον

164 2265 572 2324 Κωνσταντῑνος
644 2260 921 2335 ἐλέγοντο,
970 2259 1253 2337 ὀφφικίοις
1326 2256 1486 2316 οὔπω
1556 2280 1819 2335 σεμνυνο-

166 2353 390 2424 μένους,
437 2350 532 2414 τάς
618 2349 931 2427 πρεπούσας
1014 2348 1189 2422 ἐαυτῷ
1264 2347 1507 2427 φυλακὰς
1567 2350 1820 2419 καθίστη.

163 2441 439 2513 Ἐντεῦθεν
496 2440 591 2513 μὶν
661 2440 748 2495 καὶ
816 2439 1198 2516 συνεχέστερον
1247 2438 1477 2517 ἐφοίτων
1525 2438 1661 2515 πρὸς
1724 2439 1823 2515 βα·-

164 2528 359 2599 σιλέα,
411 2530 504 2584 καὶ
564 2526 889 2602 διημέρευον
968 2528 1060 2583 σὺν
1113 2527 1319 2600 ἐκείνῳ,
1377 2530 1429 2605 oi
1486 2525 1708 2592 πλείους
1764 2524 1821 2583 δὲ

159 2618 251 2675 καὶ
296 2616 723 2694 διενυκτέρευον.
776 2619 857 2673 Τὰ
922 2615 979 2672 δέ
1024 2621 1124 2684 τῆς
1172 2619 1309 2692 πρὸς
1355 2617 1551 2672 ἐκεῖνον
1612 2616 1820 2679 εύνοίας

162 2708 252 2764 καὶ
283 2709 524 2770 πίστεως
554 2712 648 2763 καῖ
697 2712 912 2781 μᾶλλον
959 2704 1417 2785 φιλοτιμούμενοι
1455 2706 1593 2782 πρὸς
1638 2704 1817 2777 ἀλλή-

160 2798 294 2860 λους
327 2794 729 2852 ἐνεδεικνύοντο
759 2798 823 2871 [Ρ
855 2800 946 2871 37]
978 2795 1191 2874 ἐμφανῆ
1234 2796 1322 2851 καὶ
1356 2797 1428 2859 ὡς
1474 2796 1576 2851 οὐκ
1627 2792 1816 2859 ἄλλως

161 2908 222 2963 γε
253 2886 496 2961 μείζονα.

1255 354 1353 407 DE
1392 351 1766 407 MICHABLE
1803 350 2250 410 PALEOLOGO
2285 356 2420 411 LIB.
2460 361 2505 412 Ι.

175 481 221 535 κ’
255 522 271 538 .
330 480 523 543 ’Ὀπως
574 482 685 532 τῶν
748 474 1080 551 μεγιστᾴνων
1156 472 1251 551 διὰ,
1300 473 1466 530 ταῦτὰ
1518 496 1659 538 τινες
1732 474 1824 529 ὑπ·
1856 476 1906 544 Α
1936 475 2058 532 κα“.

3486 363 3590 419 498

2134 478 2321 542 Ὅπως
2396 478 2771 568 ἐφιλονείκρυν
2861 486 2913 568 οξ
2969 482 3231 568 ἄρχοντες
3292 486 3415 564 περί
3486 490 3585 558 τήν

2362 553 2458 607 τοῦ
2502 553 2767 627 βασιλέως
2809 553 3158 629 κηδεμονίαν.

2011 658 2198 728 Ὅμως
2276 659 2363 712 καὶ
2451 661 2587 733 πρὸς
2676 659 2961 733 ἀλλήλους
3034 661 3405 739 ἐφιλονείκουν
3495 665 3584 719 καὶ

1939 742 2133 819 ἐρίζειν
2181 746 2617 821 ἀπηρχοντο.¹Η
2679 748 2735 805 δὲ
2793 751 3099 828 φιλονεικία
3151 751 3209 807 ἐκ
3265 751 3585 829 φιλοτιμίας

1938 832 2114 908 σφίσιν
2169 834 2483 911 ἐτύγχανεν·
2538 835 2924 917 ἠμφισϐήτουν
2991 842 3091 917 γὰρ
3158 840 3432 912 ἀλλήλοις
3485 850 3584 910 τῆς

1936 923 2058 996 περὶ
2106 923 2197 978 τὸν
2252 924 2479 1001 βασιλέα
2524 927 2832 1005 φροντίδος,
2889 931 3113 986 ἑκάστου
3156 935 3265 985 τῶν
3324 929 3377 985 ἐν
3432 930 3587 1001 ἀξιώ-

1940 1033 2066 1085 ματι
2100 1009 2269 1069 ὄντων
2323 1017 2399 1088 μὴ
2451 1018 2710 1095 φέροντος
2758 1026 2875 1083 τοῖς
2930 1021 3143 1093 ὁμοίοις
3195 1022 3583 1095 ὑποτετάχθαι.

1934 1104 2100 1159 Ἦσαν
2160 1105 2263 1178 γὰρ
2324 1102 2467 1171 ἔνθεν
2549 1109 2643 1180 μὲν
2716 1110 2768 1163 οἱ
2827 1108 2887 1164 ἐκ
2948 1110 3263 1183 Λασκαρίων
3338 1111 3584 1183 Τζαμάν-

1933 1212 2143 1267 τουροι,
2218 1195 2362 1269 γήρᾳ
2439 1216 2496 1250 τε
2562 1198 2653 1251 καὶ
2736 1200 2939 1253 συνέσει
3018 1200 3446 1272 κεκοσμημένοι,
3522 1199 3584 1253 οὑ

1937 1282 2044 1353 μὴν
2080 1280 2137 1337 δὲ
2167 1281 2309 1338 ἀλλά
2339 1285 2428 1339 καὶ
2459 1286 2521 1339 τὸ
2552 1287 2690 1361 πρὸς
2721 1288 2811 1342 τὸν
2864 1289 2979 1343 νέον
3032 1287 3261 1363 βασιλέα
3313 1293 3585 1363 συγγενῶς

1932 1364 2079 1447 ἔχειν
2110 1372 2198 1426 καὶ
2226 1378 2524 1436 παππικῶς
2575 1374 2794 1446 πολλήν
2841 1375 3072 1432 ἐνεποίει
3120 1379 3219 1445 τήν
3273 1382 3370 1432 τοῦ
3417 1382 3584 1432 ταῦτα

1936 1464 2114 1529 ζητεῖν
2186 1460 2513 1537 παῤῥησίαν·
2594 1460 2738 1527 ἔνθεν
2796 1461 2852 1520 δὲ
2910 1467 2963 1520 οἱ
3021 1464 3080 1520 ἐκ
3156 1466 3459 1541 Τορνικίων
3520 1468 3581 1521 τὸ

1930 1545 2079 1623 γένος
2106 1544 2378 1624 ἕλκοντες,
2409 1550 2482 1606 ῶν
2521 1550 2550 1607 6
2580 1557 2798 1628 πρῶτος
2842 1552 2934 1610 καὶ
2996 1554 3161 1631 μέγας
3218 1556 3582 1631 πριμικὴριος

1931 1638 2019 1705 ἧν.
2051 1638 2218 1713 Εἶχον
2249 1643 2378 1715 γοῦν
2408 1639 2498 1695 καὶ
2528 1640 2680 1697 οὗτοι
2710 1642 2771 1697 τὸ
2811 1642 2947 1718 πρὸς
2997 1643 3060 1698 τὸ
3091 1638 3580 1717 ἆμφιϐαλλόμενον

1934 1724 2157 1803 ἲσχυρὸν
2202 1729 2265 1783 τὸ
2323 1729 2430 1784 ἀπὸ
2483 1730 2688 1806 πατρὸς
2766 1730 2969 1787 οἰκεῖον
3029 1732 3122 1787 καὶ
3176 1730 3467 1811 ἀδελφικὸν
3529 1732 3580 1787 ἐν

1932 1814 2215 1890 γράμματι
2254 1818 2390 1891 πρὸς
2447 1817 2540 1873 τὸν
2597 1823 2695 1875 τοῦ
2746 1820 2869 1875 νέου
2927 1819 3146 1877 πάππον
3205 1821 3295 1876 καὶ
3358 1820 3582 1896 βασιλέα

1929 1902 2186 1977 Ἰωάννην
2235 1906 2329 1962 τὸν
2377 1907 2602 1967 Δούκαν.
2662 1908 2892 1965 Ἐκεὶθεν
2950 1910 3003 1965 οἱ
3052 1910 3579 1989 Στρατηγόπουλοι,

1927 1992 2000 2048 ὧν
2026 1998 2127 2049 τοῦ
2180 2000 2366 2070 γινους
2420 1996 2670 2072 ἐπίδοξος
2727 2002 2756 2056 6
2806 1998 3075 2075 ’Δλέξιος,
3125 1998 3346 2071 πολλὴν
3400 2001 3577 2079 φέρων

1928 2086 2030 2155 τὴν
2095 2083 2233 2143 αῗδῶ
2303 2088 2379 2153 ὡς
2456 2089 2687 2168 εὕγερῶς
2758 2091 2864 2146 ἀπὸ
2921 2089 3137 2147 πάντων
3211 2089 3301 2145 καὶ
3348 2086 3579 2145 πλεῖστα

1928 2173 2151 2251 προσέτι
2193 2178 2585 2254 κατωρθωκώς.
2640 2179 2717 2239 Οὑ
2770 2179 2861 2235 καὶ
2910 2179 2938 2235 6
2997 2184 3125 2243 παῖς
3176 2184 3577 2243 Κωνσταντῖνος

1929 2259 2181 2341 γαμϐρὸς
2242 2264 2327 2322 ἐπ’
2391 2265 2660 2348 ἀδελφιδῆ
2717 2273 2817 2325 τοῦ
2893 2266 3165 2346 βασιλέως
3223 2268 3480 2326 Ἰωάννου
3528 2268 3580 2341 ἐξ

1930 2352 2202 2429 αριστείας
2252 2356 2434 2434 φανεὶς
2487 2355 2711 2432 ὕστερον
2771 2364 3036 2435 στερεῖται
3093 2362 3203 2414 τῶν
3250 2356 3580 2431 ὀφθαλμῶν,

1930 2437 2050 2519 ἄρτι
2082 2440 2366 2521 Θεοδώρου
2412 2450 2509 2501 τοῦ
2566 2448 2805 2521 Λάσκαρι
2858 2437 3333 2522 μοναρχήσαντος.
3388 2445 3578 2501 Δῗτίαν

1930 2527 1979 2586 δ’
2034 2525 2190 2607 ἔσχεν
2265 2535 2339 2597 ὡς
2411 2536 2983 2612 καθυπερηφανεύοιτο
3058 2540 3155 2591 τοῦ
3210 2536 3579 2610 κρατοῦντος,

1931 2619 2309 2696 ὑπεροπτικῶς
2366 2624 2504 2697 πρὸς
2560 2624 2763 2681 ἐκεῖνον
2819 2619 2964 2701 ἔχων
3035 2625 3227 2681 νεωστὶ
3288 2624 3423 2699 μετὰ
3482 2624 3577 2680 τὸν

1927 2712 2135 2786 πατέρα
2188 2715 2295 2767 τῶν
2335 2714 2646 2789 ’σκήπτρων
2718 2713 3149 2788 ἐπειλημμένον.
3222 2714 3329 2771 Καὶ
3388 2714 3440 2768 ot
3516 2712 3575 2768 ἐκ

1926 2803 2023 2855 τοῦ
2080 2799 2278 2858 Ῥαοὺλ
2329 2802 2560 2879 εὐγενεῖς
2633 2800 2818 2873 ἄλλοι,
2885 2804 3017 2878 μετὰ
3068 2803 3272 2880 πατέρα
3328 2805 3418 2859 τὸν
3474 2806 3573 2857 τοῦ

1925 2889 2235 2965 ἀξιώματος
2295 2892 2589 2949 ἐκπεσόντα
2623 2939 2638 2968 ,
2687 2894 2760 2957 ὠς
2822 2896 3114 2974 φθάσαντες
3170 2892 3395 2969 εἷ’πομεν
3434 2942 3447 2965 ,
3496 2889 3575 2949 ἔτι

154 3016 247 3072 20.
283 3015 350 3073 ω
386 3013 611 3086 quidam
668 3018 1253 3095 magaatumhpropter
1282 3014 1425 3095 ﬁt?!)
1466 3014 1812 3083 recesserint,
1845 3018 1890 3085 (ι
1929 3016 2180 3076 habebat
2203 3019 2499 3078 aemulatio
2518 3020 2801 3078 sollicitos
2830 3021 3197 3095 invicemque
3219 3021 3572 3078 commissos

632 3088 740 3142 alii
762 3086 929 3141 aliter
957 3086 1072 3141 sibi
1100 3086 1354 3143 caverint

229 3199 311 3250 At
342 3193 688 3266 Caryanites
719 3194 959 3264 quidem
990 3197 1130 3249 tunc
1181 3192 1701 3265 protovestiarites,
1732 3192 1820 3249 vir

157 3287 331 3340 aatate
355 3284 487 3355 jam
547 3286 784 3339 matura
815 3281 1167 3338 venerabilis
1199 3281 1513 3354 meritique
1553 3282 1813 3351 maximi,

157 3388 295 3429 cum
328 3371 683 3428 necessariis
713 3375 769 3427 et
800 3370 1198 3427 familiaribus
1228 3371 1356 3443 ipsa
1386 3376 1555 3427 nocte
1575 3372 1818 3428 recessit

158 3461 576 3534 transfugiens
606 3462 678 3517 ad
711 3467 947 3528 Persas,
981 3477 1095 3517 non
1129 3461 1282 3531 quod
1315 3462 1653 3534 imperatori
1682 3478 1816 3518 suc-

120 3602 123 3603 ν
152 3551 562 3618 censeret,sed
589 3551 745 3624 quod
771 3551 887 3608 sibi
905 3554 1190 3607 metueret
1217 3551 1290 3607 ob
1311 3551 1812 3623 perturbationem

156 3658 380 3699 rerum.
419 3640 548 3698 Sive
572 3641 729 3697 enim
758 3641 815 3696 id
847 3658 949 3713 per
979 3657 1043 3697 se
1064 3641 1297 3698 nemine
1320 3641 1638 3713 instigante
1659 3641 1812 3699 sedi-

155 3732 291 3789 tiosi
323 3731 460 3787 ausi
492 3736 684 3800 erant,
732 3732 869 3803 jure
900 3730 1097 3787 timeri
1144 3731 1311 3803 paria
1338 3748 1547 3788 rursus
1577 3732 1811 3788 eosdem

155 3825 560 3879 attentaturos
581 3820 843 3893 impune,
859 3836 1095 3877 summo
1120 3820 1461 3877 discrimine
1483 3823 1811 3895 gerentium

158 3913 579 3984 magistratus,
594 3911 654 3967 in
673 3927 825 3983 quos
838 3911 1034 3984 gravis
1048 3910 1676 3969 incumbebatinvidia:
1693 3912 1815 3969 sive

153 4001 313 4073 ipsos
332 4000 439 4056 alii
453 3999 836 4073 impulerant,
850 4000 1255 4057 etiamiterum
1271 4001 1680 4058 concitandam
1696 4000 1813 4058 vim
1844 4020 1845 4023 ‘

152 4091 486 4147 militarem
519 4090 590 4145 ab
622 4089 830 4145 iisdem
862 4090 923 4146 in
976 4089 1221 4146 minime
1252 4089 1563 4162 opinantes
1593 4090 1815 4148 multos

144 4181 279 4252 jure
312 4178 650 4235 formidari.
710 4179 825 4235 Alii
890 4179 1163 4236 similiter
1194 4179 1305 4235 alio
1338 4196 1401 4237 se
1448 4185 1815 4252 receperunt,

152 4270 422 4327 maxima
452 4284 701 4341 quasque
728 4269 839 4326 rati
869 4268 1027 4325 domi
1072 4269 1447 4326 manentibus
1477 4270 1815 4342 impendere

151 4357 440 4433 pericula.
474 4358 652 4415 Porro
682 4359 783 4414 alii
813 4358 873 4414 in
895 4361 1117 4415 attenta
1146 4359 1235 4415 sui
1262 4359 1525 4430 ipsorum
1551 4361 1815 4419 custodia

151 4448 528 4524 perstabant.
558 4449 631 4504 At
661 4464 914 4521 magnus
937 4447 1321 4506 conostaulus
1341 4449 1618 4507 fratribus
1639 4454 1811 4524 (quo-

1924 3124 2160 3181 unoque
2189 3109 2303 3166 sibi
2353 3110 2650 3167 ambiente
2694 3127 2800 3168 nec
2833 3110 2936 3168 ulli
2970 3111 3069 3168 alii
3110 3112 3315 3168 cedere
3361 3115 3567 3184 parato

1921 3214 2120 3255 curam
2170 3198 2522 3271 peculiarem
2555 3217 2622 3257 ac
2666 3201 2911 3257 tutelam
2964 3201 3336 3274 imperatoris
3369 3202 3560 3257 adhuc

1924 3288 2106 3359 pueri.
2136 3289 2272 3345 Erat
2300 3305 2367 3346 ea
2391 3290 2763 3362 singulorum
2795 3289 3071 3348 nobilitas
3102 3307 3167 3347 ac
3199 3290 3480 3363 dignitas,
3515 3295 3574 3347 et

1920 3393 1991 3434 ex
2016 3379 2225 3435 harum
2242 3380 2603 3437 conscientia
2624 3380 2717 3437 sui
2734 3380 2952 3453 opinio,
2972 3385 3038 3436 ut
3058 3380 3272 3453 subjici
3291 3380 3569 3453 cuiquam

1922 3483 2126 3524 eorum
2182 3468 2397 3539 quibus
2426 3486 2490 3526 se
2544 3486 2714 3542 pares
2745 3470 3165 3527 existimabant
3197 3487 3365 3527 nemo
3411 3487 3566 3528 unus

1923 3574 2089 3631 aequo
2121 3558 2314 3615 animo
2347 3575 2632 3631 passurus
2651 3559 2965 3616 videretur.
2993 3560 3138 3616 Hinc
3160 3576 3223 3617 se
3245 3559 3571 3617 offerebant

1922 3664 1952 3704 e
1980 3648 2359 3706 Lascaridum
2416 3652 2589 3721 gente
2618 3648 3021 3716 Tzamanturi,
3053 3649 3154 3721 qui
3198 3649 3357 3722 gravi
3401 3664 3570 3705 aeneo

1924 3741 2081 3794 ctute
2110 3737 2475 3795 venerabiles
2496 3743 2553 3796 et
2573 3738 2731 3795 fama
2747 3738 3072 3811 prudentiae
3093 3738 3420 3811 conspicui,
3443 3739 3569 3794 effi-

1923 3827 2136 3885 caciter
2164 3826 2275 3885 sibi
2309 3827 2622 3900 suffragari
2643 3828 3015 3886 conﬁdebant
3040 3829 3113 3885 ad
3136 3827 3565 3902 impetrandam

1922 3916 2395 3991 procurationem
2434 3916 2646 3991 pupilli
2678 3917 2960 3991 principis
2988 3922 3047 3974 et
3086 3917 3567 3974 communionem

1922 4024 2057 4066 cum
2101 4024 2168 4065 eo
2197 4007 2469 4065 intimam
2500 4008 2810 4081 sanguinis
2861 4012 2918 4064 et
2947 4006 3357 4065 auctoritatem
3396 4007 3569 4078 quasi

1923 4102 2227 4170 paternam
2260 4114 2295 4154 a
2345 4102 2555 4155 natura
2587 4097 2734 4170 ipsis
2764 4098 2963 4154 datam
2996 4097 3057 4153 in
3090 4101 3232 4153 natu
3281 4095 3568 4152 minorem

1923 4204 2041 4244 suas
2101 4186 2332 4244 familias
2363 4188 2695 4245 alumnum.
2729 4186 2771 4243 E
2826 4186 3056 4244 diverso
3086 4202 3149 4244 se
3195 4185 3575 4243 ostentabant

1922 4279 2034 4337 orti
2056 4277 2508 4335 eTorniciorum
2532 4292 2765 4351 genere,
2784 4292 3037 4349 quorum
3061 4275 3291 4349 primus
3315 4291 3574 4349 magnus

1922 4373 2048 4426 erat
2074 4367 2466 4441 primicerius.
2502 4366 2600 4424 His
2621 4366 2896 4423 ﬁduciam
2916 4364 3221 4422 auferendi
3253 4364 3574 4439 prmomni-

1922 4460 2035 4517 bus
2046 4457 2252 4517 ambiti
2265 4455 2489 4514 cateris
2502 4454 3395 4528 honorisdabatpatrisipsorum
3418 4454 3571 4525 apud

152 4556 288 4595 rum
322 4542 471 4595 natu
504 4537 1629 4609 majorJoannes,minorConstantinus
1644 4558 1813 4598 voca-

1926 4565 2091 4608 avum
2104 4546 2476 4620 imperatoris
2488 4546 2733 4603 Joanem
2749 4545 2971 4602 Ducam
2988 4546 3321 4617 Angustum
3340 4559 3575 4600 summa

149 4629 352 4699 batur)
387 4627 461 4683 ad
500 4628 879 4684 communem
926 4627 1173 4684 tutelam
1204 4628 1487 4685 adhibitis
1533 4629 1808 4688 idoneam

148 4719 372 4790 cuique
391 4716 646 4788 subjecit
662 4716 1154 4788 praesidiariorum
1179 4735 1443 4775 manum.
1467 4718 1813 4776 Adolescen-

148 4812 241 4863 tes
272 4808 382 4863 64
413 4806 475 4861 hi
507 4806 827 4879 prudentes
858 4811 1045 4879 erant,
1074 4808 1336 4864 nondum
1380 4809 1450 4865 ad
1485 4810 1809 4867 ofﬁciorum

149 4896 412 4969 promoti
444 4896 751 4963 honorem,
800 4912 1009 4969 eoque,
1062 4902 1262 4970 utpote
1292 4898 1406 4955 alia
1434 4900 1601 4955 vacui
1650 4918 1810 4969 cura,

150 4987 312 5060 apud
347 4985 764 5057 imperatorem
798 4986 986 5058 magis
1015 4986 1264 5056 assidui,
1295 5004 1360 5043 ac
1393 5004 1527 5045 cum
1557 5005 1624 5045 eo
1655 4988 1813 5045 soliti

150 5094 274 5134 non
306 5076 438 5132 dies
468 5074 664 5131 solum
696 5078 852 5132 totos
883 5076 1134 5148 exigere,
1165 5078 1267 5133 sed
1299 5078 1477 5134 etiam
1522 5096 1638 5136 non
1681 5096 1813 5136 raro

150 5169 529 5239 pernoctare,
561 5166 634 5221 de
665 5165 778 5221 ﬁde
811 5166 872 5222 in
905 5164 1073 5223 illum
1105 5183 1169 5224 ac
1202 5166 1488 5224 charitate
1527 5173 1814 5226 certantes

149 5258 309 5313 inter
343 5271 433 5325 se,
482 5253 830 5327 nullamque
886 5255 1253 5313 occasionem
1306 5259 1813 5329 praetermittentes

148 5345 501 5403 declarandi
534 5361 714 5418 quam
748 5346 1001 5402 maxime
1016 5350 1288 5419 poterant
1317 5348 1407 5403 sui
1439 5364 1578 5421 erga
1596 5349 1811 5421 princi-

149 5452 289 5509 pem
322 5434 514 5491 studii
545 5435 905 5508 praestantis.
1477 5437 1485 5442 ’

147 5544 243 5600 21.
310 5542 596 5599 Contentio
655 5544 804 5599 inter
866 5542 1145 5627 pifncipes
1200 5544 1264 5601 de
1318 5546 1491 5602 tutela
1544 5546 1817 5620 principis

896 5630 1082 5687 pueri.

228 5705 455 5763 Verum
495 5720 703 5763 omnes
748 5703 851 5778 qui
882 5712 1291 5766 remanserant
1339 5709 1635 5781 principes
1665 5710 1817 5770 acris

1917 4639 2107 4714 gratia
2136 4636 2535 4694 familiaritate
2556 4636 2767 4691 intima
2796 4635 3132 4707 conjuncta.
3175 4633 3575 4691 Occurrebant

1921 4728 2160 4786 aliunde
2202 4724 2614 4797 Strategopuli,
2678 4725 2738 4780 in
2793 4724 3011 4796 quibus
3059 4738 3272 4794 genere
3314 4720 3571 4777 illustris

1920 4816 2363 4887 Alexius,cujus
2384 4830 2587 4871 omnes
2608 4813 2665 4870 in
2686 4813 2899 4870 canitie
2912 4812 3119 4869 decora
3141 4810 3373 4884 magnis
3394 4811 3571 4867 rebus

1922 4907 2101 4981 gestis
2125 4906 2400 4961 virtutem
2419 4920 2485 4959 ac
2510 4904 2721 4960 famam
2742 4903 3175 4959 reverebantur.
3199 4902 3390 4973 Hujus
3413 4900 3569 4955 ﬁlius

1921 4995 2344 5054 Constantinus
2359 4994 2694 5067 Gregorius,
2717 4991 2914 5049 afﬁnis
2936 4990 3309 5065 imperatoris
3325 4990 3571 5046 Joannis

1923 5085 2100 5141 ducta
2126 5084 2256 5154 ejus
2303 5086 2477 5155 nepte
2511 5099 2579 5139 ac
2602 5080 2779 5139 claris
2822 5081 2992 5137 factis
3040 5079 3318 5153 inclytus,
3368 5082 3573 5152 postea

1924 5174 2185 5247 privatus
2234 5172 2332 5230 ω
2382 5171 2571 5229 oculis
2612 5171 2805 5228 fuerat
2846 5168 3149 5227 Theodoro
3198 5169 3430 5227 Lascari
3472 5186 3575 5225 re-

1923 5268 2161 5337 gnante,
2194 5261 2357 5336 gravi
2388 5261 2730 5333 arrogantia
2755 5276 2927 5334 pinna
2956 5277 3074 5333 qua
3095 5258 3479 5332 superciliose
3507 5258 3580 5315 de

1924 5353 2186 5427 spexisse
2218 5353 2633 5425 imperatorem
2676 5352 2843 5407 visus
2873 5354 3017 5419 erat,
3051 5365 3184 5405 cum
3218 5349 3267 5405 is
3300 5353 3434 5422 post
3474 5365 3576 5421 pa-

1926 5443 2029 5499 tris
2087 5446 2338 5499 mortem
2398 5458 2594 5498 rerum
2654 5440 2919 5497 habenas
2976 5441 3038 5497 in
3068 5455 3281 5496 manus
3340 5453 3579 5495 sumere

1925 5533 2218 5606 ccepisset.
2271 5532 2639 5589 Accedebant
2668 5535 2725 5588 et
2773 5530 2879 5586 filii
2911 5529 3137 5600 Raulis,
3172 5528 3271 5586 alii
3318 5527 3577 5602 patricii,

1923 5623 2025 5696 qui
2058 5627 2188 5695 post
2217 5622 2444 5679 obitum
2472 5620 2720 5677 Joannis
2752 5619 2996 5692 Augusti
3027 5618 3419 5693 dignitatibus
3468 5634 3569 5674 ex-

1923 5714 2187 5772 ciderant
2229 5734 2244 5784 ;
2306 5712 2472 5770 alteri
2533 5714 2802 5784 praterea
2856 5709 3189 5783 Palasologi,
3222 5712 3444 5766 etcum
3480 5707 3577 5765 his
