4212 6442
636 379 744 435 499

1940 387 2242 444 GEORGII
2279 389 2745 443 PACHYMERE

3929 392 4027 447 500

631 506 934 580 νεάζοντες,
965 503 1055 561 καὶ
1090 502 1483 581 Παλαιολόγοι.
1519 505 1623 561 Σὺν
1648 508 1731 570 οἷς
1770 508 1859 562 καὶ
1893 510 2155 579 Βατάτζαι
2187 512 2274 565 καὶ
2311 517 2364 581 Α
2392 512 2497 587 κβ’.
2556 512 2747 574 Ὅπως
2825 511 3172 587 προετιμήρη
3239 510 3320 587 εἰς
3373 514 3535 567 τοῦτο
3619 516 3725 567 τῶν
3786 512 3945 570 ἄλλον
4000 517 4024 571 ὁ

634 596 686 650 οἱ
714 596 810 650 τοῦ
842 593 1014 661 Φιλῆ,
1048 592 1120 649 ὧν
1155 596 1183 649 ὁ
1214 596 1392 669 πατὴρ
1425 594 1703 670 Θεόδωρος
1730 597 2046 675 τετύφλωτο
2076 600 2164 653 καὶ
2188 599 2285 654 αὖ·

628 686 723 748 τὸς
752 684 845 739 σὺν
882 689 959 756 τῷ
993 684 1477 760 Στρατηγοπούλῳ
1524 692 1623 755 τῆς
1666 685 1832 755 αὐτῆς
1883 686 2073 760 ἐκείνῳ
2123 688 2283 763 χάριν

634 773 834 846 αἶ’τίας,
869 773 961 827 σὺν
1014 768 1425 847 Καϐαλλαρίοις
1456 796 1512 829 τε
1543 776 1594 829 οἱ
1626 775 1931 853 Νοστόγγοι
1959 778 2048 831 καὶ
2095 780 2147 832 οἱ
2182 785 2286 833 Κα-

638 864 853 937 μῦτζαι,
887 862 977 918 σύν
1010 884 1069 918 τε
1111 865 1197 918 καὶ
1254 865 1549 935 ’Δπρηνοῖς
1598 867 1687 919 καὶ
1719 865 2000 942 Ἀγγέλοις
2033 868 2083 921 οἱ
2115 863 2288 925 Λιϐα-

637 950 845 1030 δάριοι,
876 957 1285 1029 Ταρχανειῶται
1347 952 1805 1029 Φιλανθρωπηνοὶ
1836 956 1926 1010 καὶ
1958 958 2010 1011 οἱ
2059 957 2285 1033 εὐγενεῖς

637 1043 1100 1113 Καντακουζηνοὶ,
1136 1044 1221 1097 καὶ
1275 1041 1393 1097 ὅσοι
1448 1042 1614 1098 ἄλλοι
1675 1048 1756 1105 οἷς
1812 1047 1847 1115 ἠ
1912 1046 2289 1121 μεγαλογενής

637 1134 791 1207 σειραὶ
818 1132 908 1187 καὶ
939 1138 1117 1208 χρυσῆ
1153 1134 1575 1209 συγκεκρότητο.
1632 1136 1691 1191 Ὁ
1726 1136 1905 1207 μέντοι
1949 1156 2009 1209 γε
2036 1136 2288 1210 Νοστόγ-

636 1243 735 1297 γος
782 1223 1052 1297 Γεώργιος
1103 1221 1191 1277 καὶ
1240 1222 1784 1301 προσεφιλοτιμεῖτο’
1845 1221 2134 1300 ἐκυδροῦτο
2183 1226 2286 1300 γὰρ

634 1315 743 1367 τῶν
791 1308 977 1366 ἄλλων
1030 1310 1106 1373 εἷς
1151 1308 1320 1381 κῆδος
1371 1311 1654 1387 βασιλικὸν
1706 1315 2154 1388 προτιμώμενος.
2187 1314 2287 1369 Καὶ

633 1402 738 1477 γὰρ
771 1400 847 1456 ἔτι
899 1404 1006 1470 ζῶν
1038 1401 1065 1454 ὁ
1096 1405 1310 1474 κρατῶν
1359 1401 1613 1475 ἆρμόξειν
1662 1402 1739 1464 εἷς
1769 1405 1943 1479 γάμον
1994 1402 2141 1475 αὐτῷ
2186 1406 2285 1473 τήν

631 1488 802 1545 παῖδα
831 1486 921 1544 διὰ
968 1488 1175 1565 βουλῆς
1207 1487 1351 1564 ἔχων
1379 1489 1618 1546 πολλοῖς
1668 1491 1756 1546 καὶ
1803 1490 1998 1553 ἀλλοις
2047 1491 2287 1548 ἐπίστευε

630 1582 730 1651 τὴν
785 1578 1016 1656 βουλὴν,
1078 1575 1174 1633 κᾶν
1228 1576 1477 1654 ἐπλήρου
1535 1579 1623 1634 καὶ
1682 1581 1743 1634 τὸ
1796 1579 2178 1656 συνάλλαγμα,
2240 1582 2285 1637 εἰ

635 1671 713 1743 μή
757 1690 816 1743 γε
868 1671 931 1740 [Ρ
985 1670 1074 1742 38]
1127 1668 1351 1733 θάνατος
1405 1673 1485 1740 τῷ
1546 1667 1763 1745 βασιλεῖ
1814 1667 2056 1733 ἐπελθὼν
2118 1672 2287 1744 ἐμπο-

632 1757 739 1814 δὼν
797 1754 927 1829 ἓστη
988 1761 1056 1832 τῇ
1115 1758 1323 1830 πράξει.
1384 1757 1522 1813 Τότε
1578 1756 1625 1813 δ’
1679 1758 1830 1823 αὖθις
1889 1758 2285 1837 ἐπιθαῤῥοῦντα

628 1854 748 1911 τοῖς
780 1846 1137 1924 ἐγνωσμένοις
1184 1847 1257 1909 ὡς
1301 1848 1390 1902 καὶ
1428 1845 1594 1902 πάλιν
1641 1853 1831 1923 τυχεῖν
1880 1846 2026 1903 ἔσται
2077 1850 2131 1904 οἴ
2182 1855 2283 1906 τοῦ

631 1935 838 2009 κήδους
882 1935 1021 2012 μέγα
1068 1941 1283 2014 φρονεῖν
1315 1938 1349 2005 ἡ
1384 1934 1545 1999 ἐλπὶς
1594 1936 1790 2005 ἐποίει,
1840 1936 1929 1991 καὶ
1976 1939 2283 2009 κατηλαζο-

630 2026 810 2083 νεῦετο
858 2026 993 2101 πρὸς
1048 2024 1177 2088 τοὺς
1226 2024 1459 2096 ἄλλους,
1510 2025 1599 2080 καὶ
1660 2026 1873 2099 μᾶλλον
1921 2027 2013 2082 τὸν
2065 2028 2285 2085 αὗτανὲ-

632 2121 778 2192 ψιον,
838 2116 898 2179 ’ὀς
952 2116 1018 2185 ἧν
1078 2117 1105 2170 ὁ
1168 2118 1335 2192 μέγας
1390 2116 1789 2188 κονοσταῦλός,
1860 2115 2283 2196 διαφιλοτιμού-

638 2227 823 2279 μενος.
854 2208 1011 2269 ’Ὀθεν
1055 2204 1151 2259 κάν
1199 2210 1314 2267 τοῖς
1365 2203 1674 2279 βασιλικοῖς
1719 2204 2045 2281 προαυλίοις
2090 2206 2283 2279 ἀνέδην

633 2291 871 2365 ἐσκήνει,
933 2292 1021 2348 καὶ
1080 2294 1201 2357 καθ’
1259 2290 1463 2363 ἡδονὴν
1539 2289 1825 2369 διατριϐῆς
1890 2296 2285 2370 ἱππαζομένοις

632 2388 752 2445 τοῖς
819 2380 1080 2457 ἄρχουσιν
1163 2381 1250 2436 ἐπὶ
1320 2386 1525 2437 κοντῶν
1598 2378 1855 2459 συντριϐῇ
1915 2391 1948 2454 ἤ
2003 2386 2092 2439 καὶ
2152 2388 2289 2441 κατά

631 2472 879 2548 παίγνιον
909 2471 1136 2542 σύνηθες
1170 2471 1314 2550 σφίσι
1362 2479 1462 2543 τῆς
1508 2473 1734 2552 σφαίρας
1790 2473 1848 2529 έκ
1901 2473 2145 2550 μεγάλου
2192 2481 2288 2531 τοῦ

633 2562 868 2639 θάρρους
951 2561 1315 2632 συνιππάζετο
1369 2563 1459 2618 καὶ
1514 2562 1846 2634 συνέπαιζεν,
1914 2562 2073 2639 ἐγγὺς
2140 2566 2288 2620 ἱστα-

629 2653 820 2727 μέναις
876 2653 963 2708 καὶ
1020 2650 1256 2728 ὁρώσαις
1313 2657 1435 2715 ταῖς
1487 2652 1757 2729 βασιλίσιν
1820 2651 2285 2727 ἐπιδεικνύμενος.

621 2859 869 2913 Batatzzs
898 2858 956 2911 et
986 2853 1172 2910 Philis
1205 2853 1332 2922 ﬁlii,
1367 2870 1620 2926 quorum
1679 2870 1895 2926 parens
1932 2854 2280 2912 Theodorus

619 2962 755 3003 cum
768 2943 1177 3017 Strategopulo
1192 2945 1458 3000 eamdem
1475 2944 1548 3000 ob
1571 2961 1813 3001 causam
1828 2947 2148 3002 excaecatus
2164 2949 2276 3015 est,

620 3041 678 3093 et
710 3052 844 3092 cum
874 3033 1220 3092 Caballariis
1277 3033 1558 3107 Nostongi
1591 3051 1657 3090 ac
1689 3037 1990 3107 Camytzm,
2052 3037 2109 3091 et
2138 3052 2273 3091 cum

620 3125 869 3199 Aprenis
891 3129 1070 3196 atque
1087 3124 1326 3197 Angelis
1342 3123 1659 3193 Libadarii,
1679 3124 2100 3192 Tarchaniotas,
2132 3125 2273 3181 Phi-

3021 581 3424 659 Παλαιολόγος.

2469 690 2621 752 Τέως
2652 710 2715 764 γε
2757 691 2889 763 μὴν,
2939 690 3052 745 ἐπεὶ
3104 690 3207 745 οὐκ
3248 692 3315 759 ἦν
3366 691 3821 767 ἆνεπιτρόπευτον
3864 696 4026 766 μένειν

2397 779 2490 834 τὸν
2535 778 2785 854 βασιλέα,
2840 777 2891 833 ἐν
2953 778 3180 853 ἀφήλιξι
3232 780 3628 855 γνωριζόμενον
3689 781 3779 837 καὶ
3836 783 4031 839 ἁπαλὸν

2394 870 2531 944 ἦτορ
2599 870 2868 945 φέροντα,
2929 866 3277 931 συνελθόντες
3336 867 3450 941 ἅμα
3519 871 3571 923 οἱ
3631 870 3683 924 ἐν
3740 869 3883 926 τέλει
3949 874 4033 927 καὶ

2401 956 2825 1034 βουλευσάμενοι
2852 958 2927 1021 ὡς
2983 957 3081 1011 οὐκ
3133 958 3367 1029 ἀσφαλὲς
3418 956 3551 1032 δίχα
3593 967 3691 1029 τῆς
3726 962 4035 1030 Ἐκκλησίας

2395 1048 2612 1103 καὶτοῦ
2650 1048 2851 1117 ταύτης
2911 1051 3256 1122 προεστῶτος
3315 1049 3616 1122 (Ἄρσένιος
3672 1047 3718 1103 δ’
3768 1051 3923 1114 οὗτος
3946 1054 4031 1124 ἦν)

2394 1141 2649 1207 καθιστᾷν
2693 1136 2760 1191 τὰ
2804 1134 3050 1207 τυιαῦτα,
3099 1138 3236 1207 πρὸς
3287 1138 3380 1209 μὲν
3425 1138 3517 1192 τὸν
3562 1138 3613 1207 ἐξ
3660 1142 4037 1215 Αύτωρειανῶν

2395 1226 2743 1302 πατριάρχην
2826 1225 3104 1299 πέμπουσι
3177 1228 3276 1295 τὴν
3360 1228 3629 1301 ταχίστην
3708 1228 4037 1301 μετακαλού-

2400 1337 2552 1389 μενοι
2619 1314 2918 1385 Νικαίηθεν
2993 1319 3208 1384 τοῦτον,
3277 1314 3454 1371 αὐτῶν
3529 1315 3587 1371 δὲ
3657 1321 3775 1372 καθ’
3829 1318 4039 1381 ἑαυτοὺς

2397 1406 2477 1484 ἐφ’
2548 1404 2779 1480 ἡμέραις
2860 1403 3381 1479 διασκεπτομένων,
3461 1405 3631 1463 ἄλλον
3719 1406 3890 1464 ἄλλου
3970 1411 4041 1475 εἷς

2394 1494 2724 1568 κηδεμονίαν
2786 1500 2883 1549 τοῦ
2945 1492 3214 1570 βασιλέως
3277 1501 3691 1571 προκρῖνοντος,
3749 1499 3908 1561 τέλος
3955 1499 4039 1554 έπί

2392 1585 2472 1659 τῷ
2506 1584 2721 1661 ῥηθέντι
2770 1582 3135 1661 Παλαιολόγῳ
3251 1587 3406 1655 κοινή
3465 1587 3644 1660 βουλή
3690 1593 3919 1659 καταντᾷ
3966 1589 4036 1651 ὡς

2395 1675 2558 1730 αὐτοῦ
2608 1695 2668 1747 γε
2710 1672 2800 1727 καὶ
2854 1672 3022 1746 μόνου
3071 1673 3219 1748 παρὰ
3255 1673 3382 1735 τοὺς
3433 1672 3639 1736 ἄλλους
3686 1675 3875 1731 ἱκανοῦ
3904 1678 4037 1752 πρὸς

2392 1768 2553 1819 τοῦτο
2612 1762 2888 1839 φανέντος·
2962 1761 3112 1837 εἴπερ
3189 1762 3292 1836 γὰρ
3342 1760 3536 1834 ἄλλον,
3597 1766 4035 1840 στρατηγικώτα-

2391 1874 2484 1908 τον
2544 1853 2675 1907 εἶναι
2733 1851 2825 1905 τὸν
2883 1847 3086 1924 ἄνδρα,
3135 1852 3225 1906 καί
3284 1852 3337 1905 οἱ
3389 1852 3448 1906 ἐκ
3498 1850 3735 1907 παλαιοῦ
3792 1851 4041 1928 αὔταρκες

2395 1943 2529 1999 εἶναι
2570 1941 2632 1996 τὸ
2665 1941 2897 2015 εὐγενὲς,
2942 1940 3031 1995 καὶ
3077 1940 3259 2014 τρίτον
3308 1941 3370 1996 τὸ
3418 1942 3554 2015 πρὸς
3608 1942 3700 1997 τὸν
3746 1948 4044 2017 κρατοῦντα

2394 2031 2640 2107 συγγενὲς
2690 2031 2804 2102 ἅμα
2855 2030 2948 2101 μὲν
3000 2030 3249 2103 αὐτόθεν,
3297 2031 3410 2103 ἅμα
3459 2028 3517 2085 δὲ
3560 2032 3651 2087 καὶ
3702 2031 3761 2087 ἐκ
3808 2040 3905 2102 τῆς
3954 2056 4042 2088 συ-

2398 2120 2557 2195 ζύγου
2617 2124 2737 2191 (τῆς
2797 2119 2891 2191 μὲν
2953 2120 3055 2194 γὰρ
3117 2117 3365 2195 δεύτερος
3425 2119 3747 2195 αὐτανέψιος
3802 2124 3893 2195 ἦν,
3944 2128 4044 2178 τοῦ

2397 2207 2454 2264 δὲ
2484 2207 2733 2285 δευτέρου
2783 2208 3105 2282 αὐτανεψίου
3156 2210 3292 2282 υἱὸς)
3340 2208 3561 2279 πολλὴν
3610 2209 3857 2283 ἐμποιεῖν
3901 2214 4047 2285 σύτῷ

2394 2300 2494 2368 τὴν
2557 2298 2635 2361 εἷς
2686 2299 2748 2355 τὸ
2802 2295 3166 2372 κηδεμονικὸν
3226 2304 3322 2354 τοῦ
3385 2299 3661 2374 βαφιλέως
3719 2302 3867 2376 παρᾶ
3919 2302 4046 2364 τοὺς

2397 2386 2603 2451 ἄλλους
2653 2388 2962 2464 ἐκχώρησιν
2993 2432 3004 2444 .
3058 2387 3231 2445 Ἄλλὰ
3284 2389 3352 2443 τὰ
3404 2391 3496 2462 μὲν
3550 2389 3753 2445 ἐκείνου
3800 2393 3935 2466 πρὸς
3987 2396 4049 2447 τὸ

2397 2484 2769 2553 προτιμᾶσθαι
2824 2482 2930 2532 τῶν
2987 2476 3172 2533 ἄλλων
3233 2476 3413 2533 δίκαια
3468 2482 3618 2535 ταῦτ’
3674 2481 3832 2553 ἦσαν,
3891 2482 3978 2535 καὶ
4023 2484 4051 2536 ὁ

2403 2568 2531 2641 ὑπὲρ
2593 2567 2799 2622 ἐκείνου
2874 2566 3047 2644 λέγων
3123 2572 3294 2622 ταῦτα
3362 2563 3772 2643 προύϐάλλετο·
3824 2591 4056 2646 παρέχει

2401 2654 2457 2712 δὲ
2508 2655 2597 2711 καὶ
2654 2656 2715 2710 τὸ
2791 2655 2935 2718 εἰκὸς
3011 2655 3207 2710 ἐννοεῖν
3283 2658 3357 2719 ὡς
3413 2657 3663 2720 κάκεῖνος
3713 2660 3775 2715 τὸ
3824 2664 4058 2736 πρᾶγμα

2389 2857 2603 2913 tutoris
2634 2856 3003 2929 providentia
3047 2858 3371 2913 destitutus
3404 2858 3679 2931 relinqui,
3714 2860 3786 2915 ad
3818 2859 4053 2918 electio-

2394 2962 2525 3001 nem
2561 2946 2682 3017 apti
2735 2946 2807 3001 ad
2858 2946 2916 3001 id
2963 2962 3181 3002 munus
3211 2952 3490 3004 coeuntes
3540 2965 3755 3021 magno
3802 2967 4053 3007 numero

2393 3035 2672 3106 praecipui
2723 3034 2938 3106 quippe
2968 3035 3349 3107 magistratus
3380 3041 3554 3109 atque
3588 3037 3739 3093 aula:
3778 3055 4055 3110 proceres

2383 3129 2517 3180 ante
2530 3124 2729 3180 omnia
2741 3124 3124 3181 decreverunt
3140 3124 3604 3197 haudquaquam
3632 3132 3823 3183 tutum
3859 3128 4049 3185 videri

622 3214 997 3286 lantbropeni
1018 3218 1075 3269 et
1096 3212 1323 3269 nobiles
1344 3212 1733 3269 Cantacuzeni
1760 3232 1773 3282 ;
1803 3217 1929 3269 tum
1949 3213 1999 3270 si
2019 3214 2115 3285 qui
2147 3214 2269 3285 alii,
2311 3219 2353 3282 Ο
2392 3216 2560 3269 tanta
2590 3214 2661 3269 de
2692 3229 2752 3269 re
2784 3217 3039 3269 statuere
3058 3213 3185 3270 sine
3216 3213 3355 3270 cleri
3387 3220 3443 3271 et
3457 3216 3722 3271 Ecclesiae
3753 3233 4052 3274 consensu

628 3304 846 3377 quibus
879 3302 980 3359 illa
1012 3302 1325 3375 magnifica
1348 3302 1531 3358 series
1562 3306 1620 3358 et
1641 3302 1810 3374 quasi
1830 3319 2007 3358 aurea
2037 3303 2283 3360 nobilis-

632 3394 917 3451 simorum
981 3409 1286 3466 procerum
1333 3408 1549 3448 corona
1579 3393 1906 3449 constabat.
1944 3393 2280 3466 Nostongus

626 3485 782 3539 inter
812 3499 909 3539 eos
943 3471 1227 3554 Georgius
1257 3481 1650 3538 aemulationis
1682 3482 2012 3539 communis
2036 3485 2278 3539 modum

627 3572 909 3646 peculiari
933 3571 1273 3628 ambitionis
1295 3571 1629 3641 arrogantia
1652 3573 1990 3645 superabat,
2012 3589 2077 3629 eo
2097 3574 2272 3629 maxi‘

627 3679 721 3719 me
744 3662 801 3718 in
832 3662 1173 3734 superbiam
1206 3660 1393 3717 elatus
1419 3662 1574 3733 quod
1605 3661 1924 3733 imperator
1966 3662 2159 3718 adhuc
2190 3664 2279 3717 vi-

625 3769 771 3809 vens
806 3751 987 3808 filiam
1008 3750 1095 3806 illi
1118 3749 1407 3807 collocare
1436 3751 1494 3806 in
1516 3751 1893 3808 matrimonio
1925 3753 2275 3820 decreverat,

624 3849 682 3902 et
714 3843 933 3899 multos
963 3840 1139 3897 istius
1171 3840 1263 3897 sui
1300 3840 1533 3896 consilii
1583 3842 1897 3913 participes
1955 3844 2188 3899 iecerat.
2222 3848 2281 3899 et

625 3932 866 3990 omnino
925 3932 1318 3987 mandaturus
1372 3930 1731 3987 exsecutioni
1758 3948 1877 3987 rem
1903 3949 2030 3987 eam
2064 3933 2274 4001 fuerat,

626 4024 739 4080 nisi
776 4026 961 4079 morte
980 4020 1187 4077 fuisset
1209 4024 1668 4093 praeoccupatus.
1702 4026 1879 4077 Porro
1908 4026 2052 4077 tunc
2083 4023 2276 4079 adhuc

624 4114 911 4185 Georgius
941 4111 1001 4166 in
1032 4125 1099 4166 ea
1130 4114 1402 4182 perstans
1434 4110 1652 4165 fiducia
1700 4111 2067 4183 perﬁcienda
2098 4112 2277 4183 hujus

626 4202 932 4259 affinitatis
954 4201 1081 4272 jam
1116 4204 1251 4256 ante
1282 4199 1608 4267 destinatas,
1642 4199 1755 4255 ista
1785 4200 1915 4272 ipsa
1956 4217 2059 4272 spe
2089 4201 2147 4255 in
2180 4206 2272 4257 tu-

625 4309 848 4349 morem
869 4308 985 4347 non
1010 4290 1308 4345 modicum
1331 4288 1674 4359 inﬂabatur,
1697 4306 1832 4345 cum
1853 4289 2001 4346 alios
2025 4292 2275 4362 superbe

622 4381 974 4458 despiciens,
1006 4384 1134 4435 tum
1168 4379 1363 4450 ipsum
1396 4378 1650 4434 maxime
1680 4384 1948 4451 nepotem
1978 4395 2045 4435 ex
2077 4397 2275 4437 sorore

624 4487 906 4544 magnum
930 4467 1740 4540 conostaulumimpotentius
1762 4469 2067 4526 aemulans.
2089 4472 2276 4536 Quare

618 4563 678 4617 in
704 4560 873 4617 atriis
894 4558 1258 4632 imperatorii
1278 4557 1476 4631 palatii
1496 4576 1638 4614 vane
1661 4575 1727 4615 ac
1749 4560 2124 4631 impudenter
2145 4577 2273 4616 sese

612 4651 897 4722 jactabat,
933 4649 1076 4704 adeo
1108 4653 1173 4703 ut
1194 4665 1309 4703 non
1343 4648 1639 4703 dubitaret
1666 4648 1994 4720 puerilibus
2024 4650 2272 4720 Augusti

619 4740 776 4796 ludis
808 4756 869 4795 se
900 4738 1252 4805 immiscere,
1288 4737 1640 4794 collusorem
1672 4755 1736 4794 se
1766 4738 2020 4810 principi
2074 4739 2274 4795 obtru-

618 4834 786 4898 dens,
819 4833 876 4884 et
907 4844 1041 4883 cum
1074 4844 1140 4883 eo
1172 4826 1349 4883 simul
1382 4827 1656 4898 equitans
1688 4826 1745 4883 in
1781 4828 2092 4895 arundine,
2118 4828 2273 4900 pari-

618 4926 844 4990 terque,
879 4921 945 4972 ut
974 4916 1213 4973 solitum
1271 4916 1411 4988 illis,
1473 4916 1593 4989 pila
1650 4918 1750 4973 66
1811 4916 2044 4988 ludens,
2107 4922 2165 4973 et
2212 4918 2270 4973 in

618 5009 848 5065 similes
874 5008 999 5079 ejus
1030 5008 1218 5062 aetatis
1249 5007 1631 5063 remissiones
1663 5023 1789 5063 sese
1812 5006 2085 5079 ingerens
2111 5006 2276 5062 fami-

617 5100 875 5156 liaritate
905 5097 1080 5153 nimis
1112 5096 1340 5165 audaci,
1364 5098 1566 5169 sicque
1589 5113 1716 5153 sese
1737 5097 1950 5168 reginis
1970 5096 2272 5153 sororibus

616 5188 1200 5260 imperatoriscoram
1229 5203 1259 5243 e
1291 5186 1620 5260 propinquo
1644 5186 2047 5259 spectantibus
2069 5186 2270 5243 vendi-

619 5283 752 5334 tans
784 5294 929 5333 vano
961 5276 1218 5349 gloriolae
1253 5276 1505 5349 pruritu.

617 5434 707 5487 2'3.
746 5433 810 5489 Ut
851 5432 1123 5503 prwtatus
1151 5432 1357 5485 caeteris
1416 5430 1758 5503 Palwologus
1816 5433 2011 5501 fuerit,
2044 5430 2269 5483 deman-

1036 5503 1163 5558 data
1187 5504 1240 5558 ei
1269 5503 1438 5558 tutela
1474 5501 1845 5574 imperatoris.

689 5638 1199 5693 Verumenimvero
1222 5653 1354 5692 cum
1378 5636 1602 5693 diutius
1625 5654 1739 5693 non
1767 5640 1967 5709 posset
1992 5634 2268 5708 parvulus

615 5730 936 5801 imperator
966 5727 1025 5784 in
1059 5732 1179 5785 tam
1211 5726 1507 5784 imbecilla
1564 5745 1630 5784 ac
1680 5732 1881 5785 tenera
1912 5729 2098 5800 {aetate
2128 5727 2268 5781 certi

2391 3305 2638 3375 ejusque
2688 3302 2934 3359 consilio
2966 3319 3034 3359 ac
3074 3308 3221 3359 nutu
3273 3304 3374 3375 qui
3409 3306 3583 3361 rebus
3628 3306 4052 3364 ecclesiasticis

2390 3397 2530 3448 tunc
2561 3396 2808 3465 praeerat
2838 3392 2912 3463 (is
2939 3397 3065 3449 erat
3093 3393 3420 3465 Arsenius).
3460 3396 3661 3467 Itaque
3719 3413 3821 3468 per
3854 3396 4049 3452 Exau-

2388 3482 2753 3537 torianorum
2786 3482 3181 3553 patriarcham
3200 3481 3368 3537 illum
3401 3499 3470 3539 ex
3494 3483 3637 3540 urbe
3653 3485 3844 3541 Nicaea
3865 3488 4050 3541 curri-

2389 3571 2520 3627 culo
2552 3575 2879 3628 accersunt.
2912 3571 3028 3644 Ipsi
3062 3588 3196 3627 vero
3227 3571 3463 3628 interim
3496 3574 3645 3629 serio
3672 3575 3731 3629 in
3762 3574 4052 3631 delibera-

2387 3662 2606 3717 tionem
2640 3661 2890 3732 ingressi
2924 3665 3056 3732 post
3081 3660 3328 3717 multam
3354 3668 3413 3718 et
3441 3667 3727 3719 attentam
3752 3664 4047 3737 disquisi-

2388 3752 2607 3807 tionem
2639 3750 3213 3823 disceptationesque
3243 3752 3461 3821 varias,
3484 3752 3596 3809 alio
3627 3753 3806 3809 alium
3829 3757 4042 3827 praefe-

2389 3846 2570 3909 rente,
2605 3841 2839 3896 tandem
2880 3839 2940 3896 in
2970 3856 3099 3895 eam
3147 3842 3499 3898 sententiam
3534 3844 3739 3914 majori
3772 3860 3841 3899 ex
3872 3852 4045 3917 parte

2389 3930 2739 3986 conveniunt
2770 3946 2897 4001 quae
2931 3946 3133 3985 curam
3168 3930 3539 4001 imperatoris
3563 3949 3630 3989 ac
3654 3934 3906 3989 tutulam
3930 3952 4044 3991 sae-

2388 4020 2521 4091 pius
2565 4022 2887 4075 memorato
2910 4035 3121 4091 magno
3143 4020 3484 4077 conostaulo
3516 4022 3839 4096 Palaaologo
3875 4041 4046 4080 com—

2388 4108 2735 4165 mittendam
2771 4109 3082 4164 censebat:
3106 4109 3287 4164 videri
3319 4110 3477 4165 enim
3507 4111 3677 4167 illum
3704 4129 3886 4169 unum
3917 4131 4043 4186 pra:

2387 4198 2615 4255 cunctis
2629 4198 2874 4269 reliquis
2893 4199 2962 4253 ad
2979 4214 3105 4254 eam
3124 4213 3245 4253 rem
3259 4199 3535 4256 idoneum
3552 4202 4047 4276 maxime,utpote

2383 4288 2575 4343 virum
2633 4289 2841 4343 fortem
2899 4292 2957 4342 et
3008 4288 3089 4343 rei
3122 4287 3397 4344 militaris
3434 4291 4044 4363 experientissimum,

2386 4377 2600 4448 cuique
2634 4377 2859 4432 affatim
2883 4380 4047 4449 suppeteretantiquaanobilitatis.Acce-

2386 4467 2563 4523 debat
2591 4467 2762 4522 tertio
2791 4465 2917 4522 loco
2952 4468 3276 4524 domestica
3307 4470 3615 4541 sanguinis
3659 4475 4046 4529 necessitudo

2385 4574 2518 4613 cum
2545 4557 2998 4629 imperatoribus
3015 4573 3119 4612 avo
3136 4563 3368 4629 etpatre
3391 4559 3676 4632 principis
3704 4565 4046 4635 regnantis,

2382 4663 2451 4703 ex
2484 4650 2732 4718 utraque
2756 4645 2937 4717 stirpe
2968 4649 3213 4717 paterna
3234 4651 3637 4721 maternaque.
3669 4650 3815 4706 Nam
3834 4654 4050 4725 Augu-

2382 4747 2483 4791 staa
2501 4734 2735 4808 quidem
2762 4750 3073 4806 pronepos,
3094 4751 3163 4790 ex
3180 4737 3552 4807 imperatoris
3564 4754 3697 4796 vero
3714 4748 4051 4813 pronepote

2381 4831 2554 4883 natus
2585 4830 2728 4881 erat.
2763 4825 2864 4880 His
2895 4841 3027 4881 vere
3058 4824 3451 4882 ﬁrmamentis
3484 4828 3783 4885 nitebatur
3812 4830 4050 4888 Palaao-

2379 4915 2496 4987 logi
2554 4930 2709 4987 spes,
2768 4930 2954 4985 eaque
2985 4913 3276 4986 allegabat
3325 4916 3705 4987 potissimum
3754 4920 3857 4991 qui
3906 4922 4051 4992 ejus

2382 5005 2724 5061 electionem
2756 5002 3044 5059 suadebat
3073 5007 3288 5059 orator.
3322 5004 3655 5063 Verisimile
3694 5013 3896 5066 tamen
3951 5017 4051 5067 est

2380 5095 2536 5151 haud
2572 5092 3530 5166 planehisargumentisconlisum
3562 5113 3720 5164 eum,
3745 5103 4053 5170 praeterea

2380 5202 2509 5257 qua:
2544 5183 2737 5256 palam
2766 5182 3095 5254 agebantur
3124 5183 3219 5237 01
3276 5184 3764 5258 dicebanturque,
3825 5189 4054 5245 admo-

2378 5278 2533 5330 visse
2586 5271 2920 5328 clanculum
2982 5289 3229 5329 arcanas
3260 5279 3419 5331 artes
3449 5278 3832 5348 corrogandis
3871 5281 4058 5336 varia

2378 5364 2674 5419 industria
2697 5361 2995 5434 suti'ragiis
3014 5363 3348 5435 studiisque
3378 5365 3659 5421 veliﬁcari
3684 5368 3814 5439 ejus
3847 5370 4059 5425 ambi-

2377 5453 2521 5509 tioni
2578 5452 2925 5518 valentium,
2986 5450 3255 5523 qualium
3289 5453 3509 5509 multos
3546 5460 3790 5527 putatur
3822 5458 4059 5529 amplis

2378 5543 2489 5600 sibi
2524 5540 3022 5615 promissionibus
3079 5542 3444 5615 adjunxisse,
3477 5545 3797 5615 praesertim
3858 5564 3937 5604 ex
3974 5549 4055 5606 iis

2378 5634 2475 5704 qui
2510 5632 2748 5705 nuperis
2778 5631 2927 5687 aula:
2956 5632 3408 5703 tempestatibus
3442 5635 3732 5703 jacturam
3775 5638 4061 5708 dignita-

2380 5728 2506 5780 tum
2541 5724 2813 5781 fecerant.
2848 5723 2919 5778 Et
2939 5722 3180 5779 suberat
3200 5740 3379 5781 causa
3401 5741 3504 5781 cur
3528 5726 3902 5785 occasionem
3928 5746 4062 5787 non
