4258 6438
180 406 285 462 501

1267 408 1360 461 DE
1403 406 1773 462 MICHABLB
1810 404 2252 462 PALEOLOGO
2291 407 2424 461 LIB.
2469 409 2513 460 Ι.

3483 409 3592 462 502

181 531 453 596 ποικίλως
509 533 930 609 μετεχειρίζετο,
993 532 1094 586 οὐκ
1144 528 1366 605 ὀλίγους
1419 528 1668 586 κλέπτων
1709 537 1828 592 ταῖς
1860 533 1914 600 Α
1944 527 2207 601 διδόντος,
2250 531 2338 585 καὶ
2387 532 2447 584 τὸ
2499 528 2696 585 λοιπὸν
2753 531 2780 585 ὁ
2831 528 3209 607 Παλαιολόγος
3260 532 3422 608 μέγας
3466 532 3591 605 δοῦξ

184 623 411 696 ἀγαθαῖς
463 621 810 696 ὑποσχέσεσι,
870 622 960 675 καὶ
1022 619 1235 694 μᾶλλον
1299 623 1380 681 οἷς
1441 620 1680 674 ἐκπεσεῖν
1729 625 1835 676 τῶν

176 709 504 782 ἀξιωμάτων
537 706 732 780 συνέϐη
789 710 848 764 ἐκ
894 716 994 778 τῆς
1039 713 1136 763 τοῦ
1177 713 1368 782 καιροῦ
1428 707 1721 770 δυσκολίας
1770 711 1834 764 τὸ

178 799 470 874 πρότερον.
526 803 585 872 [Ρ
616 803 727 871 39].
780 801 836 852 Ὀ
887 797 944 853 δὲ,
979 797 1230 861 ὑπελθεῖν
1269 798 1362 869 μὶν
1415 799 1512 865 τὴν
1573 795 1835 872 φροντίδα

182 886 357 959 μηδὲν
397 887 680 959 μελλήσας
711 890 982 956 κατένευε,
1016 888 1188 956 πένησ
1218 886 1290 940 ὥν
1341 887 1428 940 καὶ
1487 885 1653 957 μηδὲν
1687 885 1832 960 ἔχων

178 978 316 1032 κατά
375 979 436 1031 τὸ
471 978 663 1052 μέτρον
721 983 818 1033 τοῦ
877 979 1190 1050 ἀξιώματος
1248 975 1663 1051 φιλοτιμότερον
1727 974 1836 1030 δια-

180 1071 300 1139 ζῇν·
337 1067 414 1129 ὡς
443 1065 501 1120 ἂν
541 1065 598 1120 δὲ
634 1068 707 1139 μή
767 1064 958 1135 δοκοίη
1010 1065 1089 1138 τῷ
1145 1065 1196 1134 ἐξ
1251 1065 1479 1136 ἑτοίμου
1538 1060 1834 1136 λαμϐάνειν

174 1156 340 1230 χάριν
369 1160 486 1218 τοῖς
513 1157 853 1230 παρέχουσιν
906 1151 1072 1221 ἔχειν,
1127 1151 1255 1225 μηδ’
1305 1155 1379 1214 ὡς
1434 1153 1653 1227 φορτίον
1688 1154 1832 1208 ἐπω-

175 1246 477 1316 μιζόμενος
531 1246 959 1318 παραιτεῖσθαι,
1025 1242 1200 1313 ἐζήτει
1278 1243 1370 1314 μὲν
1442 1244 1531 1296 καὶ
1593 1243 1689 1310 τὴν
1736 1246 1830 1297 τοῦ

171 1333 523 1408 πατριάρχου
583 1335 706 1388 ὅσον
768 1331 924 1388 οὔπω
985 1331 1418 1404 ἐπιστησομένΟυ
1479 1331 1776 1386 συναίνεσιν
1817 1378 1830 1400 ,

170 1422 232 1477 οὐ
263 1423 403 1476 κατά
435 1422 619 1496 χρείαν
677 1422 894 1494 μᾶλλον
931 1465 945 1490 ,
1002 1420 1128 1476 ἀλλ’
1181 1419 1252 1474 ’ίν’
1311 1420 1708 1496 ἀσφαλέστερον
1766 1420 1828 1475 τὸ

170 1511 459 1586 γινόμενον
509 1516 832 1583 καθιστῷτο.
885 1510 1036 1580 Πλήν
1087 1509 1214 1564 ἀλλ’
1255 1507 1599 1578 ἀντιδοθῆναί
1630 1510 1685 1563 οἱ
1740 1510 1828 1563 καὶ

168 1607 272 1668 τῆς
302 1599 392 1655 ἐπὶ
422 1606 500 1672 τῷ
525 1600 740 1676 βασιλεῖ
768 1597 1098 1672 κηδεμονίας
1120 1601 1186 1654 τά
1212 1599 1524 1674 ὑψηλότερα
1552 1604 1659 1655 τῶν
1690 1599 1828 1670 ἀξω-

177 1692 365 1761 μάτων
399 1695 779 1765 προσαπαιτεῑ.

316 1798 420 1871 κγ’.
453 1799 638 1857 Ὅπως
671 1793 1052 1871 ΙΙαλαιολΔὸγος
1102 1795 1338 1868 ἐτιμήθη
1391 1793 1467 1857 είς
1522 1796 1684 1871 μεγαν

907 1865 1094 1924 δοῦκα.

243 1957 315 2013 Οἱ
363 1953 421 2011 δὲ
477 1962 581 2010 τῶν
659 1957 751 2029 μὲν
810 1957 1025 2012 ἐκείνων
1107 1955 1495 2030 βουλευμάτων
1549 1957 1611 2012 τὸ
1662 1954 1826 2031 κῦρος

173 2046 284 2121 οὐχ
312 2049 476 2114 ἧττον
510 2047 599 2100 καὶ
650 2048 754 2101 ἀπὸ
807 2054 907 2115 τῆς
940 2045 1265 2116 Ἐκκλησίας
1308 2045 1508 2114 ἤθελον
1557 2047 1709 2118 εἶναι,
1761 2045 1823 2100 οὗ

172 2137 284 2209 μὴν
315 2133 373 2190 δὲ
405 2137 542 2191 ὥστε
589 2137 674 2190 καὶ
723 2142 857 2210 σφᾶς
908 2135 1298 2210 ἀναγκάζεσθαι
1350 2133 1429 2212 ἐφ’
1461 2138 1544 2199 οἷς
1573 2133 1824 2190 ἐδέδοκτο

169 2228 322 2301 σφίσι
404 2220 916 2298 μεταϐουλεύεσθαι·
988 2223 1050 2280 τὸ
1106 2223 1164 2279 δὲ
1221 2219 1656 2300 προϐιϐασθῆναι
1731 2224 1822 2278 τὸν

171 2319 271 2369 τοῦ
323 2313 595 2389 βασιλέως
647 2313 937 2391 ἐπίτροπον
993 2315 1069 2376 εἰς
1125 2314 1331 2389 βαθμὸν
1371 2317 1469 2368 τοῦ
1515 2313 1827 2386 ἀξιώματος

178 2402 407 2474 μείζονα
460 2403 604 2464 εἰκός
655 2425 716 2478 γε
783 2405 913 2458 εἶναι
964 2401 1364 2478 διωμολὸγουν,
1423 2400 1512 2457 καί
1561 2423 1679 2464 πως
1737 2403 1827 2456 καὶ

175 2492 443 2566 ἀμηγέπη
523 2490 611 2547 διὰ
681 2497 849 2548 ταῦτα
921 2493 1052 2548 κάπὶ
1127 2492 1305 2565 τούτῳ
1379 2493 1716 2558 συνεφώνουν
1778 2493 1828 2546 οἱ

174 2582 451 2640 πλεῖστοι.
514 2583 613 2636 Καὶ
673 2584 749 2645 εἷς
820 2584 987 2658 μὲγαν
1051 2580 1216 2637 δοῦκα
1277 2584 1304 2636 ὁ
1359 2587 1467 2636 τῶν
1535 2581 1832 2656 βασιλικῶν

176 2671 515 2748 πραγμάτων
572 2672 866 2747 ἐπίτροπος
919 2671 1294 2744 μετατίθεται,
1347 2669 1614 2746 βασιλέως
1670 2671 1828 2741 δῆθεν

173 2891 524 2963 negligeret,
549 2891 649 2946 sed
683 2906 886 2946 curam
906 2889 1232 2945 intenderet
1261 2890 1419 2947 omni
1451 2890 1821 2946 cunctatione

171 2983 396 3036 omissa
434 2983 496 3035 in
528 2996 649 3035 rem
681 2979 796 3035 sibi
819 2979 988 3035 unice
1009 2979 1398 3035 necessariam
1421 2979 1482 3034 in
1506 2985 1660 3036 statu
1681 2997 1824 3051 prae-

171 3069 359 3126 sentis
412 3070 683 3134 fortunae,
717 3069 1010 3124 exhaustae
1070 3073 1239 3140 atque
1297 3070 1513 3140 inopis,
1570 3075 1827 3141 egestate

173 3159 478 3230 siquidem
512 3159 774 3230 pecuniae
805 3174 1039 3214 summa
1068 3157 1391 3225 laborabat,
1438 3175 1552 3214 non
1601 3160 1826 3215 habens

174 3249 419 3304 omnino
469 3249 625 3304 unde
675 3247 1020 3320 dignitatem
1065 3252 1346 3314 tueretur,
1399 3247 1583 3304 multo
1628 3254 1824 3305 autem

173 3338 379 3393 minus
412 3338 590 3406 unde,
625 3339 782 3408 quod
814 3337 1161 3393 naturaliter
1192 3338 1730 3402 amabat,muniﬁce
1762 3356 1827 3395 ac

172 3426 491 3499 splendide
520 3426 753 3482 viveret.
781 3427 956 3482 Porro
980 3443 1050 3481 ne
1074 3426 1211 3481 hinc
1234 3427 1473 3498 quidem
1495 3427 1654 3483 visus
1675 3428 1826 3483 acci-

173 3532 310 3588 pere
344 3516 528 3571 nimis
558 3515 765 3588 cupide
795 3515 1057 3571 oblatum
1083 3516 1382 3583 honorem,
1411 3517 1728 3573 obnoxium
1764 3535 1826 3573 se

169 3621 232 3660 ac
262 3605 477 3677 gratias
506 3605 831 3661 debitorem
853 3605 1255 3661 deferentibus
1279 3606 1826 3673 constitueret,inde

169 3711 302 3752 vero
320 3695 643 3750 formidare
659 3711 808 3750 onus
825 3696 1079 3766 impositi
1095 3695 1270 3751 ofﬁcii
1290 3695 1455 3767 quasi
1470 3696 1826 3752 conscientia

167 3784 543 3841 inﬁrmitatis
573 3785 889 3851 videretur,
922 3786 1176 3841 mediam
1210 3786 1363 3841 inter
1411 3785 1511 3841 illa
1563 3790 1825 3842 extrema

164 3876 322 3931 viam
364 3884 594 3943 tenens,
617 3875 871 3946 primum
909 3876 1078 3946 petiit
1101 3875 1491 3946 patriarcham
1525 3880 1823 3933 auctorem

167 3966 291 4021 ﬁeri
327 3966 582 4021 decreta
608 3964 723 4021 sibi
755 3965 1082 4037 dignitatis,
1116 3965 1364 4037 ideoque
1383 3964 1822 4022 conclusionem

166 4054 620 4112 deliberationis
651 4055 924 4110 ultimam
951 4056 1008 4109 in
1034 4056 1163 4126 ejus
1182 4056 1534 4128 proximum,
1564 4061 1628 4112 ut
1651 4062 1820 4129 puta-

170 4145 697 4212 batur,adventum
720 4145 962 4213 differri,
989 4162 1102 4200 non
1129 4147 1283 4217 quod
1305 4145 1485 4217 hujus
1509 4163 1820 4204 assensum

168 4236 419 4293 omnino
452 4235 875 4302 necessarium,
902 4235 1000 4290 sed
1033 4236 1186 4307 quod
1217 4252 1284 4291 eo
1316 4237 1625 4293 accedente
1655 4254 1821 4293 secu-

167 4326 293 4382 rius
334 4324 785 4396 transigendam
812 4324 1162 4395 ﬁrmiusque
1192 4326 1665 4382 constituendam
1699 4344 1820 4382 rem

166 4417 428 4488 putaret.
464 4413 682 4470 Deinde
713 4413 938 4486 rogavit
968 4419 1032 4469 ut
1061 4414 1173 4470 sibi
1205 4415 1342 4470 boni
1373 4415 1594 4488 publici
1625 4415 1820 4472 studio

166 4503 436 4560 difﬁcilis
457 4507 517 4559 et
538 4503 735 4576 gravis
757 4504 1187 4575 procurationis
1205 4505 1481 4562 subeunti
1499 4506 1818 4578 pondus,in

163 4594 428 4667 pretium
443 4609 631 4665 opera:
649 4611 714 4649 ac
739 4593 1160 4650 sollicitudinis
1181 4596 1817 4668 regendaimperatoris

1945 620 2034 673 καὶ
2063 625 2159 674 τοῦ
2205 620 2474 694 βασιλέως
2518 619 2814 694 ἐπίτροπος
2863 623 3239 696 φημιζὸμενος
3288 623 3422 696 πρὸς
3470 631 3591 684 ταῖς

1945 709 2186 783 φροντίσι
2237 713 2344 763 τῶν
2403 714 2600 763 κοινῶν
2658 711 2747 782 ἦν,
2780 711 2867 764 καὶ
2900 709 2948 779 ἐξ
2999 709 3363 786 ἐπιτάγματος
3422 713 3593 786 ἀπαρ-

1944 801 2169 868 αιτήτου
2247 800 2704 872 συμπραττόντων
2784 800 2870 853 καὶ
2928 803 3034 853 τῶν
3093 800 3145 852 ἐν
3202 799 3347 855 τὲλει
3407 800 3592 872 διῴκει

1941 891 2127 943 ταῦτα.
2164 889 2259 941 Καί
2308 909 2423 949 πως
2485 887 2740 963 ἀμηγέπη
2777 886 2862 942 διὰ
2917 893 3081 942 ταῦτα
3128 890 3244 943 κατ’
3297 891 3590 965 ἀναγκαίας

1945 976 2133 1050 χρείας
2186 982 2293 1030 τῶν
2359 976 2655 1051 βοσιλικῶν
2711 977 2970 1049 ταμιείων
3055 980 3422 1052 προσήπτετο.
3485 983 3586 1037 Ἦν

1941 1066 2040 1140 γὰρ
2118 1068 2422 1140 χρημάτων
2502 1065 2714 1134 πλῆθος
2802 1066 3462 1137 ἐναποτεθησαυρισμὲνον
3535 1069 3590 1124 ἐν

1942 1156 2275 1229 Μαγνησίᾳ,
2339 1155 2400 1209 οὐ
2454 1153 2657 1229 ῥᾳδίως
2740 1157 3041 1230 ἀριθμητὸν
3083 1200 3097 1225 ,
3151 1156 3413 1232 συλλεγὶν
3498 1160 3588 1214 καὶ

1941 1243 2196 1306 ἀποτεθὶν
2253 1245 2378 1317 παρ’
2445 1245 2694 1298 Ἰωάννου
2751 1242 2848 1298 τοῦ
2907 1244 3085 1298 Δούκα
3141 1248 3232 1299 καὶ
3297 1245 3588 1320 βασιλέως,

1939 1333 2014 1388 Τὸ
2067 1332 2165 1407 γάρ
2238 1333 2384 1404 παρά
2455 1337 2553 1386 τοῦ
2615 1331 2813 1394 παιδὸς
2887 1333 3094 1388 ἐκείνου
3156 1333 3440 1411 Θεοδώρου
3495 1341 3590 1391 τοῦ

1939 1420 2178 1494 Λάσκαρι
2214 1420 2576 1498 συναγόμενον
2625 1421 2778 1484 ἰδίως
2827 1420 2968 1476 ἄλλο
3018 1425 3079 1495 [Ρ
3129 1427 3218 1497 40]
3267 1447 3318 1479 τι
3369 1433 3587 1500 χρῆμα,

1940 1511 2014 1573 εἷς
2079 1510 2361 1585 βασιλείας
2420 1509 2680 1586 αὔταρκες
2755 1508 2938 1586 ὄγκον,
2997 1512 3049 1567 ἐν
3124 1518 3202 1585 τῷ
3271 1516 3406 1570 κατά
3476 1515 3586 1572 ἄνω

1940 1597 2300 1674 Σκαμάνδρου
2331 1601 2578 1676 φρουρίῳ
2628 1605 2707 1672 τῷ
2755 1599 2898 1655 οὕτω
2942 1621 3059 1663 πως
3113 1601 3406 1676 Ἀστυτζίῳ
3455 1606 3587 1660 ὑπο-

1935 1689 2282 1763 κοριζομένῳ
2355 1689 2610 1766 ἀσφαλῶς
2689 1689 3016 1747 ἐναπέκειτο.
3093 1689 3245 1760 Πλὴν
3320 1693 3417 1748 οὐκ
3496 1694 3586 1750 ἐκ-

1938 1778 2097 1854 λογαὶ
2175 1783 2344 1832 ταῦτα
2399 1779 2434 1846 ἢ
2495 1778 2766 1854 εἷ’σπραξις
2825 1777 3049 1852 ἄδικος,
3109 1779 3223 1835 οὐδ’
3276 1783 3578 1857 ἀνθρώπων

1855 1906 1901 1972 Β
1941 1866 2058 1940 βίος
2103 1868 2188 1921 καὶ
2245 1869 2487 1938 πενήτων
2544 1868 2652 1942 οὐχ
2689 1871 2848 1937 ἦττον
2880 1871 2915 1938 ἢ
2947 1870 3149 1943 χρυσὸς
3184 1870 3406 1942 αἰματα,
3437 1871 3586 1928 ἀλλά

1932 1955 2168 2018 πλοῦτος
2201 1954 2260 2010 ἔκ
2287 1976 2344 2010 τε
2393 1962 2496 2024 τῆς
2549 1956 2672 2032 περὶ
2701 1957 2768 2012 τὰ
2826 1955 2936 2012 ἴδια
2991 1959 3333 2033 προμηθείας
3381 1962 3470 2015 καὶ
3524 1962 3583 2017 ἐκ

1931 2051 2030 2113 τῆς
2081 2049 2188 2099 τῶν
2237 2042 2546 2118 ἀλλοτρίων
2593 2046 2732 2100 κατά
2777 2047 3081 2120 προσενεξιν
3129 2047 3382 2123 εἰσφορᾶς
3440 2050 3576 2106 συλ-

1931 2132 2110 2210 λεγείς
2139 2155 2198 2190 τι
2239 2136 2329 2190 καὶ
2383 2134 2654 2205 αὐξηθείς·
2703 2135 2793 2191 τὸν
2849 2137 2942 2208 μὶν
2992 2137 3094 2211 γάρ
3155 2137 3214 2192 ἐκ
3271 2140 3578 2213 γεωπονίας

1933 2231 2187 2300 συνῆγον,
2217 2225 2309 2280 τὸν
2357 2222 2403 2279 δ’
2451 2223 2502 2296 ἐξ
2541 2222 2866 2295 ἀλλοδαπῆς
2921 2223 3230 2302 συνέλεγον.
3279 2226 3430 2297 Πλὴν
3465 2229 3577 2304 οὐχ

1935 2311 2072 2368 ὥστε
2153 2314 2242 2368 καὶ
2327 2313 2850 2387 ἀποτεθησαυρίσθαι
2934 2315 3026 2370 τὸν
3107 2316 3280 2370 πάντα
3348 2315 3578 2389 μηδενὸς

1939 2402 2292 2477 μετέχοντος,
2342 2401 2471 2458 ἀλλ’
2527 2402 2922 2477 ἐξαιρουμένων
2976 2408 3087 2460 τῶν
3145 2405 3445 2480 ἀναγκαίων
3506 2408 3580 2468 εἰς

1937 2490 2112 2554 δόσεις
2144 2492 2233 2546 καὶ
2293 2492 2452 2568 ῥόγας
2506 2493 2596 2546 καὶ
2647 2489 3030 2565 δαπανήματα,
3089 2494 3177 2548 καὶ
3234 2493 3446 2566 μᾶλλον
3506 2497 3581 2558 εἰς

1936 2582 2204 2660 ἐπιφανῶν
2244 2583 2336 2655 μὶν
2371 2580 2581 2658 ἀνδρῶν
2625 2581 2969 2659 φιλοτιμίας,
3010 2585 3252 2652 πενήτων
3305 2582 3361 2639 δὲ
3409 2605 3586 2660 χορη-

1937 2673 2078 2748 γίας,
2140 2673 2212 2735 ὡς
2271 2672 2549 2747 ἰκχεῖσθαι
2603 2673 2719 2728 κατ’
2777 2672 3011 2728 ἀεννάων
3070 2678 3331 2746 ποταμῶν
3389 2672 3583 2748 πλημ-

1937 2892 2144 2948 attolli.
2175 2894 2362 2958 Quare
2394 2892 2452 2947 id
2498 2891 2768 2963 pluribus
2797 2891 3092 2963 suffragiis
3123 2893 3221 2948 68
3246 2894 3576 2964 jusserunt.

1935 2985 2145 3053 Magno
2180 2981 2363 3053 igitur
2393 2996 2696 3054 procerum
2731 2997 3022 3037 consensu
3072 2986 3306 3038 curator
3360 2983 3579 3040 electus

1937 3071 2016 3126 rei
2028 3070 2273 3143 publica
2305 3087 2408 3142 per
2437 3076 2697 3127 teneram
2727 3071 3029 3142 regnantis
3059 3076 3308 3138 (etatem,
3369 3090 3575 3130 conce-

1936 3162 2108 3217 dente
2129 3161 2499 3232 imperatore,
2516 3160 2713 3232 magni
2732 3159 2900 3216 ducis
2917 3160 3311 3231 appellatione
3332 3162 3582 3235 insigni-

1934 3255 2051 3306 tur.
2095 3250 2294 3322 Itaque
2321 3267 2456 3305 mox
2485 3249 2844 3321 Palaaologus
2885 3249 3064 3304 simul
3123 3251 3240 3306 dux
3297 3268 3572 3324 magnus,

1860 3323 1902 3390 C
1937 3339 2112 3396 simul
2139 3343 2296 3395 tutor
2314 3339 2597 3411 principis
2615 3338 2990 3405 acclamatus,
3012 3339 3082 3394 de
3107 3339 3324 3410 publici
3346 3323 3577 3397 consilii

1934 3429 2223 3486 sententia
2253 3445 2375 3485 rem
2407 3427 2822 3484 administrare
2848 3427 3142 3498 publicam
3176 3428 3370 3499 coepit,
3388 3445 3573 3501 eaque

1932 3519 2236 3576 occasione
2266 3519 2492 3589 regium
2523 3517 2716 3589 attigit
2747 3517 3041 3574 aerarium.
3076 3518 3211 3573 Erat
3242 3524 3441 3574 autem
3487 3519 3574 3575 vis

1932 3608 2190 3680 pecunias
2215 3608 2449 3664 condita
2465 3607 2524 3662 in
2547 3608 2691 3663 urbe
2711 3607 3013 3680 Magnesia
3035 3623 3146 3662 non
3167 3607 3338 3663 facile
3364 3625 3574 3664 nume-

1931 3697 2156 3767 rabilis,
2188 3697 2430 3754 collecta
2460 3700 2518 3752 et
2547 3696 2629 3751 ibi
2661 3696 2928 3768 deposita
2961 3712 2994 3751 a
3023 3697 3242 3752 Joanne
3274 3697 3434 3752 Duca
3460 3697 3574 3753 im-

1931 3792 2217 3860 peratore:
2251 3802 2387 3843 nam
2403 3803 2528 3858 qua
2553 3786 2669 3843 alia
2693 3785 2927 3858 proprie
2956 3803 2989 3841 a
3009 3786 3314 3843 Theodoro
3340 3787 3573 3844 Lascari

1929 3878 2058 3948 ejus
2091 3876 2210 3932 ﬁlio
2241 3880 2594 3949 congregata
2623 3875 2874 3947 pecunia
2904 3875 3094 3932 fuerat
3114 3880 3278 3932 tanta
3296 3894 3563 3944 numero,

1929 3975 1994 4022 ut
2022 3967 2092 4023 ad
2122 3967 2360 4038 quasvis
2416 3966 2646 4037 imperii
2706 3981 2995 4037 expensas
3051 3971 3251 4037 posset
3281 3966 3571 4036 sufﬁcere,

1929 4073 2132 4112 secure
2161 4055 2606 4112 custodiebatur
2627 4055 2685 4110 in
2714 4071 2846 4111 arce
2879 4055 2949 4110 ad
2983 4055 3412 4112 Scamandrum
3437 4058 3570 4127 sita,

1928 4135 2055 4218 quae
2088 4145 2380 4201 diminuto
2403 4143 2682 4199 vocabulo
2712 4144 3060 4215 Astytzium,
3093 4142 3203 4199 hoc
3252 4151 3340 4199 est
3399 4145 3570 4199 urbe-

1927 4236 2082 4304 cula,
2114 4239 2372 4291 vocatur.
2405 4234 2689 4290 Craterum
2747 4249 2864 4289 non
2915 4249 2984 4289 ex
3043 4233 3485 4289 corrasionibus
3516 4238 3574 4287 et

1926 4325 2362 4382 extorsionibus
2391 4324 2612 4396 iniquis
2635 4324 2721 4378 ba:
2752 4339 2998 4378 summae
3025 4323 3287 4378 conﬂata:
3319 4324 3569 4378 fuerant.

1926 4430 2116 4486 neque
2146 4414 2275 4485 ejus
2307 4413 2538 4485 generis
2569 4424 2736 4470 erant
2757 4412 2817 4467 hi
2848 4411 3114 4468 thesauri
3156 4427 3306 4484 quos
3356 4411 3571 4483 raptim

1925 4508 2233 4577 congestas
2266 4503 2323 4558 in
2365 4519 2551 4559 unum
2583 4501 2892 4559 hominum
2953 4501 3104 4556 vitas
3129 4505 3188 4557 et
3243 4517 3569 4574 pauperum

1925 4594 2270 4666 sanguinem
2305 4609 2420 4649 non
2452 4592 2746 4648 immerito
2770 4591 2902 4664 quis
2934 4590 3164 4656 dixerit,
3193 4592 3297 4646 sed
3325 4605 3393 4645 ex
3422 4594 3570 4646 tem-

164 4683 427 4757 pueritia
457 4683 849 4754 exantlandaa,
910 4699 1169 4741 annuere
1198 4685 1416 4741 vellent
1471 4686 1816 4744 excelsiores
1849 4698 1892 4763 υ
1926 4685 2153 4758 peranti
2176 4681 2542 4756 parcimonia
2565 4685 2710 4738 nate
2734 4680 2933 4752 copiae,
2960 4680 3182 4735 fructus
3201 4680 3572 4737 oeconomica;

163 4773 313 4831 aula:
348 4772 688 4845 dignitates.

271 4881 368 4936 23.
407 4882 472 4938 Ut
502 4880 856 4951 Palaeologus
885 4883 1080 5025 Ῥαφιέ
1107 4882 1261 4939 ducis
1283 4882 1489 4940 honore
1518 4887 1712 4940 auctus

926 4970 1046 5010 ueri
1080 4996 1092 5008 .

926 4963 1092 5010 'uerz't.

238 5042 474 5109 Quibus
519 5043 734 5099 auditis
763 5045 1098 5118 congregati
1129 5061 1395 5117 proceres
1452 5062 1675 5103 morem
1730 5044 1814 5099 illi

167 5133 496 5205 gerendum
529 5132 590 5188 in
615 5136 864 5205 utroque
890 5135 1133 5206 quaesito
1165 5141 1542 5194 censuerunt:
1589 5153 1726 5193 nam
1757 5137 1815 5190 et

166 5225 236 5280 ad
256 5222 670 5280 auctoritatem
699 5224 1362 5298 immutabilitatemque
1379 5244 1574 5284 rerum
1597 5244 1627 5282 a
1642 5243 1704 5283 se
1728 5229 1824 5287 de-

165 5318 462 5370 cretarum
491 5315 817 5370 conducere
849 5317 1139 5387 putabant
1160 5321 1316 5373 ratas
1348 5333 1446 5374 eas
1470 5319 1542 5375 ab
1567 5319 1823 5375 Ecclesia

167 5402 403 5472 haberi,
436 5404 656 5475 absque
681 5420 748 5460 eo
779 5409 976 5461 tamen
1011 5410 1075 5462 ut
1117 5408 1333 5464 iterum
1367 5408 1424 5463 in
1476 5409 1723 5464 dubium
1757 5426 1822 5466 ac

169 5493 662 5550 deliberationem
691 5499 1079 5564 vocarentur;
1112 5500 1169 5552 et
1226 5513 1460 5568 aequum
1520 5498 1818 5571 plerisque

169 5589 751 5656 consentaneumque
781 5585 973 5642 visum
1004 5590 1094 5642 est
1148 5591 1405 5644 tutorem
1428 5590 1825 5660 gubernanda:

170 5678 390 5730 tenera
422 5674 705 5747 principis
727 5677 882 5732 aetati
913 5677 1291 5748 praepositum
1315 5678 1374 5734 in
1393 5679 1822 5747 sublimiorem,

170 5781 356 5835 quam
387 5765 447 5819 in
482 5782 597 5837 quo
630 5766 914 5824 hactenus
935 5766 1218 5839 stetisset,
1245 5769 1551 5840 dignitatis
1573 5769 1824 5840 gradum

1928 4775 2252 4849 prudentiae
2287 4778 2595 4848 perceptus
2623 4790 2692 4830 ex
2735 4772 3112 4846 proventibus
3142 4788 3419 4844 agrorum
3469 4777 3572 4828 aut

1917 4870 2080 4940 justa
2138 4865 2592 4922 commutatione
2636 4861 2975 4918 commercii
3026 4877 3056 4916 e
3108 4861 3280 4917 terris
3335 4862 3569 4932 exteris,

1928 4956 2163 5012 innoxio
2198 4955 2495 5011 redituum
2527 4967 2758 5025 genere,
2793 4949 2939 5006 nihil
2973 4951 3293 5007 admistum
3346 4951 3572 5008 habens

1929 5048 2145 5104 odiosas
2166 5043 2590 5117 corrogationis
2616 5059 2684 5098 ex
2708 5041 2894 5098 alieno
2917 5055 3120 5096 censu.
3153 5041 3267 5097 Nec
3295 5058 3466 5113 porro
3491 5043 3572 5097 ibi

1929 5137 2306 5194 detinebatur
2335 5151 2508 5191 avara
2555 5133 2826 5190 custodia
2865 5132 3228 5187 necessarios
3274 5131 3573 5188 invidente

1931 5245 2076 5284 usus
2105 5225 2435 5298 egentibus,
2463 5225 2563 5281 sed
2588 5240 2701 5279 non
2721 5237 2889 5295 parce
2912 5221 3406 5293 profundebatur,
3436 5239 3571 5278 cum

1931 5321 2236 5390 eratopus,
2278 5316 2338 5371 in
2365 5314 2664 5384 donativa,
2707 5311 3002 5384 stipendia
3024 5311 3372 5384 similesque
3411 5327 3578 5369 sum-

1932 5412 2089 5480 ptus,
2124 5407 2375 5463 maxime
2403 5407 2461 5461 in
2491 5404 2804 5461 muniﬁcas
2833 5401 3200 5474 largitiones,
3234 5403 3454 5474 quibus
3486 5403 3576 5457 vel

1933 5494 2267 5565 insignibus
2279 5493 2421 5549 viris
2440 5506 2788 5563 magnorum
2802 5489 3071 5545 laborum
3087 5490 3579 5562 egregiorumque

1932 5584 2260 5640 facinorum
2312 5599 2532 5639 merces
2566 5580 3011 5648 numerabatur,
3059 5580 3149 5636 vel
3179 5579 3341 5653 inopi
3395 5581 3578 5637 turbae

1933 5674 2426 5746 suppeditabatur
2442 5673 2596 5729 unde
2607 5671 2913 5739 viveret,ut
2929 5687 2996 5726 ex
3012 5669 3106 5726 his
3121 5671 3292 5743 quasi
3313 5671 3577 5728 fontibus

1934 5763 2107 5837 regiae
2143 5763 2552 5821 misericordiae
2584 5764 2642 5818 in
2674 5761 3009 5818 felicitatem
3044 5761 3338 5834 publicam
3376 5778 3578 5834 peren-
