4212 6442
630 385 737 442 503

1938 386 2236 443 GEORGII
2272 390 2736 447 PACHYMRRE

3933 378 4061 444 5049

640 510 813 586 μύροις
865 510 929 564 τὸ
964 504 1247 584 βασιλικὸν
1299 503 1476 579 ἔλεος,
1533 507 1595 561 τὸ
1654 506 1852 563 λοιπὸν
1891 513 1998 564 τῶν
2060 509 2283 586 χρημά-
2314 518 2367 585 Α
2394 512 2447 568 τί
2474 512 2577 588 γὰρ
2609 516 2637 568 ὁ
2674 518 2771 570 τοῦ
2803 518 3041 589 Χριστοῦ
3092 514 3263 587 νόμος
3309 512 3451 570 ἄλλο
3485 513 3792 590 βούλεταιὸ
3832 510 4038 569 διδόναι

636 619 744 654 των
821 603 938 658 τοῖς
1013 595 1285 669 ταμιείοις
1356 594 1825 669 ἐντεθησαύριστο.
1904 599 1982 654 Τὸ
2045 599 2146 674 γὰρ
2196 599 2283 653 ἐπὶ

641 688 815 763 Κύρου
845 687 933 741 καὶ
996 684 1217 760 Δαρείου
1269 686 1330 738 τὸ
1370 683 1538 739 πάλαι
1571 683 1867 759 λεγόμενον
1926 686 2005 741 ἐπ’
2062 687 2288 749 ἐκείνοις

642 775 893 850 ἄντικρυς
926 775 1016 843 ἦν,
1049 774 1140 828 καὶ
1190 774 1217 827 6
1271 774 1364 846 μὲν
1428 774 1682 843 Ἰωάννης
1736 776 1915 850 πατὴρ
1973 775 2287 849 Ῥωμαίων,

646 868 674 921 6
706 863 752 921 δ’
782 865 845 919 αὖ
875 861 1158 939 Θεόδωρος
1207 859 1473 933 δεσπότης
1524 861 1961 936 ὲπωνομάζοντο.
1998 865 2087 927 Εἰς
2133 866 2290 920 τόσον

642 954 734 1010 καὶ
772 955 877 1029 γὰρ
908 954 936 1006 6
971 953 1066 1024 μὲν
1118 951 1375 1022 Ἰωάννης
1422 958 1879 1025 προμηθευτικῶς
1923 959 2040 1016 τοῖς
2100 956 2292 1009 ἅπασιν

647 1041 983 1118 εἶχεν,ὥστε
1010 1042 1098 1096 καὶ
1148 1039 1285 1095 ἰδίαν
1335 1040 1591 1116 πρόνοιαν
1640 1048 1740 1111 τῆς
1792 1041 2085 1116 βασιλικῆς
2139 1044 2291 1114 ἐξου-

649 1133 769 1195 σίας
848 1132 914 1185 τά
997 1129 1270 1205 λεγόμενα
1348 1129 1693 1205 ζευγελατεῖα
1772 1129 2080 1204 ἡδούμενος
2166 1135 2291 1206 παρ’

648 1221 873 1279 ἕκαστον
929 1219 1157 1293 κάστρον
1228 1217 1320 1273 καὶ
1373 1218 1631 1297 φρούριον
1690 1222 1879 1293 κώμας
1937 1220 2025 1275 ἐπὶ
2078 1222 2295 1283 τούτοις

651 1310 901 1381 καθίστη,
963 1309 1043 1386 ἐφ’
1101 1310 1249 1382 ᾦπερ
1308 1307 1368 1363 ἒκ
1430 1315 1531 1377 τῆς
1578 1308 1796 1363 ἐκείνων
1864 1308 2148 1385 ἐπικαρίας
2206 1311 2295 1365 καὶ

652 1400 907 1474 εἷσφορᾶς
937 1402 1247 1472 σιταρκοῖτο
1299 1397 1393 1470 μὲν
1442 1400 1531 1452 καὶ
1572 1399 1634 1453 τὸ
1682 1400 2077 1472 παρακείμενον
2126 1400 2297 1477 φρού-

651 1511 792 1566 ριον,
824 1485 945 1564 ἔχοι
978 1486 1035 1543 δέ
1086 1509 1147 1563 γε
1201 1490 1287 1542 καὶ
1324 1490 1351 1543 ὁ
1402 1493 1611 1563 κρατῶν
1672 1489 1906 1553 ἐντεῦθεν
1967 1490 2206 1552 πολλοῖς
2261 1490 2296 1558 ἢ

651 1579 739 1634 καὶ
798 1578 958 1633 πᾶσιν
1015 1575 1285 1647 ἐξαντλεῖν
1359 1578 1454 1639 τὰς
1509 1584 1609 1647 τῆς
1688 1578 1991 1655 εὐεργεσίας
2062 1579 2299 1653 ἀμάρας.

649 1672 713 1726 ¹Ο
763 1666 820 1722 δέ
849 1688 913 1740 γε
950 1664 1232 1739 Θεόδωρος
1282 1666 1327 1720 εἰ
1376 1668 1465 1721 καὶ
1517 1665 1944 1744 δραστικώτερον
1997 1668 2301 1743 ἐχρυσολὸ-

652 1779 733 1832 γει
778 1755 837 1811 ἐκ
890 1759 1088 1810 κοινῶν
1148 1752 1470 1826 συνδόσεων,
1502 1755 1628 1811 ἀλΛ⁹
1658 1756 1735 1820 εἷς
1764 1756 1826 1811 τὸ
1883 1756 2304 1812 πολλαπλάσιον

658 1847 897 1918 ἐξεκένου
939 1845 1167 1921 γνώμης
1221 1843 1515 1915 ἁπλότητι,
1566 1844 1617 1915 ἐξ
1666 1847 1737 1899 ῶν
1790 1843 2105 1918 ἀμπώτιδές
2166 1868 2305 1909 τινες

660 1935 750 1991 καὶ
789 1928 1086 2010 χαρύϐδεις
1142 1933 1216 1995 ὡς
1275 1932 1387 1987 ἐκεῖ
1434 1939 1535 2002 τῆς
1591 1931 1867 2004 θαλάσσης
1923 1933 2148 1998 ἐνταῦθα
2200 1938 2307 1989 τῶν

657 2024 957 2101 χρημάτων
1016 2021 1341 2077 ἐδείκνυντο’
1399 2023 1461 2076 τὸ
1517 2024 1618 2098 γὰρ
1677 2023 2072 2099 ἀφαιρούμενον
2140 2022 2305 2093 ἐπλη-

660 2119 822 2191 ροῦτο
861 2114 1026 2168 πάλιν
1088 2110 1147 2167 ἐκ
1182 2103 1298 2167 ’τοῦ
1358 2109 1578 2187 ῥᾳδίως,
1637 2112 1727 2166 καὶ
1782 2113 1847 2181 ἦν
1999 2117 2096 2166 τοῦ
2152 2112 2305 2174 ὄντος

656 2202 936 2282 ἀφαίρεσις
981 2205 1077 2257 τοῦ
1124 2201 1554 2276 προσ-γινομένου
1601 2206 1719 2263 τοῖς
1767 2201 2101 2276 ἀφαιρεθεῖσι
2134 2203 2303 2277 πρόσ-

651 2295 794 2355 θεσις
850 2293 1084 2361 πλείων,
1143 2290 1368 2346 ἑκάστου
1427 2295 1577 2363 μεῖον
1659 2291 1751 2363 μὲν
1822 2288 2166 2354 συνδιδὸντος
2216 2290 2305 2346 διὰ

647 2384 745 2451 τὴν
776 2382 962 2450 κοινήν
992 2381 1291 2455 εἴσπραξιν,
1322 2379 1488 2435 πλέον
1534 2377 1576 2433 δ’
1624 2376 1853 2454 ἔχοντος
1886 2382 2051 2456 οὗπερ
2085 2381 2304 2457 ἀφῄρη-

646 2493 733 2528 ται
794 2470 853 2527 ἐκ
907 2474 1003 2525 τοῦ
1060 2472 1267 2531 πάντας
1334 2469 1394 2525 ἐκ
1462 2467 1731 2544 βασιλέως
1789 2468 1962 2545 ἔχειν,
2019 2470 2299 2526 κάντεῦθεν

648 2563 737 2618 καὶ
782 2562 1138 2637 ἐπιχόρηγεῖν
1198 2559 1324 2614 ὅτου
1366 2557 1542 2614 δέοιτό
1599 2579 1683 2623 τις
1732 2559 1791 2613 ἐκ
1818 2565 1915 2614 τοῦ
1973 2561 2301 2635 προχείρου,

648 2652 745 2707 κάν
776 2651 854 2724 τῷ
882 2648 1087 2706 διδόναι
1122 2644 1334 2721 μᾶλλον
1387 2648 1599 2723 χαίρειν
1630 2650 1665 2718 ἢ
1696 2653 1776 2721 τῷ
1821 2644 2139 2722 λαμϐάνειν.
2194 2651 2297 2705 Καὶ

657 2872 755 2928 nia
776 2869 1024 2926 ﬂumina
1039 2868 1457 2924 redundarent.
1473 2867 1637 2932 Quod
1660 2868 1759 2923 69
1783 2884 1914 2925 vero
1947 2869 2079 2925 istis
2102 2885 2166 2925 su
2178 2884 2305 2941 per-

656 2965 780 3017 erat
811 2958 1168 3031 sumplibus,
1202 2957 1408 3013 sedulo
1440 2954 1919 3014 conservabatur.
1954 2959 2115 3023 Quod
2146 2959 2304 3013 enim

658 3053 729 3107 de
761 3052 903 3123 Cyro
938 3048 1225 3119 Darioque
1256 3047 1582 3115 dicebatur,
1609 3047 1771 3104 hisce
1802 3064 2035 3120 quoque
2064 3048 2303 3103 omnino

657 3138 1040 3195 conveniebat
1062 3136 1538 3210 principibus.Ac
1550 3137 1808 3193 Joannes
1829 3138 2070 3210 quidem
2086 3142 2303 3193 Roma-

2392 609 2551 657 πᾶσιν
2600 602 2896 660 ἐπιτάττων
2948 603 3188 659 αἶτοῦσιν
3242 605 3277 673 ἢ
3313 604 3450 659 ὥστε
3497 603 3701 665 πάντας
3751 597 3898 677 ἔχειν
3947 605 4037 657 καὶ

2392 689 2761 766 ἐξαπορεῖοθαι
2808 690 3035 766 μηδένα,
3089 697 3277 747 κοινοῦ
3322 692 3683 767 προκειμένου
3716 695 3812 745 τοῦ
3842 690 4037 764 νόμου,

2396 780 2469 840 ὡς
2503 779 2681 834 άλλου
2719 782 3038 857 παρέξοντος
3092 780 3338 855 ἑτοίμου,
3390 780 3497 856 εἶ’γε
3545 778 3717 842 ἄλλος
3773 781 4036 855 ἀπορήσει

2397 866 2599 930 διδούς.
2632 869 2844 931 Τοῖςδὲ
2874 892 2935 945 γε
2985 870 3358 945 μικροψύχοις
3403 869 3493 924 καὶ
3548 870 3611 925 τὸ
3668 870 3785 924 κατ’
3842 867 4036 943 ἐγγύην

2396 957 2562 1031 χρέος
2592 959 2668 1022 εἷς
2705 957 3124 1015 πολλαπλάσιον
3168 960 3443 1036 πρόσεστι,
3473 958 3562 1014 καὶ
3594 957 3861 1034 ἐγγυητὴς
3888 959 4041 1029 Θεὸς,

2396 1048 2458 1102 τὸ
2486 1049 2806 1120 θαυμάσιον.

2400 1151 2498 1210 κδ’.
2560 1157 2751 1217 ’Όπως
2799 1157 3032 1230 νοσήσας
3061 1156 3088 1209 ὁ
3125 1153 3377 1230 βασιλεὺς
3409 1156 3665 1225 Ἰωάννης
3695 1151 3882 1209 πολλᾶ
3929 1158 4048 1215 τοῖς

2914 1226 3139 1296 πένησιν
3172 1226 3417 1302 ἐχορήγη
3427 1248 3531 1283 σίν.

2476 1317 2536 1386 [Ρ
2566 1317 2678 1387 41]·
2714 1314 2993 1387 Βούλομαι
3035 1315 3215 1371 τοίνυν
3264 1316 3353 1371 καὶ
3400 1314 3541 1372 ἄλλο
3588 1337 3643 1370 τι
3690 1314 4057 1389 διηγήσασθαι

2407 1404 2531 1477 περὶ
2580 1402 2810 1473 τούτων,
2860 1409 3229 1479 παραιτοῦμαι
3276 1403 3353 1475 δὲ,
3402 1404 3485 1460 ὅτι
3524 1407 3615 1459 καὶ
3666 1405 3694 1458 ὁ
3745 1402 3911 1478 λόγος
3972 1400 4063 1457 διὰ

2405 1491 2468 1545 τὸ
2547 1494 2823 1565 χρήσιμον
2900 1489 3338 1568 παραϐἐϐασταί.
3398 1493 3575 1556 Νόσος
3651 1493 3910 1566 ἐνέσκηψε
3978 1497 4061 1563 τῷ

2413 1577 2630 1653 βασιλεῖ
2684 1580 2906 1654 Ἰωάννῃ
2960 1581 3095 1635 ποτε
3146 1583 3480 1659 ἀφαιρεθέντι
3536 1584 3637 1651 τήν
3693 1580 3777 1635 ἐπ’
3830 1580 4055 1655 ἀγαθοῖς

2415 1667 2615 1741 βοηθὸν
2648 1668 2900 1743 σύζυγον,
2951 1671 3049 1739 τήν
3098 1670 3196 1725 οὐκ
3248 1668 3354 1725 οἶδ’
3387 1672 3416 1725 6'
3445 1692 3496 1724 τι
3540 1671 3629 1725 καὶ
3661 1675 3746 1747 φῶ
3790 1674 3898 1724 τῶν
3923 1680 4054 1732 θαυ-

2417 1756 2622 1828 μασίων
2653 1758 2939 1831 ὀνομάτων
2985 1759 3249 1834 Εἰρήνην.
3300 1760 3389 1815 καὶ
3422 1762 3456 1830 ἡ
3488 1761 3646 1822 νόσος
3695 1761 3770 1823 ὡς
3805 1756 4051 1835 χαλεπή·

2414 1843 2713 1915 ἐπείληπτο
2760 1846 2860 1921 γάρ
2909 1845 2999 1902 διὰ
3039 1848 3101 1903 τὸ
3149 1855 3345 1925 γῆρας,
3396 1850 3568 1921 οἶμαι.
3619 1851 3743 1905 Τῶν
3788 1852 3919 1924 γοῦν
3969 1846 4055 1901 ia-

2413 1937 2556 2007 τρῶν
2599 1933 2950 2008 ἀπορούντων
2996 1936 3081 2010 ἐφ’
3113 1936 3217 1992 ὅτι
3266 1937 3354 1992 καί
3400 1940 3713 2012 τράποιντο,
3764 1937 3924 1998 αύτὸς
3968 1934 4059 1991 ἐπὶ

2416 2024 2546 2077 Θεὸν
2585 2025 2929 2101 καταφεύγει,
2981 2026 3070 2080 καὶ
3116 2027 3179 2081 τὸ
3222 2026 3429 2082 ἐκείνου
3479 2028 3613 2103 πρὸς
3663 2025 3863 2088 πάντας
3906 2022 4063 2089 ἔλεος

2413 2112 2549 2167 κατὰ
2602 2113 2665 2168 τὸ
2725 2112 2949 2170 δυνατὸν
3006 2115 3339 2189 ἐκμιμεῖται·
3415 2124 3636 2193 Ὣριστο
3690 2115 3913 2189 τοίνυν,
3968 2116 4061 2169 καὶ

2415 2222 2635 2264 σακκοις
2665 2204 2692 2257 ὁ
2725 2204 2929 2278 χρυσὸς
2976 2204 3328 2275 ἐξαντλεῖται,
3378 2208 3469 2261 καὶ
3526 2206 3627 2261 ἀνὰ
3672 2202 3727 2277 ’ἐξ
3769 2207 3860 2260 καὶ
3905 2206 4062 2280 τριά-

2411 2312 2577 2346 κοντα
2648 2296 2755 2347 τῶν
2832 2289 3149 2366 άκιϐδήλων
3235 2297 3586 2369 νομισμάτων
3661 2295 3869 2367 ἑκάστῳ
3950 2298 4061 2350 τῶν

2412 2378 2763 2451 ὁπουδήποτε
2811 2383 3019 2460 ἀοόρων
3072 2382 3303 2456 δίδοται,
3368 2385 3543 2460 χωρὶς
3600 2389 3705 2440 τῶν
3752 2384 3831 2447 εἲς
3883 2383 4065 2448 θείους

2410 2469 2567 2532 ναοὺς
2597 2471 2686 2526 καὶ
2748 2474 2917 2545 μονάς
2970 2472 3060 2528 καὶ
3118 2473 3393 2549 θεοφιλεῖς
3450 2471 3649 2549 ἄνδρας
3707 2471 4061 2546 ἐξαντληθὲν-

2408 2582 2539 2633 των,
2588 2560 3059 2637 ἐπιμετρουμένου
3106 2567 3203 2618 τοῦ
3252 2563 3440 2626 ἐλέους
3488 2563 3769 2626 πλείστοις
3802 2563 4056 2636 ἡμιόνων

2410 2648 2696 2726 σάγμασιν.
2746 2650 2901 2709 Ἀλλ’
2943 2652 3313 2727 ἐπιμετρεῖται
3355 2658 3435 2726 τῷ
3477 2651 3617 2708 ἐλέει
3660 2653 3722 2708 τὸ
3768 2656 3867 2708 τοῦ
3919 2655 4061 2707 Θεοῦ

2417 2885 2595 2940 quam
2629 2871 2939 2943 acciperet:
2974 2871 3115 2943 quin
3148 2871 3305 2927 enim
3342 2872 3440 2927 70
3466 2870 3628 2927 aliud
3688 2871 3905 2928 Christi
3966 2872 4063 2929 lex

2416 2959 2760 3029 praescribit,
2795 2960 2932 3015 dare
2964 2961 3149 3016 cuivis
3192 2961 3414 3033 petenti
3469 2961 3860 3033 praecipiens?
3890 2963 4068 3034 cujus

2414 3047 2569 3103 beati
2603 3050 2832 3105 fructus
2862 3053 2951 3105 est
2981 3050 3282 3106 abundare
3314 3049 3639 3120 universos,
3667 3066 3841 3123 egere
3870 3054 4069 3107 nemi-

2414 3154 2569 3205 nem,
2600 3143 3019 3211 compensante
3051 3138 3454 3196 vicissitudine
3486 3140 3882 3197 communiter
3926 3138 4067 3197 utili

656 3245 866 3285 norum
899 3232 1081 3300 pater,
1115 3227 1459 3283 Theodorus
1487 3241 1622 3282 vero
1653 3226 1929 3283 dominus
1960 3228 2296 3283 vocabatur.
2329 3244 2372 3312 C
2413 3232 2651 3283 mutuos
2677 3229 2962 3297 defectus,
2996 3229 3138 3285 dum
3173 3233 3381 3301 praesto
3412 3233 3504 3285 est
3536 3230 3637 3301 qui
3687 3230 3963 3287 refundat
3994 3249 4067 3289 ex

650 3320 790 3375 Tam
824 3316 1071 3390 provida
1098 3331 1357 3387 namque
1388 3315 1798 3371 curaJoannes
1819 3317 2058 3387 quidem
2084 3320 2296 3372 cuncta

653 3406 1052 3482 gubernabat,
1111 3409 1178 3461 ut
1229 3421 1334 3461 nec
1399 3403 1708 3477 indignum
1770 3404 2001 3477 fastigio
2061 3406 2299 3461 duceret

654 3500 723 3555 ad
750 3496 1219 3569 procurationem
1242 3494 1523 3550 humilem
1546 3494 1898 3551 descendere
1915 3494 2296 3551 instrumenti

654 3588 831 3643 etiam
864 3586 1068 3642 rustici
1101 3601 1167 3640 ac
1188 3585 1600 3656 jumentorum
1622 3585 1692 3640 ad
1722 3584 2096 3656 agriculturae
2129 3584 2299 3640 mini-

658 3677 861 3745 steria,
894 3676 982 3731 vel
1016 3680 1211 3730 aratra
1243 3674 1331 3729 vel
1386 3690 1623 3729 sarraca
1680 3674 2085 3741 trahentium;
2129 3675 2300 3745 cujus

659 3766 890 3840 generis
923 3765 1252 3838 provisores
1282 3778 1349 3820 ac
1376 3764 1682 3830 prmfectos
1713 3780 1815 3835 per
1845 3768 2037 3821 castra
2068 3762 2304 3835 singula

661 3854 1379 3921 constituerat,attributis
1399 3854 1613 3926 cuique
1628 3853 1745 3909 arci
1764 3855 2014 3926 ejusque
2032 3853 2303 3926 praesidio

659 3946 836 4003 certis
852 3944 1042 4017 pagis,
1067 3944 1221 4000 unde
1241 3943 1589 4000 sufficientis
1619 3960 1863 3999 annonae
1886 3943 2054 4015 copia
2076 3960 2192 3999 non
2214 3959 2307 3999 so-

660 4034 785 4090 lum
818 4034 1109 4090 militibus
1134 4040 1491 4107 suppeteret,
1526 4034 1627 4089 sed
1659 4048 1728 4087 ex
1773 4032 2098 4088 abundanti
2127 4032 2307 4087 etiam

660 4124 795 4180 inde
825 4124 1097 4197 princeps
1130 4122 1373 4179 haberet
1401 4122 1556 4194 quod
1589 4121 1753 4193 larga
1773 4121 1831 4177 in
1856 4121 2074 4177 multos
2091 4121 2309 4177 beneﬁ-

658 4214 849 4270 centia
879 4213 1280 4285 profunderet.
1312 4211 1650 4268 Theodorus
1682 4227 1854 4283 porro
1886 4211 1993 4268 etsi
2017 4211 2311 4267 efficacior

658 4304 718 4360 in
750 4320 894 4361 auro
924 4320 993 4360 ex
1013 4302 1314 4360 communi
1332 4301 1645 4358 collatione
1670 4302 2323 4373 congregando,tamenv

658 4395 818 4456 idem
851 4397 977 4450 erat
1007 4410 1121 4465 prie
1145 4391 1520 4464 simplicitate
1542 4392 1759 4447 mentis
1777 4390 1935 4447 haud
1960 4391 2104 4447 satis
2125 4394 2307 4446 cautas

660 4486 720 4541 in
752 4484 957 4541 eodem
991 4482 1234 4555 prodige
1265 4482 1658 4554 dispergendo
1692 4481 2006 4552 profusior,
2038 4485 2103 4535 ut
2151 4479 2306 4551 quod

662 4576 722 4631 in
750 4572 1066 4630 maritimis
1098 4571 1704 4643 astibusEuriporum
1721 4588 1787 4626 ac
1808 4568 2307 4643 Charybdum,hic

664 4680 899 4737 quoque
912 4662 1165 4735 quadam
1187 4660 1413 4717 alterna
1435 4661 1893 4733 reciprocatione
1906 4660 2198 4717 effluentis
2220 4676 2307 4715 re-

663 4753 1020 4825 ﬂuentisque
1051 4750 1310 4824 pecunias
1351 4756 1707 4819 cerneretur,
1742 4750 2009 4806 exhausti
2043 4767 2147 4823 per
2193 4749 2311 4805 lar-

663 4844 915 4917 gitiones
928 4842 1115 4898 aerarii
1130 4842 1366 4897 damnis
1383 4841 1535 4897 facili
1560 4858 1694 4897 mox
1714 4842 2118 4912 corrogatione
2140 4855 2312 4911 repo-

664 4934 942 5001 sitis,im0
962 4934 1115 5005 quod
1136 4948 1457 5002 expensum
1473 4936 1599 4988 erat
1614 4931 2016 4988 abundantius
2031 4931 2312 4987 redeunte

664 5041 768 5098 per
798 5025 1061 5080 modicas
1090 5022 1225 5078 licet
1252 5022 1524 5094 singulis,
1549 5026 1820 5078 caeterum
1849 5026 2087 5094 propter
2117 5020 2314 5076 multi-

661 5114 930 5171 tudinem
987 5113 1418 5169 conferentium
1473 5113 1530 5167 in
1587 5128 1855 5167 summas
1885 5111 1971 5167 vel
2024 5111 2311 5166 maximas

658 5205 1005 5262 excedentes
1042 5202 1510 5259 contributiones
1566 5201 1940 5257 subditorum
1972 5219 1986 5268 ;
2021 5218 2126 5258 nec
2173 5201 2309 5256 inde

658 5296 949 5352 exhausta
983 5294 1208 5365 privata
1238 5307 1736 5363 quorumcunque
1769 5291 2068 5361 facultate,
2112 5292 2309 5363 utique

660 5400 837 5457 quam
853 5382 969 5438 late
990 5384 1059 5438 ad
1078 5398 1283 5438 omnes
1302 5387 1720 5454 promanantes
1741 5381 1963 5436 etvarie
1982 5380 2039 5435 in
2064 5381 2303 5438 domum

662 5491 728 5529 ac
762 5475 1058 5527 fortunam
1088 5488 1386 5544 quamque
1419 5471 1658 5542 perenni
1683 5471 1936 5542 quodam
1962 5486 2138 5526 cursu
2173 5488 2307 5542 pro—

662 5565 910 5619 ﬂuentes
976 5561 1321 5634 principalis
1389 5560 1781 5616 beneﬁcentia)
1841 5560 2063 5617 alerent
2115 5561 2307 5617 rivuli.

665 5658 942 5723 Prompta
959 5653 1177 5724 quippe
1201 5656 1408 5723 praesto
1427 5652 1630 5707 aderat
1652 5652 1917 5707 omnium
1942 5652 2307 5707 necessitati-

662 5745 775 5799 bus
809 5741 971 5813 larga
1004 5741 1336 5814 benignitas
1369 5741 1651 5814 principis
1681 5740 1963 5799 libentius
1993 5740 2307 5801 tribuentis

2414 3316 2644 3387 publico
2677 3326 2965 3389 quantum
2984 3334 3052 3375 ex
3071 3319 3291 3391 privato
3309 3320 3555 3390 quilibet
3577 3319 3844 3375 contulit.
3867 3323 3913 3376 A
3940 3336 4061 3393 quo

2407 3423 2476 3462 ne
2506 3406 2860 3463 abhorreant
2888 3409 3241 3465 commercio
3272 3408 3454 3464 animi
3484 3408 3706 3480 pusilli,
3732 3409 4059 3480 ﬁdejusso-

2406 3513 2549 3565 rem,
2582 3500 2733 3569 quod
2766 3500 2982 3555 mirum
3024 3503 3135 3568 est,
3183 3516 3246 3555 se
3300 3505 3455 3556 Deus
3514 3500 3705 3566 offert,
3764 3499 4054 3572 pollicens

2409 3605 2470 3644 se
2500 3605 2889 3661 repensurum
2921 3590 3317 3665 multiplicato
3378 3590 3597 3647 foenore
3656 3592 3809 3662 quod
3843 3592 4055 3649 datum

2411 3679 2606 3735 fuerit.

2412 3788 2503 3845 24.
2542 3789 2602 3845 Ut
2631 3793 2919 3861 aegrotans
2948 3788 3257 3863 imperator
3301 3789 3540 3863 Joanne:
3571 3787 3757 3844 multa
3807 3792 4077 3863 pauperi.

3003 3861 3100 3916 bus
3129 3862 3467 3934 erogaverit.

2487 3948 2631 4005 Nolo
2662 3953 2718 4004 et
2763 3948 2923 4004 aliud
2971 3949 3153 4021 hujus
3205 3949 3439 4020 generis
3499 3966 3760 4016 narrare,
3820 3955 4080 4024 petoque

2417 4038 2670 4105 veniam,
2706 4038 2754 4093 si
2786 4038 3117 4110 argumenti
3149 4039 3400 4095 utilitate
3432 4043 3719 4095 tractatus
3748 4040 4080 4113 digressio-

2418 4128 2594 4183 nibus
2616 4127 2912 4199 indulgeo.
2946 4128 3147 4184 Morbo
3172 4134 3476 4201 correptus
3507 4129 3826 4202 aliquando
3849 4135 3940 4186 est
3958 4131 4080 4186 im-

2420 4220 2649 4287 perator
2676 4215 2938 4271 Joannes
2962 4231 3164 4271 recens
3194 4215 3473 4273 viduatus
3505 4216 3783 4289 praeclara
3803 4218 3860 4272 in
3896 4217 4079 4274 rebus

2419 4304 2589 4361 bonis
2614 4304 2901 4376 adjutrice
2933 4305 3203 4378 conjuge,
3237 4303 3359 4375 illa,
3410 4306 3679 4377 inquam,
3730 4306 4079 4363 admirabili

2422 4394 2606 4459 Irene,
2638 4394 2731 4451 cui
2762 4410 2866 4465 pro
2890 4393 3099 4449 merito
3131 4393 3441 4450 laudanda
3476 4396 3651 4451 verba
3681 4395 4081 4451 desunt.Erat

2422 4490 2616 4539 autem
2671 4483 2912 4539 nzorbus
2980 4500 3121 4539 sane
3176 4483 3444 4541 sonticus
3474 4488 3531 4539 et
3586 4484 3801 4555 gravis,
3849 4484 4079 4557 quippe

2421 4589 2591 4629 casus
2617 4572 2931 4628 inducebat
2953 4572 3281 4654 epilepticis
3324 4572 3765 4630 accessionibus
3817 4574 4074 4645 similes,

2418 4663 2524 4719 etsi
2561 4664 2705 4720 forte
2735 4663 2795 4719 hi
2826 4663 3115 4720 debilitati
3146 4665 3332 4721 sitatis
3362 4665 3486 4736 jam
3518 4669 3797 4736 provectae
3842 4665 4077 4736 justius

2424 4752 2701 4824 imputari
2736 4754 3091 4825 potuissent.
3123 4754 3370 4809 Incertis
3404 4754 3647 4809 medicis
3678 4771 3794 4826 quo
3827 4770 3890 4810 se
3933 4771 4074 4810 ver-

2422 4845 2630 4910 terent,
2668 4858 2817 4913 aeger
2848 4843 2918 4897 ad
2953 4842 3138 4899 Deum
3165 4842 3451 4915 confugit,
3486 4848 3544 4898 et
3572 4844 3703 4915 ejus
3736 4842 3963 4916 largam
4010 4845 4071 4900 in

2421 4947 2624 4986 omnes
2660 4931 3129 4987 misericordiam
3162 4936 3334 5003 prout
3365 4937 3592 5004 poterat
3622 4932 4073 5007 imitatur.Ergo

2421 5022 2549 5092 ejus
2582 5022 2853 5077 mandato
2885 5021 3157 5077 hauritur
3185 5026 3242 5077 et
3271 5021 3567 5077 thesauris
3610 5038 3821 5078 aurum
3874 5023 4071 5095 plenis

2421 5112 2627 5178 saccis,
2662 5116 2719 5166 et
2746 5112 2816 5166 ad
2840 5128 2940 5167 sex
2972 5115 3029 5166 et
3056 5110 3298 5183 triginta
3328 5113 3520 5182 proba:
3553 5117 3801 5168 menetaa
3832 5115 4069 5169 nummi

2419 5216 2732 5272 egenorum
2746 5198 2988 5256 cuilibet
3003 5200 3341 5271 ubicunque
3360 5201 3700 5272 degentium
3718 5201 3889 5257 divisi
3903 5209 4070 5272 sunt,

2422 5296 2628 5362 prater
2657 5307 2722 5345 ea
2752 5307 2877 5361 quae
2902 5290 2961 5345 in
2986 5306 3154 5346 sacra
3183 5290 3283 5345 Dei
3317 5290 3558 5362 templa,
3593 5290 3651 5345 in
3705 5294 4077 5349 monasteria

2419 5386 2476 5436 et
2506 5380 2658 5436 viros
2684 5380 2800 5435 Deo
2822 5379 3062 5435 devotos
3093 5385 3233 5435 sunt
3262 5396 3536 5451 expensa,
3596 5379 3953 5437 liberalitate
4002 5400 4074 5439 ea

2423 5488 2523 5542 per
2553 5468 2771 5525 multos
2802 5473 3050 5525 onustos
3083 5469 3275 5524 mulos
3306 5486 3423 5541 quo
3438 5470 3699 5541 oportuit
3722 5470 4075 5530 missaJlaac

2420 5560 2666 5632 Augusti
2712 5558 3117 5615 misericordia
3173 5559 3433 5615 divinam
3490 5560 3546 5614 in
3608 5576 3744 5615 eum
3800 5562 4070 5619 attraxit.

2418 5654 2565 5721 Ergo
2595 5650 2645 5706 is
2677 5650 3024 5721 aegritudine
3056 5649 3315 5721 primum
3360 5650 3511 5705 facta
3565 5649 3791 5716 leviori,
3854 5651 4073 5709 deinde

2417 5742 2590 5816 plane
2620 5740 2936 5813 convaluit,
2964 5739 3180 5813 gaudio
3211 5740 3341 5810 ejus
3358 5744 3416 5796 et
3448 5739 3639 5796 fructu
3654 5740 3861 5808 animi,
3881 5757 4074 5813 quan-
