4258 6438
175 414 288 469 505

1260 413 1357 467 DE
1393 411 1765 469 MICHAELE
1800 409 2243 468 PAIJBOLOGO
2281 412 2413 466 LIB.
2458 415 2504 465 Ῑ.

3482 406 3589 463 506

176 533 355 606 ἔλεος,
384 535 473 590 καὶ
523 531 695 611 ῥαΐζει
740 539 840 603 τῆς
889 533 1052 588 νόσου
1083 534 1111 588 6
1141 532 1397 604 ἀσθενων,
1457 532 1546 588 καὶ
1605 533 1822 607 ἐπιγάν-
1855 532 2106 602 Ατινάς,
2138 531 2199 587 οὐ
2252 530 2462 604 μᾶλλον
2510 530 2645 587 κατὰ
2695 530 3015 608 φιλοτιμίαν
3066 530 3101 598 ἢ
3148 529 3282 585 κατὰ
3321 531 3594 605 πρόνοιαν

174 624 353 697 νυτάι,
411 624 485 685 ὡς
541 622 705 692 εἰκὸς,
752 627 831 695 τῷ
888 621 1049 679 ἐλέει.
1109 623 1208 677 Καὶ
1264 622 1558 694 Ῥωμαίοις
1620 624 1826 677 ἀπολε-

176 720 394 786 γεῖσθαι
452 710 625 776 θέλων
680 713 756 773 ὡς
808 710 1056 784 ἀμείωτα
1103 710 1172 765 τὰ
1213 710 1370 765 κοινὰ
1413 714 1510 765 τοῦ
1564 709 1826 765 τοσούτου

174 798 483 878 προϐάντος
531 800 724 869 ἐλέου,
772 801 933 855 αὐτὸν
985 800 1187 855 ἐκεῖνον
1236 800 1328 854 τὸν
1375 797 1671 870 ἐλεήσαντα
1719 803 1824 853 τῶν

176 890 491 965 λεγομένων
561 886 717 966 ἔφερε
790 890 1037 963 μάρτυρα
1108 888 1244 962 πρὸς
1316 888 1408 942 τὸν
1479 886 1824 962 πατρίάρχην

175 978 446 1048 Μανουήλ
496 978 666 1052 λέγων
718 978 793 1038 ὡς
841 974 992 1031 οὐδὲν
1046 976 1370 1049 ἐξήντληται
1418 981 1525 1031 τῶν
1585 980 1783 1030 κοινῶν
1813 1018 1828 1045 ,

172 1068 306 1124 ἀλλ’
362 1069 423 1123 ἐκ
479 1066 820 1140 προμηθείας
891 1068 1154 1136 κτήσαιτο
1209 1070 1378 1121 ταῦτα
1442 1065 1532 1120 καὶ
1594 1064 1828 1138 μελέτης

172 1158 346 1225 ἰδίας,
378 1158 430 1229 ἐξ
479 1159 550 1212 ὧν
600 1160 890 1233 γεωπονῶν
943 1156 1045 1211 οὐκ
1088 1155 1218 1210 ἀνίει
1270 1152 1339 1209 δι’
1390 1152 1696 1228 είδημόνων
1742 1155 1827 1208 ἀν-

174 1247 346 1322 δρῶν,
398 1242 475 1301 ἔτι
527 1244 583 1301 δὲ
629 1246 718 1300 καὶ
764 1249 869 1300 τῶν
923 1244 974 1299 ἐν
1028 1243 1211 1305 αὐτοῖς
1278 1242 1344 1313 δὴ
1412 1248 1528 1305 τοῖς
1589 1243 1827 1315 κτήμασί

171 1337 505 1414 θρεμμάτων
539 1334 813 1413 διαφόρων
866 1332 1289 1407 ἐπιμελόμενος.
1321 1331 1511 1394 Οὕτως
1542 1332 1608 1401 ἦν
1641 1332 1827 1395 αὐτοῖς

169 1429 234 1483 τὸ
265 1426 537 1501 θεοφιλὲς,
568 1426 657 1479 καὶ
690 1425 831 1480 οὕτω
847 1424 907 1478 τὸ
938 1422 1359 1501 φιλορρώμαιον
1389 1419 1644 1498 ἔγνωστο.

172 1550 270 1598 κε’.
347 1542 539 1602 ’Ὁπως
607 1538 947 1614 ἐπιπολαίως
1006 1540 1044 1614 6_
1096 1540 1259 1614 μέγας
1325 1536 1449 1608 δοὺξ
1491 1541 1598 1614 τῷν
1658 1538 1824 1614 Δβαιουι-

246 1614 437 1705 λικῶνν
517 1612 822 1687 χρημάτων
910 1610 1210 1684 ἁπτόμενος
1284 1611 1584 1686 περιεποίει
1657 1610 1829 1681 ἑαυτῷ

243 1707 346 1753 την
383 1706 591 1740 ευνοιαν
605 1726 618 1740 .

245 1784 382 1839 Τόιε
412 1781 468 1838 δὲ
511 1780 729 1837 πολλοῦ
776 1802 923 1844 τινος
970 1780 1021 1835 έν
1074 1780 1366 1855 Μαγνησίᾳ
1411 1780 1831 1855 τεθησαυρισμέ-

170 1895 270 1928 νου
313 1875 632 1948 χρήματος,
676 1871 776 1927 οὐκ
820 1869 934 1941 ἐξὸν
964 1868 1027 1937 ἦν
1080 1873 1159 1941 τῷ
1198 1868 1420 1945 μεγάλῳ
1470 1866 1623 1923 δουκί
1651 1889 1709 1922 τε
1734 1868 1825 1922 καὶ

171 1962 460 2037 ἐπιτρόπῳ
518 1962 688 2038 ῥᾷστα
743 1955 1045 2031 λαμϐάνειν
1106 1959 1195 2013 καὶ
1251 1963 1516 2033 χορηγεῖν
1576 1956 1714 2012 ὅπου
1766 1958 1830 2026 ἦν

175 2050 507 2128 βουλομένῳ
539 2050 610 2105 οἱ·
659 2048 966 2127 ἐφειστήκει
996 2050 1098 2123 γὰρ
1128 2047 1190 2102 τὸ
1241 2046 1498 2103 Κελτικὸν
1549 2046 1639 2101 καὶ
1683 2046 1839 2101 πελε-

172 2140 444 2217 κυφόρον,
494 2138 673 2217 ἐφέξον
724 2136 791 2208 ἤν
842 2158 924 2200 τις
974 2135 1309 2211 ἐπιχειροίη,
1359 2136 1449 2191 καὶ
1500 2135 1716 2213 φυλακή
1769 2136 1837 2204 ἦν

170 2235 293 2292 τοῖς
320 2228 596 2302 ταμιείοις
640 2229 703 2303 [Ρ
735 2229 861 2301 42],
912 2226 987 2288 ὡς
1018 2230 1270 2302 γνωστῶς
1315 2222 1555 2279 δίδοσθαι
1608 2224 1745 2280 ὅπου
1774 2224 1837 2279 τὸ

173 2320 467 2394 ἀναγκαῖον
498 2325 596 2387 τῆς
630 2315 820 2394 χρείας
871 2315 1090 2389 ἀπῄτει.
1123 2311 1400 2372 Ἐδίδοντο
1456 2311 1513 2369 δὲ
1564 2311 1841 2377 πολλάκις

174 2409 268 2464 καί
295 2429 438 2464 τισιν
488 2406 865 2468 ἐπιτάττοντος
909 2404 1208 2482 προφάσετι
1259 2404 1445 2481 χρείας
1496 2405 1597 2459 οὐκ
1645 2400 1836 2473 οὔσης.

176 2498 480 2561 Κάντεῦθεν
544 2497 719 2572 ἀρχάς
768 2495 942 2567 ἑαυτῷ
992 2494 1270 2568 εὐμενείας
1315 2488 1836 2566 προκατεϐάλλετο,

178 2587 263 2646 οἷς
296 2584 400 2640 οὐκ
427 2584 495 2653 ἦν
534 2591 635 2653 τῆς
680 2582 983 2659 εὐεργεσίας
1035 2579 1425 2651 ὑπιλελῆσθαι,
1474 2578 1561 2635 καὶ
1617 2576 1839 2639 δικαίως

177 2672 239 2729 ἃν
292 2672 813 2749 ἀπολογησόμενος,
866 2672 913 2728 εἰ
965 2674 1039 2746 μή
1090 2692 1198 2727 τινι
1243 2676 1507 2746 παρεῖχεν
1543 2668 1703 2730 αὐτὸς
1752 2664 1843 2723 διὰ

175 2766 279 2834 τὴν
310 2763 535 2819 ἐνοῦσαν
568 2764 775 2835 πενίαν,
810 2760 948 2837 ὅμος
996 2762 1250 2840 ἀφορμὰς
1302 2757 1484 2815 έδιδου
1538 2752 1836 2832 λαμϐάνειν

179 2898 313 2950 tum
346 2893 435 2948 fas
467 2895 593 2948 erat
621 2907 692 2947 ex
748 2893 869 2946 tam
919 2890 1171 2946 evidenti
1202 2889 1601 2961 experimento
1630 2885 1839 2941 divina

187 2980 614 3040 misericordia
646 2995 877 3053 capere.
912 2980 1062 3036 Tum
1097 2995 1346 3053 purgare
1398 2995 1461 3034 se
1519 2976 1675 3049 apud
1724 2975 1841 3031 Ro-

185 3089 399 3130 manos
411 3070 691 3138 volens,si
720 3070 864 3126 forte
878 3073 1266 3140 quererentur
1280 3067 1465 3125 eilusa
1477 3068 1535 3123 in
1551 3082 1839 3140 pauperes

183 3160 549 3220 liberalitate
602 3158 905 3232 publicum
978 3160 1070 3214 τι
1123 3158 1395 3215 aerarium
1463 3157 1840 3221 exhaustum,

183 3252 364 3309 illum
421 3250 620 3323 ipsum
670 3249 843 3320 cujus
895 3248 1085 3321 gratia
1140 3251 1382 3304 sanatus
1439 3247 1625 3303 fuerat
1654 3246 1839 3302 Deum

1933 626 2038 676 τῶν
2086 621 2423 693 μελλόντων,
2458 621 2533 682 ὡς
2566 617 2749 692 ἔδειξε.
2800 620 2910 688 Τὴν
2953 617 3000 673 δ’
3048 618 3253 673 ἐκείνου
3287 620 3471 674 πενίαν
3510 621 3586 674 εἷ-

1933 711 2129 772 πόντος
2178 709 2384 764 ἐκείνου
2428 710 2560 764 ποτε
2602 708 2787 784 παρὼν
2838 708 2929 763 καὶ
2970 707 3199 770 ἀκούσας
3234 710 3261 763 6
3291 711 3507 786 γράφων
3542 710 3587 765 εἰ

1936 798 2284 874 μαρτυροίη,
2335 796 2565 871 ψεύδους
2616 796 2820 851 ἁλῶναι
2871 797 2932 851 οὐ
2982 794 3255 863 δέδοικεν,
3321 796 3435 852 ἐπεὶ
3492 797 3587 852 κά-

1934 888 2099 959 κείνῳ
2148 886 2225 948 εἷς
2266 887 2535 961 καύχημα
2584 884 2711 958 δόξη
2762 888 2827 954 ἦν
2877 888 2911 955 ἡ
2964 886 3119 940 πενία
3172 882 3296 941 τότε
3340 886 3584 961 λέγοντι.

1935 976 2091 1051 Τρισὶ
2151 976 2254 1050 γὰρ
2314 975 2502 1049 μόνοις
2573 975 2867 1048 νομίσματι
2927 976 3065 1030 κατά
3118 974 3213 1036 τὰς
3270 976 3386 1029 κατ’
3440 977 3587 1031 οἷκον

1936 1065 2123 1140 χρείας
2170 1067 2233 1120 τὸ
2278 1066 2444 1120 ποσὸν
2488 1065 2657 1137 αὐτῷ,
2707 1064 2794 1119 ὅτε
2829 1063 3137 1140 βασὶλεύοι,
3170 1064 3243 1126 ὡς
3275 1062 3451 1139 ἔλεγε,
3500 1086 3591 1119 πε-

1936 1154 2201 1227 ριίστατο.
2256 1154 2358 1210 Καὶ
2403 1155 2493 1209 τὸν
2536 1152 2802 1229 ’Ἄγγελον
2849 1152 3079 1231 ἀδελφὸν
3122 1148 3252 1207 ὄντα
3284 1160 3384 1223 τῆς
3428 1155 3589 1208 αὐτοῦ

1936 1248 2239 1315 πενθερᾶς,
2300 1243 2357 1297 ὅν
2422 1243 2589 1318 μέγον
2645 1244 3008 1316 πριμικήριον
3062 1242 3225 1303 αὐτὸς
3271 1240 3591 1317 βασιλεύσας

1936 1328 2228 1403 ἀπέδειξεν,
2254 1330 2435 1387 ἐκάλει
2467 1331 2734 1406 παρόντα,
2786 1331 2938 1393 ὅπως
2968 1332 3129 1393 αὐτὸς
3162 1330 3435 1406 λαγχάνοι
3466 1334 3595 1408 παρ’

1938 1419 2100 1475 αὐτοῦ
2152 1418 2302 1484 δίκας
2361 1421 2491 1495 ὑπερ
2541 1427 2641 1491 τῆς
2683 1428 2783 1490 τῆς
2821 1419 3118 1497 ἀδελφιδῆς
3169 1421 3396 1492 προικὸς
3452 1442 3588 1496 μαρ-

1934 1511 2288 1584 τυρήσοντα.
2354 1508 2607 1573 Κάκεῖνος
2666 1510 2822 1585 ἐγγὺς
2888 1511 3164 1585 παραστὰς
3250 1509 3589 1585 ἐμαρτύρει,

1935 1600 2023 1653 καὶ
2076 1600 2239 1671 ἡμεῖς
2289 1598 2570 1672 ἠκούομεν
2620 1600 2880 1675 λέγοντος
2920 1601 3011 1655 καὶ
3062 1599 3220 1675 ὅρκον
3275 1602 3591 1675 προστιθέν-

1934 1708 2028 1751 τος
2072 1694 2192 1750 τοῖς
2241 1686 2580 1763 λεγομένοις.
2631 1689 2767 1747 Τότε
2812 1694 3097 1765 τοιγαροῦν
3148 1688 3276 1751 τοὺς
3324 1686 3595 1757 πολλοὺς,

1937 1776 2026 1831 καὶ
2063 1776 2276 1850 μᾶλλον
2312 1784 2397 1840 οῖς
2436 1776 2642 1853 εὐγενὲς
2673 1779 2737 1834 τὸ
2775 1778 2955 1855 γένος,
2986 1777 3421 1851 ὑποποιούμενος
3452 1798 3595 1854 παρ-

1942 1870 2088 1940 εῖχεν
2140 1864 2191 1936 ἐξ
2260 1864 2493 1940 εὐλόγου
2544 1866 2700 1936 δῆθεν
2761 1869 3083 1944 προφάσεως
3123 1871 3229 1922 τῶν
3294 1865 3591 1941 βασιλικῶν

1942 1952 2247 2029 ’χρημάτων
2297 1955 2615 2025 ἀπόνασθαι,
2661 1955 2791 2011 αὐτὸ
2821 1958 2957 2019 τέως
3012 1958 3085 2019 ὠς
3145 1956 3262 2031 εἶχε
3311 1960 3589 2032 συν-τηρῶν

1945 2043 2131 2099 ἑαυτὸν
2156 2048 2264 2099 τῶν
2299 2044 2607 2119 λημμάτων
2640 2046 2934 2120 ἀνώτερον.

1945 2206 2044 2271 κς’.
2105 2208 2297 2282 ’Όπως
2367 2205 2653 2282 ἐλθόντοςΔ
2692 2210 2790 2282 τοῦ
2868 2208 3213 2282 πατριάρχου
3289 2204 3507 2275 πολλὴν
3564 2209 3591 2262 ὁ

2160 2278 2323 2355 μέγας
2368 2276 2491 2350 δοὺξ
2535 2275 2841 2350 ἐπεδείξατο
2892 2275 2990 2348 τὴν
3042 2275 3377 2334 ὑπ’όπτωσιν.

2018 2403 2106 2459 Ἐν
2156 2403 2399 2477 τοσούτῳ
2453 2402 2511 2459 δὶ
2560 2403 2712 2459 λαὶὸ
2744 2402 3068 2480 πατράρχης
3118 2403 3209 2458 σύν
3255 2425 3313 2459 τε
3361 2409 3478 2467 τοῖς
3507 2405 3593 2460 ἐκ·

1946 2490 2155 2565 κρίτοις
2208 2496 2306 2546 τοῦ
2362 2491 2574 2567 κλήρου
2622 2493 2708 2548 καὶ
2790 2498 2909 2556 τοῖς
2978 2493 3289 2569 ἀρχιερεῦσι
3346 2500 3598 2569 παρεῖναι

1948 2579 2199 2650 ἠκούετο’
2232 2582 2322 2636 καὶ
2351 2582 2409 2645 ’ὀς
2443 2581 2635 2638 αὐτίκα
2686 2584 2867 2655 μαθὼν
2913 2581 3021 2659 πρὺ
3061 2587 3166 2638 τῶν
3218 2581 3403 2637 ἄλλων
3436 2584 3600 2648 αὐτὸς

1954 2669 2161 2741 ὑπαντᾷ
2209 2669 2498 2748 μακρόθεν,
2527 2672 2696 2745 τιμὴν
2736 2673 2834 2741 τὴν
2890 2671 3146 2748 μεγίστην
3194 2671 3601 2749 ἀφοσιούμενος

1949 2758 2029 2829 τῷ
2060 2760 2377 2835 πατριάρχης)
2426 2761 2515 2815 καὶ
2544 2762 2703 2816 παντὶ
2753 2764 2833 2833 τῷ
2878 2762 3012 2837 ἱερῷ
3052 2759 3413 2836 πληρώματι,
3460 2764 3598 2835 πεζῇ

1955 2901 2068 2941 non
2102 2887 2290 2960 magis
2324 2887 2381 2943 id
2414 2903 2594 2960 agens
2624 2888 2967 2946 ambitionis
2988 2888 3273 2947 instinctu
3298 2905 3475 2961 quam
3510 2906 3603 2946 sa-

1949 2974 2131 3047 pienti
2154 2976 2495 3049 prmvisione
2527 2977 2882 3050 futurorum,
2910 2982 3085 3051 prout
3113 2982 3195 3034 rei
3212 2978 3403 3035 exitus
3432 2995 3605 3036 mon-

1950 3065 2175 3122 stravit.
2208 3065 2287 3123 De
2316 3065 2477 3123 illius
2499 3084 2670 3140 porro
2684 3068 2857 3125 modo
2885 3072 3210 3125 memorata
3235 3072 3605 3141 paupertate,

1949 3152 2001 3210 si
2032 3170 2159 3227 qua:
2216 3154 2441 3211 audivit
2469 3172 2539 3213 ex
2590 3155 2720 3229 ipso
2773 3157 3051 3230 quondan
3112 3172 3373 3231 praesens
3421 3157 3603 3230 hujus

1953 3243 2209 3301 historias
2249 3244 2517 3318 scriptor,
2551 3245 2645 3302 hic
2689 3263 2794 3319 pro
2846 3245 3186 3304 testimonio
3215 3246 3450 3316 dixerit,
3482 3264 3598 3303 non

185 3344 403 3397 testem
435 3313 1112 3410 allegavit,vpatriarchze
1144 3336 1400 3394 Manueli
1427 3344 1626 3392 sancte
1682 3336 1842 3392 affir-
1874 3313 1916 3383 ῧ
1954 3348 2097 3389 sane
2126 3313 2463 3391 vereturvne
2493 3313 2851 3408 coarguatur
2882 3337 3154 3406 mendax,
3188 3351 3330 3393 neve
3369 3313 3479 3393 hoc
3513 3336 3604 3392 illi

183 3446 362 3487 mane
394 3428 546 3486 nihil
577 3444 821 3501 prorsus
849 3441 920 3483 ex
950 3427 1023 3483 iis
1054 3443 1181 3499 qua
1208 3427 1345 3483 data
1377 3426 1628 3494 fuerant,
1659 3442 1691 3483 e
1720 3425 1842 3483 the-

182 3520 384 3577 sauris
411 3517 747 3591 reipublicaa
768 3518 1205 3590 depromptum,
1220 3517 1320 3573 sed
1338 3532 1409 3573 ex
1424 3516 1650 3588 privata
1687 3532 1841 3589 penu

184 3616 242 3669 et
272 3625 345 3666 ex
380 3608 566 3681 partis
595 3624 662 3664 ac
710 3606 973 3665 collectis
1017 3606 1255 3680 propria
1283 3606 1579 3663 industria
1608 3622 1675 3662 ac
1705 3623 1841 3679 pro-

180 3698 473 3764 videntia,
522 3696 848 3752 exercenda
900 3695 1124 3751 scilicet
1170 3711 1273 3767 per
1297 3712 1517 3769 gnaros
1541 3698 1599 3751 et
1662 3710 1842 3767 expe-

181 3785 405 3843 rientes
423 3783 662 3842 colonos
688 3801 963 3858 agrorum
989 3784 1644 3860 cultura,gregibusque
1666 3789 1846 3858 atque

180 3875 473 3932 armentis
503 3890 606 3946 per
636 3874 879 3932 idoneos
928 3874 1200 3931 homines
1253 3874 1553 3933 curandis.
1612 3874 1708 3932 Sic
1756 3874 1843 3931 illi

178 3964 283 4021 Dei
324 3966 616 4034 amantes,
659 3964 745 4021 sic
776 3964 1000 4038 pariter
1024 3963 1106 4021 rei
1137 3965 1415 4022 Romanas
1454 3964 1753 4022 studiosos
1782 3978 1846 4021 se

181 4053 623 4111 monstrabant.

176 4163 269 4218 25.
309 4162 381 4219 Ut
405 4176 652 4231 magna:
681 4161 799 4217 dua:
828 4162 939 4218 levi
998 4161 1342 4218 delibatione
1378 4161 1552 4231 regiae
1601 4159 1845 4233 pecunia

351 4234 642 4290 hominum
668 4233 781 4290 sibi
811 4234 1244 4290 benevolentiam
1272 4233 1681 4291 conciliaverit.

249 4324 375 4379 Hoc
387 4339 561 4395 porro
575 4323 646 4379 de
665 4322 1114 4396 quoscribimus
1139 4331 1398 4396 tempore
1428 4339 1563 4379 cum
1591 4337 1843 4395 magnus

175 4413 338 4485 apud
390 4412 753 4485 Magnesiam
807 4411 1057 4484 publica:
1088 4412 1347 4485 pecunia
1378 4426 1660 4468 numerus
1687 4416 1845 4469 esset

174 4503 513 4576 depositus,
583 4518 699 4558 non
746 4506 872 4559 erat
920 4501 1089 4559 facile
1135 4518 1347 4575 magno
1378 4502 1515 4558 duci
1547 4506 1604 4557 et
1658 4502 1841 4558 tutori

173 4592 473 4666 principis
500 4591 641 4648 inde
674 4589 896 4664 aliquid
932 4608 1169 4648 sumere
1198 4592 1565 4665 erogandum
1597 4591 1659 4647 in
1692 4607 1838 4663 quos

1954 3422 2123 3480 cedat
2171 3423 2231 3479 in
2289 3423 2545 3481 dedecus
2602 3425 2758 3497 quod
2818 3424 3182 3499 Palmologus
3239 3424 3437 3497 gloria:
3494 3426 3609 3482 sibi

1953 3512 2075 3569 fore
2104 3516 2423 3570 autumans
2455 3514 2525 3570 de
2557 3529 2619 3570 se
2642 3514 2936 3586 jactabat,
2997 3519 3308 3572 ostentans
3340 3532 3603 3588 pauper-

1954 3606 2137 3659 tatem
2169 3618 2339 3659 suam
2367 3618 2511 3660 sane
2542 3607 2769 3661 tantam
2804 3608 2871 3661 ut
2899 3604 3221 3661 afﬁrmaret
3250 3604 3427 3662 etiam
3478 3604 3606 3677 jam

1958 3692 2055 3749 72
2107 3692 2402 3765 imperans
2461 3693 2771 3751 domestici
2831 3694 2939 3750 sibi
2995 3698 3137 3767 quot
3192 3695 3402 3751 diebus
3462 3712 3607 3751 usus

1962 3797 2168 3839 omnes
2191 3797 2478 3855 expensas
2510 3782 2701 3840 tribus
2735 3782 2877 3841 solis
2927 3784 3191 3841 nummis
3233 3787 3603 3841 constare.Et

1957 3871 2069 3928 hoc
2094 3872 2486 3945 jurejurando
2517 3873 2908 3945 confirmavit,
2956 3889 3093 3931 cum
3123 3874 3183 3931 in
3217 3875 3476 3947 quadam
3507 3874 3609 3931 lite

1955 3961 2159 4017 fratris
2209 3977 2328 4018 suae
2378 3978 2585 4019 socrus
2614 3961 2843 4035 Angeli,
2897 3979 3074 4037 quem
3125 3962 3252 4035 ipse
3308 3962 3609 4036 imperans

1955 4066 2237 4123 magnum
2270 4050 2671 4123 primicerium
2700 4048 2938 4124 creavit,
2972 4053 3044 4109 de
3074 4053 3210 4110 dote
3240 4069 3361 4109 suis
3411 4052 3608 4124 neptis

1945 4139 2174 4212 judicio
2228 4140 2535 4211 certantis,
2595 4144 2835 4211 rogatus
2865 4140 2925 4197 in
2960 4140 3365 4200 testimonium
3397 4142 3604 4199 adesse

1953 4232 2229 4302 gravatus
2260 4246 2377 4287 non
2411 4230 2645 4299 fuisset,
2674 4246 2743 4288 ea
2773 4246 2900 4302 quis
2920 4231 3183 4287 diximus
3208 4231 3467 4304 proferre
3490 4237 3605 4289 Deo

1951 4318 2011 4373 in
2044 4322 2253 4375 testem
2282 4323 2508 4377 vocato.
2540 4321 2706 4376 Tunc
2738 4320 2922 4393 igitur
2971 4320 3212 4389 multos,
3274 4321 3601 4394 praesertim

1949 4421 2161 4479 genere
2192 4408 2441 4479 nobiles,
2474 4408 2649 4465 variis
2683 4409 2754 4465 ad
2784 4408 2842 4465 id
2876 4408 3134 4481 quasitis
3164 4409 3600 4483 'prastextibus,

1949 4504 2005 4555 et
2034 4496 2378 4570 plausibiles
2406 4498 2469 4554 in
2504 4498 2759 4571 speciem
2792 4500 3162 4571 praetendens
3187 4516 3396 4557 causas
3416 4500 3605 4556 dona-

1948 4586 2109 4656 tivis,
2141 4603 2172 4643 e
2205 4586 2440 4659 publico
2471 4588 2699 4644 curavit
2755 4587 3056 4659 honorari,
3089 4588 3216 4660 ipse
3268 4589 3505 4645 interim
3538 4589 3602 4645 in

171 4682 397 4739 vellet:
460 4680 734 4737 obstabat
785 4680 944 4736 enim
1013 4680 1311 4738 Celtarum
1370 4681 1838 4753 securigerorum
1870 4690 1915 4756 Ι)
1948 4680 2205 4750 egestate
2237 4676 2517 4733 familiari
2565 4693 2919 4749 permanens
2951 4677 3222 4749 superior
3279 4678 3603 4751 cupiditate

177 4769 584 4829 enexorahilis
636 4769 689 4826 ei
736 4769 1017 4827 thesauro
1049 4770 1330 4844 imposita
1358 4770 1645 4841 custodia,
1678 4770 1837 4827 haud

170 4862 382 4918 sinens
433 4858 574 4915 inde
622 4858 793 4914 aliter
842 4875 1022 4931 quam
1082 4861 1311 4916 cunctis
1370 4859 1754 4933 praesentibus
1786 4863 1844 4916 et

170 4965 380 5008 coram
410 4947 783 5004 intuentibus
814 4947 1147 5021 dispensari
1188 4950 1535 5022 quidquam.
1589 4947 1843 5007 Jubebat

172 5045 383 5097 tamen
416 5054 531 5095 non
564 5054 696 5094 raro
718 5038 1079 5111 quibusdam
1112 5038 1249 5095 inde
1278 5039 1485 5097 donari
1516 5038 1675 5095 haud
1736 5054 1840 5095 ne-

172 5128 461 5187 cessariis
493 5128 563 5185 de
590 5127 791 5184 causis
822 5152 835 5196 ;
867 5144 995 5199 quae
1026 5128 1365 5203 benignitas
1397 5128 1483 5186 illi
1513 5127 1687 5201 quasi
1708 5128 1839 5184 fun-

171 5222 531 5277 damentum
594 5217 707 5273 fuit
761 5218 1062 5289 popularis
1110 5218 1170 5274 in
1202 5235 1338 5276 eum
1397 5216 1836 5275 benevolentiae.

170 5313 471 5368 Ceterum
530 5306 581 5363 si
637 5306 770 5379 quis
827 5324 893 5363 eo
951 5308 1190 5365 nomine
1224 5309 1293 5364 de
1325 5309 1455 5381 ipso
1496 5312 1841 5380 quereretur

172 5398 351 5473 quasi
369 5414 485 5453 non
512 5396 658 5453 satis
674 5412 875 5455 severo
893 5397 1141 5469 publica;
1156 5397 1417 5471 pecuniae
1440 5398 1761 5465 custode,ei
1777 5413 1840 5452 se

174 5487 477 5564 purgabat
488 5502 712 5558 negans
738 5486 798 5541 in
825 5486 1093 5559 proprios
1115 5504 1177 5544 se
1201 5505 1345 5545 usus
1366 5486 1840 5560 quidquaminde

174 5593 441 5645 sumere;
469 5577 527 5631 in
551 5576 723 5648 cujus
749 5575 827 5632 rei
848 5577 1021 5633 fidem
1047 5594 1215 5635 suam
1239 5579 1624 5635 domesticam
1641 5580 1837 5634 osten-

174 5670 359 5727 debat
389 5668 815 5739 paupertatem.
851 5670 1067 5724 Tamen
1109 5668 1374 5740 quassitis
1429 5666 1838 5725 occasionibus

175 5756 504 5818 identidem
538 5757 892 5830 procurabat
921 5760 984 5814 ut
1016 5759 1259 5831 quidam
1291 5759 1429 5817 inde
1481 5758 1837 5831 acciperent,

1950 4783 2249 4840 purasque
2277 4766 2437 4822 omni
2460 4783 2632 4822 avaro
2664 4770 2935 4823 contactu
2968 4783 3183 4823 manus
3215 4783 3480 4824 servans.

2003 4888 2098 4974 26.
2135 4920 2200 4978 Ut
2224 4919 2531 4977 venientem
2558 4918 2633 4991 ad
2661 4934 2718 4975 re
2746 4917 3131 4991 patriarcham
3154 4917 3269 4975 dua:
3315 4934 3548 4991 magna:

2338 5007 2555 5048 summa
2584 4989 2913 5048 demiésione
2941 4992 3235 5063 exceperit.

2022 5126 2264 5183 Interim
2297 5126 2633 5198 patriarcha
2662 5143 2798 5184 cum
2858 5125 3063 5183 electis
3091 5142 3161 5182 ex
3216 5125 3371 5183 clero
3396 5131 3455 5184 et
3512 5144 3605 5184 ar-
3644 5148 3647 5151 λ

1948 5214 2342 5288 chiepiscOpis
2403 5216 2723 5273 adventare
2771 5216 3177 5285 audiebatur;
3212 5217 3370 5290 quod
3430 5216 3609 5274 simul

1947 5305 2315 5378 Palaeologus
2346 5306 2636 5378 cognovit,
2696 5309 2830 5363 ante
2861 5322 3066 5363 omnes
3100 5306 3226 5379 ipse
3258 5306 3607 5380 longissime

1949 5396 2238 5468 processit
2266 5396 2521 5461 obviam,
2555 5395 2702 5453 nihil
2734 5396 2805 5452 ad
2848 5412 3145 5453 summam
3174 5402 3299 5453 tum
3327 5413 3466 5470 erga
3497 5414 3604 5469 pa-

1945 5483 2264 5540 triarcham
2296 5490 2422 5540 tum
2454 5500 2593 5558 erga
2622 5502 2857 5541 sacrum
2912 5485 3224 5558 collegium
3282 5485 3604 5544 veneratio-

1950 5589 2082 5630 nem
2124 5572 2236 5630 sibi
2268 5572 2480 5646 reliqui
2516 5574 2759 5641 laciens,
2791 5574 3007 5647 quippe
3039 5575 3138 5647 qui
3160 5575 3599 5648 pedibusince-

1948 5665 2116 5729 dens,
2148 5662 2428 5736 correptis
2460 5680 2639 5720 manu
2682 5662 2825 5719 muli
2870 5681 2986 5736 quo
3044 5664 3378 5738 patriarcha
3438 5666 3600 5723 veho-

1948 5754 2121 5811 batur
2151 5752 2419 5822 habenis,
2451 5768 2588 5812 cum
2620 5770 2809 5827 usque
2841 5754 2995 5813 intro
3027 5754 3316 5828 palatium
3372 5756 3600 5829 regium
