4212 6442
625 424 733 482 507

1928 423 2232 480 GEORGII
2268 422 2731 481 PACHYMERB

3918 426 4023 481 508

613 571 671 607 τε
706 544 940 624 βαδίζων
973 543 1062 598 καὶ
1092 544 1185 598 τᾶν
1211 545 1312 612 τῆς
1351 544 1588 616 ἡμιόνου
1635 547 1731 598 τοῦ
1776 542 1936 618 ίερως
1987 542 2256 619 χαλινοὺς
2290 547 2345 613 Α
2374 545 2473 613 τὴν
2525 542 2741 600 ἐκείνων
2795 545 3173 603 ὑποποιεῖσθαι
3226 545 3457 606 εὔνοιαν.
3496 550 3564 608 Ὀ
3609 550 3695 605 καὶ
3740 548 4020 623 γινόμενον

620 640 892 713 κατέχων,
924 634 1023 695 ἕως
1053 634 1140 687 καὶ
1194 629 1367 687 αότῶν
1416 630 1564 694 ἐντὸς
1614 636 1721 687 τῶν
1770 632 2079 707 ἀνακτόρων
2134 652 2270 708 προ-

622 727 931 803 ηγούμενος
986 727 1252 793 καθιστᾷ.
1299 720 1397 775 Καὶ
1445 718 1511 789 δὴ
1564 722 1768 791 σκηνήν
1821 723 1914 794 μὲν
1980 719 2269 796 βασιλικὴν

623 817 830 873 ἐκείνου
863 814 1022 890 χάριν
1077 812 1373 880 ὑποστῆναι
1418 808 1650 880 κελεύει,
1702 811 1815 883 ἅμα
1867 811 1960 882 μέν
1994 811 2082 865 καὶ
2138 810 2274 865 κατὰ

620 909 720 976 τὴν
756 906 831 967 εἰς
856 903 1055 958 ἐκεῖνον
1099 902 1291 973 τιμὴν,
1340 901 1660 974 ὑποτρέχων
1710 899 1763 953 ἐν
1812 904 1941 954 πᾶσι
1981 900 2068 954 καὶ
2115 910 2271 973 θερα-

622 995 831 1063 πούων,
866 994 980 1066 ἅμα
1010 990 1066 1046 δὶ
1094 992 1183 1045 καὶ
1237 989 1288 1050 ἐς
1330 989 1599 1066 πρόφασιν
1647 989 1934 1063 ἆναγκοίαν
1982 987 2078 1043 τοῦ
2125 986 2271 1063 ἔχειν

630 1084 690 1140 ἐκ
729 1088 825 1138 τοῦ
886 1081 1083 1158 ῥᾴστου
1142 1078 1462 1149 πλησιάξειν
1521 1084 1601 1151 τῷ
1661 1079 1875 1153 βασιλεῖ
1929 1083 2025 1132 τοῦ
2080 1082 2274 1153 καιροῦ

629 1171 875 1235 διδόντος
900 1170 1058 1225 αὐτὸν
1092 1167 1292 1223 ἐκεῖνον
1341 1170 1405 1241 [Ρ
1442 1170 1536 1239 45]
1584 1168 1672 1222 τὸν
1723 1170 2072 1243 πατριάρχην
2109 1166 2275 1241 μηδε-

630 1269 755 1337 μιᾶς
799 1261 943 1336 ὥρας
996 1262 1096 1313 τοῦ
1144 1261 1468 1333 κρατοῦντος
1524 1256 2018 1329 ἀπολιμπάνεσθαι.
2073 1264 2275 1332 Συγκε-

629 1353 875 1428 χωρήκει
910 1347 967 1404 δέ
998 1349 1049 1402 οἳ
1082 1347 1330 1419 ἀσμένως
1364 1351 1537 1400 πάντα
1568 1347 1641 1407 ὡς
1695 1346 1795 1400 οὐκ
1826 1343 2012 1404 ἄλλως
2060 1344 2277 1419 ἐπιτρο-

625 1440 882 1511 πεύσων,
941 1436 985 1492 εἰ
1051 1439 1126 1509 μή
1187 1434 1348 1497 αὐτός
1415 1456 1478 1509 γε
1534 1435 1749 1489 κελεύοι
1809 1436 1899 1490 καὶ
1945 1435 2180 1491 ἐπινεύοι
2239 1440 2274 1506 ἡ

626 1526 875 1590 σύνοδος.
905 1530 1062 1590 ’Ὀθεν
1094 1524 1181 1579 καὶ
1215 1525 1390 1601 φέρων
1429 1524 1520 1596 μὲν
1548 1524 1639 1577 τὸν
1670 1524 1787 1579 νέον
1839 1523 1916 1586 εἷς
1964 1530 2157 1600 χεῖρας
2199 1530 2279 1597 τῷ

625 1618 945 1692 πατριάρχῃ
978 1619 1213 1669 ποιεῖται
1248 1612 1389 1667 οὕτω
1434 1612 1521 1666 καὶ
1569 1618 1688 1674 τοῖς
1734 1610 1931 1673 ἄλλοις
1968 1614 2146 1686 μέσον,
2178 1622 2279 1683 τῆς

633 1705 841 1783 βουλῆς
893 1702 937 1759 δ’
969 1702 1168 1758 ἐκείνου
1218 1699 1407 1774 ἐξαρτᾷ
1452 1702 1518 1755 τά
1563 1701 1824 1775 παρόντα,
1876 1701 1965 1756 καὶ
2003 1701 2277 1765 πολλάκις

637 1795 751 1871 ἄγει
781 1795 871 1849 καὶ
905 1791 1140 1848 δείκνυσι
1184 1792 1252 1845 τά
1292 1789 1581 1864 κειμήλια,
1631 1789 1928 1862 σιωπηλῶς
1975 1794 2075 1861 τὴν
2135 1792 2279 1863 ἐξου-

625 1885 739 1939 σίαν
799 1883 1073 1960 ἐμφαίνων
1150 1880 1462 1952 ἐξημμένην
1521 1877 1724 1934 ἐκείνου
1777 1880 1865 1933 καὶ
1928 1879 2134 1952 μόνου,
2178 1880 2271 1935 κᾶν

624 1974 785 2035 αὐτὸς
817 1970 1055 2043 κελεύοι,
1100 1970 1296 2024 ἐκεῖθεν
1346 1967 1472 2029 τοὺς
1525 1965 1729 2030 ἄλλους
1778 1965 2012 2039 ἕξοντας.
2061 1971 2161 2026 Ἦν
2218 1967 2274 2025 δὲ

624 2062 728 2138 ἄρα
761 2064 810 2117 οἱ
840 2062 903 2117 τὸ
950 2061 1111 2137 σοφὸν
1164 2057 1348 2131 ἐκείνῳ
1396 2059 1489 2130 μὶν
1541 2055 1805 2113 ἐνδιδόναι
1852 2062 1961 2113 τῶν
2011 2058 2155 2114 ὅλων
2187 2058 2276 2133 ἅρ-

626 2173 768 2229 χειν,
811 2151 968 2206 αὐτὸν
1004 2148 1050 2204 δ’
1105 2148 1543 2221 ὑποποιούμενον
1592 2148 1684 2202 τὸν
1727 2147 2022 2224 ἐξάρχοντα
2063 2145 2275 2221 λαμϐά-

621 2263 729 2298 νειν
765 2241 878 2297 οἶόν
908 2242 957 2295 τ’
1004 2240 1135 2293 εἶναι
1178 2239 1251 2299 ὡς
1309 2236 1391 2292 ἐπ’
1448 2236 1759 2313 ἀναγκαίοις
1812 2237 2132 2313 παρέξοντα·
2186 2239 2277 2293 καὶ

622 2331 739 2388 ἐπεὶ
800 2330 1007 2405 ἀνάγκη
1043 2329 1109 2397 ἦν
1161 2328 1221 2383 ἐκ
1277 2332 1385 2381 τῶν
1445 2332 1639 2381 κοινῶν
1687 2331 1803 2389 τοῖς
1862 2328 1987 2402 περὶ
2043 2329 2133 2383 τὸν
2179 2350 2275 2383 πα-

620 2421 891 2497 τριάργην
928 2421 1358 2491 οἰκονομεῖσθαι,
1398 2419 1488 2471 καὶ
1525 2416 1738 2489 μᾶλλον
1782 2422 1898 2478 τοῖς
1942 2417 2273 2494 ἀρχιερεῦσι,

618 2511 685 2567 τὰ
713 2507 1017 2580 ἐπιτήδεια,
1072 2506 1231 2569 αὐτὸς
1293 2501 1589 2580 λαμϐάνων
1650 2503 1853 2578 ἐδίδου,
1892 2506 1981 2561 καὶ
2008 2527 2273 2582 προσεπε-

625 2598 975 2678 φιλοτιμεῖτο
1004 2596 1071 2653 τά
1100 2594 1346 2672 πλειονα,
1391 2596 1454 2650 τὸ
1507 2596 1601 2668 μὲν
1651 2593 1932 2671 πρόδηλον
1984 2594 2066 2651 ἐπ’
2116 2597 2277 2671 ἀναγ-

622 2689 805 2751 καίαις
846 2693 965 2750 ταῖς
1020 2687 1345 2765 προφάσεσι,
1374 2686 1437 2741 τὸ
1490 2682 1547 2740 δέ
1577 2707 1637 2761 γε
1667 2683 2107 2759 σπουδαζόμενον
2149 2689 2275 2761 παρ’

623 2779 831 2835 ἐκεῖνου
884 2781 1065 2853 σοφῶν
1117 2774 1439 2855 ὀφθαλμοὺς
1488 2773 1884 2852 ἐκτυφλώττειν
1934 2773 2132 2850 δώροις
2182 2776 2275 2831 καὶ

629 2997 878 3071 praiens
911 2995 1163 3062 duxerit,
1194 2998 1322 3049 tum
1355 2993 1437 3048 ibi
1480 2992 1828 3066 Augustalis
1859 2993 2166 3067 fastigium
2214 2994 2274 3050 in

625 3090 753 3160 ejus
784 3085 1037 3160 gratiam
1070 3083 1291 3139 dimitti
1315 3084 1585 3154 jusserit,
1628 3082 1809 3139 simul
1866 3084 2137 3140 discursu
2172 3099 2274 3157 per

624 3192 753 3236 sese
784 3176 843 3231 in
878 3190 1110 3231 omnem
1145 3172 1654 3245 partem-sollicito
1686 3176 1961 3245 satagens
1986 3173 2047 3228 in
2089 3174 2278 3229 omni-

2379 635 2497 696 καθ’
2529 632 2755 705 ἐκάστην
2787 634 2959 711 ῥοπήν
2994 638 3270 710 εὐμενείας
3312 638 3542 693 ἐνεποίει
3597 637 3850 712 μεγίστην
3899 640 4020 711 παρ’

2380 721 2597 778 ἐκείνων
2632 724 2805 797 ἑαυτῷ
2837 723 3062 799 διδόντι,
3094 727 3185 782 καὶ
3226 729 3293 783 τὰ
3319 734 3418 798 τῆς
3463 730 3599 801 πρὸς
3649 722 3867 783 ἕκαστον
3898 726 4027 782 ἐκεί-

2379 833 2485 865 νων
2516 820 2683 885 τιμῆς
2706 834 2763 868 τε
2793 814 2883 868 καὶ
2908 815 3255 891 ὑροπιώσεως
3304 817 3439 886 ἦσαν
3487 818 3561 878 ὡς
3614 815 3798 892 ὀλίγον
3829 816 3892 871 τὸ
3938 836 4028 889 μευ

2378 900 2506 971 ταξὺ
2540 899 2773 966 διελθεῖν
2805 903 2894 959 καί
2942 904 3145 969 πάντας
3189 901 3337 981 ἔχειν
3396 906 3630 968 ἐκείνους
3692 905 3751 960 ἐκ
3798 909 3904 961 τῶν
3939 905 4023 980 ῥι-

2380 995 2488 1045 νῶν
2518 992 2607 1045 καὶ
2640 990 2787 1067 ἄγειν
2822 991 3074 1049 δύνασθαι
3120 995 3228 1064 ὅπη
3267 994 3546 1070 βούλοιτο.
3597 992 3737 1053 Οὑδέ
3783 995 3886 1070 γάρ
3935 995 4027 1066 ἦν,

2382 1080 2481 1136 οὐκ
2499 1082 2566 1149 ἦν
2597 1080 2813 1136 ἐκείνων
2848 1082 2993 1145 ὅστις
3038 1083 3104 1139 οὐ
3165 1082 3236 1139 δι’
3285 1084 3534 1162 εὐφήμου
3566 1088 3794 1158 μνήμης
3825 1083 4027 1139 ἐκεῖνον

2386 1171 2461 1243 μὴ
2494 1169 2732 1245 παρόντα
2763 1169 2849 1225 ἐπὶ
2896 1176 2993 1225 τοῦ
3041 1177 3226 1227 κοινοῦ
3274 1171 3552 1249 συνεδρίου
3604 1172 3799 1246 ἐποίει,
3829 1172 3919 1227 καὶ
3969 1173 4027 1234 ’ὸς

2384 1258 2483 1314 οὐκ
2508 1259 2661 1329 ἠξίου
2694 1260 2825 1336 ὑπὲρ
2857 1262 2983 1322 τοὺς
3014 1259 3218 1323 ἄλλους
3256 1261 3347 1316 τὸν
3396 1261 3775 1334 Παλαιολόγον
3823 1259 3913 1316 ἐπὶ
3951 1261 4029 1314 τῶ

2382 1352 2581 1402 κοινῶν
2614 1347 2748 1402 εἶναι
2798 1350 3211 1421 κατασταθέντα,
3259 1349 3406 1419 πλὴν
3466 1351 3555 1405 καὶ
3612 1350 3699 1405 ἐπὶ
3754 1348 4029 1423 μεγίσταις

2385 1436 2556 1507 ἀξίαις
2611 1438 2702 1491 καὶ
2764 1438 3222 1514 βασιλεωπάτορα
3273 1440 3693 1517 φημιζόμενον.
3751 1442 3935 1495 Ταῦτα
3983 1436 4029 1493 δ’

2385 1526 2518 1595 ἦσαν
2566 1526 2622 1580 αἱ
2668 1528 2973 1602 νυκτεριναὶ
3029 1528 3165 1603 πρὸς
3215 1528 3451 1592 ἐκείνους
3494 1531 3728 1602 πεμψεις
3776 1527 3866 1583 καὶ
3912 1526 4030 1582 σκέ-

2384 1618 2502 1689 ψεις
2531 1616 2620 1670 καὶ
2650 1616 2786 1690 πρὸς
2834 1617 2897 1671 τὸ
2947 1615 3150 1691 μέλλον
3204 1617 3527 1697 ὑπδσχέσεις
3578 1619 3853 1694 μεγίσταις
3902 1637 4031 1693 συγ-

2384 1706 2697 1779 κροτήσεσι.

2385 1822 2497 1891 κζ’.
2562 1822 2763 1912 ,Ὅπως
2840 1819 3355 1912 κατεδημαγώγουνκ
3389 1822 3541 1912 ,τοὺς
3617 1820 3905 1912 πλείστομς
3976 1824 4027 1912 οἱ

2454 1894 2578 1966 περὶ
2625 1897 2725 1971 τοῦ
2785 1892 3279 1968 μεγάλουδόυκὸς
3334 1893 3624 1971 λέγοντες,
3692 1894 3783 1949 καὶ
3836 1892 4030 1950 δεσπόο

2453 1965 2553 2034 της
2581 1965 2791 2040 γέγονε.
2868 1965 2877 1968 ⁷
3412 1965 3422 1971 ’
3460 2006 3463 2007 ν

2454 2064 2548 2135 Τῷ
2570 2062 2671 2138 γὰρ
2733 2061 2961 2136 ὑπούλῳ
3015 2070 3115 2134 τῆς
3183 2065 3411 2140 γνώμης
3482 2064 3573 2120 καὶ
3628 2068 3707 2136 τῷ
3733 2068 3845 2119 τῶν
3900 2065 4028 2136 τρό-

2384 2174 2501 2207 πων
2544 2154 2865 2225 Θωπευτικῷ
2910 2151 3083 2216 οὕτως
3134 2152 3376 2209 ἑάλωσαν
3426 2154 3646 2221 πάντες,
3703 2153 3777 2215 ὡς
3828 2151 4029 2223 ἐκκλη-

2387 2241 2503 2304 σίας
2542 2241 2843 2317 γενομένης
2902 2242 2984 2321 Ep’
3041 2244 3086 2316 ᾧ
3142 2242 3269 2305 τοὺς
3327 2244 3591 2318 ἳιράρχας
3647 2242 3859 2315 σύναμα
3910 2248 4027 2305 τοῖς

2386 2330 2438 2388 ἐν
2469 2330 2615 2387 τέλει
2674 2331 2797 2407 rapi
2854 2338 2955 2401 τῆς
3003 2330 3185 2408 ἀρχῆς
3240 2332 3556 2397 σκέπτεσθαι
3593 2331 3655 2407 [Ρ
3690 2333 3804 2408 ·44]
3839 2377 3852 2401 ,
3884 2332 3974 2387 καὶ
4002 2333 4030 2388 ὁ

2384 2422 2573 2493 καιρὸς
2628 2420 2806 2492 ἐζήτει
2860 2421 2952 2476 τὸν
3009 2442 3100 2483 τςν
3158 2423 3497 2497 πραγμάτων
3557 2421 3983 2499 ἇφηγησόμενον
4016 2466 4029 2491 ,

2383 2512 2511 2573 τοὺς
2538 2513 2635 2565 τοῦ
2679 2511 2829 2585 ἱεροῦ
2878 2508 3189 2585 καταλόγου
3240 2512 3444 2573 πάντας
3498 2511 3630 2587 ὑπὲρ
3681 2510 3888 2566 ἐκείνου
3939 2510 4030 2567 λέ-

2383 2619 2493 2673 γειν
2525 2597 2614 2653 καὶ
2649 2600 2725 2672 μὴ
2759 2597 3078 2671 λαλοῦντος,
3112 2600 3185 2661 ὡς
3228 2599 3289 2654 οὐ
3333 2600 3446 2675 χρὴ
3477 2600 3584 2654 τὸπ
3617 2605 3717 2669 τῆς
3752 2599 4031 2674 βασιλείας

2384 2688 2697 2763 ἐπίτροπον,
2748 2688 2837 2743 καὶ
2885 2692 3052 2743 ταῦτα
3095 2692 3347 2744 τοιοῦτον
3405 2690 3554 2757 ὅντα,
3583 2688 3719 2743 κατὰ
3762 2688 3897 2753 τοὺς
3935 2688 4033 2743 ἆλ-

2385 2776 2517 2840 λους
2569 2779 2727 2850 εἶναι,
2774 2774 2901 2832 ἀλλ’
2959 2776 3289 2853 ἐξῃρημένον
3344 2781 3453 2832 τῶν
3507 2775 3733 2833 πολλῶν
3792 2778 4032 2852 μεγίστῳ

2386 2997 2587 3054 oculos
2636 2997 2885 3069 ingestis
2942 2995 3112 3053 donis
3168 2999 3223 3053 et
3279 3012 3481 3053 eorum
3532 2996 3643 3052 sibi
3678 2995 4036 3053 conciliandi

2386 3087 2620 3145 amoris.
2656 3090 2939 3143 Iteratum
2969 3086 3414 3166 enim-quotidie
3444 3086 3501 3141 id
3534 3086 3796 3142 officium
3825 3101 4034 3159 sugge-

2390 3178 2583 3235 renda
2616 3193 2861 3233 annona
2893 3175 3147 3248 singulis
3178 3175 3618 3248 erogationibus
3668 3184 4037 3232 momentum

624 3269 737 3324 bus
760 3282 888 3337 qua
921 3266 989 3321 ad
1025 3264 1309 3320 honorem
1343 3262 1636 3319 faciebant
1668 3262 1926 3319 antistiis
1950 3264 2278 3335 praesentis,
2310 3267 2354 3335 C
2388 3267 2642 3324 addebat
2672 3282 2898 3321 novum
2928 3264 3343 3322 benevolentia
3383 3266 3647 3338 ipsorum
3717 3281 3856 3336 erga
3911 3269 4037 3321 tam

624 3355 803 3415 simul
834 3356 1011 3412 etiam
1063 3352 1395 3410 necessario
1451 3352 1702 3424 fungens
1759 3351 2038 3424 obsequio
2093 3353 2277 3408 turba

626 3445 1065 3516 submovenda,
1099 3459 1170 3499 ne
1202 3442 1345 3513 quid
1376 3441 1638 3498 obstaret
1669 3441 1990 3513 quominus
2014 3440 2181 3498 facile
2205 3443 2276 3496 ad

605 3538 960 3607 .Auguatum
991 3533 1299 3589 accederet
1330 3530 1669 3604 patriarcha
1700 3531 1758 3585 in
1794 3531 1924 3603 ipso
1980 3536 2277 3587 momento

624 3623 1006 3683 admissionis
1032 3639 1098 3678 ac
1131 3621 1292 3678 nullo
1324 3621 1534 3677 deinde
1562 3624 1825 3693 tempore
1844 3620 1916 3677 ab
1937 3636 2003 3677 eo
2038 3622 2135 3677 78
2158 3621 2275 3677 dis-

617 3718 992 3789 jungeretur.
1049 3713 1181 3769 Jam
1241 3728 1357 3785 pra
1426 3726 1488 3767 se
1547 3710 1772 3767 ferebat
1828 3710 2166 3782 permittere
2215 3728 2277 3767 se

625 3821 867 3879 prorsus
934 3803 1174 3860 arbitrio
1251 3800 1597 3874 patriarcha
1656 3800 1997 3857 electionem
2080 3817 2274 3870 suam,

626 3910 818 3967 neque
849 3892 1019 3950 aliter
1048 3908 1226 3965 quam
1251 3890 1378 3963 ipso
1401 3890 1641 3961 iubente
1659 3894 1716 3946 et
1742 3894 2037 3946 annuente
2055 3891 2276 3963 synodo

626 3984 841 4041 tutoris
871 3982 1130 4039 officium
1166 3980 1527 4037 subiturum.
1580 3981 1742 4045 Quod
1785 3984 1850 4035 ut
1898 3980 2274 4053 significaret,

629 4076 985 4149 productum
1035 4087 1284 4144 puerum
1334 4070 1660 4142 principem
1717 4070 1899 4125 tradit
1942 4070 2001 4125 in
2066 4086 2277 4127 manus

623 4162 991 4237 patriarcha,
1025 4161 1287 4216 medium
1318 4159 1473 4215 inter
1530 4158 1961 4215 ecclesiasticos
2006 4176 2275 4231 proceres

626 4253 1060 4311 circumdantes
1094 4250 1377 4321 undique,
1407 4248 1573 4321 quasi
1606 4264 1674 4304 ex
1703 4249 1831 4319 ejus
1875 4253 1933 4305 et
1963 4249 2113 4305 sacri
2162 4248 2278 4306 col-

626 4340 1089 4417 legiisehtentia
1146 4342 1203 4394 et
1242 4342 1403 4394 nutu
1438 4338 1690 4410 pendere
1743 4337 1914 4394 unice
1970 4339 2273 4411 negotium

626 4432 1010 4507 promotionis
1042 4446 1164 4487 sua
1184 4429 1405 4485 volens.
1439 4427 1905 4491 Quameamdem
1928 4426 1987 4483 in
2020 4428 2273 4501 speciem

622 4539 773 4595 sape
788 4521 1149 4595 producebat
1173 4518 1626 4589 ostentabatque
1653 4516 1907 4589 insignia
1929 4517 2134 4576 delata
2159 4518 2270 4575 sibi

626 4612 958 4686 potestatis,
991 4610 1076 4667 sic
1105 4609 1283 4665 tacite
1309 4608 1581 4663 indicans
1611 4623 1925 4679 agnoscere
1957 4625 2018 4665 se
2064 4626 2269 4680 prove-

626 4702 877 4759 clionem
910 4700 1003 4757 sui
1062 4700 1123 4755 in
1154 4714 1283 4755 eam
1316 4696 1664 4771 dignitatem
1696 4713 1764 4753 ex
1782 4697 1905 4754 solo
1925 4698 2269 4771 patriarcha

627 4797 774 4850 nutu
800 4791 1146 4863 judicioque
1178 4804 1553 4861 suspensam,
1587 4786 1668 4843 ita
1696 4793 1782 4853 ut,
1815 4787 2135 4861 sijuberet,
2169 4788 2269 4845 alii

626 4900 761 4943 eum
792 4882 1098 4939 haberent.
1132 4878 1194 4934 Id
1225 4894 1359 4935 vero
1389 4877 1486 4933 ille
1542 4878 1841 4950 sapienter
1886 4878 2129 4935 omnino
2186 4879 2270 4936 sic

628 4975 855 5047 agebat,
890 4975 1081 5029 totum
1113 4969 1196 5026 rei
1226 4968 1539 5025 arbitrium
1585 4968 1929 5041 patriarcha
1977 4970 2267 5039 deferens,

625 5081 733 5121 nec
793 5062 908 5118 sibi
966 5060 1113 5117 alias
1146 5075 1322 5132 quam
1354 5057 1795 5131 obtemperandi
1838 5062 2032 5130 patres
2090 5060 2266 5115 relin-

625 5171 836 5227 quens,
869 5152 919 5209 si
946 5169 977 5208 e
1002 5168 1065 5208 re
1095 5150 1332 5224 publica
1362 5152 1627 5205 censeret
1658 5149 1951 5219 praﬁcere
1982 5166 2044 5205 se
2076 5150 2293 5207 tutela

622 5243 928 5318 principis,
956 5246 1014 5297 et
1043 5240 1103 5296 in
1135 5256 1267 5295 eum
1301 5236 1498 5294 locum
1522 5238 2115 5311 conscenderejussis
2141 5241 2268 5297 suis

620 5336 872 5405 cogeret.
905 5332 970 5386 Et
1014 5329 1293 5402 quoniam
1327 5327 1689 5399 suppeditari
1720 5326 1910 5383 victus
1949 5344 1980 5384 e
2032 5329 2267 5401 publico

636 5423 889 5479 debebat
920 5418 1267 5492 patriarcha
1283 5435 1347 5473 ac
1367 5416 1761 5473 familiaribus
1774 5417 1925 5488 ejus,
1945 5420 2266 5490 prasertim

619 5510 1102 5584 archiepiscopis,
1135 5509 1193 5565 id
1226 5524 1409 5565 manu
1441 5507 1569 5579 ipse
1599 5522 1707 5563 sua
1739 5507 1994 5565 faciebat
2017 5508 2180 5582 large
2204 5525 2270 5567 ac

622 5604 795 5676 plane
826 5600 1127 5669 muniﬁce,
1158 5600 1218 5657 in
1272 5599 1529 5671 speciem
1563 5597 1800 5669 quidem
1850 5614 1971 5653 rem
2018 5614 2086 5654 ex
2115 5616 2269 5655 more

621 5692 879 5749 debitam
910 5691 1184 5761 reddens,
1218 5705 1435 5745 arcana
1466 5704 1601 5744 vero
1651 5688 2049 5745 destinatione
2089 5690 2269 5745 animi

620 5783 986 5840 occasionem
1034 5796 1161 5838 eam
1210 5783 1456 5852 captans
1534 5778 1859 5835 excacandi
1929 5779 2268 5851 sapientum

2301 4656 2349 4722 D

2386 3355 2687 3413 liberalem
2723 3355 3113 3426 prabitorem.
3148 3355 3352 3426 Itaque
3383 3358 3613 3410 tantum
3648 3354 3895 3427 profecit
3934 3353 4039 3409 illa

2386 3445 2690 3517 diligentia
2714 3444 2953 3501 honoris
2984 3448 3040 3500 et
3053 3443 3308 3500 demissa
3321 3444 3683 3514 professione
3700 3445 4038 3502 reverentia

2385 3550 2524 3607 erga
2557 3550 2756 3590 sacras
2789 3533 2919 3590 illas
2953 3549 3252 3605 personas,
3283 3537 3350 3588 ut
3382 3533 3588 3605 paucis
3618 3532 3829 3589 diebus
3876 3538 4039 3605 post-

2385 3641 2561 3697 quam
2593 3623 2675 3680 ita
2706 3640 2840 3679 cum
2872 3623 2989 3679 illis
3021 3639 3193 3695 agere
3218 3626 3494 3695 caperet,
3528 3639 3735 3679 omnes
3762 3621 3894 3679 illos
3914 3623 4033 3679 sibi

2385 3714 2665 3771 obnoxios
2715 3712 2976 3780 haberet,
3026 3716 3341 3785 possetque
3381 3712 3549 3784 quasi
3609 3729 3753 3769 naso
3810 3716 4038 3771 tractos

2385 3818 2736 3877 quocunque
2792 3802 2967 3859 vellet
3023 3803 3483 3860 circumducere.
3546 3802 3662 3858 Nec
3719 3818 3860 3859 sane
3908 3803 4043 3873 jam

2382 3896 2513 3950 erat
2546 3892 2784 3949 illorum
2819 3892 3130 3963 quisquam
3163 3891 3265 3963 qui
3296 3908 3413 3948 non
3447 3906 3554 3965 per
3606 3907 3758 3964 sese,
3807 3890 4044 3949 nullius

2384 3982 2715 4049 admonitu,
2760 3982 2955 4053 ipsum
3006 3981 3312 4036 absentem
3347 3982 3409 4036 in
3460 3981 3698 4037 Patrum
3752 3997 4043 4039 concessu

2387 4074 2636 4145 loquens
2665 4071 2945 4127 laudibus
2975 4070 3033 4125 in
3061 4072 3161 4126 74
3213 4069 3427 4126 calum
3478 4070 3676 4138 ferret,
3736 4074 3794 4127 et
3849 4088 4042 4128 unum

2381 4162 2647 4220 omnium
2681 4159 3101 4233 dignissimum
3135 4160 3483 4232 pradicaret
3512 4159 3904 4233 Palaologum
3938 4162 4044 4231 qui

2383 4250 2847 4325 praessetrebus
2890 4252 3181 4321 potestate
3212 4264 3386 4320 quam
3403 4248 3790 4321 amplissima,
3822 4249 4046 4323 cuique

2383 4345 2587 4414 prater
2628 4338 3128 4411 exquisitissimos
3188 4353 3421 4410 quoque
3480 4342 3718 4395 caeteros
3783 4338 4047 4397 honores

2382 4431 2561 4487 etiam
2594 4426 2908 4502 appellatio
2941 4428 3127 4501 patris
3161 4427 3447 4500 principis
3490 4426 3701 4484 merito
3747 4428 4048 4485 tribuere-

2382 4524 2498 4576 tur.
2531 4519 2638 4576 Hic
2668 4519 2719 4575 ei
2752 4517 3063 4575 constabat
3094 4516 3327 4573 fructus
3352 4520 3772 4573 nocturnarum
3789 4516 4046 4590 adipsos

2382 4608 2844 4666 missitationum
2911 4610 2968 4663 et
3016 4606 3473 4663 artificiosarum
3532 4605 4045 4679 signiﬁcationum

2381 4698 2672 4771 obsequii,
2708 4696 3006 4769 adjunctis
3038 4695 3433 4769 amplissimis
3465 4695 3525 4752 in
3557 4699 3857 4769 posterum
3896 4713 4045 4770 pro-

2381 4790 2605 4846 missis.

2377 4899 2467 4955 2‘7.
2490 4900 2553 4956 Ut
2592 4912 2825 4967 magnus
2854 4896 2974 4951 dux
3004 4895 3221 4966 ingenti
3248 4895 3553 4969 amicorum
3584 4894 3798 4951 ambitu
3827 4894 4039 4969 despa-

2878 4971 2935 5023 ta
2958 4970 3324 5024 renuntiatus
3341 4967 3532 5038 fuerit.

2449 5061 2597 5117 Nam
2629 5060 2746 5115 ista
2775 5056 2990 5115 callida
3018 5056 3256 5113 utilium
3289 5056 3363 5112 ad
3417 5054 3677 5112 occultos
3698 5055 4051 5116 ambitionis

2380 5151 2523 5208 ﬁnes
2564 5148 2990 5205 blanditiarum
3035 5151 3159 5203 arte
3187 5149 3246 5203 et
3274 5144 3673 5218 pellacissima
3714 5147 4047 5204 commodi-

2379 5245 2497 5298 tate
2528 5256 2757 5296 morum
2791 5239 2871 5295 ita
2901 5253 3104 5295 omnes
3135 5235 3289 5307 capti
3322 5238 3482 5305 sunt,
3514 5238 3581 5291 ut
3602 5251 3735 5291 cum
3784 5251 4049 5295 conven-

2380 5339 2475 5387 lus
2508 5330 2821 5385 haberetur
2852 5344 2969 5400 quo
3015 5340 3318 5382 sacrorum
3383 5322 3659 5396 prasides
3716 5341 3836 5381 una
3893 5342 4043 5385 cum

2380 5419 2715 5492 reipublica
2775 5416 3119 5490 proceribus
3179 5415 3253 5471 de
3308 5412 3558 5485 imperio
3615 5412 4047 5488 deliberarent,

2381 5508 2640 5567 universi
2661 5507 2812 5565 sacri
2843 5505 3125 5580 prasules
3152 5502 3313 5560 velut
3342 5518 3411 5558 ex
3439 5502 3763 5574 composito
3792 5520 3934 5561 eum
3969 5506 4051 5563 de

2380 5618 2442 5657 se
2486 5600 2762 5657 silentem
2810 5596 3082 5654 certatim
3164 5592 3513 5651 extollerent
3577 5592 4053 5652 studiosissimis

2380 5689 2748 5747 orationibus
2781 5688 2961 5758 hujus
3006 5686 3189 5741 ferme
3236 5682 3577 5741 sententia:
3624 5682 3782 5739 haud
3834 5685 4056 5743 docere

2381 5780 2617 5853 imperii
2650 5784 2930 5848 tutorem,
2965 5773 3291 5849 praesertim
3314 5774 3386 5831 iis
3401 5772 3689 5840 moribus,
3711 5789 3777 5833 ac
3793 5774 4050 5834 dotibus
