  <div class='ocr_page' id='page_1' title='image "/cluster/home/n/w/nwhite01/storage/ocr_20150623/143/nnc1.0046980733/262.png"; bbox 0 0 4258 6438; ppageno 0'>
   <div class='ocr_carea' id='block_1_1' title="bbox 150 372 259 425">
    <p class='ocr_par' dir='ltr' id='par_1_1' title="bbox 150 372 259 425">
     <span class='ocr_line' id='line_1_1' title="bbox 150 372 259 425; baseline 0 0"><span class='ocrx_word' id='word_1_1' title='bbox 150 372 259 425; x_wconf 84' lang='grc'><strong>509</strong></span> 
     </span>
    </p>
   </div>
   <div class='ocr_carea' id='block_1_2' title="bbox 150 492 1358 571">
    <p class='ocr_par' dir='ltr' id='par_1_2' title="bbox 150 492 1358 571">
     <span class='ocr_line' id='line_1_2' title="bbox 150 492 1358 571; baseline 0 -19"><span class='ocrx_word' id='word_1_2' title='bbox 150 494 508 571; x_wconf 72' lang='grc' dir='ltr'><strong>σεμνύνεσθαι</strong></span> <span class='ocrx_word' id='word_1_3' title='bbox 567 493 656 549; x_wconf 77' lang='grc' dir='ltr'><strong>καὶ</strong></span> <span class='ocrx_word' id='word_1_4' title='bbox 720 492 987 570; x_wconf 81' lang='grc' dir='ltr'>βασιλικῷ</span> <span class='ocrx_word' id='word_1_5' title='bbox 1040 495 1307 568; x_wconf 80' lang='grc' dir='ltr'>ἀξιώματι</span> <span class='ocrx_word' id='word_1_6' title='bbox 1346 540 1358 553; x_wconf 91' lang='grc'><strong>.</strong></span> 
     </span>
    </p>
   </div>
   <div class='ocr_carea' id='block_1_3' title="bbox 149 582 1806 663">
    <p class='ocr_par' dir='ltr' id='par_1_3' title="bbox 149 582 1806 663">
     <span class='ocr_line' id='line_1_3' title="bbox 149 582 1806 663; baseline 0.002 -24"><span class='ocrx_word' id='word_1_7' title='bbox 149 588 240 640; x_wconf 77' lang='grc' dir='ltr'><strong>καὶ</strong></span> <span class='ocrx_word' id='word_1_8' title='bbox 294 583 595 661; x_wconf 71' lang='grc' dir='ltr'><strong>φροντίζων</strong></span> <span class='ocrx_word' id='word_1_9' title='bbox 652 585 916 658; x_wconf 74' lang='grc' dir='ltr'><strong>ὁσημέραι</strong></span> <span class='ocrx_word' id='word_1_10' title='bbox 970 583 1165 655; x_wconf 85' lang='grc' dir='ltr'>πονοίη</span> <span class='ocrx_word' id='word_1_11' title='bbox 1208 585 1297 640; x_wconf 80' lang='grc' dir='ltr'><strong>καὶ</strong></span> <span class='ocrx_word' id='word_1_12' title='bbox 1331 582 1497 663; x_wconf 74' lang='grc' dir='ltr'>φόϐον</span> <span class='ocrx_word' id='word_1_13' title='bbox 1549 587 1599 641; x_wconf 83' lang='grc' dir='ltr'>ἐν</span> <span class='ocrx_word' id='word_1_14' title='bbox 1634 588 1806 662; x_wconf 75' lang='grc' dir='ltr'>ἑαυτῷ</span> 
     </span>
    </p>
   </div>
   <div class='ocr_carea' id='block_1_4' title="bbox 150 670 1807 753">
    <p class='ocr_par' dir='ltr' id='par_1_4' title="bbox 150 670 1807 753">
     <span class='ocr_line' id='line_1_4' title="bbox 150 670 1807 753; baseline 0.002 -23"><span class='ocrx_word' id='word_1_15' title='bbox 150 676 242 730; x_wconf 84' lang='grc' dir='ltr'><strong>τὸν</strong></span> <span class='ocrx_word' id='word_1_16' title='bbox 296 675 545 748; x_wconf 68' lang='grc' dir='ltr'>μέγιστον</span> <span class='ocrx_word' id='word_1_17' title='bbox 594 670 771 746; x_wconf 71' lang='grc' dir='ltr'>ἕλκοι,</span> <span class='ocrx_word' id='word_1_18' title='bbox 817 672 861 728; x_wconf 82' lang='grc' dir='ltr'><strong>εἰ</strong></span> <span class='ocrx_word' id='word_1_19' title='bbox 919 675 992 746; x_wconf 75' lang='grc' dir='ltr'><strong>μή</strong></span> <span class='ocrx_word' id='word_1_20' title='bbox 1045 695 1097 728; x_wconf 88' lang='grc' dir='ltr'><strong>τι</strong></span> <span class='ocrx_word' id='word_1_21' title='bbox 1141 676 1229 729; x_wconf 84' lang='grc' dir='ltr'><strong>καὶ</strong></span> <span class='ocrx_word' id='word_1_22' title='bbox 1278 674 1576 752; x_wconf 76' lang='grc' dir='ltr'>κερδαίνειν</span> <span class='ocrx_word' id='word_1_23' title='bbox 1635 676 1807 753; x_wconf 80' lang='grc' dir='ltr'>ἔχοιὸ</span> 
     </span>
    </p>
   </div>
   <div class='ocr_carea' id='block_1_5' title="bbox 148 761 1807 839">
    <p class='ocr_par' dir='ltr' id='par_1_5' title="bbox 148 761 1807 839">
     <span class='ocr_line' id='line_1_5' title="bbox 148 761 1807 839; baseline 0.002 -20"><span class='ocrx_word' id='word_1_24' title='bbox 148 765 314 819; x_wconf 81' lang='grc' dir='ltr'>τόσον</span> <span class='ocrx_word' id='word_1_25' title='bbox 363 762 539 839; x_wconf 72' lang='grc' dir='ltr'>ὄχλον</span> <span class='ocrx_word' id='word_1_26' title='bbox 580 761 1017 835; x_wconf 72' lang='grc' dir='ltr'>ἀναδεξάμενος;</span> <span class='ocrx_word' id='word_1_27' title='bbox 1064 763 1154 818; x_wconf 80' lang='grc' dir='ltr'><strong>καὶ</strong></span> <span class='ocrx_word' id='word_1_28' title='bbox 1206 764 1393 829; x_wconf 75' lang='grc' dir='ltr'>ἄλλως</span> <span class='ocrx_word' id='word_1_29' title='bbox 1438 766 1609 829; x_wconf 74' lang='grc' dir='ltr'>οὕτως</span> <span class='ocrx_word' id='word_1_30' title='bbox 1662 767 1807 839; x_wconf 71' lang='grc' dir='ltr'><strong>αὐτῷ</strong></span> 
     </span>
    </p>
   </div>
   <div class='ocr_carea' id='block_1_6' title="bbox 150 852 1809 929">
    <p class='ocr_par' dir='ltr' id='par_1_6' title="bbox 150 852 1809 929">
     <span class='ocr_line' id='line_1_6' title="bbox 150 852 1809 929; baseline 0.001 -21"><span class='ocrx_word' id='word_1_31' title='bbox 150 855 245 908; x_wconf 80' lang='grc' dir='ltr'><strong>καὶ</strong></span> <span class='ocrx_word' id='word_1_32' title='bbox 296 854 359 908; x_wconf 88' lang='grc' dir='ltr'>τὸ</span> <span class='ocrx_word' id='word_1_33' title='bbox 406 859 505 921; x_wconf 84' lang='grc' dir='ltr'><strong>τῆς</strong></span> <span class='ocrx_word' id='word_1_34' title='bbox 552 852 810 927; x_wconf 79' lang='grc' dir='ltr'><strong>ἐπιταγῆς</strong></span> <span class='ocrx_word' id='word_1_35' title='bbox 857 852 1104 925; x_wconf 78' lang='grc' dir='ltr'>ἀνυστὸν,</span> <span class='ocrx_word' id='word_1_36' title='bbox 1152 860 1301 928; x_wconf 77' lang='grc' dir='ltr'>εἴπερ</span> <span class='ocrx_word' id='word_1_37' title='bbox 1357 855 1488 929; x_wconf 74' lang='grc' dir='ltr'>ὑπὲρ</span> <span class='ocrx_word' id='word_1_38' title='bbox 1535 855 1662 917; x_wconf 75' lang='grc' dir='ltr'>τοὺς</span> <span class='ocrx_word' id='word_1_39' title='bbox 1710 855 1809 910; x_wconf 79' lang='grc' dir='ltr'><strong>ἆλ-</strong></span> 
     </span>
    </p>
   </div>
   <div class='ocr_carea' id='block_1_7' title="bbox 151 940 1811 1016">
    <p class='ocr_par' dir='ltr' id='par_1_7' title="bbox 151 940 1811 1016">
     <span class='ocr_line' id='line_1_7' title="bbox 151 940 1811 1016; baseline 0.001 -18"><span class='ocrx_word' id='word_1_40' title='bbox 151 942 289 1005; x_wconf 85' lang='grc' dir='ltr'>λους</span> <span class='ocrx_word' id='word_1_41' title='bbox 367 941 441 996; x_wconf 80' lang='grc' dir='ltr'>ὢν</span> <span class='ocrx_word' id='word_1_42' title='bbox 492 940 762 997; x_wconf 69' lang='grc' dir='ltr'>ἐπιτάττει</span> <span class='ocrx_word' id='word_1_43' title='bbox 797 986 808 997; x_wconf 94' lang='grc'>.</span> <span class='ocrx_word' id='word_1_44' title='bbox 864 940 1041 996; x_wconf 85' lang='grc' dir='ltr'>Καλὸν</span> <span class='ocrx_word' id='word_1_45' title='bbox 1103 943 1455 1013; x_wconf 76' lang='grc' dir='ltr'>σεμνύνεσθαι</span> <span class='ocrx_word' id='word_1_46' title='bbox 1527 942 1811 1016; x_wconf 73' lang='grc' dir='ltr'>δεσποτεια</span> 
     </span>
    </p>
   </div>
   <div class='ocr_carea' id='block_1_8' title="bbox 152 1029 1808 1109">
    <p class='ocr_par' dir='ltr' id='par_1_8' title="bbox 152 1029 1808 1109">
     <span class='ocr_line' id='line_1_8' title="bbox 152 1029 1808 1109; baseline 0.002 -23"><span class='ocrx_word' id='word_1_47' title='bbox 152 1033 244 1087; x_wconf 86' lang='grc' dir='ltr'>τὸν</span> <span class='ocrx_word' id='word_1_48' title='bbox 293 1036 390 1087; x_wconf 70' lang='grc' dir='ltr'><strong>τοῦ</strong></span> <span class='ocrx_word' id='word_1_49' title='bbox 442 1029 711 1106; x_wconf 69' lang='grc' dir='ltr'>βασιλέως</span> <span class='ocrx_word' id='word_1_50' title='bbox 770 1030 1082 1105; x_wconf 74' lang='grc' dir='ltr'>ἐπίτροπον·</span> <span class='ocrx_word' id='word_1_51' title='bbox 1144 1032 1285 1086; x_wconf 72' lang='grc' dir='ltr'>οὕτω</span> <span class='ocrx_word' id='word_1_52' title='bbox 1343 1034 1431 1087; x_wconf 78' lang='grc' dir='ltr'><strong>καὶ</strong></span> <span class='ocrx_word' id='word_1_53' title='bbox 1489 1034 1588 1109; x_wconf 73' lang='grc' dir='ltr'><strong>γὰρ</strong></span> <span class='ocrx_word' id='word_1_54' title='bbox 1649 1036 1808 1097; x_wconf 82' lang='grc' dir='ltr'>αὐτὸς</span> 
     </span>
    </p>
   </div>
   <div class='ocr_carea' id='block_1_9' title="bbox 147 1118 1811 1199">
    <p class='ocr_par' dir='ltr' id='par_1_9' title="bbox 147 1118 1811 1199">
     <span class='ocr_line' id='line_1_9' title="bbox 147 1118 1811 1199; baseline 0.001 -22"><span class='ocrx_word' id='word_1_55' title='bbox 147 1124 386 1196; x_wconf 70' lang='grc' dir='ltr'>τηρήσει</span> <span class='ocrx_word' id='word_1_56' title='bbox 425 1120 492 1175; x_wconf 69' lang='grc' dir='ltr'><strong>τὰ</strong></span> <span class='ocrx_word' id='word_1_57' title='bbox 538 1126 636 1189; x_wconf 84' lang='grc' dir='ltr'>τῆς</span> <span class='ocrx_word' id='word_1_58' title='bbox 671 1118 878 1181; x_wconf 84' lang='grc' dir='ltr'>εὐνοίας</span> <span class='ocrx_word' id='word_1_59' title='bbox 909 1119 1186 1189; x_wconf 89' lang='grc' dir='ltr'>ἀθόλωτα,</span> <span class='ocrx_word' id='word_1_60' title='bbox 1233 1123 1368 1196; x_wconf 85' lang='grc' dir='ltr'>πρὸς</span> <span class='ocrx_word' id='word_1_61' title='bbox 1395 1124 1485 1177; x_wconf 85' lang='grc' dir='ltr'>τὸν</span> <span class='ocrx_word' id='word_1_62' title='bbox 1520 1123 1579 1177; x_wconf 82' lang='grc' dir='ltr'>ἐκ</span> <span class='ocrx_word' id='word_1_63' title='bbox 1622 1124 1811 1199; x_wconf 82' lang='grc' dir='ltr'>γένους</span> 
     </span>
    </p>
   </div>
   <div class='ocr_carea' id='block_1_10' title="bbox 156 1204 1811 1285">
    <p class='ocr_par' dir='ltr' id='par_1_10' title="bbox 156 1204 1811 1285">
     <span class='ocr_line' id='line_1_10' title="bbox 156 1204 1811 1285; baseline 0.001 -21"><span class='ocrx_word' id='word_1_64' title='bbox 156 1208 520 1285; x_wconf 76' lang='grc' dir='ltr'>βασιλεύοντα</span> <span class='ocrx_word' id='word_1_65' title='bbox 578 1208 727 1277; x_wconf 86' lang='grc' dir='ltr'>ἀξίαν</span> <span class='ocrx_word' id='word_1_66' title='bbox 776 1207 1017 1279; x_wconf 80' lang='grc' dir='ltr'>νομίζων</span> <span class='ocrx_word' id='word_1_67' title='bbox 1065 1204 1305 1281; x_wconf 77' lang='grc' dir='ltr'>ἀμοιϐὴν</span> <span class='ocrx_word' id='word_1_68' title='bbox 1355 1211 1417 1264; x_wconf 89' lang='grc' dir='ltr'>τὸ</span> <span class='ocrx_word' id='word_1_69' title='bbox 1460 1210 1697 1284; x_wconf 87' lang='grc' dir='ltr'>ἀξίωμα.</span> <span class='ocrx_word' id='word_1_70' title='bbox 1752 1212 1811 1266; x_wconf 88' lang='grc' dir='ltr'>Τί</span> 
     </span>
    </p>
   </div>
   <div class='ocr_carea' id='block_1_11' title="bbox 154 1294 1810 1377">
    <p class='ocr_par' dir='ltr' id='par_1_11' title="bbox 154 1294 1810 1377">
     <span class='ocr_line' id='line_1_11' title="bbox 154 1294 1810 1377; baseline 0.001 -23"><span class='ocrx_word' id='word_1_71' title='bbox 154 1297 212 1354; x_wconf 69' lang='grc' dir='ltr'><strong>δὲ</strong></span> <span class='ocrx_word' id='word_1_72' title='bbox 241 1298 334 1353; x_wconf 83' lang='grc' dir='ltr'>καὶ</span> <span class='ocrx_word' id='word_1_73' title='bbox 384 1298 528 1371; x_wconf 71' lang='grc' dir='ltr'>ξενον</span> <span class='ocrx_word' id='word_1_74' title='bbox 578 1295 877 1366; x_wconf 85' lang='grc' dir='ltr'>κεκλῆσθαι</span> <span class='ocrx_word' id='word_1_75' title='bbox 936 1294 1198 1368; x_wconf 82' lang='grc' dir='ltr'>ὃεσπότη,</span> <span class='ocrx_word' id='word_1_76' title='bbox 1253 1304 1298 1371; x_wconf 78' lang='grc' dir='ltr'><strong>ᾧ</strong></span> <span class='ocrx_word' id='word_1_77' title='bbox 1347 1296 1414 1368; x_wconf 82' lang='grc' dir='ltr'><strong>δὴ</strong></span> <span class='ocrx_word' id='word_1_78' title='bbox 1464 1300 1552 1355; x_wconf 84' lang='grc' dir='ltr'><strong>καὶ</strong></span> <span class='ocrx_word' id='word_1_79' title='bbox 1603 1302 1629 1355; x_wconf 90' lang='grc' dir='ltr'>ὁ</span> <span class='ocrx_word' id='word_1_80' title='bbox 1674 1302 1810 1377; x_wconf 81' lang='grc' dir='ltr'>πρὸς</span> 
     </span>
    </p>
   </div>
   <div class='ocr_carea' id='block_1_12' title="bbox 156 1384 1812 1466">
    <p class='ocr_par' dir='ltr' id='par_1_12' title="bbox 156 1384 1812 1466">
     <span class='ocr_line' id='line_1_12' title="bbox 156 1384 1812 1466; baseline 0.001 -23"><span class='ocrx_word' id='word_1_81' title='bbox 156 1389 370 1463; x_wconf 84' lang='grc' dir='ltr'>μητρὸς</span> <span class='ocrx_word' id='word_1_82' title='bbox 402 1389 622 1448; x_wconf 77' lang='grc' dir='ltr'>πάππος</span> <span class='ocrx_word' id='word_1_83' title='bbox 656 1384 921 1456; x_wconf 82' lang='grc' dir='ltr'>δεσπότης</span> <span class='ocrx_word' id='word_1_84' title='bbox 976 1386 1049 1441; x_wconf 83' lang='grc' dir='ltr'>ὥν</span> <span class='ocrx_word' id='word_1_85' title='bbox 1091 1390 1206 1442; x_wconf 89' lang='grc' dir='ltr'>κατ’</span> <span class='ocrx_word' id='word_1_86' title='bbox 1255 1386 1481 1443; x_wconf 85' lang='grc' dir='ltr'>ἰταλῶν</span> <span class='ocrx_word' id='word_1_87' title='bbox 1528 1391 1812 1466; x_wconf 76' lang='grc' dir='ltr'>κατώρθου</span> 
     </span>
    </p>
   </div>
   <div class='ocr_carea' id='block_1_13' title="bbox 151 1473 1809 1556">
    <p class='ocr_par' dir='ltr' id='par_1_13' title="bbox 151 1473 1809 1556">
     <span class='ocr_line' id='line_1_13' title="bbox 151 1473 1809 1556; baseline 0.001 -24"><span class='ocrx_word' id='word_1_88' title='bbox 151 1479 218 1533; x_wconf 80' lang='grc' dir='ltr'><strong>τά</strong></span> <span class='ocrx_word' id='word_1_89' title='bbox 254 1474 524 1551; x_wconf 80' lang='grc' dir='ltr'>μέγιστα;</span> <span class='ocrx_word' id='word_1_90' title='bbox 559 1478 629 1531; x_wconf 85' lang='grc' dir='ltr'><strong>’Ή</strong></span> <span class='ocrx_word' id='word_1_91' title='bbox 661 1474 760 1549; x_wconf 72' lang='grc' dir='ltr'><strong>γὰρ</strong></span> <span class='ocrx_word' id='word_1_92' title='bbox 798 1476 900 1530; x_wconf 82' lang='grc' dir='ltr'><strong>οὐκ</strong></span> <span class='ocrx_word' id='word_1_93' title='bbox 935 1473 1157 1549; x_wconf 62' lang='grc' dir='ltr'>οἴδαμεν</span> <span class='ocrx_word' id='word_1_94' title='bbox 1188 1480 1378 1531; x_wconf 80' lang='grc' dir='ltr'>τοῦτον</span> <span class='ocrx_word' id='word_1_95' title='bbox 1431 1478 1504 1539; x_wconf 86' lang='grc' dir='ltr'><strong>ὡς</strong></span> <span class='ocrx_word' id='word_1_96' title='bbox 1554 1478 1809 1556; x_wconf 74' lang='grc' dir='ltr'>θεοφιλῆ,</span> 
     </span>
    </p>
   </div>
   <div class='ocr_carea' id='block_1_14' title="bbox 153 1564 1814 1644">
    <p class='ocr_par' dir='ltr' id='par_1_14' title="bbox 153 1564 1814 1644">
     <span class='ocr_line' id='line_1_14' title="bbox 153 1564 1814 1644; baseline -0.004 -22"><span class='ocrx_word' id='word_1_97' title='bbox 153 1569 231 1631; x_wconf 83' lang='grc' dir='ltr'><strong>ὡς</strong></span> <span class='ocrx_word' id='word_1_98' title='bbox 268 1566 438 1636; x_wconf 83' lang='grc' dir='ltr'>ζῆλον</span> <span class='ocrx_word' id='word_1_99' title='bbox 490 1564 686 1639; x_wconf 80' lang='grc' dir='ltr'>ἔχοντα</span> <span class='ocrx_word' id='word_1_100' title='bbox 732 1569 828 1619; x_wconf 76' lang='grc' dir='ltr'><strong>τοῦ</strong></span> <span class='ocrx_word' id='word_1_101' title='bbox 874 1564 1069 1636; x_wconf 76' lang='grc' dir='ltr'>καλοῦ,</span> <span class='ocrx_word' id='word_1_102' title='bbox 1101 1567 1175 1629; x_wconf 85' lang='grc' dir='ltr'>ὡς</span> <span class='ocrx_word' id='word_1_103' title='bbox 1217 1565 1600 1644; x_wconf 80' lang='grc' dir='ltr'>φιλομὸναχον</span> <span class='ocrx_word' id='word_1_104' title='bbox 1628 1568 1814 1624; x_wconf 77' lang='grc' dir='ltr'>καὶτὰ</span> 
     </span>
    </p>
   </div>
   <div class='ocr_carea' id='block_1_15' title="bbox 142 1651 1810 1731">
    <p class='ocr_par' dir='ltr' id='par_1_15' title="bbox 142 1651 1810 1731">
     <span class='ocr_line' id='line_1_15' title="bbox 142 1651 1810 1731; baseline 0.001 -20"><span class='ocrx_word' id='word_1_105' title='bbox 142 1664 253 1727; x_wconf 78' lang='grc' dir='ltr'><strong>τῆς</strong></span> <span class='ocrx_word' id='word_1_106' title='bbox 286 1653 619 1725; x_wconf 82' lang='grc' dir='ltr'>Ἐκκλησίας</span> <span class='ocrx_word' id='word_1_107' title='bbox 649 1654 893 1716; x_wconf 82' lang='grc' dir='ltr'>ἐκτόπως</span> <span class='ocrx_word' id='word_1_108' title='bbox 928 1651 1189 1725; x_wconf 75' lang='grc' dir='ltr'>σέϐοντας</span> <span class='ocrx_word' id='word_1_109' title='bbox 1228 1662 1487 1731; x_wconf 83' lang='grc' dir='ltr'>μαρτυρεῖ</span> <span class='ocrx_word' id='word_1_110' title='bbox 1534 1657 1597 1712; x_wconf 86' lang='grc' dir='ltr'>τὸ</span> <span class='ocrx_word' id='word_1_111' title='bbox 1642 1678 1810 1731; x_wconf 88' lang='grc' dir='ltr'>προσ-</span> 
     </span>
    </p>
   </div>
   <div class='ocr_carea' id='block_1_16' title="bbox 143 1741 1813 1821">
    <p class='ocr_par' dir='ltr' id='par_1_16' title="bbox 143 1741 1813 1821">
     <span class='ocr_line' id='line_1_16' title="bbox 143 1741 1813 1821; baseline 0 -20"><span class='ocrx_word' id='word_1_112' title='bbox 143 1748 200 1802; x_wconf 85' lang='grc' dir='ltr'>ὸν</span> <span class='ocrx_word' id='word_1_113' title='bbox 256 1745 407 1817; x_wconf 78' lang='grc' dir='ltr'><strong>αότῷ</strong></span> <span class='ocrx_word' id='word_1_114' title='bbox 455 1744 711 1799; x_wconf 58' lang='grc' dir='ltr'>ταπεινὸν</span> <span class='ocrx_word' id='word_1_115' title='bbox 770 1745 857 1798; x_wconf 84' lang='grc' dir='ltr'><strong>καὶ</strong></span> <span class='ocrx_word' id='word_1_116' title='bbox 921 1741 1223 1817; x_wconf 81' lang='grc' dir='ltr'>δημοτικὸν</span> <span class='ocrx_word' id='word_1_117' title='bbox 1279 1747 1367 1799; x_wconf 84' lang='grc' dir='ltr'><strong>καὶ</strong></span> <span class='ocrx_word' id='word_1_118' title='bbox 1426 1744 1617 1815; x_wconf 77' lang='grc' dir='ltr'>ἱλαρὸν</span> <span class='ocrx_word' id='word_1_119' title='bbox 1677 1747 1813 1821; x_wconf 87' lang='grc' dir='ltr'>πρὸς</span> 
     </span>
    </p>
   </div>
   <div class='ocr_carea' id='block_1_17' title="bbox 148 1831 1812 1911">
    <p class='ocr_par' dir='ltr' id='par_1_17' title="bbox 148 1831 1812 1911">
     <span class='ocr_line' id='line_1_17' title="bbox 148 1831 1812 1911; baseline 0.001 -21"><span class='ocrx_word' id='word_1_120' title='bbox 148 1836 419 1905; x_wconf 81' lang='grc' dir='ltr'>ἅπαντας,</span> <span class='ocrx_word' id='word_1_121' title='bbox 446 1834 508 1888; x_wconf 88' lang='grc' dir='ltr'>τὸ</span> <span class='ocrx_word' id='word_1_122' title='bbox 540 1831 597 1888; x_wconf 73' lang='grc' dir='ltr'><strong>δὲ</strong></span> <span class='ocrx_word' id='word_1_123' title='bbox 642 1855 703 1907; x_wconf 87' lang='grc' dir='ltr'><strong>γε</strong></span> <span class='ocrx_word' id='word_1_124' title='bbox 746 1831 1057 1911; x_wconf 77' lang='grc' dir='ltr'>φιλόδωρόν</span> <span class='ocrx_word' id='word_1_125' title='bbox 1102 1853 1161 1888; x_wconf 86' lang='grc' dir='ltr'><strong>τε</strong></span> <span class='ocrx_word' id='word_1_126' title='bbox 1207 1834 1297 1888; x_wconf 86' lang='grc' dir='ltr'>καὶ</span> <span class='ocrx_word' id='word_1_127' title='bbox 1350 1834 1701 1907; x_wconf 82' lang='grc' dir='ltr'>μεταδοτικὸν</span> <span class='ocrx_word' id='word_1_128' title='bbox 1749 1837 1812 1891; x_wconf 89' lang='grc' dir='ltr'>τὸ</span> 
     </span>
    </p>
   </div>
   <div class='ocr_carea' id='block_1_18' title="bbox 143 1923 1813 1999">
    <p class='ocr_par' dir='ltr' id='par_1_18' title="bbox 143 1923 1813 1999">
     <span class='ocr_line' id='line_1_18' title="bbox 143 1923 1813 1999; baseline 0 -20"><span class='ocrx_word' id='word_1_129' title='bbox 143 1933 250 1994; x_wconf 82' lang='grc' dir='ltr'><strong>τῆς</strong></span> <span class='ocrx_word' id='word_1_130' title='bbox 284 1923 601 1999; x_wconf 83' lang='grc' dir='ltr'>περιουσίας</span> <span class='ocrx_word' id='word_1_131' title='bbox 648 1924 967 1978; x_wconf 81' lang='grc' dir='ltr'>πενέστατον</span> <span class='ocrx_word' id='word_1_132' title='bbox 1031 1927 1408 1997; x_wconf 68' lang='grc' dir='ltr'>παραστήσει,</span> <span class='ocrx_word' id='word_1_133' title='bbox 1460 1925 1598 1980; x_wconf 84' lang='grc' dir='ltr'>ὥστε</span> <span class='ocrx_word' id='word_1_134' title='bbox 1627 1925 1813 1989; x_wconf 76' lang='grc' dir='ltr'>καλῶς</span> 
     </span>
    </p>
   </div>
   <div class='ocr_carea' id='block_1_19' title="bbox 150 2012 1811 2090">
    <p class='ocr_par' dir='ltr' id='par_1_19' title="bbox 150 2012 1811 2090">
     <span class='ocr_line' id='line_1_19' title="bbox 150 2012 1811 2090; baseline -0.001 -20"><span class='ocrx_word' id='word_1_135' title='bbox 150 2017 211 2070; x_wconf 75' lang='grc' dir='ltr'>ἂν</span> <span class='ocrx_word' id='word_1_136' title='bbox 279 2012 401 2090; x_wconf 80' lang='grc' dir='ltr'>ἔχοι</span> <span class='ocrx_word' id='word_1_137' title='bbox 462 2013 553 2067; x_wconf 84' lang='grc' dir='ltr'><strong>καὶ</strong></span> <span class='ocrx_word' id='word_1_138' title='bbox 608 2012 997 2090; x_wconf 78' lang='grc' dir='ltr'>συμφερόντως</span> <span class='ocrx_word' id='word_1_139' title='bbox 1041 2018 1158 2076; x_wconf 81' lang='grc' dir='ltr'>τοῖς</span> <span class='ocrx_word' id='word_1_140' title='bbox 1204 2033 1533 2088; x_wconf 87' lang='grc' dir='ltr'>πραγμασιν,</span> <span class='ocrx_word' id='word_1_141' title='bbox 1586 2013 1630 2068; x_wconf 79' lang='grc' dir='ltr'><strong>εἰ</strong></span> <span class='ocrx_word' id='word_1_142' title='bbox 1678 2016 1811 2089; x_wconf 83' lang='grc' dir='ltr'>πρὸς</span> 
     </span>
    </p>
   </div>
   <div class='ocr_carea' id='block_1_20' title="bbox 148 2101 1812 2180">
    <p class='ocr_par' dir='ltr' id='par_1_20' title="bbox 148 2101 1812 2180">
     <span class='ocr_line' id='line_1_20' title="bbox 148 2101 1812 2180; baseline -0.001 -21"><span class='ocrx_word' id='word_1_143' title='bbox 148 2107 223 2175; x_wconf 78' lang='grc' dir='ltr'>τῇ</span> <span class='ocrx_word' id='word_1_144' title='bbox 279 2102 758 2180; x_wconf 77' lang='grc' dir='ltr'>βασιλεωπατορίᾳ</span> <span class='ocrx_word' id='word_1_145' title='bbox 801 2102 891 2156; x_wconf 85' lang='grc' dir='ltr'><strong>καὶ</strong></span> <span class='ocrx_word' id='word_1_146' title='bbox 935 2101 1096 2171; x_wconf 82' lang='grc' dir='ltr'>ἀξίως</span> <span class='ocrx_word' id='word_1_147' title='bbox 1142 2107 1354 2175; x_wconf 81' lang='grc' dir='ltr'>τιμῷτο</span> <span class='ocrx_word' id='word_1_148' title='bbox 1386 2104 1413 2157; x_wconf 89' lang='grc' dir='ltr'>ὁ</span> <span class='ocrx_word' id='word_1_149' title='bbox 1444 2103 1812 2179; x_wconf 71' lang='grc' dir='ltr'>ἐπιτροπεύων</span> 
     </span>
    </p>
   </div>
   <div class='ocr_carea' id='block_1_21' title="bbox 146 2191 1815 2268">
    <p class='ocr_par' dir='ltr' id='par_1_21' title="bbox 146 2191 1815 2268">
     <span class='ocr_line' id='line_1_21' title="bbox 146 2191 1815 2268; baseline -0.002 -18"><span class='ocrx_word' id='word_1_150' title='bbox 146 2199 251 2250; x_wconf 75' lang='grc' dir='ltr'><strong>τοῦ</strong></span> <span class='ocrx_word' id='word_1_151' title='bbox 295 2191 909 2268; x_wconf 75' lang='grc' dir='ltr'>βασιλεύοντος.Ταῦτά</span> <span class='ocrx_word' id='word_1_152' title='bbox 952 2213 1109 2246; x_wconf 87' lang='grc' dir='ltr'>τινων</span> <span class='ocrx_word' id='word_1_153' title='bbox 1160 2192 1578 2267; x_wconf 85' lang='grc' dir='ltr'>προτεινόντων,</span> <span class='ocrx_word' id='word_1_154' title='bbox 1611 2192 1815 2249; x_wconf 83' lang='grc' dir='ltr'>πολλοὶ</span> 
     </span>
    </p>
   </div>
   <div class='ocr_carea' id='block_1_22' title="bbox 153 2278 1812 2360">
    <p class='ocr_par' dir='ltr' id='par_1_22' title="bbox 153 2278 1812 2360">
     <span class='ocr_line' id='line_1_22' title="bbox 153 2278 1812 2360; baseline -0.001 -21"><span class='ocrx_word' id='word_1_155' title='bbox 153 2286 253 2358; x_wconf 72' lang='grc' dir='ltr'>μὲν</span> <span class='ocrx_word' id='word_1_156' title='bbox 285 2288 394 2338; x_wconf 81' lang='grc' dir='ltr'>τῶν</span> <span class='ocrx_word' id='word_1_157' title='bbox 438 2280 737 2357; x_wconf 68' lang='grc' dir='ltr'>ἀρχιερέων</span> <span class='ocrx_word' id='word_1_158' title='bbox 782 2282 856 2344; x_wconf 85' lang='grc' dir='ltr'>ὠς</span> <span class='ocrx_word' id='word_1_159' title='bbox 903 2278 1131 2343; x_wconf 83' lang='grc' dir='ltr'>δικαίοις</span> <span class='ocrx_word' id='word_1_160' title='bbox 1183 2279 1405 2336; x_wconf 76' lang='grc' dir='ltr'>δοκοῦσι</span> <span class='ocrx_word' id='word_1_161' title='bbox 1456 2289 1573 2345; x_wconf 86' lang='grc' dir='ltr'>τοῖς</span> <span class='ocrx_word' id='word_1_162' title='bbox 1626 2281 1812 2360; x_wconf 84' lang='grc' dir='ltr'>λόγοις</span> 
     </span>
    </p>
   </div>
   <div class='ocr_carea' id='block_1_23' title="bbox 150 2369 1815 2447">
    <p class='ocr_par' dir='ltr' id='par_1_23' title="bbox 150 2369 1815 2447">
     <span class='ocr_line' id='line_1_23' title="bbox 150 2369 1815 2447; baseline -0.002 -17"><span class='ocrx_word' id='word_1_163' title='bbox 150 2374 445 2447; x_wconf 79' lang='grc' dir='ltr'>συνῄνουν,</span> <span class='ocrx_word' id='word_1_164' title='bbox 474 2372 561 2426; x_wconf 84' lang='grc' dir='ltr'><strong>καὶ</strong></span> <span class='ocrx_word' id='word_1_165' title='bbox 610 2376 716 2425; x_wconf 78' lang='grc' dir='ltr'>τῶν</span> <span class='ocrx_word' id='word_1_166' title='bbox 768 2371 819 2425; x_wconf 83' lang='grc' dir='ltr'>ἐν</span> <span class='ocrx_word' id='word_1_167' title='bbox 870 2369 1014 2426; x_wconf 72' lang='grc' dir='ltr'>τέλει</span> <span class='ocrx_word' id='word_1_168' title='bbox 1061 2372 1171 2426; x_wconf 85' lang='grc' dir='ltr'>τισὶ</span> <span class='ocrx_word' id='word_1_169' title='bbox 1222 2370 1593 2427; x_wconf 77' lang='grc' dir='ltr'>συνεδέδοκτο·</span> <span class='ocrx_word' id='word_1_170' title='bbox 1638 2375 1688 2427; x_wconf 72' lang='grc' dir='ltr'>οἱ</span> <span class='ocrx_word' id='word_1_171' title='bbox 1721 2372 1815 2428; x_wconf 78' lang='grc' dir='ltr'><strong>ἁλ-</strong></span> 
     </span>
    </p>
   </div>
   <div class='ocr_carea' id='block_1_24' title="bbox 152 2460 1812 2538">
    <p class='ocr_par' dir='ltr' id='par_1_24' title="bbox 152 2460 1812 2538">
     <span class='ocr_line' id='line_1_24' title="bbox 152 2460 1812 2538; baseline -0.002 -19"><span class='ocrx_word' id='word_1_172' title='bbox 152 2464 245 2519; x_wconf 86' lang='grc' dir='ltr'><strong>λοι</strong></span> <span class='ocrx_word' id='word_1_173' title='bbox 280 2460 339 2518; x_wconf 72' lang='grc' dir='ltr'><strong>δὲ</strong></span> <span class='ocrx_word' id='word_1_174' title='bbox 381 2460 812 2538; x_wconf 72' lang='grc' dir='ltr'>διεφιλονείκουν</span> <span class='ocrx_word' id='word_1_175' title='bbox 841 2462 929 2515; x_wconf 78' lang='grc' dir='ltr'>καὶ</span> <span class='ocrx_word' id='word_1_176' title='bbox 977 2461 1073 2522; x_wconf 80' lang='grc' dir='ltr'><strong>τὰς</strong></span> <span class='ocrx_word' id='word_1_177' title='bbox 1126 2467 1350 2534; x_wconf 80' lang='grc' dir='ltr'>γνώμας</span> <span class='ocrx_word' id='word_1_178' title='bbox 1389 2460 1664 2532; x_wconf 61' lang='grc' dir='ltr'>ἀλλήλοις</span> <span class='ocrx_word' id='word_1_179' title='bbox 1720 2463 1812 2517; x_wconf 79' lang='grc' dir='ltr'><strong>οὐ-</strong></span> 
     </span>
    </p>
   </div>
   <div class='ocr_carea' id='block_1_25' title="bbox 151 2664 1822 2755">
    <p class='ocr_par' dir='ltr' id='par_1_25' title="bbox 151 2664 1822 2755">
     <span class='ocr_line' id='line_1_25' title="bbox 151 2664 1822 2755; baseline -0.001 -19"><span class='ocrx_word' id='word_1_180' title='bbox 151 2664 497 2755; x_wconf 70' lang='lat' dir='ltr'><strong>przeditum,</strong></span> <span class='ocrx_word' id='word_1_181' title='bbox 521 2679 727 2735; x_wconf 88' lang='lat' dir='ltr'><strong>eadem</strong></span> <span class='ocrx_word' id='word_1_182' title='bbox 760 2678 941 2734; x_wconf 83' lang='lat' dir='ltr'><strong>teneri</strong></span> <span class='ocrx_word' id='word_1_183' title='bbox 975 2677 1310 2735; x_wconf 91' lang='lat' dir='ltr'><strong>conditione</strong></span> <span class='ocrx_word' id='word_1_184' title='bbox 1341 2694 1459 2750; x_wconf 91' lang='lat' dir='ltr'><strong>qua</strong></span> <span class='ocrx_word' id='word_1_185' title='bbox 1489 2677 1700 2752; x_wconf 88' lang='lat' dir='ltr'><strong>vulgus</strong></span> <span class='ocrx_word' id='word_1_186' title='bbox 1717 2678 1822 2734; x_wconf 86' lang='lat' dir='ltr'><strong>ho-</strong></span> 
     </span>
    </p>
   </div>
   <div class='ocr_carea' id='block_1_26' title="bbox 153 2766 1823 2840">
    <p class='ocr_par' dir='ltr' id='par_1_26' title="bbox 153 2766 1823 2840">
     <span class='ocr_line' id='line_1_26' title="bbox 153 2766 1823 2840; baseline -0.001 -15"><span class='ocrx_word' id='word_1_187' title='bbox 153 2769 418 2840; x_wconf 87' lang='lat' dir='ltr'><strong>minum,</strong></span> <span class='ocrx_word' id='word_1_188' title='bbox 435 2768 539 2824; x_wconf 90' lang='lat' dir='ltr'><strong>sed</strong></span> <span class='ocrx_word' id='word_1_189' title='bbox 553 2766 835 2824; x_wconf 82' lang='lat' dir='ltr'><strong>eximium</strong></span> <span class='ocrx_word' id='word_1_190' title='bbox 855 2767 1286 2824; x_wconf 86' lang='lat' dir='ltr'><strong>eteminentem</strong></span> <span class='ocrx_word' id='word_1_191' title='bbox 1310 2782 1492 2839; x_wconf 88' lang='lat' dir='ltr'><strong>supra</strong></span> <span class='ocrx_word' id='word_1_192' title='bbox 1509 2766 1823 2839; x_wconf 88' lang='lat' dir='ltr'><strong>plerosque</strong></span> 
     </span>
    </p>
   </div>
   <div class='ocr_carea' id='block_1_27' title="bbox 159 2856 1820 2930">
    <p class='ocr_par' dir='ltr' id='par_1_27' title="bbox 159 2856 1820 2930">
     <span class='ocr_line' id='line_1_27' title="bbox 159 2856 1820 2930; baseline -0.003 -14"><span class='ocrx_word' id='word_1_193' title='bbox 159 2859 426 2927; x_wconf 79' lang='lat' dir='ltr'><strong>maxima</strong></span> <span class='ocrx_word' id='word_1_194' title='bbox 452 2863 511 2914; x_wconf 89' lang='lat' dir='ltr'><strong>et</strong></span> <span class='ocrx_word' id='word_1_195' title='bbox 541 2856 701 2930; x_wconf 88' lang='lat' dir='ltr'><strong>regia</strong></span> <span class='ocrx_word' id='word_1_196' title='bbox 730 2856 1093 2914; x_wconf 84' lang='lat' dir='ltr'><strong>venerationi</strong></span> <span class='ocrx_word' id='word_1_197' title='bbox 1123 2856 1375 2929; x_wconf 67' lang='lat' dir='ltr'><strong>publica:</strong></span> <span class='ocrx_word' id='word_1_198' title='bbox 1419 2856 1820 2913; x_wconf 89' lang='lat' dir='ltr'><strong>commendari</strong></span> 
     </span>
    </p>
   </div>
   <div class='ocr_carea' id='block_1_28' title="bbox 160 2946 1824 3023">
    <p class='ocr_par' dir='ltr' id='par_1_28' title="bbox 160 2946 1824 3023">
     <span class='ocr_line' id='line_1_28' title="bbox 160 2946 1824 3023; baseline -0.003 -18"><span class='ocrx_word' id='word_1_199' title='bbox 160 2949 478 3023; x_wconf 79' lang='lat' dir='ltr'><strong>dignitate.</strong></span> <span class='ocrx_word' id='word_1_200' title='bbox 504 2948 622 3003; x_wconf 88' lang='lat' dir='ltr'><strong>Cur</strong></span> <span class='ocrx_word' id='word_1_201' title='bbox 650 2947 806 3004; x_wconf 89' lang='lat' dir='ltr'><strong>enim</strong></span> <span class='ocrx_word' id='word_1_202' title='bbox 831 2950 919 3003; x_wconf 88' lang='lat' dir='ltr'><strong>tot</strong></span> <span class='ocrx_word' id='word_1_203' title='bbox 948 2963 1010 3003; x_wconf 91' lang='lat' dir='ltr'><strong>se</strong></span> <span class='ocrx_word' id='word_1_204' title='bbox 1040 2946 1302 3018; x_wconf 91' lang='lat' dir='ltr'><strong>quotidie</strong></span> <span class='ocrx_word' id='word_1_205' title='bbox 1335 2946 1490 3002; x_wconf 92' lang='lat' dir='ltr'><strong>curis</strong></span> <span class='ocrx_word' id='word_1_206' title='bbox 1526 2948 1824 3013; x_wconf 89' lang='lat' dir='ltr'><strong>attereret,</strong></span> 
     </span>
    </p>
   </div>
   <div class='ocr_carea' id='block_1_29' title="bbox 155 3035 1825 3110">
    <p class='ocr_par' dir='ltr' id='par_1_29' title="bbox 155 3035 1825 3110">
     <span class='ocr_line' id='line_1_29' title="bbox 155 3035 1825 3110; baseline -0.004 -16"><span class='ocrx_word' id='word_1_207' title='bbox 155 3044 398 3096; x_wconf 89' lang='lat' dir='ltr'><strong>tantum</strong></span> <span class='ocrx_word' id='word_1_208' title='bbox 431 3053 711 3110; x_wconf 86' lang='lat' dir='ltr'><strong>angorem</strong></span> <span class='ocrx_word' id='word_1_209' title='bbox 742 3051 811 3092; x_wconf 87' lang='lat' dir='ltr'><strong>ex</strong></span> <span class='ocrx_word' id='word_1_210' title='bbox 843 3040 1002 3092; x_wconf 90' lang='lat' dir='ltr'><strong>metu</strong></span> <span class='ocrx_word' id='word_1_211' title='bbox 1034 3035 1274 3092; x_wconf 81' lang='lat' dir='ltr'><strong>assiduo</strong></span> <span class='ocrx_word' id='word_1_212' title='bbox 1289 3035 1685 3108; x_wconf 89' lang='lat' dir='ltr'><strong>periculorum</strong></span> <span class='ocrx_word' id='word_1_213' title='bbox 1714 3035 1825 3089; x_wconf 88' lang='lat' dir='ltr'><strong>im-</strong></span> 
     </span>
    </p>
   </div>
   <div class='ocr_carea' id='block_1_30' title="bbox 161 3124 1828 3201">
    <p class='ocr_par' dir='ltr' id='par_1_30' title="bbox 161 3124 1828 3201">
     <span class='ocr_line' id='line_1_30' title="bbox 161 3124 1828 3201; baseline -0.004 -15"><span class='ocrx_word' id='word_1_214' title='bbox 161 3128 555 3201; x_wconf 86' lang='lat' dir='ltr'><strong>pendentium</strong></span> <span class='ocrx_word' id='word_1_215' title='bbox 589 3126 837 3195; x_wconf 84' lang='lat' dir='ltr'><strong>subiret,</strong></span> <span class='ocrx_word' id='word_1_216' title='bbox 861 3127 914 3181; x_wconf 92' lang='lat' dir='ltr'><strong>si</strong></span> <span class='ocrx_word' id='word_1_217' title='bbox 944 3124 1173 3181; x_wconf 91' lang='lat' dir='ltr'><strong>nullum</strong></span> <span class='ocrx_word' id='word_1_218' title='bbox 1210 3126 1322 3196; x_wconf 87' lang='lat' dir='ltr'><strong>ipsi</strong></span> <span class='ocrx_word' id='word_1_219' title='bbox 1356 3125 1589 3183; x_wconf 88' lang='lat' dir='ltr'><strong>lucrum</strong></span> <span class='ocrx_word' id='word_1_220' title='bbox 1614 3125 1828 3181; x_wconf 82' lang='lat' dir='ltr'><strong>rediret</strong></span> 
     </span>
    </p>
   </div>
   <div class='ocr_carea' id='block_1_31' title="bbox 158 3214 1822 3287">
    <p class='ocr_par' dir='ltr' id='par_1_31' title="bbox 158 3214 1822 3287">
     <span class='ocr_line' id='line_1_31' title="bbox 158 3214 1822 3287; baseline -0.004 -11"><span class='ocrx_word' id='word_1_221' title='bbox 158 3238 228 3276; x_wconf 82' lang='lat' dir='ltr'><strong>ex</strong></span> <span class='ocrx_word' id='word_1_222' title='bbox 287 3224 417 3275; x_wconf 88' lang='lat' dir='ltr'><strong>tam</strong></span> <span class='ocrx_word' id='word_1_223' title='bbox 473 3215 843 3273; x_wconf 89' lang='lat' dir='ltr'><strong>tumultuosa</strong></span> <span class='ocrx_word' id='word_1_224' title='bbox 904 3214 1319 3287; x_wconf 84' lang='lat' dir='ltr'><strong>procuratione</strong></span> <span class='ocrx_word' id='word_1_225' title='bbox 1386 3214 1447 3271; x_wconf 92' lang='lat' dir='ltr'><strong>in</strong></span> <span class='ocrx_word' id='word_1_226' title='bbox 1520 3214 1822 3287; x_wconf 90' lang='lat' dir='ltr'><strong>publicum</strong></span> 
     </span>
    </p>
   </div>
   <div class='ocr_carea' id='block_1_32' title="bbox 162 3304 1825 3381">
    <p class='ocr_par' dir='ltr' id='par_1_32' title="bbox 162 3304 1825 3381">
     <span class='ocr_line' id='line_1_32' title="bbox 162 3304 1825 3381; baseline -0.004 -14"><span class='ocrx_word' id='word_1_227' title='bbox 162 3313 452 3381; x_wconf 89' lang='lat' dir='ltr'><strong>suscepta</strong></span> <span class='ocrx_word' id='word_1_228' title='bbox 482 3308 885 3377; x_wconf 90' lang='lat' dir='ltr'><strong>commodum,</strong></span> <span class='ocrx_word' id='word_1_229' title='bbox 909 3305 1173 3378; x_wconf 64' lang='lat' dir='ltr'><strong>preserti</strong></span> <span class='ocrx_word' id='word_1_230' title='bbox 1196 3322 1393 3361; x_wconf 87' lang='lat' dir='ltr'><strong>meum</strong></span> <span class='ocrx_word' id='word_1_231' title='bbox 1423 3306 1539 3362; x_wconf 92' lang='lat' dir='ltr'><strong>ista</strong></span> <span class='ocrx_word' id='word_1_232' title='bbox 1568 3322 1746 3378; x_wconf 88' lang='lat' dir='ltr'><strong>quam</strong></span> <span class='ocrx_word' id='word_1_233' title='bbox 1771 3304 1825 3361; x_wconf 92' lang='lat' dir='ltr'><strong>ei</strong></span> 
     </span>
    </p>
   </div>
   <div class='ocr_carea' id='block_1_33' title="bbox 159 3395 1826 3473">
    <p class='ocr_par' dir='ltr' id='par_1_33' title="bbox 159 3395 1826 3473">
     <span class='ocr_line' id='line_1_33' title="bbox 159 3395 1826 3473; baseline -0.004 -16"><span class='ocrx_word' id='word_1_234' title='bbox 159 3406 443 3473; x_wconf 81' lang='lat' dir='ltr'><strong>optamus</strong></span> <span class='ocrx_word' id='word_1_235' title='bbox 503 3414 682 3469; x_wconf 82' lang='lat' dir='ltr'><strong>supra</strong></span> <span class='ocrx_word' id='word_1_236' title='bbox 738 3405 977 3453; x_wconf 87' lang='lat' dir='ltr'><strong>caeteros</strong></span> <span class='ocrx_word' id='word_1_237' title='bbox 1031 3395 1375 3452; x_wconf 85' lang='lat' dir='ltr'><strong>excellentia</strong></span> <span class='ocrx_word' id='word_1_238' title='bbox 1419 3396 1826 3452; x_wconf 83' lang='lat' dir='ltr'><strong>efﬁcacitatem</strong></span> 
     </span>
    </p>
   </div>
   <div class='ocr_carea' id='block_1_34' title="bbox 160 3485 1829 3563">
    <p class='ocr_par' dir='ltr' id='par_1_34' title="bbox 160 3485 1829 3563">
     <span class='ocr_line' id='line_1_34' title="bbox 160 3485 1829 3563; baseline -0.004 -16"><span class='ocrx_word' id='word_1_239' title='bbox 160 3489 509 3563; x_wconf 73' lang='lat' dir='ltr'><strong>reipublicae</strong></span> <span class='ocrx_word' id='word_1_240' title='bbox 530 3486 735 3543; x_wconf 86' lang='lat' dir='ltr'><strong>utilem</strong></span> <span class='ocrx_word' id='word_1_241' title='bbox 756 3487 1107 3558; x_wconf 87' lang='lat' dir='ltr'><strong>adjunctura</strong></span> <span class='ocrx_word' id='word_1_242' title='bbox 1128 3486 1208 3541; x_wconf 88' lang='lat' dir='ltr'><strong>sit</strong></span> <span class='ocrx_word' id='word_1_243' title='bbox 1223 3485 1517 3542; x_wconf 84' lang='lat' dir='ltr'><strong>mandatis</strong></span> <span class='ocrx_word' id='word_1_244' title='bbox 1538 3485 1829 3558; x_wconf 88' lang='lat' dir='ltr'><strong>imperiis-</strong></span> 
     </span>
    </p>
   </div>
   <div class='ocr_carea' id='block_1_35' title="bbox 162 3574 1831 3653">
    <p class='ocr_par' dir='ltr' id='par_1_35' title="bbox 162 3574 1831 3653">
     <span class='ocr_line' id='line_1_35' title="bbox 162 3574 1831 3653; baseline -0.003 -17"><span class='ocrx_word' id='word_1_245' title='bbox 162 3597 292 3653; x_wconf 65' lang='lat' dir='ltr'><strong>que:</strong></span> <span class='ocrx_word' id='word_1_246' title='bbox 326 3576 923 3647; x_wconf 89' lang='lat' dir='ltr'><strong>salubribus,absque</strong></span> <span class='ocrx_word' id='word_1_247' title='bbox 954 3574 1165 3648; x_wconf 88' lang='lat' dir='ltr'><strong>majori</strong></span> <span class='ocrx_word' id='word_1_248' title='bbox 1188 3592 1367 3648; x_wconf 82' lang='lat' dir='ltr'><strong>quam</strong></span> <span class='ocrx_word' id='word_1_249' title='bbox 1392 3591 1519 3647; x_wconf 84' lang='lat' dir='ltr'><strong>quae</strong></span> <span class='ocrx_word' id='word_1_250' title='bbox 1546 3591 1703 3630; x_wconf 93' lang='lat' dir='ltr'><strong>nunc</strong></span> <span class='ocrx_word' id='word_1_251' title='bbox 1740 3579 1831 3631; x_wconf 91' lang='lat' dir='ltr'><strong>est</strong></span> 
     </span>
    </p>
   </div>
   <div class='ocr_carea' id='block_1_36' title="bbox 155 3664 1828 3743">
    <p class='ocr_par' dir='ltr' id='par_1_36' title="bbox 155 3664 1828 3743">
     <span class='ocr_line' id='line_1_36' title="bbox 155 3664 1828 3743; baseline -0.005 -15"><span class='ocrx_word' id='word_1_252' title='bbox 155 3668 433 3743; x_wconf 88' lang='lat' dir='ltr'><strong>jubentis</strong></span> <span class='ocrx_word' id='word_1_253' title='bbox 466 3666 752 3724; x_wconf 86' lang='lat' dir='ltr'><strong>auctorite</strong></span> <span class='ocrx_word' id='word_1_254' title='bbox 784 3665 953 3721; x_wconf 83' lang='lat' dir='ltr'><strong>facile</strong></span> <span class='ocrx_word' id='word_1_255' title='bbox 997 3666 1363 3737; x_wconf 89' lang='lat' dir='ltr'><strong>impuneque</strong></span> <span class='ocrx_word' id='word_1_256' title='bbox 1414 3664 1828 3738; x_wconf 84' lang='lat' dir='ltr'><strong>negligendis?</strong></span> 
     </span>
    </p>
   </div>
   <div class='ocr_carea' id='block_1_37' title="bbox 166 3754 1821 3834">
    <p class='ocr_par' dir='ltr' id='par_1_37' title="bbox 166 3754 1821 3834">
     <span class='ocr_line' id='line_1_37' title="bbox 166 3754 1821 3834; baseline -0.004 -16"><span class='ocrx_word' id='word_1_257' title='bbox 166 3763 428 3834; x_wconf 89' lang='lat' dir='ltr'><strong>Dignum</strong></span> <span class='ocrx_word' id='word_1_258' title='bbox 463 3773 707 3830; x_wconf 85' lang='lat' dir='ltr'><strong>prorsus</strong></span> <span class='ocrx_word' id='word_1_259' title='bbox 738 3772 1093 3828; x_wconf 60' lang='lat' dir='ltr'><strong>(equumque</strong></span> <span class='ocrx_word' id='word_1_260' title='bbox 1123 3760 1214 3811; x_wconf 90' lang='lat' dir='ltr'><strong>est</strong></span> <span class='ocrx_word' id='word_1_261' title='bbox 1244 3754 1440 3811; x_wconf 90' lang='lat' dir='ltr'><strong>ornari</strong></span> <span class='ocrx_word' id='word_1_262' title='bbox 1473 3754 1696 3811; x_wconf 88' lang='lat' dir='ltr'><strong>domini</strong></span> <span class='ocrx_word' id='word_1_263' title='bbox 1721 3772 1821 3827; x_wconf 86' lang='lat' dir='ltr'><strong>ap-</strong></span> 
     </span>
    </p>
   </div>
   <div class='ocr_carea' id='block_1_38' title="bbox 164 3844 1828 3923">
    <p class='ocr_par' dir='ltr' id='par_1_38' title="bbox 164 3844 1828 3923">
     <span class='ocr_line' id='line_1_38' title="bbox 164 3844 1828 3923; baseline -0.003 -17"><span class='ocrx_word' id='word_1_264' title='bbox 164 3848 492 3923; x_wconf 86' lang='lat' dir='ltr'><strong>pellatione</strong></span> <span class='ocrx_word' id='word_1_265' title='bbox 524 3850 781 3903; x_wconf 88' lang='lat' dir='ltr'><strong>tutorem</strong></span> <span class='ocrx_word' id='word_1_266' title='bbox 813 3844 1186 3918; x_wconf 86' lang='lat' dir='ltr'><strong>imperatoris</strong></span> <span class='ocrx_word' id='word_1_267' title='bbox 1211 3861 1224 3899; x_wconf 93' lang='lat'>:</span> <span class='ocrx_word' id='word_1_268' title='bbox 1246 3844 1331 3901; x_wconf 91' lang='lat' dir='ltr'><strong>sic</strong></span> <span class='ocrx_word' id='word_1_269' title='bbox 1361 3845 1517 3901; x_wconf 90' lang='lat' dir='ltr'><strong>enim</strong></span> <span class='ocrx_word' id='word_1_270' title='bbox 1549 3845 1677 3917; x_wconf 90' lang='lat' dir='ltr'><strong>ipse</strong></span> <span class='ocrx_word' id='word_1_271' title='bbox 1706 3844 1828 3901; x_wconf 89' lang='lat' dir='ltr'><strong>sin-</strong></span> 
     </span>
    </p>
   </div>
   <div class='ocr_carea' id='block_1_39' title="bbox 165 3934 1828 4008">
    <p class='ocr_par' dir='ltr' id='par_1_39' title="bbox 165 3934 1828 4008">
     <span class='ocr_line' id='line_1_39' title="bbox 165 3934 1828 4008; baseline -0.004 -11"><span class='ocrx_word' id='word_1_272' title='bbox 165 3955 373 3997; x_wconf 88' lang='lat' dir='ltr'><strong>cerum</strong></span> <span class='ocrx_word' id='word_1_273' title='bbox 409 3938 684 3994; x_wconf 74' lang='lat' dir='ltr'><strong>affectum</strong></span> <span class='ocrx_word' id='word_1_274' title='bbox 716 3939 970 4008; x_wconf 61' lang='lat' dir='ltr'><strong>paternae</strong></span> <span class='ocrx_word' id='word_1_275' title='bbox 1023 3934 1329 3991; x_wconf 88' lang='lat' dir='ltr'><strong>charitatis</strong></span> <span class='ocrx_word' id='word_1_276' title='bbox 1358 3950 1498 4007; x_wconf 84' lang='lat' dir='ltr'><strong>erga</strong></span> <span class='ocrx_word' id='word_1_277' title='bbox 1544 3950 1703 4002; x_wconf 89' lang='lat' dir='ltr'><strong>eum,</strong></span> <span class='ocrx_word' id='word_1_278' title='bbox 1736 3935 1828 3991; x_wconf 92' lang='lat' dir='ltr'><strong>cui</strong></span> 
     </span>
    </p>
   </div>
   <div class='ocr_carea' id='block_1_40' title="bbox 163 4024 1828 4097">
    <p class='ocr_par' dir='ltr' id='par_1_40' title="bbox 163 4024 1828 4097">
     <span class='ocr_line' id='line_1_40' title="bbox 163 4024 1828 4097; baseline -0.005 -9"><span class='ocrx_word' id='word_1_279' title='bbox 163 4048 293 4088; x_wconf 88' lang='lat' dir='ltr'><strong>sors</strong></span> <span class='ocrx_word' id='word_1_280' title='bbox 328 4027 615 4084; x_wconf 86' lang='lat' dir='ltr'><strong>nascendi</strong></span> <span class='ocrx_word' id='word_1_281' title='bbox 638 4026 743 4097; x_wconf 89' lang='lat' dir='ltr'><strong>jus</strong></span> <span class='ocrx_word' id='word_1_282' title='bbox 786 4025 1020 4096; x_wconf 89' lang='lat' dir='ltr'><strong>imperii</strong></span> <span class='ocrx_word' id='word_1_283' title='bbox 1071 4024 1342 4094; x_wconf 90' lang='lat' dir='ltr'><strong>contulit,</strong></span> <span class='ocrx_word' id='word_1_284' title='bbox 1372 4024 1665 4091; x_wconf 87' lang='lat' dir='ltr'><strong>turbetur,</strong></span> <span class='ocrx_word' id='word_1_285' title='bbox 1697 4040 1828 4080; x_wconf 91' lang='lat' dir='ltr'><strong>eam</strong></span> 
     </span>
    </p>
   </div>
   <div class='ocr_carea' id='block_1_41' title="bbox 169 4114 1828 4185">
    <p class='ocr_par' dir='ltr' id='par_1_41' title="bbox 169 4114 1828 4185">
     <span class='ocr_line' id='line_1_41' title="bbox 169 4114 1828 4185; baseline -0.005 -8"><span class='ocrx_word' id='word_1_286' title='bbox 169 4122 364 4176; x_wconf 86' lang='lat' dir='ltr'><strong>vicem</strong></span> <span class='ocrx_word' id='word_1_287' title='bbox 396 4114 577 4173; x_wconf 80' lang='lat' dir='ltr'><strong>otﬁcii</strong></span> <span class='ocrx_word' id='word_1_288' title='bbox 608 4118 879 4170; x_wconf 88' lang='lat' dir='ltr'><strong>mutuam</strong></span> <span class='ocrx_word' id='word_1_289' title='bbox 912 4115 1123 4170; x_wconf 85' lang='lat' dir='ltr'><strong>debere</strong></span> <span class='ocrx_word' id='word_1_290' title='bbox 1154 4130 1217 4169; x_wconf 90' lang='lat' dir='ltr'><strong>se</strong></span> <span class='ocrx_word' id='word_1_291' title='bbox 1266 4114 1527 4169; x_wconf 86' lang='lat' dir='ltr'><strong>sentiens</strong></span> <span class='ocrx_word' id='word_1_292' title='bbox 1556 4114 1608 4169; x_wconf 92' lang='lat' dir='ltr'><strong>ei</strong></span> <span class='ocrx_word' id='word_1_293' title='bbox 1657 4114 1828 4185; x_wconf 88' lang='lat' dir='ltr'><strong>cujus</strong></span> 
     </span>
    </p>
   </div>
   <div class='ocr_carea' id='block_1_42' title="bbox 168 4202 1826 4266">
    <p class='ocr_par' dir='ltr' id='par_1_42' title="bbox 168 4202 1826 4266">
     <span class='ocr_line' id='line_1_42' title="bbox 168 4202 1826 4266; baseline -0.005 0"><span class='ocrx_word' id='word_1_294' title='bbox 168 4225 356 4266; x_wconf 86' lang='lat' dir='ltr'><strong>causa</strong></span> <span class='ocrx_word' id='word_1_295' title='bbox 388 4212 446 4263; x_wconf 90' lang='lat' dir='ltr'><strong>et</strong></span> <span class='ocrx_word' id='word_1_296' title='bbox 476 4220 723 4261; x_wconf 88' lang='lat' dir='ltr'><strong>assensu</strong></span> <span class='ocrx_word' id='word_1_297' title='bbox 784 4203 895 4259; x_wconf 89' lang='lat' dir='ltr'><strong>isto</strong></span> <span class='ocrx_word' id='word_1_298' title='bbox 930 4220 993 4259; x_wconf 90' lang='lat' dir='ltr'><strong>se</strong></span> <span class='ocrx_word' id='word_1_299' title='bbox 1044 4202 1254 4259; x_wconf 89' lang='lat' dir='ltr'><strong>viderit</strong></span> <span class='ocrx_word' id='word_1_300' title='bbox 1302 4202 1520 4259; x_wconf 89' lang='lat' dir='ltr'><strong>honore</strong></span> <span class='ocrx_word' id='word_1_301' title='bbox 1568 4208 1826 4259; x_wconf 82' lang='lat' dir='ltr'><strong>auctum-</strong></span> 
     </span>
    </p>
   </div>
   <div class='ocr_carea' id='block_1_43' title="bbox 170 4291 1827 4366">
    <p class='ocr_par' dir='ltr' id='par_1_43' title="bbox 170 4291 1827 4366">
     <span class='ocr_line' id='line_1_43' title="bbox 170 4291 1827 4366; baseline -0.004 -11"><span class='ocrx_word' id='word_1_302' title='bbox 170 4299 324 4366; x_wconf 84' lang='lat' dir='ltr'><strong>Quid</strong></span> <span class='ocrx_word' id='word_1_303' title='bbox 349 4296 448 4352; x_wconf 71' lang='lat'><strong>75</strong></span> <span class='ocrx_word' id='word_1_304' title='bbox 472 4310 643 4366; x_wconf 75' lang='lat' dir='ltr'><strong>porro</strong></span> <span class='ocrx_word' id='word_1_305' title='bbox 674 4291 1206 4349; x_wconf 81' lang='lat' dir='ltr'><strong>extraordinarium</strong></span> <span class='ocrx_word' id='word_1_306' title='bbox 1237 4296 1294 4348; x_wconf 90' lang='lat' dir='ltr'><strong>et</strong></span> <span class='ocrx_word' id='word_1_307' title='bbox 1319 4308 1531 4348; x_wconf 90' lang='lat' dir='ltr'><strong>novum</strong></span> <span class='ocrx_word' id='word_1_308' title='bbox 1566 4296 1655 4348; x_wconf 88' lang='lat' dir='ltr'><strong>est</strong></span> <span class='ocrx_word' id='word_1_309' title='bbox 1692 4309 1827 4348; x_wconf 91' lang='lat' dir='ltr'><strong>eum</strong></span> 
     </span>
    </p>
   </div>
   <div class='ocr_carea' id='block_1_44' title="bbox 173 4382 1833 4456">
    <p class='ocr_par' dir='ltr' id='par_1_44' title="bbox 173 4382 1833 4456">
     <span class='ocr_line' id='line_1_44' title="bbox 173 4382 1833 4456; baseline -0.005 -10"><span class='ocrx_word' id='word_1_310' title='bbox 173 4388 291 4446; x_wconf 88' lang='lat' dir='ltr'><strong>dici</strong></span> <span class='ocrx_word' id='word_1_311' title='bbox 340 4388 669 4456; x_wconf 87' lang='lat' dir='ltr'><strong>despotam,</strong></span> <span class='ocrx_word' id='word_1_312' title='bbox 716 4382 887 4454; x_wconf 89' lang='lat' dir='ltr'><strong>cujus</strong></span> <span class='ocrx_word' id='word_1_313' title='bbox 928 4386 1230 4438; x_wconf 88' lang='lat' dir='ltr'><strong>maternus</strong></span> <span class='ocrx_word' id='word_1_314' title='bbox 1280 4398 1424 4438; x_wconf 90' lang='lat' dir='ltr'><strong>avus</strong></span> <span class='ocrx_word' id='word_1_315' title='bbox 1466 4382 1667 4437; x_wconf 89' lang='lat' dir='ltr'><strong>eadem</strong></span> <span class='ocrx_word' id='word_1_316' title='bbox 1717 4382 1833 4438; x_wconf 87' lang='lat' dir='ltr'><strong>ista</strong></span> 
     </span>
    </p>
   </div>
   <div class='ocr_carea' id='block_1_45' title="bbox 158 4470 1830 4553">
    <p class='ocr_par' dir='ltr' id='par_1_45' title="bbox 158 4470 1830 4553">
     <span class='ocr_line' id='line_1_45' title="bbox 158 4470 1830 4553; baseline -0.005 -15"><span class='ocrx_word' id='word_1_317' title='bbox 158 4481 426 4553; x_wconf 69' lang='lat' dir='ltr'><strong>despotae</strong></span> <span class='ocrx_word' id='word_1_318' title='bbox 457 4472 711 4545; x_wconf 85' lang='lat' dir='ltr'><strong>insignis</strong></span> <span class='ocrx_word' id='word_1_319' title='bbox 742 4475 1025 4543; x_wconf 78' lang='lat' dir='ltr'><strong>potestate</strong></span> <span class='ocrx_word' id='word_1_320' title='bbox 1048 4470 1343 4543; x_wconf 68' lang='lat' dir='ltr'><strong>praeclaris</strong></span> <span class='ocrx_word' id='word_1_321' title='bbox 1375 4486 1437 4528; x_wconf 89' lang='lat' dir='ltr'><strong>se</strong></span> <span class='ocrx_word' id='word_1_322' title='bbox 1468 4470 1830 4529; x_wconf 86' lang='lat' dir='ltr'><strong>facinoribus</strong></span> 
     </span>
    </p>
   </div>
   <div class='ocr_carea' id='block_1_46' title="bbox 161 4559 1826 4645">
    <p class='ocr_par' dir='ltr' id='par_1_46' title="bbox 161 4559 1826 4645">
     <span class='ocr_line' id='line_1_46' title="bbox 161 4559 1826 4645; baseline -0.007 -17"><span class='ocrx_word' id='word_1_323' title='bbox 161 4565 487 4645; x_wconf 88' lang='lat' dir='ltr'><strong>permultis</strong></span> <span class='ocrx_word' id='word_1_324' title='bbox 519 4562 673 4618; x_wconf 91' lang='lat' dir='ltr'><strong>bello</strong></span> <span class='ocrx_word' id='word_1_325' title='bbox 703 4565 908 4617; x_wconf 89' lang='lat' dir='ltr'><strong>contra</strong></span> <span class='ocrx_word' id='word_1_326' title='bbox 934 4559 1114 4617; x_wconf 88' lang='lat' dir='ltr'><strong>Italos</strong></span> <span class='ocrx_word' id='word_1_327' title='bbox 1164 4560 1432 4616; x_wconf 90' lang='lat' dir='ltr'><strong>inclitum</strong></span> <span class='ocrx_word' id='word_1_328' title='bbox 1480 4560 1726 4617; x_wconf 84' lang='lat' dir='ltr'><strong>fecerit?</strong></span> <span class='ocrx_word' id='word_1_329' title='bbox 1754 4578 1826 4617; x_wconf 89' lang='lat' dir='ltr'><strong>an</strong></span> 
     </span>
    </p>
   </div>
   <div class='ocr_carea' id='block_1_47' title="bbox 1244 375 2478 434">
    <p class='ocr_par' dir='ltr' id='par_1_47' title="bbox 1244 375 2478 434">
     <span class='ocr_line' id='line_1_47' title="bbox 1244 375 2478 434; baseline 0.006 -8"><span class='ocrx_word' id='word_1_330' title='bbox 1244 375 1341 427; x_wconf 81' lang='lat' dir='ltr'><strong>DE</strong></span> <span class='ocrx_word' id='word_1_331' title='bbox 1378 375 1751 431; x_wconf 78' lang='lat' dir='ltr'><strong>MlCHAELB</strong></span> <span class='ocrx_word' id='word_1_332' title='bbox 1789 377 2216 434; x_wconf 78' lang='lat' dir='ltr'><strong>PALEOLOGO</strong></span> <span class='ocrx_word' id='word_1_333' title='bbox 2254 380 2385 433; x_wconf 83' lang='lat' dir='ltr'><strong>LIB.</strong></span> <span class='ocrx_word' id='word_1_334' title='bbox 2432 383 2478 434; x_wconf 79' lang='grc' dir='ltr'><strong>Ι.</strong></span> 
     </span>
    </p>
   </div>
   <div class='ocr_carea' id='block_1_48' title="bbox 3462 378 3567 433">
    <p class='ocr_par' dir='ltr' id='par_1_48' title="bbox 3462 378 3567 433">
     <span class='ocr_line' id='line_1_48' title="bbox 3462 378 3567 433; baseline 0.01 -1"><span class='ocrx_word' id='word_1_335' title='bbox 3462 378 3567 433; x_wconf 83' lang='grc'><strong>510</strong></span> 
     </span>
    </p>
   </div>
   <div class='ocr_carea' id='block_1_49' title="bbox 1420 498 3565 578">
    <p class='ocr_par' dir='ltr' id='par_1_49' title="bbox 1420 498 3565 578">
     <span class='ocr_line' id='line_1_49' title="bbox 1420 498 3565 578; baseline 0.002 -23"><span class='ocrx_word' id='word_1_336' title='bbox 1420 499 1543 555; x_wconf 87' lang='grc' dir='ltr'><strong>Ἐπι</strong></span> <span class='ocrx_word' id='word_1_337' title='bbox 1597 499 1649 554; x_wconf 85' lang='grc' dir='ltr'><strong>τί</strong></span> <span class='ocrx_word' id='word_1_338' title='bbox 1704 501 1806 575; x_wconf 87' lang='grc' dir='ltr'><strong>γάρ</strong></span> <span class='ocrx_word' id='word_1_339' title='bbox 1838 509 1892 576; x_wconf 76' lang='grc' dir='ltr'><strong>Α</strong></span> <span class='ocrx_word' id='word_1_340' title='bbox 1923 506 2118 577; x_wconf 79' lang='grc' dir='ltr'>μενοῦν</span> <span class='ocrx_word' id='word_1_341' title='bbox 2146 502 2206 557; x_wconf 80' lang='grc' dir='ltr'><strong>οὐ</strong></span> <span class='ocrx_word' id='word_1_342' title='bbox 2238 498 2573 561; x_wconf 69' lang='grc' dir='ltr'>συνέϐαινον.</span> <span class='ocrx_word' id='word_1_343' title='bbox 2602 504 2670 561; x_wconf 73' lang='lat' dir='ltr'><strong>Ol</strong></span> <span class='ocrx_word' id='word_1_344' title='bbox 2723 504 2818 576; x_wconf 81' lang='grc' dir='ltr'>μὶν</span> <span class='ocrx_word' id='word_1_345' title='bbox 2866 502 2992 578; x_wconf 71' lang='grc' dir='ltr'>γὰρ,</span> <span class='ocrx_word' id='word_1_346' title='bbox 3041 501 3129 557; x_wconf 77' lang='grc' dir='ltr'><strong>καὶ</strong></span> <span class='ocrx_word' id='word_1_347' title='bbox 3166 500 3378 575; x_wconf 75' lang='grc' dir='ltr'>μᾶλλον</span> <span class='ocrx_word' id='word_1_348' title='bbox 3418 504 3469 558; x_wconf 75' lang='grc' dir='ltr'>οἱ</span> <span class='ocrx_word' id='word_1_349' title='bbox 3508 504 3565 559; x_wconf 82' lang='grc' dir='ltr'>ἐκ</span> 
     </span>
    </p>
   </div>
   <div class='ocr_carea' id='block_1_50' title="bbox 1914 590 3566 666">
    <p class='ocr_par' dir='ltr' id='par_1_50' title="bbox 1914 590 3566 666">
     <span class='ocr_line' id='line_1_50' title="bbox 1914 590 3566 666; baseline 0.001 -21"><span class='ocrx_word' id='word_1_350' title='bbox 1914 596 2019 645; x_wconf 81' lang='grc' dir='ltr'>τῶν</span> <span class='ocrx_word' id='word_1_351' title='bbox 2090 593 2407 666; x_wconf 77' lang='grc' dir='ltr'>Λασκαρίων</span> <span class='ocrx_word' id='word_1_352' title='bbox 2478 592 2914 666; x_wconf 78' lang='grc' dir='ltr'>Τζαμάντουροι,</span> <span class='ocrx_word' id='word_1_353' title='bbox 2967 590 3059 646; x_wconf 82' lang='grc' dir='ltr'>σὺν</span> <span class='ocrx_word' id='word_1_354' title='bbox 3113 594 3195 653; x_wconf 83' lang='grc' dir='ltr'>οἷς</span> <span class='ocrx_word' id='word_1_355' title='bbox 3242 592 3331 645; x_wconf 82' lang='grc' dir='ltr'><strong>καὶ</strong></span> <span class='ocrx_word' id='word_1_356' title='bbox 3381 594 3409 647; x_wconf 83' lang='grc' dir='ltr'>ὁ</span> <span class='ocrx_word' id='word_1_357' title='bbox 3457 598 3566 648; x_wconf 86' lang='grc' dir='ltr'><strong>Νο-</strong></span> 
     </span>
    </p>
   </div>
   <div class='ocr_carea' id='block_1_51' title="bbox 1917 678 3571 756">
    <p class='ocr_par' dir='ltr' id='par_1_51' title="bbox 1917 678 3571 756">
     <span class='ocr_line' id='line_1_51' title="bbox 1917 678 3571 756; baseline 0.002 -23"><span class='ocrx_word' id='word_1_358' title='bbox 1917 679 2145 755; x_wconf 84' lang='grc' dir='ltr'>στόγγος</span> <span class='ocrx_word' id='word_1_359' title='bbox 2196 682 2467 756; x_wconf 85' lang='grc' dir='ltr'>Γεώργιος</span> <span class='ocrx_word' id='word_1_360' title='bbox 2496 723 2509 747; x_wconf 90' lang='grc'><strong>,</strong></span> <span class='ocrx_word' id='word_1_361' title='bbox 2546 681 2609 735; x_wconf 80' lang='grc' dir='ltr'>τὸ</span> <span class='ocrx_word' id='word_1_362' title='bbox 2655 681 2749 753; x_wconf 78' lang='grc' dir='ltr'><strong>μὶν</strong></span> <span class='ocrx_word' id='word_1_363' title='bbox 2794 678 3230 755; x_wconf 80' lang='grc' dir='ltr'>βασιλεοπάτορα</span> <span class='ocrx_word' id='word_1_364' title='bbox 3289 679 3378 735; x_wconf 88' lang='grc' dir='ltr'><strong>καὶ</strong></span> <span class='ocrx_word' id='word_1_365' title='bbox 3435 682 3571 736; x_wconf 79' lang='grc' dir='ltr'>εἶναι</span> 
     </span>
    </p>
   </div>
   <div class='ocr_carea' id='block_1_52' title="bbox 1916 765 3567 842">
    <p class='ocr_par' dir='ltr' id='par_1_52' title="bbox 1916 765 3567 842">
     <span class='ocr_line' id='line_1_52' title="bbox 1916 765 3567 842; baseline 0.001 -19"><span class='ocrx_word' id='word_1_366' title='bbox 1916 769 2003 823; x_wconf 80' lang='grc' dir='ltr'><strong>καὶ</strong></span> <span class='ocrx_word' id='word_1_367' title='bbox 2036 768 2393 840; x_wconf 79' lang='grc' dir='ltr'>ὀνομάζεσθαι</span> <span class='ocrx_word' id='word_1_368' title='bbox 2432 767 2594 842; x_wconf 88' lang='grc' dir='ltr'>μόλις</span> <span class='ocrx_word' id='word_1_369' title='bbox 2631 771 2723 842; x_wconf 76' lang='grc' dir='ltr'>μὲν</span> <span class='ocrx_word' id='word_1_370' title='bbox 2776 768 2901 824; x_wconf 79' lang='grc' dir='ltr'>ἀλλ’</span> <span class='ocrx_word' id='word_1_371' title='bbox 2946 765 3099 841; x_wconf 80' lang='grc' dir='ltr'>ὅμως</span> <span class='ocrx_word' id='word_1_372' title='bbox 3130 771 3215 823; x_wconf 80' lang='grc' dir='ltr'><strong>καὶ</strong></span> <span class='ocrx_word' id='word_1_373' title='bbox 3256 771 3331 841; x_wconf 74' lang='grc' dir='ltr'>μὴ</span> <span class='ocrx_word' id='word_1_374' title='bbox 3380 768 3567 833; x_wconf 79' lang='grc' dir='ltr'>θὲλον-</span> 
     </span>
    </p>
   </div>
   <div class='ocr_carea' id='block_1_53' title="bbox 1915 854 3569 932">
    <p class='ocr_par' dir='ltr' id='par_1_53' title="bbox 1915 854 3569 932">
     <span class='ocr_line' id='line_1_53' title="bbox 1915 854 3569 932; baseline 0.001 -20"><span class='ocrx_word' id='word_1_375' title='bbox 1915 878 2001 919; x_wconf 92' lang='grc' dir='ltr'><strong>τες</strong></span> <span class='ocrx_word' id='word_1_376' title='bbox 2050 854 2339 927; x_wconf 80' lang='grc' dir='ltr'>ἐνεδίδουν,</span> <span class='ocrx_word' id='word_1_377' title='bbox 2404 860 2586 913; x_wconf 79' lang='grc' dir='ltr'>ἱκανὸν</span> <span class='ocrx_word' id='word_1_378' title='bbox 2640 856 2685 912; x_wconf 87' lang='grc' dir='ltr'><strong>δ’</strong></span> <span class='ocrx_word' id='word_1_379' title='bbox 2740 860 2873 912; x_wconf 75' lang='grc' dir='ltr'>εἶναι</span> <span class='ocrx_word' id='word_1_380' title='bbox 2922 863 3001 930; x_wconf 78' lang='grc' dir='ltr'>τῷ</span> <span class='ocrx_word' id='word_1_381' title='bbox 3048 857 3327 932; x_wconf 80' lang='grc' dir='ltr'>ἐπιτρόπῳ</span> <span class='ocrx_word' id='word_1_382' title='bbox 3376 859 3569 927; x_wconf 79' lang='grc' dir='ltr'>τὸτῆς</span> 
     </span>
    </p>
   </div>
   <div class='ocr_carea' id='block_1_54' title="bbox 1918 944 3571 1025">
    <p class='ocr_par' dir='ltr' id='par_1_54' title="bbox 1918 944 3571 1025">
     <span class='ocr_line' id='line_1_54' title="bbox 1918 944 3571 1025; baseline 0.001 -24"><span class='ocrx_word' id='word_1_383' title='bbox 1918 944 2176 1016; x_wconf 81' lang='grc' dir='ltr'>δουκικῆς</span> <span class='ocrx_word' id='word_1_384' title='bbox 2214 947 2505 1022; x_wconf 84' lang='grc' dir='ltr'>μεγαλεῖον</span> <span class='ocrx_word' id='word_1_385' title='bbox 2542 947 2689 1018; x_wconf 87' lang='grc' dir='ltr'>ἀξίας</span> <span class='ocrx_word' id='word_1_386' title='bbox 2738 944 3162 1022; x_wconf 80' lang='grc' dir='ltr'>διισχυρίζοντο,</span> <span class='ocrx_word' id='word_1_387' title='bbox 3215 949 3481 1025; x_wconf 69' lang='grc' dir='ltr'>Ὀφφικίῳ</span> <span class='ocrx_word' id='word_1_388' title='bbox 3514 946 3571 1002; x_wconf 79' lang='grc' dir='ltr'><strong>δὲ</strong></span> 
     </span>
    </p>
   </div>
   <div class='ocr_carea' id='block_1_55' title="bbox 1922 1035 3569 1113">
    <p class='ocr_par' dir='ltr' id='par_1_55' title="bbox 1922 1035 3569 1113">
     <span class='ocr_line' id='line_1_55' title="bbox 1922 1035 3569 1113; baseline 0.001 -24"><span class='ocrx_word' id='word_1_389' title='bbox 1922 1036 2196 1111; x_wconf 82' lang='grc' dir='ltr'>βασιΛείας</span> <span class='ocrx_word' id='word_1_390' title='bbox 2264 1035 2481 1113; x_wconf 69' lang='grc' dir='ltr'>φέροντι</span> <span class='ocrx_word' id='word_1_391' title='bbox 2558 1038 2734 1109; x_wconf 75' lang='grc' dir='ltr'>ὄνομα</span> <span class='ocrx_word' id='word_1_392' title='bbox 2815 1035 3164 1109; x_wconf 77' lang='grc' dir='ltr'>σεμνύνεσθαι</span> <span class='ocrx_word' id='word_1_393' title='bbox 3234 1040 3424 1091; x_wconf 74' lang='grc' dir='ltr'>τοῦτον</span> <span class='ocrx_word' id='word_1_394' title='bbox 3479 1037 3569 1091; x_wconf 85' lang='grc' dir='ltr'><strong>καὶ</strong></span> 
     </span>
    </p>
   </div>
   <div class='ocr_carea' id='block_1_56' title="bbox 1916 1124 3572 1199">
    <p class='ocr_par' dir='ltr' id='par_1_56' title="bbox 1916 1124 3572 1199">
     <span class='ocr_line' id='line_1_56' title="bbox 1916 1124 3572 1199; baseline -0.001 -19"><span class='ocrx_word' id='word_1_395' title='bbox 1916 1125 2189 1187; x_wconf 65' lang='grc' dir='ltr'>τοιαύταις</span> <span class='ocrx_word' id='word_1_396' title='bbox 2240 1125 2409 1195; x_wconf 77' lang='grc' dir='ltr'>ἀξίαις</span> <span class='ocrx_word' id='word_1_397' title='bbox 2456 1127 2713 1199; x_wconf 77' lang='grc' dir='ltr'>τιμᾶσθαι</span> <span class='ocrx_word' id='word_1_398' title='bbox 2783 1126 3082 1199; x_wconf 75' lang='grc' dir='ltr'>κρείττοσιν</span> <span class='ocrx_word' id='word_1_399' title='bbox 3130 1124 3164 1194; x_wconf 72' lang='grc' dir='ltr'>ἢ</span> <span class='ocrx_word' id='word_1_400' title='bbox 3214 1127 3329 1180; x_wconf 89' lang='grc' dir='ltr'>κατ’</span> <span class='ocrx_word' id='word_1_401' title='bbox 3390 1126 3572 1199; x_wconf 79' lang='grc' dir='ltr'>αὐτὸν,</span> 
     </span>
    </p>
   </div>
   <div class='ocr_carea' id='block_1_57' title="bbox 1923 1210 3574 1291">
    <p class='ocr_par' dir='ltr' id='par_1_57' title="bbox 1923 1210 3574 1291">
     <span class='ocr_line' id='line_1_57' title="bbox 1923 1210 3574 1291; baseline 0.001 -23"><span class='ocrx_word' id='word_1_402' title='bbox 1923 1216 1998 1286; x_wconf 81' lang='grc' dir='ltr'>μὴ</span> <span class='ocrx_word' id='word_1_403' title='bbox 2029 1214 2117 1268; x_wconf 81' lang='grc' dir='ltr'><strong>καὶ</strong></span> <span class='ocrx_word' id='word_1_404' title='bbox 2146 1212 2233 1269; x_wconf 83' lang='grc' dir='ltr'><strong>ἐπὶ</strong></span> <span class='ocrx_word' id='word_1_405' title='bbox 2260 1220 2378 1277; x_wconf 86' lang='grc' dir='ltr'>τοῖς</span> <span class='ocrx_word' id='word_1_406' title='bbox 2432 1214 2710 1289; x_wconf 77' lang='grc' dir='ltr'>μεγίστοις</span> <span class='ocrx_word' id='word_1_407' title='bbox 2756 1236 2813 1269; x_wconf 92' lang='grc' dir='ltr'><strong>τε</strong></span> <span class='ocrx_word' id='word_1_408' title='bbox 2860 1215 2950 1269; x_wconf 86' lang='grc' dir='ltr'><strong>καὶ</strong></span> <span class='ocrx_word' id='word_1_409' title='bbox 3004 1215 3212 1288; x_wconf 88' lang='grc' dir='ltr'>τιμίοις</span> <span class='ocrx_word' id='word_1_410' title='bbox 3270 1210 3574 1291; x_wconf 69' lang='grc' dir='ltr'>παράϐασις</span> 
     </span>
    </p>
   </div>
   <div class='ocr_carea' id='block_1_58' title="bbox 1921 1301 3570 1379">
    <p class='ocr_par' dir='ltr' id='par_1_58' title="bbox 1921 1301 3570 1379">
     <span class='ocr_line' id='line_1_58' title="bbox 1921 1301 3570 1379; baseline 0.001 -22"><span class='ocrx_word' id='word_1_411' title='bbox 1921 1302 2025 1373; x_wconf 79' lang='grc' dir='ltr'><strong>εἶή.</strong></span> <span class='ocrx_word' id='word_1_412' title='bbox 2056 1303 2204 1359; x_wconf 81' lang='grc' dir='ltr'>Εἶναι</span> <span class='ocrx_word' id='word_1_413' title='bbox 2254 1302 2356 1378; x_wconf 79' lang='grc' dir='ltr'><strong>γὰρ</strong></span> <span class='ocrx_word' id='word_1_414' title='bbox 2406 1301 2689 1378; x_wconf 81' lang='grc' dir='ltr'>βασιλίδας</span> <span class='ocrx_word' id='word_1_415' title='bbox 2745 1304 2949 1375; x_wconf 84' lang='grc' dir='ltr'>ὡραίας</span> <span class='ocrx_word' id='word_1_416' title='bbox 2997 1312 3213 1378; x_wconf 82' lang='grc' dir='ltr'>γαμων,</span> <span class='ocrx_word' id='word_1_417' title='bbox 3261 1305 3320 1366; x_wconf 77' lang='grc' dir='ltr'>ἅς</span> <span class='ocrx_word' id='word_1_418' title='bbox 3360 1304 3570 1379; x_wconf 69' lang='grc' dir='ltr'>ἀνάγκη</span> 
     </span>
    </p>
   </div>
   <div class='ocr_carea' id='block_1_59' title="bbox 1919 1390 3574 1467">
    <p class='ocr_par' dir='ltr' id='par_1_59' title="bbox 1919 1390 3574 1467">
     <span class='ocr_line' id='line_1_59' title="bbox 1919 1390 3574 1467; baseline 0.002 -22"><span class='ocrx_word' id='word_1_419' title='bbox 1919 1397 2206 1465; x_wconf 88' lang='grc' dir='ltr'>γαμεῖσθαι</span> <span class='ocrx_word' id='word_1_420' title='bbox 2237 1397 2353 1454; x_wconf 82' lang='grc' dir='ltr'>τοῖς</span> <span class='ocrx_word' id='word_1_421' title='bbox 2385 1394 2643 1467; x_wconf 73' lang='grc' dir='ltr'>προέχειν</span> <span class='ocrx_word' id='word_1_422' title='bbox 2678 1390 2952 1447; x_wconf 74' lang='grc' dir='ltr'>δοκοῦσινο</span> <span class='ocrx_word' id='word_1_423' title='bbox 2997 1392 3041 1447; x_wconf 85' lang='grc' dir='ltr'><strong>εἰ</strong></span> <span class='ocrx_word' id='word_1_424' title='bbox 3092 1390 3137 1447; x_wconf 82' lang='grc' dir='ltr'><strong>δ’</strong></span> <span class='ocrx_word' id='word_1_425' title='bbox 3172 1395 3283 1462; x_wconf 76' lang='grc' dir='ltr'>οὖν,</span> <span class='ocrx_word' id='word_1_426' title='bbox 3322 1392 3448 1448; x_wconf 84' lang='grc' dir='ltr'>ἀλλ’</span> <span class='ocrx_word' id='word_1_427' title='bbox 3480 1394 3574 1448; x_wconf 71' lang='grc' dir='ltr'><strong>αὐ-</strong></span> 
     </span>
    </p>
   </div>
   <div class='ocr_carea' id='block_1_60' title="bbox 1918 1479 3576 1557">
    <p class='ocr_par' dir='ltr' id='par_1_60' title="bbox 1918 1479 3576 1557">
     <span class='ocr_line' id='line_1_60' title="bbox 1918 1479 3576 1557; baseline 0.001 -22"><span class='ocrx_word' id='word_1_428' title='bbox 1918 1479 2316 1551; x_wconf 76' lang='grc' dir='ltr'>ταῖςέξαῦτῶν</span> <span class='ocrx_word' id='word_1_429' title='bbox 2368 1481 2503 1556; x_wconf 67' lang='grc' dir='ltr'>μέγα</span> <span class='ocrx_word' id='word_1_430' title='bbox 2531 1482 2593 1536; x_wconf 87' lang='grc' dir='ltr'>τὸ</span> <span class='ocrx_word' id='word_1_431' title='bbox 2645 1480 2855 1537; x_wconf 83' lang='grc' dir='ltr'>δίκαιον</span> <span class='ocrx_word' id='word_1_432' title='bbox 2905 1482 3055 1557; x_wconf 78' lang='grc' dir='ltr'>’ἐχειν</span> <span class='ocrx_word' id='word_1_433' title='bbox 3107 1482 3382 1545; x_wconf 78' lang='grc' dir='ltr'>τοιούτοις</span> <span class='ocrx_word' id='word_1_434' title='bbox 3442 1484 3576 1555; x_wconf 84' lang='grc' dir='ltr'><strong>μετά</strong></span> 
     </span>
    </p>
   </div>
   <div class='ocr_carea' id='block_1_61' title="bbox 1920 1569 3574 1648">
    <p class='ocr_par' dir='ltr' id='par_1_61' title="bbox 1920 1569 3574 1648">
     <span class='ocr_line' id='line_1_61' title="bbox 1920 1569 3574 1648; baseline 0.001 -25"><span class='ocrx_word' id='word_1_435' title='bbox 1920 1573 2027 1623; x_wconf 82' lang='grc' dir='ltr'>τῶν</span> <span class='ocrx_word' id='word_1_436' title='bbox 2089 1569 2332 1646; x_wconf 81' lang='grc' dir='ltr'>συζόγων</span> <span class='ocrx_word' id='word_1_437' title='bbox 2390 1570 2742 1643; x_wconf 76' lang='grc' dir='ltr'>σεμνύνεσθαι</span> <span class='ocrx_word' id='word_1_438' title='bbox 2802 1572 3099 1645; x_wconf 83' lang='grc' dir='ltr'>ἀξιώμασιν</span> <span class='ocrx_word' id='word_1_439' title='bbox 3134 1616 3148 1641; x_wconf 90' lang='grc'><strong>,</strong></span> <span class='ocrx_word' id='word_1_440' title='bbox 3208 1570 3574 1648; x_wconf 78' lang='grc' dir='ltr'>αὐτοδὲλφαις</span> 
     </span>
    </p>
   </div>
   <div class='ocr_carea' id='block_1_62' title="bbox 1927 1656 3572 1737">
    <p class='ocr_par' dir='ltr' id='par_1_62' title="bbox 1927 1656 3572 1737">
     <span class='ocr_line' id='line_1_62' title="bbox 1927 1656 3572 1737; baseline 0.002 -25"><span class='ocrx_word' id='word_1_441' title='bbox 1927 1656 2197 1733; x_wconf 72' lang='grc' dir='ltr'>βασιλέως</span> <span class='ocrx_word' id='word_1_442' title='bbox 2249 1656 2433 1721; x_wconf 67' lang='grc' dir='ltr'>οὔσαις</span> <span class='ocrx_word' id='word_1_443' title='bbox 2489 1661 2578 1713; x_wconf 84' lang='grc' dir='ltr'><strong>καὶ</strong></span> <span class='ocrx_word' id='word_1_444' title='bbox 2641 1660 2911 1735; x_wconf 77' lang='grc' dir='ltr'>βασιλίσιν</span> <span class='ocrx_word' id='word_1_445' title='bbox 2972 1659 3030 1715; x_wconf 82' lang='grc' dir='ltr'>ἐκ</span> <span class='ocrx_word' id='word_1_446' title='bbox 3086 1660 3359 1737; x_wconf 88' lang='grc' dir='ltr'>τριγονίας</span> <span class='ocrx_word' id='word_1_447' title='bbox 3404 1661 3438 1729; x_wconf 70' lang='grc' dir='ltr'><strong>ἢ</strong></span> <span class='ocrx_word' id='word_1_448' title='bbox 3481 1660 3572 1715; x_wconf 78' lang='grc' dir='ltr'><strong>καὶ</strong></span> 
     </span>
    </p>
   </div>
   <div class='ocr_carea' id='block_1_63' title="bbox 1921 1745 3574 1825">
    <p class='ocr_par' dir='ltr' id='par_1_63' title="bbox 1921 1745 3574 1825">
     <span class='ocr_line' id='line_1_63' title="bbox 1921 1745 3574 1825; baseline 0.001 -24"><span class='ocrx_word' id='word_1_449' title='bbox 1921 1747 2267 1821; x_wconf 87' lang='grc' dir='ltr'>τετραγονίας</span> <span class='ocrx_word' id='word_1_450' title='bbox 2305 1745 2518 1819; x_wconf 74' lang='grc' dir='ltr'>μαλλον</span> <span class='ocrx_word' id='word_1_451' title='bbox 2556 1746 2865 1822; x_wconf 80' lang='grc' dir='ltr'>βασιλικῆς.</span> <span class='ocrx_word' id='word_1_452' title='bbox 2909 1749 2975 1806; x_wconf 78' lang='grc' dir='ltr'><strong>Οἱ</strong></span> <span class='ocrx_word' id='word_1_453' title='bbox 3021 1750 3157 1825; x_wconf 79' lang='grc' dir='ltr'>ἀμφὶ</span> <span class='ocrx_word' id='word_1_454' title='bbox 3196 1750 3287 1803; x_wconf 90' lang='grc' dir='ltr'>τὸν</span> <span class='ocrx_word' id='word_1_455' title='bbox 3329 1755 3574 1825; x_wconf 82' lang='grc' dir='ltr'>Στρατη-</span> 
     </span>
    </p>
   </div>
   <div class='ocr_carea' id='block_1_64' title="bbox 1923 1833 3569 1911">
    <p class='ocr_par' dir='ltr' id='par_1_64' title="bbox 1923 1833 3569 1911">
     <span class='ocr_line' id='line_1_64' title="bbox 1923 1833 3569 1911; baseline 0.001 -21"><span class='ocrx_word' id='word_1_456' title='bbox 1923 1836 2201 1911; x_wconf 87' lang='grc' dir='ltr'>γόπουλον</span> <span class='ocrx_word' id='word_1_457' title='bbox 2236 1833 2294 1891; x_wconf 74' lang='grc' dir='ltr'><strong>δὲ</strong></span> <span class='ocrx_word' id='word_1_458' title='bbox 2317 1834 2559 1909; x_wconf 81' lang='grc' dir='ltr'>Ἀλέξιον</span> <span class='ocrx_word' id='word_1_459' title='bbox 2591 1838 2681 1892; x_wconf 82' lang='grc' dir='ltr'><strong>καὶ</strong></span> <span class='ocrx_word' id='word_1_460' title='bbox 2722 1839 2774 1891; x_wconf 77' lang='grc' dir='ltr'>οἱ</span> <span class='ocrx_word' id='word_1_461' title='bbox 2804 1838 2898 1892; x_wconf 73' lang='grc' dir='ltr'>τοῦ</span> <span class='ocrx_word' id='word_1_462' title='bbox 2932 1836 3105 1911; x_wconf 84' lang='grc' dir='ltr'>Φιλῆ,</span> <span class='ocrx_word' id='word_1_463' title='bbox 3137 1838 3227 1893; x_wconf 82' lang='grc' dir='ltr'>καὶ</span> <span class='ocrx_word' id='word_1_464' title='bbox 3258 1837 3350 1892; x_wconf 74' lang='grc' dir='ltr'><strong>σὺν</strong></span> <span class='ocrx_word' id='word_1_465' title='bbox 3387 1838 3569 1899; x_wconf 80' lang='grc' dir='ltr'>αὐτοῖς</span> 
     </span>
    </p>
   </div>
   <div class='ocr_carea' id='block_1_65' title="bbox 1925 1924 3573 2003">
    <p class='ocr_par' dir='ltr' id='par_1_65' title="bbox 1925 1924 3573 2003">
     <span class='ocr_line' id='line_1_65' title="bbox 1925 1924 3573 2003; baseline 0 -23"><span class='ocrx_word' id='word_1_466' title='bbox 1925 1926 1975 1980; x_wconf 75' lang='grc' dir='ltr'>οἱ</span> <span class='ocrx_word' id='word_1_467' title='bbox 2007 1925 2288 1999; x_wconf 85' lang='grc' dir='ltr'>Τορνίκιοι</span> <span class='ocrx_word' id='word_1_468' title='bbox 2320 1926 2409 1980; x_wconf 81' lang='grc' dir='ltr'><strong>καὶ</strong></span> <span class='ocrx_word' id='word_1_469' title='bbox 2460 1926 2510 1980; x_wconf 76' lang='grc' dir='ltr'>οἳ</span> <span class='ocrx_word' id='word_1_470' title='bbox 2542 1924 2739 2003; x_wconf 76' lang='grc' dir='ltr'>τυφλοὶ</span> <span class='ocrx_word' id='word_1_471' title='bbox 2796 1924 3030 2000; x_wconf 77' lang='grc' dir='ltr'>μᾶλλον,</span> <span class='ocrx_word' id='word_1_472' title='bbox 3065 1926 3114 1982; x_wconf 87' lang='grc' dir='ltr'>ο’ί</span> <span class='ocrx_word' id='word_1_473' title='bbox 3146 1926 3211 1997; x_wconf 80' lang='grc' dir='ltr'><strong>δὴ</strong></span> <span class='ocrx_word' id='word_1_474' title='bbox 3245 1928 3333 1983; x_wconf 86' lang='grc' dir='ltr'>καὶ</span> <span class='ocrx_word' id='word_1_475' title='bbox 3377 1929 3573 1981; x_wconf 82' lang='grc' dir='ltr'>παΟόν-</span> 
     </span>
    </p>
   </div>
   <div class='ocr_carea' id='block_1_66' title="bbox 1921 2012 3570 2088">
    <p class='ocr_par' dir='ltr' id='par_1_66' title="bbox 1921 2012 3570 2088">
     <span class='ocr_line' id='line_1_66' title="bbox 1921 2012 3570 2088; baseline 0.001 -19"><span class='ocrx_word' id='word_1_476' title='bbox 1921 2035 2010 2076; x_wconf 84' lang='grc' dir='ltr'><strong>τες</strong></span> <span class='ocrx_word' id='word_1_477' title='bbox 2057 2013 2279 2087; x_wconf 71' lang='grc' dir='ltr'>ἀμύνειν</span> <span class='ocrx_word' id='word_1_478' title='bbox 2336 2012 2557 2085; x_wconf 75' lang='grc' dir='ltr'>ἤθελον,</span> <span class='ocrx_word' id='word_1_479' title='bbox 2617 2019 2683 2087; x_wconf 88' lang='grc' dir='ltr'>[Ρ</span> <span class='ocrx_word' id='word_1_480' title='bbox 2739 2019 2829 2088; x_wconf 67' lang='lat' dir='ltr'><strong>l15]</strong></span> <span class='ocrx_word' id='word_1_481' title='bbox 2872 2015 2963 2071; x_wconf 73' lang='grc' dir='ltr'>σὺν</span> <span class='ocrx_word' id='word_1_482' title='bbox 2997 2015 3042 2071; x_wconf 86' lang='grc' dir='ltr'><strong>δ’</strong></span> <span class='ocrx_word' id='word_1_483' title='bbox 3088 2017 3271 2079; x_wconf 79' lang='grc' dir='ltr'>αὐτοῖς</span> <span class='ocrx_word' id='word_1_484' title='bbox 3314 2017 3402 2071; x_wconf 77' lang='grc' dir='ltr'><strong>καὶ</strong></span> <span class='ocrx_word' id='word_1_485' title='bbox 3451 2015 3570 2071; x_wconf 77' lang='grc' dir='ltr'>ὅσοι</span> 
     </span>
    </p>
   </div>
   <div class='ocr_carea' id='block_1_67' title="bbox 1923 2101 3548 2179">
    <p class='ocr_par' dir='ltr' id='par_1_67' title="bbox 1923 2101 3548 2179">
     <span class='ocr_line' id='line_1_67' title="bbox 1923 2101 3548 2179; baseline 0 -20"><span class='ocrx_word' id='word_1_486' title='bbox 1923 2105 2059 2159; x_wconf 78' lang='grc' dir='ltr'>κατὰ</span> <span class='ocrx_word' id='word_1_487' title='bbox 2091 2101 2402 2179; x_wconf 77' lang='grc' dir='ltr'>συγγένειαν</span> <span class='ocrx_word' id='word_1_488' title='bbox 2432 2107 2466 2173; x_wconf 77' lang='grc' dir='ltr'><strong>ἢ</strong></span> <span class='ocrx_word' id='word_1_489' title='bbox 2506 2107 2666 2160; x_wconf 79' lang='grc' dir='ltr'>αὔταν</span> <span class='ocrx_word' id='word_1_490' title='bbox 2698 2105 2733 2175; x_wconf 73' lang='grc' dir='ltr'><strong>ἢ</strong></span> <span class='ocrx_word' id='word_1_491' title='bbox 2767 2105 3132 2179; x_wconf 72' lang='grc' dir='ltr'>ἐλπιζομένην</span> <span class='ocrx_word' id='word_1_492' title='bbox 3188 2112 3304 2169; x_wconf 80' lang='grc' dir='ltr'>τοῖς</span> <span class='ocrx_word' id='word_1_493' title='bbox 3338 2106 3548 2163; x_wconf 65' lang='grc' dir='ltr'>Ηαιλαιο</span> 
     </span>
    </p>
   </div>
   <div class='ocr_carea' id='block_1_68' title="bbox 1925 2193 3570 2269">
    <p class='ocr_par' dir='ltr' id='par_1_68' title="bbox 1925 2193 3570 2269">
     <span class='ocr_line' id='line_1_68' title="bbox 1925 2193 3570 2269; baseline 0.001 -20"><span class='ocrx_word' id='word_1_494' title='bbox 1925 2193 2115 2269; x_wconf 87' lang='grc' dir='ltr'>λόγοις</span> <span class='ocrx_word' id='word_1_495' title='bbox 2146 2193 2515 2269; x_wconf 62' lang='grc' dir='ltr'>προσέκειντο,</span> <span class='ocrx_word' id='word_1_496' title='bbox 2571 2194 2815 2269; x_wconf 81' lang='grc' dir='ltr'>ἰσχυρῶς</span> <span class='ocrx_word' id='word_1_497' title='bbox 2861 2195 3154 2266; x_wconf 74' lang='grc' dir='ltr'>ἀντέσπων,</span> <span class='ocrx_word' id='word_1_498' title='bbox 3193 2194 3403 2251; x_wconf 77' lang='grc' dir='ltr'>δίκαιον</span> <span class='ocrx_word' id='word_1_499' title='bbox 3434 2198 3570 2251; x_wconf 74' lang='grc' dir='ltr'>εἶναι</span> 
     </span>
    </p>
   </div>
   <div class='ocr_carea' id='block_1_69' title="bbox 1925 2280 3571 2363">
    <p class='ocr_par' dir='ltr' id='par_1_69' title="bbox 1925 2280 3571 2363">
     <span class='ocr_line' id='line_1_69' title="bbox 1925 2280 3571 2363; baseline 0.002 -26"><span class='ocrx_word' id='word_1_500' title='bbox 1925 2280 2177 2358; x_wconf 73' lang='grc' dir='ltr'>λέγοντες</span> <span class='ocrx_word' id='word_1_501' title='bbox 2226 2284 2313 2338; x_wconf 80' lang='grc' dir='ltr'><strong>καὶ</strong></span> <span class='ocrx_word' id='word_1_502' title='bbox 2370 2282 2560 2346; x_wconf 81' lang='grc' dir='ltr'>ἄλλως</span> <span class='ocrx_word' id='word_1_503' title='bbox 2613 2283 2883 2363; x_wconf 72' lang='grc' dir='ltr'>συμφέρον</span> <span class='ocrx_word' id='word_1_504' title='bbox 2942 2284 3031 2338; x_wconf 88' lang='grc' dir='ltr'>τὸν</span> <span class='ocrx_word' id='word_1_505' title='bbox 3085 2284 3243 2360; x_wconf 78' lang='grc' dir='ltr'>ἐγγὺς</span> <span class='ocrx_word' id='word_1_506' title='bbox 3300 2284 3571 2361; x_wconf 70' lang='grc' dir='ltr'>βασιλέως</span> 
     </span>
    </p>
   </div>
   <div class='ocr_carea' id='block_1_70' title="bbox 1925 2370 3572 2451">
    <p class='ocr_par' dir='ltr' id='par_1_70' title="bbox 1925 2370 3572 2451">
     <span class='ocr_line' id='line_1_70' title="bbox 1925 2370 3572 2451; baseline 0.002 -24"><span class='ocrx_word' id='word_1_507' title='bbox 1925 2371 2053 2429; x_wconf 81' lang='grc' dir='ltr'>ὅντα</span> <span class='ocrx_word' id='word_1_508' title='bbox 2083 2372 2171 2428; x_wconf 85' lang='grc' dir='ltr'><strong>καὶ</strong></span> <span class='ocrx_word' id='word_1_509' title='bbox 2216 2373 2418 2447; x_wconf 84' lang='grc' dir='ltr'>πατρὸς</span> <span class='ocrx_word' id='word_1_510' title='bbox 2460 2370 2632 2446; x_wconf 75' lang='grc' dir='ltr'>ὄνομα</span> <span class='ocrx_word' id='word_1_511' title='bbox 2665 2373 2894 2451; x_wconf 70' lang='grc' dir='ltr'>φέροντα</span> <span class='ocrx_word' id='word_1_512' title='bbox 2940 2379 3197 2447; x_wconf 77' lang='grc' dir='ltr'>τιμᾷσθαι</span> <span class='ocrx_word' id='word_1_513' title='bbox 3247 2374 3335 2428; x_wconf 85' lang='grc' dir='ltr'><strong>καὶ</strong></span> <span class='ocrx_word' id='word_1_514' title='bbox 3377 2374 3572 2430; x_wconf 83' lang='grc' dir='ltr'>δεσπο-</span> 
     </span>
    </p>
   </div>
   <div class='ocr_carea' id='block_1_71' title="bbox 1922 2461 3578 2539">
    <p class='ocr_par' dir='ltr' id='par_1_71' title="bbox 1922 2461 3578 2539">
     <span class='ocr_line' id='line_1_71' title="bbox 1922 2461 3578 2539; baseline 0.002 -22"><span class='ocrx_word' id='word_1_515' title='bbox 1922 2463 2060 2534; x_wconf 82' lang='grc' dir='ltr'>τείᾳ.</span> <span class='ocrx_word' id='word_1_516' title='bbox 2094 2461 2250 2519; x_wconf 73' lang='grc' dir='ltr'>Οὕτω</span> <span class='ocrx_word' id='word_1_517' title='bbox 2296 2463 2401 2537; x_wconf 78' lang='grc' dir='ltr'><strong>γὰρ</strong></span> <span class='ocrx_word' id='word_1_518' title='bbox 2460 2463 2593 2517; x_wconf 82' lang='grc' dir='ltr'>εἶναι</span> <span class='ocrx_word' id='word_1_519' title='bbox 2647 2464 2710 2517; x_wconf 86' lang='grc' dir='ltr'>τὸ</span> <span class='ocrx_word' id='word_1_520' title='bbox 2769 2464 3191 2539; x_wconf 80' lang='grc' dir='ltr'>συγκεχωρηκὸς</span> <span class='ocrx_word' id='word_1_521' title='bbox 3252 2464 3401 2537; x_wconf 80' lang='grc' dir='ltr'>αὐτῷ</span> <span class='ocrx_word' id='word_1_522' title='bbox 3432 2467 3578 2538; x_wconf 74' lang='grc' dir='ltr'>παρὰ</span> 
     </span>
    </p>
   </div>
   <div class='ocr_carea' id='block_1_72' title="bbox 1930 2678 3569 2752">
    <p class='ocr_par' dir='ltr' id='par_1_72' title="bbox 1930 2678 3569 2752">
     <span class='ocr_line' id='line_1_72' title="bbox 1930 2678 3569 2752; baseline 0.002 -17"><span class='ocrx_word' id='word_1_523' title='bbox 1930 2679 2165 2735; x_wconf 87' lang='lat' dir='ltr'><strong>ratoris.</strong></span> <span class='ocrx_word' id='word_1_524' title='bbox 2214 2684 2348 2739; x_wconf 71' lang='lat' dir='ltr'><strong>Haec</strong></span> <span class='ocrx_word' id='word_1_525' title='bbox 2406 2678 2837 2751; x_wconf 82' lang='lat' dir='ltr'><strong>proferentibus</strong></span> <span class='ocrx_word' id='word_1_526' title='bbox 2892 2679 3252 2752; x_wconf 88' lang='lat' dir='ltr'><strong>quibusdam</strong></span> <span class='ocrx_word' id='word_1_527' title='bbox 3312 2681 3482 2738; x_wconf 88' lang='lat' dir='ltr'><strong>multi</strong></span> <span class='ocrx_word' id='word_1_528' title='bbox 3539 2698 3569 2738; x_wconf 89' lang='lat' dir='ltr'><strong>e</strong></span> 
     </span>
    </p>
   </div>
   <div class='ocr_carea' id='block_1_73' title="bbox 1943 2767 3575 2842">
    <p class='ocr_par' dir='ltr' id='par_1_73' title="bbox 1943 2767 3575 2842">
     <span class='ocr_line' id='line_1_73' title="bbox 1943 2767 3575 2842; baseline 0.004 -19"><span class='ocrx_word' id='word_1_529' title='bbox 1943 2768 2215 2825; x_wconf 90' lang='lat' dir='ltr'><strong>Patribus</strong></span> <span class='ocrx_word' id='word_1_530' title='bbox 2240 2767 2619 2825; x_wconf 88' lang='lat' dir='ltr'><strong>ecclesiastici</strong></span> <span class='ocrx_word' id='word_1_531' title='bbox 2663 2784 2981 2826; x_wconf 82' lang='lat' dir='ltr'><strong>concessus</strong></span> <span class='ocrx_word' id='word_1_532' title='bbox 3004 2770 3357 2842; x_wconf 71' lang='lat' dir='ltr'><strong>praesidibus</strong></span> <span class='ocrx_word' id='word_1_533' title='bbox 3378 2788 3575 2829; x_wconf 87' lang='lat' dir='ltr'><strong>sacro-</strong></span> 
     </span>
    </p>
   </div>
   <div class='ocr_carea' id='block_1_74' title="bbox 1931 2858 3577 2931">
    <p class='ocr_par' dir='ltr' id='par_1_74' title="bbox 1931 2858 3577 2931">
     <span class='ocr_line' id='line_1_74' title="bbox 1931 2858 3577 2931; baseline 0.003 -19"><span class='ocrx_word' id='word_1_534' title='bbox 1931 2873 2063 2913; x_wconf 88' lang='lat' dir='ltr'><strong>rum</strong></span> <span class='ocrx_word' id='word_1_535' title='bbox 2081 2858 2540 2931; x_wconf 81' lang='lat' dir='ltr'><strong>applaudebant,</strong></span> <span class='ocrx_word' id='word_1_536' title='bbox 2556 2858 2813 2930; x_wconf 90' lang='lat' dir='ltr'><strong>utjustis</strong></span> <span class='ocrx_word' id='word_1_537' title='bbox 2830 2863 2887 2915; x_wconf 90' lang='lat' dir='ltr'><strong>et</strong></span> <span class='ocrx_word' id='word_1_538' title='bbox 2909 2858 3119 2916; x_wconf 88' lang='lat' dir='ltr'><strong>rationi</strong></span> <span class='ocrx_word' id='word_1_539' title='bbox 3142 2862 3577 2929; x_wconf 87' lang='lat' dir='ltr'><strong>consentaneis,</strong></span> 
     </span>
    </p>
   </div>
   <div class='ocr_carea' id='block_1_75' title="bbox 1933 2947 3579 3021">
    <p class='ocr_par' dir='ltr' id='par_1_75' title="bbox 1933 2947 3579 3021">
     <span class='ocr_line' id='line_1_75' title="bbox 1933 2947 3579 3021; baseline 0.003 -19"><span class='ocrx_word' id='word_1_540' title='bbox 1933 2951 2105 3019; x_wconf 89' lang='lat' dir='ltr'><strong>prout</strong></span> <span class='ocrx_word' id='word_1_541' title='bbox 2134 2947 2282 3021; x_wconf 87' lang='lat' dir='ltr'><strong>ipsis</strong></span> <span class='ocrx_word' id='word_1_542' title='bbox 2311 2948 2658 3005; x_wconf 84' lang='lat' dir='ltr'><strong>videbatur:</strong></span> <span class='ocrx_word' id='word_1_543' title='bbox 2693 2947 2964 3005; x_wconf 90' lang='lat' dir='ltr'><strong>nonnulli</strong></span> <span class='ocrx_word' id='word_1_544' title='bbox 3004 2948 3149 3021; x_wconf 90' lang='lat' dir='ltr'><strong>quin</strong></span> <span class='ocrx_word' id='word_1_545' title='bbox 3202 2950 3379 3006; x_wconf 87' lang='lat' dir='ltr'><strong>etiam</strong></span> <span class='ocrx_word' id='word_1_546' title='bbox 3410 2967 3579 3007; x_wconf 89' lang='lat' dir='ltr'><strong>sena-</strong></span> 
     </span>
    </p>
   </div>
   <div class='ocr_carea' id='block_1_76' title="bbox 1933 3038 3578 3110">
    <p class='ocr_par' dir='ltr' id='par_1_76' title="bbox 1933 3038 3578 3110">
     <span class='ocr_line' id='line_1_76' title="bbox 1933 3038 3578 3110; baseline 0.003 -18"><span class='ocrx_word' id='word_1_547' title='bbox 1933 3041 2088 3093; x_wconf 89' lang='lat' dir='ltr'><strong>tores</strong></span> <span class='ocrx_word' id='word_1_548' title='bbox 2117 3041 2176 3093; x_wconf 87' lang='lat' dir='ltr'><strong>et</strong></span> <span class='ocrx_word' id='word_1_549' title='bbox 2206 3053 2275 3094; x_wconf 81' lang='lat' dir='ltr'><strong>ex</strong></span> <span class='ocrx_word' id='word_1_550' title='bbox 2303 3038 2645 3110; x_wconf 79' lang='lat' dir='ltr'><strong>gerentibus</strong></span> <span class='ocrx_word' id='word_1_551' title='bbox 2676 3038 2901 3110; x_wconf 91' lang='lat' dir='ltr'><strong>primos</strong></span> <span class='ocrx_word' id='word_1_552' title='bbox 2926 3039 3307 3110; x_wconf 84' lang='lat' dir='ltr'><strong>magistratus</strong></span> <span class='ocrx_word' id='word_1_553' title='bbox 3330 3056 3578 3097; x_wconf 89' lang='lat' dir='ltr'><strong>consen-</strong></span> 
     </span>
    </p>
   </div>
   <div class='ocr_carea' id='block_1_77' title="bbox 1932 3126 3578 3193">
    <p class='ocr_par' dir='ltr' id='par_1_77' title="bbox 1932 3126 3578 3193">
     <span class='ocr_line' id='line_1_77' title="bbox 1932 3126 3578 3193; baseline 0.002 -10"><span class='ocrx_word' id='word_1_554' title='bbox 1932 3126 2295 3183; x_wconf 81' lang='lat' dir='ltr'><strong>tiebant.Alii</strong></span> <span class='ocrx_word' id='word_1_555' title='bbox 2317 3131 2523 3183; x_wconf 87' lang='lat' dir='ltr'><strong>contra</strong></span> <span class='ocrx_word' id='word_1_556' title='bbox 2538 3127 3192 3193; x_wconf 86' lang='lat' dir='ltr'><strong>tendebant,sententiis</strong></span> <span class='ocrx_word' id='word_1_557' title='bbox 3206 3132 3403 3185; x_wconf 89' lang='lat' dir='ltr'><strong>tamen</strong></span> <span class='ocrx_word' id='word_1_558' title='bbox 3425 3129 3578 3186; x_wconf 91' lang='lat' dir='ltr'><strong>inter</strong></span> 
     </span>
    </p>
   </div>
   <div class='ocr_carea' id='block_1_78' title="bbox 1936 3215 3577 3288">
    <p class='ocr_par' dir='ltr' id='par_1_78' title="bbox 1936 3215 3577 3288">
     <span class='ocr_line' id='line_1_78' title="bbox 1936 3215 3577 3288; baseline 0.001 -14"><span class='ocrx_word' id='word_1_559' title='bbox 1936 3233 2063 3274; x_wconf 87' lang='lat' dir='ltr'><strong>sese</strong></span> <span class='ocrx_word' id='word_1_560' title='bbox 2096 3216 2487 3273; x_wconf 88' lang='lat' dir='ltr'><strong>discordibus.</strong></span> <span class='ocrx_word' id='word_1_561' title='bbox 2519 3216 2664 3272; x_wconf 86' lang='lat' dir='ltr'><strong>Nam</strong></span> <span class='ocrx_word' id='word_1_562' title='bbox 2694 3215 2754 3271; x_wconf 89' lang='lat' dir='ltr'><strong>hi</strong></span> <span class='ocrx_word' id='word_1_563' title='bbox 2788 3215 3047 3288; x_wconf 86' lang='lat' dir='ltr'><strong>quidem,</strong></span> <span class='ocrx_word' id='word_1_564' title='bbox 3080 3218 3333 3274; x_wconf 80' lang='lat' dir='ltr'><strong>maxime</strong></span> <span class='ocrx_word' id='word_1_565' title='bbox 3365 3219 3577 3276; x_wconf 87' lang='lat' dir='ltr'><strong>Lasca-</strong></span> 
     </span>
    </p>
   </div>
   <div class='ocr_carea' id='block_1_79' title="bbox 1937 3305 3585 3381">
    <p class='ocr_par' dir='ltr' id='par_1_79' title="bbox 1937 3305 3585 3381">
     <span class='ocr_line' id='line_1_79' title="bbox 1937 3305 3585 3381; baseline 0.001 -18"><span class='ocrx_word' id='word_1_566' title='bbox 1937 3306 2074 3363; x_wconf 73' lang='lat' dir='ltr'><strong>ride:</strong></span> <span class='ocrx_word' id='word_1_567' title='bbox 2106 3305 2501 3374; x_wconf 88' lang='lat' dir='ltr'><strong>Tzamanturi,</strong></span> <span class='ocrx_word' id='word_1_568' title='bbox 2533 3322 2668 3362; x_wconf 89' lang='lat' dir='ltr'><strong>cum</strong></span> <span class='ocrx_word' id='word_1_569' title='bbox 2700 3306 2917 3378; x_wconf 90' lang='lat' dir='ltr'><strong>quibus</strong></span> <span class='ocrx_word' id='word_1_570' title='bbox 2947 3311 3006 3362; x_wconf 87' lang='lat' dir='ltr'><strong>et</strong></span> <span class='ocrx_word' id='word_1_571' title='bbox 3034 3306 3372 3381; x_wconf 87' lang='lat' dir='ltr'><strong>Nostongus</strong></span> <span class='ocrx_word' id='word_1_572' title='bbox 3403 3308 3585 3365; x_wconf 87' lang='lat' dir='ltr'><strong>Geor-</strong></span> 
     </span>
    </p>
   </div>
   <div class='ocr_carea' id='block_1_80' title="bbox 1935 3394 3576 3470">
    <p class='ocr_par' dir='ltr' id='par_1_80' title="bbox 1935 3394 3576 3470">
     <span class='ocr_line' id='line_1_80' title="bbox 1935 3394 3576 3470; baseline 0.001 -18"><span class='ocrx_word' id='word_1_573' title='bbox 1935 3395 2090 3468; x_wconf 88' lang='lat' dir='ltr'><strong>gius,</strong></span> <span class='ocrx_word' id='word_1_574' title='bbox 2122 3395 2317 3452; x_wconf 88' lang='lat' dir='ltr'><strong>vocari</strong></span> <span class='ocrx_word' id='word_1_575' title='bbox 2346 3400 2402 3453; x_wconf 90' lang='lat' dir='ltr'><strong>et</strong></span> <span class='ocrx_word' id='word_1_576' title='bbox 2433 3410 2561 3453; x_wconf 89' lang='lat' dir='ltr'><strong>esse</strong></span> <span class='ocrx_word' id='word_1_577' title='bbox 2590 3394 2983 3468; x_wconf 68' lang='lat' dir='ltr'><strong>Palteologum</strong></span> <span class='ocrx_word' id='word_1_578' title='bbox 3016 3400 3242 3468; x_wconf 87' lang='lat' dir='ltr'><strong>patrem</strong></span> <span class='ocrx_word' id='word_1_579' title='bbox 3294 3396 3576 3470; x_wconf 87' lang='lat' dir='ltr'><strong>principis</strong></span> 
     </span>
    </p>
   </div>
   <div class='ocr_carea' id='block_1_81' title="bbox 1934 3484 3575 3558">
    <p class='ocr_par' dir='ltr' id='par_1_81' title="bbox 1934 3484 3575 3558">
     <span class='ocr_line' id='line_1_81' title="bbox 1934 3484 3575 3558; baseline 0.001 -17"><span class='ocrx_word' id='word_1_580' title='bbox 1934 3502 2083 3558; x_wconf 63' lang='lat' dir='ltr'><strong>egre</strong></span> <span class='ocrx_word' id='word_1_581' title='bbox 2114 3484 2252 3541; x_wconf 91' lang='lat' dir='ltr'><strong>licet</strong></span> <span class='ocrx_word' id='word_1_582' title='bbox 2280 3502 2345 3541; x_wconf 92' lang='lat' dir='ltr'><strong>ac</strong></span> <span class='ocrx_word' id='word_1_583' title='bbox 2402 3484 2681 3541; x_wconf 89' lang='lat' dir='ltr'><strong>subinviti</strong></span> <span class='ocrx_word' id='word_1_584' title='bbox 2722 3485 3152 3553; x_wconf 86' lang='lat' dir='ltr'><strong>concedebant;</strong></span> <span class='ocrx_word' id='word_1_585' title='bbox 3187 3490 3381 3543; x_wconf 88' lang='lat' dir='ltr'><strong>tamen</strong></span> <span class='ocrx_word' id='word_1_586' title='bbox 3428 3488 3575 3544; x_wconf 87' lang='lat' dir='ltr'><strong>illud</strong></span> 
     </span>
    </p>
   </div>
   <div class='ocr_carea' id='block_1_82' title="bbox 1934 3573 3584 3646">
    <p class='ocr_par' dir='ltr' id='par_1_82' title="bbox 1934 3573 3584 3646">
     <span class='ocr_line' id='line_1_82' title="bbox 1934 3573 3584 3646; baseline 0.002 -16"><span class='ocrx_word' id='word_1_587' title='bbox 1934 3574 2213 3632; x_wconf 88' lang='lat' dir='ltr'><strong>tenebant</strong></span> <span class='ocrx_word' id='word_1_588' title='bbox 2244 3574 2542 3630; x_wconf 91' lang='lat' dir='ltr'><strong>mordicus</strong></span> <span class='ocrx_word' id='word_1_589' title='bbox 2566 3573 2980 3646; x_wconf 60' lang='lat' dir='ltr'><strong>praefracteque</strong></span> <span class='ocrx_word' id='word_1_590' title='bbox 3006 3574 3437 3632; x_wconf 89' lang='lat' dir='ltr'><strong>contendebant</strong></span> <span class='ocrx_word' id='word_1_591' title='bbox 3464 3578 3584 3633; x_wconf 90' lang='lat' dir='ltr'><strong>suf-</strong></span> 
     </span>
    </p>
   </div>
   <div class='ocr_carea' id='block_1_83' title="bbox 1937 3662 3583 3735">
    <p class='ocr_par' dir='ltr' id='par_1_83' title="bbox 1937 3662 3583 3735">
     <span class='ocr_line' id='line_1_83' title="bbox 1937 3662 3583 3735; baseline 0.001 -14"><span class='ocrx_word' id='word_1_592' title='bbox 1937 3665 2107 3721; x_wconf 89' lang='lat' dir='ltr'><strong>ﬁcere</strong></span> <span class='ocrx_word' id='word_1_593' title='bbox 2139 3665 2351 3720; x_wconf 88' lang='lat' dir='ltr'><strong>debere</strong></span> <span class='ocrx_word' id='word_1_594' title='bbox 2381 3664 2560 3719; x_wconf 88' lang='lat' dir='ltr'><strong>tutori</strong></span> <span class='ocrx_word' id='word_1_595' title='bbox 2610 3662 2984 3735; x_wconf 87' lang='lat' dir='ltr'><strong>imperatoris</strong></span> <span class='ocrx_word' id='word_1_596' title='bbox 3033 3664 3583 3735; x_wconf 65' lang='lat' dir='ltr'><strong>praestantissimam</strong></span> 
     </span>
    </p>
   </div>
   <div class='ocr_carea' id='block_1_84' title="bbox 1936 3751 3582 3826">
    <p class='ocr_par' dir='ltr' id='par_1_84' title="bbox 1936 3751 3582 3826">
     <span class='ocr_line' id='line_1_84' title="bbox 1936 3751 3582 3826; baseline 0.001 -16"><span class='ocrx_word' id='word_1_597' title='bbox 1936 3754 2280 3825; x_wconf 82' lang='lat' dir='ltr'><strong>dignitatem</strong></span> <span class='ocrx_word' id='word_1_598' title='bbox 2310 3753 2478 3809; x_wconf 90' lang='lat' dir='ltr'><strong>ducis</strong></span> <span class='ocrx_word' id='word_1_599' title='bbox 2511 3751 2744 3826; x_wconf 88' lang='lat' dir='ltr'><strong>magni:</strong></span> <span class='ocrx_word' id='word_1_600' title='bbox 2778 3751 2971 3808; x_wconf 89' lang='lat' dir='ltr'><strong>ofﬁcio</strong></span> <span class='ocrx_word' id='word_1_601' title='bbox 3000 3768 3135 3808; x_wconf 86' lang='lat' dir='ltr'><strong>vero</strong></span> <span class='ocrx_word' id='word_1_602' title='bbox 3169 3754 3332 3826; x_wconf 87' lang='lat' dir='ltr'><strong>regni</strong></span> <span class='ocrx_word' id='word_1_603' title='bbox 3380 3758 3437 3811; x_wconf 92' lang='lat' dir='ltr'><strong>et</strong></span> <span class='ocrx_word' id='word_1_604' title='bbox 3479 3772 3582 3811; x_wconf 87' lang='lat' dir='ltr'><strong>su-</strong></span> 
     </span>
    </p>
   </div>
   <div class='ocr_carea' id='block_1_85' title="bbox 1937 3840 3583 3915">
    <p class='ocr_par' dir='ltr' id='par_1_85' title="bbox 1937 3840 3583 3915">
     <span class='ocr_line' id='line_1_85' title="bbox 1937 3840 3583 3915; baseline 0.002 -17"><span class='ocrx_word' id='word_1_605' title='bbox 1937 3843 2121 3915; x_wconf 89' lang='lat' dir='ltr'><strong>premi</strong></span> <span class='ocrx_word' id='word_1_606' title='bbox 2152 3841 2399 3899; x_wconf 88' lang='lat' dir='ltr'><strong>dominii</strong></span> <span class='ocrx_word' id='word_1_607' title='bbox 2432 3857 2644 3898; x_wconf 88' lang='lat' dir='ltr'><strong>nomen</strong></span> <span class='ocrx_word' id='word_1_608' title='bbox 2686 3840 2940 3899; x_wconf 87' lang='lat' dir='ltr'><strong>habente</strong></span> <span class='ocrx_word' id='word_1_609' title='bbox 2970 3840 3253 3914; x_wconf 90' lang='lat' dir='ltr'><strong>insignire</strong></span> <span class='ocrx_word' id='word_1_610' title='bbox 3296 3843 3491 3915; x_wconf 85' lang='lat' dir='ltr'><strong>ipsum</strong></span> <span class='ocrx_word' id='word_1_611' title='bbox 3525 3850 3583 3902; x_wconf 89' lang='lat' dir='ltr'><strong>et</strong></span> 
     </span>
    </p>
   </div>
   <div class='ocr_carea' id='block_1_86' title="bbox 1935 3930 3583 4003">
    <p class='ocr_par' dir='ltr' id='par_1_86' title="bbox 1935 3930 3583 4003">
     <span class='ocr_line' id='line_1_86' title="bbox 1935 3930 3583 4003; baseline 0.001 -16"><span class='ocrx_word' id='word_1_612' title='bbox 1935 3931 2273 3990; x_wconf 87' lang='lat' dir='ltr'><strong>istiusmodi</strong></span> <span class='ocrx_word' id='word_1_613' title='bbox 2304 3931 2628 3988; x_wconf 86' lang='lat' dir='ltr'><strong>honoribus</strong></span> <span class='ocrx_word' id='word_1_614' title='bbox 2661 3930 2952 4003; x_wconf 88' lang='lat' dir='ltr'><strong>privatum</strong></span> <span class='ocrx_word' id='word_1_615' title='bbox 2981 3931 3221 3987; x_wconf 91' lang='lat' dir='ltr'><strong>modum</strong></span> <span class='ocrx_word' id='word_1_616' title='bbox 3252 3934 3583 3989; x_wconf 84' lang='lat' dir='ltr'><strong>excedenti-</strong></span> 
     </span>
    </p>
   </div>
   <div class='ocr_carea' id='block_1_87' title="bbox 1938 4018 3583 4093">
    <p class='ocr_par' dir='ltr' id='par_1_87' title="bbox 1938 4018 3583 4093">
     <span class='ocr_line' id='line_1_87' title="bbox 1938 4018 3583 4093; baseline 0 -14"><span class='ocrx_word' id='word_1_617' title='bbox 1938 4022 2048 4079; x_wconf 82' lang='lat' dir='ltr'><strong>bus</strong></span> <span class='ocrx_word' id='word_1_618' title='bbox 2060 4021 2286 4090; x_wconf 76' lang='lat' dir='ltr'><strong>efferre,</strong></span> <span class='ocrx_word' id='word_1_619' title='bbox 2301 4021 2441 4093; x_wconf 91' lang='lat' dir='ltr'><strong>quid</strong></span> <span class='ocrx_word' id='word_1_620' title='bbox 2462 4020 2682 4088; x_wconf 87' lang='lat' dir='ltr'><strong>minus,</strong></span> <span class='ocrx_word' id='word_1_621' title='bbox 2696 4018 2953 4089; x_wconf 89' lang='lat' dir='ltr'><strong>aiebant,</strong></span> <span class='ocrx_word' id='word_1_622' title='bbox 2969 4036 3148 4091; x_wconf 89' lang='lat' dir='ltr'><strong>quam</strong></span> <span class='ocrx_word' id='word_1_623' title='bbox 3162 4020 3222 4076; x_wconf 92' lang='lat' dir='ltr'><strong>in</strong></span> <span class='ocrx_word' id='word_1_624' title='bbox 3237 4022 3507 4079; x_wconf 81' lang='lat' dir='ltr'><strong>maximis</strong></span> <span class='ocrx_word' id='word_1_625' title='bbox 3525 4028 3583 4079; x_wconf 91' lang='lat' dir='ltr'><strong>et</strong></span> 
     </span>
    </p>
   </div>
   <div class='ocr_carea' id='block_1_88' title="bbox 1936 4109 3589 4181">
    <p class='ocr_par' dir='ltr' id='par_1_88' title="bbox 1936 4109 3589 4181">
     <span class='ocr_line' id='line_1_88' title="bbox 1936 4109 3589 4181; baseline 0.001 -13"><span class='ocrx_word' id='word_1_626' title='bbox 1936 4112 2157 4169; x_wconf 88' lang='lat' dir='ltr'><strong>summi</strong></span> <span class='ocrx_word' id='word_1_627' title='bbox 2200 4109 2483 4168; x_wconf 90' lang='lat' dir='ltr'><strong>momenti</strong></span> <span class='ocrx_word' id='word_1_628' title='bbox 2544 4109 2721 4165; x_wconf 88' lang='lat' dir='ltr'><strong>rebus</strong></span> <span class='ocrx_word' id='word_1_629' title='bbox 2780 4109 3145 4181; x_wconf 66' lang='lat' dir='ltr'><strong>prmvaricari</strong></span> <span class='ocrx_word' id='word_1_630' title='bbox 3206 4109 3426 4167; x_wconf 82' lang='lat' dir='ltr'><strong>fuerit?</strong></span> <span class='ocrx_word' id='word_1_631' title='bbox 3458 4128 3589 4170; x_wconf 91' lang='lat' dir='ltr'><strong>esse</strong></span> 
     </span>
    </p>
   </div>
   <div class='ocr_carea' id='block_1_89' title="bbox 1938 4198 3585 4272">
    <p class='ocr_par' dir='ltr' id='par_1_89' title="bbox 1938 4198 3585 4272">
     <span class='ocr_line' id='line_1_89' title="bbox 1938 4198 3585 4272; baseline 0 -15"><span class='ocrx_word' id='word_1_632' title='bbox 1938 4201 2093 4257; x_wconf 89' lang='lat' dir='ltr'><strong>enim</strong></span> <span class='ocrx_word' id='word_1_633' title='bbox 2150 4200 2345 4272; x_wconf 91' lang='lat' dir='ltr'><strong>regias</strong></span> <span class='ocrx_word' id='word_1_634' title='bbox 2394 4198 2675 4271; x_wconf 89' lang='lat' dir='ltr'><strong>virgines,</strong></span> <span class='ocrx_word' id='word_1_635' title='bbox 2708 4213 2941 4254; x_wconf 88' lang='lat' dir='ltr'><strong>sorores</strong></span> <span class='ocrx_word' id='word_1_636' title='bbox 2990 4198 3386 4271; x_wconf 89' lang='lat' dir='ltr'><strong>imperatoris,</strong></span> <span class='ocrx_word' id='word_1_637' title='bbox 3417 4204 3585 4258; x_wconf 79' lang='lat' dir='ltr'><strong>aetate</strong></span> 
     </span>
    </p>
   </div>
   <div class='ocr_carea' id='block_1_90' title="bbox 1937 4287 3585 4362">
    <p class='ocr_par' dir='ltr' id='par_1_90' title="bbox 1937 4287 3585 4362">
     <span class='ocr_line' id='line_1_90' title="bbox 1937 4287 3585 4362; baseline 0.001 -16"><span class='ocrx_word' id='word_1_638' title='bbox 1937 4291 2056 4362; x_wconf 83' lang='lat' dir='ltr'><strong>jam</strong></span> <span class='ocrx_word' id='word_1_639' title='bbox 2090 4287 2301 4359; x_wconf 89' lang='lat' dir='ltr'><strong>nubili,</strong></span> <span class='ocrx_word' id='word_1_640' title='bbox 2336 4305 2463 4360; x_wconf 66' lang='lat' dir='ltr'><strong>quae</strong></span> <span class='ocrx_word' id='word_1_641' title='bbox 2507 4287 2751 4344; x_wconf 86' lang='lat' dir='ltr'><strong>honeste</strong></span> <span class='ocrx_word' id='word_1_642' title='bbox 2768 4303 2834 4345; x_wconf 88' lang='lat' dir='ltr'><strong>ac</strong></span> <span class='ocrx_word' id='word_1_643' title='bbox 2852 4291 3246 4344; x_wconf 78' lang='lat' dir='ltr'><strong>consentanea</strong></span> <span class='ocrx_word' id='word_1_644' title='bbox 3285 4289 3585 4347; x_wconf 88' lang='lat' dir='ltr'><strong>natalibus</strong></span> 
     </span>
    </p>
   </div>
   <div class='ocr_carea' id='block_1_91' title="bbox 1938 4377 3587 4449">
    <p class='ocr_par' dir='ltr' id='par_1_91' title="bbox 1938 4377 3587 4449">
     <span class='ocr_line' id='line_1_91' title="bbox 1938 4377 3587 4449; baseline 0 -14"><span class='ocrx_word' id='word_1_645' title='bbox 1938 4395 2141 4436; x_wconf 89' lang='lat' dir='ltr'><strong>earum</strong></span> <span class='ocrx_word' id='word_1_646' title='bbox 2173 4377 2445 4435; x_wconf 87' lang='lat' dir='ltr'><strong>collocari</strong></span> <span class='ocrx_word' id='word_1_647' title='bbox 2480 4378 2578 4434; x_wconf 72' lang='lat'><strong>&#39;16</strong></span> <span class='ocrx_word' id='word_1_648' title='bbox 2610 4393 2724 4433; x_wconf 91' lang='lat' dir='ltr'><strong>non</strong></span> <span class='ocrx_word' id='word_1_649' title='bbox 2776 4381 3020 4449; x_wconf 90' lang='lat' dir='ltr'><strong>possent</strong></span> <span class='ocrx_word' id='word_1_650' title='bbox 3051 4377 3164 4433; x_wconf 89' lang='lat' dir='ltr'><strong>nisi</strong></span> <span class='ocrx_word' id='word_1_651' title='bbox 3214 4377 3355 4434; x_wconf 90' lang='lat' dir='ltr'><strong>viris</strong></span> <span class='ocrx_word' id='word_1_652' title='bbox 3400 4380 3587 4435; x_wconf 84' lang='lat' dir='ltr'><strong>excel-</strong></span> 
     </span>
    </p>
   </div>
   <div class='ocr_carea' id='block_1_92' title="bbox 1938 4465 3589 4541">
    <p class='ocr_par' dir='ltr' id='par_1_92' title="bbox 1938 4465 3589 4541">
     <span class='ocr_line' id='line_1_92' title="bbox 1938 4465 3589 4541; baseline 0.001 -18"><span class='ocrx_word' id='word_1_653' title='bbox 1938 4468 2081 4526; x_wconf 90' lang='lat' dir='ltr'><strong>leuti</strong></span> <span class='ocrx_word' id='word_1_654' title='bbox 2113 4468 2399 4541; x_wconf 89' lang='lat' dir='ltr'><strong>dignitate</strong></span> <span class='ocrx_word' id='word_1_655' title='bbox 2427 4465 2785 4539; x_wconf 88' lang='lat' dir='ltr'><strong>conspicuis,</strong></span> <span class='ocrx_word' id='word_1_656' title='bbox 2818 4481 2990 4537; x_wconf 84' lang='lat' dir='ltr'><strong>quam</strong></span> <span class='ocrx_word' id='word_1_657' title='bbox 3024 4466 3374 4538; x_wconf 86' lang='lat' dir='ltr'><strong>dignitatem</strong></span> <span class='ocrx_word' id='word_1_658' title='bbox 3399 4467 3488 4524; x_wconf 91' lang='lat' dir='ltr'><strong>vel</strong></span> <span class='ocrx_word' id='word_1_659' title='bbox 3520 4484 3589 4525; x_wconf 84' lang='lat' dir='ltr'><strong>ex</strong></span> 
     </span>
    </p>
   </div>
   <div class='ocr_carea' id='block_1_93' title="bbox 1939 4553 3586 4629">
    <p class='ocr_par' dir='ltr' id='par_1_93' title="bbox 1939 4553 3586 4629">
     <span class='ocr_line' id='line_1_93' title="bbox 1939 4553 3586 4629; baseline -0.002 -13"><span class='ocrx_word' id='word_1_660' title='bbox 1939 4575 2002 4616; x_wconf 90' lang='lat' dir='ltr'><strong>se</strong></span> <span class='ocrx_word' id='word_1_661' title='bbox 2024 4559 2148 4629; x_wconf 89' lang='lat' dir='ltr'><strong>jam</strong></span> <span class='ocrx_word' id='word_1_662' title='bbox 2178 4556 2434 4612; x_wconf 89' lang='lat' dir='ltr'><strong>habeant</strong></span> <span class='ocrx_word' id='word_1_663' title='bbox 2462 4553 2552 4611; x_wconf 89' lang='lat' dir='ltr'><strong>vel</strong></span> <span class='ocrx_word' id='word_1_664' title='bbox 2584 4555 2642 4610; x_wconf 87' lang='lat' dir='ltr'><strong>in</strong></span> <span class='ocrx_word' id='word_1_665' title='bbox 2666 4554 2801 4611; x_wconf 89' lang='lat' dir='ltr'><strong>talis</strong></span> <span class='ocrx_word' id='word_1_666' title='bbox 2827 4554 3189 4611; x_wconf 85' lang='lat' dir='ltr'><strong>matrimonii</strong></span> <span class='ocrx_word' id='word_1_667' title='bbox 3215 4556 3471 4613; x_wconf 83' lang='lat' dir='ltr'><strong>favorem</strong></span> <span class='ocrx_word' id='word_1_668' title='bbox 3491 4575 3586 4613; x_wconf 81' lang='lat' dir='ltr'><strong>ac—</strong></span> 
     </span>
    </p>
   </div>
   <div class='ocr_carea' id='block_1_94' title="bbox 160 4632 3588 4723">
    <p class='ocr_par' dir='ltr' id='par_1_94' title="bbox 160 4632 3588 4723">
     <span class='ocr_line' id='line_1_94' title="bbox 160 4632 3588 4723; baseline -0.004 -6"><span class='ocrx_word' id='word_1_669' title='bbox 160 4632 477 4717; x_wconf 72' lang='lat' dir='ltr'><strong>nescimus</strong></span> <span class='ocrx_word' id='word_1_670' title='bbox 535 4655 758 4723; x_wconf 86' lang='lat' dir='ltr'><strong>quanta</strong></span> <span class='ocrx_word' id='word_1_671' title='bbox 782 4651 927 4706; x_wconf 91' lang='lat' dir='ltr'><strong>insit</strong></span> <span class='ocrx_word' id='word_1_672' title='bbox 955 4650 1008 4705; x_wconf 89' lang='lat' dir='ltr'><strong>ei</strong></span> <span class='ocrx_word' id='word_1_673' title='bbox 1029 4649 1292 4707; x_wconf 89' lang='lat' dir='ltr'><strong>charitas</strong></span> <span class='ocrx_word' id='word_1_674' title='bbox 1324 4650 1382 4705; x_wconf 91' lang='lat' dir='ltr'><strong>in</strong></span> <span class='ocrx_word' id='word_1_675' title='bbox 1413 4656 1621 4721; x_wconf 84' lang='lat' dir='ltr'><strong>Deum,</strong></span> <span class='ocrx_word' id='word_1_676' title='bbox 1650 4667 1826 4722; x_wconf 89' lang='lat' dir='ltr'><strong>quam</strong></span> <span class='ocrx_word' id='word_1_677' title='bbox 1858 4632 1904 4697; x_wconf 80' lang='grc' dir='ltr'><strong>Ι)</strong></span> <span class='ocrx_word' id='word_1_678' title='bbox 1936 4648 2173 4721; x_wconf 88' lang='lat' dir='ltr'><strong>cipiant.</strong></span> <span class='ocrx_word' id='word_1_679' title='bbox 2204 4649 2392 4713; x_wconf 86' lang='lat' dir='ltr'><strong>Quare</strong></span> <span class='ocrx_word' id='word_1_680' title='bbox 2419 4644 2580 4701; x_wconf 90' lang='lat' dir='ltr'><strong>hisce</strong></span> <span class='ocrx_word' id='word_1_681' title='bbox 2613 4644 2935 4700; x_wconf 88' lang='lat' dir='ltr'><strong>servandos</strong></span> <span class='ocrx_word' id='word_1_682' title='bbox 2980 4642 3183 4701; x_wconf 90' lang='lat' dir='ltr'><strong>titulos</strong></span> <span class='ocrx_word' id='word_1_683' title='bbox 3236 4647 3400 4714; x_wconf 90' lang='lat' dir='ltr'><strong>istos,</strong></span> <span class='ocrx_word' id='word_1_684' title='bbox 3438 4664 3588 4719; x_wconf 90' lang='lat' dir='ltr'><strong>quos</strong></span> 
     </span>
    </p>
   </div>
   <div class='ocr_carea' id='block_1_95' title="bbox 166 4740 1827 4812">
    <p class='ocr_par' dir='ltr' id='par_1_95' title="bbox 166 4740 1827 4812">
     <span class='ocr_line' id='line_1_95' title="bbox 166 4740 1827 4812; baseline -0.007 -5"><span class='ocrx_word' id='word_1_685' title='bbox 166 4751 389 4807; x_wconf 87' lang='lat' dir='ltr'><strong>ardens</strong></span> <span class='ocrx_word' id='word_1_686' title='bbox 427 4743 690 4800; x_wconf 90' lang='lat' dir='ltr'><strong>studium</strong></span> <span class='ocrx_word' id='word_1_687' title='bbox 729 4756 926 4797; x_wconf 89' lang='lat' dir='ltr'><strong>rerum</strong></span> <span class='ocrx_word' id='word_1_688' title='bbox 945 4740 1352 4806; x_wconf 86' lang='lat' dir='ltr'><strong>honestarum,</strong></span> <span class='ocrx_word' id='word_1_689' title='bbox 1372 4744 1630 4812; x_wconf 90' lang='lat' dir='ltr'><strong>quantus</strong></span> <span class='ocrx_word' id='word_1_690' title='bbox 1661 4756 1827 4795; x_wconf 88' lang='lat' dir='ltr'><strong>amor</strong></span> 
     </span>
    </p>
   </div>
   <div class='ocr_carea' id='block_1_96' title="bbox 159 4831 1823 4905">
    <p class='ocr_par' dir='ltr' id='par_1_96' title="bbox 159 4831 1823 4905">
     <span class='ocr_line' id='line_1_96' title="bbox 159 4831 1823 4905; baseline -0.007 -6"><span class='ocrx_word' id='word_1_691' title='bbox 159 4843 224 4898; x_wconf 89' lang='lat' dir='ltr'><strong>in</strong></span> <span class='ocrx_word' id='word_1_692' title='bbox 258 4834 657 4897; x_wconf 85' lang='lat' dir='ltr'><strong>monasticum</strong></span> <span class='ocrx_word' id='word_1_693' title='bbox 689 4832 979 4898; x_wconf 89' lang='lat' dir='ltr'><strong>ordinem,</strong></span> <span class='ocrx_word' id='word_1_694' title='bbox 1002 4848 1095 4887; x_wconf 91' lang='lat' dir='ltr'><strong>res</strong></span> <span class='ocrx_word' id='word_1_695' title='bbox 1118 4831 1372 4904; x_wconf 90' lang='lat' dir='ltr'><strong>denique</strong></span> <span class='ocrx_word' id='word_1_696' title='bbox 1394 4847 1599 4889; x_wconf 91' lang='lat' dir='ltr'><strong>omnes</strong></span> <span class='ocrx_word' id='word_1_697' title='bbox 1617 4835 1674 4887; x_wconf 91' lang='lat' dir='ltr'><strong>et</strong></span> <span class='ocrx_word' id='word_1_698' title='bbox 1694 4848 1823 4905; x_wconf 92' lang='lat' dir='ltr'><strong>per-</strong></span> 
     </span>
    </p>
   </div>
   <div class='ocr_carea' id='block_1_97' title="bbox 162 4920 1827 4995">
    <p class='ocr_par' dir='ltr' id='par_1_97' title="bbox 162 4920 1827 4995">
     <span class='ocr_line' id='line_1_97' title="bbox 162 4920 1827 4995; baseline -0.007 -6"><span class='ocrx_word' id='word_1_699' title='bbox 162 4947 351 4989; x_wconf 86' lang='lat' dir='ltr'><strong>sonas</strong></span> <span class='ocrx_word' id='word_1_700' title='bbox 364 4922 791 4983; x_wconf 88' lang='lat' dir='ltr'><strong>ecclesiasticas</strong></span> <span class='ocrx_word' id='word_1_701' title='bbox 808 4938 989 4994; x_wconf 91' lang='lat' dir='ltr'><strong>quam</strong></span> <span class='ocrx_word' id='word_1_702' title='bbox 1014 4922 1277 4995; x_wconf 88' lang='lat' dir='ltr'><strong>impense</strong></span> <span class='ocrx_word' id='word_1_703' title='bbox 1305 4922 1642 4977; x_wconf 80' lang='lat' dir='ltr'><strong>veneretur?</strong></span> <span class='ocrx_word' id='word_1_704' title='bbox 1659 4920 1827 4977; x_wconf 89' lang='lat' dir='ltr'><strong>testis</strong></span> 
     </span>
    </p>
   </div>
   <div class='ocr_carea' id='block_1_98' title="bbox 160 5010 1827 5095">
    <p class='ocr_par' dir='ltr' id='par_1_98' title="bbox 160 5010 1827 5095">
     <span class='ocr_line' id='line_1_98' title="bbox 160 5010 1827 5095; baseline -0.006 -18"><span class='ocrx_word' id='word_1_705' title='bbox 160 5037 295 5095; x_wconf 67' lang='lat' dir='ltr'><strong>qua</strong></span> <span class='ocrx_word' id='word_1_706' title='bbox 326 5018 486 5073; x_wconf 88' lang='lat' dir='ltr'><strong>inest</strong></span> <span class='ocrx_word' id='word_1_707' title='bbox 536 5012 650 5085; x_wconf 91' lang='lat' dir='ltr'><strong>ipsi</strong></span> <span class='ocrx_word' id='word_1_708' title='bbox 708 5010 1146 5067; x_wconf 90' lang='lat' dir='ltr'><strong>modestissima</strong></span> <span class='ocrx_word' id='word_1_709' title='bbox 1195 5011 1499 5082; x_wconf 85' lang='lat' dir='ltr'><strong>demissio,</strong></span> <span class='ocrx_word' id='word_1_710' title='bbox 1532 5010 1827 5083; x_wconf 89' lang='lat' dir='ltr'><strong>populari-</strong></span> 
     </span>
    </p>
   </div>
   <div class='ocr_carea' id='block_1_99' title="bbox 159 5100 1830 5173">
    <p class='ocr_par' dir='ltr' id='par_1_99' title="bbox 159 5100 1830 5173">
     <span class='ocr_line' id='line_1_99' title="bbox 159 5100 1830 5173; baseline -0.007 -4"><span class='ocrx_word' id='word_1_711' title='bbox 159 5117 261 5169; x_wconf 87' lang='lat' dir='ltr'><strong>tas</strong></span> <span class='ocrx_word' id='word_1_712' title='bbox 310 5104 525 5163; x_wconf 88' lang='lat' dir='ltr'><strong>hilaris</strong></span> <span class='ocrx_word' id='word_1_713' title='bbox 556 5103 627 5159; x_wconf 83' lang='lat' dir='ltr'><strong>ad</strong></span> <span class='ocrx_word' id='word_1_714' title='bbox 673 5117 901 5157; x_wconf 89' lang='lat' dir='ltr'><strong>omnes.</strong></span> <span class='ocrx_word' id='word_1_715' title='bbox 934 5100 1320 5173; x_wconf 87' lang='lat' dir='ltr'><strong>Benignitatis</strong></span> <span class='ocrx_word' id='word_1_716' title='bbox 1378 5118 1551 5173; x_wconf 90' lang='lat' dir='ltr'><strong>porro</strong></span> <span class='ocrx_word' id='word_1_717' title='bbox 1595 5103 1722 5172; x_wconf 87' lang='lat' dir='ltr'><strong>ejus</strong></span> <span class='ocrx_word' id='word_1_718' title='bbox 1770 5106 1830 5158; x_wconf 90' lang='lat' dir='ltr'><strong>et</strong></span> 
     </span>
    </p>
   </div>
   <div class='ocr_carea' id='block_1_100' title="bbox 160 5190 1828 5276">
    <p class='ocr_par' dir='ltr' id='par_1_100' title="bbox 160 5190 1828 5276">
     <span class='ocr_line' id='line_1_100' title="bbox 160 5190 1828 5276; baseline -0.005 -19"><span class='ocrx_word' id='word_1_719' title='bbox 160 5194 537 5276; x_wconf 83' lang='lat' dir='ltr'><strong>profusionis</strong></span> <span class='ocrx_word' id='word_1_720' title='bbox 568 5193 628 5247; x_wconf 89' lang='lat' dir='ltr'><strong>in</strong></span> <span class='ocrx_word' id='word_1_721' title='bbox 662 5191 933 5247; x_wconf 88' lang='lat' dir='ltr'><strong>donando</strong></span> <span class='ocrx_word' id='word_1_722' title='bbox 962 5190 1250 5248; x_wconf 91' lang='lat' dir='ltr'><strong>indicium</strong></span> <span class='ocrx_word' id='word_1_723' title='bbox 1282 5191 1439 5247; x_wconf 88' lang='lat' dir='ltr'><strong>idem</strong></span> <span class='ocrx_word' id='word_1_724' title='bbox 1472 5191 1828 5263; x_wconf 77' lang='lat' dir='ltr'><strong>effectusque</strong></span> 
     </span>
    </p>
   </div>
   <div class='ocr_carea' id='block_1_101' title="bbox 159 5279 1829 5358">
    <p class='ocr_par' dir='ltr' id='par_1_101' title="bbox 159 5279 1829 5358">
     <span class='ocr_line' id='line_1_101' title="bbox 159 5279 1829 5358; baseline -0.008 -11"><span class='ocrx_word' id='word_1_725' title='bbox 159 5294 279 5358; x_wconf 88' lang='lat' dir='ltr'><strong>est,</strong></span> <span class='ocrx_word' id='word_1_726' title='bbox 312 5299 555 5342; x_wconf 90' lang='lat' dir='ltr'><strong>summa</strong></span> <span class='ocrx_word' id='word_1_727' title='bbox 584 5283 902 5353; x_wconf 86' lang='lat' dir='ltr'><strong>paupertas</strong></span> <span class='ocrx_word' id='word_1_728' title='bbox 934 5295 1130 5335; x_wconf 89' lang='lat' dir='ltr'><strong>rerum</strong></span> <span class='ocrx_word' id='word_1_729' title='bbox 1182 5295 1364 5351; x_wconf 88' lang='lat' dir='ltr'><strong>supra</strong></span> <span class='ocrx_word' id='word_1_730' title='bbox 1393 5295 1567 5334; x_wconf 89' lang='lat' dir='ltr'><strong>usum</strong></span> <span class='ocrx_word' id='word_1_731' title='bbox 1612 5279 1829 5334; x_wconf 83' lang='lat' dir='ltr'><strong>redun-</strong></span> 
     </span>
    </p>
   </div>
   <div class='ocr_carea' id='block_1_102' title="bbox 160 5368 1829 5444">
    <p class='ocr_par' dir='ltr' id='par_1_102' title="bbox 160 5368 1829 5444">
     <span class='ocr_line' id='line_1_102' title="bbox 160 5368 1829 5444; baseline -0.008 -7"><span class='ocrx_word' id='word_1_732' title='bbox 160 5376 469 5443; x_wconf 90' lang='lat' dir='ltr'><strong>dantium,</strong></span> <span class='ocrx_word' id='word_1_733' title='bbox 500 5386 679 5444; x_wconf 90' lang='lat' dir='ltr'><strong>quam</strong></span> <span class='ocrx_word' id='word_1_734' title='bbox 713 5369 907 5426; x_wconf 89' lang='lat' dir='ltr'><strong>sciens</strong></span> <span class='ocrx_word' id='word_1_735' title='bbox 956 5368 1276 5443; x_wconf 89' lang='lat' dir='ltr'><strong>volensque</strong></span> <span class='ocrx_word' id='word_1_736' title='bbox 1309 5371 1369 5424; x_wconf 91' lang='lat' dir='ltr'><strong>in</strong></span> <span class='ocrx_word' id='word_1_737' title='bbox 1421 5384 1482 5425; x_wconf 86' lang='lat' dir='ltr'><strong>se</strong></span> <span class='ocrx_word' id='word_1_738' title='bbox 1531 5370 1716 5425; x_wconf 88' lang='lat' dir='ltr'><strong>ambit</strong></span> <span class='ocrx_word' id='word_1_739' title='bbox 1764 5385 1829 5424; x_wconf 90' lang='lat' dir='ltr'><strong>ac</strong></span> 
     </span>
    </p>
   </div>
   <div class='ocr_carea' id='block_1_103' title="bbox 159 5458 1826 5545">
    <p class='ocr_par' dir='ltr' id='par_1_103' title="bbox 159 5458 1826 5545">
     <span class='ocr_line' id='line_1_103' title="bbox 159 5458 1826 5545; baseline -0.008 -19"><span class='ocrx_word' id='word_1_740' title='bbox 159 5468 451 5545; x_wconf 89' lang='lat' dir='ltr'><strong>procurat</strong></span> <span class='ocrx_word' id='word_1_741' title='bbox 481 5459 906 5519; x_wconf 88' lang='lat' dir='ltr'><strong>liberalissima</strong></span> <span class='ocrx_word' id='word_1_742' title='bbox 934 5458 1245 5532; x_wconf 91' lang='lat' dir='ltr'><strong>largitione</strong></span> <span class='ocrx_word' id='word_1_743' title='bbox 1276 5460 1565 5515; x_wconf 88' lang='lat' dir='ltr'><strong>bonorum</strong></span> <span class='ocrx_word' id='word_1_744' title='bbox 1597 5458 1826 5514; x_wconf 88' lang='lat' dir='ltr'><strong>talium.</strong></span> 
     </span>
    </p>
   </div>
   <div class='ocr_carea' id='block_1_104' title="bbox 155 5548 1828 5625">
    <p class='ocr_par' dir='ltr' id='par_1_104' title="bbox 155 5548 1828 5625">
     <span class='ocr_line' id='line_1_104' title="bbox 155 5548 1828 5625; baseline -0.007 -10"><span class='ocrx_word' id='word_1_745' title='bbox 155 5557 457 5625; x_wconf 86' lang='lat' dir='ltr'><strong>Quocirca</strong></span> <span class='ocrx_word' id='word_1_746' title='bbox 488 5552 801 5622; x_wconf 90' lang='lat' dir='ltr'><strong>etjustum</strong></span> <span class='ocrx_word' id='word_1_747' title='bbox 850 5554 907 5605; x_wconf 91' lang='lat' dir='ltr'><strong>et</strong></span> <span class='ocrx_word' id='word_1_748' title='bbox 962 5548 1301 5622; x_wconf 64' lang='lat' dir='ltr'><strong>reipublicae</strong></span> <span class='ocrx_word' id='word_1_749' title='bbox 1356 5549 1500 5605; x_wconf 91' lang='lat' dir='ltr'><strong>utile</strong></span> <span class='ocrx_word' id='word_1_750' title='bbox 1554 5548 1744 5611; x_wconf 78' lang='lat' dir='ltr'><strong>fuerit,</strong></span> <span class='ocrx_word' id='word_1_751' title='bbox 1776 5549 1828 5604; x_wconf 92' lang='lat' dir='ltr'><strong>si</strong></span> 
     </span>
    </p>
   </div>
   <div class='ocr_carea' id='block_1_105' title="bbox 159 5638 1829 5724">
    <p class='ocr_par' dir='ltr' id='par_1_105' title="bbox 159 5638 1829 5724">
     <span class='ocr_line' id='line_1_105' title="bbox 159 5638 1829 5724; baseline -0.007 -19"><span class='ocrx_word' id='word_1_752' title='bbox 159 5653 385 5724; x_wconf 65' lang='lat' dir='ltr'><strong>prmter</strong></span> <span class='ocrx_word' id='word_1_753' title='bbox 415 5641 872 5716; x_wconf 81' lang='lat' dir='ltr'><strong>appellationem</strong></span> <span class='ocrx_word' id='word_1_754' title='bbox 904 5639 1089 5712; x_wconf 85' lang='lat' dir='ltr'><strong>patris</strong></span> <span class='ocrx_word' id='word_1_755' title='bbox 1114 5639 1399 5712; x_wconf 88' lang='lat' dir='ltr'><strong>principis</strong></span> <span class='ocrx_word' id='word_1_756' title='bbox 1430 5639 1562 5695; x_wconf 86' lang='lat' dir='ltr'><strong>aliis</strong></span> <span class='ocrx_word' id='word_1_757' title='bbox 1588 5638 1829 5711; x_wconf 89' lang='lat' dir='ltr'><strong>insuper</strong></span> 
     </span>
    </p>
   </div>
   <div class='ocr_carea' id='block_1_106' title="bbox 159 5730 1824 5811">
    <p class='ocr_par' dir='ltr' id='par_1_106' title="bbox 159 5730 1824 5811">
     <span class='ocr_line' id='line_1_106' title="bbox 159 5730 1824 5811; baseline -0.007 -13"><span class='ocrx_word' id='word_1_758' title='bbox 159 5735 450 5811; x_wconf 88' lang='lat' dir='ltr'><strong>congruis</strong></span> <span class='ocrx_word' id='word_1_759' title='bbox 483 5732 587 5790; x_wconf 91' lang='lat' dir='ltr'><strong>tali</strong></span> <span class='ocrx_word' id='word_1_760' title='bbox 619 5732 891 5804; x_wconf 81' lang='lat' dir='ltr'><strong>dignitati</strong></span> <span class='ocrx_word' id='word_1_761' title='bbox 912 5730 1102 5787; x_wconf 90' lang='lat' dir='ltr'><strong>titulis</strong></span> <span class='ocrx_word' id='word_1_762' title='bbox 1126 5730 1450 5787; x_wconf 88' lang='lat' dir='ltr'><strong>honoretur</strong></span> <span class='ocrx_word' id='word_1_763' title='bbox 1468 5733 1626 5787; x_wconf 88' lang='lat' dir='ltr'><strong>tutor</strong></span> <span class='ocrx_word' id='word_1_764' title='bbox 1648 5731 1824 5803; x_wconf 89' lang='lat' dir='ltr'><strong>impe-</strong></span> 
     </span>
    </p>
   </div>
   <div class='ocr_carea' id='block_1_107' title="bbox 1933 4733 3586 4810">
    <p class='ocr_par' dir='ltr' id='par_1_107' title="bbox 1933 4733 3586 4810">
     <span class='ocr_line' id='line_1_107' title="bbox 1933 4733 3586 4810; baseline -0.001 -17"><span class='ocrx_word' id='word_1_765' title='bbox 1933 4738 2174 4810; x_wconf 93' lang='lat' dir='ltr'><strong>quidam</strong></span> <span class='ocrx_word' id='word_1_766' title='bbox 2205 4733 2594 4792; x_wconf 89' lang='lat' dir='ltr'><strong>cumulandos</strong></span> <span class='ocrx_word' id='word_1_767' title='bbox 2618 4733 2675 4789; x_wconf 91' lang='lat' dir='ltr'><strong>in</strong></span> <span class='ocrx_word' id='word_1_768' title='bbox 2701 4749 2887 4789; x_wconf 90' lang='lat' dir='ltr'><strong>unum</strong></span> <span class='ocrx_word' id='word_1_769' title='bbox 2904 4734 3031 4804; x_wconf 91' lang='lat' dir='ltr'><strong>jam</strong></span> <span class='ocrx_word' id='word_1_770' title='bbox 3053 4734 3287 4791; x_wconf 90' lang='lat' dir='ltr'><strong>abunde</strong></span> <span class='ocrx_word' id='word_1_771' title='bbox 3309 4740 3586 4792; x_wconf 89' lang='lat' dir='ltr'><strong>ornatum</strong></span> 
     </span>
    </p>
   </div>
   <div class='ocr_carea' id='block_1_108' title="bbox 1935 4823 3587 4897">
    <p class='ocr_par' dir='ltr' id='par_1_108' title="bbox 1935 4823 3587 4897">
     <span class='ocr_line' id='line_1_108' title="bbox 1935 4823 3587 4897; baseline -0.002 -13"><span class='ocrx_word' id='word_1_772' title='bbox 1935 4827 2375 4892; x_wconf 88' lang='lat' dir='ltr'><strong>contenderent,</strong></span> <span class='ocrx_word' id='word_1_773' title='bbox 2401 4840 2472 4881; x_wconf 93' lang='lat' dir='ltr'><strong>ne</strong></span> <span class='ocrx_word' id='word_1_774' title='bbox 2503 4823 2811 4895; x_wconf 87' lang='lat' dir='ltr'><strong>occupatis</strong></span> <span class='ocrx_word' id='word_1_775' title='bbox 2843 4823 3075 4880; x_wconf 92' lang='lat' dir='ltr'><strong>cunctis</strong></span> <span class='ocrx_word' id='word_1_776' title='bbox 3095 4824 3379 4897; x_wconf 87' lang='lat' dir='ltr'><strong>gradibus</strong></span> <span class='ocrx_word' id='word_1_777' title='bbox 3401 4826 3587 4881; x_wconf 87' lang='lat' dir='ltr'><strong>subli-</strong></span> 
     </span>
    </p>
   </div>
   <div class='ocr_carea' id='block_1_109' title="bbox 1936 4911 3586 4985">
    <p class='ocr_par' dir='ltr' id='par_1_109' title="bbox 1936 4911 3586 4985">
     <span class='ocr_line' id='line_1_109' title="bbox 1936 4911 3586 4985; baseline -0.001 -13"><span class='ocrx_word' id='word_1_778' title='bbox 1936 4916 2140 4973; x_wconf 89' lang='lat' dir='ltr'><strong>mioris</strong></span> <span class='ocrx_word' id='word_1_779' title='bbox 2170 4912 2410 4971; x_wconf 89' lang='lat' dir='ltr'><strong>honoris</strong></span> <span class='ocrx_word' id='word_1_780' title='bbox 2433 4911 2602 4985; x_wconf 63' lang='lat' dir='ltr'><strong>regiae</strong></span> <span class='ocrx_word' id='word_1_781' title='bbox 2632 4911 2911 4984; x_wconf 87' lang='lat' dir='ltr'><strong>virgines,</strong></span> <span class='ocrx_word' id='word_1_782' title='bbox 2938 4928 3053 4968; x_wconf 91' lang='lat' dir='ltr'><strong>non</strong></span> <span class='ocrx_word' id='word_1_783' title='bbox 3083 4929 3153 4969; x_wconf 81' lang='lat' dir='ltr'><strong>ex</strong></span> <span class='ocrx_word' id='word_1_784' title='bbox 3176 4918 3337 4985; x_wconf 87' lang='lat' dir='ltr'><strong>patre</strong></span> <span class='ocrx_word' id='word_1_785' title='bbox 3367 4913 3586 4984; x_wconf 90' lang='lat' dir='ltr'><strong>solum,</strong></span> 
     </span>
    </p>
   </div>
   <div class='ocr_carea' id='block_1_110' title="bbox 1935 5002 3587 5076">
    <p class='ocr_par' dir='ltr' id='par_1_110' title="bbox 1935 5002 3587 5076">
     <span class='ocr_line' id='line_1_110' title="bbox 1935 5002 3587 5076; baseline -0.002 -13"><span class='ocrx_word' id='word_1_786' title='bbox 1935 5008 2037 5064; x_wconf 91' lang='lat' dir='ltr'><strong>sed</strong></span> <span class='ocrx_word' id='word_1_787' title='bbox 2070 5021 2175 5061; x_wconf 91' lang='lat' dir='ltr'><strong>avo</strong></span> <span class='ocrx_word' id='word_1_788' title='bbox 2200 5003 2398 5069; x_wconf 87' lang='lat' dir='ltr'><strong>etiam,</strong></span> <span class='ocrx_word' id='word_1_789' title='bbox 2424 5018 2639 5075; x_wconf 87' lang='lat' dir='ltr'><strong>proavo</strong></span> <span class='ocrx_word' id='word_1_790' title='bbox 2668 5006 2727 5057; x_wconf 91' lang='lat' dir='ltr'><strong>et</strong></span> <span class='ocrx_word' id='word_1_791' title='bbox 2748 5002 2929 5058; x_wconf 88' lang='lat' dir='ltr'><strong>abavo</strong></span> <span class='ocrx_word' id='word_1_792' title='bbox 2947 5003 3332 5073; x_wconf 84' lang='lat' dir='ltr'><strong>regnantibus</strong></span> <span class='ocrx_word' id='word_1_793' title='bbox 3353 5004 3587 5076; x_wconf 87' lang='lat' dir='ltr'><strong>genitae,</strong></span> 
     </span>
    </p>
   </div>
   <div class='ocr_carea' id='block_1_111' title="bbox 1935 5090 3590 5169">
    <p class='ocr_par' dir='ltr' id='par_1_111' title="bbox 1935 5090 3590 5169">
     <span class='ocr_line' id='line_1_111' title="bbox 1935 5090 3590 5169; baseline -0.003 -15"><span class='ocrx_word' id='word_1_794' title='bbox 1935 5095 2188 5169; x_wconf 91' lang='lat' dir='ltr'><strong>deprimi</strong></span> <span class='ocrx_word' id='word_1_795' title='bbox 2220 5094 2402 5150; x_wconf 86' lang='lat' dir='ltr'><strong>nutiis</strong></span> <span class='ocrx_word' id='word_1_796' title='bbox 2436 5090 2615 5148; x_wconf 89' lang='lat' dir='ltr'><strong>nimis</strong></span> <span class='ocrx_word' id='word_1_797' title='bbox 2664 5091 2995 5164; x_wconf 89' lang='lat' dir='ltr'><strong>imparibus</strong></span> <span class='ocrx_word' id='word_1_798' title='bbox 3027 5096 3086 5148; x_wconf 89' lang='lat' dir='ltr'><strong>et</strong></span> <span class='ocrx_word' id='word_1_799' title='bbox 3138 5092 3349 5150; x_wconf 90' lang='lat' dir='ltr'><strong>misere</strong></span> <span class='ocrx_word' id='word_1_800' title='bbox 3383 5093 3443 5149; x_wconf 93' lang='lat' dir='ltr'><strong>in</strong></span> <span class='ocrx_word' id='word_1_801' title='bbox 3495 5111 3590 5150; x_wconf 87' lang='lat' dir='ltr'><strong>or-</strong></span> 
     </span>
    </p>
   </div>
   <div class='ocr_carea' id='block_1_112' title="bbox 1935 5180 3585 5256">
    <p class='ocr_par' dir='ltr' id='par_1_112' title="bbox 1935 5180 3585 5256">
     <span class='ocr_line' id='line_1_112' title="bbox 1935 5180 3585 5256; baseline -0.002 -13"><span class='ocrx_word' id='word_1_802' title='bbox 1935 5188 2134 5244; x_wconf 91' lang='lat' dir='ltr'><strong>dinem</strong></span> <span class='ocrx_word' id='word_1_803' title='bbox 2166 5201 2235 5241; x_wconf 82' lang='lat' dir='ltr'><strong>ex</strong></span> <span class='ocrx_word' id='word_1_804' title='bbox 2265 5186 2517 5256; x_wconf 85' lang='lat' dir='ltr'><strong>augusto</strong></span> <span class='ocrx_word' id='word_1_805' title='bbox 2549 5180 2789 5254; x_wconf 87' lang='lat' dir='ltr'><strong>fastigio</strong></span> <span class='ocrx_word' id='word_1_806' title='bbox 2822 5181 3005 5252; x_wconf 77' lang='lat' dir='ltr'><strong>redigi</strong></span> <span class='ocrx_word' id='word_1_807' title='bbox 3039 5197 3278 5239; x_wconf 90' lang='lat' dir='ltr'><strong>necesse</strong></span> <span class='ocrx_word' id='word_1_808' title='bbox 3308 5183 3585 5240; x_wconf 91' lang='lat' dir='ltr'><strong>habeant.</strong></span> 
     </span>
    </p>
   </div>
   <div class='ocr_carea' id='block_1_113' title="bbox 1935 5270 3588 5344">
    <p class='ocr_par' dir='ltr' id='par_1_113' title="bbox 1935 5270 3588 5344">
     <span class='ocr_line' id='line_1_113' title="bbox 1935 5270 3588 5344; baseline -0.003 -11"><span class='ocrx_word' id='word_1_809' title='bbox 1935 5279 1976 5333; x_wconf 84' lang='grc' dir='ltr'>Ε</span> <span class='ocrx_word' id='word_1_810' title='bbox 2010 5274 2302 5333; x_wconf 89' lang='lat' dir='ltr'><strong>contrario</strong></span> <span class='ocrx_word' id='word_1_811' title='bbox 2349 5270 3072 5343; x_wconf 82' lang='lat' dir='ltr'><strong>Strategopulus.Alexius</strong></span> <span class='ocrx_word' id='word_1_812' title='bbox 3126 5276 3185 5329; x_wconf 87' lang='lat' dir='ltr'><strong>et</strong></span> <span class='ocrx_word' id='word_1_813' title='bbox 3233 5271 3416 5329; x_wconf 72' lang='lat' dir='ltr'><strong>Phila:</strong></span> <span class='ocrx_word' id='word_1_814' title='bbox 3456 5273 3588 5344; x_wconf 90' lang='lat' dir='ltr'><strong>ﬁlii,</strong></span> 
     </span>
    </p>
   </div>
   <div class='ocr_carea' id='block_1_114' title="bbox 1936 5361 3589 5438">
    <p class='ocr_par' dir='ltr' id='par_1_114' title="bbox 1936 5361 3589 5438">
     <span class='ocr_line' id='line_1_114' title="bbox 1936 5361 3589 5438; baseline -0.003 -13"><span class='ocrx_word' id='word_1_815' title='bbox 1936 5380 2169 5438; x_wconf 89' lang='lat' dir='ltr'><strong>cunque</strong></span> <span class='ocrx_word' id='word_1_816' title='bbox 2230 5364 2320 5420; x_wconf 91' lang='lat' dir='ltr'><strong>bis</strong></span> <span class='ocrx_word' id='word_1_817' title='bbox 2376 5361 2659 5429; x_wconf 89' lang='lat' dir='ltr'><strong>Tornicii,</strong></span> <span class='ocrx_word' id='word_1_818' title='bbox 2716 5365 2775 5417; x_wconf 89' lang='lat' dir='ltr'><strong>et</strong></span> <span class='ocrx_word' id='word_1_819' title='bbox 2833 5362 3087 5418; x_wconf 83' lang='lat' dir='ltr'><strong>maxime</strong></span> <span class='ocrx_word' id='word_1_820' title='bbox 3149 5363 3250 5434; x_wconf 86' lang='lat' dir='ltr'><strong>qui</strong></span> <span class='ocrx_word' id='word_1_821' title='bbox 3319 5364 3589 5420; x_wconf 66' lang='lat' dir='ltr'><strong>exczecati</strong></span> 
     </span>
    </p>
   </div>
   <div class='ocr_carea' id='block_1_115' title="bbox 1936 5450 3590 5527">
    <p class='ocr_par' dir='ltr' id='par_1_115' title="bbox 1936 5450 3590 5527">
     <span class='ocr_line' id='line_1_115' title="bbox 1936 5450 3590 5527; baseline -0.004 -12"><span class='ocrx_word' id='word_1_822' title='bbox 1936 5458 2187 5526; x_wconf 85' lang='lat' dir='ltr'><strong>fuerant,</strong></span> <span class='ocrx_word' id='word_1_823' title='bbox 2220 5457 2539 5527; x_wconf 90' lang='lat' dir='ltr'><strong>utpoteque</strong></span> <span class='ocrx_word' id='word_1_824' title='bbox 2567 5450 2849 5522; x_wconf 88' lang='lat' dir='ltr'><strong>injuriam</strong></span> <span class='ocrx_word' id='word_1_825' title='bbox 2880 5451 3339 5523; x_wconf 65' lang='lat' dir='ltr'><strong>passi,vindictaa</strong></span> <span class='ocrx_word' id='word_1_826' title='bbox 3372 5453 3590 5526; x_wconf 90' lang='lat' dir='ltr'><strong>cupidi,</strong></span> 
     </span>
    </p>
   </div>
   <div class='ocr_carea' id='block_1_116' title="bbox 1938 5541 3590 5622">
    <p class='ocr_par' dir='ltr' id='par_1_116' title="bbox 1938 5541 3590 5622">
     <span class='ocr_line' id='line_1_116' title="bbox 1938 5541 3590 5622; baseline -0.002 -18"><span class='ocrx_word' id='word_1_827' title='bbox 1938 5549 2273 5622; x_wconf 87' lang='lat' dir='ltr'><strong>pariterque</strong></span> <span class='ocrx_word' id='word_1_828' title='bbox 2314 5559 2449 5601; x_wconf 91' lang='lat' dir='ltr'><strong>cum</strong></span> <span class='ocrx_word' id='word_1_829' title='bbox 2500 5542 2630 5599; x_wconf 89' lang='lat' dir='ltr'><strong>istis</strong></span> <span class='ocrx_word' id='word_1_830' title='bbox 2683 5541 2949 5614; x_wconf 88' lang='lat' dir='ltr'><strong>quinque</strong></span> <span class='ocrx_word' id='word_1_831' title='bbox 3006 5544 3357 5614; x_wconf 90' lang='lat' dir='ltr'><strong>cognatione</strong></span> <span class='ocrx_word' id='word_1_832' title='bbox 3413 5550 3590 5617; x_wconf 91' lang='lat' dir='ltr'><strong>atque</strong></span> 
     </span>
    </p>
   </div>
   <div class='ocr_carea' id='block_1_117' title="bbox 1937 5632 3589 5709">
    <p class='ocr_par' dir='ltr' id='par_1_117' title="bbox 1937 5632 3589 5709">
     <span class='ocr_line' id='line_1_117' title="bbox 1937 5632 3589 5709; baseline -0.002 -15"><span class='ocrx_word' id='word_1_833' title='bbox 1937 5637 2226 5695; x_wconf 82' lang='lat' dir='ltr'><strong>afﬁnitate</strong></span> <span class='ocrx_word' id='word_1_834' title='bbox 2257 5632 2529 5709; x_wconf 66' lang='lat' dir='ltr'><strong>praesenti</strong></span> <span class='ocrx_word' id='word_1_835' title='bbox 2562 5636 2666 5689; x_wconf 88' lang='lat' dir='ltr'><strong>aut</strong></span> <span class='ocrx_word' id='word_1_836' title='bbox 2696 5636 2931 5704; x_wconf 86' lang='lat' dir='ltr'><strong>sperata</strong></span> <span class='ocrx_word' id='word_1_837' title='bbox 2964 5632 3036 5688; x_wconf 90' lang='lat' dir='ltr'><strong>ad</strong></span> <span class='ocrx_word' id='word_1_838' title='bbox 3068 5632 3423 5706; x_wconf 82' lang='lat' dir='ltr'><strong>Palaeologos</strong></span> <span class='ocrx_word' id='word_1_839' title='bbox 3455 5652 3589 5706; x_wconf 91' lang='lat' dir='ltr'><strong>pro-</strong></span> 
     </span>
    </p>
   </div>
   <div class='ocr_carea' id='block_1_118' title="bbox 1938 5723 3586 5804">
    <p class='ocr_par' dir='ltr' id='par_1_118' title="bbox 1938 5723 3586 5804">
     <span class='ocr_line' id='line_1_118' title="bbox 1938 5723 3586 5804; baseline -0.005 -17"><span class='ocrx_word' id='word_1_840' title='bbox 1938 5728 2290 5804; x_wconf 87' lang='lat' dir='ltr'><strong>pendebant,</strong></span> <span class='ocrx_word' id='word_1_841' title='bbox 2326 5741 2539 5797; x_wconf 86' lang='lat' dir='ltr'><strong>magno</strong></span> <span class='ocrx_word' id='word_1_842' title='bbox 2575 5724 2709 5780; x_wconf 89' lang='lat' dir='ltr'><strong>nisu</strong></span> <span class='ocrx_word' id='word_1_843' title='bbox 2746 5723 3030 5782; x_wconf 88' lang='lat' dir='ltr'><strong>aliorsum</strong></span> <span class='ocrx_word' id='word_1_844' title='bbox 3083 5740 3206 5781; x_wconf 90' lang='lat' dir='ltr'><strong>rem</strong></span> <span class='ocrx_word' id='word_1_845' title='bbox 3257 5724 3586 5796; x_wconf 81' lang='lat' dir='ltr'><strong>trahebant,</strong></span> 
     </span>
    </p>
   </div>
  </div>
