  <div class='ocr_page' id='page_1' title='image "/cluster/home/n/w/nwhite01/storage/ocr_20150623/143/nnc1.0046980733/263.png"; bbox 0 0 4258 6438; ppageno 0'>
   <div class='ocr_carea' id='block_1_1' title="bbox 671 366 774 422">
    <p class='ocr_par' dir='ltr' id='par_1_1' title="bbox 671 366 774 422">
     <span class='ocr_line' id='line_1_1' title="bbox 671 366 774 422; baseline 0 0"><span class='ocrx_word' id='word_1_1' title='bbox 671 366 774 422; x_wconf 86' lang='grc'>511</span> 
     </span>
    </p>
   </div>
   <div class='ocr_carea' id='block_1_2' title="bbox 1976 372 2776 434">
    <p class='ocr_par' dir='ltr' id='par_1_2' title="bbox 1976 372 2776 434">
     <span class='ocr_line' id='line_1_2' title="bbox 1976 372 2776 434; baseline 0.008 -6"><span class='ocrx_word' id='word_1_2' title='bbox 1976 372 2276 432; x_wconf 81' lang='lat' dir='ltr'>GEORGII</span> <span class='ocrx_word' id='word_1_3' title='bbox 2313 375 2776 434; x_wconf 71' lang='lat' dir='ltr'>PACHYMBBB</span> 
     </span>
    </p>
   </div>
   <div class='ocr_carea' id='block_1_3' title="bbox 3974 377 4084 433">
    <p class='ocr_par' dir='ltr' id='par_1_3' title="bbox 3974 377 4084 433">
     <span class='ocr_line' id='line_1_3' title="bbox 3974 377 4084 433; baseline -0.018 0"><span class='ocrx_word' id='word_1_4' title='bbox 3974 377 4084 433; x_wconf 81' lang='lat' dir='ltr'>5l2</span> 
     </span>
    </p>
   </div>
   <div class='ocr_carea' id='block_1_4' title="bbox 667 491 4085 578">
    <p class='ocr_par' dir='ltr' id='par_1_4' title="bbox 667 491 4085 578">
     <span class='ocr_line' id='line_1_4' title="bbox 667 491 4085 578; baseline 0.004 -33"><span class='ocrx_word' id='word_1_5' title='bbox 667 494 906 558; x_wconf 86' lang='grc' dir='ltr'>πάντων,</span> <span class='ocrx_word' id='word_1_6' title='bbox 937 493 1028 545; x_wconf 88' lang='grc' dir='ltr'>καὶ</span> <span class='ocrx_word' id='word_1_7' title='bbox 1077 491 1220 546; x_wconf 76' lang='grc' dir='ltr'>οὕτω</span> <span class='ocrx_word' id='word_1_8' title='bbox 1274 494 1340 547; x_wconf 77' lang='grc' dir='ltr'>τὰ</span> <span class='ocrx_word' id='word_1_9' title='bbox 1405 495 1697 569; x_wconf 85' lang='grc' dir='ltr'>πράγματα</span> <span class='ocrx_word' id='word_1_10' title='bbox 1755 493 2103 559; x_wconf 78' lang='grc' dir='ltr'>διιθύνεσθαι.</span> <span class='ocrx_word' id='word_1_11' title='bbox 2155 495 2311 551; x_wconf 83' lang='grc' dir='ltr'>Παιδῖ</span> <span class='ocrx_word' id='word_1_12' title='bbox 2345 501 2396 566; x_wconf 75' lang='grc' dir='ltr'><strong>Α</strong></span> <span class='ocrx_word' id='word_1_13' title='bbox 2427 503 2636 568; x_wconf 76' lang='grc' dir='ltr'>ταῦτας</span> <span class='ocrx_word' id='word_1_14' title='bbox 2673 499 2830 556; x_wconf 88' lang='grc' dir='ltr'>Ἀλλ’</span> <span class='ocrx_word' id='word_1_15' title='bbox 2860 501 3015 574; x_wconf 76' lang='grc' dir='ltr'>ὅμως</span> <span class='ocrx_word' id='word_1_16' title='bbox 3045 505 3124 572; x_wconf 81' lang='grc' dir='ltr'>τῷ</span> <span class='ocrx_word' id='word_1_17' title='bbox 3159 501 3233 574; x_wconf 83' lang='grc' dir='ltr'>μὴ</span> <span class='ocrx_word' id='word_1_18' title='bbox 3279 499 3412 557; x_wconf 78' lang='grc' dir='ltr'>κατὰ</span> <span class='ocrx_word' id='word_1_19' title='bbox 3462 500 3666 578; x_wconf 84' lang='grc' dir='ltr'>τρόπον</span> <span class='ocrx_word' id='word_1_20' title='bbox 3717 499 3981 577; x_wconf 69' lang='grc' dir='ltr'>ἔρχεσθαι</span> <span class='ocrx_word' id='word_1_21' title='bbox 4031 501 4085 573; x_wconf 79' lang='grc' dir='ltr'>ἐξ</span> 
     </span>
    </p>
   </div>
   <div class='ocr_carea' id='block_1_5' title="bbox 664 580 2320 659">
    <p class='ocr_par' dir='ltr' id='par_1_5' title="bbox 664 580 2320 659">
     <span class='ocr_line' id='line_1_5' title="bbox 664 580 2320 659; baseline 0.003 -25"><span class='ocrx_word' id='word_1_22' title='bbox 664 582 765 656; x_wconf 72' lang='grc' dir='ltr'>γάρ</span> <span class='ocrx_word' id='word_1_23' title='bbox 802 583 876 652; x_wconf 79' lang='grc' dir='ltr'>μὴ</span> <span class='ocrx_word' id='word_1_24' title='bbox 911 580 1011 652; x_wconf 67' lang='grc' dir='ltr'>οἵῳ</span> <span class='ocrx_word' id='word_1_25' title='bbox 1040 602 1096 635; x_wconf 89' lang='grc' dir='ltr'>τε</span> <span class='ocrx_word' id='word_1_26' title='bbox 1127 587 1343 656; x_wconf 76' lang='grc' dir='ltr'>φρονεῖν</span> <span class='ocrx_word' id='word_1_27' title='bbox 1376 583 1462 636; x_wconf 88' lang='grc' dir='ltr'>τίσ</span> <span class='ocrx_word' id='word_1_28' title='bbox 1494 581 1553 637; x_wconf 79' lang='grc' dir='ltr'>ἂν</span> <span class='ocrx_word' id='word_1_29' title='bbox 1586 585 1673 638; x_wconf 82' lang='grc' dir='ltr'>καὶ</span> <span class='ocrx_word' id='word_1_30' title='bbox 1708 587 1956 659; x_wconf 74' lang='grc' dir='ltr'>προσέξει</span> <span class='ocrx_word' id='word_1_31' title='bbox 1987 604 2000 654; x_wconf 88' lang='grc'>;</span> <span class='ocrx_word' id='word_1_32' title='bbox 2047 586 2110 643; x_wconf 61' lang='grc' dir='ltr'><strong>Εἴ</strong></span> <span class='ocrx_word' id='word_1_33' title='bbox 2145 583 2201 640; x_wconf 77' lang='grc' dir='ltr'>δὲ</span> <span class='ocrx_word' id='word_1_34' title='bbox 2231 587 2320 640; x_wconf 85' lang='grc' dir='ltr'>καὶ</span> 
     </span>
    </p>
   </div>
   <div class='ocr_carea' id='block_1_6' title="bbox 666 669 2322 749">
    <p class='ocr_par' dir='ltr' id='par_1_6' title="bbox 666 669 2322 749">
     <span class='ocr_line' id='line_1_6' title="bbox 666 669 2322 749; baseline 0.003 -26"><span class='ocrx_word' id='word_1_35' title='bbox 666 672 693 724; x_wconf 88' lang='grc' dir='ltr'>ὁ</span> <span class='ocrx_word' id='word_1_36' title='bbox 725 671 834 724; x_wconf 88' lang='grc' dir='ltr'>ἀντ’</span> <span class='ocrx_word' id='word_1_37' title='bbox 869 669 1072 724; x_wconf 76' lang='grc' dir='ltr'>ἐκείνου</span> <span class='ocrx_word' id='word_1_38' title='bbox 1102 673 1454 744; x_wconf 76' lang='grc' dir='ltr'>προστάσσων</span> <span class='ocrx_word' id='word_1_39' title='bbox 1484 669 1708 742; x_wconf 84' lang='grc' dir='ltr'>ἰδιώτης</span> <span class='ocrx_word' id='word_1_40' title='bbox 1740 672 1847 746; x_wconf 79' lang='grc' dir='ltr'>εἷή,</span> <span class='ocrx_word' id='word_1_41' title='bbox 1893 673 2048 730; x_wconf 68' lang='grc' dir='ltr'>οὐδὲν</span> <span class='ocrx_word' id='word_1_42' title='bbox 2078 677 2140 729; x_wconf 87' lang='grc' dir='ltr'>τὸ</span> <span class='ocrx_word' id='word_1_43' title='bbox 2188 677 2322 749; x_wconf 86' lang='grc' dir='ltr'>πρὸς</span> 
     </span>
    </p>
   </div>
   <div class='ocr_carea' id='block_1_7' title="bbox 663 758 2319 834">
    <p class='ocr_par' dir='ltr' id='par_1_7' title="bbox 663 758 2319 834">
     <span class='ocr_line' id='line_1_7' title="bbox 663 758 2319 834; baseline 0.002 -22"><span class='ocrx_word' id='word_1_44' title='bbox 663 758 897 832; x_wconf 82' lang='grc' dir='ltr'>ἀνάγκην</span> <span class='ocrx_word' id='word_1_45' title='bbox 960 761 1142 813; x_wconf 80' lang='grc' dir='ltr'>πεῖθον</span> <span class='ocrx_word' id='word_1_46' title='bbox 1193 759 1411 816; x_wconf 84' lang='grc' dir='ltr'>ἐσεῖται.</span> <span class='ocrx_word' id='word_1_47' title='bbox 1475 761 1759 834; x_wconf 85' lang='grc' dir='ltr'>Μιμητέον</span> <span class='ocrx_word' id='word_1_48' title='bbox 1813 764 1992 818; x_wconf 80' lang='grc' dir='ltr'>τοίνυν</span> <span class='ocrx_word' id='word_1_49' title='bbox 2052 763 2179 824; x_wconf 81' lang='grc' dir='ltr'>τοὺς</span> <span class='ocrx_word' id='word_1_50' title='bbox 2233 765 2319 818; x_wconf 83' lang='grc' dir='ltr'>ἐπὶ</span> 
     </span>
    </p>
   </div>
   <div class='ocr_carea' id='block_1_8' title="bbox 659 848 2318 927">
    <p class='ocr_par' dir='ltr' id='par_1_8' title="bbox 659 848 2318 927">
     <span class='ocr_line' id='line_1_8' title="bbox 659 848 2318 927; baseline 0.003 -26"><span class='ocrx_word' id='word_1_51' title='bbox 659 852 768 901; x_wconf 81' lang='grc' dir='ltr'>τῶν</span> <span class='ocrx_word' id='word_1_52' title='bbox 815 851 972 903; x_wconf 83' lang='grc' dir='ltr'>νεῶν.</span> <span class='ocrx_word' id='word_1_53' title='bbox 1031 849 1260 902; x_wconf 85' lang='grc' dir='ltr'>Ἐκεῖνοι</span> <span class='ocrx_word' id='word_1_54' title='bbox 1318 848 1417 923; x_wconf 73' lang='grc' dir='ltr'>γὰρ</span> <span class='ocrx_word' id='word_1_55' title='bbox 1478 870 1545 903; x_wconf 91' lang='grc' dir='ltr'>κα</span> <span class='ocrx_word' id='word_1_56' title='bbox 1587 851 1598 870; x_wconf 88' lang='grc'><strong><em>’</em></strong></span> <span class='ocrx_word' id='word_1_57' title='bbox 1660 851 1855 912; x_wconf 77' lang='grc' dir='ltr'>αὐτοὺς</span> <span class='ocrx_word' id='word_1_58' title='bbox 1916 854 1978 906; x_wconf 89' lang='grc' dir='ltr'>τὸ</span> <span class='ocrx_word' id='word_1_59' title='bbox 2035 851 2318 927; x_wconf 79' lang='grc' dir='ltr'>ἐλεύθερον</span> 
     </span>
    </p>
   </div>
   <div class='ocr_carea' id='block_1_9' title="bbox 662 936 2318 1016">
    <p class='ocr_par' dir='ltr' id='par_1_9' title="bbox 662 936 2318 1016">
     <span class='ocr_line' id='line_1_9' title="bbox 662 936 2318 1016; baseline 0.003 -27"><span class='ocrx_word' id='word_1_60' title='bbox 662 936 881 1009; x_wconf 77' lang='grc' dir='ltr'>ἔχοντες</span> <span class='ocrx_word' id='word_1_61' title='bbox 930 936 1019 990; x_wconf 87' lang='grc' dir='ltr'>καὶ</span> <span class='ocrx_word' id='word_1_62' title='bbox 1068 936 1446 1011; x_wconf 83' lang='grc' dir='ltr'>αὐτόγνωμον,</span> <span class='ocrx_word' id='word_1_63' title='bbox 1480 939 1613 993; x_wconf 86' lang='grc' dir='ltr'>κατά</span> <span class='ocrx_word' id='word_1_64' title='bbox 1645 939 1819 994; x_wconf 70' lang='grc' dir='ltr'>πλοῦν</span> <span class='ocrx_word' id='word_1_65' title='bbox 1878 942 2169 1016; x_wconf 87' lang='grc' dir='ltr'>ἀναγκαῖον</span> <span class='ocrx_word' id='word_1_66' title='bbox 2222 941 2318 1012; x_wconf 83' lang='grc' dir='ltr'>έμ-</span> 
     </span>
    </p>
   </div>
   <div class='ocr_carea' id='block_1_10' title="bbox 660 1020 2316 1106">
    <p class='ocr_par' dir='ltr' id='par_1_10' title="bbox 660 1020 2316 1106">
     <span class='ocr_line' id='line_1_10' title="bbox 660 1020 2316 1106; baseline 0.004 -28"><span class='ocrx_word' id='word_1_67' title='bbox 660 1020 852 1086; x_wconf 78' lang='grc' dir='ltr'>ϐάντες</span> <span class='ocrx_word' id='word_1_68' title='bbox 907 1024 1202 1095; x_wconf 86' lang='grc' dir='ltr'>ἐπίτροπον</span> <span class='ocrx_word' id='word_1_69' title='bbox 1265 1025 1610 1099; x_wconf 75' lang='grc' dir='ltr'>ἐκλεξάμενοι</span> <span class='ocrx_word' id='word_1_70' title='bbox 1689 1028 1934 1102; x_wconf 82' lang='grc' dir='ltr'>έφιστὰσι</span> <span class='ocrx_word' id='word_1_71' title='bbox 1997 1035 2111 1093; x_wconf 87' lang='grc' dir='ltr'>τοῖς</span> <span class='ocrx_word' id='word_1_72' title='bbox 2169 1035 2316 1106; x_wconf 79' lang='grc' dir='ltr'>σφῶν</span> 
     </span>
    </p>
   </div>
   <div class='ocr_carea' id='block_1_11' title="bbox 661 1113 2320 1188">
    <p class='ocr_par' dir='ltr' id='par_1_11' title="bbox 661 1113 2320 1188">
     <span class='ocr_line' id='line_1_11' title="bbox 661 1113 2320 1188; baseline 0.002 -20"><span class='ocrx_word' id='word_1_73' title='bbox 661 1114 1007 1188; x_wconf 80' lang='grc' dir='ltr'>πράγμασιν,</span> <span class='ocrx_word' id='word_1_74' title='bbox 1067 1116 1111 1186; x_wconf 84' lang='grc' dir='ltr'>ᾦ</span> <span class='ocrx_word' id='word_1_75' title='bbox 1158 1113 1223 1183; x_wconf 80' lang='grc' dir='ltr'>δὴ</span> <span class='ocrx_word' id='word_1_76' title='bbox 1283 1116 1371 1169; x_wconf 83' lang='grc' dir='ltr'>καὶ</span> <span class='ocrx_word' id='word_1_77' title='bbox 1429 1117 1703 1171; x_wconf 89' lang='grc' dir='ltr'>πείθονται</span> <span class='ocrx_word' id='word_1_78' title='bbox 1760 1115 2124 1180; x_wconf 73' lang='grc' dir='ltr'>δουλωθέντες</span> <span class='ocrx_word' id='word_1_79' title='bbox 2173 1120 2320 1172; x_wconf 75' lang='grc' dir='ltr'>ἑκόν-</span> 
     </span>
    </p>
   </div>
   <div class='ocr_carea' id='block_1_12' title="bbox 656 1202 2315 1278">
    <p class='ocr_par' dir='ltr' id='par_1_12' title="bbox 656 1202 2315 1278">
     <span class='ocr_line' id='line_1_12' title="bbox 656 1202 2315 1278; baseline 0.002 -20"><span class='ocrx_word' id='word_1_80' title='bbox 656 1225 766 1272; x_wconf 90' lang='grc' dir='ltr'>τες,</span> <span class='ocrx_word' id='word_1_81' title='bbox 803 1203 856 1257; x_wconf 83' lang='grc' dir='ltr'>εἷ’</span> <span class='ocrx_word' id='word_1_82' title='bbox 899 1225 950 1257; x_wconf 90' lang='grc' dir='ltr'>τι</span> <span class='ocrx_word' id='word_1_83' title='bbox 984 1203 1156 1277; x_wconf 59' lang='grc' dir='ltr'>λέγον</span> <span class='ocrx_word' id='word_1_84' title='bbox 1193 1206 1219 1258; x_wconf 91' lang='grc' dir='ltr'>ὁ</span> <span class='ocrx_word' id='word_1_85' title='bbox 1255 1202 1309 1258; x_wconf 74' lang='grc' dir='ltr'>δέ</span> <span class='ocrx_word' id='word_1_86' title='bbox 1365 1207 1413 1278; x_wconf 82' lang='grc' dir='ltr'>γ’</span> <span class='ocrx_word' id='word_1_87' title='bbox 1469 1205 1704 1269; x_wconf 82' lang='grc' dir='ltr'>ἀπειθῶν</span> <span class='ocrx_word' id='word_1_88' title='bbox 1767 1205 1957 1262; x_wconf 84' lang='grc' dir='ltr'>δίδωσι</span> <span class='ocrx_word' id='word_1_89' title='bbox 2013 1208 2106 1269; x_wconf 77' lang='grc' dir='ltr'>τὰς</span> <span class='ocrx_word' id='word_1_90' title='bbox 2167 1206 2315 1269; x_wconf 79' lang='grc' dir='ltr'>δίκας</span> 
     </span>
    </p>
   </div>
   <div class='ocr_carea' id='block_1_13' title="bbox 655 1290 2311 1372">
    <p class='ocr_par' dir='ltr' id='par_1_13' title="bbox 655 1290 2311 1372">
     <span class='ocr_line' id='line_1_13' title="bbox 655 1290 2311 1372; baseline 0.003 -26"><span class='ocrx_word' id='word_1_91' title='bbox 655 1292 803 1361; x_wconf 78' lang='grc' dir='ltr'>ἀξίας</span> <span class='ocrx_word' id='word_1_92' title='bbox 836 1294 910 1354; x_wconf 84' lang='grc' dir='ltr'>ὡς</span> <span class='ocrx_word' id='word_1_93' title='bbox 945 1292 1019 1354; x_wconf 84' lang='grc' dir='ltr'>εἷς</span> <span class='ocrx_word' id='word_1_94' title='bbox 1067 1290 1333 1364; x_wconf 74' lang='grc' dir='ltr'>δεσπότην</span> <span class='ocrx_word' id='word_1_95' title='bbox 1393 1294 1459 1348; x_wconf 88' lang='grc' dir='ltr'>τά</span> <span class='ocrx_word' id='word_1_96' title='bbox 1521 1296 1748 1370; x_wconf 84' lang='grc' dir='ltr'>μέγιστα</span> <span class='ocrx_word' id='word_1_97' title='bbox 1805 1297 2090 1372; x_wconf 80' lang='grc' dir='ltr'>ἁμαρτών.</span> <span class='ocrx_word' id='word_1_98' title='bbox 2156 1296 2311 1365; x_wconf 75' lang='grc' dir='ltr'>Πλὴν</span> 
     </span>
    </p>
   </div>
   <div class='ocr_carea' id='block_1_14' title="bbox 657 1382 2314 1456">
    <p class='ocr_par' dir='ltr' id='par_1_14' title="bbox 657 1382 2314 1456">
     <span class='ocr_line' id='line_1_14' title="bbox 657 1382 2314 1456; baseline 0.001 -19"><span class='ocrx_word' id='word_1_99' title='bbox 657 1382 716 1437; x_wconf 77' lang='grc' dir='ltr'>οὐ</span> <span class='ocrx_word' id='word_1_100' title='bbox 750 1384 866 1436; x_wconf 59' lang='grc' dir='ltr'>καθ⁸</span> <span class='ocrx_word' id='word_1_101' title='bbox 897 1382 1090 1443; x_wconf 69' lang='grc' dir='ltr'>αὐτοὺς</span> <span class='ocrx_word' id='word_1_102' title='bbox 1120 1382 1208 1436; x_wconf 77' lang='grc' dir='ltr'>καὶ</span> <span class='ocrx_word' id='word_1_103' title='bbox 1241 1383 1315 1444; x_wconf 84' lang='grc' dir='ltr'>ὡς</span> <span class='ocrx_word' id='word_1_104' title='bbox 1361 1383 1452 1438; x_wconf 81' lang='grc' dir='ltr'>ἓνα</span> <span class='ocrx_word' id='word_1_105' title='bbox 1493 1383 1708 1439; x_wconf 84' lang='grc' dir='ltr'>πάντων</span> <span class='ocrx_word' id='word_1_106' title='bbox 1760 1385 1932 1440; x_wconf 80' lang='grc' dir='ltr'>αὐτων</span> <span class='ocrx_word' id='word_1_107' title='bbox 1980 1391 2314 1456; x_wconf 74' lang='grc' dir='ltr'>καθιστᾶσιν,</span> 
     </span>
    </p>
   </div>
   <div class='ocr_carea' id='block_1_15' title="bbox 656 1471 2317 1549">
    <p class='ocr_par' dir='ltr' id='par_1_15' title="bbox 656 1471 2317 1549">
     <span class='ocr_line' id='line_1_15' title="bbox 656 1471 2317 1549; baseline 0.002 -23"><span class='ocrx_word' id='word_1_108' title='bbox 656 1471 802 1526; x_wconf 72' lang='grc' dir='ltr'>ἀλλὰ</span> <span class='ocrx_word' id='word_1_109' title='bbox 832 1472 966 1546; x_wconf 86' lang='grc' dir='ltr'>πρὸς</span> <span class='ocrx_word' id='word_1_110' title='bbox 997 1473 1058 1526; x_wconf 87' lang='grc' dir='ltr'>τὸ</span> <span class='ocrx_word' id='word_1_111' title='bbox 1100 1472 1424 1548; x_wconf 90' lang='grc' dir='ltr'>σεμνότερον</span> <span class='ocrx_word' id='word_1_112' title='bbox 1486 1477 2048 1549; x_wconf 83' lang='grc' dir='ltr'>μετασχηματίζουσι,</span> <span class='ocrx_word' id='word_1_113' title='bbox 2117 1476 2206 1530; x_wconf 78' lang='grc' dir='ltr'>καὶ</span> <span class='ocrx_word' id='word_1_114' title='bbox 2236 1480 2317 1547; x_wconf 75' lang='grc' dir='ltr'>τῷ</span> 
     </span>
    </p>
   </div>
   <div class='ocr_carea' id='block_1_16' title="bbox 657 1561 2316 1638">
    <p class='ocr_par' dir='ltr' id='par_1_16' title="bbox 657 1561 2316 1638">
     <span class='ocr_line' id='line_1_16' title="bbox 657 1561 2316 1638; baseline 0.002 -24"><span class='ocrx_word' id='word_1_115' title='bbox 657 1567 756 1629; x_wconf 84' lang='grc' dir='ltr'>τῆς</span> <span class='ocrx_word' id='word_1_116' title='bbox 797 1562 1175 1622; x_wconf 78' lang='grc' dir='ltr'>καταστάσεως</span> <span class='ocrx_word' id='word_1_117' title='bbox 1232 1561 1639 1636; x_wconf 80' lang='grc' dir='ltr'>μεγαλειοτέρῳ</span> <span class='ocrx_word' id='word_1_118' title='bbox 1669 1564 1730 1617; x_wconf 88' lang='grc' dir='ltr'>τὸ</span> <span class='ocrx_word' id='word_1_119' title='bbox 1763 1565 1898 1638; x_wconf 87' lang='grc' dir='ltr'>πρὸς</span> <span class='ocrx_word' id='word_1_120' title='bbox 1931 1564 2060 1627; x_wconf 82' lang='grc' dir='ltr'>τοὺς</span> <span class='ocrx_word' id='word_1_121' title='bbox 2110 1562 2316 1626; x_wconf 83' lang='grc' dir='ltr'>ἄλλους</span> 
     </span>
    </p>
   </div>
   <div class='ocr_carea' id='block_1_17' title="bbox 660 1645 2312 1726">
    <p class='ocr_par' dir='ltr' id='par_1_17' title="bbox 660 1645 2312 1726">
     <span class='ocr_line' id='line_1_17' title="bbox 660 1645 2312 1726; baseline 0.002 -23"><span class='ocrx_word' id='word_1_122' title='bbox 660 1649 751 1703; x_wconf 86' lang='grc' dir='ltr'>ἀπ’</span> <span class='ocrx_word' id='word_1_123' title='bbox 783 1649 945 1704; x_wconf 78' lang='grc' dir='ltr'>αὐτοῦ</span> <span class='ocrx_word' id='word_1_124' title='bbox 979 1645 1210 1726; x_wconf 74' lang='grc' dir='ltr'>φοϐερὸν</span> <span class='ocrx_word' id='word_1_125' title='bbox 1245 1647 1645 1725; x_wconf 85' lang='grc' dir='ltr'>σχεδιάζουσιν.</span> <span class='ocrx_word' id='word_1_126' title='bbox 1693 1652 1851 1708; x_wconf 75' lang='grc' dir='ltr'>Οὕτω</span> <span class='ocrx_word' id='word_1_127' title='bbox 1895 1654 1984 1707; x_wconf 86' lang='grc' dir='ltr'>καὶ</span> <span class='ocrx_word' id='word_1_128' title='bbox 2017 1650 2179 1714; x_wconf 85' lang='grc' dir='ltr'>πόλις</span> <span class='ocrx_word' id='word_1_129' title='bbox 2225 1653 2312 1707; x_wconf 87' lang='grc' dir='ltr'>καὶ</span> 
     </span>
    </p>
   </div>
   <div class='ocr_carea' id='block_1_18' title="bbox 657 1740 2312 1818">
    <p class='ocr_par' dir='ltr' id='par_1_18' title="bbox 657 1740 2312 1818">
     <span class='ocr_line' id='line_1_18' title="bbox 657 1740 2312 1818; baseline 0.002 -25"><span class='ocrx_word' id='word_1_130' title='bbox 657 1740 808 1813; x_wconf 77' lang='grc' dir='ltr'>ἀρχὴ</span> <span class='ocrx_word' id='word_1_131' title='bbox 844 1740 1232 1808; x_wconf 78' lang='grc' dir='ltr'>συσταθήσεται</span> <span class='ocrx_word' id='word_1_132' title='bbox 1282 1745 1425 1794; x_wconf 74' lang='grc' dir='ltr'>πᾶσα</span> <span class='ocrx_word' id='word_1_133' title='bbox 1479 1745 1574 1794; x_wconf 76' lang='grc' dir='ltr'>τοῦ</span> <span class='ocrx_word' id='word_1_134' title='bbox 1639 1741 1938 1818; x_wconf 79' lang='grc' dir='ltr'>ἐφεστῶτος</span> <span class='ocrx_word' id='word_1_135' title='bbox 2004 1743 2134 1816; x_wconf 72' lang='grc' dir='ltr'>ὑπὲρ</span> <span class='ocrx_word' id='word_1_136' title='bbox 2186 1740 2312 1803; x_wconf 78' lang='grc' dir='ltr'>τοὺς</span> 
     </span>
    </p>
   </div>
   <div class='ocr_carea' id='block_1_19' title="bbox 659 1823 2311 1906">
    <p class='ocr_par' dir='ltr' id='par_1_19' title="bbox 659 1823 2311 1906">
     <span class='ocr_line' id='line_1_19' title="bbox 659 1823 2311 1906; baseline 0.001 -24"><span class='ocrx_word' id='word_1_137' title='bbox 659 1827 907 1889; x_wconf 78' lang='grc' dir='ltr'>πολλοὺς</span> <span class='ocrx_word' id='word_1_138' title='bbox 935 1823 1112 1890; x_wconf 75' lang='grc' dir='ltr'>ὄντος.</span> <span class='ocrx_word' id='word_1_139' title='bbox 1146 1829 1212 1884; x_wconf 72' lang='grc' dir='ltr'><strong>Οἳ</strong></span> <span class='ocrx_word' id='word_1_140' title='bbox 1250 1826 1307 1882; x_wconf 84' lang='grc' dir='ltr'>δέ</span> <span class='ocrx_word' id='word_1_141' title='bbox 1336 1850 1393 1902; x_wconf 88' lang='grc' dir='ltr'>γε</span> <span class='ocrx_word' id='word_1_142' title='bbox 1421 1828 1619 1906; x_wconf 83' lang='grc' dir='ltr'>τυφλοὶ</span> <span class='ocrx_word' id='word_1_143' title='bbox 1669 1832 1755 1884; x_wconf 83' lang='grc' dir='ltr'>καὶ</span> <span class='ocrx_word' id='word_1_144' title='bbox 1805 1829 2311 1906; x_wconf 82' lang='grc' dir='ltr'>ήλευθεροστόμουν</span> 
     </span>
    </p>
   </div>
   <div class='ocr_carea' id='block_1_20' title="bbox 659 1915 2315 1994">
    <p class='ocr_par' dir='ltr' id='par_1_20' title="bbox 659 1915 2315 1994">
     <span class='ocr_line' id='line_1_20' title="bbox 659 1915 2315 1994; baseline 0.002 -23"><span class='ocrx_word' id='word_1_145' title='bbox 659 1916 749 1971; x_wconf 81' lang='grc' dir='ltr'>καὶ</span> <span class='ocrx_word' id='word_1_146' title='bbox 781 1915 1412 1992; x_wconf 74' lang='grc' dir='ltr'>παρῥησίαστικὼτερον.</span> <span class='ocrx_word' id='word_1_147' title='bbox 1465 1944 1493 1970; x_wconf 77' lang='grc' dir='ltr'>ι(</span> <span class='ocrx_word' id='word_1_148' title='bbox 1531 1921 1620 1988; x_wconf 79' lang='grc' dir='ltr'>Μὴ</span> <span class='ocrx_word' id='word_1_149' title='bbox 1676 1918 1764 1974; x_wconf 71' lang='grc' dir='ltr'>διὰ</span> <span class='ocrx_word' id='word_1_150' title='bbox 1799 1921 1996 1994; x_wconf 71' lang='grc' dir='ltr'>βρέφος</span> <span class='ocrx_word' id='word_1_151' title='bbox 2031 1917 2104 1976; x_wconf 75' lang='grc' dir='ltr'>ἐν.</span> <span class='ocrx_word' id='word_1_152' title='bbox 2141 1945 2167 1970; x_wconf 88' lang='grc'><strong>››</strong></span> <span class='ocrx_word' id='word_1_153' title='bbox 2202 1917 2315 1974; x_wconf 84' lang='grc' dir='ltr'>ἔλε-</span> 
     </span>
    </p>
   </div>
   <div class='ocr_carea' id='block_1_21' title="bbox 656 2007 2316 2085">
    <p class='ocr_par' dir='ltr' id='par_1_21' title="bbox 656 2007 2316 2085">
     <span class='ocr_line' id='line_1_21' title="bbox 656 2007 2316 2085; baseline 0.002 -25"><span class='ocrx_word' id='word_1_154' title='bbox 656 2028 770 2080; x_wconf 87' lang='grc' dir='ltr'>γον,</span> <span class='ocrx_word' id='word_1_155' title='bbox 835 2031 862 2058; x_wconf 89' lang='grc'>‹‹</span> <span class='ocrx_word' id='word_1_156' title='bbox 894 2007 1042 2081; x_wconf 77' lang='grc' dir='ltr'>ἀρχὴ</span> <span class='ocrx_word' id='word_1_157' title='bbox 1075 2007 1310 2077; x_wconf 70' lang='grc' dir='ltr'>τοσαύτη</span> <span class='ocrx_word' id='word_1_158' title='bbox 1372 2008 1462 2062; x_wconf 82' lang='grc' dir='ltr'>καὶ</span> <span class='ocrx_word' id='word_1_159' title='bbox 1521 2009 1654 2064; x_wconf 85' lang='grc' dir='ltr'>τόσα</span> <span class='ocrx_word' id='word_1_160' title='bbox 1696 2023 1992 2085; x_wconf 79' lang='grc' dir='ltr'>πράγματα</span> <span class='ocrx_word' id='word_1_161' title='bbox 2042 2009 2316 2065; x_wconf 67' lang='grc' dir='ltr'>κινδυνεύ-</span> 
     </span>
    </p>
   </div>
   <div class='ocr_carea' id='block_1_22' title="bbox 660 2097 2317 2176">
    <p class='ocr_par' dir='ltr' id='par_1_22' title="bbox 660 2097 2317 2176">
     <span class='ocr_line' id='line_1_22' title="bbox 660 2097 2317 2176; baseline 0.002 -25"><span class='ocrx_word' id='word_1_162' title='bbox 660 2119 838 2164; x_wconf 89' lang='grc' dir='ltr'>σειαν,</span> <span class='ocrx_word' id='word_1_163' title='bbox 888 2097 1035 2153; x_wconf 85' lang='grc' dir='ltr'>ἀλλὰ</span> <span class='ocrx_word' id='word_1_164' title='bbox 1079 2097 1436 2153; x_wconf 83' lang='grc' dir='ltr'>καταστατέον</span> <span class='ocrx_word' id='word_1_165' title='bbox 1489 2099 1564 2162; x_wconf 83' lang='grc' dir='ltr'>είς</span> <span class='ocrx_word' id='word_1_166' title='bbox 1624 2102 1803 2176; x_wconf 79' lang='grc' dir='ltr'>ἀρχὴν</span> <span class='ocrx_word' id='word_1_167' title='bbox 1850 2101 1915 2156; x_wconf 73' lang='grc' dir='ltr'>τὰ</span> <span class='ocrx_word' id='word_1_168' title='bbox 1957 2104 2217 2176; x_wconf 85' lang='grc' dir='ltr'>παρόντα,</span> <span class='ocrx_word' id='word_1_169' title='bbox 2272 2100 2317 2155; x_wconf 85' lang='grc' dir='ltr'>εί</span> 
     </span>
    </p>
   </div>
   <div class='ocr_carea' id='block_1_23' title="bbox 667 2186 2310 2262">
    <p class='ocr_par' dir='ltr' id='par_1_23' title="bbox 667 2186 2310 2262">
     <span class='ocr_line' id='line_1_23' title="bbox 667 2186 2310 2262; baseline 0.001 -20"><span class='ocrx_word' id='word_1_170' title='bbox 667 2186 842 2260; x_wconf 80' lang='grc' dir='ltr'>μέΛλο</span> <span class='ocrx_word' id='word_1_171' title='bbox 882 2209 974 2260; x_wconf 86' lang='grc' dir='ltr'>μεν</span> <span class='ocrx_word' id='word_1_172' title='bbox 1010 2187 1299 2256; x_wconf 83' lang='grc' dir='ltr'>σώζεσθαι.</span> <span class='ocrx_word' id='word_1_173' title='bbox 1331 2189 1399 2243; x_wconf 87' lang='grc' dir='ltr'><strong><em>Ἦ</em></strong></span> <span class='ocrx_word' id='word_1_174' title='bbox 1436 2188 1534 2243; x_wconf 78' lang='grc' dir='ltr'>οὐκ</span> <span class='ocrx_word' id='word_1_175' title='bbox 1567 2187 1793 2262; x_wconf 68' lang='grc' dir='ltr'>οἴδαμεν</span> <span class='ocrx_word' id='word_1_176' title='bbox 1833 2189 1885 2252; x_wconf 84' lang='grc' dir='ltr'>ἐς</span> <span class='ocrx_word' id='word_1_177' title='bbox 1935 2190 2132 2245; x_wconf 79' lang='grc' dir='ltr'>ὁπόσον</span> <span class='ocrx_word' id='word_1_178' title='bbox 2185 2187 2310 2244; x_wconf 84' lang='grc' dir='ltr'>δυσ-</span> 
     </span>
    </p>
   </div>
   <div class='ocr_carea' id='block_1_24' title="bbox 656 2277 2308 2354">
    <p class='ocr_par' dir='ltr' id='par_1_24' title="bbox 656 2277 2308 2354">
     <span class='ocr_line' id='line_1_24' title="bbox 656 2277 2308 2354; baseline 0 -22"><span class='ocrx_word' id='word_1_179' title='bbox 656 2277 855 2351; x_wconf 90' lang='grc' dir='ltr'>τυχίας</span> <span class='ocrx_word' id='word_1_180' title='bbox 888 2278 921 2346; x_wconf 77' lang='grc' dir='ltr'>ἡ</span> <span class='ocrx_word' id='word_1_181' title='bbox 960 2280 1068 2331; x_wconf 81' lang='grc' dir='ltr'>τῶν</span> <span class='ocrx_word' id='word_1_182' title='bbox 1125 2277 1412 2349; x_wconf 82' lang='grc' dir='ltr'>Ῥωμαίων</span> <span class='ocrx_word' id='word_1_183' title='bbox 1475 2278 1754 2354; x_wconf 83' lang='grc' dir='ltr'>προῆλθεν</span> <span class='ocrx_word' id='word_1_184' title='bbox 1794 2279 1965 2354; x_wconf 79' lang='grc' dir='ltr'>ἀρχὴ,</span> <span class='ocrx_word' id='word_1_185' title='bbox 2026 2279 2163 2335; x_wconf 83' lang='grc' dir='ltr'>ὥστε</span> <span class='ocrx_word' id='word_1_186' title='bbox 2218 2279 2308 2333; x_wconf 88' lang='grc' dir='ltr'>καὶ</span> 
     </span>
    </p>
   </div>
   <div class='ocr_carea' id='block_1_25' title="bbox 661 2364 2318 2441">
    <p class='ocr_par' dir='ltr' id='par_1_25' title="bbox 661 2364 2318 2441">
     <span class='ocr_line' id='line_1_25' title="bbox 661 2364 2318 2441; baseline 0.002 -22"><span class='ocrx_word' id='word_1_187' title='bbox 661 2365 998 2435; x_wconf 80' lang='grc' dir='ltr'>ἀπελαθῆναι</span> <span class='ocrx_word' id='word_1_188' title='bbox 1047 2372 1147 2434; x_wconf 84' lang='grc' dir='ltr'>τῆς</span> <span class='ocrx_word' id='word_1_189' title='bbox 1202 2364 1466 2439; x_wconf 75' lang='grc' dir='ltr'>πατρίδος</span> <span class='ocrx_word' id='word_1_190' title='bbox 1525 2367 1613 2422; x_wconf 84' lang='grc' dir='ltr'>καὶ</span> <span class='ocrx_word' id='word_1_191' title='bbox 1662 2367 1725 2422; x_wconf 88' lang='grc' dir='ltr'>τὸ</span> <span class='ocrx_word' id='word_1_192' title='bbox 1769 2373 1870 2422; x_wconf 81' lang='grc' dir='ltr'>πᾶν</span> <span class='ocrx_word' id='word_1_193' title='bbox 1931 2369 2196 2424; x_wconf 87' lang='grc' dir='ltr'>ἀπολέσαι</span> <span class='ocrx_word' id='word_1_194' title='bbox 2232 2389 2318 2441; x_wconf 84' lang='grc' dir='ltr'>μι-</span> 
     </span>
    </p>
   </div>
   <div class='ocr_carea' id='block_1_26' title="bbox 658 2456 2313 2532">
    <p class='ocr_par' dir='ltr' id='par_1_26' title="bbox 658 2456 2313 2532">
     <span class='ocr_line' id='line_1_26' title="bbox 658 2456 2313 2532; baseline 0.001 -22"><span class='ocrx_word' id='word_1_195' title='bbox 658 2460 812 2528; x_wconf 90' lang='grc' dir='ltr'>κροῖς</span> <span class='ocrx_word' id='word_1_196' title='bbox 875 2457 1349 2532; x_wconf 73' lang='grc' dir='ltr'>περιγραφομένην</span> <span class='ocrx_word' id='word_1_197' title='bbox 1411 2456 1609 2531; x_wconf 84' lang='grc' dir='ltr'>ὁρίοις,</span> <span class='ocrx_word' id='word_1_198' title='bbox 1673 2456 1941 2532; x_wconf 87' lang='grc' dir='ltr'>βασιλέων</span> <span class='ocrx_word' id='word_1_199' title='bbox 2001 2460 2171 2514; x_wconf 78' lang='grc' dir='ltr'>ὅντων</span> <span class='ocrx_word' id='word_1_200' title='bbox 2227 2458 2313 2513; x_wconf 84' lang='grc' dir='ltr'>καὶ</span> 
     </span>
    </p>
   </div>
   <div class='ocr_carea' id='block_1_27' title="bbox 659 2671 2325 2746">
    <p class='ocr_par' dir='ltr' id='par_1_27' title="bbox 659 2671 2325 2746">
     <span class='ocr_line' id='line_1_27' title="bbox 659 2671 2325 2746; baseline 0.002 -22"><span class='ocrx_word' id='word_1_201' title='bbox 659 2685 894 2741; x_wconf 63' lang='lat' dir='ltr'>aequum</span> <span class='ocrx_word' id='word_1_202' title='bbox 928 2685 1066 2727; x_wconf 89' lang='lat' dir='ltr'>esse</span> <span class='ocrx_word' id='word_1_203' title='bbox 1097 2671 1321 2727; x_wconf 89' lang='lat' dir='ltr'>aientes</span> <span class='ocrx_word' id='word_1_204' title='bbox 1344 2675 1401 2726; x_wconf 91' lang='lat' dir='ltr'>et</span> <span class='ocrx_word' id='word_1_205' title='bbox 1423 2671 1642 2744; x_wconf 81' lang='lat' dir='ltr'>alioqui</span> <span class='ocrx_word' id='word_1_206' title='bbox 1668 2673 1831 2744; x_wconf 83' lang='lat' dir='ltr'>utile,</span> <span class='ocrx_word' id='word_1_207' title='bbox 1853 2675 2043 2729; x_wconf 90' lang='lat' dir='ltr'>virum</span> <span class='ocrx_word' id='word_1_208' title='bbox 2063 2674 2325 2746; x_wconf 80' lang='lat' dir='ltr'>proxime</span> 
     </span>
    </p>
   </div>
   <div class='ocr_carea' id='block_1_28' title="bbox 669 2760 2322 2835">
    <p class='ocr_par' dir='ltr' id='par_1_28' title="bbox 669 2760 2322 2835">
     <span class='ocr_line' id='line_1_28' title="bbox 669 2760 2322 2835; baseline 0.002 -21"><span class='ocrx_word' id='word_1_209' title='bbox 669 2760 975 2815; x_wconf 87' lang='lat' dir='ltr'>admotum</span> <span class='ocrx_word' id='word_1_210' title='bbox 1009 2760 1372 2832; x_wconf 80' lang='lat' dir='ltr'>imperatori.</span> <span class='ocrx_word' id='word_1_211' title='bbox 1405 2767 1462 2817; x_wconf 93' lang='lat' dir='ltr'>et</span> <span class='ocrx_word' id='word_1_212' title='bbox 1494 2763 1680 2833; x_wconf 89' lang='lat' dir='ltr'>patris</span> <span class='ocrx_word' id='word_1_213' title='bbox 1713 2779 1852 2835; x_wconf 91' lang='lat' dir='ltr'>erga</span> <span class='ocrx_word' id='word_1_214' title='bbox 1876 2781 2011 2819; x_wconf 91' lang='lat' dir='ltr'>eum</span> <span class='ocrx_word' id='word_1_215' title='bbox 2043 2769 2099 2819; x_wconf 90' lang='lat' dir='ltr'>et</span> <span class='ocrx_word' id='word_1_216' title='bbox 2131 2779 2322 2818; x_wconf 87' lang='lat' dir='ltr'>neces-</span> 
     </span>
    </p>
   </div>
   <div class='ocr_carea' id='block_1_29' title="bbox 669 2849 2324 2920">
    <p class='ocr_par' dir='ltr' id='par_1_29' title="bbox 669 2849 2324 2920">
     <span class='ocr_line' id='line_1_29' title="bbox 669 2849 2324 2920; baseline 0.003 -18"><span class='ocrx_word' id='word_1_217' title='bbox 669 2849 990 2904; x_wconf 89' lang='lat' dir='ltr'>situdinem</span> <span class='ocrx_word' id='word_1_218' title='bbox 1021 2854 1318 2920; x_wconf 82' lang='lat' dir='ltr'>gerentem</span> <span class='ocrx_word' id='word_1_219' title='bbox 1351 2855 1408 2906; x_wconf 92' lang='lat' dir='ltr'>et</span> <span class='ocrx_word' id='word_1_220' title='bbox 1438 2868 1677 2918; x_wconf 89' lang='lat' dir='ltr'>nomen,</span> <span class='ocrx_word' id='word_1_221' title='bbox 1701 2853 1972 2910; x_wconf 87' lang='lat' dir='ltr'>honorari</span> <span class='ocrx_word' id='word_1_222' title='bbox 2000 2853 2171 2908; x_wconf 81' lang='lat' dir='ltr'>titulo</span> <span class='ocrx_word' id='word_1_223' title='bbox 2199 2853 2324 2907; x_wconf 86' lang='lat' dir='ltr'>des-</span> 
     </span>
    </p>
   </div>
   <div class='ocr_carea' id='block_1_30' title="bbox 672 2938 2320 3013">
    <p class='ocr_par' dir='ltr' id='par_1_30' title="bbox 672 2938 2320 3013">
     <span class='ocr_line' id='line_1_30' title="bbox 672 2938 2320 3013; baseline 0.001 -19"><span class='ocrx_word' id='word_1_224' title='bbox 672 2943 841 3009; x_wconf 69' lang='lat' dir='ltr'>potaa.</span> <span class='ocrx_word' id='word_1_225' title='bbox 876 2938 1016 2995; x_wconf 90' lang='lat' dir='ltr'>Cedi</span> <span class='ocrx_word' id='word_1_226' title='bbox 1048 2939 1205 2995; x_wconf 90' lang='lat' dir='ltr'>enim</span> <span class='ocrx_word' id='word_1_227' title='bbox 1239 2941 1377 2996; x_wconf 88' lang='lat' dir='ltr'>huic</span> <span class='ocrx_word' id='word_1_228' title='bbox 1409 2943 1479 2997; x_wconf 92' lang='lat' dir='ltr'>ab</span> <span class='ocrx_word' id='word_1_229' title='bbox 1511 2942 1789 2998; x_wconf 91' lang='lat' dir='ltr'>omnibus</span> <span class='ocrx_word' id='word_1_230' title='bbox 1831 2943 2160 3008; x_wconf 89' lang='lat' dir='ltr'>convenire,</span> <span class='ocrx_word' id='word_1_231' title='bbox 2192 2957 2320 3013; x_wconf 74' lang='lat' dir='ltr'>quin</span> 
     </span>
    </p>
   </div>
   <div class='ocr_carea' id='block_1_31' title="bbox 669 3025 2320 3100">
    <p class='ocr_par' dir='ltr' id='par_1_31' title="bbox 669 3025 2320 3100">
     <span class='ocr_line' id='line_1_31' title="bbox 669 3025 2320 3100; baseline 0.003 -20"><span class='ocrx_word' id='word_1_232' title='bbox 669 3025 938 3080; x_wconf 90' lang='lat' dir='ltr'>omnium</span> <span class='ocrx_word' id='word_1_233' title='bbox 972 3030 1183 3097; x_wconf 64' lang='lat' dir='ltr'>prater</span> <span class='ocrx_word' id='word_1_234' title='bbox 1213 3027 1539 3099; x_wconf 83' lang='lat' dir='ltr'>principem</span> <span class='ocrx_word' id='word_1_235' title='bbox 1575 3029 1675 3084; x_wconf 90' lang='lat' dir='ltr'>uni</span> <span class='ocrx_word' id='word_1_236' title='bbox 1722 3030 2011 3100; x_wconf 91' lang='lat' dir='ltr'>subjectio</span> <span class='ocrx_word' id='word_1_237' title='bbox 2043 3030 2156 3086; x_wconf 90' lang='lat' dir='ltr'>isto</span> <span class='ocrx_word' id='word_1_238' title='bbox 2188 3031 2320 3085; x_wconf 80' lang='lat' dir='ltr'>des-</span> 
     </span>
    </p>
   </div>
   <div class='ocr_carea' id='block_1_32' title="bbox 666 3116 2316 3194">
    <p class='ocr_par' dir='ltr' id='par_1_32' title="bbox 666 3116 2316 3194">
     <span class='ocr_line' id='line_1_32' title="bbox 666 3116 2316 3194; baseline 0.002 -26"><span class='ocrx_word' id='word_1_239' title='bbox 666 3116 813 3185; x_wconf 80' lang='lat' dir='ltr'>potae</span> <span class='ocrx_word' id='word_1_240' title='bbox 846 3116 1116 3184; x_wconf 84' lang='lat' dir='ltr'>signatur</span> <span class='ocrx_word' id='word_1_241' title='bbox 1157 3117 1461 3194; x_wconf 78' lang='lat' dir='ltr'>vocabulo.</span> <span class='ocrx_word' id='word_1_242' title='bbox 1496 3117 1589 3172; x_wconf 88' lang='lat' dir='ltr'>Sic</span> <span class='ocrx_word' id='word_1_243' title='bbox 1644 3134 1886 3175; x_wconf 82' lang='lat' dir='ltr'>cursum</span> <span class='ocrx_word' id='word_1_244' title='bbox 1940 3118 2186 3191; x_wconf 70' lang='lat' dir='ltr'>publicae</span> <span class='ocrx_word' id='word_1_245' title='bbox 2237 3118 2316 3173; x_wconf 92' lang='lat' dir='ltr'>rei</span> 
     </span>
    </p>
   </div>
   <div class='ocr_carea' id='block_1_33' title="bbox 667 3205 2318 3278">
    <p class='ocr_par' dir='ltr' id='par_1_33' title="bbox 667 3205 2318 3278">
     <span class='ocr_line' id='line_1_33' title="bbox 667 3205 2318 3278; baseline 0.004 -22"><span class='ocrx_word' id='word_1_246' title='bbox 667 3219 1012 3273; x_wconf 89' lang='lat' dir='ltr'>prosperum</span> <span class='ocrx_word' id='word_1_247' title='bbox 1049 3205 1189 3259; x_wconf 91' lang='lat' dir='ltr'>fore.</span> <span class='ocrx_word' id='word_1_248' title='bbox 1220 3205 1405 3260; x_wconf 89' lang='lat' dir='ltr'>Puero</span> <span class='ocrx_word' id='word_1_249' title='bbox 1461 3207 1618 3262; x_wconf 90' lang='lat' dir='ltr'>enim</span> <span class='ocrx_word' id='word_1_250' title='bbox 1678 3209 1902 3264; x_wconf 84' lang='lat' dir='ltr'>ratione</span> <span class='ocrx_word' id='word_1_251' title='bbox 1961 3209 2155 3264; x_wconf 88' lang='lat' dir='ltr'>adhuc</span> <span class='ocrx_word' id='word_1_252' title='bbox 2216 3224 2318 3278; x_wconf 90' lang='lat' dir='ltr'>per</span> 
     </span>
    </p>
   </div>
   <div class='ocr_carea' id='block_1_34' title="bbox 2432 587 4082 666">
    <p class='ocr_par' dir='ltr' id='par_1_34' title="bbox 2432 587 4082 666">
     <span class='ocr_line' id='line_1_34' title="bbox 2432 587 4082 666; baseline 0.001 -24"><span class='ocrx_word' id='word_1_253' title='bbox 2432 587 2692 652; x_wconf 78' lang='grc' dir='ltr'>εὐπλοίας</span> <span class='ocrx_word' id='word_1_254' title='bbox 2719 590 2800 644; x_wconf 78' lang='grc' dir='ltr'>ὅτι</span> <span class='ocrx_word' id='word_1_255' title='bbox 2843 593 3156 664; x_wconf 72' lang='grc' dir='ltr'>θαυμαστῆς</span> <span class='ocrx_word' id='word_1_256' title='bbox 3206 590 3560 666; x_wconf 84' lang='grc' dir='ltr'>ἐναυάγησαν.</span> <span class='ocrx_word' id='word_1_257' title='bbox 3615 591 3676 647; x_wconf 80' lang='grc' dir='ltr'>Εἰ</span> <span class='ocrx_word' id='word_1_258' title='bbox 3705 596 3832 666; x_wconf 77' lang='grc' dir='ltr'>γοῦν</span> <span class='ocrx_word' id='word_1_259' title='bbox 3863 596 3942 662; x_wconf 81' lang='grc' dir='ltr'>τῷ</span> <span class='ocrx_word' id='word_1_260' title='bbox 4005 595 4082 664; x_wconf 83' lang='grc' dir='ltr'>μὴ</span> 
     </span>
    </p>
   </div>
   <div class='ocr_carea' id='block_1_35' title="bbox 2431 675 4084 754">
    <p class='ocr_par' dir='ltr' id='par_1_35' title="bbox 2431 675 4084 754">
     <span class='ocr_line' id='line_1_35' title="bbox 2431 675 4084 754; baseline 0.002 -24"><span class='ocrx_word' id='word_1_261' title='bbox 2431 678 2614 740; x_wconf 82' lang='grc' dir='ltr'>καλῶς</span> <span class='ocrx_word' id='word_1_262' title='bbox 2641 678 2692 740; x_wconf 85' lang='grc' dir='ltr'>ές</span> <span class='ocrx_word' id='word_1_263' title='bbox 2711 681 2773 734; x_wconf 89' lang='grc' dir='ltr'>τὸ</span> <span class='ocrx_word' id='word_1_264' title='bbox 2824 675 3041 753; x_wconf 75' lang='grc' dir='ltr'>ἀκριϐὲς</span> <span class='ocrx_word' id='word_1_265' title='bbox 3091 677 3353 754; x_wconf 77' lang='grc' dir='ltr'>ἄρχεσθαι</span> <span class='ocrx_word' id='word_1_266' title='bbox 3400 682 3532 734; x_wconf 91' lang='grc' dir='ltr'>τόσα</span> <span class='ocrx_word' id='word_1_267' title='bbox 3583 675 3779 750; x_wconf 77' lang='grc' dir='ltr'>συνέϐη</span> <span class='ocrx_word' id='word_1_268' title='bbox 3837 682 3905 734; x_wconf 82' lang='grc' dir='ltr'>τά</span> <span class='ocrx_word' id='word_1_269' title='bbox 3962 679 4084 734; x_wconf 82' lang='grc' dir='ltr'>δυσ⁶</span> 
     </span>
    </p>
   </div>
   <div class='ocr_carea' id='block_1_36' title="bbox 2433 766 4080 843">
    <p class='ocr_par' dir='ltr' id='par_1_36' title="bbox 2433 766 4080 843">
     <span class='ocr_line' id='line_1_36' title="bbox 2433 766 4080 843; baseline 0 -22"><span class='ocrx_word' id='word_1_270' title='bbox 2433 773 2596 839; x_wconf 84' lang='grc' dir='ltr'>χερῆ,</span> <span class='ocrx_word' id='word_1_271' title='bbox 2644 768 2708 822; x_wconf 85' lang='grc' dir='ltr'>τὸ</span> <span class='ocrx_word' id='word_1_272' title='bbox 2766 771 2838 840; x_wconf 80' lang='grc' dir='ltr'>μή</span> <span class='ocrx_word' id='word_1_273' title='bbox 2901 769 3047 830; x_wconf 80' lang='grc' dir='ltr'>ὅλως</span> <span class='ocrx_word' id='word_1_274' title='bbox 3108 766 3369 843; x_wconf 74' lang='grc' dir='ltr'>ἄρχεσθαι</span> <span class='ocrx_word' id='word_1_275' title='bbox 3419 770 3586 823; x_wconf 91' lang='grc' dir='ltr'>πόσον</span> <span class='ocrx_word' id='word_1_276' title='bbox 3649 768 3724 830; x_wconf 76' lang='grc' dir='ltr'>εἷς</span> <span class='ocrx_word' id='word_1_277' title='bbox 3778 767 4080 837; x_wconf 84' lang='grc' dir='ltr'>κίνδυνον;</span> 
     </span>
    </p>
   </div>
   <div class='ocr_carea' id='block_1_37' title="bbox 2431 855 4080 932">
    <p class='ocr_par' dir='ltr' id='par_1_37' title="bbox 2431 855 4080 932">
     <span class='ocr_line' id='line_1_37' title="bbox 2431 855 4080 932; baseline 0.001 -24"><span class='ocrx_word' id='word_1_278' title='bbox 2431 856 2589 926; x_wconf 83' lang='grc' dir='ltr'>Ἡμῖν</span> <span class='ocrx_word' id='word_1_279' title='bbox 2624 858 2719 928; x_wconf 77' lang='grc' dir='ltr'>μὲν</span> <span class='ocrx_word' id='word_1_280' title='bbox 2758 856 2847 911; x_wconf 76' lang='grc' dir='ltr'>οὖν</span> <span class='ocrx_word' id='word_1_281' title='bbox 2880 855 3047 912; x_wconf 89' lang='grc' dir='ltr'>καλὸν</span> <span class='ocrx_word' id='word_1_282' title='bbox 3084 858 3176 930; x_wconf 73' lang='grc' dir='ltr'>μὶν</span> <span class='ocrx_word' id='word_1_283' title='bbox 3210 857 3300 912; x_wconf 84' lang='grc' dir='ltr'>καὶ</span> <span class='ocrx_word' id='word_1_284' title='bbox 3351 859 3413 912; x_wconf 88' lang='grc' dir='ltr'>τὸ</span> <span class='ocrx_word' id='word_1_285' title='bbox 3463 859 3598 930; x_wconf 88' lang='grc' dir='ltr'>πρὸς</span> <span class='ocrx_word' id='word_1_286' title='bbox 3647 859 3744 926; x_wconf 76' lang='grc' dir='ltr'>τήν</span> <span class='ocrx_word' id='word_1_287' title='bbox 3801 858 4080 932; x_wconf 80' lang='grc' dir='ltr'>βασιΛέίαν</span> 
     </span>
    </p>
   </div>
   <div class='ocr_carea' id='block_1_38' title="bbox 2428 946 4086 1020">
    <p class='ocr_par' dir='ltr' id='par_1_38' title="bbox 2428 946 4086 1020">
     <span class='ocr_line' id='line_1_38' title="bbox 2428 946 4086 1020; baseline 0.001 -21"><span class='ocrx_word' id='word_1_288' title='bbox 2428 946 2616 1000; x_wconf 89' lang='grc' dir='ltr'>πιστὸν</span> <span class='ocrx_word' id='word_1_289' title='bbox 2651 946 2874 1019; x_wconf 76' lang='grc' dir='ltr'>ἥγηται,</span> <span class='ocrx_word' id='word_1_290' title='bbox 2907 947 3076 1002; x_wconf 89' lang='grc' dir='ltr'>καλὸν</span> <span class='ocrx_word' id='word_1_291' title='bbox 3128 946 3185 1001; x_wconf 74' lang='grc' dir='ltr'>δὲ</span> <span class='ocrx_word' id='word_1_292' title='bbox 3215 947 3304 1001; x_wconf 82' lang='grc' dir='ltr'>καὶ</span> <span class='ocrx_word' id='word_1_293' title='bbox 3335 948 3397 1000; x_wconf 88' lang='grc' dir='ltr'>τὸ</span> <span class='ocrx_word' id='word_1_294' title='bbox 3428 952 3545 1008; x_wconf 91' lang='grc' dir='ltr'>τοῖς</span> <span class='ocrx_word' id='word_1_295' title='bbox 3579 947 3763 1020; x_wconf 81' lang='grc' dir='ltr'>ὅρκοις</span> <span class='ocrx_word' id='word_1_296' title='bbox 3816 947 4086 1018; x_wconf 84' lang='grc' dir='ltr'>ἐμμένον-</span> 
     </span>
    </p>
   </div>
   <div class='ocr_carea' id='block_1_39' title="bbox 2426 1035 4085 1108">
    <p class='ocr_par' dir='ltr' id='par_1_39' title="bbox 2426 1035 4085 1108">
     <span class='ocr_line' id='line_1_39' title="bbox 2426 1035 4085 1108; baseline 0.001 -19"><span class='ocrx_word' id='word_1_297' title='bbox 2426 1055 2520 1095; x_wconf 91' lang='grc' dir='ltr'>τας</span> <span class='ocrx_word' id='word_1_298' title='bbox 2576 1036 2858 1102; x_wconf 79' lang='grc' dir='ltr'>σώζεσθαι·</span> <span class='ocrx_word' id='word_1_299' title='bbox 2919 1041 3016 1089; x_wconf 79' lang='grc' dir='ltr'>κᾶν</span> <span class='ocrx_word' id='word_1_300' title='bbox 3077 1036 3188 1108; x_wconf 75' lang='grc' dir='ltr'>ἀπῇ</span> <span class='ocrx_word' id='word_1_301' title='bbox 3246 1036 3307 1089; x_wconf 80' lang='grc' dir='ltr'>τὸ</span> <span class='ocrx_word' id='word_1_302' title='bbox 3357 1036 3622 1104; x_wconf 82' lang='grc' dir='ltr'>σώζεσθαι</span> <span class='ocrx_word' id='word_1_303' title='bbox 3658 1080 3671 1092; x_wconf 95' lang='grc'><strong>.</strong></span> <span class='ocrx_word' id='word_1_304' title='bbox 3734 1035 3962 1108; x_wconf 85' lang='grc' dir='ltr'>μάταιον</span> <span class='ocrx_word' id='word_1_305' title='bbox 4020 1038 4085 1090; x_wconf 83' lang='grc' dir='ltr'>τὸ</span> 
     </span>
    </p>
   </div>
   <div class='ocr_carea' id='block_1_40' title="bbox 2427 1122 4088 1198">
    <p class='ocr_par' dir='ltr' id='par_1_40' title="bbox 2427 1122 4088 1198">
     <span class='ocr_line' id='line_1_40' title="bbox 2427 1122 4088 1198; baseline 0.001 -22"><span class='ocrx_word' id='word_1_306' title='bbox 2427 1123 2634 1177; x_wconf 83' lang='grc' dir='ltr'>πιστόν.</span> <span class='ocrx_word' id='word_1_307' title='bbox 2683 1124 2824 1178; x_wconf 81' lang='grc' dir='ltr'>Κατά</span> <span class='ocrx_word' id='word_1_308' title='bbox 2867 1124 2918 1178; x_wconf 90' lang='grc' dir='ltr'>τί</span> <span class='ocrx_word' id='word_1_309' title='bbox 2969 1122 3026 1178; x_wconf 79' lang='grc' dir='ltr'>δὲ</span> <span class='ocrx_word' id='word_1_310' title='bbox 3078 1125 3168 1178; x_wconf 84' lang='grc' dir='ltr'>καὶ</span> <span class='ocrx_word' id='word_1_311' title='bbox 3227 1125 3546 1196; x_wconf 84' lang='grc' dir='ltr'>λυμανεῖται</span> <span class='ocrx_word' id='word_1_312' title='bbox 3733 1123 4006 1198; x_wconf 81' lang='grc' dir='ltr'>βασιλείᾳ,</span> <span class='ocrx_word' id='word_1_313' title='bbox 4041 1124 4088 1179; x_wconf 81' lang='grc' dir='ltr'>εἰ</span> 
     </span>
    </p>
   </div>
   <div class='ocr_carea' id='block_1_41' title="bbox 2426 1211 4090 1289">
    <p class='ocr_par' dir='ltr' id='par_1_41' title="bbox 2426 1211 4090 1289">
     <span class='ocr_line' id='line_1_41' title="bbox 2426 1211 4090 1289; baseline 0.001 -24"><span class='ocrx_word' id='word_1_314' title='bbox 2426 1213 2715 1285; x_wconf 87' lang='grc' dir='ltr'>προσέσται</span> <span class='ocrx_word' id='word_1_315' title='bbox 2745 1211 2824 1284; x_wconf 81' lang='grc' dir='ltr'>τῷ</span> <span class='ocrx_word' id='word_1_316' title='bbox 2855 1218 3150 1289; x_wconf 81' lang='grc' dir='ltr'>φροντιστῇ</span> <span class='ocrx_word' id='word_1_317' title='bbox 3179 1213 3242 1268; x_wconf 88' lang='grc' dir='ltr'>τὸ</span> <span class='ocrx_word' id='word_1_318' title='bbox 3295 1213 3507 1286; x_wconf 78' lang='grc' dir='ltr'>ἀξίωμα</span> <span class='ocrx_word' id='word_1_319' title='bbox 3541 1231 3555 1280; x_wconf 88' lang='lat'><strong>;</strong></span> <span class='ocrx_word' id='word_1_320' title='bbox 3615 1212 3826 1285; x_wconf 77' lang='grc' dir='ltr'>μᾶλλον</span> <span class='ocrx_word' id='word_1_321' title='bbox 3863 1215 3961 1286; x_wconf 73' lang='grc' dir='ltr'>μὲν</span> <span class='ocrx_word' id='word_1_322' title='bbox 3994 1212 4090 1267; x_wconf 80' lang='grc' dir='ltr'>οὖν</span> 
     </span>
    </p>
   </div>
   <div class='ocr_carea' id='block_1_42' title="bbox 2425 1300 4092 1377">
    <p class='ocr_par' dir='ltr' id='par_1_42' title="bbox 2425 1300 4092 1377">
     <span class='ocr_line' id='line_1_42' title="bbox 2425 1300 4092 1377; baseline 0.001 -23"><span class='ocrx_word' id='word_1_323' title='bbox 2425 1302 2510 1354; x_wconf 82' lang='grc' dir='ltr'>καὶ</span> <span class='ocrx_word' id='word_1_324' title='bbox 2547 1301 2779 1355; x_wconf 86' lang='grc' dir='ltr'>συνοίσει</span> <span class='ocrx_word' id='word_1_325' title='bbox 2840 1304 2906 1356; x_wconf 77' lang='grc' dir='ltr'>τὰ</span> <span class='ocrx_word' id='word_1_326' title='bbox 2962 1300 3216 1360; x_wconf 88' lang='grc' dir='ltr'>πλεῖστα.</span> <span class='ocrx_word' id='word_1_327' title='bbox 3265 1304 3480 1375; x_wconf 77' lang='grc' dir='ltr'>’Όνομα</span> <span class='ocrx_word' id='word_1_328' title='bbox 3508 1303 3608 1376; x_wconf 74' lang='grc' dir='ltr'>γὰρ</span> <span class='ocrx_word' id='word_1_329' title='bbox 3658 1301 3842 1374; x_wconf 91' lang='grc' dir='ltr'>τίμιον</span> <span class='ocrx_word' id='word_1_330' title='bbox 3877 1303 4092 1377; x_wconf 83' lang='grc' dir='ltr'>περιθέ-</span> 
     </span>
    </p>
   </div>
   <div class='ocr_carea' id='block_1_43' title="bbox 2431 1389 4088 1466">
    <p class='ocr_par' dir='ltr' id='par_1_43' title="bbox 2431 1389 4088 1466">
     <span class='ocr_line' id='line_1_43' title="bbox 2431 1389 4088 1466; baseline 0.002 -24"><span class='ocrx_word' id='word_1_331' title='bbox 2431 1410 2586 1462; x_wconf 85' lang='grc' dir='ltr'>μενος</span> <span class='ocrx_word' id='word_1_332' title='bbox 2639 1390 2720 1444; x_wconf 80' lang='grc' dir='ltr'>ἐπ’</span> <span class='ocrx_word' id='word_1_333' title='bbox 2779 1391 2952 1445; x_wconf 81' lang='grc' dir='ltr'>αὐτῶν</span> <span class='ocrx_word' id='word_1_334' title='bbox 2997 1395 3103 1444; x_wconf 78' lang='grc' dir='ltr'>τῶν</span> <span class='ocrx_word' id='word_1_335' title='bbox 3166 1390 3500 1466; x_wconf 82' lang='grc' dir='ltr'>πραγμάτων</span> <span class='ocrx_word' id='word_1_336' title='bbox 3557 1396 3806 1465; x_wconf 85' lang='grc' dir='ltr'>κρατυνεῖ</span> <span class='ocrx_word' id='word_1_337' title='bbox 3867 1389 4088 1463; x_wconf 81' lang='grc' dir='ltr'>μᾶλλον</span> 
     </span>
    </p>
   </div>
   <div class='ocr_carea' id='block_1_44' title="bbox 2425 1478 4088 1555">
    <p class='ocr_par' dir='ltr' id='par_1_44' title="bbox 2425 1478 4088 1555">
     <span class='ocr_line' id='line_1_44' title="bbox 2425 1478 4088 1555; baseline 0.001 -25"><span class='ocrx_word' id='word_1_338' title='bbox 2425 1478 2523 1546; x_wconf 78' lang='grc' dir='ltr'>τήν</span> <span class='ocrx_word' id='word_1_339' title='bbox 2569 1478 2748 1554; x_wconf 71' lang='grc' dir='ltr'>ἀρχὴν</span> <span class='ocrx_word' id='word_1_340' title='bbox 2775 1483 2854 1550; x_wconf 81' lang='grc' dir='ltr'>τῷ</span> <span class='ocrx_word' id='word_1_341' title='bbox 2891 1484 3200 1554; x_wconf 77' lang='grc' dir='ltr'>κρατοῦντι·</span> <span class='ocrx_word' id='word_1_342' title='bbox 3256 1479 3315 1534; x_wconf 79' lang='grc' dir='ltr'>ἐκ</span> <span class='ocrx_word' id='word_1_343' title='bbox 3339 1487 3438 1555; x_wconf 80' lang='grc' dir='ltr'>γαρ</span> <span class='ocrx_word' id='word_1_344' title='bbox 3492 1479 3707 1535; x_wconf 77' lang='grc' dir='ltr'>πολλοῦ</span> <span class='ocrx_word' id='word_1_345' title='bbox 3737 1484 3834 1534; x_wconf 79' lang='grc' dir='ltr'>τοῦ</span> <span class='ocrx_word' id='word_1_346' title='bbox 3865 1480 4088 1553; x_wconf 83' lang='grc' dir='ltr'>περιόν-</span> 
     </span>
    </p>
   </div>
   <div class='ocr_carea' id='block_1_45' title="bbox 2424 1563 4094 1642">
    <p class='ocr_par' dir='ltr' id='par_1_45' title="bbox 2424 1563 4094 1642">
     <span class='ocr_line' id='line_1_45' title="bbox 2424 1563 4094 1642; baseline 0.001 -22"><span class='ocrx_word' id='word_1_347' title='bbox 2424 1588 2516 1628; x_wconf 91' lang='grc' dir='ltr'>τος</span> <span class='ocrx_word' id='word_1_348' title='bbox 2547 1563 2799 1642; x_wconf 78' lang='grc' dir='ltr'>πρέσϐεσι</span> <span class='ocrx_word' id='word_1_349' title='bbox 2838 1569 2931 1641; x_wconf 74' lang='grc' dir='ltr'>μὲν</span> <span class='ocrx_word' id='word_1_350' title='bbox 2963 1569 3327 1642; x_wconf 85' lang='grc' dir='ltr'>χρηματίσοι,</span> <span class='ocrx_word' id='word_1_351' title='bbox 3372 1567 3529 1631; x_wconf 89' lang='grc' dir='ltr'>λαοῖς</span> <span class='ocrx_word' id='word_1_352' title='bbox 3573 1566 3619 1623; x_wconf 87' lang='grc' dir='ltr'>δ’</span> <span class='ocrx_word' id='word_1_353' title='bbox 3649 1567 3942 1642; x_wconf 76' lang='grc' dir='ltr'>ὁμιλήσοι,</span> <span class='ocrx_word' id='word_1_354' title='bbox 3976 1569 4094 1623; x_wconf 84' lang='grc' dir='ltr'>ἐπι-</span> 
     </span>
    </p>
   </div>
   <div class='ocr_carea' id='block_1_46' title="bbox 2423 1653 4086 1733">
    <p class='ocr_par' dir='ltr' id='par_1_46' title="bbox 2423 1653 4086 1733">
     <span class='ocr_line' id='line_1_46' title="bbox 2423 1653 4086 1733; baseline 0 -23"><span class='ocrx_word' id='word_1_355' title='bbox 2423 1657 2573 1726; x_wconf 80' lang='grc' dir='ltr'>τάξοι</span> <span class='ocrx_word' id='word_1_356' title='bbox 2605 1653 2663 1710; x_wconf 72' lang='grc' dir='ltr'>δὲ</span> <span class='ocrx_word' id='word_1_357' title='bbox 2695 1658 3051 1728; x_wconf 86' lang='grc' dir='ltr'>στρατιώταις</span> <span class='ocrx_word' id='word_1_358' title='bbox 3097 1658 3186 1711; x_wconf 81' lang='grc' dir='ltr'>καὶ</span> <span class='ocrx_word' id='word_1_359' title='bbox 3245 1656 3501 1733; x_wconf 71' lang='grc' dir='ltr'>ἄρχουσι,</span> <span class='ocrx_word' id='word_1_360' title='bbox 3547 1659 3634 1712; x_wconf 86' lang='grc' dir='ltr'>καὶ</span> <span class='ocrx_word' id='word_1_361' title='bbox 3671 1656 3824 1712; x_wconf 77' lang='grc' dir='ltr'>οὐδὲν</span> <span class='ocrx_word' id='word_1_362' title='bbox 3859 1657 3890 1712; x_wconf 75' lang='grc' dir='ltr'>ὅ</span> <span class='ocrx_word' id='word_1_363' title='bbox 3917 1678 3970 1712; x_wconf 91' lang='grc' dir='ltr'>τι</span> <span class='ocrx_word' id='word_1_364' title='bbox 4007 1659 4086 1729; x_wconf 78' lang='grc' dir='ltr'>μὴ</span> 
     </span>
    </p>
   </div>
   <div class='ocr_carea' id='block_1_47' title="bbox 2426 1743 4089 1819">
    <p class='ocr_par' dir='ltr' id='par_1_47' title="bbox 2426 1743 4089 1819">
     <span class='ocr_line' id='line_1_47' title="bbox 2426 1743 4089 1819; baseline 0.001 -21"><span class='ocrx_word' id='word_1_365' title='bbox 2426 1745 2502 1806; x_wconf 80' lang='grc' dir='ltr'>ὡς</span> <span class='ocrx_word' id='word_1_366' title='bbox 2533 1744 2676 1808; x_wconf 72' lang='grc' dir='ltr'>εἶκὸς</span> <span class='ocrx_word' id='word_1_367' title='bbox 2713 1747 3066 1815; x_wconf 75' lang='grc' dir='ltr'>καταστήσοι,</span> <span class='ocrx_word' id='word_1_368' title='bbox 3099 1743 3536 1819; x_wconf 81' lang='grc' dir='ltr'>δυσωπουμένων</span> <span class='ocrx_word' id='word_1_369' title='bbox 3576 1747 3640 1801; x_wconf 88' lang='grc' dir='ltr'>τὸ</span> <span class='ocrx_word' id='word_1_370' title='bbox 3689 1745 3903 1818; x_wconf 81' lang='grc' dir='ltr'>ἀξίωμα</span> <span class='ocrx_word' id='word_1_371' title='bbox 3951 1745 4089 1799; x_wconf 88' lang='grc' dir='ltr'>πάν-</span> 
     </span>
    </p>
   </div>
   <div class='ocr_carea' id='block_1_48' title="bbox 2424 1829 4089 1910">
    <p class='ocr_par' dir='ltr' id='par_1_48' title="bbox 2424 1829 4089 1910">
     <span class='ocr_line' id='line_1_48' title="bbox 2424 1829 4089 1910; baseline 0.002 -24"><span class='ocrx_word' id='word_1_372' title='bbox 2424 1853 2554 1890; x_wconf 90' lang='grc' dir='ltr'>των.</span> <span class='ocrx_word' id='word_1_373' title='bbox 2590 1831 2652 1888; x_wconf 79' lang='grc' dir='ltr'>Εἰ</span> <span class='ocrx_word' id='word_1_374' title='bbox 2687 1831 2744 1887; x_wconf 82' lang='grc' dir='ltr'>δέ</span> <span class='ocrx_word' id='word_1_375' title='bbox 2771 1851 2854 1893; x_wconf 91' lang='grc' dir='ltr'>τις</span> <span class='ocrx_word' id='word_1_376' title='bbox 2885 1837 3000 1894; x_wconf 87' lang='grc' dir='ltr'>τοῖς</span> <span class='ocrx_word' id='word_1_377' title='bbox 3034 1832 3085 1902; x_wconf 79' lang='grc' dir='ltr'>ἐξ</span> <span class='ocrx_word' id='word_1_378' title='bbox 3137 1829 3258 1886; x_wconf 66' lang='grc' dir='ltr'>ἴσου</span> <span class='ocrx_word' id='word_1_379' title='bbox 3313 1831 3409 1886; x_wconf 75' lang='grc' dir='ltr'>κᾶν</span> <span class='ocrx_word' id='word_1_380' title='bbox 3468 1833 3632 1908; x_wconf 90' lang='grc' dir='ltr'>ἀρχοι</span> <span class='ocrx_word' id='word_1_381' title='bbox 3692 1834 4089 1910; x_wconf 77' lang='grc' dir='ltr'>προσφέροιτο.</span> 
     </span>
    </p>
   </div>
   <div class='ocr_carea' id='block_1_49' title="bbox 2425 1918 4087 1996">
    <p class='ocr_par' dir='ltr' id='par_1_49' title="bbox 2425 1918 4087 1996">
     <span class='ocr_line' id='line_1_49' title="bbox 2425 1918 4087 1996; baseline 0.001 -22"><span class='ocrx_word' id='word_1_382' title='bbox 2425 1919 2486 1974; x_wconf 82' lang='grc' dir='ltr'>οὐ</span> <span class='ocrx_word' id='word_1_383' title='bbox 2520 1921 2693 1975; x_wconf 89' lang='grc' dir='ltr'>πείσει</span> <span class='ocrx_word' id='word_1_384' title='bbox 2743 1919 2940 1996; x_wconf 76' lang='grc' dir='ltr'>ῥᾳδίως</span> <span class='ocrx_word' id='word_1_385' title='bbox 2975 1918 3080 1975; x_wconf 79' lang='grc' dir='ltr'>ὅτι</span> <span class='ocrx_word' id='word_1_386' title='bbox 3127 1922 3479 1995; x_wconf 83' lang='grc' dir='ltr'>προστάσσοι,</span> <span class='ocrx_word' id='word_1_387' title='bbox 3532 1918 3699 1994; x_wconf 76' lang='grc' dir='ltr'>μηδὲν</span> <span class='ocrx_word' id='word_1_388' title='bbox 3752 1921 3802 1990; x_wconf 78' lang='grc' dir='ltr'>ἐξ</span> <span class='ocrx_word' id='word_1_389' title='bbox 3859 1923 4087 1992; x_wconf 84' lang='grc' dir='ltr'>ὑπερτέ-</span> 
     </span>
    </p>
   </div>
   <div class='ocr_carea' id='block_1_50' title="bbox 2427 2009 4090 2085">
    <p class='ocr_par' dir='ltr' id='par_1_50' title="bbox 2427 2009 4090 2085">
     <span class='ocr_line' id='line_1_50' title="bbox 2427 2009 4090 2085; baseline 0.002 -23"><span class='ocrx_word' id='word_1_390' title='bbox 2427 2029 2519 2084; x_wconf 91' lang='grc' dir='ltr'>ρας</span> <span class='ocrx_word' id='word_1_391' title='bbox 2575 2011 2762 2085; x_wconf 82' lang='grc' dir='ltr'>χειρὸς</span> <span class='ocrx_word' id='word_1_392' title='bbox 2819 2009 3088 2082; x_wconf 80' lang='grc' dir='ltr'>ἐπιτιμῶν</span> <span class='ocrx_word' id='word_1_393' title='bbox 3154 2015 3270 2071; x_wconf 89' lang='grc' dir='ltr'>τοῖς</span> <span class='ocrx_word' id='word_1_394' title='bbox 3329 2011 3755 2082; x_wconf 74' lang='grc' dir='ltr'>ἀνθισταμένοις.</span> <span class='ocrx_word' id='word_1_395' title='bbox 3814 2012 3905 2082; x_wconf 88' lang='grc' dir='ltr'>[Ρ</span> <span class='ocrx_word' id='word_1_396' title='bbox 3969 2011 4090 2082; x_wconf 75' lang='grc'>46]</span> 
     </span>
    </p>
   </div>
   <div class='ocr_carea' id='block_1_51' title="bbox 2427 2095 4090 2174">
    <p class='ocr_par' dir='ltr' id='par_1_51' title="bbox 2427 2095 4090 2174">
     <span class='ocr_line' id='line_1_51' title="bbox 2427 2095 4090 2174; baseline -0.002 -20"><span class='ocrx_word' id='word_1_397' title='bbox 2427 2097 2717 2171; x_wconf 86' lang='grc' dir='ltr'>Ῥωμαίων</span> <span class='ocrx_word' id='word_1_398' title='bbox 2743 2096 2799 2154; x_wconf 79' lang='grc' dir='ltr'>δὶ</span> <span class='ocrx_word' id='word_1_399' title='bbox 2830 2097 3114 2153; x_wconf 84' lang='grc' dir='ltr'>πολιτείαν</span> <span class='ocrx_word' id='word_1_400' title='bbox 3176 2098 3221 2153; x_wconf 82' lang='grc' dir='ltr'>εί</span> <span class='ocrx_word' id='word_1_401' title='bbox 3278 2095 3463 2162; x_wconf 65' lang='grc' dir='ltr'>ἄλλως</span> <span class='ocrx_word' id='word_1_402' title='bbox 3502 2101 3536 2169; x_wconf 72' lang='grc' dir='ltr'><strong>ἢ</strong></span> <span class='ocrx_word' id='word_1_403' title='bbox 3572 2098 3709 2153; x_wconf 83' lang='grc' dir='ltr'>κατὰ</span> <span class='ocrx_word' id='word_1_404' title='bbox 3767 2098 4090 2174; x_wconf 84' lang='grc' dir='ltr'>μοναρχίαν</span> 
     </span>
    </p>
   </div>
   <div class='ocr_carea' id='block_1_52' title="bbox 2429 2185 4094 2260">
    <p class='ocr_par' dir='ltr' id='par_1_52' title="bbox 2429 2185 4094 2260">
     <span class='ocr_line' id='line_1_52' title="bbox 2429 2185 4094 2260; baseline 0 -19"><span class='ocrx_word' id='word_1_405' title='bbox 2429 2185 2650 2242; x_wconf 87' lang='grc' dir='ltr'>διοικεῖν</span> <span class='ocrx_word' id='word_1_406' title='bbox 2686 2188 2866 2252; x_wconf 80' lang='grc' dir='ltr'>ἐθέλοι</span> <span class='ocrx_word' id='word_1_407' title='bbox 2895 2210 3003 2254; x_wconf 87' lang='grc' dir='ltr'>τις,</span> <span class='ocrx_word' id='word_1_408' title='bbox 3055 2187 3426 2260; x_wconf 82' lang='grc' dir='ltr'>θαυμάζοιμεν</span> <span class='ocrx_word' id='word_1_409' title='bbox 3474 2187 3556 2242; x_wconf 82' lang='grc' dir='ltr'>ἄν.</span> <span class='ocrx_word' id='word_1_410' title='bbox 3594 2185 3823 2260; x_wconf 79' lang='grc' dir='ltr'>Ἀμέλει</span> <span class='ocrx_word' id='word_1_411' title='bbox 3854 2208 3942 2242; x_wconf 87' lang='grc' dir='ltr'>τοι</span> <span class='ocrx_word' id='word_1_412' title='bbox 4002 2188 4094 2241; x_wconf 79' lang='grc' dir='ltr'>καὶ</span> 
     </span>
    </p>
   </div>
   <div class='ocr_carea' id='block_1_53' title="bbox 2427 2275 4092 2352">
    <p class='ocr_par' dir='ltr' id='par_1_53' title="bbox 2427 2275 4092 2352">
     <span class='ocr_line' id='line_1_53' title="bbox 2427 2275 4092 2352; baseline -0.001 -21"><span class='ocrx_word' id='word_1_413' title='bbox 2427 2277 2776 2352; x_wconf 85' lang='grc' dir='ltr'>προηγείσθω</span> <span class='ocrx_word' id='word_1_414' title='bbox 2810 2277 2930 2350; x_wconf 72' lang='grc' dir='ltr'>μὲν,</span> <span class='ocrx_word' id='word_1_415' title='bbox 2961 2275 3056 2331; x_wconf 65' lang='grc' dir='ltr'>κᾶν</span> <span class='ocrx_word' id='word_1_416' title='bbox 3090 2276 3291 2346; x_wconf 79' lang='grc' dir='ltr'>ἀτελὴς</span> <span class='ocrx_word' id='word_1_417' title='bbox 3323 2278 3351 2332; x_wconf 73' lang='grc' dir='ltr'>ὁ</span> <span class='ocrx_word' id='word_1_418' title='bbox 3385 2281 3597 2351; x_wconf 81' lang='grc' dir='ltr'>κρατῶν</span> <span class='ocrx_word' id='word_1_419' title='bbox 3628 2282 3738 2346; x_wconf 78' lang='grc' dir='ltr'>εἴη,</span> <span class='ocrx_word' id='word_1_420' title='bbox 3769 2276 3833 2331; x_wconf 85' lang='grc' dir='ltr'>τὸ</span> <span class='ocrx_word' id='word_1_421' title='bbox 3879 2296 4092 2351; x_wconf 78' lang='grc' dir='ltr'>μοναρο</span> 
     </span>
    </p>
   </div>
   <div class='ocr_carea' id='block_1_54' title="bbox 2432 2363 4090 2441">
    <p class='ocr_par' dir='ltr' id='par_1_54' title="bbox 2432 2363 4090 2441">
     <span class='ocr_line' id='line_1_54' title="bbox 2432 2363 4090 2441; baseline 0 -21"><span class='ocrx_word' id='word_1_422' title='bbox 2432 2372 2573 2440; x_wconf 87' lang='grc' dir='ltr'>χεῖν·</span> <span class='ocrx_word' id='word_1_423' title='bbox 2622 2372 2773 2439; x_wconf 90' lang='grc' dir='ltr'>μενεῖ</span> <span class='ocrx_word' id='word_1_424' title='bbox 2828 2367 2931 2441; x_wconf 76' lang='grc' dir='ltr'>γὰρ</span> <span class='ocrx_word' id='word_1_425' title='bbox 2980 2365 3070 2420; x_wconf 83' lang='grc' dir='ltr'>καὶ</span> <span class='ocrx_word' id='word_1_426' title='bbox 3104 2365 3270 2437; x_wconf 76' lang='grc' dir='ltr'>οὕτω,</span> <span class='ocrx_word' id='word_1_427' title='bbox 3323 2364 3420 2420; x_wconf 75' lang='grc' dir='ltr'>κᾶν</span> <span class='ocrx_word' id='word_1_428' title='bbox 3453 2363 3669 2436; x_wconf 84' lang='grc' dir='ltr'>δοκοίη,</span> <span class='ocrx_word' id='word_1_429' title='bbox 3719 2365 3782 2419; x_wconf 86' lang='grc' dir='ltr'>τὸ</span> <span class='ocrx_word' id='word_1_430' title='bbox 3835 2364 4090 2435; x_wconf 79' lang='grc' dir='ltr'>σύνηθες.</span> 
     </span>
    </p>
   </div>
   <div class='ocr_carea' id='block_1_55' title="bbox 2427 2452 4092 2530">
    <p class='ocr_par' dir='ltr' id='par_1_55' title="bbox 2427 2452 4092 2530">
     <span class='ocr_line' id='line_1_55' title="bbox 2427 2452 4092 2530; baseline -0.002 -18"><span class='ocrx_word' id='word_1_431' title='bbox 2427 2456 2915 2529; x_wconf 81' lang='grc' dir='ltr'>Ἀρισταρχήσεται</span> <span class='ocrx_word' id='word_1_432' title='bbox 2963 2452 3019 2509; x_wconf 74' lang='grc' dir='ltr'>δὲ</span> <span class='ocrx_word' id='word_1_433' title='bbox 3067 2456 3182 2509; x_wconf 88' lang='grc' dir='ltr'>κατ’</span> <span class='ocrx_word' id='word_1_434' title='bbox 3232 2457 3471 2530; x_wconf 83' lang='grc' dir='ltr'>ἀνάγκην</span> <span class='ocrx_word' id='word_1_435' title='bbox 3517 2456 3579 2509; x_wconf 89' lang='grc' dir='ltr'>τὸ</span> <span class='ocrx_word' id='word_1_436' title='bbox 3624 2455 3742 2510; x_wconf 83' lang='grc' dir='ltr'>καθ’</span> <span class='ocrx_word' id='word_1_437' title='bbox 3787 2456 3938 2527; x_wconf 79' lang='grc' dir='ltr'>ἡμᾶς</span> <span class='ocrx_word' id='word_1_438' title='bbox 3986 2475 4092 2527; x_wconf 92' lang='grc' dir='ltr'>μα-</span> 
     </span>
    </p>
   </div>
   <div class='ocr_carea' id='block_1_56' title="bbox 2436 2669 4095 2747">
    <p class='ocr_par' dir='ltr' id='par_1_56' title="bbox 2436 2669 4095 2747">
     <span class='ocr_line' id='line_1_56' title="bbox 2436 2669 4095 2747; baseline -0.001 -20"><span class='ocrx_word' id='word_1_439' title='bbox 2436 2671 2720 2743; x_wconf 89' lang='lat' dir='ltr'>scriptum</span> <span class='ocrx_word' id='word_1_440' title='bbox 2737 2672 2766 2726; x_wconf 75' lang='lat' dir='ltr'>‘I</span> <span class='ocrx_word' id='word_1_441' title='bbox 2787 2672 2856 2727; x_wconf 90' lang='lat' dir='ltr'>Et</span> <span class='ocrx_word' id='word_1_442' title='bbox 2885 2671 3008 2727; x_wconf 65' lang='lat' dir='ltr'>hac</span> <span class='ocrx_word' id='word_1_443' title='bbox 3037 2671 3376 2727; x_wconf 88' lang='lat' dir='ltr'>acciderunt</span> <span class='ocrx_word' id='word_1_444' title='bbox 3399 2670 3857 2747; x_wconf 84' lang='lat' dir='ltr'>imperatoribus</span> <span class='ocrx_word' id='word_1_445' title='bbox 3877 2669 3962 2724; x_wconf 89' lang='lat' dir='ltr'>ibi</span> <span class='ocrx_word' id='word_1_446' title='bbox 3985 2669 4095 2726; x_wconf 91' lang='lat' dir='ltr'>do-</span> 
     </span>
    </p>
   </div>
   <div class='ocr_carea' id='block_1_57' title="bbox 2435 2761 4099 2833">
    <p class='ocr_par' dir='ltr' id='par_1_57' title="bbox 2435 2761 4099 2833">
     <span class='ocr_line' id='line_1_57' title="bbox 2435 2761 4099 2833; baseline -0.001 -17"><span class='ocrx_word' id='word_1_447' title='bbox 2435 2761 2818 2817; x_wconf 89' lang='lat' dir='ltr'>minantibus.</span> <span class='ocrx_word' id='word_1_448' title='bbox 2845 2762 2956 2817; x_wconf 90' lang='lat' dir='ltr'>Sed</span> <span class='ocrx_word' id='word_1_449' title='bbox 2989 2762 3143 2833; x_wconf 90' lang='lat' dir='ltr'>quod</span> <span class='ocrx_word' id='word_1_450' title='bbox 3176 2761 3215 2815; x_wconf 92' lang='lat' dir='ltr'>ii</span> <span class='ocrx_word' id='word_1_451' title='bbox 3240 2765 3396 2816; x_wconf 90' lang='lat' dir='ltr'>recte</span> <span class='ocrx_word' id='word_1_452' title='bbox 3424 2778 3537 2817; x_wconf 90' lang='lat' dir='ltr'>non</span> <span class='ocrx_word' id='word_1_453' title='bbox 3571 2761 3991 2832; x_wconf 81' lang='lat' dir='ltr'>gubernarent,</span> <span class='ocrx_word' id='word_1_454' title='bbox 4027 2777 4099 2815; x_wconf 81' lang='lat' dir='ltr'>ex</span> 
     </span>
    </p>
   </div>
   <div class='ocr_carea' id='block_1_58' title="bbox 2434 2849 4093 2920">
    <p class='ocr_par' dir='ltr' id='par_1_58' title="bbox 2434 2849 4093 2920">
     <span class='ocr_line' id='line_1_58' title="bbox 2434 2849 4093 2920; baseline -0.001 -15"><span class='ocrx_word' id='word_1_455' title='bbox 2434 2867 2670 2906; x_wconf 90' lang='lat' dir='ltr'>summa</span> <span class='ocrx_word' id='word_1_456' title='bbox 2714 2850 2989 2906; x_wconf 84' lang='lat' dir='ltr'>felicitate</span> <span class='ocrx_word' id='word_1_457' title='bbox 3021 2849 3413 2920; x_wconf 90' lang='lat' dir='ltr'>navigationis</span> <span class='ocrx_word' id='word_1_458' title='bbox 3443 2850 3504 2905; x_wconf 91' lang='lat' dir='ltr'>in</span> <span class='ocrx_word' id='word_1_459' title='bbox 3528 2850 3812 2905; x_wconf 89' lang='lat' dir='ltr'>miserum</span> <span class='ocrx_word' id='word_1_460' title='bbox 3845 2849 4093 2904; x_wconf 89' lang='lat' dir='ltr'>naufra-</span> 
     </span>
    </p>
   </div>
   <div class='ocr_carea' id='block_1_59' title="bbox 2431 2937 4094 3011">
    <p class='ocr_par' dir='ltr' id='par_1_59' title="bbox 2431 2937 4094 3011">
     <span class='ocr_line' id='line_1_59' title="bbox 2431 2937 4094 3011; baseline 0 -17"><span class='ocrx_word' id='word_1_461' title='bbox 2431 2939 2595 3011; x_wconf 90' lang='lat' dir='ltr'>gium</span> <span class='ocrx_word' id='word_1_462' title='bbox 2628 2940 2978 2995; x_wconf 87' lang='lat' dir='ltr'>decidimus.</span> <span class='ocrx_word' id='word_1_463' title='bbox 3010 2939 3069 2994; x_wconf 92' lang='lat' dir='ltr'>Si</span> <span class='ocrx_word' id='word_1_464' title='bbox 3102 2955 3238 3010; x_wconf 91' lang='lat' dir='ltr'>ergo</span> <span class='ocrx_word' id='word_1_465' title='bbox 3291 2943 3458 2993; x_wconf 92' lang='lat' dir='ltr'>tanta</span> <span class='ocrx_word' id='word_1_466' title='bbox 3489 2940 3548 2993; x_wconf 90' lang='lat' dir='ltr'>in</span> <span class='ocrx_word' id='word_1_467' title='bbox 3611 2955 3718 2994; x_wconf 89' lang='lat' dir='ltr'>nos</span> <span class='ocrx_word' id='word_1_468' title='bbox 3777 2937 4094 2994; x_wconf 86' lang='lat' dir='ltr'>calamitas</span> 
     </span>
    </p>
   </div>
   <div class='ocr_carea' id='block_1_60' title="bbox 2430 3027 4095 3100">
    <p class='ocr_par' dir='ltr' id='par_1_60' title="bbox 2430 3027 4095 3100">
     <span class='ocr_line' id='line_1_60' title="bbox 2430 3027 4095 3100; baseline -0.001 -17"><span class='ocrx_word' id='word_1_469' title='bbox 2430 3029 2701 3083; x_wconf 87' lang='lat' dir='ltr'>incubuit</span> <span class='ocrx_word' id='word_1_470' title='bbox 2731 3045 2799 3083; x_wconf 87' lang='lat' dir='ltr'>ex</span> <span class='ocrx_word' id='word_1_471' title='bbox 2832 3045 2898 3084; x_wconf 90' lang='lat' dir='ltr'>eo</span> <span class='ocrx_word' id='word_1_472' title='bbox 2949 3028 3103 3100; x_wconf 92' lang='lat' dir='ltr'>quod</span> <span class='ocrx_word' id='word_1_473' title='bbox 3165 3044 3280 3083; x_wconf 90' lang='lat' dir='ltr'>non</span> <span class='ocrx_word' id='word_1_474' title='bbox 3343 3028 3490 3083; x_wconf 90' lang='lat' dir='ltr'>bene</span> <span class='ocrx_word' id='word_1_475' title='bbox 3547 3027 3919 3098; x_wconf 88' lang='lat' dir='ltr'>regebamur,</span> <span class='ocrx_word' id='word_1_476' title='bbox 3952 3029 4095 3098; x_wconf 90' lang='lat' dir='ltr'>quid</span> 
     </span>
    </p>
   </div>
   <div class='ocr_carea' id='block_1_61' title="bbox 2432 3116 4094 3186">
    <p class='ocr_par' dir='ltr' id='par_1_61' title="bbox 2432 3116 4094 3186">
     <span class='ocr_line' id='line_1_61' title="bbox 2432 3116 4094 3186; baseline -0.001 -15"><span class='ocrx_word' id='word_1_477' title='bbox 2432 3133 2545 3173; x_wconf 90' lang='lat' dir='ltr'>non</span> <span class='ocrx_word' id='word_1_478' title='bbox 2579 3117 2914 3173; x_wconf 89' lang='lat' dir='ltr'>timendum</span> <span class='ocrx_word' id='word_1_479' title='bbox 2947 3117 3120 3172; x_wconf 89' lang='lat' dir='ltr'>nobis</span> <span class='ocrx_word' id='word_1_480' title='bbox 3181 3117 3473 3172; x_wconf 89' lang='lat' dir='ltr'>malorum</span> <span class='ocrx_word' id='word_1_481' title='bbox 3533 3117 3729 3186; x_wconf 88' lang='lat' dir='ltr'>fuerit,</span> <span class='ocrx_word' id='word_1_482' title='bbox 3762 3116 3813 3172; x_wconf 88' lang='lat' dir='ltr'>si</span> <span class='ocrx_word' id='word_1_483' title='bbox 3843 3116 4094 3172; x_wconf 91' lang='lat' dir='ltr'>omniuo</span> 
     </span>
    </p>
   </div>
   <div class='ocr_carea' id='block_1_62' title="bbox 2430 3206 4092 3278">
    <p class='ocr_par' dir='ltr' id='par_1_62' title="bbox 2430 3206 4092 3278">
     <span class='ocr_line' id='line_1_62' title="bbox 2430 3206 4092 3278; baseline 0 -16"><span class='ocrx_word' id='word_1_484' title='bbox 2430 3223 2546 3262; x_wconf 91' lang='lat' dir='ltr'>non</span> <span class='ocrx_word' id='word_1_485' title='bbox 2581 3208 2885 3278; x_wconf 79' lang='lat' dir='ltr'>regimur?</span> <span class='ocrx_word' id='word_1_486' title='bbox 2915 3206 3170 3262; x_wconf 85' lang='lat' dir='ltr'>Honesta</span> <span class='ocrx_word' id='word_1_487' title='bbox 3200 3207 3320 3262; x_wconf 89' lang='lat' dir='ltr'>sine</span> <span class='ocrx_word' id='word_1_488' title='bbox 3351 3207 3531 3261; x_wconf 90' lang='lat' dir='ltr'>dubio</span> <span class='ocrx_word' id='word_1_489' title='bbox 3563 3210 3619 3261; x_wconf 91' lang='lat' dir='ltr'>et</span> <span class='ocrx_word' id='word_1_490' title='bbox 3647 3206 3948 3261; x_wconf 88' lang='lat' dir='ltr'>laudanda</span> <span class='ocrx_word' id='word_1_491' title='bbox 3996 3223 4092 3262; x_wconf 89' lang='lat' dir='ltr'>res</span> 
     </span>
    </p>
   </div>
   <div class='ocr_carea' id='block_1_63' title="bbox 664 3285 4093 3369">
    <p class='ocr_par' dir='ltr' id='par_1_63' title="bbox 664 3285 4093 3369">
     <span class='ocr_line' id='line_1_63' title="bbox 664 3285 4093 3369; baseline 0.001 -24"><span class='ocrx_word' id='word_1_492' title='bbox 664 3295 896 3348; x_wconf 77' lang='lat' dir='ltr'>aetatem</span> <span class='ocrx_word' id='word_1_493' title='bbox 920 3292 1004 3347; x_wconf 86' lang='lat' dir='ltr'>uti</span> <span class='ocrx_word' id='word_1_494' title='bbox 1029 3311 1143 3349; x_wconf 91' lang='lat' dir='ltr'>non</span> <span class='ocrx_word' id='word_1_495' title='bbox 1162 3294 1374 3350; x_wconf 89' lang='lat' dir='ltr'>valenti</span> <span class='ocrx_word' id='word_1_496' title='bbox 1400 3296 1533 3367; x_wconf 92' lang='lat' dir='ltr'>quis</span> <span class='ocrx_word' id='word_1_497' title='bbox 1556 3297 1995 3352; x_wconf 88' lang='lat' dir='ltr'>obaudiendum</span> <span class='ocrx_word' id='word_1_498' title='bbox 2025 3302 2184 3369; x_wconf 87' lang='lat' dir='ltr'>putet</span> <span class='ocrx_word' id='word_1_499' title='bbox 2211 3297 2315 3353; x_wconf 87' lang='lat' dir='ltr'>?Si</span> <span class='ocrx_word' id='word_1_500' title='bbox 2352 3285 2393 3350; x_wconf 89' lang='lat' dir='ltr'>C</span> <span class='ocrx_word' id='word_1_501' title='bbox 2431 3297 2684 3352; x_wconf 74' lang='lat' dir='ltr'>habetur</span> <span class='ocrx_word' id='word_1_502' title='bbox 2717 3296 2859 3352; x_wconf 84' lang='lat' dir='ltr'>fides</span> <span class='ocrx_word' id='word_1_503' title='bbox 2904 3295 2962 3349; x_wconf 91' lang='lat' dir='ltr'>in</span> <span class='ocrx_word' id='word_1_504' title='bbox 3023 3295 3461 3367; x_wconf 87' lang='lat' dir='ltr'>principatum:</span> <span class='ocrx_word' id='word_1_505' title='bbox 3499 3296 3599 3351; x_wconf 93' lang='lat' dir='ltr'>sed</span> <span class='ocrx_word' id='word_1_506' title='bbox 3661 3300 3784 3350; x_wconf 89' lang='lat' dir='ltr'>tum</span> <span class='ocrx_word' id='word_1_507' title='bbox 3846 3296 4093 3350; x_wconf 89' lang='lat' dir='ltr'>demum</span> 
     </span>
    </p>
   </div>
   <div class='ocr_carea' id='block_1_64' title="bbox 667 3383 2316 3456">
    <p class='ocr_par' dir='ltr' id='par_1_64' title="bbox 667 3383 2316 3456">
     <span class='ocr_line' id='line_1_64' title="bbox 667 3383 2316 3456; baseline 0.002 -20"><span class='ocrx_word' id='word_1_508' title='bbox 667 3397 801 3437; x_wconf 87' lang='lat' dir='ltr'>vero</span> <span class='ocrx_word' id='word_1_509' title='bbox 833 3383 932 3452; x_wconf 90' lang='lat' dir='ltr'>qui</span> <span class='ocrx_word' id='word_1_510' title='bbox 965 3383 1094 3452; x_wconf 83' lang='lat' dir='ltr'>ejus</span> <span class='ocrx_word' id='word_1_511' title='bbox 1125 3384 1248 3438; x_wconf 90' lang='lat' dir='ltr'>vice</span> <span class='ocrx_word' id='word_1_512' title='bbox 1280 3384 1531 3455; x_wconf 85' lang='lat' dir='ltr'>imperat</span> <span class='ocrx_word' id='word_1_513' title='bbox 1561 3386 1823 3456; x_wconf 90' lang='lat' dir='ltr'>privatus</span> <span class='ocrx_word' id='word_1_514' title='bbox 1855 3387 1932 3443; x_wconf 88' lang='lat' dir='ltr'>sit</span> <span class='ocrx_word' id='word_1_515' title='bbox 1984 3404 2153 3442; x_wconf 91' lang='lat' dir='ltr'>nemo</span> <span class='ocrx_word' id='word_1_516' title='bbox 2205 3387 2316 3442; x_wconf 90' lang='lat' dir='ltr'>erit</span> 
     </span>
    </p>
   </div>
   <div class='ocr_carea' id='block_1_65' title="bbox 669 3471 2315 3548">
    <p class='ocr_par' dir='ltr' id='par_1_65' title="bbox 669 3471 2315 3548">
     <span class='ocr_line' id='line_1_65' title="bbox 669 3471 2315 3548; baseline 0.003 -24"><span class='ocrx_word' id='word_1_517' title='bbox 669 3471 768 3540; x_wconf 92' lang='lat' dir='ltr'>qui</span> <span class='ocrx_word' id='word_1_518' title='bbox 803 3488 916 3526; x_wconf 89' lang='lat' dir='ltr'>non</span> <span class='ocrx_word' id='word_1_519' title='bbox 951 3476 1117 3542; x_wconf 92' lang='lat' dir='ltr'>putet</span> <span class='ocrx_word' id='word_1_520' title='bbox 1149 3472 1320 3542; x_wconf 88' lang='lat' dir='ltr'>plane</span> <span class='ocrx_word' id='word_1_521' title='bbox 1355 3474 1735 3530; x_wconf 85' lang='lat' dir='ltr'>arbitrarium</span> <span class='ocrx_word' id='word_1_522' title='bbox 1792 3492 2019 3548; x_wconf 89' lang='lat' dir='ltr'>parere,</span> <span class='ocrx_word' id='word_1_523' title='bbox 2053 3477 2216 3531; x_wconf 88' lang='lat' dir='ltr'>nulla</span> <span class='ocrx_word' id='word_1_524' title='bbox 2261 3476 2315 3530; x_wconf 92' lang='lat' dir='ltr'>vi</span> 
     </span>
    </p>
   </div>
   <div class='ocr_carea' id='block_1_66' title="bbox 665 3559 2314 3634">
    <p class='ocr_par' dir='ltr' id='par_1_66' title="bbox 665 3559 2314 3634">
     <span class='ocr_line' id='line_1_66' title="bbox 665 3559 2314 3634; baseline 0.004 -20"><span class='ocrx_word' id='word_1_525' title='bbox 665 3559 906 3630; x_wconf 88' lang='lat' dir='ltr'>majoris</span> <span class='ocrx_word' id='word_1_526' title='bbox 939 3560 1305 3617; x_wconf 85' lang='lat' dir='ltr'>auctoritatis</span> <span class='ocrx_word' id='word_1_527' title='bbox 1338 3563 1700 3634; x_wconf 87' lang='lat' dir='ltr'>obsequendi</span> <span class='ocrx_word' id='word_1_528' title='bbox 1733 3564 2171 3620; x_wconf 88' lang='lat' dir='ltr'>neccessitatem</span> <span class='ocrx_word' id='word_1_529' title='bbox 2205 3566 2314 3619; x_wconf 90' lang='lat' dir='ltr'>im-</span> 
     </span>
    </p>
   </div>
   <div class='ocr_carea' id='block_1_67' title="bbox 663 3650 2317 3724">
    <p class='ocr_par' dir='ltr' id='par_1_67' title="bbox 663 3650 2317 3724">
     <span class='ocr_line' id='line_1_67' title="bbox 663 3650 2317 3724; baseline 0.003 -21"><span class='ocrx_word' id='word_1_530' title='bbox 663 3653 935 3720; x_wconf 92' lang='lat' dir='ltr'>ponente.</span> <span class='ocrx_word' id='word_1_531' title='bbox 972 3650 1297 3706; x_wconf 89' lang='lat' dir='ltr'>Imitandos</span> <span class='ocrx_word' id='word_1_532' title='bbox 1320 3652 1505 3724; x_wconf 82' lang='lat' dir='ltr'>igitur</span> <span class='ocrx_word' id='word_1_533' title='bbox 1527 3669 1653 3708; x_wconf 89' lang='lat' dir='ltr'>esse</span> <span class='ocrx_word' id='word_1_534' title='bbox 1672 3658 1931 3710; x_wconf 89' lang='lat' dir='ltr'>vectores</span> <span class='ocrx_word' id='word_1_535' title='bbox 1953 3655 2010 3708; x_wconf 92' lang='lat' dir='ltr'>in</span> <span class='ocrx_word' id='word_1_536' title='bbox 2034 3655 2162 3709; x_wconf 91' lang='lat' dir='ltr'>navi</span> <span class='ocrx_word' id='word_1_537' title='bbox 2193 3671 2205 3708; x_wconf 85' lang='lat'><strong><em>:</em></strong></span> <span class='ocrx_word' id='word_1_538' title='bbox 2233 3653 2317 3708; x_wconf 93' lang='lat' dir='ltr'>illi</span> 
     </span>
    </p>
   </div>
   <div class='ocr_carea' id='block_1_68' title="bbox 661 3739 2318 3816">
    <p class='ocr_par' dir='ltr' id='par_1_68' title="bbox 661 3739 2318 3816">
     <span class='ocr_line' id='line_1_68' title="bbox 661 3739 2318 3816; baseline 0.004 -24"><span class='ocrx_word' id='word_1_539' title='bbox 661 3739 820 3793; x_wconf 90' lang='lat' dir='ltr'>enim</span> <span class='ocrx_word' id='word_1_540' title='bbox 854 3743 1158 3812; x_wconf 90' lang='lat' dir='ltr'>utcunque</span> <span class='ocrx_word' id='word_1_541' title='bbox 1215 3741 1568 3813; x_wconf 88' lang='lat' dir='ltr'>singillatim</span> <span class='ocrx_word' id='word_1_542' title='bbox 1630 3742 1795 3799; x_wconf 91' lang='lat' dir='ltr'>liberi</span> <span class='ocrx_word' id='word_1_543' title='bbox 1838 3748 1894 3799; x_wconf 91' lang='lat' dir='ltr'>et</span> <span class='ocrx_word' id='word_1_544' title='bbox 1952 3745 2044 3799; x_wconf 90' lang='lat' dir='ltr'>sui</span> <span class='ocrx_word' id='word_1_545' title='bbox 2098 3743 2318 3816; x_wconf 91' lang='lat' dir='ltr'>quique</span> 
     </span>
    </p>
   </div>
   <div class='ocr_carea' id='block_1_69' title="bbox 656 3828 2320 3902">
    <p class='ocr_par' dir='ltr' id='par_1_69' title="bbox 656 3828 2320 3902">
     <span class='ocr_line' id='line_1_69' title="bbox 656 3828 2320 3902; baseline 0.004 -20"><span class='ocrx_word' id='word_1_546' title='bbox 656 3828 830 3898; x_wconf 87' lang='lat' dir='ltr'>juris,</span> <span class='ocrx_word' id='word_1_547' title='bbox 856 3829 1008 3898; x_wconf 92' lang='lat' dir='ltr'>quod</span> <span class='ocrx_word' id='word_1_548' title='bbox 1041 3829 1320 3885; x_wconf 88' lang='lat' dir='ltr'>omnibus</span> <span class='ocrx_word' id='word_1_549' title='bbox 1352 3832 1624 3902; x_wconf 89' lang='lat' dir='ltr'>expedire</span> <span class='ocrx_word' id='word_1_550' title='bbox 1649 3833 2041 3888; x_wconf 90' lang='lat' dir='ltr'>communiter</span> <span class='ocrx_word' id='word_1_551' title='bbox 2061 3833 2320 3889; x_wconf 86' lang='lat' dir='ltr'>sentiant</span> 
     </span>
    </p>
   </div>
   <div class='ocr_carea' id='block_1_70' title="bbox 665 3916 2319 3993">
    <p class='ocr_par' dir='ltr' id='par_1_70' title="bbox 665 3916 2319 3993">
     <span class='ocr_line' id='line_1_70' title="bbox 665 3916 2319 3993; baseline 0.004 -22"><span class='ocrx_word' id='word_1_552' title='bbox 665 3916 735 3971; x_wconf 82' lang='lat' dir='ltr'>ad</span> <span class='ocrx_word' id='word_1_553' title='bbox 757 3916 932 3972; x_wconf 83' lang='lat' dir='ltr'>ﬁnem</span> <span class='ocrx_word' id='word_1_554' title='bbox 950 3919 1181 3973; x_wconf 90' lang='lat' dir='ltr'>cunctis</span> <span class='ocrx_word' id='word_1_555' title='bbox 1207 3935 1370 3990; x_wconf 68' lang='lat' dir='ltr'>aeque</span> <span class='ocrx_word' id='word_1_556' title='bbox 1392 3921 1766 3993; x_wconf 88' lang='lat' dir='ltr'>propositum</span> <span class='ocrx_word' id='word_1_557' title='bbox 1813 3923 2151 3978; x_wconf 84' lang='lat' dir='ltr'>fortunandi</span> <span class='ocrx_word' id='word_1_558' title='bbox 2189 3939 2319 3977; x_wconf 84' lang='lat' dir='ltr'>cur-</span> 
     </span>
    </p>
   </div>
   <div class='ocr_carea' id='block_1_71' title="bbox 665 4005 2316 4082">
    <p class='ocr_par' dir='ltr' id='par_1_71' title="bbox 665 4005 2316 4082">
     <span class='ocr_line' id='line_1_71' title="bbox 665 4005 2316 4082; baseline 0.004 -23"><span class='ocrx_word' id='word_1_559' title='bbox 665 4021 766 4060; x_wconf 87' lang='lat' dir='ltr'>sus</span> <span class='ocrx_word' id='word_1_560' title='bbox 818 4005 876 4059; x_wconf 92' lang='lat' dir='ltr'>in</span> <span class='ocrx_word' id='word_1_561' title='bbox 936 4008 1106 4076; x_wconf 89' lang='lat' dir='ltr'>cujus</span> <span class='ocrx_word' id='word_1_562' title='bbox 1165 4006 1351 4063; x_wconf 83' lang='lat' dir='ltr'>aleam</span> <span class='ocrx_word' id='word_1_563' title='bbox 1403 4025 1465 4064; x_wconf 88' lang='lat' dir='ltr'>se</span> <span class='ocrx_word' id='word_1_564' title='bbox 1513 4010 1823 4078; x_wconf 90' lang='lat' dir='ltr'>dederunt,</span> <span class='ocrx_word' id='word_1_565' title='bbox 1865 4012 2316 4082; x_wconf 87' lang='lat' dir='ltr'>gubernatorem</span> 
     </span>
    </p>
   </div>
   <div class='ocr_carea' id='block_1_72' title="bbox 663 4094 2318 4171">
    <p class='ocr_par' dir='ltr' id='par_1_72' title="bbox 663 4094 2318 4171">
     <span class='ocr_line' id='line_1_72' title="bbox 663 4094 2318 4171; baseline 0.005 -23"><span class='ocrx_word' id='word_1_566' title='bbox 663 4094 891 4165; x_wconf 90' lang='lat' dir='ltr'>eligunt</span> <span class='ocrx_word' id='word_1_567' title='bbox 910 4095 1139 4166; x_wconf 80' lang='lat' dir='ltr'>sibique</span> <span class='ocrx_word' id='word_1_568' title='bbox 1163 4097 1692 4168; x_wconf 66' lang='lat' dir='ltr'>praeﬁciunt,cujus</span> <span class='ocrx_word' id='word_1_569' title='bbox 1715 4100 1974 4171; x_wconf 89' lang='lat' dir='ltr'>etjussis</span> <span class='ocrx_word' id='word_1_570' title='bbox 1991 4104 2048 4156; x_wconf 92' lang='lat' dir='ltr'>et</span> <span class='ocrx_word' id='word_1_571' title='bbox 2072 4101 2318 4156; x_wconf 90' lang='lat' dir='ltr'>nutibus</span> 
     </span>
    </p>
   </div>
   <div class='ocr_carea' id='block_1_73' title="bbox 663 4184 2320 4260">
    <p class='ocr_par' dir='ltr' id='par_1_73' title="bbox 663 4184 2320 4260">
     <span class='ocr_line' id='line_1_73' title="bbox 663 4184 2320 4260; baseline 0.005 -23"><span class='ocrx_word' id='word_1_572' title='bbox 663 4184 1071 4254; x_wconf 89' lang='lat' dir='ltr'>obtemperant</span> <span class='ocrx_word' id='word_1_573' title='bbox 1103 4186 1385 4242; x_wconf 88' lang='lat' dir='ltr'>servitute</span> <span class='ocrx_word' id='word_1_574' title='bbox 1415 4187 1745 4244; x_wconf 90' lang='lat' dir='ltr'>voluntaria</span> <span class='ocrx_word' id='word_1_575' title='bbox 1774 4209 1786 4257; x_wconf 89' lang='lat'><strong>;</strong></span> <span class='ocrx_word' id='word_1_576' title='bbox 1823 4189 1922 4260; x_wconf 93' lang='lat' dir='ltr'>qui</span> <span class='ocrx_word' id='word_1_577' title='bbox 1954 4207 2086 4244; x_wconf 88' lang='lat' dir='ltr'>vero</span> <span class='ocrx_word' id='word_1_578' title='bbox 2120 4194 2320 4245; x_wconf 88' lang='lat' dir='ltr'>contra</span> 
     </span>
    </p>
   </div>
   <div class='ocr_carea' id='block_1_74' title="bbox 664 4274 2321 4351">
    <p class='ocr_par' dir='ltr' id='par_1_74' title="bbox 664 4274 2321 4351">
     <span class='ocr_line' id='line_1_74' title="bbox 664 4274 2321 4351; baseline 0.004 -23"><span class='ocrx_word' id='word_1_579' title='bbox 664 4274 794 4343; x_wconf 87' lang='lat' dir='ltr'>ejus</span> <span class='ocrx_word' id='word_1_580' title='bbox 852 4275 1200 4347; x_wconf 70' lang='lat' dir='ltr'>praescripta</span> <span class='ocrx_word' id='word_1_581' title='bbox 1260 4277 1488 4347; x_wconf 83' lang='lat' dir='ltr'>fecerit,</span> <span class='ocrx_word' id='word_1_582' title='bbox 1549 4278 1760 4349; x_wconf 91' lang='lat' dir='ltr'>dignas</span> <span class='ocrx_word' id='word_1_583' title='bbox 1817 4279 1918 4334; x_wconf 90' lang='lat' dir='ltr'>dat</span> <span class='ocrx_word' id='word_1_584' title='bbox 1975 4297 2198 4351; x_wconf 67' lang='lat' dir='ltr'>poenas,</span> <span class='ocrx_word' id='word_1_585' title='bbox 2257 4286 2321 4335; x_wconf 89' lang='lat' dir='ltr'>ut</span> 
     </span>
    </p>
   </div>
   <div class='ocr_carea' id='block_1_75' title="bbox 665 4361 2317 4438">
    <p class='ocr_par' dir='ltr' id='par_1_75' title="bbox 665 4361 2317 4438">
     <span class='ocr_line' id='line_1_75' title="bbox 665 4361 2317 4438; baseline 0.005 -23"><span class='ocrx_word' id='word_1_586' title='bbox 665 4361 764 4432; x_wconf 92' lang='lat' dir='ltr'>qui</span> <span class='ocrx_word' id='word_1_587' title='bbox 792 4364 1045 4419; x_wconf 88' lang='lat' dir='ltr'>maxime</span> <span class='ocrx_word' id='word_1_588' title='bbox 1077 4365 1134 4418; x_wconf 91' lang='lat' dir='ltr'>in</span> <span class='ocrx_word' id='word_1_589' title='bbox 1171 4365 1479 4421; x_wconf 92' lang='lat' dir='ltr'>dominum</span> <span class='ocrx_word' id='word_1_590' title='bbox 1515 4369 1858 4438; x_wconf 86' lang='lat' dir='ltr'>peccaverit.</span> <span class='ocrx_word' id='word_1_591' title='bbox 1883 4370 2166 4425; x_wconf 78' lang='lat' dir='ltr'>Caeterum</span> <span class='ocrx_word' id='word_1_592' title='bbox 2201 4385 2317 4424; x_wconf 94' lang='lat' dir='ltr'>non</span> 
     </span>
    </p>
   </div>
   <div class='ocr_carea' id='block_1_76' title="bbox 661 4452 2318 4526">
    <p class='ocr_par' dir='ltr' id='par_1_76' title="bbox 661 4452 2318 4526">
     <span class='ocr_line' id='line_1_76' title="bbox 661 4452 2318 4526; baseline 0.004 -20"><span class='ocrx_word' id='word_1_593' title='bbox 661 4452 795 4506; x_wconf 88' lang='lat' dir='ltr'>eum</span> <span class='ocrx_word' id='word_1_594' title='bbox 821 4452 905 4506; x_wconf 93' lang='lat' dir='ltr'>sic</span> <span class='ocrx_word' id='word_1_595' title='bbox 923 4452 1263 4521; x_wconf 89' lang='lat' dir='ltr'>instituunt,</span> <span class='ocrx_word' id='word_1_596' title='bbox 1284 4460 1348 4510; x_wconf 94' lang='lat' dir='ltr'>ut</span> <span class='ocrx_word' id='word_1_597' title='bbox 1367 4472 1433 4510; x_wconf 89' lang='lat' dir='ltr'>eo</span> <span class='ocrx_word' id='word_1_598' title='bbox 1459 4461 1766 4526; x_wconf 90' lang='lat' dir='ltr'>provectus</span> <span class='ocrx_word' id='word_1_599' title='bbox 1789 4457 2002 4513; x_wconf 89' lang='lat' dir='ltr'>similis</span> <span class='ocrx_word' id='word_1_600' title='bbox 2025 4457 2318 4513; x_wconf 88' lang='lat' dir='ltr'>nihilomi-</span> 
     </span>
    </p>
   </div>
   <div class='ocr_carea' id='block_1_77' title="bbox 663 4541 2318 4614">
    <p class='ocr_par' dir='ltr' id='par_1_77' title="bbox 663 4541 2318 4614">
     <span class='ocr_line' id='line_1_77' title="bbox 663 4541 2318 4614; baseline 0.005 -20"><span class='ocrx_word' id='word_1_601' title='bbox 663 4556 776 4596; x_wconf 91' lang='lat' dir='ltr'>nus</span> <span class='ocrx_word' id='word_1_602' title='bbox 833 4541 1114 4614; x_wconf 88' lang='lat' dir='ltr'>deinceps</span> <span class='ocrx_word' id='word_1_603' title='bbox 1173 4560 1307 4599; x_wconf 92' lang='lat' dir='ltr'>cum</span> <span class='ocrx_word' id='word_1_604' title='bbox 1359 4545 1585 4601; x_wconf 74' lang='lat' dir='ltr'>caateris</span> <span class='ocrx_word' id='word_1_605' title='bbox 1616 4547 1792 4602; x_wconf 90' lang='lat' dir='ltr'>sortis</span> <span class='ocrx_word' id='word_1_606' title='bbox 1823 4548 1900 4602; x_wconf 90' lang='lat' dir='ltr'>sit</span> <span class='ocrx_word' id='word_1_607' title='bbox 1957 4548 2058 4602; x_wconf 91' lang='lat' dir='ltr'>sed</span> <span class='ocrx_word' id='word_1_608' title='bbox 2113 4548 2186 4602; x_wconf 91' lang='lat' dir='ltr'>ad</span> <span class='ocrx_word' id='word_1_609' title='bbox 2218 4563 2318 4602; x_wconf 88' lang='lat' dir='ltr'>ve-</span> 
     </span>
    </p>
   </div>
   <div class='ocr_carea' id='block_1_78' title="bbox 661 4631 2393 4731">
    <p class='ocr_par' dir='ltr' id='par_1_78' title="bbox 661 4631 2393 4731">
     <span class='ocr_line' id='line_1_78' title="bbox 661 4631 2393 4731; baseline 0.005 -48"><span class='ocrx_word' id='word_1_610' title='bbox 661 4631 1030 4730; x_wconf 77' lang='lat' dir='ltr'>nerationem</span> <span class='ocrx_word' id='word_1_611' title='bbox 1067 4633 1455 4731; x_wconf 43' lang='lat' dir='ltr'>77-quodam</span> <span class='ocrx_word' id='word_1_612' title='bbox 1491 4633 1659 4690; x_wconf 89' lang='lat' dir='ltr'>illum</span> <span class='ocrx_word' id='word_1_613' title='bbox 1707 4636 1910 4692; x_wconf 87' lang='lat' dir='ltr'>habitu</span> <span class='ocrx_word' id='word_1_614' title='bbox 1944 4637 2314 4691; x_wconf 87' lang='lat' dir='ltr'>induuntin-</span> <span class='ocrx_word' id='word_1_615' title='bbox 2352 4667 2393 4731; x_wconf 83' lang='lat' dir='ltr'>D</span> 
     </span>
    </p>
   </div>
   <div class='ocr_carea' id='block_1_79' title="bbox 660 4718 2314 4791">
    <p class='ocr_par' dir='ltr' id='par_1_79' title="bbox 660 4718 2314 4791">
     <span class='ocr_line' id='line_1_79' title="bbox 660 4718 2314 4791; baseline 0.004 -18"><span class='ocrx_word' id='word_1_616' title='bbox 660 4718 941 4790; x_wconf 87' lang='lat' dir='ltr'>signioris</span> <span class='ocrx_word' id='word_1_617' title='bbox 966 4722 1337 4779; x_wconf 85' lang='lat' dir='ltr'>auctoritatis</span> <span class='ocrx_word' id='word_1_618' title='bbox 1354 4742 1366 4791; x_wconf 93' lang='lat'>;</span> <span class='ocrx_word' id='word_1_619' title='bbox 1383 4727 1439 4779; x_wconf 88' lang='lat' dir='ltr'>et</span> <span class='ocrx_word' id='word_1_620' title='bbox 1462 4727 1526 4778; x_wconf 90' lang='lat' dir='ltr'>ut</span> <span class='ocrx_word' id='word_1_621' title='bbox 1547 4740 1682 4779; x_wconf 92' lang='lat' dir='ltr'>eum</span> <span class='ocrx_word' id='word_1_622' title='bbox 1707 4725 1964 4781; x_wconf 89' lang='lat' dir='ltr'>universi</span> <span class='ocrx_word' id='word_1_623' title='bbox 1984 4729 2314 4791; x_wconf 90' lang='lat' dir='ltr'>vereantur,</span> 
     </span>
    </p>
   </div>
   <div class='ocr_carea' id='block_1_80' title="bbox 660 4809 2317 4884">
    <p class='ocr_par' dir='ltr' id='par_1_80' title="bbox 660 4809 2317 4884">
     <span class='ocr_line' id='line_1_80' title="bbox 660 4809 2317 4884; baseline 0.004 -22"><span class='ocrx_word' id='word_1_624' title='bbox 660 4809 919 4879; x_wconf 91' lang='lat' dir='ltr'>quodam</span> <span class='ocrx_word' id='word_1_625' title='bbox 953 4809 1065 4881; x_wconf 91' lang='lat' dir='ltr'>ipsi</span> <span class='ocrx_word' id='word_1_626' title='bbox 1089 4811 1252 4867; x_wconf 87' lang='lat' dir='ltr'>velut</span> <span class='ocrx_word' id='word_1_627' title='bbox 1275 4813 1564 4884; x_wconf 90' lang='lat' dir='ltr'>impresso</span> <span class='ocrx_word' id='word_1_628' title='bbox 1584 4813 1799 4869; x_wconf 90' lang='lat' dir='ltr'>minaci</span> <span class='ocrx_word' id='word_1_629' title='bbox 1823 4815 2156 4870; x_wconf 88' lang='lat' dir='ltr'>charactere</span> <span class='ocrx_word' id='word_1_630' title='bbox 2189 4831 2317 4869; x_wconf 81' lang='lat' dir='ltr'>ma-</span> 
     </span>
    </p>
   </div>
   <div class='ocr_carea' id='block_1_81' title="bbox 658 4897 2314 4974">
    <p class='ocr_par' dir='ltr' id='par_1_81' title="bbox 658 4897 2314 4974">
     <span class='ocr_line' id='line_1_81' title="bbox 658 4897 2314 4974; baseline 0.005 -24"><span class='ocrx_word' id='word_1_631' title='bbox 658 4897 887 4966; x_wconf 83' lang='lat' dir='ltr'>jestatis</span> <span class='ocrx_word' id='word_1_632' title='bbox 923 4905 1346 4971; x_wconf 89' lang='lat' dir='ltr'>assequuntur.</span> <span class='ocrx_word' id='word_1_633' title='bbox 1381 4903 1470 4957; x_wconf 90' lang='lat' dir='ltr'>Sic</span> <span class='ocrx_word' id='word_1_634' title='bbox 1503 4907 1560 4958; x_wconf 93' lang='lat' dir='ltr'>et</span> <span class='ocrx_word' id='word_1_635' title='bbox 1599 4903 1764 4970; x_wconf 91' lang='lat' dir='ltr'>urbs,</span> <span class='ocrx_word' id='word_1_636' title='bbox 1797 4907 1854 4958; x_wconf 92' lang='lat' dir='ltr'>et</span> <span class='ocrx_word' id='word_1_637' title='bbox 1883 4903 2197 4974; x_wconf 90' lang='lat' dir='ltr'>imperium</span> <span class='ocrx_word' id='word_1_638' title='bbox 2229 4907 2314 4958; x_wconf 90' lang='lat' dir='ltr'>to-</span> 
     </span>
    </p>
   </div>
   <div class='ocr_carea' id='block_1_82' title="bbox 656 4990 2315 5065">
    <p class='ocr_par' dir='ltr' id='par_1_82' title="bbox 656 4990 2315 5065">
     <span class='ocr_line' id='line_1_82' title="bbox 656 4990 2315 5065; baseline 0.006 -26"><span class='ocrx_word' id='word_1_639' title='bbox 656 4990 783 5040; x_wconf 92' lang='lat' dir='ltr'>tum</span> <span class='ocrx_word' id='word_1_640' title='bbox 819 4993 974 5042; x_wconf 92' lang='lat' dir='ltr'>recte</span> <span class='ocrx_word' id='word_1_641' title='bbox 1007 4990 1406 5058; x_wconf 88' lang='lat' dir='ltr'>ordinabitur,</span> <span class='ocrx_word' id='word_1_642' title='bbox 1444 4991 1492 5047; x_wconf 92' lang='lat' dir='ltr'>si</span> <span class='ocrx_word' id='word_1_643' title='bbox 1526 4993 1625 5063; x_wconf 92' lang='lat' dir='ltr'>qui</span> <span class='ocrx_word' id='word_1_644' title='bbox 1683 4999 1893 5064; x_wconf 66' lang='lat' dir='ltr'>prasest</span> <span class='ocrx_word' id='word_1_645' title='bbox 1947 5010 2077 5048; x_wconf 89' lang='lat' dir='ltr'>vere</span> <span class='ocrx_word' id='word_1_646' title='bbox 2135 5010 2315 5065; x_wconf 87' lang='lat' dir='ltr'>supra</span> 
     </span>
    </p>
   </div>
   <div class='ocr_carea' id='block_1_83' title="bbox 658 5077 2316 5155">
    <p class='ocr_par' dir='ltr' id='par_1_83' title="bbox 658 5077 2316 5155">
     <span class='ocr_line' id='line_1_83' title="bbox 658 5077 2316 5155; baseline 0.007 -26"><span class='ocrx_word' id='word_1_647' title='bbox 658 5077 1104 5133; x_wconf 90' lang='lat' dir='ltr'>multitudinem</span> <span class='ocrx_word' id='word_1_648' title='bbox 1165 5081 1444 5137; x_wconf 89' lang='lat' dir='ltr'>emineat.</span> <span class='ocrx_word' id='word_1_649' title='bbox 1494 5082 1723 5137; x_wconf 90' lang='lat' dir='ltr'>Fortior</span> <span class='ocrx_word' id='word_1_650' title='bbox 1779 5082 2155 5155; x_wconf 89' lang='lat' dir='ltr'>liberiorque,</span> <span class='ocrx_word' id='word_1_651' title='bbox 2190 5087 2316 5140; x_wconf 90' lang='lat' dir='ltr'>erat</span> 
     </span>
    </p>
   </div>
   <div class='ocr_carea' id='block_1_84' title="bbox 655 5169 2312 5244">
    <p class='ocr_par' dir='ltr' id='par_1_84' title="bbox 655 5169 2312 5244">
     <span class='ocr_line' id='line_1_84' title="bbox 655 5169 2312 5244; baseline 0.005 -23"><span class='ocrx_word' id='word_1_652' title='bbox 655 5182 940 5222; x_wconf 71' lang='lat' dir='ltr'>caecorum</span> <span class='ocrx_word' id='word_1_653' title='bbox 976 5169 1184 5235; x_wconf 86' lang='lat' dir='ltr'>oratio,</span> <span class='ocrx_word' id='word_1_654' title='bbox 1212 5189 1238 5221; x_wconf 73' lang='grc' dir='ltr'>ο</span> <span class='ocrx_word' id='word_1_655' title='bbox 1268 5175 1350 5226; x_wconf 88' lang='lat' dir='ltr'>Ne</span> <span class='ocrx_word' id='word_1_656' title='bbox 1383 5178 1620 5244; x_wconf 90' lang='lat' dir='ltr'>propter</span> <span class='ocrx_word' id='word_1_657' title='bbox 1640 5173 2004 5244; x_wconf 82' lang='lat' dir='ltr'>puerulum»</span> <span class='ocrx_word' id='word_1_658' title='bbox 2031 5173 2312 5229; x_wconf 88' lang='lat' dir='ltr'>aientium</span> 
     </span>
    </p>
   </div>
   <div class='ocr_carea' id='block_1_85' title="bbox 656 5257 2308 5334">
    <p class='ocr_par' dir='ltr' id='par_1_85' title="bbox 656 5257 2308 5334">
     <span class='ocr_line' id='line_1_85' title="bbox 656 5257 2308 5334; baseline 0.006 -27"><span class='ocrx_word' id='word_1_659' title='bbox 656 5277 684 5305; x_wconf 84' lang='lat'><strong>«</strong></span> <span class='ocrx_word' id='word_1_660' title='bbox 720 5261 950 5311; x_wconf 86' lang='lat' dir='ltr'>tantum</span> <span class='ocrx_word' id='word_1_661' title='bbox 984 5257 1300 5330; x_wconf 92' lang='lat' dir='ltr'>imperium</span> <span class='ocrx_word' id='word_1_662' title='bbox 1357 5265 1560 5333; x_wconf 90' lang='lat' dir='ltr'>totque</span> <span class='ocrx_word' id='word_1_663' title='bbox 1599 5279 1695 5319; x_wconf 90' lang='lat' dir='ltr'>res</span> <span class='ocrx_word' id='word_1_664' title='bbox 1741 5262 2166 5334; x_wconf 89' lang='lat' dir='ltr'>periclitentur.</span> <span class='ocrx_word' id='word_1_665' title='bbox 2199 5263 2308 5320; x_wconf 92' lang='lat' dir='ltr'>Sed</span> 
     </span>
    </p>
   </div>
   <div class='ocr_carea' id='block_1_86' title="bbox 654 5346 2310 5424">
    <p class='ocr_par' dir='ltr' id='par_1_86' title="bbox 654 5346 2310 5424">
     <span class='ocr_line' id='line_1_86' title="bbox 654 5346 2310 5424; baseline 0.006 -24"><span class='ocrx_word' id='word_1_666' title='bbox 654 5346 1106 5403; x_wconf 89' lang='lat' dir='ltr'>constituendus</span> <span class='ocrx_word' id='word_1_667' title='bbox 1140 5349 1198 5404; x_wconf 91' lang='lat' dir='ltr'>in</span> <span class='ocrx_word' id='word_1_668' title='bbox 1224 5351 1347 5406; x_wconf 92' lang='lat' dir='ltr'>veri</span> <span class='ocrx_word' id='word_1_669' title='bbox 1381 5352 1630 5408; x_wconf 83' lang='lat' dir='ltr'>formam</span> <span class='ocrx_word' id='word_1_670' title='bbox 1667 5352 1897 5424; x_wconf 89' lang='lat' dir='ltr'>imperii</span> <span class='ocrx_word' id='word_1_671' title='bbox 1931 5368 2190 5424; x_wconf 69' lang='lat' dir='ltr'>praesens</span> <span class='ocrx_word' id='word_1_672' title='bbox 2222 5371 2310 5410; x_wconf 88' lang='lat' dir='ltr'>re-</span> 
     </span>
    </p>
   </div>
   <div class='ocr_carea' id='block_1_87' title="bbox 657 5439 2310 5514">
    <p class='ocr_par' dir='ltr' id='par_1_87' title="bbox 657 5439 2310 5514">
     <span class='ocr_line' id='line_1_87' title="bbox 657 5439 2310 5514; baseline 0.007 -26"><span class='ocrx_word' id='word_1_673' title='bbox 657 5452 787 5489; x_wconf 92' lang='lat' dir='ltr'>rum</span> <span class='ocrx_word' id='word_1_674' title='bbox 822 5441 1033 5506; x_wconf 91' lang='lat' dir='ltr'>status,</span> <span class='ocrx_word' id='word_1_675' title='bbox 1061 5439 1110 5494; x_wconf 87' lang='lat' dir='ltr'>si</span> <span class='ocrx_word' id='word_1_676' title='bbox 1134 5439 1277 5494; x_wconf 89' lang='lat' dir='ltr'>salvi</span> <span class='ocrx_word' id='word_1_677' title='bbox 1310 5457 1438 5497; x_wconf 90' lang='lat' dir='ltr'>esse</span> <span class='ocrx_word' id='word_1_678' title='bbox 1462 5442 1758 5498; x_wconf 90' lang='lat' dir='ltr'>volumus.</span> <span class='ocrx_word' id='word_1_679' title='bbox 1785 5448 1870 5496; x_wconf 88' lang='lat' dir='ltr'>An</span> <span class='ocrx_word' id='word_1_680' title='bbox 1893 5441 2225 5514; x_wconf 83' lang='lat' dir='ltr'>ignoramus</span> <span class='ocrx_word' id='word_1_681' title='bbox 2250 5444 2310 5499; x_wconf 90' lang='lat' dir='ltr'>in</span> 
     </span>
    </p>
   </div>
   <div class='ocr_carea' id='block_1_88' title="bbox 654 5527 2308 5604">
    <p class='ocr_par' dir='ltr' id='par_1_88' title="bbox 654 5527 2308 5604">
     <span class='ocr_line' id='line_1_88' title="bbox 654 5527 2308 5604; baseline 0.005 -24"><span class='ocrx_word' id='word_1_682' title='bbox 654 5531 940 5595; x_wconf 89' lang='lat' dir='ltr'>quantam</span> <span class='ocrx_word' id='word_1_683' title='bbox 975 5527 1382 5586; x_wconf 84' lang='lat' dir='ltr'>infelicitatem</span> <span class='ocrx_word' id='word_1_684' title='bbox 1417 5531 1746 5588; x_wconf 81' lang='lat' dir='ltr'>Romanum</span> <span class='ocrx_word' id='word_1_685' title='bbox 1801 5533 2115 5602; x_wconf 91' lang='lat' dir='ltr'>imperium</span> <span class='ocrx_word' id='word_1_686' title='bbox 2175 5551 2308 5604; x_wconf 89' lang='lat' dir='ltr'>pro-</span> 
     </span>
    </p>
   </div>
   <div class='ocr_carea' id='block_1_89' title="bbox 653 5615 2306 5694">
    <p class='ocr_par' dir='ltr' id='par_1_89' title="bbox 653 5615 2306 5694">
     <span class='ocr_line' id='line_1_89' title="bbox 653 5615 2306 5694; baseline 0.005 -25"><span class='ocrx_word' id='word_1_687' title='bbox 653 5615 885 5686; x_wconf 81' lang='lat' dir='ltr'>lapsum</span> <span class='ocrx_word' id='word_1_688' title='bbox 921 5617 1016 5684; x_wconf 90' lang='lat' dir='ltr'>sit,</span> <span class='ocrx_word' id='word_1_689' title='bbox 1052 5619 1196 5674; x_wconf 88' lang='lat' dir='ltr'>adeo</span> <span class='ocrx_word' id='word_1_690' title='bbox 1231 5628 1294 5675; x_wconf 92' lang='lat' dir='ltr'>ut</span> <span class='ocrx_word' id='word_1_691' title='bbox 1327 5622 1518 5692; x_wconf 90' lang='lat' dir='ltr'>patria</span> <span class='ocrx_word' id='word_1_692' title='bbox 1557 5623 1685 5694; x_wconf 91' lang='lat' dir='ltr'>ipsa</span> <span class='ocrx_word' id='word_1_693' title='bbox 1726 5621 2218 5678; x_wconf 81' lang='lat' dir='ltr'>exterminaretur</span> <span class='ocrx_word' id='word_1_694' title='bbox 2249 5626 2306 5678; x_wconf 87' lang='lat' dir='ltr'>et</span> 
     </span>
    </p>
   </div>
   <div class='ocr_carea' id='block_1_90' title="bbox 654 5711 2304 5785">
    <p class='ocr_par' dir='ltr' id='par_1_90' title="bbox 654 5711 2304 5785">
     <span class='ocr_line' id='line_1_90' title="bbox 654 5711 2304 5785; baseline 0.006 -26"><span class='ocrx_word' id='word_1_695' title='bbox 654 5722 849 5762; x_wconf 88' lang='lat' dir='ltr'>rerum</span> <span class='ocrx_word' id='word_1_696' title='bbox 882 5724 1176 5766; x_wconf 87' lang='lat' dir='ltr'>summam</span> <span class='ocrx_word' id='word_1_697' title='bbox 1203 5711 1757 5785; x_wconf 84' lang='lat' dir='ltr'>perderetaugustis</span> <span class='ocrx_word' id='word_1_698' title='bbox 1782 5712 2021 5770; x_wconf 80' lang='lat' dir='ltr'>flinibus</span> <span class='ocrx_word' id='word_1_699' title='bbox 2054 5712 2304 5769; x_wconf 90' lang='lat' dir='ltr'>circum-</span> 
     </span>
    </p>
   </div>
   <div class='ocr_carea' id='block_1_91' title="bbox 2428 3384 4090 3456">
    <p class='ocr_par' dir='ltr' id='par_1_91' title="bbox 2428 3384 4090 3456">
     <span class='ocr_line' id='line_1_91' title="bbox 2428 3384 4090 3456; baseline 0 -16"><span class='ocrx_word' id='word_1_700' title='bbox 2428 3386 2676 3442; x_wconf 85' lang='lat' dir='ltr'>honesta</span> <span class='ocrx_word' id='word_1_701' title='bbox 2707 3401 2835 3440; x_wconf 90' lang='lat' dir='ltr'>cum</span> <span class='ocrx_word' id='word_1_702' title='bbox 2868 3385 3031 3440; x_wconf 90' lang='lat' dir='ltr'>salus</span> <span class='ocrx_word' id='word_1_703' title='bbox 3060 3385 3120 3439; x_wconf 92' lang='lat' dir='ltr'>in</span> <span class='ocrx_word' id='word_1_704' title='bbox 3145 3386 3287 3456; x_wconf 87' lang='lat' dir='ltr'>jura</span> <span class='ocrx_word' id='word_1_705' title='bbox 3317 3385 3432 3440; x_wconf 83' lang='lat' dir='ltr'>ﬁde</span> <span class='ocrx_word' id='word_1_706' title='bbox 3486 3384 3884 3456; x_wconf 88' lang='lat' dir='ltr'>perstantium</span> <span class='ocrx_word' id='word_1_707' title='bbox 3946 3385 4090 3440; x_wconf 89' lang='lat' dir='ltr'>inde</span> 
     </span>
    </p>
   </div>
   <div class='ocr_carea' id='block_1_92' title="bbox 2428 3473 4091 3546">
    <p class='ocr_par' dir='ltr' id='par_1_92' title="bbox 2428 3473 4091 3546">
     <span class='ocr_line' id='line_1_92' title="bbox 2428 3473 4091 3546; baseline -0.001 -16"><span class='ocrx_word' id='word_1_708' title='bbox 2428 3474 2828 3546; x_wconf 69' lang='lat' dir='ltr'>consequitur</span> <span class='ocrx_word' id='word_1_709' title='bbox 2879 3477 2952 3528; x_wconf 86' lang='lat' dir='ltr'>At</span> <span class='ocrx_word' id='word_1_710' title='bbox 3009 3475 3058 3528; x_wconf 88' lang='lat' dir='ltr'>si</span> <span class='ocrx_word' id='word_1_711' title='bbox 3116 3474 3346 3529; x_wconf 82' lang='lat' dir='ltr'>fructus</span> <span class='ocrx_word' id='word_1_712' title='bbox 3393 3474 3528 3529; x_wconf 80' lang='lat' dir='ltr'>ﬁdei</span> <span class='ocrx_word' id='word_1_713' title='bbox 3588 3473 3750 3529; x_wconf 89' lang='lat' dir='ltr'>salus</span> <span class='ocrx_word' id='word_1_714' title='bbox 3810 3473 4091 3540; x_wconf 86' lang='lat' dir='ltr'>abfuerit,</span> 
     </span>
    </p>
   </div>
   <div class='ocr_carea' id='block_1_93' title="bbox 2427 3561 4090 3634">
    <p class='ocr_par' dir='ltr' id='par_1_93' title="bbox 2427 3561 4090 3634">
     <span class='ocr_line' id='line_1_93' title="bbox 2427 3561 4090 3634; baseline -0.002 -14"><span class='ocrx_word' id='word_1_715' title='bbox 2427 3564 2610 3620; x_wconf 90' lang='lat' dir='ltr'>stulta</span> <span class='ocrx_word' id='word_1_716' title='bbox 2641 3565 2785 3619; x_wconf 84' lang='lat' dir='ltr'>ﬁdes</span> <span class='ocrx_word' id='word_1_717' title='bbox 2817 3568 2922 3619; x_wconf 92' lang='lat' dir='ltr'>est.</span> <span class='ocrx_word' id='word_1_718' title='bbox 2959 3562 3102 3627; x_wconf 89' lang='lat' dir='ltr'>Quid</span> <span class='ocrx_word' id='word_1_719' title='bbox 3136 3568 3334 3618; x_wconf 90' lang='lat' dir='ltr'>autem</span> <span class='ocrx_word' id='word_1_720' title='bbox 3368 3562 3600 3618; x_wconf 91' lang='lat' dir='ltr'>nocebit</span> <span class='ocrx_word' id='word_1_721' title='bbox 3629 3561 4015 3634; x_wconf 90' lang='lat' dir='ltr'>principatui,</span> <span class='ocrx_word' id='word_1_722' title='bbox 4039 3562 4090 3617; x_wconf 89' lang='lat' dir='ltr'>si</span> 
     </span>
    </p>
   </div>
   <div class='ocr_carea' id='block_1_94' title="bbox 2428 3652 4092 3726">
    <p class='ocr_par' dir='ltr' id='par_1_94' title="bbox 2428 3652 4092 3726">
     <span class='ocr_line' id='line_1_94' title="bbox 2428 3652 4092 3726; baseline -0.002 -16"><span class='ocrx_word' id='word_1_723' title='bbox 2428 3658 2554 3726; x_wconf 87' lang='lat' dir='ltr'>ejus</span> <span class='ocrx_word' id='word_1_724' title='bbox 2587 3655 2842 3710; x_wconf 90' lang='lat' dir='ltr'>curatori</span> <span class='ocrx_word' id='word_1_725' title='bbox 2875 3653 3187 3709; x_wconf 88' lang='lat' dir='ltr'>accesserit</span> <span class='ocrx_word' id='word_1_726' title='bbox 3216 3653 3477 3725; x_wconf 87' lang='lat' dir='ltr'>dignitas</span> <span class='ocrx_word' id='word_1_727' title='bbox 3499 3652 3527 3706; x_wconf 72' lang='grc' dir='ltr'><em>Ἰ</em></span> <span class='ocrx_word' id='word_1_728' title='bbox 3550 3652 3699 3716; x_wconf 86' lang='lat' dir='ltr'>Quin</span> <span class='ocrx_word' id='word_1_729' title='bbox 3721 3652 3921 3724; x_wconf 90' lang='lat' dir='ltr'>potius</span> <span class='ocrx_word' id='word_1_730' title='bbox 3949 3652 4092 3707; x_wconf 93' lang='lat' dir='ltr'>inde</span> 
     </span>
    </p>
   </div>
   <div class='ocr_carea' id='block_1_95' title="bbox 2421 3739 4091 3814">
    <p class='ocr_par' dir='ltr' id='par_1_95' title="bbox 2421 3739 4091 3814">
     <span class='ocr_line' id='line_1_95' title="bbox 2421 3739 4091 3814; baseline -0.002 -16"><span class='ocrx_word' id='word_1_731' title='bbox 2421 3743 2725 3814; x_wconf 88' lang='lat' dir='ltr'>juvabitur</span> <span class='ocrx_word' id='word_1_732' title='bbox 2751 3741 3098 3814; x_wconf 88' lang='lat' dir='ltr'>plurimum.</span> <span class='ocrx_word' id='word_1_733' title='bbox 3131 3741 3380 3797; x_wconf 90' lang='lat' dir='ltr'>Nomine</span> <span class='ocrx_word' id='word_1_734' title='bbox 3412 3741 3630 3813; x_wconf 90' lang='lat' dir='ltr'>quippe</span> <span class='ocrx_word' id='word_1_735' title='bbox 3647 3739 3967 3796; x_wconf 89' lang='lat' dir='ltr'>venerabili</span> <span class='ocrx_word' id='word_1_736' title='bbox 3991 3757 4091 3795; x_wconf 83' lang='lat' dir='ltr'>as-</span> 
     </span>
    </p>
   </div>
   <div class='ocr_carea' id='block_1_96' title="bbox 2427 3829 4092 3905">
    <p class='ocr_par' dir='ltr' id='par_1_96' title="bbox 2427 3829 4092 3905">
     <span class='ocr_line' id='line_1_96' title="bbox 2427 3829 4092 3905; baseline -0.002 -17"><span class='ocrx_word' id='word_1_737' title='bbox 2427 3838 2666 3905; x_wconf 89' lang='lat' dir='ltr'>sumpto</span> <span class='ocrx_word' id='word_1_738' title='bbox 2680 3833 2807 3903; x_wconf 87' lang='lat' dir='ltr'>ejus</span> <span class='ocrx_word' id='word_1_739' title='bbox 2826 3831 3272 3886; x_wconf 90' lang='lat' dir='ltr'>administrator</span> <span class='ocrx_word' id='word_1_740' title='bbox 3287 3831 3474 3902; x_wconf 89' lang='lat' dir='ltr'>magis</span> <span class='ocrx_word' id='word_1_741' title='bbox 3489 3829 4092 3900; x_wconf 86' lang='lat' dir='ltr'>ﬁrmabitimperium</span> 
     </span>
    </p>
   </div>
   <div class='ocr_carea' id='block_1_97' title="bbox 2428 3919 4094 3995">
    <p class='ocr_par' dir='ltr' id='par_1_97' title="bbox 2428 3919 4094 3995">
     <span class='ocr_line' id='line_1_97' title="bbox 2428 3919 4094 3995; baseline -0.002 -17"><span class='ocrx_word' id='word_1_742' title='bbox 2428 3922 2702 3995; x_wconf 89' lang='lat' dir='ltr'>principi.</span> <span class='ocrx_word' id='word_1_743' title='bbox 2735 3921 2828 3978; x_wconf 89' lang='lat' dir='ltr'>Sic</span> <span class='ocrx_word' id='word_1_744' title='bbox 2860 3920 3014 3976; x_wconf 90' lang='lat' dir='ltr'>enim</span> <span class='ocrx_word' id='word_1_745' title='bbox 3046 3919 3588 3992; x_wconf 87' lang='lat' dir='ltr'>incomparabiliter</span> <span class='ocrx_word' id='word_1_746' title='bbox 3638 3920 4094 3975; x_wconf 88' lang='lat' dir='ltr'>convenientius</span> 
     </span>
    </p>
   </div>
   <div class='ocr_carea' id='block_1_98' title="bbox 2427 4007 4088 4080">
    <p class='ocr_par' dir='ltr' id='par_1_98' title="bbox 2427 4007 4088 4080">
     <span class='ocr_line' id='line_1_98' title="bbox 2427 4007 4088 4080; baseline -0.003 -12"><span class='ocrx_word' id='word_1_747' title='bbox 2427 4017 2484 4068; x_wconf 91' lang='lat' dir='ltr'>et</span> <span class='ocrx_word' id='word_1_748' title='bbox 2513 4011 2805 4067; x_wconf 80' lang='lat' dir='ltr'>efﬁcatius</span> <span class='ocrx_word' id='word_1_749' title='bbox 2836 4009 3058 4080; x_wconf 86' lang='lat' dir='ltr'>legatos</span> <span class='ocrx_word' id='word_1_750' title='bbox 3091 4009 3312 4078; x_wconf 91' lang='lat' dir='ltr'>audiet,</span> <span class='ocrx_word' id='word_1_751' title='bbox 3346 4007 3623 4064; x_wconf 89' lang='lat' dir='ltr'>tractabit</span> <span class='ocrx_word' id='word_1_752' title='bbox 3652 4025 3788 4064; x_wconf 90' lang='lat' dir='ltr'>cum</span> <span class='ocrx_word' id='word_1_753' title='bbox 3821 4007 4088 4080; x_wconf 85' lang='lat' dir='ltr'>populis,</span> 
     </span>
    </p>
   </div>
   <div class='ocr_carea' id='block_1_99' title="bbox 2429 4098 4090 4170">
    <p class='ocr_par' dir='ltr' id='par_1_99' title="bbox 2429 4098 4090 4170">
     <span class='ocr_line' id='line_1_99' title="bbox 2429 4098 4090 4170; baseline -0.002 -14"><span class='ocrx_word' id='word_1_754' title='bbox 2429 4101 2720 4157; x_wconf 90' lang='lat' dir='ltr'>militibus</span> <span class='ocrx_word' id='word_1_755' title='bbox 2751 4115 2819 4156; x_wconf 90' lang='lat' dir='ltr'>ac</span> <span class='ocrx_word' id='word_1_756' title='bbox 2872 4101 2966 4155; x_wconf 75' lang='grc'>74</span> <span class='ocrx_word' id='word_1_757' title='bbox 3001 4099 3448 4168; x_wconf 84' lang='lat' dir='ltr'>magistratibus</span> <span class='ocrx_word' id='word_1_758' title='bbox 3483 4098 3806 4170; x_wconf 80' lang='lat' dir='ltr'>prescribet</span> <span class='ocrx_word' id='word_1_759' title='bbox 3854 4098 4022 4168; x_wconf 90' lang='lat' dir='ltr'>quod</span> <span class='ocrx_word' id='word_1_760' title='bbox 4060 4113 4090 4152; x_wconf 91' lang='lat' dir='ltr'><strong><em>e</em></strong></span> 
     </span>
    </p>
   </div>
   <div class='ocr_carea' id='block_1_100' title="bbox 2428 4185 4089 4259">
    <p class='ocr_par' dir='ltr' id='par_1_100' title="bbox 2428 4185 4089 4259">
     <span class='ocr_line' id='line_1_100' title="bbox 2428 4185 4089 4259; baseline -0.003 -13"><span class='ocrx_word' id='word_1_761' title='bbox 2428 4207 2490 4247; x_wconf 91' lang='lat' dir='ltr'>re</span> <span class='ocrx_word' id='word_1_762' title='bbox 2524 4190 2721 4259; x_wconf 88' lang='lat' dir='ltr'>fuerit,</span> <span class='ocrx_word' id='word_1_763' title='bbox 2755 4187 2902 4244; x_wconf 88' lang='lat' dir='ltr'>nihil</span> <span class='ocrx_word' id='word_1_764' title='bbox 2924 4205 3037 4243; x_wconf 92' lang='lat' dir='ltr'>non</span> <span class='ocrx_word' id='word_1_765' title='bbox 3062 4187 3317 4259; x_wconf 91' lang='lat' dir='ltr'>denique</span> <span class='ocrx_word' id='word_1_766' title='bbox 3339 4192 3495 4242; x_wconf 89' lang='lat' dir='ltr'>recte</span> <span class='ocrx_word' id='word_1_767' title='bbox 3517 4185 3857 4252; x_wconf 89' lang='lat' dir='ltr'>constituet,</span> <span class='ocrx_word' id='word_1_768' title='bbox 3878 4201 4089 4242; x_wconf 85' lang='lat' dir='ltr'>veren-</span> 
     </span>
    </p>
   </div>
   <div class='ocr_carea' id='block_1_101' title="bbox 2427 4275 4084 4351">
    <p class='ocr_par' dir='ltr' id='par_1_101' title="bbox 2427 4275 4084 4351">
     <span class='ocr_line' id='line_1_101' title="bbox 2427 4275 4084 4351; baseline -0.003 -15"><span class='ocrx_word' id='word_1_769' title='bbox 2427 4281 2586 4336; x_wconf 91' lang='lat' dir='ltr'>tibus</span> <span class='ocrx_word' id='word_1_770' title='bbox 2617 4279 2968 4351; x_wconf 89' lang='lat' dir='ltr'>dignitatem</span> <span class='ocrx_word' id='word_1_771' title='bbox 3000 4278 3247 4333; x_wconf 84' lang='lat' dir='ltr'>cunctis.</span> <span class='ocrx_word' id='word_1_772' title='bbox 3282 4277 3342 4332; x_wconf 90' lang='lat' dir='ltr'>Si</span> <span class='ocrx_word' id='word_1_773' title='bbox 3378 4293 3512 4332; x_wconf 87' lang='lat' dir='ltr'>vero</span> <span class='ocrx_word' id='word_1_774' title='bbox 3531 4276 3665 4348; x_wconf 88' lang='lat' dir='ltr'>quis</span> <span class='ocrx_word' id='word_1_775' title='bbox 3684 4275 3864 4331; x_wconf 90' lang='lat' dir='ltr'>simul</span> <span class='ocrx_word' id='word_1_776' title='bbox 3887 4276 4084 4346; x_wconf 86' lang='lat' dir='ltr'>impe-</span> 
     </span>
    </p>
   </div>
   <div class='ocr_carea' id='block_1_102' title="bbox 2430 4364 4092 4439">
    <p class='ocr_par' dir='ltr' id='par_1_102' title="bbox 2430 4364 4092 4439">
     <span class='ocr_line' id='line_1_102' title="bbox 2430 4364 4092 4439; baseline -0.003 -15"><span class='ocrx_word' id='word_1_777' title='bbox 2430 4374 2536 4435; x_wconf 92' lang='lat' dir='ltr'>ret,</span> <span class='ocrx_word' id='word_1_778' title='bbox 2572 4367 2745 4424; x_wconf 90' lang='lat' dir='ltr'>simul</span> <span class='ocrx_word' id='word_1_779' title='bbox 2780 4368 2838 4422; x_wconf 92' lang='lat' dir='ltr'>in</span> <span class='ocrx_word' id='word_1_780' title='bbox 2855 4366 3151 4439; x_wconf 90' lang='lat' dir='ltr'>patricum</span> <span class='ocrx_word' id='word_1_781' title='bbox 3167 4365 3726 4422; x_wconf 86' lang='lat' dir='ltr'>subditisconsistat</span> <span class='ocrx_word' id='word_1_782' title='bbox 3747 4364 3961 4436; x_wconf 92' lang='lat' dir='ltr'>gradu,</span> <span class='ocrx_word' id='word_1_783' title='bbox 4005 4381 4092 4419; x_wconf 79' lang='lat' dir='ltr'>nae</span> 
     </span>
    </p>
   </div>
   <div class='ocr_carea' id='block_1_103' title="bbox 2428 4453 4102 4528">
    <p class='ocr_par' dir='ltr' id='par_1_103' title="bbox 2428 4453 4102 4528">
     <span class='ocr_line' id='line_1_103' title="bbox 2428 4453 4102 4528; baseline -0.002 -16"><span class='ocrx_word' id='word_1_784' title='bbox 2428 4458 2478 4514; x_wconf 91' lang='lat' dir='ltr'>is</span> <span class='ocrx_word' id='word_1_785' title='bbox 2511 4458 2668 4513; x_wconf 84' lang='lat' dir='ltr'>haud</span> <span class='ocrx_word' id='word_1_786' title='bbox 2704 4460 3055 4528; x_wconf 89' lang='lat' dir='ltr'>assequetur</span> <span class='ocrx_word' id='word_1_787' title='bbox 3085 4455 3252 4511; x_wconf 87' lang='lat' dir='ltr'>facile</span> <span class='ocrx_word' id='word_1_788' title='bbox 3284 4458 3348 4510; x_wconf 90' lang='lat' dir='ltr'>ut</span> <span class='ocrx_word' id='word_1_789' title='bbox 3380 4455 3695 4510; x_wconf 88' lang='lat' dir='ltr'>mandetur</span> <span class='ocrx_word' id='word_1_790' title='bbox 3725 4453 4102 4510; x_wconf 84' lang='lat' dir='ltr'>exsecutioni</span> 
     </span>
    </p>
   </div>
   <div class='ocr_carea' id='block_1_104' title="bbox 2429 4541 4100 4619">
    <p class='ocr_par' dir='ltr' id='par_1_104' title="bbox 2429 4541 4100 4619">
     <span class='ocr_line' id='line_1_104' title="bbox 2429 4541 4100 4619; baseline -0.002 -18"><span class='ocrx_word' id='word_1_791' title='bbox 2429 4544 2841 4619; x_wconf 90' lang='lat' dir='ltr'>quodjusserit</span> <span class='ocrx_word' id='word_1_792' title='bbox 2864 4545 3107 4616; x_wconf 90' lang='lat' dir='ltr'>;quippe</span> <span class='ocrx_word' id='word_1_793' title='bbox 3134 4545 3306 4614; x_wconf 88' lang='lat' dir='ltr'>cujus</span> <span class='ocrx_word' id='word_1_794' title='bbox 3326 4559 3540 4599; x_wconf 90' lang='lat' dir='ltr'>manus</span> <span class='ocrx_word' id='word_1_795' title='bbox 3559 4541 3873 4614; x_wconf 89' lang='lat' dir='ltr'>principali</span> <span class='ocrx_word' id='word_1_796' title='bbox 3894 4547 4100 4598; x_wconf 90' lang='lat' dir='ltr'>aucto-</span> 
     </span>
    </p>
   </div>
   <div class='ocr_carea' id='block_1_105' title="bbox 2428 4628 4097 4702">
    <p class='ocr_par' dir='ltr' id='par_1_105' title="bbox 2428 4628 4097 4702">
     <span class='ocr_line' id='line_1_105' title="bbox 2428 4628 4097 4702; baseline -0.003 -13"><span class='ocrx_word' id='word_1_797' title='bbox 2428 4634 2597 4689; x_wconf 90' lang='lat' dir='ltr'>ritate</span> <span class='ocrx_word' id='word_1_798' title='bbox 2630 4633 2789 4688; x_wconf 88' lang='lat' dir='ltr'>nuda</span> <span class='ocrx_word' id='word_1_799' title='bbox 2819 4637 2875 4687; x_wconf 92' lang='lat' dir='ltr'>et</span> <span class='ocrx_word' id='word_1_800' title='bbox 2906 4630 3345 4702; x_wconf 89' lang='lat' dir='ltr'>quodammodo</span> <span class='ocrx_word' id='word_1_801' title='bbox 3366 4628 3926 4685; x_wconf 88' lang='lat' dir='ltr'>inermisvindicare</span> <span class='ocrx_word' id='word_1_802' title='bbox 3951 4645 4097 4685; x_wconf 86' lang='lat' dir='ltr'>con-</span> 
     </span>
    </p>
   </div>
   <div class='ocr_carea' id='block_1_106' title="bbox 2428 4717 4098 4791">
    <p class='ocr_par' dir='ltr' id='par_1_106' title="bbox 2428 4717 4098 4791">
     <span class='ocr_line' id='line_1_106' title="bbox 2428 4717 4098 4791; baseline -0.004 -12"><span class='ocrx_word' id='word_1_803' title='bbox 2428 4723 2746 4779; x_wconf 89' lang='lat' dir='ltr'>tumaciam</span> <span class='ocrx_word' id='word_1_804' title='bbox 2764 4721 3044 4776; x_wconf 90' lang='lat' dir='ltr'>mandata</span> <span class='ocrx_word' id='word_1_805' title='bbox 3071 4719 3477 4791; x_wconf 87' lang='lat' dir='ltr'>spernentium</span> <span class='ocrx_word' id='word_1_806' title='bbox 3519 4717 4098 4788; x_wconf 89' lang='lat' dir='ltr'>nequeat.Miremur</span> 
     </span>
    </p>
   </div>
   <div class='ocr_carea' id='block_1_107' title="bbox 2425 4806 4093 4882">
    <p class='ocr_par' dir='ltr' id='par_1_107' title="bbox 2425 4806 4093 4882">
     <span class='ocr_line' id='line_1_107' title="bbox 2425 4806 4093 4882; baseline -0.003 -13"><span class='ocrx_word' id='word_1_807' title='bbox 2425 4817 2620 4869; x_wconf 91' lang='lat' dir='ltr'>autem</span> <span class='ocrx_word' id='word_1_808' title='bbox 2654 4812 2701 4868; x_wconf 91' lang='lat' dir='ltr'>si</span> <span class='ocrx_word' id='word_1_809' title='bbox 2731 4811 2866 4882; x_wconf 90' lang='lat' dir='ltr'>quis</span> <span class='ocrx_word' id='word_1_810' title='bbox 2915 4810 3238 4881; x_wconf 87' lang='lat' dir='ltr'>speraverit</span> <span class='ocrx_word' id='word_1_811' title='bbox 3288 4808 3614 4864; x_wconf 82' lang='lat' dir='ltr'>Romanam</span> <span class='ocrx_word' id='word_1_812' title='bbox 3649 4806 4093 4879; x_wconf 88' lang='lat' dir='ltr'>rempublicam</span> 
     </span>
    </p>
   </div>
   <div class='ocr_carea' id='block_1_108' title="bbox 2424 4898 4088 4973">
    <p class='ocr_par' dir='ltr' id='par_1_108' title="bbox 2424 4898 4088 4973">
     <span class='ocr_line' id='line_1_108' title="bbox 2424 4898 4088 4973; baseline -0.004 -15"><span class='ocrx_word' id='word_1_813' title='bbox 2424 4902 2539 4958; x_wconf 89' lang='lat' dir='ltr'>alio</span> <span class='ocrx_word' id='word_1_814' title='bbox 2568 4918 2741 4973; x_wconf 91' lang='lat' dir='ltr'>quam</span> <span class='ocrx_word' id='word_1_815' title='bbox 2776 4899 3150 4956; x_wconf 84' lang='lat' dir='ltr'>monarchico</span> <span class='ocrx_word' id='word_1_816' title='bbox 3183 4898 3629 4970; x_wconf 87' lang='lat' dir='ltr'>gubernationis</span> <span class='ocrx_word' id='word_1_817' title='bbox 3683 4913 3899 4969; x_wconf 88' lang='lat' dir='ltr'>genere</span> <span class='ocrx_word' id='word_1_818' title='bbox 3957 4899 4088 4970; x_wconf 89' lang='lat' dir='ltr'>regi</span> 
     </span>
    </p>
   </div>
   <div class='ocr_carea' id='block_1_109' title="bbox 2423 4987 4095 5063">
    <p class='ocr_par' dir='ltr' id='par_1_109' title="bbox 2423 4987 4095 5063">
     <span class='ocr_line' id='line_1_109' title="bbox 2423 4987 4095 5063; baseline -0.003 -16"><span class='ocrx_word' id='word_1_819' title='bbox 2423 5007 2616 5063; x_wconf 89' lang='lat' dir='ltr'>posse.</span> <span class='ocrx_word' id='word_1_820' title='bbox 2652 4990 2833 5061; x_wconf 90' lang='lat' dir='ltr'>Igitur</span> <span class='ocrx_word' id='word_1_821' title='bbox 2863 4993 2999 5045; x_wconf 91' lang='lat' dir='ltr'>ante</span> <span class='ocrx_word' id='word_1_822' title='bbox 3026 4987 3224 5044; x_wconf 91' lang='lat' dir='ltr'>omnia</span> <span class='ocrx_word' id='word_1_823' title='bbox 3258 5003 3367 5044; x_wconf 91' lang='lat' dir='ltr'>sua</span> <span class='ocrx_word' id='word_1_824' title='bbox 3405 5003 3643 5044; x_wconf 89' lang='lat' dir='ltr'>summa</span> <span class='ocrx_word' id='word_1_825' title='bbox 3699 4993 4095 5042; x_wconf 86' lang='lat' dir='ltr'>conservetur</span> 
     </span>
    </p>
   </div>
   <div class='ocr_carea' id='block_1_110' title="bbox 2422 5075 4092 5150">
    <p class='ocr_par' dir='ltr' id='par_1_110' title="bbox 2422 5075 4092 5150">
     <span class='ocr_line' id='line_1_110' title="bbox 2422 5075 4092 5150; baseline -0.004 -12"><span class='ocrx_word' id='word_1_826' title='bbox 2422 5081 2745 5138; x_wconf 90' lang='lat' dir='ltr'>auctoritas</span> <span class='ocrx_word' id='word_1_827' title='bbox 2776 5077 3152 5145; x_wconf 66' lang='lat' dir='ltr'>monarcbim,</span> <span class='ocrx_word' id='word_1_828' title='bbox 3185 5077 3293 5134; x_wconf 90' lang='lat' dir='ltr'>etsi</span> <span class='ocrx_word' id='word_1_829' title='bbox 3325 5078 3427 5150; x_wconf 91' lang='lat' dir='ltr'>qui</span> <span class='ocrx_word' id='word_1_830' title='bbox 3460 5092 3587 5133; x_wconf 89' lang='lat' dir='ltr'>eam</span> <span class='ocrx_word' id='word_1_831' title='bbox 3618 5075 3853 5131; x_wconf 89' lang='lat' dir='ltr'>interim</span> <span class='ocrx_word' id='word_1_832' title='bbox 3886 5076 4092 5132; x_wconf 87' lang='lat' dir='ltr'>admi-</span> 
     </span>
    </p>
   </div>
   <div class='ocr_carea' id='block_1_111' title="bbox 2422 5165 4095 5240">
    <p class='ocr_par' dir='ltr' id='par_1_111' title="bbox 2422 5165 4095 5240">
     <span class='ocr_line' id='line_1_111' title="bbox 2422 5165 4095 5240; baseline -0.002 -14"><span class='ocrx_word' id='word_1_833' title='bbox 2422 5170 2821 5226; x_wconf 88' lang='lat' dir='ltr'>nistrathomo</span> <span class='ocrx_word' id='word_1_834' title='bbox 2837 5168 3102 5240; x_wconf 88' lang='lat' dir='ltr'>privatus</span> <span class='ocrx_word' id='word_1_835' title='bbox 3119 5167 3229 5222; x_wconf 90' lang='lat' dir='ltr'>sit:</span> <span class='ocrx_word' id='word_1_836' title='bbox 3265 5166 3366 5222; x_wconf 90' lang='lat' dir='ltr'>illo</span> <span class='ocrx_word' id='word_1_837' title='bbox 3399 5166 3558 5222; x_wconf 88' lang='lat' dir='ltr'>enim</span> <span class='ocrx_word' id='word_1_838' title='bbox 3590 5166 3732 5220; x_wconf 90' lang='lat' dir='ltr'>dum</span> <span class='ocrx_word' id='word_1_839' title='bbox 3766 5165 4095 5238; x_wconf 88' lang='lat' dir='ltr'>principali</span> 
     </span>
    </p>
   </div>
   <div class='ocr_carea' id='block_1_112' title="bbox 2421 5257 4098 5333">
    <p class='ocr_par' dir='ltr' id='par_1_112' title="bbox 2421 5257 4098 5333">
     <span class='ocr_line' id='line_1_112' title="bbox 2421 5257 4098 5333; baseline -0.003 -15"><span class='ocrx_word' id='word_1_840' title='bbox 2421 5261 2688 5333; x_wconf 85' lang='lat' dir='ltr'>fungitur</span> <span class='ocrx_word' id='word_1_841' title='bbox 2735 5273 3000 5326; x_wconf 90' lang='lat' dir='ltr'>munere,</span> <span class='ocrx_word' id='word_1_842' title='bbox 3046 5257 3462 5313; x_wconf 90' lang='lat' dir='ltr'>convenienter</span> <span class='ocrx_word' id='word_1_843' title='bbox 3528 5258 3757 5324; x_wconf 89' lang='lat' dir='ltr'>ornato,</span> <span class='ocrx_word' id='word_1_844' title='bbox 3817 5257 4098 5312; x_wconf 91' lang='lat' dir='ltr'>manebit</span> 
     </span>
    </p>
   </div>
   <div class='ocr_carea' id='block_1_113' title="bbox 2419 5344 4081 5423">
    <p class='ocr_par' dir='ltr' id='par_1_113' title="bbox 2419 5344 4081 5423">
     <span class='ocr_line' id='line_1_113' title="bbox 2419 5344 4081 5423; baseline -0.004 -17"><span class='ocrx_word' id='word_1_845' title='bbox 2419 5352 2582 5423; x_wconf 88' lang='lat' dir='ltr'>regni</span> <span class='ocrx_word' id='word_1_846' title='bbox 2615 5353 2898 5405; x_wconf 89' lang='lat' dir='ltr'>consueta</span> <span class='ocrx_word' id='word_1_847' title='bbox 2954 5363 3064 5402; x_wconf 86' lang='lat' dir='ltr'>sua</span> <span class='ocrx_word' id='word_1_848' title='bbox 3094 5347 3342 5419; x_wconf 88' lang='lat' dir='ltr'>species.</span> <span class='ocrx_word' id='word_1_849' title='bbox 3395 5344 3658 5416; x_wconf 88' lang='lat' dir='ltr'>Populus</span> <span class='ocrx_word' id='word_1_850' title='bbox 3690 5347 3892 5400; x_wconf 88' lang='lat' dir='ltr'>autem</span> <span class='ocrx_word' id='word_1_851' title='bbox 3925 5345 4081 5400; x_wconf 82' lang='lat' dir='ltr'>obe-</span> 
     </span>
    </p>
   </div>
   <div class='ocr_carea' id='block_1_114' title="bbox 2418 5434 4082 5511">
    <p class='ocr_par' dir='ltr' id='par_1_114' title="bbox 2418 5434 4082 5511">
     <span class='ocr_line' id='line_1_114' title="bbox 2418 5434 4082 5511; baseline -0.003 -15"><span class='ocrx_word' id='word_1_852' title='bbox 2418 5442 2648 5496; x_wconf 90' lang='lat' dir='ltr'>dienter</span> <span class='ocrx_word' id='word_1_853' title='bbox 2678 5437 2928 5511; x_wconf 90' lang='lat' dir='ltr'>parebit,</span> <span class='ocrx_word' id='word_1_854' title='bbox 2963 5436 3062 5491; x_wconf 86' lang='lat' dir='ltr'>uni</span> <span class='ocrx_word' id='word_1_855' title='bbox 3096 5436 3344 5507; x_wconf 88' lang='lat' dir='ltr'>obsequi</span> <span class='ocrx_word' id='word_1_856' title='bbox 3376 5434 3611 5501; x_wconf 90' lang='lat' dir='ltr'>solitus,</span> <span class='ocrx_word' id='word_1_857' title='bbox 3644 5449 3761 5489; x_wconf 91' lang='lat' dir='ltr'>uno</span> <span class='ocrx_word' id='word_1_858' title='bbox 3795 5434 4082 5504; x_wconf 79' lang='lat' dir='ltr'>praefecto</span> 
     </span>
    </p>
   </div>
   <div class='ocr_carea' id='block_1_115' title="bbox 2419 5522 4092 5600">
    <p class='ocr_par' dir='ltr' id='par_1_115' title="bbox 2419 5522 4092 5600">
     <span class='ocr_line' id='line_1_115' title="bbox 2419 5522 4092 5600; baseline -0.004 -14"><span class='ocrx_word' id='word_1_859' title='bbox 2419 5531 2660 5598; x_wconf 68' lang='lat' dir='ltr'>caeteris,</span> <span class='ocrx_word' id='word_1_860' title='bbox 2693 5529 2795 5600; x_wconf 90' lang='lat' dir='ltr'>qui</span> <span class='ocrx_word' id='word_1_861' title='bbox 2821 5525 3002 5583; x_wconf 90' lang='lat' dir='ltr'>simul</span> <span class='ocrx_word' id='word_1_862' title='bbox 3034 5529 3322 5598; x_wconf 88' lang='lat' dir='ltr'>potestate</span> <span class='ocrx_word' id='word_1_863' title='bbox 3353 5524 3681 5597; x_wconf 68' lang='lat' dir='ltr'>praevaleat,</span> <span class='ocrx_word' id='word_1_864' title='bbox 3716 5522 3898 5578; x_wconf 89' lang='lat' dir='ltr'>simul</span> <span class='ocrx_word' id='word_1_865' title='bbox 3932 5540 4092 5596; x_wconf 68' lang='lat' dir='ltr'>pra:-</span> 
     </span>
    </p>
   </div>
   <div class='ocr_carea' id='block_1_116' title="bbox 2419 5612 4095 5691">
    <p class='ocr_par' dir='ltr' id='par_1_116' title="bbox 2419 5612 4095 5691">
     <span class='ocr_line' id='line_1_116' title="bbox 2419 5612 4095 5691; baseline -0.003 -15"><span class='ocrx_word' id='word_1_866' title='bbox 2419 5621 2589 5677; x_wconf 89' lang='lat' dir='ltr'>cellat</span> <span class='ocrx_word' id='word_1_867' title='bbox 2619 5619 2927 5691; x_wconf 90' lang='lat' dir='ltr'>dignitate.</span> <span class='ocrx_word' id='word_1_868' title='bbox 2961 5617 3070 5682; x_wconf 86' lang='lat' dir='ltr'>Qui</span> <span class='ocrx_word' id='word_1_869' title='bbox 3101 5616 3340 5688; x_wconf 89' lang='lat' dir='ltr'>quidem</span> <span class='ocrx_word' id='word_1_870' title='bbox 3372 5631 3438 5672; x_wconf 87' lang='lat' dir='ltr'>eo</span> <span class='ocrx_word' id='word_1_871' title='bbox 3470 5615 3625 5688; x_wconf 90' lang='lat' dir='ltr'>quod</span> <span class='ocrx_word' id='word_1_872' title='bbox 3659 5629 3813 5668; x_wconf 91' lang='lat' dir='ltr'>unus</span> <span class='ocrx_word' id='word_1_873' title='bbox 3846 5612 3925 5668; x_wconf 91' lang='lat' dir='ltr'>sit</span> <span class='ocrx_word' id='word_1_874' title='bbox 3959 5630 4095 5671; x_wconf 82' lang='lat' dir='ltr'>mo-</span> 
     </span>
    </p>
   </div>
   <div class='ocr_carea' id='block_1_117' title="bbox 2419 5701 4098 5782">
    <p class='ocr_par' dir='ltr' id='par_1_117' title="bbox 2419 5701 4098 5782">
     <span class='ocr_line' id='line_1_117' title="bbox 2419 5701 4098 5782; baseline -0.004 -15"><span class='ocrx_word' id='word_1_875' title='bbox 2419 5710 2670 5769; x_wconf 72' lang='lat' dir='ltr'>narchiaa</span> <span class='ocrx_word' id='word_1_876' title='bbox 2701 5708 3022 5782; x_wconf 88' lang='lat' dir='ltr'>imaginem</span> <span class='ocrx_word' id='word_1_877' title='bbox 3056 5707 3288 5780; x_wconf 81' lang='lat' dir='ltr'>praefert</span> <span class='ocrx_word' id='word_1_878' title='bbox 3314 5705 3503 5778; x_wconf 89' lang='lat' dir='ltr'>:quod</span> <span class='ocrx_word' id='word_1_879' title='bbox 3523 5707 3719 5763; x_wconf 86' lang='lat' dir='ltr'>autem</span> <span class='ocrx_word' id='word_1_880' title='bbox 3743 5719 3811 5760; x_wconf 84' lang='lat' dir='ltr'>ex</span> <span class='ocrx_word' id='word_1_881' title='bbox 3842 5701 4098 5775; x_wconf 69' lang='lat' dir='ltr'>privatae</span> 
     </span>
    </p>
   </div>
  </div>
