4258 6438
193 391 303 446 513

1278 394 1375 447 ΒΕ
1412 391 1785 449 MICHAELE
1821 389 2268 448 PALBOLOGO
2304 391 2437 445 LIB.
2480 393 2526 445 Ι.

3503 397 3610 452 514

193 516 287 570 θὸν
319 518 737 589 μοναρχεῖσθαι,
787 513 933 589 ἄρξει
965 509 1011 567 δ’
1064 514 1143 576 εἷς
1200 519 1309 570 τῶν
1358 514 1569 571 λοιπῶν
1625 512 1847 588 δυνάμει
1879 520 1929 587 Α
1959 512 2269 585 κονομάτου
2318 515 2647 584 κατηντήκει
2697 514 2833 569 κατὰ
2881 516 2980 584 τὴν
3038 516 3201 573 πόλιν
3232 517 3285 581 ἐς
3346 518 3613 596 ὓστερον),

193 602 460 679 προῦχων
489 605 579 657 καί
611 603 902 674 ἀξιώματι,
962 604 1036 665 ὡς
1096 602 1156 657 ἄν
1212 608 1294 675 τῷ
1351 604 1444 677 μὶν
1507 606 1580 667 εἷς
1610 604 1742 659 εἶναι
1788 604 1852 658 τὸ

197 690 474 767 μόναρχον
517 690 863 763 είκονίζοιτο,
922 690 1002 763 τῷ
1063 689 1119 747 δὲ
1178 692 1268 747 σὺν
1327 691 1566 755 πολλοῖς
1597 696 1849 766 πράττειν

193 779 477 836 ἀδυνατεῖν
524 778 847 835 κινδυνεύων
896 785 993 834 τοῦ
1042 783 1318 856 μονήρους
1354 784 1516 857 χάριν
1549 783 1722 853 νικῴη
1774 786 1853 852 τῷ

194 870 488 943 ἀξιώματι.
547 868 738 931 Οὕτως
798 869 939 925 ἐστὶν
983 869 1282 946 ἐπάναγκες
1320 871 1411 925 τὸν
1464 869 1853 945 ἐκλελεγμένον

194 965 275 1028 εἷς
344 964 693 1039 ἐπιτροπείαν
766 967 845 1034 τῷ
925 962 1141 1038 βασ;λεῖ
1210 962 1350 1037 μέγα
1405 959 1583 1041 φέρειν
1634 962 1727 1017 καὶ
1790 962 1853 1016 τὸ

195 1052 430 1124 ἀξίωμα.
495 1050 602 1109 Κάν
663 1052 690 1106 6
720 1050 947 1126 ταχθεὶς
974 1051 1026 1121 ἐξ
1056 1054 1217 1123 ἡμῶν
1244 1050 1353 1121 εἷή,
1386 1052 1536 1123 αὐτῷ
1563 1050 1853 1125 προσέσται

194 1141 285 1195 καὶ
314 1145 500 1197 τοῦτο.
530 1139 591 1196 Εἰ
651 1137 697 1194 δ’
730 1140 850 1207 οὖν,
881 1137 1007 1195 ἀλλ’
1039 1138 1209 1201 ἄλλος
1242 1139 1528 1211 ζητείσθω,
1589 1140 1670 1194 ὅτι
1725 1137 1853 1211 μηδ’

194 1230 361 1291 αὐτὸς
440 1226 651 1292 ἀκλεῶς
724 1229 819 1290 τὰς
880 1228 967 1283 ἐπὶ
1023 1228 1206 1301 τούτῳ
1258 1226 1550 1306 φροντίδας
1603 1228 1853 1303 εὐμαρῶς

200 1318 519 1394 ὑπέρχεται.
582 1318 685 1372 Κάν
746 1316 953 1379 ἐκεῖνος
999 1319 1089 1373 καὶ
1142 1317 1272 1392 δίχα
1305 1319 1657 1391 σεμνώματος
1687 1338 1855 1371 κατα-

197 1406 425 1483 δὲχοιτο
482 1408 581 1475 τήν
642 1408 731 1462 ἐπὶ
790 1412 909 1468 τοῖς
960 1407 1239 1481 πράγμασι
1298 1405 1672 1481 προσεδρείαν,
1734 1404 1858 1460 ἀλλ’

196 1497 292 1552 οὗν
328 1497 357 1551 ὁ
385 1503 487 1564 τῆς
536 1495 772 1572 ἀνάγκης
824 1496 986 1571 λόγος
1046 1496 1220 1557 οὕτως
1260 1496 1500 1567 ἀπαιτεῖ,
1532 1495 1711 1560 καθὼς
1766 1495 1856 1551 καὶ

199 1584 484 1653 λέλεκται,
509 1584 610 1652 τήν
645 1583 992 1658 ἐπιτροπείαν
1017 1584 1314 1657 γίγνεσθαι.
1347 1603 1374 1636 s

197 1698 307 1764 κη’.
366 1694 559 1752 ’Ὸπως
625 1689 653 1743 6
703 1690 1064 1817 ὖταίριάρχης
1118 1689 1341 1816 ἷζνῄνει
1397 1694 1516 1751 τοῖς
1578 1690 1709 1764 ὑπὲρ
1764 1692 1859 1742 τοῦ

752 1782 783 1815 α
827 1781 913 1815 αιο
958 1782 1090 1817 ογου
1184 1782 1361 1817 γουσι.

703 1759 1090 1836 Παλαιολόγου
1118 1759 1361 1836 λέγουσι.

272 1849 491 1905 Τούτων
524 1848 793 1925 ῥηθέντων
840 1855 949 1905 τῶν
1011 1849 1213 1925 λόγων,
1274 1850 1387 1905 ἐπεὶ
1414 1851 1503 1904 καὶ
1552 1851 1579 1904 6
1639 1868 1860 1923 πρωτο-

197 1939 373 2010 θότης
402 1942 501 2009 τὴν
524 1911 805 2009 ’πλείστην
872 1938 1049 2015 ῥοπὴν
1082 1911 1265 1993 ἐδίδου
1294 1945 1409 2001 τοῖς
1444 1939 1575 2013 ὑπὲρ
1602 1911 1700 1995 106
1748 1943 1859 1991 ΙΙα-
1894 1911 1937 1975 Β

196 2026 510 2103 λαιολόγου
544 2027 789 2104 λέγουσι,
825 2055 888 2075 =
937 2026 1383 2102 προκατείληπτο
1414 2028 1514 2103 γάρ
1556 2026 1647 2081 καὶ
1696 2027 1858 2087 αὐτὸς

194 2118 288 2173 ἐπὶ
341 2119 523 2189 τούτῳ
580 2118 653 2179 ὡς
682 2116 871 2179 καλῶς
902 2115 1139 2193 ἄρξοντι,
1170 2121 1499 2189 προσπαθῶν
1534 2115 1592 2171 ἐκ
1619 2114 1859 2183 πολλοῦ,

196 2205 277 2262 ἔτι
308 2206 367 2263 δὲ
397 2207 487 2262 καὶ
546 2207 608 2261 τὸ
671 2206 853 2279 μεῖζόν
886 2228 937 2261 τι
970 2207 1168 2280 πρᾶξαι
1200 2206 1258 2261 ἐκ
1306 2204 1533 2261 πολλῶν
1586 2206 1860 2279 συνηρπά-

198 2303 342 2367 ζετο.
406 2295 513 2351 Καὶ
559 2293 729 2360 δῆλον
781 2294 831 2367 ἐξ
864 2296 937 2349 ὧν
981 2295 1234 2371 ἀγγελθὲν
1270 2294 1417 2368 αὐτῷ
1448 2294 1499 2349 ἐν
1532 2294 1731 2365 Νικαίᾳ
1786 2295 1862 2357 ὡς

193 2387 454 2455 τεθνήκει
507 2385 535 2438 6
590 2382 867 2459 βασιλεὺς,
928 2381 1087 2438 οὔπω
1149 2386 1425 2459 μαθόντων
1483 2389 1591 2439 τῶν
1650 2382 1861 2461 ἄλλων,

198 2473 450 2529 ἐπίστευε
507 2473 603 2545 μὲν
659 2473 750 2527 τὸν
809 2471 977 2547 λόγον
1005 2474 1114 2529 τινὶ
1144 2478 1254 2529 τῶν
1284 2475 1447 2528 αὐτοῦ
1494 2472 1584 2527 καὶ
1643 2471 1862 2527 οἰκείων

199 2564 255 2636 (ὁ
289 2562 556 2636 Γεμισ-τὸς
585 2558 632 2616 δ’
661 2561 819 2625 οὗτος
865 2562 955 2632 ἦν,
988 2562 1046 2624 ’ὀς
1101 2563 1192 2618 καὶ
1254 2566 1420 2638 μέχρι
1474 2566 1572 2617 τοῦ
1605 2579 1864 2636 μεγαλοι-

200 2782 548 2839 conditione
579 2784 756 2839 sortis
778 2782 864 2838 illi
897 2783 1064 2839 deest
1093 2781 1459 2839 auctoritatis
1472 2786 1529 2838 et
1550 2781 1859 2838 efﬁcacita-

197 2872 282 2928 tis
309 2871 384 2926 ad
418 2871 737 2927 ﬂectendos
764 2870 825 2926 in
859 2870 951 2926 sui
981 2869 1333 2941 obsequium
1367 2868 1676 2941 plurimos,
1720 2885 1863 2941 sup-

203 2960 446 3033 pleatur
478 2959 909 3016 accumulanda
937 2959 989 3015 ei
1018 2958 1323 3031 dignitate,
1358 2960 1531 3031 cujus
1558 2958 1616 3013 vi
1653 2963 1869 3015 cuncta

204 3050 410 3106 vincat
430 3049 750 3107 obstantia.
784 3053 919 3118 Qua
943 3064 1078 3105 cum
1103 3049 1184 3105 ita
1203 3048 1341 3118 sint,
1366 3064 1610 3121 prorsus
1632 3062 1869 3105 necesse

209 3145 304 3195 est
334 3139 589 3196 electum
622 3139 682 3195 in
701 3139 947 3196 tutelam
972 3138 1256 3211 principis
1274 3138 1532 3195 eminere
1554 3137 1870 3194 subnixum

1964 602 2047 674 [P.
2082 604 2171 674 47]
2199 601 2314 656 ἐπεὶ
2374 599 2432 656 δὶ
2483 603 2575 656 καὶ
2630 602 2753 678 περὶ
2810 611 2908 674 τῆς
2944 610 3051 659 τῶν
3106 609 3444 682 πραγμάτων
3480 608 3615 664 διοι-

1960 692 2230 761 κήσεωςὸ
2289 688 2454 764 λόγος
2509 690 2730 754 ἐκείνοις
2786 694 2997 762 ἧν,τὸν
3058 694 3437 770 Παλαιολόγον
3472 698 3610 753 ἐκεῖ·

1961 801 2051 841 νος
2082 779 2360 852 προύτίθει
2411 778 2645 837 πάντων.
2708 782 2827 837 Ἐπὶ
2878 782 3095 845 τούτοις
3124 784 3215 837 οὖν
3274 787 3301 838 ὁ
3347 787 3614 861 πατριάρ-

1961 887 2071 942 χης
2100 866 2649 941 προκατειλημμένος
2680 867 2753 924 ὢν
2786 870 2938 932 εὐθὺς
2995 873 3348 946 συγκάταινος
3376 876 3441 946 ᾖν
3496 880 3612 937 τοῖς

1965 958 2095 1031 ὑπὲρ
2147 961 2244 1011 τοῦ
2276 956 2660 1033 ΙΙαλαιολόγου
2714 957 3057 1033 λεγομένοις,
3116 962 3205 1016 καὶ
3262 964 3361 1031 τὴν
3421 961 3622 1019 δεσπο-

1960 1050 2110 1103 τείαν
2144 1050 2292 1121 αὐτῷ
2322 1048 2634 1125 ἐψηφίζετο.
2698 1050 2799 1106 Καὶ
2859 1048 2925 1119 δὴ
2988 1053 3014 1106 ὁ
3076 1054 3169 1124 μὲν
3232 1052 3617 1129 Παλαιολόγος

1961 1138 2052 1192 τὸν
2089 1140 2251 1214 μέγαν
2284 1136 2450 1193 δοῦκα
2498 1137 2573 1199 εἰς
2629 1140 2719 1193 τὸν
2773 1137 3038 1210 δεσπότηε
3091 1144 3529 1213 μετεσκευάζετο,
3591 1145 3618 1197 6

1966 1222 2022 1279 δῖε
2084 1225 2338 1300 βασιλεὺς
2385 1232 2623 1301 παρεῖχε
2667 1228 3057 1300 συναιρομένου
3114 1230 3205 1283 καὶ
3262 1235 3358 1285 τοῦ
3424 1252 3619 1306 πατρι-

1966 1315 2141 1389 άρχου
2170 1315 2236 1369 τὰ
2264 1322 2363 1384 τῆς
2419 1313 2732 1377 δεσποτείας
2778 1317 2866 1370 καὶ
2925 1312 3197 1389 σῦμϐολα.
3263 1318 3485 1390 Ἀμέλει
3545 1322 3619 1381 ὡς

1967 1401 2233 1474 δεσπότης
2293 1401 2627 1459 ἐπεϐάλλετο
2689 1408 2783 1477 μὲν
2842 1405 3035 1477 ἁνέδην
3094 1413 3210 1471 τοῖς
3265 1413 3448 1476 πᾶσιν,
3520 1411 3621 1464 ὑπ-

1968 1499 2207 1548 εποιεῖτο
2266 1490 2323 1548 δὲ
2377 1491 2506 1556 τοὺς
2562 1493 2613 1548 ἐν
2667 1493 2810 1549 τὲλει
2870 1496 3215 1572 φιλοτιμίαις
3250 1497 3482 1559 ἀπάσαις
3534 1504 3625 1552 καί

1965 1589 2083 1644 τοῖς
2116 1584 2175 1638 ἐκ
2211 1587 2317 1636 τῶν
2358 1588 2559 1637 κοινῶν
2595 1582 2917 1657 χαρίσμασι.
2972 1580 3207 1646 Βεϐαίας
3272 1584 3328 1640 δὲ
3385 1586 3473 1640 καὶ
3530 1587 3625 1649 τάς

1966 1672 2104 1745 πρὸς
2136 1671 2370 1735 ἐκείνους
2401 1672 2722 1747 ὑποσχέσεις
2766 1678 2999 1746 παρεῖχε
3051 1670 3232 1727 δοκεῖν
3292 1673 3345 1735 ἐς
3406 1673 3628 1747 ὕστερον

1969 1760 2018 1833 ἐξ
2051 1762 2122 1815 ὧν
2155 1759 2326 1815 ἐποίει
2357 1765 2435 1831 τῷ
2462 1760 2605 1830 τότε,
2639 1760 2727 1815 καὶ
2760 1761 3182 1838 φιλοτιμότερον
3230 1762 3617 1837 προσεφέρετο.

1970 1853 2099 1913 Τοῖς
2128 1847 2185 1903 δέ
2213 1870 2272 1923 γε
2301 1854 2397 1904 τοῦ
2427 1850 2575 1925 ἱεροῦ
2622 1848 2936 1923 καταλόγου
2976 1851 3063 1905 καὶ
3105 1850 3164 1905 ἐκ
3196 1850 3623 1927 φιλοτιμοτέρας

1968 1939 2153 2013 χειρὸς
2184 1936 2462 2013 ἐχορήγει,
2498 1939 2588 1993 καὶ
2619 1938 2797 2016 κρύφα
2825 1940 2914 1993 καὶ
2965 1944 3233 2015 φανερῶς,
3283 1941 3343 1993 τὸ
3401 1941 3495 2012 μὲν
3550 1940 3627 2001 ὡς

1968 2027 2208 2100 ἀνάγκης
2242 2026 2407 2096 οὔσης
2443 2026 2523 2104 ἐφ’
2551 2028 2596 2098 ᾦ
2628 2027 2817 2101 διαζῆν
2857 2028 3115 2095 ἐκείνους,
3164 2028 3227 2082 τὸ
3284 2026 3341 2082 δὲ
3388 2024 3629 2102 κρύϐδην

1967 2117 2158 2177 νυκτὸς
2204 2117 2597 2189 πεμπομένων,
2647 2116 2735 2171 καὶ
2776 2118 2837 2171 τὸ
2872 2123 3056 2189 μεῖζον
3090 2117 3491 2191 ὑπορύττοντος
3536 2114 3629 2172 καὶ

1973 2210 2286 2275 ζητοῦντος,
2333 2206 2409 2267 ὡς
2453 2202 2606 2259 οὔπω
2655 2204 2913 2280 αὔταρκες
2964 2206 3021 2260 ’ὀν
3063 2204 3275 2278 ἐκείνῳ,
3340 2206 3383 2261 εί
3416 2202 3631 2279 συμϐα-

1972 2294 2176 2349 σιλεόει
2247 2299 2327 2367 τῷ
2405 2294 2638 2369 βασιλεῖ.
2717 2290 3104 2368 Προῦϐἀλλετο
3178 2296 3279 2371 γὰρ
3351 2294 3632 2359 κινδύνους

1970 2384 2059 2439 καὶ
2093 2379 2295 2461 φόϐους
2327 2381 2741 2460 ἐπηρτημένους
2797 2386 2967 2456 αὐτῷ,
3026 2386 3117 2439 καὶ
3170 2386 3238 2437 τὰ
3266 2390 3372 2439 τῶν
3406 2388 3630 2453 Μουζα-

1974 2474 2168 2528 λώνων
2201 2473 2417 2548 εἰσῆγεν
2470 2473 2544 2535 ὡς
2594 2472 2856 2528 κάκείνων
2918 2472 3095 2533 οὕτως
3148 2471 3520 2528 ἀπολωκότων
3573 2472 3632 2527 ἐκ

1975 2562 2198 2639 φθόνου,
2228 2563 2317 2618 καὶ
2347 2562 2411 2618 τὸ
2435 2565 2534 2632 τῆς
2565 2562 2799 2637 ὀποψίας
2833 2560 3008 2618 δεινὸν
3056 2559 3338 2618 ὐπεδείκνυ
3396 2562 3470 2625 ὡς
3530 2562 3629 2617 αὐ-

1971 2780 2260 2837 dubitavit
2287 2779 2673 2853 Palaologum
2696 2780 2961 2837 omnium
2984 2781 3055 2836 ad
3073 2796 3201 2837 eam
3225 2797 3347 2837 rem
3376 2780 3619 2853 aptissi-

1974 2885 2135 2927 mum
2167 2870 2379 2926 dicere.
2414 2871 2526 2926 Isto
2558 2869 2741 2942 igitur
2760 2870 3002 2943 antiquo
3032 2871 3092 2926 in
3116 2869 3505 2942 Palaologum
3531 2871 3615 2927 fa-

1975 2975 2111 3016 vore
2145 2965 2591 3032 praoccupatus
2622 2959 2952 3031 patriarcha
2980 2960 3257 3032 suffragio
3285 2960 3485 3017 statim
3517 2977 3625 3016 suo

1978 3048 2379 3119 comprobavit
2404 3065 2534 3122 qua
2562 3047 2623 3105 in
2654 3050 2784 3121 ejus
2814 3049 3064 3121 gratiam
3098 3049 3252 3105 dicta
3281 3048 3538 3119 fuerant,
3572 3054 3631 3105 et

1980 3137 2233 3209 despota
2256 3137 2602 3210 dignitatem
2624 3138 2734 3211 ipsi
2757 3137 3129 3195 tribuendam
3153 3139 3402 3195 censuit.
3442 3140 3631 3204 Quare

208 3227 560 3286 excellentis
590 3228 763 3284 titulo
786 3227 1097 3334 dignitatis
1122 3248 1141 3328 ξ
1152 3231 1327 3299 atque
1348 3227 1492 3283 adeo
1514 3225 1868 3334 etiamsiqui
1900 3265 1944 3334 Ο
1982 3225 2342 3327 l’alaologus
2371 3242 2447 3334 ex!
2471 3242 2685 3300 magno
2716 3227 2864 3327 duce
2895 3228 3090 3334 factus
3120 3232 3230 3329 est.
3256 3228 3520 3330 despota.
3541 3231 3635 3330 .Et

205 3318 280 3374 ad
314 3318 376 3373 id
410 3334 633 3374 munus
664 3316 965 3373 adhibitus
997 3317 1174 3373 fuerit
1202 3333 1273 3372 ex
1303 3320 1505 3374 nostro
1539 3316 1617 3373 sit
1645 3315 1870 3381 ordine,

202 3407 385 3463 debet
413 3405 657 3462 omnino
688 3405 772 3463 sic
803 3407 1001 3462 ornari
1031 3409 1097 3461 ut
1124 3404 1228 3461 fiat
1248 3405 1494 3463 idoneus
1512 3403 1873 3462 offlciorecte

202 3497 494 3569 gerendo.
522 3495 689 3564 Dicet
715 3494 931 3568 aliquis
956 3512 969 3551 :
998 3498 1147 3567 Ergo
1177 3494 1330 3551 alius
1362 3499 1684 3567 quaratur,
1715 3494 1766 3549 si
1792 3509 1876 3549 re-

204 3583 393 3657 periri
425 3584 578 3641 forte
612 3585 822 3657 possit,
855 3584 956 3656 qui
989 3583 1148 3641 curis
1202 3589 1261 3641 et
1315 3584 1615 3641 laboribus
1677 3581 1873 3639 tutela

202 3673 507 3747 principis
548 3690 612 3729 se
662 3689 865 3745 parem
923 3672 1222 3730 existimet
1280 3673 1455 3730 etiam
1518 3674 1646 3730 sine
1703 3673 1878 3729 istius

206 3762 600 3837 adjunctione
630 3762 959 3836 dignitatis.
993 3762 1079 3819 Ad
1111 3763 1168 3818 id
1203 3764 1630 3836 respondemus
1677 3779 1784 3819 nos
1814 3762 1876 3817 in

208 3852 319 3908 hoc
355 3867 475 3907 non
507 3866 770 3923 persona
788 3848 1117 3918 consulere,
1134 3850 1234 3906 sed
1255 3849 1662 3922 prafecturam
1686 3849 1878 3920 ipsam

204 3956 445 3997 armare
498 3941 894 3996 instrumento
955 3940 1237 3995 navanda
1293 3956 1481 4013 opera
1524 3938 1874 3996 necessario.

186 4030 405 4094 ‘Quare
436 4044 555 4084 non
588 4044 719 4093 nos,
750 4029 851 4085 sed
880 4044 972 4085 res
1005 4028 1204 4101 ipsaet
1232 4028 1673 4102 naturanegotii
1703 4027 1879 4099 exigit

207 4118 371 4192 quod
400 4118 685 4188 diximus,
702 4134 912 4192 nempe
925 4118 1334 4176 utcumtutela
1345 4118 1881 4192 principissumma

209 4208 484 4281 dignitas
506 4209 817 4281 jungatur.
846 4231 874 4260 ››

204 4316 297 4372 28.
328 4316 397 4374 Ut
424 4316 748 4387 patriarcha
777 4316 1091 4444 [aventiubm
1126 4316 1446 4443 galeolam
1491 4315 1678 4373 studia
1732 4331 1881 4373 com-

914 4403 1017 4444 vro
1057 4404 1122 4444 ar
1175 4430 1187 4443 .

912 4403 1187 4458 pronam.

288 4477 392 4533 79
424 4476 574 4533 Cum
605 4476 728 4533 hac
759 4476 1041 4549 utrinque
1070 4478 1229 4534 dicta
1258 4481 1480 4549 essent,
1513 4477 1586 4534 iis
1618 4494 1745 4551 qua
1791 4478 1881 4534 al-

206 4566 410 4639 legata
440 4583 546 4639 pro
578 4565 902 4641 Palaologo
934 4567 1165 4625 fuerant
1190 4583 1474 4640 magnum
1506 4567 1581 4623 ab
1620 4567 1878 4625 auctori-

1983 3315 2321 3387 imperator,
2354 3316 2671 3387 adjuvante
2700 3316 3058 3388 patriarcha,
3091 3316 3143 3373 ei
3174 3316 3477 3389 dignitatis
3501 3317 3633 3388 ejus

1982 3402 2242 3476 insignia
2272 3404 2541 3462 contulit.
2563 3409 2995 3479 Despotamque
3023 3404 3234 3462 exinde
3264 3422 3400 3462 cum
3433 3405 3630 3478 palam

1982 3493 2109 3566 ipse
2138 3509 2200 3550 se
2232 3494 2473 3561 ferebat,
2498 3498 2623 3551 tum
2654 3493 2829 3567 vulgo
2887 3494 3149 3551 universi
3207 3495 3628 3568 agnoscebant.

1982 3582 2402 3640 Demerebatur
2429 3587 2628 3640 autem
2661 3584 2975 3656 optimates
3005 3583 3167 3641 omni
3199 3600 3410 3658 genere
3431 3583 3632 3640 indul-

1981 3672 2190 3744 gentia
2222 3688 2289 3730 ac
2318 3672 2731 3747 largitionibus
2760 3688 2792 3729 e
2825 3671 3080 3746 publico,
3113 3672 3290 3729 simul
3318 3675 3633 3746 prasentia

1981 3761 2266 3819 beneﬁcia
2296 3760 2679 3834 promissisin
2699 3766 3001 3834 posterum
3020 3761 3411 3834 amplissimis
3426 3779 3636 3819 cumu-

1984 3849 2152 3921 lans;
2186 3851 2391 3924 sicque
2419 3855 2543 3909 arte
2571 3851 2916 3909 ambitionis
2960 3867 3173 3924 magna
3202 3852 3403 3908 studia
3431 3868 3635 3908 eorum

1983 3940 2098 3997 sibi
2122 3941 2389 4013 parabat.
2405 3941 2683 3998 Eamdem
2697 3958 2933 4014 quoque
2954 3940 3328 3999 liberalitatis
3344 3940 3637 4014 pralarga

1987 4029 2325 4087 machinam
2342 4032 2414 4088 ad
2432 4029 2855 4088 ecclesiasticas
2879 4047 3149 4103 proceres
3175 4030 3289 4088 sibi
3310 4031 3379 4088 ad
3380 4031 3643 4103 jungen-

1984 4119 2094 4176 dos
2124 4120 2464 4188 adhibebat,
2493 4120 2737 4194 prodiga
2768 4120 2826 4176 in
2877 4136 2977 4179 eos
3035 4137 3215 4177 manu
3275 4120 3640 4192 profundens

1989 4214 2095 4269 80
2126 4208 2334 4276 multa,
2364 4213 2492 4265 tum
2524 4207 2720 4281 palam
2751 4213 2881 4266 tum
2921 4207 3166 4265 occulte.
3200 4208 3347 4265 Nam
3400 4212 3637 4280 prater-

1988 4318 2170 4378 quam
2201 4316 2331 4374 qua
2362 4298 2491 4354 dari
2520 4298 2608 4355 eis
2638 4312 2670 4354 e
2704 4297 2940 4371 publico
2967 4297 3255 4367 solebant,
3290 4297 3523 4370 publice
3576 4313 3643 4352 ac

1988 4394 2149 4466 large
2208 4387 2565 4455 conferebat,
2596 4386 2773 4444 etiam
2833 4392 3005 4444 noctu
3069 4388 3140 4444 ad
3199 4387 3439 4444 eosdem
3488 4386 3644 4443 dona

1990 4480 2347 4546 missitabat,
2379 4477 2767 4534 insusurrans
2809 4476 3049 4533 interim
3104 4492 3170 4533 ac
3226 4475 3441 4532 blande
3496 4474 3647 4531 insi-

1994 4587 2187 4630 nuans
2216 4569 2480 4626 nondum
2507 4566 2650 4624 satis
2679 4571 2921 4624 cautum
2946 4566 3246 4623 securitati
3280 4583 3419 4635 sua,
3456 4579 3648 4637 neque

210 4660 334 4712 tate
363 4655 715 4727 patriarcha
747 4662 1115 4713 momentum
1135 4658 1403 4713 accessit.
1428 4656 1877 4729 Praoccupatus
1908 4645 1954 4710 D
1986 4661 2151 4737 prius
2183 4658 2243 4714 in
2262 4664 2387 4714 tuto
2414 4673 2476 4714 se
2500 4655 2766 4712 futurum
2799 4672 2977 4728 quam
3009 4654 3243 4728 imperii
3279 4654 3573 4728 particeps
3595 4658 3653 4710 et

213 4746 270 4802 is
301 4746 534 4801 dudum
557 4746 745 4801 fuerat
773 4745 985 4802 affectu
1020 4746 1079 4801 in
1112 4745 1333 4818 ipsum,
1366 4752 1500 4802 nato
1518 4763 1583 4804 ex
1607 4746 1882 4818 opinione

212 4851 337 4907 qua
366 4850 506 4891 eum
536 4835 613 4890 iis
645 4835 885 4891 dotibus
916 4840 975 4892 et
1004 4835 1231 4892 artibus
1262 4835 1515 4892 ducebat
1574 4836 1883 4908 praditum

212 4940 350 4996 qua
384 4923 457 4977 ad
490 4922 639 4979 bene
661 4923 1080 4996 imperandum
1108 4928 1248 4982 sunt
1305 4925 1673 4982 necessaria.
1730 4925 1881 4993 Quin

208 5017 275 5069 et
302 5012 379 5069 ad
414 5012 612 5083 majus
644 5010 868 5086 aliquid
883 5029 989 5085 pro
1008 5028 1076 5069 eo
1090 5013 1440 5071 tentandum
1464 5013 1668 5071 multis
1690 5016 1884 5072 causis

215 5100 612 5158 incitabatur.
642 5102 935 5176 Apparuit
963 5102 1023 5159 id
1054 5118 1124 5160 ex
1153 5119 1427 5161 sermone
1458 5104 1717 5176 quodam
1758 5106 1886 5176 ejus

213 5188 464 5263 arcano,
499 5190 601 5264 qui
631 5192 801 5249 nobis
828 5192 1086 5249 innotuit
1114 5235 1130 5263 ,
1160 5192 1393 5249 Perlato
1420 5194 1493 5250 ad
1514 5209 1651 5251 eum
1682 5193 1884 5253 Nicaa

216 5282 542 5355 degentem
578 5285 786 5339 nuntio
816 5284 887 5339 de
907 5286 1095 5339 morte
1116 5282 1509 5355 imperatoris,
1533 5283 1883 5356 priusquam

207 5371 396 5443 resin
419 5370 707 5442 populum
736 5371 1097 5446 vulgaretur,
1134 5372 1592 5429 communicavit
1606 5389 1735 5431 eam
1758 5373 1887 5430 cui-

209 5462 361 5517 dam
391 5474 423 5515 e
452 5459 846 5517 familiaribus
878 5461 1006 5518 suis
1038 5461 1445 5535 Gemisto,qui
1477 5467 1680 5535 postea
1697 5479 1887 5536 usque

209 5549 295 5607 ad
329 5564 617 5623 magnum
646 5556 1079 5609 mconomatum
1108 5550 1169 5607 in
1218 5552 1361 5610 urbe
1407 5552 1692 5627 pervenit.
1741 5559 1886 5612 Cum

207 5655 363 5714 ergo
397 5638 554 5697 inter
581 5656 682 5698 eos
724 5640 831 5698 illa
885 5642 1194 5701 occasione
1251 5643 1323 5700 de
1371 5643 1888 5703 administratione

212 5728 573 5805 reipublica
601 5746 795 5790 sermo
842 5734 1000 5792 esset
1050 5736 1314 5805 exortus,
1374 5732 1710 5808 patriarcha
1768 5752 1885 5795 non

1988 4750 2240 4824 Augusti
2272 4746 2493 4818 collega
2524 4744 2857 4802 declaratus
2886 4750 3059 4804 esset.
3092 4745 3210 4802 Hoc
3233 4749 3299 4800 ut
3328 4744 3646 4818 persuade-

1990 4846 2101 4911 ret,
2132 4837 2425 4911 allegabat
2450 4841 2670 4892 metum
2703 4834 3099 4908 periculorum
3153 4833 3645 4908 impendentium,

1992 4936 2051 4987 et
2082 4944 2293 4986 casum
2332 4923 2697 4981 Muzalonum
2722 4924 3110 4981 memorabat.
3144 4924 3217 4980 Se
3248 4940 3417 4995 porro
3456 4923 3653 4979 aiebat

1993 5037 2111 5078 non
2145 5015 2363 5074 minori
2391 5030 2572 5087 quam
2592 5014 2685 5071 cui
2709 5012 2792 5070 illi
2814 5012 3519 5071 succubuissentinvidia
3545 5013 3653 5069 ob-

1988 5111 2235 5183 jectum,
2267 5105 2518 5177 ideoque
2549 5103 2786 5161 anxium
2811 5104 2871 5159 in
2902 5103 3022 5161 acri
3043 5102 3440 5161 sollicitudine
3461 5101 3659 5158 vivere

1993 5197 2310 5273 perniciem
2342 5193 2405 5251 in
2435 5198 2733 5251 momenta
2771 5192 3029 5266 singula,
3059 5194 3111 5250 si
3139 5191 3229 5249 vel
3248 5190 3561 5247 minimum
3582 5191 3654 5246 de

1994 5303 2231 5346 summa
2259 5283 2529 5342 custodia
2561 5283 2874 5349 remiserit,
2896 5282 3214 5339 timentem.
3244 5281 3446 5353 Neque
3480 5296 3652 5352 porro

1993 5383 2082 5437 tot
2109 5378 2438 5436 distentum
2474 5373 2923 5446 suspicionibus
2953 5372 3103 5429 satis
3133 5386 3305 5445 posse
3336 5370 3656 5428 commissa

1995 5469 2110 5528 sibi
2141 5483 2282 5524 cura
2308 5462 2675 5522 custodiendi
2697 5462 2980 5536 principis
3010 5461 3269 5534 defungi,
3291 5461 3497 5533 utique
3519 5477 3654 5516 cum

1996 5571 2275 5632 magnam
2306 5552 2648 5611 attentionis
2677 5569 2745 5611 ac
2774 5551 2985 5626 vigilia
3017 5556 3243 5623 partem
3277 5549 3336 5605 in
3369 5549 3462 5606 sui
3484 5565 3654 5605 nece-

1996 5648 2213 5708 ssriam
2245 5643 2582 5703 cautionem
2614 5641 2878 5700 derivare
2909 5656 3148 5699 necesse
3200 5640 3433 5697 habeat.
3482 5638 3656 5696 Mise-

1996 5753 2127 5797 rum
2158 5734 2342 5795 nimis
2370 5749 2499 5793 esse
2531 5737 2778 5791 astuare
2798 5729 3037 5791 assidue
3057 5729 3216 5789 intea
3241 5728 3502 5788 diversas
3523 5728 3656 5787 ofﬁ-
