4258 6438
635 414 742 468 515

1939 413 2240 470 GEORGII
2279 410 2742 465 PACHYMERE

3948 411 4055 464 516

633 535 759 590 τίκα
788 532 1144 590 κινδυνεύσων
1206 535 1250 589 εί
1288 535 1363 608 μὴ
1416 535 1708 610 προσέχοι.
1767 536 1826 592 Ὁ
1882 532 1938 589 δὲ
1967 532 2280 612 φυλάττειν,
2313 529 2661 614 Αδεσπότης
2721 533 2809 586 καὶ
2861 536 2961 586 τοῦ
3023 532 3271 604 μείζονος
3329 530 3681 606 έπιλήψαιτο.
3739 531 3907 588 Δότὸν
3952 535 4054 609 γάρ

635 623 805 679 ἄλλον
839 624 1178 698 ἐπιτραπεὶς,
1233 623 1395 685 αὐτὸς
1451 624 1698 687 πολλοὺς
1727 623 2154 702 φυλαττόμενος,
2189 623 2290 676 οὐκ

633 711 875 785 ἔμμονον
930 710 1032 780 ἕξει
1091 716 1169 783 τῷ
1229 711 1620 789 φυλαττομένῳ
1666 714 1766 781 τὴν
1821 711 2110 786 ἀσχολίαν,
2165 710 2288 783 περὶ

631 806 805 873 έαυτῷ
836 799 1093 863 δεδοικὼς
1124 802 1190 855 τὰ
1220 801 1469 856 πλεῖστα.
1530 801 1695 856 Παντὶ
1755 799 1802 855 δ’
1855 801 2115 876 ἐγχωρεῖν
2149 798 2287 873 μᾶλ-

633 888 727 943 λον
832 890 1031 965 φύλακι
1066 887 1270 944 δεῖσθαι
1303 889 1566 966 φύλακος.

630 997 734 1059 κο’.
821 998 1011 1070 ’Όπως
1087 996 1525 1070 ὐ-ποποιορμενος
1608 999 1634 1051 6
1709 991 2084 1070 ΙΙαλαιολόγος
2159 995 2285 1056 τοὺς

809 1068 1056 1129 πολλοὺς
1100 1068 1293 1138 ἁπήτει
1330 1066 1375 1122 δἱ
1416 1069 1588 1122 αὐτῶν
1623 1069 1710 1122 καὶ
1741 1070 1802 1123 τὸ
1837 1066 2105 1143 μέγιστον.

699 1162 878 1213 Ταῦτα
906 1158 992 1212 καὶ
1026 1156 1090 1211 τά
1119 1162 1342 1212 τοιαῦτα
1374 1158 1670 1233 προτείνων
1723 1156 1901 1219 πολὺς
1961 1159 2027 1226 ἦν
2078 1154 2167 1210 καὶ
2223 1154 2285 1208 τὸ

633 1251 818 1317 μεῖζον
851 1251 1260 1322 προσαπαιτῶν.
1320 1245 1544 1318 Ἀμέλει
1570 1267 1654 1299 τοι
1695 1246 1783 1300 καὶ
1835 1246 1979 1308 ὅθοις
2027 1245 2287 1305 ὑπόπτως

629 1336 743 1409 εἶχε
773 1335 862 1390 καὶ
894 1337 1028 1410 πρὸς
1060 1336 1122 1390 τὸ
1154 1337 1324 1411 παρὸν
1385 1333 1835 1410 δυσχεραίνοντας
1883 1337 1970 1389 καὶ
2028 1335 2164 1407 πρὸς
2222 1332 2285 1387 τὸ

629 1423 835 1496 μέλλον
885 1426 1386 1500 προστησομένους,
1448 1423 1610 1497 ἰσχὺν
1669 1424 1903 1487 ἐντεῦθεν
1948 1419 2134 1478 λαϐὼν
2193 1420 2286 1474 καὶ

625 1514 823 1586 κράτος
871 1511 1016 1589 ἔχων
1074 1516 1138 1569 τὸ
1193 1515 1442 1588 μέγιστον
1501 1511 1746 1568 ἐκποδών
1802 1511 1997 1582 ἐποίει,
2025 1511 2156 1574 τοὺς
2190 1510 2285 1582 μὲν

627 1600 905 1675 έκρυσίους
959 1603 1386 1677 ὑποχωροῦντας
1451 1606 1534 1676 [Ρ.
1596 1606 1686 1675 48]
1743 1603 1831 1656 καὶ
1888 1603 2003 1664 καθ’
2064 1601 2282 1662 ἑαυτοὺς

629 1688 937 1765 διάγοντας,
969 1692 1096 1753 τοὺς
1130 1689 1186 1746 δὲ
1215 1692 1304 1746 καὶ
1351 1691 1509 1752 αὐτὸς
1562 1691 1897 1767 καθειργνὺς,
1929 1691 2015 1744 καὶ
2077 1686 2282 1749 ἄλλους

630 1781 724 1853 μὲν
784 1779 1061 1856 ἀλλαχοῦ,
1092 1782 1185 1836 τὸν
1218 1778 1274 1836 δὲ
1324 1779 1744 1854 Τζαμάντουρον
1797 1779 1885 1842 εἷς
1918 1781 2168 1854 ΙΙροῦσαν
2201 1777 2282 1850 ἐξ·

622 1867 950 1932 αποστείλας
1021 1869 1110 1925 καὶ
1161 1871 1212 1924 οἱ
1275 1868 1524 1948 φυλακὴν
1571 1870 1644 1932 ὡς
1693 1869 2002 1942 κατακρίτῳ
2053 1867 2279 1942 ἐγκατα-

623 1960 844 2027 στήσας.
905 1927 971 2016 Ol
1023 1956 1078 2014 δέ
1122 1981 1182 2035 γε
1229 1927 1987 2035 προσκείμενοιντούτῳὶκαὶ
2048 1927 2171 2012 λίαν
2226 1957 2277 2012 ἐν
2314 1927 2359 1992 Β

623 2044 841 2102 ἐλπίσιν
911 2048 1047 2116 ἦσαν
1118 2054 1389 2122 χρησταῖς
1453 2047 1543 2102 καὶ
1605 2046 1799 2117 ἀνέδην
1865 2049 2167 2123 συνήργουν
2230 2047 2282 2111 ές

625 2136 706 2190 δτι
763 2135 1019 2209 μάλιστα,
1043 2136 1271 2212 Θάτερον
1331 2135 1388 2191 δὲ
1441 2142 1549 2191 τῶν
1605 2135 1851 2207 ἀδελφῶν
1891 2137 2144 2206 Ἰωάννην
2203 2141 2282 2208 τῷ

621 2228 719 2278 τοῦ
754 2223 996 2300 μεγάλου
1031 2223 1357 2299 δομεστίκου
1389 2226 1682 2298 ἀξιώματι,
1728 2231 1824 2280 τοῦ
1878 2224 2148 2299 βασιλέως
2198 2223 2283 2279 δι-

622 2309 811 2376 δόντος
845 2312 1028 2385 δῆθεν,
1076 2322 1359 2392 περιφαμῆ
1412 2316 1639 2386 καθιστᾷ
1692 2313 1781 2369 καὶ
1829 2316 1912 2369 ἐπὶ
1973 2315 2082 2368 τῶν
2142 2334 2280 2370 ποαο

617 2401 847 2476 γμάτων
913 2405 1048 2480 μέγα
1109 2400 1429 2477 δυνάμενον.
1493 2403 1626 2458 Τότε
1681 2403 1861 2459 τοίνυν
1917 2405 2006 2458 καὶ
2069 2403 2277 2476 μείζοσι

623 2494 1008 2566 θερμανθέντες
1057 2492 1262 2563 ἐλπίσι,
1307 2493 1453 2566 παρᾶ
1506 2495 1599 2548 τὸν
1653 2495 1999 2570 πατριάρχην
2057 2493 2280 2567 γενόμε-

619 2601 702 2635 νοι
752 2581 841 2636 καὶ
883 2583 984 2651 τὴν
1015 2580 1239 2660 σύνοδον
1274 2582 1372 2638 οὐκ
1425 2582 1644 2653 ἀνήσειν
1695 2582 1950 2660 έφασκου,
1986 2583 2030 2637 εἰ
2069 2585 2143 2656 μή
2170 2586 2221 2658 γ’
2254 2586 2281 2638 6

624 2798 698 2854 cii
730 2797 945 2868 publici
981 2802 1037 2854 et
1059 2798 1420 2870 privatorum
1443 2799 1854 2856 discriminum
1884 2815 2054 2854 curas
2082 2817 2094 2867 ;
2121 2800 2275 2855 unde

620 2888 788 2944 illum
823 2889 923 2960 qui
957 2888 1176 2944 electus
1207 2891 1277 2944 ad
1320 2889 1428 2944 hoc
1479 2891 1557 2945 sit
1618 2894 1680 2943 ut
1730 2888 1978 2944 salutem
2039 2893 2276 2943 tueatur

621 2978 907 3049 principis
940 2979 1208 3033 omnium
1231 2978 1490 3049 undique
1513 2977 1645 3033 telis
1669 2985 1720 3032 et
1742 2977 2272 3033 innumerabilibus

618 3066 853 3123 insidiis
885 3068 1214 3140 expositum
1239 3069 1327 3123 vel
1361 3068 1612 3123 maxime
1646 3068 1842 3138 ipsum
1902 3067 2172 3138 praesidio
2217 3072 2277 3122 et

619 3157 883 3214 excubiis
915 3174 1104 3229 egere.
1140 3161 1328 3224 Quare
1385 3157 1780 3228 praestabilius
1838 3157 2019 3212 videri
2078 3157 2272 3212 locum

613 3248 818 3303 cedere
873 3247 1119 3302 cuilibet
1148 3246 1364 3302 volenti
1399 3263 1576 3319 quam
1609 3246 1668 3301 in
1704 3263 1769 3302 eo
1801 3261 2018 3318 angore
2059 3262 2124 3303 ac
2146 3251 2269 3302 tor-
2304 3282 2346 3348 C

616 3341 813 3392 mento
843 3336 1057 3391 vivere.

611 3444 701 3498 29.
732 3447 794 3502 Ut
820 3444 1072 3499 delinitz’s
1101 3444 1455 3512 Palaeologus
1480 3444 1774 3515 plerisque
1793 3445 2103 3516 prmcipum
2123 3461 2273 3500 sum-

990 3533 1145 3571 mum
1174 3518 1432 3572 honorem
1462 3517 1775 3571 eblandz‘tus
1804 3519 1896 3571 sit.

685 3605 816 3660 Haec
847 3610 903 3660 et
934 3606 1062 3675 ejus
1093 3605 1324 3675 generis
1358 3605 1546 3660 multa
1579 3606 1878 3677 proferens
1902 3605 2274 3663 vehementer

615 3696 996 3751 incumbebat
1026 3697 1082 3750 in
1119 3695 1461 3766 petitionem
1495 3696 1754 3766 supremi
1791 3695 2052 3751 honoris.
2095 3697 2270 3752 Porro

613 3786 847 3842 interim
876 3802 1026 3856 quos
1049 3791 1357 3858 suspectos
1388 3786 1662 3852 habebat,
1697 3787 2037 3857 quibusque
2057 3786 2270 3842 intelli~

611 3877 786 3947 gebat
817 3875 1129 3946 displicere
1153 3875 1483 3945 praesentia,
1516 3875 1674 3930 cordi
1709 3891 1837 3930 esse
1859 3891 2027 3945 nova,
2051 3875 2109 3929 in
2135 3891 2270 3947 spes

611 3967 945 4020 futurorum
968 3964 1745 4037 inquietasimminentibus,
1763 3982 1861 4020 eos
1876 3982 2016 4020 sane
2036 3982 2270 4021 summa

611 4071 787 4125 quam
820 4055 1126 4110 obtinebat
1159 4059 1445 4126 potestate
1476 4059 1716 4110 strenue
1775 4060 1947 4110 utens
1993 4057 2211 4111 amovit
2240 4073 2270 4112 ο

611 4145 826 4210 medio,
859 4145 1072 4216 partim
1105 4145 1320 4214 injecto
1350 4148 1572 4200 terrore
1595 4145 1855 4208 efﬁciens
1885 4149 1950 4199 ut
1972 4150 2176 4216 sponte
2197 4145 2266 4199 ad

610 4251 723 4290 sua
753 4251 814 4290 se
848 4235 1172 4307 reciperent
1203 4239 1260 4289 et
1292 4234 1450 4289 domi
1507 4251 1567 4290 se
1625 4239 1910 4301 tenerent,
1972 4235 2185 4306 partim
2215 4235 2267 4288 vi

612 4323 849 4396 publica
878 4340 1178 4379 coercens.
1212 4325 1335 4387 Quo
1369 4324 1428 4378 in
1485 4339 1698 4395 genere
1759 4340 1892 4378 cum
1953 4323 2098 4380 alios
2154 4324 2266 4379 alio

606 4414 968 4480 amandavit,
1003 4418 1132 4468 tum
1165 4414 1627 4468 Tzamanturum
1662 4412 1986 4484 relegatum
2022 4414 2265 4470 Prusam

605 4503 687 4558 ibi
719 4503 989 4559 custodia
1020 4508 1205 4559 teneri
1239 4503 1396 4558 velut
1429 4519 1590 4558 reum
1617 4502 1819 4573 jussit.
1855 4503 2094 4559 Interim
2145 4503 2267 4559 ala-

606 4609 735 4648 cres
767 4592 823 4648 in
858 4594 1077 4664 spebus
1109 4593 1351 4664 optimis
1379 4592 1773 4662 ﬂorentesque
1804 4593 1894 4646 8|
1948 4591 2271 4648 volitabant

2399 621 2646 674 εἶναικαὶ
2709 619 2871 691 μόνον
2916 621 2976 674 τὸ
3010 621 3146 693 μετά
3200 621 3291 675 τὸν
3319 619 3378 674 ἐκ
3428 622 3617 697 γένους
3652 621 3877 695 βασιλέα
3907 622 4054 692 ἄξιον

2398 707 2584 783 ἄρχειν
2643 710 2731 762 καὶ
2792 710 2884 764 σὺν
2935 709 3139 781 ἐκείνῳ,
3199 710 3287 764 καὶ
3332 710 3438 764 δεῖν
3474 711 3648 772 οὕτως
3676 706 3864 785 ἔχουσι
3902 713 4057 784 βασι-

2400 797 2538 860 λέως
2599 796 2848 859 ἐντελοῦς
2905 798 2957 859 ές
2995 800 3023 853 '6
3073 820 3123 852 τι
3155 799 3243 852 καὶ
3280 800 3496 875 πραξοι.
3528 800 3598 854 Τὸ
3659 800 3753 872 μὶν
3790 797 3880 854 οῦν
3927 800 4057 854 ἀνα-

2402 889 2576 959 μένειν
2621 889 2720 957 τὴν
2779 892 2875 942 τοῦ
2925 888 3196 966 ἀφήλικος
3246 889 3464 957 ἡλικίαν
3496 931 3510 957 ,
3574 891 3648 962 μή
3711 889 3800 943 καὶ
3863 891 4057 966 φθάσει

2394 999 2477 1039 τις
2507 975 2839 1048 κηδεμονίας
2891 977 3148 1049 δεόμενος
3192 969 3450 1050 ἐμποδὼν
3498 979 3736 1052 γεγονὼς
3781 978 3906 1053 πρὶν
3959 978 3994 1046 ἢ
4031 979 4058 1032 6

2397 1067 2452 1119 εὖ
2510 1069 2722 1140 πράξων
2784 1065 2985 1120 ἐκεῖνον
3044 1066 3253 1120 τελείαν
3317 1063 3460 1141 λάϐῃ
3492 1070 3592 1136 τήν
3635 1066 3877 1136 ἡλικίαν’
3911 1068 3972 1121 τὸ
4007 1065 4056 1122 δ’

2397 1155 2483 1209 ἐπὶ
2513 1160 2619 1208 τῶν
2653 1176 2985 1231 πραγμάτων
3029 1152 3153 1210 ὅντα
3184 1157 3273 1210 τὸν
3306 1154 3588 1228 κηδεμόνα
3649 1158 3725 1230 μὴ
3759 1158 3834 1219 ὡς
3900 1157 4056 1231 βασι-

2397 1243 2494 1299 λέα
2524 1246 2801 1318 πράττειν,
2832 1246 2906 1317 μή
2942 1247 3029 1299 καὶ
3093 1241 3348 1308 ἀϐέϐαιος
3399 1249 3433 1314 ὴ
3469 1248 3632 1321 χάρις
3681 1247 3769 1300 καὶ
3826 1245 4058 1309 ἄστατος

2393 1333 2447 1407 ᾗ.
2482 1335 2646 1390 Ταῦτ’
2696 1333 2880 1410 ἔλεγον
2915 1335 2965 1388 οἱ
2997 1333 3048 1388 έν
3087 1333 3256 1406 τέλει,
3287 1337 3375 1389 καί
3408 1337 3501 1390 τὸν
3559 1335 3906 1410 πατριάρχην
3953 1356 4058 1406 μα·

2395 1421 2754 1496 λακιζόμενον
2813 1422 3048 1488 ἔπειθον·
3111 1422 3238 1479 οὐδὲ
3285 1425 3384 1499 γὰρ
3431 1423 3542 1479 οὐδ’
3596 1424 3797 1486 ἐκεῖνος
3852 1424 4058 1498 ἠμέλει

2392 1517 2498 1566 τῶν
2529 1513 2879 1583 καθηκόντων
2908 1513 2997 1567 καὶ
3027 1516 3110 1574 οἷς
3141 1515 3167 1568 6
3198 1515 3342 1589 ἱερὸς
3382 1513 3718 1586 μαλάσσοιτο
3750 1512 4055 1587 σύλλογος.

2394 1604 2614 1676 ’Ὠριστο
2651 1602 2743 1675 μὲν
2778 1603 2869 1656 οὖν
2903 1604 2938 1672 ἡ
2964 1604 3144 1676 ἡμέρα
3173 1606 3274 1672 τῆς
3303 1603 3675 1679 ἀναρῥήσεως,
3725 1606 3760 1673 ἡ
3795 1600 3852 1658 δὲ
3898 1603 3964 1671 ἧν
4020 1605 4057 1672 ἡ

2391 1697 2487 1745 τοῦ
2518 1686 2998 1764 Ἑκατομϐαιῶνος
3031 1694 3323 1766 νουμηνία,
3347 1700 3446 1762 τῆς
3466 1693 3589 1748 τότε
3615 1693 3922 1768 τρεχούσης
3943 1689 4060 1747 δευ-

2391 1782 2548 1856 τέρας
2578 1781 2975 1854 ἐπινεμήσεως.

2394 1887 2462 1943 λ’.
2494 1889 2680 1949 Ὅπως
2713 1889 2739 1942 6
2771 1886 2823 1943 ἐν
2851 1892 2919 1962 τῇ
2954 1886 3100 1942 δύσει
3145 1885 3410 1964 δεσπότης
3461 1887 3697 1964 Μιχαὴλ
3730 1891 4053 1964 κατεπήρθη

2954 1965 3063 2014 τῶν
3113 1961 3473 2036 πραγμάτων.

2459 2049 2546 2105 Ἐν
2579 2048 2824 2121 τοσούτῳ
2884 2046 3059 2103 δὲκαὶ
3109 2051 3136 2104 6
3187 2049 3238 2104 έν
3285 2055 3353 2124 τῇ
3398 2049 3544 2104 δύσει
3606 2048 3874 2119 δεσπότης
3937 2052 4051 2106 Μι-

2388 2137 2565 2214 χαὴλ,
2609 2140 2636 2193 6
2693 2143 2789 2193 τοῦ
2846 2134 3411 2215 προϐεϐασιλευκότος
3471 2138 3756 2216 Θεοδώρου
3809 2139 4058 2213 ἀνεψιὸς,

2388 2227 2620 2289 ἀκούσας
2649 2229 2714 2282 τὰ
2743 2230 2859 2282 κατ’
2907 2228 3178 2297 ἀνατολὴν
3242 2230 3316 2291 ὡς
3375 2229 3546 2305 εἶχον,
3606 2230 3696 2283 καὶ
3755 2231 3837 2284 ὅτι
3892 2228 4059 2284 ἐκπο-

2391 2314 2498 2371 δὼν
2547 2316 2834 2391 γεγονότος
2879 2321 2975 2372 τοῦ
3025 2317 3268 2394 Αάσκαρι
3300 2318 3349 2373 ἐν
3398 2317 3816 2393 μειρακυλλίοις
3872 2319 3968 2391 μὶν
4025 2321 4054 2373 6

2391 2405 2441 2475 ἐξ
2489 2404 2691 2460 ἐκείνου
2726 2406 2981 2476 Ἰωάννης
3037 2406 3207 2478 τελεῖ,
3266 2407 3342 2469 εἰς
3391 2409 3679 2483 προνομὴν
3744 2405 3800 2462 δὲ
3845 2409 3880 2477 ἡ
3943 2412 4058 2462 τῶν

2390 2495 2678 2568 Ῥωμαίων
2712 2496 2961 2572 βασιλεία
2991 2501 3268 2569 κεῖταιτῷ
3323 2494 3673 2572 βουλομένῳ,
3705 2496 3887 2573 ἀνάγει
3955 2497 4055 2551 τὸν

2391 2588 2516 2639 νοῦν
2545 2585 2680 2659 πρὸς
2712 2586 2802 2640 τὸν
2835 2587 2975 2640 θεῖον
3010 2584 3313 2663 Θεόδωρον,
3347 2585 3496 2649 ὅπως
3527 2585 3774 2648 κάκεῖνος
3823 2585 4057 2660 εὐγενὴς

2387 2816 2520 2872 pem
2553 2802 2936 2872 praerogativa
2968 2802 3248 2858 nascendi
3273 2803 3377 2873 jus
3409 2803 3710 2873 adeptum,
3758 2801 4052 2873 dignissi-

2385 2891 2790 2962 musimperio
2819 2892 2928 2947 sit:
2985 2892 3232 2963 ideoque
3284 2891 3569 2962 collegam
3603 2891 3652 2947 ei
3715 2891 4049 2963 adjungen-

2385 2979 2549 3035 dum.
2593 2981 2771 3050 Egere
2831 2981 3086 3051 profecto
3146 2981 3572 3051 rempublicam
3633 2985 3863 3034 maturo
3917 2981 4049 3050 jam

2384 3069 2644 3140 principe
2676 3076 2732 3125 et
2763 3072 2830 3127 ad
2865 3088 2963 3142 per
2994 3088 3054 3127 se
3088 3073 3384 3144 agendum
3417 3072 3568 3143 quod
3604 3072 3680 3126 sit
3710 3087 3857 3142 opus
3882 3077 4052 3143 apto,

2392 3175 2496 3214 nec
2527 3161 2848 3230 exspectari
2883 3177 3052 3231 posse
3093 3163 3230 3216 dum
3255 3160 3611 3233 puerulusin
3637 3160 3825 3215 virum
3848 3160 4054 3215 adole-

2385 3249 2549 3316 verit,
2578 3267 2648 3305 ne
2677 3251 2941 3306 Romana
2972 3268 3063 3307 res
3088 3251 3360 3322 praesenti
3395 3249 4053 3323 vigentis'imperatoris

2387 3353 2492 3409 ope
2525 3338 2796 3408 indigens
2827 3339 2914 3393 ael
2950 3341 3227 3405 maxime,
3264 3344 3348 3395 tot
3393 3340 3582 3394 cincta
3614 3338 3915 3410 periculis,
3945 3355 4055 3410 per

2382 3432 2608 3482 tantam
2645 3445 2869 3483 moram
2905 3430 3074 3500 prius
3107 3437 3304 3501 pereat
3354 3434 3705 3499 corruatque
3755 3428 4051 3493 funditus,

2384 3535 2560 3588 quam
2588 3519 2686 3589 qui
2718 3536 2846 3574 eam
2877 3519 3286 3574 vindicaturus
3319 3519 3390 3575 ab
3418 3518 3660 3573 interitu
3693 3517 3789 3583 sit,
3824 3518 3885 3572 in
3938 3517 4049 3573 flo-

2382 3613 2607 3664 rentem
2643 3609 2960 3665 adoleverit
2991 3614 3248 3665 aetatem.
3279 3608 3631 3680 Impositum
3661 3611 3853 3663 autem
3877 3623 4054 3662 cura-

2380 3703 2565 3753 torem
2599 3700 2852 3771 nsgotiis
2879 3716 2993 3754 non
3017 3699 3417 3770 utprincipem
3443 3714 3634 3770 agere,
3661 3698 3761 3753 sed
3783 3697 4056 3767 precaria

2381 3789 2636 3859 quadam
2669 3793 2724 3843 et
2744 3788 3112 3843 auctoritatis
3137 3787 3480 3861 principalis
3502 3787 4054 3859 egenajfunctione,

2380 3881 2436 3932 et
2458 3877 2759 3934 infirmum
2792 3882 2847 3933 et
2876 3877 3152 3934 instabile
3184 3875 3517 3950 reipublicae
3551 3875 3828 3932 solatium
3893 3891 4053 3932 esse.

2380 3966 2544 4022 Talia
2575 3983 2710 4022 cum
2743 3967 3054 4038 optimates
3118 3967 3399 4032 dicerent,
3453 3969 3881 4038 persuaserunt
3941 3983 4054 4037 pa-

2378 4055 2646 4111 triarchas
2672 4073 2775 4128 per
2795 4073 2877 4113 se.
2900 4057 3259 4123 utdiximus,
3276 4055 3608 4111 emollitoin
3626 4054 4053 4126 Palaaologum.

2377 4144 2487 4198 Sed
2506 4143 2749 4216 necipse
2764 4161 2932 4214 cujus
2961 4160 3051 4200 res
3075 4145 3359 4216 agebatur
3375 4141 4059 4215 cessabatPalazologus:

2379 4233 2520 4304 quin
2551 4233 2854 4305 satagebat
2886 4235 2944 4288 in
2978 4235 3204 4290 cunctis
3240 4235 3309 4289 ad
3336 4232 3460 4305 spei
3503 4233 3773 4288 affectum
3826 4234 4062 4288 facien-

2378 4323 2558 4389 tibus,
2592 4322 2652 4376 in
2685 4323 2892 4395 primis
2924 4324 2995 4379 ad
3029 4323 3142 4378 sibi
3177 4323 3550 4378 deliniendos
3581 4321 3719 4376 cieri
3751 4337 3815 4375 ac
3844 4337 4054 4376 sacro-

2379 4428 2509 4466 rum
2542 4410 2878 4467 antistitum
2911 4413 3161 4468 animos.
3196 4412 3464 4482 Denique
3488 4410 3580 4465 his
3604 4409 3832 4466 artibus
3859 4414 3938 4464 im
3955 4427 4060 4482 pe-

2379 4505 2599 4556 tratum
2631 4504 2696 4556 ut
2728 4501 2854 4557 dies
2877 4501 3170 4557 diceretur
3201 4500 3632 4572 proclamando
3666 4499 3724 4553 in
3758 4497 4060 4571 collegam

2380 4591 2750 4662 imperatoris
2774 4591 3119 4663 Palaaologo.
3157 4592 3234 4646 Ea
3267 4590 3378 4646 fuit
3409 4590 3715 4645 neomenia
3745 4587 4066 4644 Hecatom-

607 4681 707 4754 qui
769 4683 1066 4737 fortunam
1127 4683 1530 4753 sequebantur
1594 4681 1928 4752 Palaeologi,
2003 4682 2267 4751 clientes,
2301 4665 2345 4728 Π
2379 4681 2596 4736 bazonis
2630 4698 2732 4737 seu
2757 4681 3028 4737 Kalendae
3060 4681 3387 4751 Januariae,
3417 4679 3892 4734 indictionetunc
3917 4695 4059 4734 cur-

611 4771 785 4827 amici
845 4788 911 4827 ac
983 4788 1339 4842 quocunque
1398 4771 1638 4826 nomine
1692 4771 2025 4839 necessarii,
2083 4772 2269 4843 parati

611 4878 845 4933 semper
875 4862 946 4917 ad
982 4866 1195 4917 nutum
1230 4907 1245 4933 ,
1280 4861 1650 4933 impigreque
1673 4866 1949 4916 curantes
1982 4861 2270 4934 quidquid

612 4952 684 5006 ad
718 4968 1063 5007 communes
1095 4951 1358 5018 rationes
1389 4951 1660 5022 expedire
1708 4950 2021 5005 videretur.
2084 4951 2145 5006 In
2179 4951 2273 5008 his

610 5041 860 5097 alterum
896 5043 1135 5098 fratrem
1167 5042 1455 5098 Joannem
1490 5040 1687 5112 magni
1707 5040 2012 5096 domestici
2037 5042 2274 5112 amplis-

609 5130 762 5186 sima
784 5131 1070 5203 dignitate
1103 5131 1298 5187 ornari
1336 5147 1438 5202 per
1468 5131 1877 5201 imperatorem
1911 5131 2154 5201 despota
2177 5148 2270 5186 cu-

610 5220 780 5289 ravit,
812 5221 895 5277 sic
926 5238 1059 5276 eum
1094 5229 1146 5276 et
1178 5220 1395 5276 illustri
1429 5220 1649 5275 honore
1681 5224 1738 5274 et
1770 5219 2027 5274 maxima
2067 5237 2270 5292 geren-

611 5311 823 5366 darum
858 5326 1052 5366 rerum
1087 5314 1375 5383 potestate
1407 5311 1729 5364 instruens.
1765 5310 1888 5374 Quo
1949 5309 2099 5364 facto
2144 5311 2271 5380 jam

611 5401 936 5471 majoribus
968 5399 1194 5456 incensi
1227 5401 1447 5472 spebus
1498 5398 1802 5470 Palzeologi
1864 5398 2121 5454 fautores
2171 5417 2271 5471 pa-

610 5490 898 5546 tiarcham
931 5496 989 5547 et
1020 5507 1250 5546 sacram
1297 5491 1588 5562 synodum
1643 5488 1890 5557 ambire,
1953 5505 2019 5542 ac
2080 5488 2272 5545 dicere

608 5581 832 5636 nullam
867 5582 1124 5652 quietem
1151 5581 1324 5636 rebus
1344 5580 1462 5636 fore
1480 5585 1581 5635 aut
1601 5577 1980 5635 securitatem
2003 5578 2270 5651 imperio,

606 5672 794 5742 quoad
826 5672 1069 5743 despota
1101 5672 1156 5726 in
1195 5688 1378 5726 unum
1411 5670 1604 5726 adhuc
1627 5669 1875 5742 gradum
1922 5669 2274 5740 provehatur

609 5761 804 5818 altius.
842 5765 1042 5834 Ipsum
1075 5759 1263 5818 solum
1301 5775 1430 5817 esse
1462 5760 1727 5816 omnium
1750 5757 1872 5831 qui,
1897 5763 2028 5830 post
2051 5758 2274 5831 princi-

2382 4774 2546 4826 rente
2577 4770 2858 4826 secunda.

2380 4879 2468 4934 50.
2507 4879 2570 4936 Ut
2600 4878 2660 4933 in
2695 4878 2987 4934 Occidente
3041 4878 3274 4950 despota
3298 4877 3538 4934 Michael
3568 4877 3745 4933 elatus
3785 4875 3846 4931 in
3903 4892 4073 4948 spem

2791 4952 3062 5022 majorem
3091 4949 3229 5007 nova
3268 4951 3501 5006 molitus
3531 4949 3622 5004 sit.

2454 5041 2602 5095 Dum
2635 5039 2756 5095 haec
2791 5045 3097 5112 geruntur,
3133 5040 3377 5113 despota
3408 5038 3739 5096 Occidentis
3772 5037 4058 5112 Michael,

2382 5130 2694 5200 Theodori,
2725 5129 2826 5186 82
2859 5131 2959 5201 qui
2994 5130 3074 5187 ibi
3121 5131 3536 5203 imperaverat,
3597 5127 3792 5184 fratris
3850 5127 4047 5200 ﬁlius,

2382 5219 2582 5274 audito
2615 5236 2810 5274 rerum
2843 5219 3214 5275 orientalium
3247 5219 3666 5291 statu,sublato
3708 5217 3988 5273 videlicet
4022 5235 4059 5275 θ

2384 5309 2576 5363 medio
2614 5308 2847 5363 Lascari
2879 5307 3166 5364 Joannem
3198 5309 3328 5380 ejus
3352 5307 3538 5364 ﬁlium
3566 5323 3696 5363 esse
3727 5306 3923 5361 adhuc
3957 5306 4060 5362 in-

2382 5397 2697 5464 fantulum,
2735 5397 3068 5452 Romanum
3100 5414 3236 5453 vero
3269 5398 3584 5470 imperium
3613 5396 3796 5451 cuivis
3830 5412 4055 5467 rapere

2382 5486 2597 5542 volenti
2635 5487 2692 5542 in
2727 5488 2984 5558 praedam
3019 5488 3351 5560 expositum
3385 5489 3601 5559 jacere,
3663 5490 3922 5542 mentem
3985 5487 4058 5542 in

2385 5592 2519 5649 spes
2547 5575 2776 5649 amplas
2792 5576 3021 5645 extulit,
3037 5579 3334 5649 proposito
3349 5577 3458 5633 sibi
3477 5575 3740 5649 exemplo
3754 5575 4064 5632 Theodori

2385 5667 2600 5739 patrui.
2636 5668 2694 5722 Is
2725 5666 2944 5722 nobilis
2975 5671 3151 5739 atque
3182 5668 3328 5724 adeo
3359 5684 3426 5724 ex
3458 5666 4058 5740 primanobilitate,e

2384 5757 2573 5830 priore
2588 5756 2687 5812 illa
2701 5758 3101 5813 Romanarum
3123 5758 3562 5830 perturbatione
3576 5773 3770 5813 rerum
3786 5757 4069 5829 sumptis
