4258 6438
186 404 295 458 517

1272 404 1366 457 DE
1403 403 1779 460 MICHAELE
1817 406 2260 467 PALIEOLOGO
2297 413 2431 467 LIB.
2473 418 2516 469 Ι.

3491 422 3599 477 518

186 525 262 581 ὢν
289 525 381 581 καὶ
428 524 495 580 τά
541 528 731 599 πρῶτα
761 527 824 598 [Ρ
856 526 944 597 49]
1001 528 1109 579 τῶν
1168 524 1398 599 εὐγενῶν
1456 532 1557 594 τῆς
1612 528 1837 602 πρώτης
1869 532 1921 598 Α
1950 533 2053 601 ψας
2086 531 2230 607 παρὰ
2262 535 2368 605 μὴν
2418 540 2515 591 τοῦ
2556 538 2744 612 Μαφρέ
2774 540 3119 614 τρισχιλίους
3170 542 3260 605 οὓς
3311 542 3461 599 αὐτοὶ
3511 544 3603 601 λέ.

186 614 398 684 ἐκείνης
453 614 764 689 συκχύσεως
832 615 1217 687 συμπεσούσης
1277 614 1571 687 Ῥωμαίοις
1654 614 1839 669 ἐαυτὸν

186 700 581 777 ἀναλαμϐάνει,
624 705 711 758 καὶ
763 704 1041 765 πλείστοις
1092 703 1240 765 ὅσοις
1287 709 1403 765 τοῖς
1436 706 1554 759 κατ’
1614 702 1839 759 Ἰταλῶν

180 792 453 866 πολέμνις
484 790 948 867 ἐνανόραγαοησας
1009 800 1107 861 τῆς
1165 792 1444 865 βασιλείας
1497 792 1841 865 ἐπείληπτο,

183 883 428 958 πεφθεῖς
468 883 613 955 παρα
660 886 756 936 τοῦ
809 881 1089 957 Ἀχριδῶν
1135 877 1419 953 Ἰακώϐου,
1468 882 1555 936 καὶ
1594 884 1661 936 τα
1706 883 1843 937 κατᾶ

186 969 337 1025 δύσιν
362 970 488 1034 τοὺς
518 970 757 1031 Ἰταλοὺς
802 970 1136 1047 ἀορελὸμενος
1186 973 1618 1047 προσεκτήσατο,
1677 970 1839 1043 μὲγας

184 1060 273 1115 ἐπὶ
331 1066 441 1115 τῶν
488 1060 825 1136 πραγμάτων
895 1061 1195 1139 ἀναφανεὶς,
1272 1062 1436 1135 μέχρι
1509 1060 1598 1114 καὶ
1680 1060 1843 1135 μοίρᾳ

183 1149 316 1220 λαιᾷ
346 1150 721 1225 προσκρούσας
752 1150 840 1204 καὶ
885 1150 1237 1225 κατασχεθεὶς
1292 1154 1372 1222 τῷ
1430 1151 1589 1207 Ἀσῖιν
1643 1150 1844 1227 ἀφῃρὲο

179 1242 248 1310 θη
298 1244 407 1294 τῶν
461 1238 783 1316 ὀφθαλμῶν.
832 1244 1009 1294 Ταῦτα
1056 1239 1234 1294 τοίνυν
1299 1240 1326 1293 6
1375 1238 1607 1314 Μιχαὴλ
1652 1238 1707 1293 ὲν
1766 1242 1843 1291 νῶ

178 1331 426 1403 θέμενος,
457 1330 547 1383 καὶ
578 1329 1059 1398 καταλαζονευοεῖς
1109 1333 1219 1383 τῶν
1270 1328 1609 1404 πραγμάτων
1661 1326 1839 1402 ἀρρώ-

181 1440 321 1481 στως
377 1418 618 1494 ἐχόντων
655 1462 668 1487 ,
721 1417 836 1473 ἐπεὶ
891 1418 980 1473 καὶ
1036 1419 1097 1473 τὸ
1154 1419 1292 1473 κατά
1347 1418 1511 1472 πόλιν
1573 1416 1838 1474 Ἰταλικὸν

180 1509 398 1578 ἠσθένει
446 1512 563 1570 τοῖς
620 1512 744 1571 καθ’
799 1509 929 1562 αὒτὸ
976 1507 1277 1584 πράγμασι,
1341 1506 1549 1583 βουλὴν
1612 1506 1841 1580 βουλεύ-

181 1618 294 1651 εται
330 1598 407 1659 ὡς
433 1596 555 1652 λίαν
588 1598 838 1666 νεανικὴν
872 1597 962 1651 καὶ
992 1605 1090 1667 τῆς
1140 1596 1303 1651 αὐτοῦ
1353 1597 1621 1672 εὐγενείας
1672 1594 1839 1665 ἀξίαν.

174 1697 241 1752 Ἠ
292 1693 352 1750 δὲ
400 1694 613 1770 βουλὴ,
664 1693 920 1758 πλείστας
980 1694 1109 1759 ὅσας
1167 1694 1517 1769 συναθροίσας
1577 1691 1833 1764 δυνάμεις

178 1784 271 1838 καὶ
336 1788 407 1858 τῇ
455 1782 615 1839 πόλει
664 1784 919 1860 προσκὼν
974 1785 1321 1859 περικαθίσαι
1372 1784 1462 1837 καὶ
1520 1784 1841 1854 πειραθῆναι

1950 638 2106 691 γουσι
2155 616 2562 699 καϐαλλαρίους
2608 622 2891 699 λαμϐάνει,
2943 627 3219 705 ἀνδρείους
3272 630 3330 685 ἐκ
3382 639 3598 706 Γερμα-

1950 712 2079 777 νῶν,
2117 711 2209 764 τὸν
2242 708 2299 766 δὲ
2328 734 2387 787 γε
2422 714 2684 788 πρίγκιπα
2733 716 2861 771 ὅλον
2896 719 3009 793 εἶχε
3052 718 3142 772 σὺν
3191 726 3307 781 τοῖς
3354 722 3600 796 στρατεύ-

1954 819 2136 868 μασιν.
2164 802 2299 874 Εἶχε
2327 800 2384 856 δὲ
2414 802 2500 856 καὶ
2531 806 2624 858 τὸν
2673 805 2730 859 ἐκ
2758 806 2970 867 νοθείας
3019 809 3132 862 υἱὸν
3164 810 3413 879 Ἰωάννην
3468 813 3603 883 μετᾶ

1949 893 2043 941 τοῦ
2077 888 2277 943 οἰκείου
2330 890 2467 945 λαοῦ
2516 894 2581 947 τά
2638 897 2865 969 μέγιστα
2910 898 3315 970 συναιρόμενον.
3350 900 3362 919 ’
3389 902 3602 961 Εκεῖνος

1951 976 2039 1028 καὶ
2096 978 2195 1050 γάρ
2251 977 2359 1048 ἤδη
2421 982 2539 1034 καθ’
2600 983 2759 1037 αὐτὸν
2810 984 2879 1057 τῇ
2940 991 3034 1039 τοῦ
3092 989 3322 1059 Ταρωνᾶ
3378 990 3598 1064 Ουγατρὶ

1952 1065 2147 1135 συνὼν,
2202 1064 2331 1120 λαὸν
2381 1068 2645 1145 ἐξαίρετον
2684 1072 2855 1147 ἔχων,
2911 1071 3134 1136 δυνατὸς
3182 1078 3247 1143 ἦν
3296 1076 3383 1130 καὶ
3440 1078 3603 1148 μόνος

1952 1160 2265 1229 στρατηγεῖν
2326 1157 2414 1211 καὶ
2472 1166 2860 1231 προσκτᾶσθαι·
2922 1165 3049 1225 τοὺς
3086 1167 3189 1239 γάρ
3242 1166 3303 1219 τὸ
3361 1165 3595 1221 παλαιὸν

1949 1240 2247 1329 Ἓλληνας,
2308 1245 2400 1309 οὕς
2451 1247 2749 1322 Ἀχίλλεὺς
2801 1250 2916 1326 ἦγε,
2955 1248 3449 1329 Μεγαλοϐλαχίτας
3501 1277 3600 1310 κα-

1954 1328 2063 1384 λῶν
2117 1331 2426 1407 ἐπεφέρετο,
2467 1336 2604 1391 ὥστε
2655 1337 2785 1411 μηδ’
2830 1339 2929 1411 ἔξω
2979 1338 3293 1414 προϐαίνειν
3338 1343 3419 1398 ε’ία
3463 1344 3599 1420 Βερο

1953 1417 2100 1492 ῥοίας
2150 1424 2237 1475 τὸν
2292 1421 2675 1500 ΙΙαλαιολὸγον
2725 1429 2890 1503 μέγαν
2943 1427 3265 1502 δομὲστιγον
3322 1417 3598 1504 Ἰωάννην,

1948 1508 2037 1562 τὸν
2095 1512 2589 1587 Στρατηγόπουλον
2642 1514 2880 1587 Ἀλεξιον
2927 1518 3016 1573 καὶ
3064 1522 3248 1595 τρίτον
3304 1522 3396 1576 τὸν
3437 1522 3596 1576 Ῥοὺλ

1950 1597 2271 1670 Ἰωάνννην,
2323 1603 2523 1678 συχνάς
2566 1602 2820 1679 δυνάμεις
2865 1608 2988 1681 περὶ
3056 1608 3249 1671 αὐτοὺς
3324 1606 3557 1685 ἔχοντας
3586 1654 3599 1669 .

1950 1686 2089 1744 Τότε
2118 1688 2297 1744 τοίνυν
2350 1694 2667 1769 συναγαγὼν
2696 1696 2723 1749 6
2757 1694 3025 1768 δεσπότης
3072 1699 3201 1760 τοὺς
3248 1699 3598 1773 εἰρημὲνους,

1952 1773 2218 1858 ἔχωνυκαὶ
2256 1779 2383 1843 τοὺς
2434 1782 2625 1838 ἑαυτοῦ
2683 1784 2734 1846 ἐς
2786 1785 2867 1839 ὅτι
2924 1785 3235 1855 πλείστους,
3297 1794 3600 1863 προσκροῦ-

176 1879 524 1947 κατασχεῖν,
578 1874 669 1927 καὶ
720 1872 863 1928 οὕτω
926 1872 1180 1949 βασιλεὺς
1234 1872 1660 1947 ἀναγορευθῆναι
1712 1872 1841 1926 Ῥωο
1873 1906 1920 1972 Β
1953 1886 2037 1920 σαι
2092 1868 2185 1939 μὲν
2233 1869 2301 1924 τά
2355 1876 2545 1947 πρῶτα
2600 1878 2718 1937 τοῖς
2776 1880 3105 1949 στρατηγοῖς
3163 1877 3251 1930 καὶ
3311 1878 3600 1953 συρρήξας,

276 1962 287 1972 .
482 1963 719 1972 ..-
1302 1960 1343 1972 μ
2426 1956 2684 1972 ..__
2832 1962 2952 1972 ..
3151 1966 3267 1972 ..

184 1962 390 2037 μαίων.
429 1964 503 2036 μή
537 1964 638 2038 γάρ
672 1963 803 2017 εἶναι
848 1964 983 2036 πρὸς
1013 1963 1172 2017 αὐτὸν
1216 1960 1384 2035 μηδὲν
1441 1962 1580 2034 μήτε
1630 1959 1842 2014 Λάσκα-

178 2073 269 2127 ριν
327 2053 457 2125 μήτ’
508 2050 679 2106 ἄλλον
728 2053 1007 2107 ὁντιναοῦν
1036 2052 1277 2124 αὐτάρκη
1339 2052 1478 2125 πρὸς
1541 2046 1839 2125 βασιλείαν,

179 2142 381 2217 εὐγενῆ
404 2162 463 2195 τε
501 2140 629 2195 ὄντα
660 2141 749 2196 καὶ
795 2146 901 2196 τῶν
950 2140 1250 2217 Ἀγγὲλων·
1303 2141 1393 2194 καὶ
1448 2136 1514 2208 δὴ
1540 2137 1654 2193 ἐπεὶ
1687 2158 1841 2212 γαμ-

174 2226 352 2306 ϐροὺς
383 2229 471 2284 ἐπὶ
513 2229 832 2306 θυγατράσιν
877 2236 995 2305 εἶχε
1033 2231 1126 2284 τόν
1166 2250 1225 2284 τε
1260 2228 1404 2305 ῥῆγα
1435 2224 1674 2288 ΙΙουλίας
1722 2228 1843 2283 Μα-

182 2322 307 2397 φρέ,
346 2320 439 2374 τὸν
481 2320 571 2374 καὶ
630 2328 729 2389 τῆς
787 2317 1078 2390 δεσποίνης
1130 2324 1238 2375 τῶν
1290 2318 1578 2391 Ῥωμαίων
1638 2318 1840 2386 ’Λννης

176 2407 612 2487 αὖτάδελφον,ᾖ
655 2411 796 2483 πρὸς
842 2413 922 2481 τῷ
978 2411 1125 2484 γήρᾳ
1185 2410 1213 2463 6
1270 2406 1524 2483 βασιλεὺς
1584 2406 1842 2473 Ἰωάννης

176 2499 509 2573 ἡρμόσατο.
581 2499 717 2574 Εἶχε
787 2500 879 2571 μὲν
944 2496 1035 2553 οὖν
1092 2498 1289 2553 ἐκεῖνον
1350 2496 1438 2551 ἐπὶ
1494 2495 1562 2569 τῇ
1620 2493 1842 2569 Ουγατρὶ

172 2587 373 2662 Ἑλένῃ
424 2583 676 2663 γαμϐρὸν
720 2588 748 2642 6
780 2586 1088 2657 δεσπότης,
1149 2589 1264 2662 εἶχε
1313 2584 1371 2641 δὲ
1414 2584 1583 2641 ἄλλον
1636 2584 1725 2639 ἐπὶ
1775 2584 1844 2655 τῇ

174 2682 357 2753 ’Ἅννῇ
388 2676 483 2733 τὸν
514 2677 782 2753 πρίγκιπα
832 2684 934 2747 τῆς
994 2676 1221 2752 Ἀχαίας
1279 2673 1643 2748 Γουλίελμον.
1693 2671 1843 2745 Πέμ-

173 2900 514 2971 opportune
547 2895 783 2965 animis,
817 2895 1023 2953 multis
1056 2894 1354 2969 praeclaris
1403 2894 1579 2952 editis
1612 2892 1840 2949 facino-

174 2988 349 3042 ribus
376 2986 437 3041 in
495 2985 770 3058 plurimis
815 2990 1020 3043 contra
1078 2986 1251 3043 italos
1294 2984 1487 3055 bellis,
1520 2982 1837 3055 imperium

174 3076 457 3148 arripuit,
491 3078 805 3131 coronatus
836 3075 909 3131 ab
942 3075 1291 3132 Achridensi
1317 3074 1563 3143 Jacobo,
1595 3076 1653 3128 et
1682 3072 1837 3127 occi-

170 3167 325 3222 duas
359 3164 699 3237 provincias
750 3164 912 3221 Italis
953 3165 1180 3221 ablatas
1240 3166 1487 3238 imperio
1549 3161 1836 3230 restituit,

170 3271 459 3327 magnam
491 3254 564 3309 iis
594 3254 772 3309 rebus
820 3254 1004 3327 gestis
1062 3254 1277 3311 famam
1329 3255 1599 3327 adeptus,
1634 3253 1828 3326 quoad

169 3346 425 3401 adversa
458 3343 771 3416 prolapsus
802 3348 958 3399 sorte
983 3347 1039 3399 et
1056 3344 1519 3416 comprehensus
1544 3345 1615 3399 ab
1638 3348 1832 3398 Asane

170 3435 442 3507 privatus
474 3438 566 3489 est
594 3432 801 3489 oculis.
824 3433 988 3488 'l‘alia
1019 3434 1262 3490 Michael
1287 3439 1483 3490 mente
1506 3434 1760 3506 agitans,
1779 3436 1837 3487 et

170 3525 231 3579 in
266 3538 491 3595 magna
521 3538 764 3578 suarum
789 3522 1001 3577 virium
1027 3522 1238 3578 ﬁducia
1262 3528 1648 3580 contemnens
1670 3522 1835 3577 inﬁr-

172 3614 445 3668 mitatem
478 3628 605 3683 qua:
638 3615 775 3667 tunc
806 3626 935 3667 esse
966 3612 1278 3669 videbatur
1316 3616 1711 3669 Romanarum
1746 3627 1835 3667 re-

173 3719 334 3772 rum,
360 3718 497 3757 cum
524 3702 682 3773 ipsos
714 3701 911 3768 Italos,
932 3702 1033 3773 qui
1066 3703 1271 3759 urbem
1298 3703 1515 3775 regiam
1535 3702 1831 3767 tenebant,

172 3792 410 3851 idoneis
432 3792 747 3848 destitutos
763 3792 947 3864 ecpiis
970 3794 1610 3862 animadverteret,rem
1628 3808 1836 3865 aggre~

173 3884 343 3940 ditur
383 3882 554 3939 valde
586 3882 835 3938 arduam
867 3887 923 3938 et
955 3883 1142 3955 ipsius
1176 3884 1541 3941 notabilitate
1572 3884 1833 3957 dignam.

174 3972 502 4030 Constituit
529 3970 801 4027 videlicet
848 3977 1182 4030 contractas
1214 3990 1391 4044 quam
1424 3978 1623 4046 posset
1654 3972 1836 4045 pluri-

174 4080 308 4119 mas
321 4061 526 4134 capias
551 4060 665 4134 ipsi
688 4061 957 4133 protinus
974 4063 1281 4119 admovere
1302 4061 1836 4134 ConstantinOpoli,

172 4168 433 4224 eamque
459 4151 730 4207 obsidere
760 4156 817 4207 et
848 4168 1137 4225 occupare
1159 4152 1376 4221 conari,
1410 4157 1537 4209 tum
1570 4153 1619 4209 si
1654 4167 1837 4225 nego-

174 4243 331 4298 tium
366 4242 728 4307 succederet,
759 4241 989 4298 efﬁcere
1021 4246 1083 4297 ut
1115 4242 1195 4298 ibi
1215 4242 1616 4299 Romanorum
1649 4242 1836 4315 impe-

178 4337 344 4388 rator
375 4330 503 4404 ipse
535 4331 1022 4403 proclamaretur.
1056 4332 1343 4389 Neninem
1377 4333 1533 4389 enim
1566 4348 1696 4389 esse
1729 4349 1838 4404 pu-

175 4423 345 4477 tabat
368 4421 468 4491 qui
494 4419 623 4493 plus
647 4421 718 4476 ad
744 4420 801 4476 id
822 4420 1164 4478 haberetvel
1184 4422 1376 4478 meriti
1395 4421 1482 4478 vel
1499 4421 1837 4478 verisimilis

181 4512 335 4583 spei,
386 4527 501 4566 non
557 4510 854 4577 Lascarin,
888 4528 1001 4567 non
1035 4511 1219 4567 alium
1252 4512 1599 4583 quemlibet,
1635 4512 1838 4584 utique

172 4615 437 4672 quorum
455 4598 599 4655 nulli
617 4598 770 4656 vires
787 4600 1138 4657 sustinendo
1162 4602 1413 4673 imperio
1432 4602 1654 4658 idonee
1674 4602 1837 4657 ades-

1950 1955 2023 2017 ὡς
2062 1954 2222 2028 ᾤετο,
2279 1956 2611 2035 προσϐαλεῖν
2658 1962 3026 2039 Θεσσαλονίκῃ
3078 1966 3166 2019 καὶ
3214 1966 3279 2020 τὰ
3328 1969 3463 2021 κατα
3508 1965 3603 2022 δύ·-

1952 2065 2032 2098 σιν
2060 2045 2425 2122 καταδραμεῖν
2467 2052 2555 2105 καὶ
2607 2052 2773 2121 αὐτῆς
2822 2052 2886 2122 δὴ
2938 2061 3260 2129 πειραθῆναι
3314 2058 3596 2113 Κωνσταν-

1949 2135 2321 2201 τινουπόλεως
2376 2138 2464 2193 ἐπὶ
2522 2145 2647 2194 νοῦν
2704 2140 2974 2219 ἔστρεφεν·
3036 2140 3284 2219 εὔκαιρον
3342 2145 3441 2221 γάρ
3510 2146 3599 2200 καὶ

1948 2223 2108 2277 τοῦτὸ
2158 2226 2209 2279 οἱ
2260 2227 2573 2296 ξυνέπιπτεν
2625 2229 2675 2299 ἐξ
2724 2229 2898 2292 αἰτίας
2936 2238 3037 2300 τῆς
3088 2232 3170 2287 ὅτι
3217 2233 3306 2287 καὶ
3349 2235 3376 2287 6
3408 2236 3601 2311 Μαιρρὶ

1949 2313 2095 2403 παρὰ
2131 2315 2332 2389 πατρὸς
2364 2314 2702 2392 Φερδερίχου
2735 2318 2807 2379 ὡς
2837 2317 3044 2393 κλῆρόν
3077 2342 3196 2375 τινα
3228 2321 3342 2397 εἶχε
3390 2323 3451 2377 τὸ
3490 2330 3595 2393 τῆς

1970 2400 2278 2472 [ἐκκλησίας
2318 2405 2657 2475 ἀποστατεῖν,
2715 2412 2775 2477 [Ρ
2813 2411 2905 2481 50]
2939 2408 3077 2464 ὥστε
3128 2413 3203 2483 μὴ
3255 2410 3398 2483 ξενον
3459 2412 3593 2467 εἶναι

1949 2492 2011 2545 τὸ
2046 2493 2351 2565 Γερμανοὺς
2382 2500 2499 2559 τοῖς
2529 2494 2581 2549 ἐν
2610 2494 2769 2551 πόλει
2806 2496 3036 2560 Ἰταλοῖς
3080 2498 3365 2574 μάχεσθαι.
3401 2502 3498 2555 Καί
3540 2523 3603 2577 γε

1953 2583 1980 2637 6
2011 2584 2240 2659 πρίγκιψ
2288 2587 2404 2639 κατ’
2460 2586 2645 2641 ἑαυτὸν
2707 2587 2771 2655 ἦν
2830 2590 2897 2642 τα
2954 2590 3077 2664 περὶ
3128 2611 3186 2645 τε
3232 2591 3332 2660 τὴν
3367 2591 3594 2666 Ἀχαίαν

1952 2678 2122 2728 πᾶσαν
2164 2674 2253 2728 καὶ
2294 2676 2386 2730 τὸν
2436 2676 2652 2753 Μορέαν
2699 2676 3288 2753 προσκεκληρωμένος.
3323 2682 3470 2738 Ἐπεὶ
3504 2681 3595 2736 οὖν

1945 2889 2066 2947 ﬁlia
2096 2891 2347 2965 dynasta
2393 2895 2583 2968 gentis
2616 2896 2934 2969 populosae,
2966 2898 3230 2971 egregias
3263 2899 3372 2956 sub
3404 2900 3596 2973 signis

1946 2980 2170 3038 habens
2202 2982 2401 3055 copias
2432 2990 2489 3040 et
2518 2984 2789 3042 militaris
2820 2987 2964 3043 artis
2993 2987 3201 3044 eximie
3234 2989 3477 3061 peritus,
3506 2990 3592 3045 vel

1947 3086 2048 3141 per
2078 3087 2139 3127 se
2172 3070 2363 3129 solum
2394 3072 2642 3130 idoneus
2672 3079 2797 3131 erat
2826 3075 3013 3132 cuivis
3042 3076 3121 3133 rei
3173 3093 3396 3151 magnae
3443 3077 3597 3135 bello

1946 3162 2239 3219 tentanda)
2268 3163 2780 3236 adjungendisque
2809 3164 3017 3221 ditioni
3042 3182 3161 3221 suas
3181 3166 3352 3223 terris
3374 3167 3447 3224 ab
3472 3167 3587 3225 alio

1947 3251 2260 3323 possessis.
2294 3252 2376 3308 Ex
2403 3268 2473 3309 ea
2502 3254 2720 3326 quippe
2750 3258 2923 3327 gente
2952 3255 3063 3311 sibi
3095 3256 3360 3328 subjecta
3385 3257 3597 3314 conﬁa-

1943 3342 2069 3396 tum
2092 3341 2411 3397 exercitum
2434 3342 2733 3411 ductabat,
2766 3359 2894 3417 quas
2926 3344 3107 3400 Graeci
3131 3344 3270 3401 olim
3284 3347 3517 3418 generis
3534 3352 3592 3404 et

1945 3430 2203 3487 nominis
2216 3430 2436 3488 Achille
2457 3431 2813 3505 imperatore
2834 3432 3107 3490 militavit
3131 3450 3144 3489 :
3164 3451 3319 3491 nunc
3336 3437 3593 3509 Megalo-

1942 3521 2222 3581 blacuitze
2251 3525 2631 3581 vocabantur.
2658 3526 2727 3581 Et
2748 3526 2876 3599 ejus
2899 3527 3130 3599 generis
3153 3528 3338 3600 copiis
3363 3530 3596 3586 succin-

1944 3615 2075 3669 ctus
2106 3617 2336 3670 tantum
2370 3619 2615 3688 poterat,
2644 3619 2709 3671 ut
2733 3632 2888 3672 unus
2912 3617 3210 3673 sufﬁceret
3232 3619 3591 3692 coercendis,

1944 3717 2015 3757 ne
2034 3700 2185 3759 ultra
2202 3703 2461 3760 Bermam
2480 3705 2992 3777 progrederemur,
3016 3705 3208 3762 tribus
3226 3708 3591 3765 adversario-

1944 3807 2075 3848 rum
2105 3793 2372 3862 ducibus,
2402 3793 2614 3851 Joanni
2646 3795 2967 3868 Palaaologo
2997 3812 3208 3869 magno
3239 3797 3584 3867 domestico,

1943 3880 2352 3956 Strategopulo
2372 3882 2569 3941 Alexio
2590 3888 2648 3941 ct
2663 3884 2870 3941 Joanni
2896 3884 3087 3953 Bauli,
3106 3902 3358 3958 quorum
3378 3903 3584 3961 quem-

1944 3988 2059 4044 que
2099 3989 2425 4030 numerosas
2481 3974 2784 4047 stipabant
2840 3974 3043 4048 copiae.
3074 3975 3179 4031 His
3237 3975 3419 4049 igitur
3448 3982 3589 4034 tunc

1944 4062 2313 4136 congregatis
2343 4064 2401 4120 in
2438 4081 2620 4120 unum
2653 4063 2931 4121 omnibus
2975 4064 3243 4138 despota,
3274 4074 3333 4123 et
3375 4066 3587 4123 iisdem

1945 4152 2191 4223 adjectis
2220 4156 2366 4226 quot
2394 4169 2463 4211 ex
2493 4153 2618 4211 suis
2658 4152 2786 4227 ipse
2833 4152 3005 4210 terris
3056 4158 3327 4227 potuerat
3356 4172 3586 4229 cogere,

1945 4244 2239 4317 cogitabat
2294 4246 2554 4318 primum
2613 4244 2854 4317 quidem
2914 4244 3037 4301 acie
3092 4244 3406 4304 decernere
3453 4264 3587 4303 cum

1945 4332 2295 4390 adversariis
2353 4333 2629 4402 ducibus,
2659 4338 2785 4391 tum
2838 4333 2933 4400 iis,
2969 4337 3034 4390 ut
3077 4336 3371 4407 sperabat,
3423 4335 3590 4392 victis

1946 4422 2183 4494 aggredi
2211 4422 2691 4480 Thessalonicam
2722 4427 2779 4479 et
2801 4423 3075 4480 occiduas
3093 4424 3359 4497 regiones
3391 4425 3591 4482 incur-

1947 4511 2210 4566 sionibus
2236 4519 2480 4581 vastare,
2507 4513 2815 4584 ipsamque
2838 4513 2981 4569 adeo
3004 4518 3231 4570 tentare
3260 4516 3592 4571 Constanti-

1947 4600 2227 4673 nopolim.
2252 4601 2429 4672 Cujus
2450 4602 2531 4657 rei
2564 4618 2848 4673 majorem
2876 4602 3131 4658 habebat
3151 4620 3217 4658 ex
3244 4619 3310 4659 eo
3343 4604 3593 4659 faculta-

173 4693 331 4746 sent.
353 4689 583 4761 Quippe
613 4705 675 4745 se
705 4694 763 4745 et
793 4689 1045 4746 nobilem
1070 4695 1129 4747 et
1154 4708 1223 4747 ex
1251 4691 1607 4764 Angelorum
1640 4695 1833 4764 gente,
1869 4684 1913 4749 D
1947 4692 2085 4756 tem,
2118 4691 2273 4761 quod
2317 4706 2451 4746 cum
2502 4691 2841 4747 Manfredus
2888 4690 3047 4747 velut
3094 4691 3527 4749 haereditariam
3560 4711 3593 4749 a

170 4777 572 4835 afﬁnitatibus
586 4780 727 4851 quin
745 4777 920 4835 etiam
937 4779 1369 4851 potentissimis
1387 4781 1839 4838 subnixum.Ge-

173 4885 357 4925 neros
382 4867 540 4924 enim
572 4867 827 4925 habebat
856 4884 925 4925 ex
952 4870 1167 4925 llelena
1188 4870 1416 4942 quieem
1441 4870 1563 4927 ﬁlia
1595 4871 1839 4927 Manfre-

173 4960 325 5015 dum
360 4955 582 5029 Apuliaa
632 4973 851 5029 regem,
885 4958 1126 5015 fratrem
1183 4964 1364 5016 Annae
1407 4960 1507 5016 88
1542 4963 1837 5033 Augustae,

174 5064 361 5121 quam
391 5046 651 5103 Joannes
674 5047 1138 5120 imperatorjam
1170 5049 1363 5106 senior
1387 5066 1623 5105 uxorem
1657 5051 1837 5106 duxe-

172 5142 291 5207 rat,
321 5153 394 5193 ex
436 5141 608 5192 Anna
666 5153 797 5193 vero
856 5136 1039 5193 altera
1096 5137 1219 5194 ﬁlia
1249 5138 1574 5210 principem
1605 5137 1837 5195 Achaiae

168 5225 565 5282 Gulielmum.
600 5226 669 5283 Et
699 5242 732 5281 a
761 5226 1063 5283 Manfredo
1096 5226 1334 5299 quidem
1370 5243 1473 5299 per
1518 5227 1731 5285 missos
1765 5227 1835 5283 ad

170 5334 314 5374 eum
350 5322 545 5373 certos
577 5316 847 5374 homines
867 5316 1283 5389 impetraverat
1308 5318 1423 5374 tria
1446 5318 1630 5374 millia
1660 5318 1837 5375 lecto-

174 5424 317 5465 rum
350 5424 421 5464 ex
472 5406 782 5463 Germanis
828 5407 1110 5479 militum,
1138 5409 1329 5464 virum
1389 5408 1651 5477 fortium,
1686 5425 1837 5481 quos

170 5497 295 5571 ipsi
328 5496 685 5553 caballarios
714 5500 960 5565 vocant;
994 5497 1318 5569 principem
1350 5513 1488 5554 vero
1533 5515 1667 5554 cum
1702 5498 1835 5553 uni-

161 5587 363 5644 versis
384 5588 515 5657 ejus
538 5586 721 5658 copiis
744 5586 969 5642 socium
984 5586 1371 5659 expeditionis
1386 5587 1458 5644 ad
1476 5604 1538 5645 se
1556 5593 1834 5645 traxerat.

174 5677 457 5733 Habebat
468 5675 787 5733 etnothum
804 5675 1290 5734 ﬁliumJoannem
1309 5693 1445 5734 cum
1465 5678 1701 5735 auxiliis
1720 5695 1835 5736 non

171 5767 635 5824 contemnendis
668 5764 869 5840 populi
887 5764 979 5825 cui
1013 5767 1837 5841 prmerat.HicductaTsronc

1946 4778 2237 4835 Friderico
2260 4784 2423 4851 patre
2446 4779 2768 4852 accepisset
2788 4781 3221 4837 contumaciam
3246 4787 3303 4838 et
3326 4783 3591 4839 rebellio-

1948 4882 2081 4923 nem
2112 4866 2171 4922 in
2203 4867 2542 4937 Ecclesium,
2563 4868 3031 4941 Germani,quos
3062 4870 3317 4943 despotae
3347 4871 3593 4927 auxilia-

1947 4958 2065 5014 rios
2112 4957 2354 5013 miserat
2383 4957 2485 5014 84
2515 4957 2687 5014 bellis
2737 4959 2901 5030 prius
2950 4958 3170 5015 Italicis
3222 4960 3590 5033 exercitatos,

1946 5046 2093 5104 nihil
2124 5064 2265 5104 sane
2295 5046 2688 5105 turbabantur
2711 5049 2781 5104 ad
2806 5048 3265 5122 prapositionem
3289 5068 3593 5123 oppugna-

1944 5137 2124 5194 tionis
2156 5137 2340 5207 urbis,
2376 5136 2593 5211 quippe
2627 5137 2698 5194 ab
2733 5138 2895 5194 Italis
2926 5138 3202 5205 defensae,
3236 5140 3328 5196 cui
3370 5142 3590 5197 dudum

1946 5228 2146 5300 generi
2196 5227 2455 5285 hostium
2504 5228 2925 5285 assuevissent.
2954 5229 3071 5286 Nec
3122 5228 3343 5287 invitus
3388 5232 3592 5288 eodem

1947 5318 2332 5375 concurrebat
2363 5317 2661 5391 princeps,
2684 5319 2855 5391 cujus
2881 5318 3087 5375 ditioni
3113 5321 3388 5392 subjecta:
3408 5321 3596 5394 regio-

1947 5425 2074 5475 nes,
2105 5408 2323 5465 Achaia
2356 5408 2637 5464 nimirum
2684 5407 2960 5465 universa
2990 5418 3043 5465 et
3074 5409 3290 5475 Morea,
3320 5411 3594 5467 viciniam

1948 5498 2227 5556 Italorum
2262 5498 2321 5553 in
2353 5498 2497 5554 urbe
2541 5497 2978 5554 dominantium
3036 5499 3451 5555 formidabant.
3485 5500 3594 5556 Ubi

1948 5605 2085 5662 ergo
2116 5604 2302 5644 unum
2334 5588 2392 5643 in
2416 5586 2607 5643 locum
2640 5590 2726 5643 tot
2758 5586 2935 5642 simul
2965 5588 3147 5660 copiae
3174 5595 3593 5658 convenerunt,

1940 5680 2186 5752 jamque
2216 5694 2345 5735 sese
2375 5678 2445 5735 ad
2474 5675 2739 5750 praelium
2768 5677 3056 5749 parabant
3078 5678 3238 5750 (nam
3262 5684 3318 5734 et
3348 5680 3460 5751 ipsi
3495 5697 3597 5751 pro

1951 5786 2014 5827 se
2045 5769 2223 5826 duces
2254 5768 2503 5835 adversi,
2536 5765 2737 5825 audito
2787 5764 3120 5825 Italicarum
3164 5772 3252 5826 tot
3294 5768 3597 5843 copiarum
