4188 6442
597 390 703 446 519

1901 392 2202 450 GEORGII
2240 393 2702 447 PACHYMERE

3901 390 4016 445 520

600 513 655 577 ἐς
690 514 884 569 ταυτὸν
929 515 981 568 αἱ
1031 512 1285 585 δυνάμεις
1332 519 1562 581 συνῆσαν
1613 514 1700 567 καὶ
1750 509 1859 582 ἤδη
1906 513 2040 588 πρὸς
2087 510 2246 567 πόλε-
2277 517 2331 582 Α
2366 511 2448 583 εἷίη
2506 514 2689 590 φάναι,
2719 513 2811 567 τὸν
2874 515 3190 590 Νικηφόρον
3225 510 3418 583 δείξας,
3474 515 3501 567 ὁ
3561 512 3692 585 ἐμὸς
3750 510 4013 589 ἀδελφὸς,

599 624 698 675 μον
750 604 1118 674 ἡτοιμάζοντο
1165 600 1312 672 (οὐδὲ
1359 601 1461 676 γὰρ
1509 599 1619 655 οὐδ’
1671 602 1722 654 οἱ
1773 602 2064 676 στρατηγοὶ
2118 619 2246 676 ηρε-

597 697 714 762 μεῖν
766 693 938 764 εἶχον,
990 691 1145 744 τόσον
1196 692 1576 762 συνηθροῖσθαι
1635 690 1696 743 τὸ
1743 688 2006 745 Ἰταλικὸν
2055 701 2246 752 πυνθα-

590 782 834 852 νόμενοι,
871 779 1014 834 ἀλλὰ
1061 780 1148 834 καὶ
1202 780 1355 833 αὐτοὶ
1412 778 1665 853 ἑτέρωθεν
1713 778 2134 852 εὐτρεπίζοντο),
2168 780 2243 840 ὡς

591 874 720 943 γοῦν
784 871 906 923 ὅσον
986 869 1137 923 οῧπω
1207 870 1659 942 ὁμαιχμήσαντες
1717 868 1771 921 οἱ
1821 872 1918 922 τοῦ
1979 864 2241 921 δεσπότου

593 955 827 1030 ἔμελλον
887 954 1248 1034 προσϐαλεῖν,
1287 960 1320 1026 ὴ
1372 958 1714 1030 μυΟευομένη
1765 958 1918 1032 Ἔρις
1976 955 2155 1026 ἐκείνη
2200 958 2233 1025 ἡ

595 1048 791 1120 μεταξὺ
852 1052 960 1102 τῶν
1004 1052 1169 1121 τριῶν
1224 1049 1448 1101 Οεαινῶν
1487 1048 1549 1102 τὸ
1613 1045 1791 1119 μῆλον
1849 1046 2045 1121 ῥιψασα
2103 1047 2238 1120 πρὸς

590 1136 920 1211 φιλονεικίαν
955 1138 1052 1205 τήν
1087 1138 1209 1212 περί
1250 1135 1514 1204 κάλλους,
1555 1135 1732 1204 ἐκείνη
1768 1136 1854 1189 καὶ
1895 1134 2113 1196 τούτοις
2142 1134 2239 1208 ἐμ-

589 1225 796 1284 πίπτει.
831 1227 934 1282 Καὶ
968 1229 1002 1295 ἡ
1038 1226 1182 1279 αἰτια
1211 1226 1359 1302 παρὰ
1393 1225 1584 1299 μικρὸν
1618 1224 1879 1301 ἐμφερής.

692 1377 798 1434 λα’.
860 1380 1054 1440 ’Ὀπως
1100 1384 1200 1447 τῆς
1233 1376 1465 1504 Ἀχιαζίῗς
1499 1378 1524 1431 ὁ
1553 1375 1783 1452 πρίγκιψ
1837 1375 2128 1448 Ῥωμαίοις

1338 1471 1395 1502 εα
1439 1473 1503 1504 ω.

1338 1471 1503 1508 εαΛω.

657 1582 878 1657 Λέγεται
911 1584 1014 1657 γὰρ
1062 1582 1189 1644 τοὺς
1241 1582 1366 1656 περὶ
1423 1582 1512 1637 τὸν
1564 1581 1831 1657 πρίγκιπα
1891 1585 2232 1655 μεγιστᾶνας,

589 1673 679 1727 οὕς
738 1672 933 1727 ἐκεῖνοι
996 1668 1405 1747 καϐαλλαρίους
1488 1671 1747 1745 λέγουσι,
1802 1670 2007 1726 τούτων
2083 1670 2234 1733 τινὰς

585 1761 1015 1838 ἐποφθαλμίζειν
1073 1763 1189 1815 κατ’
1247 1757 1450 1834 ἔρωτας
1500 1764 1568 1834 τῇ
1612 1765 1710 1815 τοῦ
1759 1761 1933 1815 Δοόκα
1980 1759 2233 1816 Ἰωάννου

589 1851 854 1924 συζύγῳ,
915 1851 979 1920 ἣν
1039 1850 1127 1904 καὶ
1201 1853 1297 1904 τοῦ
1355 1854 1582 1924 Ταρωνᾶ
1658 1849 1924 1924 θυγατέρα
1977 1851 2004 1904 ὁ
2067 1847 2233 1923 λόγος

590 1938 813 1995 ἐδείκνυ.
865 1942 1041 1996 Τοῦτο
1091 1936 1138 1994 δ’
1177 1941 1242 2008 ἦν
1283 1941 1384 2014 ἄρα
1430 1937 1509 2010 τῷ
1555 1937 1766 2009 ἐκείνης
1789 1936 1942 2012 ἆ.νὲρῖ
1994 1938 2068 1999 εἷς
2098 1958 2236 2013 προ-

587 2035 724 2106 φανῆ
775 2049 892 2082 τινα
949 2023 1101 2102 ὕϐριν
1161 2029 1251 2082 καὶ
1308 2028 1730 2104 καταφρόνησιν,
1763 2027 1852 2082 καὶ
1913 2025 1979 2096 δὴ
2043 2023 2231 2102 ὑϐριο-

585 2123 770 2181 πσθῶν
832 2117 1034 2178 ἐκεῖνος
1108 2115 1158 2170 ἐν
1220 2115 1435 2178 τούτοις
1511 2113 1656 2191 δεινρ
1722 2115 1894 2171 ἐποίει
1962 2115 2050 2170 καὶ
2113 2122 2231 2178 τοῖς

585 2202 860 2281 ὑϐρίσασιν
922 2205 1312 2278 ἀνταμῦνεσθαι
1388 2204 1746 2274 κατηπείλει.
1824 2206 1922 2260 Καὶ
1996 2201 2105 2279 ἔρις
2163 2205 2229 2274 ἦν

584 2296 964 2373 ἀμφοτέρωθεν
1043 2295 1245 2370 ἰσχυρά
1304 2295 1394 2349 καὶ
1453 2294 1530 2356 εἰς
1583 2293 1829 2367 πόλεμον
1887 2293 2230 2370 ἐκορύσσετο,

582 2386 671 2440 καὶ
749 2386 799 2438 οἳ
876 2385 949 2446 εἰς
1020 2384 1325 2458 ὁμαίχμίαν
1402 2383 1692 2454 κληθέντες
1770 2385 1885 2439 κατ’
1962 2381 2229 2454 ἀλλήλων

584 2474 919 2530 συνίσταντο.
970 2475 1101 2528 Τότε
1157 2472 1374 2547 λέγεται
1429 2473 1516 2527 καὶ
1571 2473 1730 2528 αὐτὸν
1797 2474 1890 2528 τὸν
1959 2475 2232 2550 πρίγκιπα

584 2565 792 2638 ὁρῶντα
847 2566 944 2631 τήν
1000 2562 1183 2637 μάχην
1236 2564 1590 2638 ἀγανακτεῖν,
1648 2562 1892 2626 καὶτοῖς
1950 2564 2043 2636 μὲν
2105 2584 2233 2640 σφε-

578 2653 760 2727 τέροις
823 2653 910 2725 μὼ
967 2641 1542 2726 ἔχειν’έπιπλήττειν,
1600 2657 1678 2724 τῷ
1725 2649 1783 2706 δέ
1811 2673 1871 2727 γε
1911 2653 2087 2722 Δούκᾳ
2141 2652 2231 2707 καὶ

582 2741 704 2798 λίαν
767 2742 1257 2815 ἐπιμωκησάμενον
1320 2740 1626 2816 χλευάσαι,
1675 2742 1763 2795 καὶ
1820 2742 1885 2795 τὰ
1943 2741 2017 2805 εἷς
2058 2742 2232 2817 γένος,

583 2833 656 2893 ὡς
713 2831 892 2900 νόθος,
953 2829 1079 2885 λίαα
1139 2830 1405 2904 λαμπρῶς
1457 2828 1736 2888 ὀνειδίσαι.
1798 2830 1896 2887 Καὶ
1946 2831 2020 2893 ὼς
2077 2832 2232 2895 οὗτος

576 3050 864 3103 conventu
906 3045 1064 3102 haud
1116 3046 1470 3102 cessandum
1524 3045 1658 3110 rati,
1689 3045 1761 3100 ad
1805 3061 2065 3118 pugnam
2117 3045 2232 3118 ipsi

526 3172 532 3178 -
581 3152 816 3208 quoque
859 3136 1139 3207 procincti
1173 3152 1202 3191 e
1236 3135 1470 3206 regione
1493 3136 1771 3207 stabant),
1817 3135 1917 3190 tali
1963 3137 2227 3208 inquam,

588 3225 834 3281 articulo
869 3241 1064 3304 rerum
1097 3242 1162 3279 ac
1194 3226 1496 3295 temporis,
1529 3241 1661 3280 cum
1692 3228 1919 3279 tantum
1950 3242 2064 3280 non
2107 3226 2229 3281 acie

583 3317 859 3372 instructi
880 3316 1133 3387 despotss
1151 3316 1368 3371 milites
1387 3317 1624 3388 signum
1645 3317 1951 3371 conflictus
1968 3324 2228 3387 expecta«

582 3409 732 3469 rent,
759 3403 1016 3459 medium
1040 3404 1351 3460 intervenit
1369 3404 1563 3459 simile
1581 3404 1863 3475 quiddam
1886 3405 1970 3460 illi
1991 3411 2137 3460 nota:
2158 3422 2225 3460 ex

2358 600 2418 654 σὺ
2479 599 2535 655 δὲ
2593 600 2844 672 σκότιος,
2905 603 2980 672 μὴ
3031 601 3138 676 οὐχ
3195 601 3344 662 ὅπως
3402 599 3684 674 ἐλεύθερος
3743 600 3887 656 ἀλλὰ
3926 602 4016 655 καὶ

2355 688 2551 752 δοῦλος
2596 690 2777 747 αὐτοῦ.
2835 695 3009 745 Ταῦτα
3070 693 3180 762 μετ⁷
3243 687 3556 764 ἐμϐριθείας
3607 689 3849 752 εἰπόντος
3910 695 4007 745 τοῦ

2355 784 2658 854 Ηρίγκιπος
2716 779 3013 854 Ἀχιλλεὺς
3043 782 3104 849 ἧν
3159 777 3329 842 ἄλλος
3383 779 3410 833 ὁ
3458 780 3715 849 Ἰωάννης
3756 779 4008 851 μηνίσας.

2353 867 2490 923 Τότε
2549 868 2719 930 θέλων
2782 865 2946 939 δεῖξαι
2989 867 3149 931 αὐτὸς
3187 866 3259 921 ὢν
3309 868 3370 921 τὸ
3447 874 3547 922 πᾶν
3603 872 3698 921 τοῦ
3757 872 4010 942 στρατοῦ,

2349 955 2438 1010 καὶ
2493 958 2573 1018 οἷς
2635 957 2694 1010 ἂν
2762 957 3109 1031 προσκέοιτο,
3165 956 3399 1018 ἐκείνους
3445 962 3729 1028 νικῶντας,
3786 959 4007 1030 πέμψας

2354 1042 2424 1098 δι’
2482 1045 2807 1122 ἀπορρήτων
2854 1048 3044 1108 νυκτὸς
3102 1051 3220 1107 τοῖς
3267 1051 3595 1121 στρατηγοῖς
3654 1043 4011 1118 διαμηνύεται

2353 1134 2428 1196 ὡς
2461 1134 2622 1197 αὐτὸς
2672 1136 2786 1208 μετ’
2837 1137 3015 1190 αὐτῶν
3048 1133 3196 1190 ἕσται
3244 1136 3334 1190 καὶ
3393 1135 3468 1197 ὡς
3525 1134 3841 1205 ἐπιϐήσοιτο
3893 1139 4010 1195 τοῖς

2352 1224 2466 1295 μετ’
2528 1224 2691 1278 αὐτοῦ
2750 1224 3003 1294 Ἰταλοῖς,
3067 1227 3149 1296 [Ρ.
3203 1227 3295 1296 51]
3360 1223 3518 1299 βλαξὶ
3574 1224 3664 1279 καὶ
3720 1229 4010 1298 τρυφεροῖς

2385 1311 2410 1329 τ
2633 1313 2645 1332 ν
2773 1313 2784 1332 Ι
3047 1318 3069 1328 υ
3351 1317 3377 1327 ~
3631 1313 3643 1330 \
3937 1317 3963 1326 ι-

2347 1328 2523 1381 ουσιν,
2603 1334 2647 1366 ει
2717 1335 2880 1386 μονον
2957 1313 3157 1368 έκεινον
3237 1314 3472 1390 όρφῳεν.
3528 1311 3681 1381 Ηλην
3736 1314 4005 1366 καθιστων

2345 1404 2480 1476 πρὸς
2537 1401 2775 1465 ἐκείνους
2831 1402 2957 1466 τοὺς
3010 1403 3207 1477 ὅρκους
3240 1449 3255 1474 ,
3315 1402 3382 1456 τὰ
3425 1403 3589 1456 πιστὰ
3646 1400 3827 1474 ἐτήρει
3892 1408 4011 1464 τοῖς

2345 1492 2467 1565 περὶ
2496 1492 2585 1545 τὸν
2637 1491 2843 1566 πατέρα
2895 1493 2986 1545 καὶ
3043 1493 3136 1546 τὸν
3175 1490 3338 1544 αὐτοῦ
3370 1488 3602 1565 ἀδελφὸν
3665 1490 4007 1566 Νικηφόρον,

2345 1579 2484 1634 ὥστε
2542 1575 2866 1650 ἀλωϐήτους
2937 1579 3135 1644 αὺτοὺς
3193 1577 3648 1656 διατηρήσαντας,
3705 1586 3824 1641 τοῖς
3885 1579 4005 1635 λοιο

2344 1675 2468 1730 ποῖς
2499 1666 2729 1731 Ἰταλοῖς
2760 1670 2902 1740 οὖσι,
2929 1669 3019 1724 καὶ
3073 1666 3437 1746 διαφερόντως
3484 1675 3626 1737 τοῖς,
3674 1673 3771 1724 τοῦ
3829 1669 3998 1746 Πρίγ-

2343 1779 2543 1826 κιπος,
2601 1758 2770 1830 ὁμόσε
2826 1764 3027 1833 χωρεῖν
3065 1801 3078 1814 .
3128 1759 3301 1813 Ταῦτα
3359 1759 3697 1831 συνθεμένων
3756 1757 4004 1825 ἐκείνων,

2342 1849 2429 1902 καὶ
2492 1844 2936 1920 ἀνταλλαξάντων
2969 1846 3044 1910 εἷς
3073 1846 3199 1909 τοὺς
3232 1849 3430 1921 ἀρκους
3479 1849 3545 1902 τὰ
3595 1847 3715 1924 ἱερὰ
3764 1847 4007 1921 περιάμ-

2349 1957 2510 2008 ματα,
2569 1935 2932 2012 συρρήγνυται
2991 1935 3143 2011 μάχη
3210 1935 3438 2012 μεγίστη
3493 1936 3641 2000 ἒνθεν
3710 1937 3802 2009 μὲν
3863 1938 4006 1992 Ῥω-

2349 2025 2530 2096 μαίοις
2577 2024 2668 2079 σὺν
2733 2023 2963 2098 Πέρσαις
3026 2025 3115 2079 καὶ
3170 2025 3424 2096 Σκυθικῷ
3476 2023 3742 2096 πλείστῳ,
3801 2023 4002 2088 ἐκεῖθεν

2343 2111 2400 2181 δὲ
2470 2119 2586 2176 τοῖς
2654 2118 2752 2169 τοῦ
2831 2115 3134 2190 Πρίγκιπος
3183 2113 3439 2176 Ἰταλοῖς·
3497 2116 3590 2170 τὸν
3642 2114 3743 2190 γὰρ
3794 2115 4004 2189 πατέρα

2340 2203 2428 2258 καὶ
2459 2201 2690 2280 ἀδελφὸν
2749 2204 2840 2257 σὺν
2898 2208 3016 2265 τοῖς
3073 2203 3198 2278 περὶ
3257 2202 3492 2267 ἐκείνους
3549 2225 3700 2281 σφισι
3730 2203 3798 2258 τὰ
3853 2201 4006 2257 δεινᾶ

2340 2293 2612 2355 ἐπισείσας
2679 2293 2987 2369 ἆποναρκᾷν
3059 2293 3197 2368 πρὸς
3245 2294 3344 2363 τήν
3400 2293 3586 2368 μάχην
3656 2291 3851 2362 ἐποίει,
3910 2291 4004 2348 καὶ

2342 2381 2448 2458 οὐχ
2479 2384 2626 2444 ὅπως
2651 2383 2743 2438 τὸν
2768 2381 3011 2456 πόλεμον
3058 2377 3483 2454 ἀναϐάλλεσθαι,
3540 2380 3690 2438 ἀλλά
3745 2381 3835 2437 καὶ
3896 2382 4006 2436 ὑπὸ

2339 2469 2481 2526 πόδα
2539 2472 2868 2546 ἀναχωρεῖν,
2902 2471 3064 2533 αὐτὸς
3098 2468 3156 2526 δὲ
3187 2473 3323 2526 κατὰ
3376 2472 3554 2527 νώτου
3586 2477 3701 2533 τοῖς
3761 2468 4000 2533 Ἰταλοῖς

2339 2566 2858 2638 προσεπιτιθέμενος
2921 2561 3070 2616 δεινὰ
3125 2561 3296 2617 ἐποίει
3333 2604 3346 2618 .
3407 2563 3510 2619 Καὶ
3569 2561 3692 2617 τότε
3749 2556 3997 2636 ἔγνωσαν

2341 2651 2544 2708 Ἰταλοὶ
2596 2649 3054 2728 παραδεδομένοι,
3116 2652 3204 2706 καὶ
3269 2649 3694 2725 ἀπεδίδρασκον.
3756 2651 3834 2709 Οὐ
3887 2653 4000 2723 μὴν

2343 2739 2399 2797 δὲ
2455 2742 2545 2796 καὶ
2601 2743 2692 2797 τὸν
2739 2739 2982 2796 κίνδυνον
3050 2741 3398 2819 ὑπεξέφυγον,
3458 2741 3604 2797 ἀλλὰ
3653 2739 3863 2796 πολλοὶ
3911 2745 3998 2813 τῷ

2345 2835 2595 2903 Σκυθικῷ
2671 2830 3028 2907 στρατεύματι
3112 2827 3780 2906 συγκαταλαμϐανόμενοι,
3866 2851 4004 2906 συχ-

2341 3045 2422 3102 ait
2454 3045 2731 3117 Princeps
2760 3062 2897 3103 voce
2923 3047 3176 3115 sublata,
3200 3047 3369 3103 oculo
3401 3063 3537 3102 eum
3565 3049 3998 3118 comtemptore

2342 3135 2564 3206 ﬁgens:
2601 3158 2628 3183 ‹‹
2659 3135 2744 3190 Tu
2777 3136 2934 3191 enim
2966 3136 3208 3208 spurius
3235 3153 3339 3192 nec
3383 3135 3534 3192 liber
3583 3135 3873 3204 tenebrio,
3905 3137 4004 3192 vix

2347 3241 2413 3279 eo
2437 3226 2572 3294 jure
2605 3225 2830 3296 aspires
2880 3230 2944 3280 ut
2982 3242 3187 3282 servus
3239 3226 3342 3280 sis.
3380 3247 3407 3274 υ
3440 3225 3542 3280 His
3592 3225 3786 3280 verbis
3837 3225 3999 3281 haud

2338 3313 2540 3368 mitius
2573 3330 2749 3384 quam
2777 3313 2874 3369 ille
2901 3320 3072 3370 vetus
3106 3314 3566 3387 Agamemnonis
3589 3314 3866 3369 conviciis
3892 3331 3998 3370 no-

2335 3418 2442 3457 vus
2466 3401 2721 3458 Achilles
2746 3405 3005 3458 Joannes
3036 3403 3386 3470 concitatus,
3404 3404 3463 3458 in
3484 3403 3627 3458 iram
3656 3418 3772 3458 non
3794 3403 3997 3458 minus

583 3493 798 3548 fabulis
829 3494 1303 3563 discordiaque:
1335 3492 1488 3548 inter
1518 3494 1657 3548 deas
1689 3498 1807 3550 tres
1827 3494 2048 3550 malum
2081 3512 2226 3567 pras-
2260 3477 2301 3542 C
2341 3508 2661 3547 memorem
2694 3496 2751 3547 et
2797 3493 2951 3548 exitu
3004 3493 3237 3549 noxiam
3285 3491 3613 3548 excanduit.
3647 3497 3898 3563 Moxque
3931 3498 3997 3548 ut

585 3583 798 3638 stantis
823 3584 1020 3638 forma:
1046 3582 1354 3654 praemium
1371 3581 1598 3653 jaciens
1624 3583 1844 3655 tragica
1863 3601 1962 3640 eas
1985 3583 2224 3640 aemula-

578 3672 795 3727 latione
827 3672 1126 3727 conmisit.
1163 3672 1258 3727 Sic
1289 3671 1443 3726 enim
1469 3676 1524 3725 et
1552 3689 1706 3727 nunc
1725 3673 1986 3729 foederati
2007 3673 2226 3745 princi-

579 3777 681 3832 pes
712 3761 857 3829 rixa,
891 3760 985 3815 hic
1019 3776 1248 3832 quoque
1280 3777 1394 3816 non
1423 3761 1700 3816 dissimili
1738 3780 1807 3818 ex
1857 3781 2035 3821 causa
2066 3770 2223 3831 nata,

576 3849 843 3905 distracti
876 3850 948 3905 ab
980 3849 1231 3905 invicem
1266 3855 1404 3905 sunt
1436 3849 1685 3906 discidio
1721 3855 1972 3910 funesto.

685 3984 772 4040 31.
812 3985 876 4040 Ut
907 3983 1130 4040 Achaiae
1157 3983 1410 4056 princeps
1438 3991 1630 4055 captus
1660 4002 1692 4040 a
1738 3987 1993 4042 Romanis
2023 3990 2115 4043 sit.

647 4100 823 4154 Aiunt
853 4100 1010 4154 enim
1044 4100 1327 4171 quosdam
1352 4116 1380 4155 e
1404 4100 1683 4156 comitatu
1706 4102 1996 4175 Principis
2023 4119 2228 4175 proce-

576 4206 690 4254 res,
716 4205 863 4259 quos
882 4187 1230 4243 eaballarios
1252 4187 1334 4243 illi
1351 4190 2225 4262 vocant,cupiditatisadjecisse

574 4278 774 4333 oculos
806 4277 864 4332 in
899 4278 1066 4333 ducis
1096 4277 1340 4333 Joannis
1389 4280 1723 4350 conjugem,
1756 4297 1933 4352 quam
1990 4286 2225 4337 Taronae

573 4367 758 4422 fuisse
791 4367 970 4420 ﬁliam
995 4365 1276 4434 diximus,
1299 4367 1357 4422 in
1390 4368 1766 4425 manifestam
1801 4370 1908 4425 viri
1941 4371 2070 4440 ejus
2087 4388 2224 4427 con-

573 4444 882 4512 tumeliam
902 4463 956 4510 et
975 4456 1279 4526 praesentis
1300 4463 1700 4529 contemptum
1723 4479 1736 4528 ;
1757 4461 1927 4531 cujus
1950 4460 2049 4516 ille
2070 4461 2222 4516 haud

576 4545 964 4601 dissimulans
985 4545 1238 4601 dolerem
1265 4546 1612 4616 gravissime
1633 4557 1876 4619 questus
1900 4555 2010 4615 est,
2034 4551 2225 4605 mina-

575 4640 673 4690 tus
709 4635 884 4689 etiam
935 4650 1170 4705 gravem
1236 4634 1516 4691 ultionem
1573 4637 1911 4692 auctoribus
1974 4639 2222 4711 injuriae,

577 4723 791 4794 quibus
824 4724 894 4778 ad
925 4740 993 4779 ea
1024 4724 1275 4794 superbe
1299 4727 1786 4796 responsantibus
1810 4733 2105 4784 certamen
2131 4746 2224 4785 ac-

2334 3582 2764 3636 demonstraret
2795 3581 3152 3653 praecipuam
3185 3597 3248 3637 se
3278 3585 3506 3653 partem
3547 3579 3760 3637 harum
3794 3580 3991 3652 copia-

2336 3686 2466 3724 rum
2497 3685 2646 3739 esse,
2683 3686 2749 3726 ac
2781 3687 3134 3742 quocunque
3167 3671 3512 3726 inclinasset
3561 3686 3760 3726 secum
3811 3670 3995 3726 victo-

2335 3759 2482 3814 riam
2516 3763 2871 3825 tracturum,
2905 3760 3104 3816 missis
3155 3760 3384 3816 arcanis
3436 3763 3613 3815 noctu
3666 3758 3877 3814 litteris
3913 3761 3991 3814 ad

2333 3851 2512 3904 duces
2543 3848 2804 3904 hostium
2837 3849 3133 3920 signiﬁcat
3162 3866 3224 3906 se
3258 3865 3394 3904 cum
3426 3848 3574 3920 ipsis
3606 3848 3747 3919 fore,
3781 3853 3839 3903 et
3869 3847 3991 3903 im-

2334 3942 2534 4009 petum
2565 3954 2700 3993 eum
2733 3937 2858 3993 suis
2893 3938 3183 3994 facturum
3216 3939 3276 3993 in
3305 3937 3611 3994 Italiorum
3658 3936 3992 3993 multitudi-

2335 4042 2469 4081 nem
2491 4025 2761 4081 mollium
2783 4025 3256 4098 imbelliumque,
3278 4026 3327 4082 si
3351 4041 3448 4082 eos
3472 4025 3557 4081 illi
3585 4025 3988 4082 adorirentur.

2333 4116 2494 4171 Cavit
2525 4121 2749 4185 tamen,
2773 4120 2972 4171 exacto
3004 4116 3062 4170 in
3099 4115 3155 4170 id
3189 4117 3259 4172 ab
3284 4115 3800 4187 eisjurejurando,
3831 4115 3989 4186 patri

2334 4221 2443 4260 suo
2474 4205 2732 4281 despotae
2762 4221 2827 4260 ac
2861 4204 3024 4260 fratri
3056 4204 3406 4275 Nicephoro,
3439 4208 3507 4260 ut
3550 4203 3694 4260 salvi
3742 4209 3994 4273 uterque

2331 4293 2676 4364 innoxiique
2707 4292 3163 4348 dimitterentur.
3195 4299 3262 4349 In
3283 4293 3539 4365 reliquos
3572 4292 3770 4361 Italos,
3805 4295 3997 4348 maxi-

2334 4399 2544 4453 meque
2570 4381 2629 4436 in
2660 4381 2877 4438 milites
2907 4381 3220 4454 Principis,
3242 4382 3404 4437 omni
3428 4382 3484 4436 vi
3503 4381 3640 4438 belli
3664 4383 3994 4438 seviratur.

2335 4471 2437 4527 His
2469 4471 2622 4526 inter
2653 4487 2752 4526 eos
2785 4471 3108 4542 conventis,
3141 4475 3200 4526 et
3239 4472 3472 4527 ﬁrmata
3515 4470 3793 4542 utrinque
3828 4472 3999 4541 jure-

2326 4561 2586 4632 jurando
2617 4560 2730 4615 ﬁde
2761 4577 2865 4632 per
2892 4561 3412 4616 commutationem
3445 4577 3749 4617 sacrorum
3777 4560 4005 4617 amule-

2333 4654 2551 4717 torum,
2586 4653 2750 4705 atrox
2783 4665 2979 4722 pugna
3009 4650 3422 4719 committitur,
3453 4649 3586 4705 hinc
3616 4649 3852 4720 quidem
3887 4653 4002 4705 Ro-

2336 4740 2528 4794 manis
2588 4755 2722 4794 cum
2773 4739 2968 4795 Persis
3011 4744 3069 4794 et
3123 4740 3472 4811 Scytharum
3541 4755 3721 4793 manu
3781 4755 4006 4810 magna

577 4830 819 4868 censum
835 4818 919 4868 est
939 4817 1256 4884 utrumque
1273 4814 1610 4885 vehemens,
1629 4816 1844 4887 irznque
1865 4817 2223 4887 ignescentes

2340 4826 2723 4895 irruentibus,
2756 4828 3057 4884 stantibus
3088 4833 3292 4884 contra
3323 4827 3508 4895 Italis,
3540 4828 3642 4898 qui
3687 4827 3796 4882 sub
3828 4826 4006 4883 Prin-

577 4905 635 4957 in
661 4902 879 4957 bellum
900 4902 1330 4958 internecivum
1355 4904 1899 4975 intlammabantur,
1925 4906 2073 4963 mira
2100 4908 2226 4964 bre-

577 4993 664 5048 vis
695 4993 1156 5048 commutatione
1186 4994 1491 5061 momenti,
1516 4995 1697 5066 utqui
1720 4995 1894 5067 paulo
1922 5001 2056 5053 ante
2079 4999 2220 5054 socii

576 5098 949 5138 communem
984 5083 1169 5138 aciem
1204 5088 1406 5138 contra
1436 5083 1636 5140 hostes
1664 5101 1731 5140 ex
1762 5086 2006 5143 adverso
2038 5087 2222 5143 intru-

575 5177 698 5228 ctos
730 5172 1085 5240 conﬂabant,
1122 5188 1182 5228 se
1217 5173 1464 5228 invicem
1499 5173 1696 5230 infesti
1742 5179 2024 5246 peterent.
2059 5178 2223 5234 Tune

574 5261 899 5332 principem
925 5261 1046 5316 haec
1071 5267 1405 5317 cernentem
1431 5263 1628 5318 ferunt
1652 5263 2018 5336 indignatum
2042 5269 2227 5338 gravi-

572 5354 660 5404 ter
675 5367 814 5406 suos
829 5351 1066 5422 quidem
1094 5351 1405 5424 objurgare
1430 5369 1543 5407 non
1571 5354 1948 5425 sustinuisse,
1968 5356 2066 5413 85
2088 5358 2223 5414 duci

571 5445 770 5495 autem
805 5447 869 5495 ut
899 5442 1194 5496 tumultus
1226 5441 1446 5498 auctori
1499 5448 1860 5513 succentem,
1899 5463 2034 5501 eum
2090 5465 2224 5505 con-

568 5530 880 5586 tumeliose
911 5530 1264 5602 appellasse,
1297 5533 1646 5604 exprobralo
1684 5533 1861 5590 etiam
1896 5535 2228 5594 luculenter

572 5635 638 5675 ac
660 5620 854 5691 palam
881 5621 1161 5677 dedecore
1186 5621 1498 5678 natalium.
1518 5624 1662 5679 Cum
1684 5623 1842 5679 enim
1865 5624 1917 5681 is
1939 5626 2224 5699 Nicepho-

574 5725 702 5764 rum
727 5710 1045 5767 ostendens
1070 5710 1298 5766 «frater
1320 5727 1484 5770 meus
1508 5735 1536 5761 ››
1558 5710 1822 5784 dixisset,
1850 5745 1914 5755 —
1936 5716 2222 5790 «Apage,»

2334 4917 2462 4989 cipe
2497 4917 2821 4973 merebant.
2850 4917 2997 4976 Nam
3031 4917 3180 4990 patri
3204 4922 3261 4973 et
3292 4917 3456 4973 fratri
3478 4918 3732 4972 Joannes
3750 4933 4004 4988 persua-

2340 5011 2517 5076 serat,
2547 5022 2719 5078 grave
2764 5007 2824 5061 ni
2877 5007 3136 5064 facerent
3182 5006 3512 5079 periculum
3554 5007 3882 5072 intentans,
3933 5015 4010 5064 ut.

2336 5114 2449 5153 non
2482 5101 2715 5152 tantum
2748 5096 3115 5153 abstinerent
3158 5113 3378 5170 pugna,
3412 5097 3514 5152 sed
3560 5096 3766 5169 pedem
3816 5096 4004 5154 etiam

2335 5186 2618 5242 referrent
2648 5191 2824 5257 atque
2851 5186 2906 5241 in
2949 5193 3142 5243 tutum
3177 5203 3239 5242 se
3272 5185 3616 5258 reciperent.
3655 5188 3785 5258 Ipse
3816 5203 4005 5259 porro

2335 5292 2367 5330 a
2398 5281 2560 5346 tergo
2594 5275 2770 5332 Italos
2804 5277 3047 5332 adortus
3069 5292 3347 5349 magnam
3369 5291 3573 5331 eorum
3606 5280 3865 5347 stragem
3891 5277 4007 5332 de-

2336 5365 2440 5420 dit.
2475 5365 2627 5420 Tum
2683 5366 2920 5422 demum
2953 5382 3081 5422 sese
3140 5364 3270 5421 Itali
3332 5364 3595 5433 proditos
3641 5372 4006 5433 senserunt;

2337 5454 2660 5526 sparsique
2686 5454 2743 5510 in
2761 5454 2955 5527 fugam
2978 5455 3199 5526 passim
3218 5469 3322 5510 nec
3343 5453 3424 5508 sic
3441 5453 3543 5509 86
3561 5453 3894 5526 periculum
3917 5455 4016 5511 fu-

2338 5547 2553 5615 gerunt
2609 5544 2987 5600 circumventi
3033 5563 3065 5600 a
3124 5542 3415 5615 Scythicis
3473 5543 3732 5600 maxime
3790 5545 4014 5616 copiis,

2341 5649 2594 5705 quarum
2628 5633 2999 5690 creberrimis
3032 5633 3242 5690 conﬁxi
3268 5632 3489 5705 jaculis
3513 5633 3822 5701 cadebant,
3844 5633 3943 5690 alii
3973 5655 4016 5693 ει

2340 5721 2532 5780 Persis
2594 5723 3001 5796 capiebantur.
3038 5723 3167 5798 Ipse
3217 5722 3289 5780 ad
3340 5727 3666 5780 extremum
3721 5724 4010 5797 Princeps
