4188 6442
217 362 314 416 521

1293 355 1386 407 ΟΒ
1424 351 1789 407 HICHABLB
1827 350 2272 408 ΡΔωοιοϐο
2308 354 2439 408 LIB.
2484 359 2528 410 ι.

3507 361 3613 415 522

210 490 321 545 νοῖς
370 486 487 541 τοῖς
546 478 752 540 ὀῖστοῖς
804 475 1230 551 τιτρωσκόμενοι
1289 470 1538 543 ἔπιπτον,
1570 469 1740 526 ἄλλοι
1791 468 1848 523 ὀὶ
1877 473 1930 540 Α
1962 467 2052 530 δας
2083 471 2297 527 πίπτειν
2335 475 2552 547 βασιλεῖ
2579 497 2638 552 γε
2680 474 2793 533 ὄντι
2851 479 3062 554 τελείῳ.
3092 482 3156 539 El
3217 479 3273 536 δὲ
3323 481 3604 556 βούλοιτο,

210 576 320 631 τοῖς
356 571 588 644 Πέρσαις
645 565 962 635 ἡλίσκοντο.
995 563 1101 619 Καὶ
1158 560 1317 622 τελος
1369 560 1531 622 αὐτὸς
1561 560 1588 613 ὁ
1619 559 1853 632 πρίγκιψ
1963 559 2052 613 καὶ
2079 557 2248 636 λύτρα
2279 559 2486 618 διδόναι
2523 565 2654 641 ὑπὲρ
2687 566 2849 623 αὐτοῦ
2897 570 2969 623 ὧν
3028 569 3144 645 ἔχει
3195 569 3264 624 τὰ
3314 568 3609 637 κάλλιστα,

212 662 400 730 θάμνῳ
456 656 563 710 τινῖ
619 651 908 728 παρεισδὺς
962 652 1162 714 ἐκεῖθεν
1222 649 1431 726 ὲθάῥρει
1492 647 1697 714 λαθεῖν,
1729 644 1856 700 ἀλλ’

211 749 310 802 οὐκ
366 745 499 815 ἤνυε
547 745 611 798 τὸ
667 743 916 816 παράπαν
952 759 964 771 ·
1017 740 1328 802 ἰπιστάντες
1382 739 1486 813 γὰρ
1552 735 1640 790 καὶ
1698 735 1859 789 αὐτὸν

212 836 421 897 ἀκλεῶς
452 835 645 908 ᾕρουν.
680 833 779 887 Καὶ
829 831 971 905 μέγα
998 850 1048 884 τι
1107 827 1314 884 ἀκονιτὶ
1362 826 1415 882 ὲν
1471 829 1637 897 στενῷ
1664 823 1860 898 κατόρ-

210 928 371 996 θωμα
414 924 527 978 τότ’
559 920 870 995 ἐπράττετο,
905 918 956 973 ἐν
1018 916 1190 993 ὀλίγῳ
1246 916 1396 988 πόνῳ
1436 911 1624 984 κέρδος
1680 933 1859 967 νεανι-

208 1013 322 1068 κόν.
357 1015 490 1067 Τότε
543 1011 722 1065 τοίνυν
776 1011 841 1064 τὰ
899 1006 1178 1081 Θαυμαστὰ
1225 1006 1316 1059 καὶ
1360 1003 1573 1078 μεγάλα
1604 1003 1656 1057 οἱ
1699 1021 1858 1074 στρα-

207 1102 375 1175 τηγοὶ
427 1100 844 1173 ἀπενεγκάμενοι
907 1096 1139 1172 λάφυρα,
1172 1093 1252 1170 ἐφ’
1287 1096 1367 1153 οἷς
1427 1091 1515 1146 καὶ
1573 1089 1730 1144 αὐτὸν
1793 1085 1858 1156 δὴ

208 1192 299 1244 τὸν
360 1192 457 1257 τῆς
516 1185 738 1261 Ἀχαίας
825 1184 1111 1259 πρίγκιπα,
1168 1183 1249 1236 ἄπ’
1309 1178 1572 1248 ἀνατολὴν
1652 1177 1863 1248 σύναμα

205 1281 292 1332 καὶ
324 1283 406 1349 τῷ
446 1276 569 1351 περὶ
603 1274 798 1336 αὐτοὺς
831 1272 1188 1348 στρατεύματι
1242 1268 1505 1339 ἤλαυνον,
1537 1267 1861 1343 κατοχυρώ-

213 1387 398 1421 σαντες
450 1367 525 1426 ὡς
584 1365 699 1419 οἷόν
774 1383 833 1417 τε
889 1361 1151 1437 πρότερον
1205 1361 1292 1413 καὶ
1350 1357 1473 1419 τοὺς
1530 1359 1666 1411 κατὰ
1713 1354 1860 1409 δύσιν

212 1458 439 1521 τόπους,
518 1454 591 1514 ὡς
664 1452 752 1506 ἐπὶ
837 1449 1089 1505 πλεῖστον
1151 1445 1536 1525 φυλάττοιντο.
1593 1447 1681 1506 Ὠς
1733 1448 1860 1518 γοῦν

210 1544 486 1612 ἆπανῆκον
551 1541 683 1614 μετὰ
741 1539 1009 1613 λαμπρῶν
1068 1544 1175 1592 τῶν
1225 1533 1862 1611 τροπαίων,κατειλήιρει

216 1634 310 1704 μὶν
375 1633 467 1686 καὶ
527 1628 602 1686 ἔτι
659 1631 686 1683 ὁ
747 1627 1238 1703 Στρατηγόπουλος
1297 1624 1348 1679 ἐν
1381 1622 1743 1679 ἀκαταστασία
1799 1620 1866 1675 τὰ

211 1720 530 1795 πράγματα,
562 1719 661 1773 οὐκ
691 1717 848 1791 ὀλίγα
904 1714 960 1770 δὲ
990 1715 1078 1770 καὶ
1139 1714 1296 1776 αύτὸς
1355 1718 1434 1785 τῷ
1495 1708 1866 1783 Παλαιολὸγῳ

1965 647 2068 702 ari
2103 651 2179 721 μή
2208 671 2270 726 γε
2297 651 2398 706 ἆνά
2422 659 2612 729 χεῖρας
2657 658 2684 726 ἢ
2740 656 2900 719 πόλις
2958 653 3154 731 ἔκειτο,
3213 659 3310 714 ούκ
3366 658 3425 713 ἃν
3485 660 3605 730 ἠξί-

1969 758 2108 792 ωντο
2166 744 2283 803 τοῖς
2330 741 2622 815 Ῥωμαίοις
2682 750 2779 800 τοῦ
2839 745 3074 819 μηδενός
3102 766 3116 780 ⁸
3150 750 3233 821 [Ρ.
3290 751 3383 821 52]
3419 752 3510 803 νῦν
3554 747 3612 817 δι

1967 825 2056 879 καὶ
2105 823 2290 882 λαϐεῖν
2346 827 2595 902 ἀσμένως
2646 834 2915 889 πιστεύειν
2980 837 3069 890 καὶ
3126 834 3354 911 ἔχοντας
3412 837 3612 896 ἱκανῶς

1973 913 2386 988 μεγαλύνεσθαι.
2448 920 2507 977 Ὀ
2592 922 2687 993 μὶν
2757 923 2983 998 πρίγκιψ
3063 929 3250 994 ταῦτα,
3301 925 3464 996 ἀξιῶν
3523 926 3613 979 καὶ

1971 1001 2168 1066 δοῦλος
2201 1003 2255 1066 ἐς
2315 1007 2394 1061 ἀεὶ
2454 1007 2752 1078 κεκλῆσθαι
2808 1011 2898 1066 καί
2955 1033 3006 1067 τι
3070 1019 3299 1085 σημεῖον
3361 1009 3506 1087 ἔχειν
3560 1012 3619 1067 ἐκ

1975 1090 2251 1165 βασιλείας
2281 1097 2376 1163 τῆς
2410 1093 2659 1160 δουλείας
2715 1096 2994 1173 σύμϐολον
3032 1122 3043 1134 ·
3079 1102 3106 1155 ὀ
3140 1098 3196 1156 δέ
3245 1122 3304 1174 γε
3365 1100 3621 1175 βασιλεὺς

1970 1179 2200 1245 ἀκούσας
2260 1184 2354 1254 μὲν
2413 1186 2501 1238 καὶ
2558 1187 2624 1241 τὶ
2676 1186 2845 1262 λύτρα
2902 1190 2989 1244 καὶ
3027 1187 3272 1265 διαγνοὺς
3299 1190 3457 1243 ἱκανὰ
3486 1189 3610 1259 (πό-

1974 1268 2086 1331 λεις
2144 1273 2242 1346 γὰρ
2301 1269 2480 1328 ἐδίδου
2535 1274 2624 1329 καὶ
2677 1277 2866 1352 χώρας
2950 1279 3259 1354 ἀπόμοιραν
3317 1279 3506 1332 ἑαυτοῦ
3561 1278 3614 1332 ἐν

1973 1356 2376 1434 Πελοποννήσῳ
2405 1364 2592 1426 ἱκανὰς
2622 1363 2697 1426 εἲς
2746 1363 3060 1428 δεσποτείας
3119 1367 3380 1440 σέμνωμα
3440 1368 3623 1440 μέγαν,

1974 1448 2291 1526 ἀποϐλὲψας
2351 1451 2406 1508 δὶ
2461 1457 2549 1509 καὶ
2609 1457 2744 1531 πρὸς
2799 1458 2898 1526 τήν
2959 1457 3224 1513 είσίπειτα
3251 1462 3348 1513 τοῦ
3393 1457 3624 1513 Λατίνου

1975 1539 2247 1609 δουλείαν,
2301 1541 2374 1603 ὡς
2435 1541 2668 1607 ἐντεῦθεν
2727 1545 2814 1599 καὶ
2879 1544 3268 1622 μεγαλύνεσοαι
3323 1547 3449 1607 τοὺς
3491 1549 3625 1603 Ῥω-

1979 1629 2170 1703 μαίους
2223 1629 2311 1683 καί
2369 1651 2431 1705 γε
2489 1629 2806 1705 κερδαίνειν,
2838 1628 2974 1707 ἔγνω
3027 1634 3337 1689 σπείσασθαι
3395 1634 3460 1688 τὰ
3490 1635 3625 1707 πρὸς

1973 1723 2190 1774 τοῦτον.
2253 1719 2373 1775 Ἐπὶ
2437 1719 2626 1794 ῥητοῖς
2665 1723 2796 1797 γοῦν
2848 1718 3104 1778 ἐκϐἄλλει
3160 1724 3352 1778 τοῦτόν
3408 1743 3465 1777 τε
3519 1727 3622 1788 τῆς

215 1810 518 1884 συναίρεται
573 1814 673 1876 τῆς
729 1805 971 1880 ὀρέξεως.
1033 1804 1134 1859 Τὸν
1204 1802 1381 1874 μέντοι
1460 1821 1523 1876 γε
1603 1805 2222 1904 πριγκιπαΒφυλακῆς
2308 1805 2398 1860 καὶ
2472 1811 2580 1862 τῶν
2658 1809 2792 1886 ἀμφ’
2850 1810 3012 1866 αὐτὸν
3089 1809 3206 1865 ὅσοι
3257 1817 3518 1885 περιῆσαν
3571 1813 3624 1865 ἐν

215 1901 354 1954 κατα
411 1897 474 1952 τδ
532 1896 809 1973 παρεστὼς
868 1895 962 1966 μὶν
1019 1893 1142 1948 τότε
1196 1897 1264 1964 τῇ
1294 1889 1510 1968 φυλακῇ
1570 1887 1815 1945 ἐδίδοσαν
1849 1909 1860 1918 ·

219 1990 510 2062 μετέπειτα
566 1984 624 2041 δὲ
670 1983 917 2055 ἁλούσης
959 1989 1058 2052 τῆς
1109 1980 1324 2043 πόλεως
1369 1980 1462 2051 (ὡς
1495 1979 1554 2034 ἃν
1606 1980 1722 2033 καθ’
1754 1977 1862 2052 είρ·

219 2082 318 2154 μὸν
351 2077 446 2132 καὶ
475 2080 642 2131 ταῦτα
671 2074 860 2152 ῥηθείη
894 2075 982 2128 καὶ
1017 2073 1094 2146 μὴ
1125 2071 1186 2126 τὸ
1232 2077 1331 2140 τῆς
1382 2066 1689 2143 διηγήσεως
1739 2088 1864 2122 συν-

1979 1893 2246 1968 φυλακαῖς
2287 1896 2971 1973 προσταλαιπωρούμενοι²
3003 1904 3138 1973 τιμᾷ
3186 1897 3243 1954 δὲ
3289 1900 3378 1954 καὶ
3430 1897 3633 1969 δεξιοῦ-

1973 2004 2059 2037 ται
2090 1987 2209 2044 τοῖς
2239 1983 2526 2056 πρέπουσι,
2549 1985 2638 2040 καὶ
2669 1985 2842 2050 οὕτως
2897 1989 3071 2060 δαυτῷ
3131 1987 3425 2043 οἰκειοῦται
3485 1988 3592 2042 ὥστ

1973 2073 2062 2126 καὶ
2120 2070 2394 2149 ἆνᾶδοχον
2446 2073 2605 2129 αὐτὸν
2680 2085 3011 2148 καταστῆσαι
3092 2075 3286 2139 παιδὸς
3370 2075 3512 2132 ίδίου
3570 2076 3628 2132 ὶκ

218 2169 342 2242 ex}:
406 2161 780 2232 διακόπτοντα,
837 2162 882 2218 εἶ
958 2161 1047 2216 καὶ
1105 2161 1379 2231 ξυνέπεσεν
1459 2157 1709 2244 ὕστερον)
1767 2163 1865 2225 τῆς
1971 2165 2069 2217 τοῦ
2126 2163 2280 2235 ἁγίου
2367 2163 2743 2238 βαπτίσματος
2825 2164 2964 2222 κατᾶ
3040 2187 3160 2222 τινα
3241 2165 3625 2244 πληροφορίαν

216 2258 344 2332 γοῦν
408 2254 624 2315 πόλεως
670 2251 933 2324 ἀλούσης,
974 2250 1115 2305 ἐτοῖν
1161 2245 1632 2322 παραδραμόντων
1691 2242 1863 2312 δυοῖν,

219 2348 246 2400 ὁ
295 2346 390 2419 μὶν
447 2342 683 2419 πρίγκιψ
729 2342 820 2396 τὸν
871 2333 1102 2412 σοϐαρὸν
1153 2338 1356 2412 αὒχὲνα
1404 2335 1588 2397 κλίνας
1637 2338 1714 2405 τῷ
1771 2334 1867 2408 βας

218 2434 364 2490 σιλεῖ
393 2433 486 2488 καὶ
546 2433 664 2504 ἄρτι
713 2427 1198 2506 πρῶτον-βλᾶπειν
1248 2426 1451 2480 ἐκεῖνον
1508 2426 1708 2479 ἄνακτα
1735 2424 1870 2477 Ῥω-

221 2523 414 2598 μανίας
449 2518 635 2590 ἔλεγεν
688 2516 1096 2592 ὶπειλημμένον
1153 2517 1229 2579 ὡς
1284 2514 1456 2592 ἐχρῆν
1507 2517 1604 2569 τοῦ
1654 2512 1870 2588 θρόνου,

218 2615 303 2669 καί
338 2634 404 2688 γε
453 2611 642 2666 ὶαυτόν
687 2609 889 2673 πείθειν
947 2604 1436 2668 καθυποκλίνεσθαι
1494 2602 1583 2659 καὶ
1642 2602 1718 2664 είς
1773 2600 1873 2655 πό-

221 2795 445 2852 saltum
470 2794 773 2866 ingressus
804 2789 1064 2846 arbustis
1085 2788 1336 2844 densum
1367 2786 1448 2842 ibi
1481 2788 1638 2841 tutas
1669 2801 1731 2841 se
1787 2783 1880 2839 in-

218 2888 538 2939 venturum
571 2879 823 2936 latebras
855 2878 1129 2950 sperabat
1159 2877 1416 2932 frustra:
1453 2890 1578 2930 ram
1616 2874 1880 2930 detectus

219 2971 472 3044 inglorie
501 2973 710 3043 captus
740 2972 796 3024 et
826 2969 951 3040 ipse
979 2971 1088 3023 est.
1149 2970 1356 3037 Magna
1382 2969 1522 3020 tunc
1579 2979 1672 3020 res
1722 2963 1879 3019 brevi

219 3065 524 3117 momento
555 3075 622 3114 ac
644 3057 811 3114 facile
829 3061 1082 3129 peracta,
1098 3056 1407 3126 exiguique
1428 3052 1647 3109 laboris
1671 3051 1880 3123 ingens

1979 2249 2255 2325 μεγίστην.
2319 2251 2609 2316 Συνὲθεντό
2658 2275 2716 2309 τε
2775 2257 2910 2328 μετὰ
2982 2260 3148 2310 ταῦτα
3224 2255 3352 2321 τοὺς
3423 2255 3619 2329 ὅρκους

1977 2337 2262 2415 φρικτοὺς,
2321 2339 2395 2402 ὡς
2474 2341 2692 2415 Αὲγουσί
2772 2363 2934 2411 τινες,
2992 2343 3132 2412 ὥστε
3186 2345 3274 2398 καὶ
3333 2342 3626 2421 φρύκτωρα

1978 2424 2279 2499 ἀνάψαντας
2313 2429 2425 2500 ἅμα
2471 2434 2586 2490 τοῖς
2643 2427 2919 2505 λεχθεῖσιν
2965 2430 3041 2494 εἷς
3098 2431 3291 2507 ὅρκους
3347 2431 3436 2487 καὶ
3496 2432 3627 2507 ἀρὰς

1978 2516 2073 2576 τὰς
2122 2513 2599 2589 παλαμναιοτᾶτας
2650 2513 2844 2589 σϐῆναι
2902 2527 3152 2591 ποιῆσαι,
3196 2521 3225 2576 ’ὀ
3283 2518 3349 2590 δὴ
3406 2521 3495 2576 καὶ
3553 2521 3630 2584 εἷς

1984 2600 2220 2680 ἀσφαλὲς
2271 2610 2390 2668 τοῖς
2449 2603 2678 2668 Ἰταλοῖς
2724 2609 2831 2663 τῶν
2873 2611 2998 2683 παρ’
3033 2607 3256 2670 ἰκεὶνοις
3310 2608 3630 2687 ἆιρορισμῶν

1988 2801 2056 2841 ea
2075 2785 2322 2842 libenter
2352 2801 2687 2860 accepuros,
2721 2791 2940 2845 etcum
2981 2789 3317 2858 habuerint,
3367 2806 3481 2846 non
3532 2805 3633 2861 pa-

1990 2891 2120 2930 rum
2151 2874 2287 2931 inde
2317 2876 2567 2933 crevisse
2596 2893 2766 2933 suam
2795 2877 3265 2950 magnitudinem
3326 2894 3628 2935 sensuros.

1989 2964 2254 3020 Addebat
2282 2981 2396 3022 non
2431 2981 2700 3022 recusare
2725 2983 2807 3034 se,
2841 2967 2980 3039 quin
3012 2966 3187 3023 etiam
3220 2966 3373 3023 ultro
3399 2981 3631 3038 cupere,

1992 3052 2205 3124 subjici
2239 3053 2595 3127 imperatori,
2621 3059 2678 3111 et
2698 3055 2983 3112 clientelas
3023 3071 3171 3112 nexu
3219 3060 3510 3129 perpetuis
3572 3073 3634 3112 se

218 3167 327 3206 nec
386 3148 786 3221 prudentibus
837 3144 1130 3218 sperabile
1167 3143 1418 3216 pretium
1450 3140 1732 3198 constitit.
1756 3141 1877 3197 Sub
1909 3159 1952 3228 ρ
1993 3159 2286 3214 suumque
2316 3143 2709 3216 principatum
2740 3145 2792 3200 ei
2823 3144 3082 3218 obligare
3114 3166 3128 3216 ;
3165 3145 3419 3217 veIquus
3452 3146 3631 3217 hujus

219 3240 343 3296 haec
375 3236 628 3294 Romani
661 3237 840 3292 duces
871 3232 1202 3291 incredibili
1233 3232 1557 3305 spoliorum
1588 3231 1642 3286 vi
1683 3229 1876 3301 ditati,

219 3328 517 3401 captivum
551 3325 784 3380 Achaiae
814 3322 1139 3397 principem
1165 3322 1446 3378 ducentes
1469 3335 1600 3375 cum
1623 3319 1879 3375 exercitu

218 3418 279 3473 in
317 3416 618 3473 Orientem
652 3417 1036 3481 reverterunt,
1082 3409 1331 3467 munitis
1381 3408 1546 3482 prius
1592 3413 1881 3480 quantum

217 3507 310 3562 fas
347 3506 460 3561 tuil
492 3508 549 3561 et
581 3518 822 3559 necesse
851 3502 1042 3557 visum
1074 3504 1184 3567 est,
1237 3503 1302 3555 ut
1332 3514 1507 3570 quam
1550 3497 1884 3552 diutissime

225 3614 442 3654 secure
471 3597 835 3662 tenerentur,
867 3590 1106 3648 Occidui
1137 3589 1342 3645 limitis
1372 3587 1536 3644 locis.
1565 3587 1764 3642 Redux
1788 3603 1886 3641 au-

219 3693 346 3742 tem
381 3689 517 3759 post
540 3684 642 3740 illa
660 3681 972 3754 splendida
999 3688 1218 3751 tropaea
1264 3675 1710 3750 Strategopulus
1750 3691 1884 3730 cum

223 3775 411 3832 sociis
446 3790 542 3830 res
573 3773 1036 3843 haudquaquam
1065 3767 1258 3825 adhuc
1282 3767 1339 3822 in
1372 3766 1506 3822 aula
1538 3765 1767 3838 quietas
1798 3780 1888 3820 re-

213 3866 399 3938 perit,
429 3881 498 3920 ac
522 3863 889 3936 perstudiose
919 3857 1239 3930 Palaeologo
1273 3858 1472 3912 favens
1504 3854 1758 3910 multum
1815 3853 1885 3909 ad

222 3958 361 4026 ejus
395 3958 676 4009 votorum
709 3950 981 4008 eii'ectum
1015 3947 1282 4004 contulit.
1325 3948 1395 4001 At
1427 3946 1751 4018 principem
1785 3960 1885 4000 cu-

224 4045 444 4101 stodiae
479 4048 607 4098 tum
638 4041 876 4114 quidem
907 4037 1296 4094 tradiderunt.
1332 4035 1538 4091 Postea
1566 4050 1699 4090 vero
1719 4037 1890 4105 capta

217 4135 469 4191 civitate
499 4132 618 4205 (hic
649 4130 808 4187 enim
839 4130 1010 4200 juvat
1039 4143 1132 4182 res
1181 4124 1464 4198 principis
1493 4123 1723 4180 Achaia:
1773 4139 1890 4178 una

212 4223 406 4282 simul
441 4221 596 4277 serie
654 4220 870 4290 dicere,
901 4233 974 4274 ne
1005 4216 1054 4273 i
1086 4216 1211 4272 suis
1271 4214 1530 4286 quidque
1596 4211 1889 4285 posterius

214 4317 471 4386 gestum
506 4307 873 4382 temporibus
903 4309 1186 4372 servetur,
1231 4302 1604 4359 incommode
1644 4301 1891 4374 abrupta

213 4403 346 4459 hiet
379 4399 678 4470 narratio)
698 4397 952 4470 quando,
986 4395 1252 4467 inquam,
1281 4392 1424 4449 urbs
1454 4389 1779 4447 aRomanis
1810 4406 1894 4445 re-

210 4497 394 4565 cepta
458 4493 577 4556 est,
610 4487 781 4543 annis
829 4489 961 4558 post
1011 4483 1134 4539 hcc
1164 4482 1415 4546 duobus,
1469 4479 1625 4536 ﬂexit
1652 4479 1892 4535 tandem

211 4581 557 4655 superbam
591 4576 876 4633 cervicem
911 4589 981 4630 ea
1027 4587 1271 4629 suorum
1328 4568 1670 4627 Latinorum
1728 4567 1893 4624 clade

210 4673 451 4727 fractus
489 4666 733 4724 animus
784 4663 1091 4738 principis,
1123 4669 1179 4718 et
1203 4665 1344 4717 tunc
1396 4659 1653 4732 primum
1712 4674 1892 4731 agno-

212 4777 381 4817 scere
411 4757 536 4815 sibi
570 4755 731 4812 visus
762 4755 825 4810 in
857 4751 1137 4809 Michaele
1165 4765 1362 4806 veram
1377 4748 1632 4820 speciem
1670 4763 1734 4804 ac
1769 4763 1892 4803 ma-

203 4852 509 4923 jestatem
590 4841 986 4923 imperatoris,
1031 4857 1164 4897 cum
1213 4837 1514 4896 Romanis;
1569 4837 1894 4909 principem

215 4912 392 5009 dixit,
437 4912 730 4994 eumdem
760 4912 1061 5006 professus
1091 4933 1182 4986 est
1213 4929 1322 4984 rite
1351 4944 1417 4983 ac
1447 4925 1706 4998 legitime
1737 4925 1903 4981 thro-

216 5047 365 5086 num
403 5037 767 5097 occupasse.
801 5019 1061 5091 Denique
1084 5016 1396 5074 afflrmavit
1425 5015 1623 5086 sejam
1661 5015 1901 5070 minime

217 5118 662 5174 dubitaturum
683 5111 988 5184 procidere
1019 5109 1090 5164 ad
1112 5109 1288 5180 pedes
1313 5104 1645 5177 ejus,eiqus
1667 5120 1729 5160 se
1761 5104 1903 5160 sub-

210 5211 400 5282 jicere
436 5209 514 5263 ut
535 5205 712 5274 justo
741 5197 1103 5273 imperatori,
1151 5198 1211 5252 in
1244 5212 1358 5268 quo
1388 5193 1636 5282 Augusti
1686 5191 1905 5264 fastigii

217 5279 416 5356 totum
443 5295 652 5350 instar
682 5294 856 5347 esset.
886 5287 980 5343 87
1015 5287 1295 5342 Praeterea
1327 5284 1377 5340 si
1404 5279 1640 5339 tractari
1687 5281 1760 5337 de
1799 5298 1910 5338 sua

219 5386 603 5446 liberatione
663 5378 858 5449 vellet,
917 5375 1108 5450 pretia
1152 5373 1443 5431 libertatis
1483 5371 1535 5426 ei
1575 5369 1905 5427 soluturum

224 5493 354 5549 qua
389 5475 660 5534 haberet
687 5469 932 5542 optima.
970 5467 1100 5522 Haec
1133 5471 1433 5536 utcunque
1464 5461 1732 5532 Romani,
1801 5479 1908 5517 an-

224 5575 480 5642 tequam
520 5561 741 5619 urbem
773 5559 831 5613 in
887 5557 1163 5633 manibus
1214 5555 1498 5611 haberent
1537 5555 1911 5608 contemnere

1990 3233 2372 3304 subjectionis
2402 3234 2638 3306 signum
2662 3252 2728 3291 ac
2758 3235 3092 3308 symbolum
3133 3252 3362 3293 sumere
3395 3236 3634 3292 titulum

1992 3321 2167 3377 officii
2185 3321 2258 3376 ab
2287 3338 2353 3378 eo
2393 3323 2674 3395 impositi.
2698 3323 2802 3380 His
2822 3323 3140 3396 imperator
3160 3325 3399 3392 auditis,
3433 3330 3490 3381 et
3511 3341 3640 3396 pro-

1991 3411 2125 3466 bat:
2151 3411 2334 3483 pretio
2364 3428 2558 3467 rerum
2589 3413 2648 3468 in
2679 3413 3140 3485 redemptionem
3160 3414 3454 3471 libertatis
3479 3413 3637 3470 obla-

1991 3503 2187 3555 tarum
2219 3516 2251 3554 a
2283 3500 2546 3572 principe
2574 3503 2765 3570 (erant
2793 3501 2880 3557 his
2901 3502 3080 3558 urbes
3109 3507 3166 3558 et
3195 3503 3486 3575 regiones,
3508 3519 3640 3575 pars

1993 3601 2109 3641 non
2140 3585 2370 3641 modica
2389 3587 2752 3658 principatus
2781 3589 2909 3658 eius
2928 3587 2986 3644 in
3010 3588 3429 3662 Peloponneso,
3455 3605 3641 3662 quan-

1993 3679 2114 3731 tam
2149 3676 2250 3748 qui
2283 3677 2610 3748 possideret
2639 3679 2848 3735 merito
2871 3679 3020 3735 ferre
3049 3679 3286 3736 titulum
3345 3697 3411 3737 ac
3462 3680 3642 3736 susti-

1996 3781 2133 3822 nere
2163 3765 2504 3838 dignitatem
2536 3768 2791 3840 despota
2816 3769 3057 3841 posset),
3086 3771 3265 3825 simul
3297 3770 3471 3827 etiam
3505 3786 3643 3826 con-

1995 3855 2251 3912 siderato
2282 3872 2456 3927 quem
2489 3856 2752 3930 amplum
2787 3856 2870 3912 illi
2901 3863 3055 3915 esset
3072 3863 3302 3915 tantum
3337 3858 3641 3915 interLati-

1997 3960 2102 4001 nos
2133 3945 2440 4018 dynastam
2476 3945 2745 4002 clientem
2774 3947 2833 4003 in
2868 3952 3164 4019 posterum
3214 3965 3279 4004 ac
3338 3948 3640 4004 subditum

1997 4033 2233 4106 habere,
2268 4034 2424 4090 unde
2451 4039 2510 4091 et
2541 4036 2720 4094 decus
2752 4037 3028 4093 Romanae
3061 4037 3141 4094 rei
3175 4043 3233 4095 et
3262 4037 3493 4094 lucrum
3545 4054 3643 4094 ac-

1999 4127 2304 4194 cresceret,
2338 4124 2626 4196 optimum
2661 4126 2834 4182 lactu'
2858 4126 3153 4197 judicavit
3197 4127 3461 4200 accipere
3513 4143 3647 4199 quas

1998 4211 2413 4281 offerebantur,
2446 4218 2503 4269 et
2533 4214 2722 4272 foedus
2746 4214 2998 4272 ostensis
3013 4216 3452 4272 conditionibus
3474 4217 3645 4273 icere.

2000 4299 2193 4357 Pactis
2224 4301 2408 4374 igitur
2437 4303 2764 4360 secundum
2797 4304 2953 4360 dicta
2982 4303 3171 4372 initis,
3199 4304 3398 4361 educit
3427 4305 3651 4378 princi-

2001 4404 2132 4461 pem
2173 4404 2203 4445 e
2234 4406 2486 4460 carcere,
2518 4395 2576 4448 et
2626 4397 2916 4465 quotquot
2957 4409 3026 4450 ex
3082 4394 3211 4466 ejus
3263 4392 3654 4450 familiaribus

2010 4479 2390 4552 susperstites
2422 4485 2563 4537 sunt
2584 4483 2794 4554 reperti
2822 4500 2836 4539 :
2869 4499 3006 4539 nam
3066 4483 3300 4555 aliquos
3359 4483 3652 4541 diuturnae

2003 4569 2281 4624 custodia
2297 4569 2546 4626 miseria:
2562 4571 2768 4628 absum
2777 4571 3476 4645 pserant.Honoravitquc
3490 4573 3657 4629 illum

2002 4662 2061 4714 et
2092 4657 2397 4729 splendide
2428 4660 2723 4729 tractavit,
2750 4665 2816 4717 ut
2846 4661 3125 4718 decebat:
3159 4666 3509 4734 tantumque
3545 4660 3660 4719 sibi

2004 4747 2282 4815 admovit,
2311 4751 2376 4804 ut
2400 4748 2619 4821 suscipi
2663 4749 2735 4805 ab
2763 4766 2828 4807 eo
2850 4767 2918 4807 ex
2949 4766 3116 4807 sacro
3146 4750 3499 4824 baptismate
3528 4767 3663 4824 pro-

2007 4838 2202 4912 prium
2229 4836 2438 4894 Filium
2469 4837 2642 4895 vellet
2669 4839 2730 4894 in
2759 4841 2994 4913 signum
3028 4845 3086 4897 et
3135 4840 3352 4914 pignus
3409 4841 3662 4899 certissi-

2023 4943 2188 4982 mum
2221 4927 2611 4984 reconciliata:
2639 4928 2754 4985 fide
2805 4929 3032 5002 optima
3073 4930 3293 5002 gratim.
3353 4929 3662 4986 Celebrata

2012 5016 2220 5073 deinde
2249 5018 2557 5073 conventio
2589 5021 2679 5074 est
2707 5026 2911 5075 mutuo
2930 5019 3663 5091 jurejurando,‘horriﬁcis

2014 5106 2216 5175 etiam,
2249 5109 2314 5160 ut
2343 5105 2530 5175 aiunt,
2559 5106 2840 5181 utrinque
2871 5108 3098 5165 sancito
3128 5107 3341 5164 ritibus
3366 5125 3380 5164 :
3414 5125 3543 5164 nam
3572 5109 3668 5164 fu-

2017 5193 2147 5253 nale
2177 5212 2490 5254 accensum
2524 5199 2921 5271 praeferentes,
2955 5199 3054 5255 ubi
3084 5215 3256 5256 suum
3288 5200 3542 5271 quisque
3571 5216 3670 5256 ca-

2018 5288 2144 5358 put,
2177 5285 2227 5341 si
2259 5302 2292 5341 a
2315 5290 2483 5358 pacto
2511 5286 2947 5356 resiliret,diris
2975 5305 3152 5360 quam
3186 5291 3441 5345 maxime
3471 5289 3675 5344 formi-

2019 5373 2239 5431 dolosis
2279 5376 2691 5446 devovit,illud
2723 5378 3166 5446 exstinxerunt;
3200 5377 3532 5450 cujusmodi
3564 5393 3673 5433 cis-

2021 5465 2283 5520 remonia
2300 5469 2508 5536 putant
2538 5467 3181 5524 Italiexsecrationibus
3196 5485 3299 5524 seu
3339 5483 3677 5524 excommu-

2023 5553 2420 5611 nicationibus
2440 5572 2598 5612 more
2617 5557 2880 5630 ipsorum
2904 5557 3003 5614 88
3029 5558 3088 5613 in
3122 5557 3680 5630 quospiamintortis

225 5641 374 5716 forte
413 5652 793 5731 potuissent,
828 5663 981 5703 nunc
1017 5652 1213 5702 tamen
1245 5643 1536 5701 confidere
1588 5656 1650 5696 se
1700 5649 1751 5696 et
1782 5641 1913 5698 illos
2026 5643 2427 5701 efﬁcacitatem
2444 5645 2849 5704 etfirmitatem
2884 5647 3124 5720 adjungi
3158 5646 3681 5704 maximam.Porro

579 5769 843 5828 PATltOL.
893 5764 1000 5825 Gs.
1050 5761 1304 5825 CXLIII.

3279 5769 3351 5826 17
