4188 6442
627 379 733 434 523
1655 448 1661 454 ο
1924 379 2222 436 GEORGII
2262 380 2720 442 pscarum
3904 382 4003 441 524

622 501 883 559 τελεῖται.
915 506 1080 559 Ἦσαν
1145 499 1199 554 δέ.
1258 521 1432 577 σφισιν
1489 503 1542 554 αἱ
1601 500 1889 572 συνθεσίαι,
1923 503 1957 570 ἦ
2005 504 2110 576 μὴν
2170 502 2258 556 τὸν
2291 506 2346 575 Α
2380 503 2662 575 μετέπειτα
2689 516 2932 583 συνεχεῖς
2963 510 3050 565 καὶ
3086 509 3311 586 μεγάλοι
3346 510 3490 587 σφίσι
3534 512 3637 566 ,καὶ
3689 510 4008 582 ἀμφοτέροις

629 593 721 664 μὲν
781 591 1052 668 πρίγκιπα
1109 589 1403 662 Ῥωμαίοις
1483 587 1664 644 δοῦναι
1743 590 1830 642 καὶ
1925 589 2140 664 βασιλεῖ
2215 589 2266 661 ἐξ
2374 591 2706 670 ἀνερρώγασι
2739 597 2998 670 πόλεμοι.
3034 600 3128 654 Καὶ
3160 599 3325 654 ταῦτα
3377 599 3471 671 μὶν
3523 598 3810 673 ἐπράττετο
3864 595 4008 670 τῇδε.

625 680 794 749 αὐτῆς
873 683 1164 754 κατασχεῖν
1237 677 1309 739 εἲς
1395 675 1704 733 δεσποτείαν
1784 679 2131 758 ἀναφαίρετον
2204 680 2271 733 τά

626 770 762 823 κατά
821 766 1234 838 Πελοπόννησον
1319 770 1508 841 ταῦτα,
1565 763 1972 840 Μονεμϐασίαν,
2031 766 2271 839 Μαίνην,
2379 761 2484 838 λβ’,
2546 768 2730 829 ’Ὀπως
2791 769 2816 823 6
2878 767 3112 860 Μιχαὴλ
3165 767 3462 860 *δεσπότης
3529 774 3648 839 νικᾷ
3723 767 4014 839 Ῥωμαίους

630 859 887 933 Ἰεράκιον
971 858 1256 930 Μυζηθρᾶν
1317 855 1628 927 (Ἀνάπλιον
1703 854 1759 910 δὲ
1825 858 1914 910 καὶ
1975 861 2171 933 ’Ἄργος
2219 858 2268 911 ἐν
2923 842 3011 894 καὶ
3045 842 3186 916 αἱρεῖ
3216 842 3478 917 Καίσαρα.

628 941 966 1022 ἀμφιϐόλοις
1023 942 1209 1018 ἐτίθει)
1254 944 1340 999 καὶ
1399 945 1510 1019 ἅμα
1568 950 1669 998 πᾶν
1723 947 1784 999 τὸ
1843 946 1963 1021 περὶ
2014 947 2111 1014 τὴν
2145 948 2270 1003 Κιν-
2451 954 2511 1010 '0
2548 954 2730 1025 μέντοι
2766 953 3031 1027 δεσπότης
3061 958 3290 1031 Μιχαὴλ
3322 961 3414 1013 νῦν
3450 958 3546 1029 μὶν
3598 956 3688 1012 καὶ
3739 955 3845 1014 ἀπὸ
3899 955 4024 1011 τού-

629 1035 849 1109 στέρναν
882 1033 1021 1108 θέμα
1056 1031 1203 1088 πολύ
1233 1054 1292 1111 γι
1321 1033 1378 1088 ’ὃν
1409 1035 1470 1088 τὸ
1506 1039 1680 1109 μῆκος
1712 1034 1800 1088 καὶ
1830 1031 2065 1096 πολλοῖς
2111 1035 2271 1110 βρύον
2381 1063 2487 1095 των
2540 1041 2825 1107 κολουθείς
2879 1052 2980 1114 τῆς
3029 1043 3306 1118 δυνάμεως
3359 1046 3612 1118 (πλείστῃ
3669 1045 3770 1120 γὰρ
3828 1045 4024 1118 ἐχρᾶτο

630 1129 747 1189 τοῖς
803 1124 1049 1199 ἀγαθοῖς,
1080 1123 1170 1178 καί
1229 1143 1290 1196 γε
1347 1122 1504 1179 αὐτὸν
1555 1122 1606 1185 ἐς
1637 1123 1717 1178 ἀεὶ
1752 1121 1945 1179 δοῦλον
1979 1123 2274 1194 κεκλῆσθαι
2382 1131 2470 1184 καὶ
2522 1131 2667 1205 παρὰ
2713 1136 2810 1186 τοῦ
2858 1140 2956 1202 τῆς
2986 1132 3212 1208 Ἀχαΐας
3243 1135 3540 1208 “pprme
3572 1139 3640 1207 τῇ
3693 1133 4024 1205 συμμαχίᾳ),

633 1212 916 1286 Ῥωμαίων
997 1212 1086 1267 καιἶ
1165 1211 1455 1287 βασιλέως,
1529 1213 1616 1267 καὶ
1704 1212 1957 1288 ὄφφίκιον
2038 1212 2272 1277 ἐντεῦθεν
2386 1216 2461 1272 ἔτι
2518 1217 2574 1274 δὲ
2628 1222 2718 1275 καὶ
2771 1223 2918 1294 παρά
2972 1226 3079 1277 τῶν
3114 1225 3250 1300 ἀμφὶ
3284 1224 3376 1277 τὸν
3406 1223 3528 1279 τότε
3558 1218 4027 1296 σεϐαστοκράτορα

635 1303 709 1364 εἰς
759 1301 1008 1364 δουλείας
1069 1308 1296 1376 σημεῖον
1348 1303 1779 1380 ἀποφερόμενον,
1811 1305 1900 1358 τὸν
1953 1301 2008 1357 δὲ
2065 1324 2125 1378 γε
2183 1304 2276 1376 βα·
2387 1307 2644 1377 Ἰωάννην
2693 1310 2783 1362 τὸν
2844 1309 3225 1383 ΠαΛαιολόγον
3288 1313 3400 1383 μεθ’
3451 1310 3671 1386 ὕστερον
3722 1312 3790 1366 τά
3844 1309 4033 1364 πολλά

635 1391 790 1446 σιλὲα
845 1391 1174 1466 σεμνύναντα
1201 1395 1396 1446 τοῦτον
1441 1395 1520 1463 τῷ
1570 1396 1669 1446 τοῦ
1725 1392 1964 1468 μεγάλου
2014 1392 2279 1465 ἀξιώματι
2385 1398 2675 1469 κακωθεὶς,
2708 1398 2780 1458 ὡς
2814 1398 2903 1452 καὶ
2948 1399 3000 1453 ἐν
3048 1404 3218 1472 στενῷ
3275 1407 3601 1469 καταστῆναι
3649 1400 3875 1471 πάμπαν
3925 1401 4031 1452 τῶν

635 1477 961 1553 δομεστίκου
1017 1480 1152 1552 μετᾶ
1224 1486 1393 1554 τιμῆς
1472 1477 1793 1534 ἀποστεῖλαι
1880 1480 2089 1552 σύναμα
2165 1485 2280 1571 τοῖς
2386 1506 2442 1540 τε
2486 1490 2687 1560 χωρῶν
2737 1486 2826 1541 καὶ
2883 1487 3083 1557 ταύτης
3137 1494 3236 1557 τῆς
3290 1495 3683 1563 στρατιωτικῆς
3739 1485 4035 1558 δυνάμεως,

633 1571 723 1647 ἀφ’
781 1569 963 1644 αὐτὸν,
1021 1567 1138 1623 ὅσοι
1205 1570 1294 1624 καὶ
1352 1568 1629 1644 περιόντες
1690 1570 1847 1638 ἦσαν,
1908 1570 2003 1623 Καὶ
2065 1567 2130 1637 δὴ
2193 1567 2280 1623 ἐπί
2388 1574 2606 1645 πέμψας
2652 1574 2786 1646 πρὸς
2833 1577 3023 1651 Mapng
3069 1576 3160 1630 τὸν
3209 1584 3308 1645 τῆς
3360 1577 3599 1639 Πουλίας
3649 1576 3788 1651 ῥῆγα
3843 1575 3929 1630 καί
3984 1577 4036 1648 γ’

632 1657 850 1720 τούτοις
880 1658 1181 1736 γεγονότων
1211 1655 1455 1714 σπονδῶν
1507 1659 1667 1714 αὐτὸν
1722 1659 1814 1731 μὲν
1859 1657 2156 1713 ἀπέστελλε
2188 1658 2278 1712 σὺν
2391 1660 2476 1715 ἰπὶ
2533 1663 2751 1737 θυγατρὶ
2813 1658 3058 1736 γαμϐρὸν
3119 1665 3443 1731 saturei"),va
3501 1664 3763 1733 πλείστην
3821 1685 4041 1735 συμμα-

634 1753 821 1822 τιμαῖς
855 1746 1207 1825 πρεπούσαις,
1239 1747 1368 1808 τοὺς
1403 1743 1458 1800 δέ
1488 1767 1547 1823 γε
1597 1738 1940 1820 ληψομένους
1995 1748 2060 1800 τὰ
2114 1746 2283 1821 λύτρα
2392 1747 2515 1822 χίαν
2552 1743 2756 1820 λαϐὼν,
2790 1747 3127 1822 παραδίδωσι
3159 1752 3254 1815 τάς
3285 1749 3537 1825 δυνάμεις
3592 1754 3673 1824 τῷ
3721 1753 3822 1823 υἱῷ
3878 1751 4042 1806 αὐτοῦ

636 1836 1101 1936 ⁴προσεπετιόμφει.
1136 1837 1346 1936 Καίιγε
1391 1837 1418 1889 6
1473 1834 1701 1910 πρίγχιψ
1751 1837 1816 1936 τέά
1868 1834 1978 1891 ἴδια
2008 1837 2282 1908 κατελάμ-
2315 1870 2363 1936 Β
2394 1838 2692 1910 Νικηφόρῳ
2736 1837 3137 1912 συμπράττοντι
3198 1841 3445 1912 κάκείνῳ,
3482 1842 3541 1903 ὃς
3598 1842 3688 1896 καὶ
3746 1835 4040 1912 συμϐαλὼν

637 1924 781 1997 Save,
814 1927 1041 2005 πρίγκιψ
1098 1924 1331 2000 Ἀχαίας
1388 1927 1473 1979 καὶ
1540 1927 1707 2000 μὲγας
1767 1923 2086 1999 δομὲστικος
2146 1929 2284 1984 Ῥω·
2316 1923 2361 1936 ”
2397 1926 2516 1999 περὶ
2547 1927 2646 1993 τὴν
2674 1927 3014 2003 Τρικόρφυον
3041 1934 3158 1990 τοῖς
3189 1930 3328 2005 ἀμφὶ
3349 1930 3442 1983 τὸν
3471 1929 3830 2004 Καίσαρα,καὶ
3856 1931 4044 2004 μάχην

639 2017 829 2088 μανίας
910 2014 1404 2094 ἐπιφημιζόμενος,
1481 2015 1567 2068 καὶ
1653 2016 1766 2089 ἅμα
1839 2014 1918 2086 τῷ
2004 2016 2286 2083 ιέπιστῆναι
2403 2012 2661 2088 συρῥάξας
2687 2011 3181 2086 δεινὴν,πλείστους
3212 2038 3271 2073 τε
3290 2023 3468 2073 πεσεῖν
3502 2023 3609 2074 τῶν
3642 2017 3879 2076 Νικαέων
3907 2038 4046 2091 παρ-

639 2103 806 2179 μηδὶν
839 2104 1122 2180 μελλήσας
1152 2101 1410 2159 ἀπεδίδου
1436 2103 1501 2158 τά
1559 2103 1731 2180 λύτρα
1783 2104 1854 2164 ὡς
1912 2106 2290 2180 προϋπέσχετο
2405 2103 2672 2173 εσκεύασε,
2704 2103 2992 2168 πλείστους
3024 2127 3081 2161 τε
3106 2105 3194 2161 καὶ
3221 2105 3426 2170 ἄλλους
3473 2107 3565 2169 οὓς
3619 2108 3712 2180 μὶν
3764 2106 4048 2183 φονεύσας,

635 2196 746 2251 Κᾶν
803 2194 1038 2267 ἐνέμεινε
1094 2193 1181 2247 xci
1238 2192 1291 2256 ἐς
1342 2192 1501 2255 τέλος
1560 2191 1866 2258 ἐνσπόνδως
1935 2190 2080 2270 ἔχων
2155 2195 2290 2269 πρὸς
2404 2191 2495 2254 οὓς
2529 2189 2585 2247 δὲ
2610 2193 2886 2269 περισχὼν
2912 2195 3000 2249 καὶ
3033 2195 3190 2251 αὐτὸν
3225 2195 3367 2268 αἰρεῖ
3391 2195 3659 2270 Καίσαρα.
3699 2197 3786 2258 Ὠς
3820 2193 3865 2252 δ’
3895 2194 4050 2258 αὖθις

634 2285 942 2359 Ῥωμαίους
1001 2287 1081 2356 τῷ
1136 2290 1237 2354 τῆς
1285 2281 1563 2357 Ῥωμαίος
1621 2279 1979 2355 κλεϊζόμενος
2029 2281 2291 2359 όφφικίῳ,
2403 2278 2647 2336 σπονδῶν
2699 2285 3008 2356 γενομένων
3067 2283 3279 2357 ἐλύετο,
3306 2286 3430 2340 τότε
3491 2288 3585 2358 μὶν
3634 2287 3703 2340 τά
3759 2287 3891 2342 κατά
3947 2287 4057 2352 τήν

638 2373 682 2429 εἰ
719 2375 795 2449 μή
851 2393 910 2450 γε
942 2373 970 2426 6
1000 2373 1222 2434 πάππας
1279 2371 1533 2442 ἀκούσας,
1567 2371 1916 2447 παροξυνθεὶς
1975 2374 2060 2427 καὶ
2123 2377 2290 2427 ταῦτα
2399 2370 2562 2425 πόλιν
2614 2373 2971 2447 συμπράττει,
3021 2372 3144 2445 περὶ
3203 2375 3275 2428 ὧν
3318 2373 3509 2429 αὐτίκα
3541 2373 3861 2448 ῥηθήσεται,
3893 2373 4058 2428 ὕστε-

642 2463 780 2538 πρὸς
837 2465 933 2517 τοῦ
981 2461 1289 2538 ῥηγὸς,καὶ
1349 2462 1512 2517 αὐτοῦ
1570 2482 1629 2534 γε
1686 2459 2137 2536 προσδραμόντος
2197 2461 2286 2515 καὶ
2401 2481 2493 2534 ρον
2528 2457 2756 2526 δἀὗθις
2788 2467 2905 2524 τοῖς
2948 2459 3185 2525 δυτικοῖς
3244 2461 3331 2517 καὶ
3390 2458 3759 2535 προσϐάλλων
3819 2464 4059 2537 αἱρεῖται

642 2550 1008 2612 ἱκετεύσαντος
1037 2549 1136 2629 (οὐκ
1181 2551 1282 2627 γάρ
1339 2549 1415 2612 εἷς
1474 2556 1720 2606 συνοῖσον
1772 2546 1943 2605 ἐδόκει
1979 2551 2030 2603 οἳ
2079 2550 2139 2604 τὸ
2199 2547 2288 2603 διὰ
2399 2548 2561 2604 πάλιν
2597 2551 2683 2603 καὶ
2716 2550 2838 2605 τότε
2868 2552 3014 2627 παρά
3042 2555 3138 2606 τοῦ
3167 2549 3429 2606 δεσπότου
3462 2551 3726 2625 Μιχαὴλ,
3765 2551 3853 2608 καὶ
3913 2551 4058 2608 ἀπο-

636 2640 830 2704 τέλους
889 2638 1202 2706 σπένδεσθαι
1262 2641 1395 2714 πρὸς
1449 2638 1799 2712 Ῥωμαίους),
1855 2639 1947 2699 τὰς
2020 2643 2286 2708 συνθήκας
2398 2639 2678 2695 στέλλεται
2726 2643 2861 2714 πρὸς
2904 2641 2995 2696 τόν
3048 2641 3190 2717 ρῆγα
3240 2640 3481 2705 Πουλὶας
3510 2645 3600 2698 τὸν
3633 2643 3842 2718 Μαφρὶ,
3872 2642 3960 2697 καί
3992 2663 4060 2715 γε

638 2728 838 2792 ἐκείνας
896 2732 976 2803 [Ρ.
1009 2731 1098 2802 53]
1161 2726 1340 2783 διέλυε
1393 2728 1481 2782 καὶ
1539 2729 1666 2789 τοὺς
1717 2727 1916 2802 ὅρκους
1974 2729 2098 2802 παρ’
2130 2725 2284 2781 οὐδὲν
2395 2734 2471 2800 τῷ
2501 2733 2630 2802 παρ’
2662 2729 2848 2802 ἐκείνῳ
2880 2728 3085 2784 δίδοται
3128 2736 3368 2808 φυλακῇ,
3396 2729 3587 2807 χρόνῳ
3619 2729 3664 2786 δ’
3695 2731 3916 2804 ὕστερον
3947 2738 4057 2800 τῆς

636 2821 799 2886 ἐτίθει
859 2819 931 2880 ὡς
985 2818 1037 2875 ἐν
1086 2817 1302 2897 φυλακῇ
1352 2817 1441 2872 καὶ
1493 2817 1750 2896 ἀφύκτοις
1795 2815 2038 2890 δεσμοῖς,
2070 2818 2158 2872 καὶ
2203 2819 2279 2888 μη
2396 2820 2684 2891 δεσποίνης
2714 2821 2913 2890 ’Ἁννης
2972 2818 3212 2894 ἀδελφῆς
3275 2819 3441 2890 οὔσης
3495 2823 3686 2898 Μαφρὶ
3733 2817 4059 2893 ἀνταμείϐε·

633 2909 914 2982 ἑκουσίως,
966 2909 1040 2971 ὡς
1100 2907 1269 2984 ἐχρῆν
1324 2905 1679 2984 πράττοντος.
1732 2908 1887 2972 Ὀθεν
1943 2907 2027 2961 καῖ
2091 2906 2164 2968 εἰς
2218 2907 2279 2961 τὸ
2391 2929 2499 2965 ται.
2536 2908 2715 2966 Ἀλλὰ
2743 2913 2910 2964 ταῦτα
2944 2912 3038 2983 μὶν
3068 2909 3282 2973 ἐσαῦθις
3314 2910 3564 2985 ἰροῦμεν.

635 3096 1089 3156 conventionum
1121 3096 1276 3154 inter
1298 3095 1671 3158 eosistarum
1695 3093 1886 3166 capita
1927 3094 2047 3150 haec
2092 3098 2280 3163 erant,
2393 3094 2642 3151 vinculis
2673 3096 3012 3160 constricto.
3053 3112 3116 3156 ac
3145 3113 3247 3167 per
3278 3097 3385 3155 boc
3417 3114 3531 3154 non
3589 3096 3680 3154 sui
3717 3098 3906 3169 juris,
3943 3113 4061 3154 nec

636 3187 964 3259 principem
1020 3186 1222 3246 cedere
1281 3185 1563 3244 Romanis
1619 3188 1674 3241 et
1720 3183 2083 3256 imperatori,
2146 3184 2280 3254 jure
2313 3201 2355 3270 ρ
2395 3183 2524 3253 ejus
2582 3182 2870 3241 libertatis
2915 3201 2979 3241 ac
3030 3185 3251 3256 proprii
3309 3186 3538 3244 arbitrii
3590 3185 3688 3242 89
3751 3190 4057 3256 compote,

637 3294 812 3349 quam
845 3276 1067 3350 optimo
1099 3275 1461 3350 possidenda
1489 3279 1546 3330 et
1576 3275 1634 3330 in
1660 3276 2008 3346 perpetuum
2033 3272 2161 3343 ejus
2187 3273 2282 3326 do-
2392 3288 2517 3343 quae
2549 3274 3002 3343 requirebantur
3031 3275 3102 3332 ad
3126 3274 3236 3333 hoc
3271 3280 3336 3333 ut
3367 3274 3669 3332 conventio
3730 3280 3856 3332 rata
3914 3275 4060 3330 vali-

638 3367 889 3425 minium
921 3383 991 3426 ex
1038 3382 1195 3438 nunc
1244 3364 1589 3433 transitura,
1624 3363 1741 3418 hec
1791 3362 1848 3417 in
1880 3360 2279 3434 Peloponneso
2391 3361 2578 3432 daque
2608 3367 2784 3430 esset,
2814 3363 2967 3419 unde
3000 3363 3331 3422 consecutis
3354 3363 3489 3420 inde
3505 3363 3870 3434 temporibus
3904 3380 4058 3419 con-

638 3457 772 3528 sita,
807 3455 1292 3523 Monembasiam,
1337 3452 1615 3519 Mainam,
1673 3451 2028 3522 Hieracium,
2095 3453 2279 3522 Myze-
2390 3449 2556 3510 tinus
2584 3455 2643 3508 et
2674 3468 2883 3520 magna
2913 3451 3066 3509 inter
3096 3456 3378 3522 utrosque
3433 3456 3706 3510 arserunt
3746 3452 3903 3510 belle.
3937 3471 3955 3507 :
3988 3458 4056 3508 ct

637 3547 854 3604 thram.
887 3543 1193 3618 Anaplium
1224 3558 1356 3602 vero
1385 3545 1441 3599 et
1468 3547 1656 3613 Argos
1707 3545 1770 3597 ut
1820 3543 2194 3597 controversa
2223 3541 2280 3595 et
2388 3555 2453 3595 ea
2483 3539 2720 3610 quidem
2745 3540 2831 3598 sic
2859 3557 2923 3597 se
2947 3541 3300 3599 habuerunt.

637 3635 790 3707 juris
822 3633 986 3692 dubii
1019 3632 1223 3692 relicta
1251 3632 1311 3688 in
1344 3631 1708 3698 mediosunt,
1727 3630 1808 3685 uti
1823 3633 1881 3685 et
1900 3633 2125 3685 tractus
2142 3629 2276 3683 uni-

634 3741 840 3784 versus
868 3723 1024 3782 circa
1048 3722 1415 3783 Cinsternam
1437 3720 1604 3779 valde
1636 3720 1694 3775 in
1728 3719 1963 3791 longum
1985 3723 2191 3791 patens
2222 3722 2279 3774 et
2459 3710 3102 3782 32.UtMichaeldespota
3123 3713 3391 3794 Romanos
3423 3713 3640 3770 vicerit.
3684 3718 3736 3772 et
3766 3713 4061 3772 Caesarem

636 3814 841 3872 multis
871 3818 1103 3873 scatens
1131 3812 1324 3870 bonis.
1348 3809 1677 3884 Principem
1701 3789 1898 3866 autem
1926 3789 2122 3882 ipsum
2147 3823 2278 3880 per-
3062 3789 3355 3857 αεεθρενίε·

635 3909 880 3976 petuum
912 3904 1033 3961 tore
1063 3902 1461 3962 Romanorum
1489 3905 1548 3956 et
1572 3897 1946 3971 imperatoris
1979 3898 2275 3967 clientem,
2456 3901 2529 3955 At
2552 3900 2793 3970 despota
2822 3899 3064 3956 Michael
3099 3901 3158 3957 in
3193 3900 3702 3972 prasensquidem
3733 3901 3804 3959 ob
3835 3908 4060 3959 eventa

635 3997 693 4051 et
721 3990 1425 4066 insubjecﬁonissignum
1441 3987 1698 4046 ofﬁcium
1723 3987 1856 4044 inde
1873 3990 2273 4060 sumpturum.
2390 3993 2616 4046 narrata
2648 3989 2915 4048 minutus
2937 3989 3145 4061 copiis,
3177 4007 3307 4060 quae
3339 3989 3425 4046 illi
3458 3990 3748 4062 pleraeque
3771 4006 4058 4047 accesse-

633 4082 907 4141 Vicissim
940 4081 1015 4140 ab
1045 4081 1389 4152 imperatore
1423 4078 1749 4153 principem
1782 4080 2055 4137 ornatum
2083 4076 2273 4148 digni-
2389 4083 2520 4136 rant
2551 4078 2821 4134 societate
2847 4077 3132 4149 principis
3173 4078 3423 4146 Achaiae,
3478 4084 3756 4150 presteres
3787 4096 3820 4136 a
3869 4081 4060 4136 seba-

635 4175 753 4232 tate
767 4169 967 4246 magni
998 4168 1304 4228 domestici
1325 4167 1644 4226 honoriﬁce
1660 4165 2079 4226 dimittendum
2136 4165 2280 4222 libe-
2389 4171 2705 4226 stocratore
2735 4167 2957 4225 Joanne
2988 4166 3305 4239 Palceologo
3336 4167 3630 4239 plurimus
3645 4177 3840 4240 postea
3871 4169 4065 4225 dam-

636 4278 793 4331 rum,
824 4275 961 4320 cum
993 4259 1067 4318 iis
1092 4275 1337 4317 suorum
1369 4257 1470 4331 qui
1504 4261 1644 4316 tunc
1702 4255 2053 4328 superstites
2111 4270 2278 4326 repe-
2391 4256 2482 4314 nis
2517 4257 3341 4324 ωωωωυιωσιιυω
3374 4256 3435 4314 iu
3466 4263 3626 4316 arcto
3658 4257 3772 4329 ipsi
3829 4274 3927 4314 res
3959 4275 4066 4314 es.

633 4351 913 4418 rirentur.
971 4351 1034 4407 In
1065 4346 1188 4406 haec
1246 4346 1458 4404 (cedere
1497 4346 1648 4402 facto
1679 4345 1908 4403 dimisit
1951 4345 2276 4418 principem
2389 4349 2520 4404 sent
2549 4361 2681 4403 cum
2715 4345 3148 4417 provinciarum
3181 4352 3306 4402 tum
3339 4345 3868 4415 exercitus,missis
3887 4362 3957 4403 ea
3980 4349 4066 4404 de

635 4442 954 4512 imperator
1010 4453 1076 4497 eo
1107 4453 1222 4511 quo
1273 4453 1378 4510 par
1436 4440 1560 4494 erat
1599 4436 1840 4507 honore,
1867 4435 2064 4492 missis
2097 4433 2279 4491 simul
2389 4452 2449 4492 re
2476 4433 2678 4504 legatis
2708 4435 2778 4490 ad
2814 4433 3817 4506 regemApuliaaManfredumsuum
3853 4451 4065 4507 gene-

631 4545 769 4589 cum
800 4527 900 4587 illo
930 4528 1032 4598 qui
1062 4527 1250 4602 pretia
1280 4525 1589 4592 libertatis,
1622 4527 1694 4584 de
1725 4526 1943 4599 quibus
1998 4540 2280 4583 convene-
2316 4593 2349 4602 _
2388 4540 2539 4591 rum,
2575 4527 2631 4580 et
2661 4539 2908 4595 magnas
2940 4525 3012 4582 ab
3043 4540 3109 4582 eo
3159 4523 3481 4583 auxiliares
3517 4525 3715 4596 copias
3771 4525 4072 4596 adeptus,

631 4624 743 4690 rat,
792 4593 1142 4692 reciperent.
1189 4616 1382 4676 Rediit
1437 4616 1618 4690 igitur
1676 4593 1912 4673 do—mum
1982 4614 2281 4692 princeps,
2316 4593 2360 4659 Ῑ)
2394 4629 2488 4671 eas
2516 4593 2890 4671 tradidit'suo
2930 4611 3049 4670 ﬁlio
3094 4612 3443 4684 Nicephoro,
3494 4593 3634 4671 suas
3687 4593 3932 4672 strenuis
4001 4593 4072 4673 in

627 4707 860 4768 Achaiae
895 4706 1182 4782 principis
1203 4705 1471 4778 etmagni
1494 4704 2115 4764 domesticiRomaniaa
2142 4703 2281 4760 titu-
2393 4705 2546 4761 idem
2579 4703 2940 4776 propositum
2976 4708 3032 4762 et
3065 4720 3203 4776 opes
3232 4708 3288 4761 et
3313 4720 3550 4775 operam
3571 4705 3918 4762 conferenti.
3945 4704 4076 4763 Hic

627 4799 718 4858 los
746 4796 1028 4869 referens,
1063 4811 1166 4856 nec
1198 4795 1523 4868 quidquam
1539 4798 1850 4854 cunctatus
1872 4799 2005 4867 post
2026 4793 2282 4853 reditum
2393 4811 2526 4852 cum
2559 4798 2778 4853 Caesare
2810 4795 2964 4852 circa
3021 4793 3450 4866 Tricoryphum
3511 4793 3629 4851 acri
3656 4794 3854 4866 praelia
3911 4812 4079 4852 con-

629 4891 843 4947 cuncta
859 4903 984 4962 quas
997 4884 1367 4962 promiserat.
1385 4883 1802 4959 redemptionis
1813 4884 2002 4956 pretia
2013 4882 2279 4941 exsolvit.
2391 4899 2631 4956 gressus
2648 4884 2963 4942 maximam
2979 4888 3235 4955 stragem
3290 4883 3680 4962 Nicisensium
3704 4884 3953 4953 dedit,al
3967 4886 4081 4943 ἱοι

628 4957 1069 5048 Mansissetque-
1098 4980 1380 5052 perpetuo
1419 4976 1478 5033 in
1507 4957 1622 5033 {ide
1680 4978 2012 5047 pactorum,
2064 4974 2281 5045 quippe
2391 4973 2678 5045 plurimos
2710 4974 2924 5045 partim
2946 4957 3424 5044 occidit,partim'
3448 4973 3626 5046 cepit,
3651 4973 3846 5046 ipsum
3883 4975 4083 5032 deni-

630 5070 964 5127 auctoratus
1003 5064 1285 5129 Romanis
1343 5068 1665 5124 memorato
1716 5063 1912 5136 magni
1973 5063 2278 5123 domestici
2390 5080 2499 5134 que
2530 5063 2825 5135 captivum
2855 5061 3099 5121 abduxit
3127 5063 3410 5120 Caesarem
3443 5083 3458 5131 ;
3491 5063 3593 5134 qui
3639 5078 3776 5134 pace
3831 5063 4086 5123 deinde

628 5157 845 5227 ofﬁcio,
876 5154 991 5215 nisi
1023 5171 1174 5230 papa
1204 5170 1265 5214 rs
1295 5153 1519 5225 audita,
1543 5170 1677 5212 cum
1701 5169 1806 5228 per
1825 5168 1888 5211 se
1913 5152 2279 5223 indignatus,
2390 5153 2542 5212 facta
2588 5153 2735 5210 liber
2797 5151 3083 5211 dimissus
3143 5168 3208 5210 ea
3267 5169 3397 5223 quas
3445 5169 3585 5210 mox
3612 5153 3937 5210 referemus
3991 5157 4080 5211 ad

629 5253 757 5306 tum
800 5245 862 5305 in
905 5245 967 5303 id
997 5245 1196 5317 ipsum
1219 5242 1513 5318 impulsus
1544 5243 1818 5318 precibus
1845 5243 2002 5314 regis
2032 5240 2279 5312 Apuliae,
2393 5241 2596 5300 urbem
2620 5242 2825 5314 gessit,
2857 5244 2915 5299 et
2951 5257 3189 5299 rursum
3222 5237 3359 5299 cum
3410 5240 3890 5299 Occidentalibus
3953 5259 4088 5314 pu.

628 5351 880 5410 quorum
907 5334 1177 5393 neutrius
1210 5333 1542 5392 rationibus
1574 5332 2086 5390 accommodatum
2117 5331 2277 5388 vide-
2392 5347 2506 5402 gna
2550 5332 2696 5389 inita
2732 5335 2940 5403 captus
2971 5331 3190 5389 iterum
3223 5335 3315 5389 est
3343 5348 3374 5388 a
3398 5331 3646 5388 Michael
3678 5331 3955 5402 despota,
4015 5340 4092 5392 οε

624 5427 801 5485 batur
828 5428 1060 5486 tantum
1083 5439 1325 5484 suarum
1352 5421 1638 5482 hactenus
1665 5421 1922 5496 partium
1951 5421 2278 5493 principem
2392 5421 2464 5478 ad
2496 5436 2692 5492 regem
2717 5420 3328 5492 ApuliteManfredum
3345 5420 3568 5477 missus
3585 5420 3656 5478 sb
3679 5437 3744 5477 eo
3764 5423 4018 5477 custodi
4029 5441 4093 5481 ιι

625 5514 1076 5592 stipendiarium
1104 5511 1384 5574 Romanis
1406 5528 1771 5585 permanere,
1833 5517 2072 5584 pactum
2129 5509 2278 5568 illud
2393 5510 2640 5569 traditus
2671 5515 2782 5578 est,
2813 5511 3079 5569 insecuto
3112 5510 3322 5567 deinde
3346 5514 3608 5582 tempore
3638 5525 3770 5567 cum
3802 5511 4088 5572 domina

624 5604 1497 5678 dissolvisset,juramentaque
1527 5601 1690 5660 irrita
1721 5600 2081 5661 declarasset
2107 5600 2280 5672 quasi
2386 5602 2552 5658 Anna
2581 5614 2778 5659 sorore
2809 5599 3093 5658 Manfredi
3140 5604 3536 5671 permutatus.
3591 5599 3700 5657 Sed
3735 5599 3860 5655 biec
3921 5604 4086 5660 suis

623 5692 1237 5755 extortsineluctabili
1271 5694 1322 5748 vi
1357 5692 1724 5750 necessitatis
1766 5691 1835 5746 ab
1871 5690 2107 5747 homine
2139 5689 2283 5747 diris
2388 5689 2532 5748 locis
2557 5689 2766 5747 deinde
2798 5688 3145 5748 referemus.
