4188 6442
198 403 294 462 525

1251 415 1346 468 ΒΕ
1387 409 1752 466 MICHABLB
1791 405 2213 462 PALEOLOGO
2250 409 2380 460 LIB.
2426 410 2496 461 ll.

1815 555 1946 648 B’.

3475 410 3581 466 526

196 718 223 750 α
262 699 449 760 σΟπως
477 699 504 754 ὁ
535 704 876 777 πατριάρχης
926 704 1196 794 ἰξρσένιος
1227 703 1278 758 ιν
1313 703 1583 780 φροντίσιν
1615 705 1677 770 ἦν
1711 701 1831 773 περὶ
1861 711 1915 778 Α
1946 695 2307 772 ἰπιστήσομεν
2355 703 2424 772 τῇ
2483 698 2599 769 νηί.
2658 697 2989 756 Κινδυνεύειν
3051 698 3094 755 δ’
3154 701 3294 758 οὕτω
3351 705 3437 758 καὶ
3497 704 3586 759 τὸν

831 780 928 843 τῆς
961 780 1163 849 ἀρχῆς·

397 879 490 951 57]
549 879 814 954 Ἀρσενίῳ
891 878 948 936 Si
1003 885 1080 951 τῷ
1144 883 1458 956 πατριάρχῃ
1517 877 1647 934 νὶων
1704 878 1834 951 ἦρξε

1948 785 2160 860 μᾶλλον
2192 787 2499 860 καθάρσεως
2532 787 2628 843 εἴτ’
2660 788 2749 843 οὖν
2807 788 3136 852 παιδεύσεως
3168 792 3244 855 εἷς
3297 794 3356 847 τὸ
3401 791 3582 854 καλῶς

1948 875 2252 951 βασιλεύειν
2302 875 2554 950 δεόμενον
2609 878 2906 952 ἀκάθαρτον
2958 880 3089 936 εἶναι
3142 881 3415 952 μάλιστα,
3475 884 3586 953 ἅμα

190 962 485 1040 φροντίδων
533 970 568 1036 ἡ
614 975 713 1037 τῆς
759 968 846 1024 ἐπὶ
894 974 962 1042 τῇ
1004 969 1267 1044 βασιλείᾳ
1313 970 1684 1028 καταστάσεως
1737 971 1833 1021 τοῦ
1945 965 2265 1040 γεννηθέντα
2321 965 2409 1019 καὶ
2471 969 2581 1039 ἅμα
2636 974 2861 1044 τρυφαῖς
2919 969 3006 1023 καὶ
3066 969 3361 1031 σπατάλαις
3411 976 3587 1045 παρὰ·

188 1052 572 1130 Παλαιολόγου
621 1058 848 1132 ἀνάγκη,
883 1057 1096 1134 μεγάλη
1146 1080 1229 1120 τις
1283 1059 1413 1112 οὖσα
1465 1059 1551 1111 καὶ
1599 1056 1830 1128 ἀπαραί-

1950 1053 2224 1130 ληφθέντα
2276 1053 2605 1129 βασιλικαῖς,
2671 1055 3066 1132 ὑφεδρευούσης
3127 1059 3219 1129 μὲν
3278 1057 3590 1130 κολακείας,

185 1163 371 1211 τητος.
448 1141 604 1214 Πλὴν
669 1147 768 1220 γὰρ
824 1145 1050 1220 ὀλίγων,
1104 1149 1191 1202 καὶ
1251 1151 1439 1202 τοῦτο)
1499 1147 1685 1219 καιρὸν
1742 1143 1838 1197 οὐκ
1949 1139 2192 1197 ἐκποδὼν
2246 1141 2292 1196 δ’
2332 1142 2496 1213 οὔσης
2555 1144 2832 1215 ἀληθείας,
2883 1147 2968 1200 καὶ
3029 1152 3135 1202 τῶν
3196 1148 3460 1202 κακίστων
3517 1150 3591 1210 ὡς

185 1228 426 1305 ἰχόντων
456 1230 543 1286 διὰ
571 1236 671 1304 τὴν
703 1239 808 1290 τῶν
839 1233 1026 1290 ἄλλων
1059 1235 1286 1291 πολλῶν
1314 1236 1402 1290 καὶ
1449 1233 1695 1308 μεγάλων
1748 1231 1840 1287 ὅν-

181 1342 284 1375 των
324 1322 591 1394 βούλησιν
622 1323 704 1400 ἐφ’
745 1325 792 1396 ᾧ
815 1324 1114 1401 ίπίσχοιεν,
1149 1331 1393 1400 φανερῶς
1427 1327 1477 1378 οἱ
1512 1322 1673 1378 ἄλλοι
1707 1322 1840 1376 πάν-

183 1430 264 1472 τες
320 1417 450 1482 nti;
509 1411 715 1486 βουλῆς
758 1415 892 1482 ἦσαν
925 1415 1015 1469 καὶ
1047 1417 1296 1490 γνώμης,
1331 1415 1622 1489 ἀγαπητῶς
1673 1411 1839 1485 ἔχον-

183 1520 265 1561 τες
299 1499 350 1553 εἴ
406 1499 780 1573 βασιλεύοιντο
827 1505 915 1558 ὑπ’
965 1503 1176 1576 ἰκείνῳ.
1230 1504 1483 1577 Ἀρίστην
1532 1505 1635 1577 γὰρ
1691 1503 1840 1574 βασι-

186 1587 330 1642 λείαν
367 1589 503 1643 εἶναι
532 1591 601 1646 ού
625 1593 725 1660 τήν
771 1590 1094 1666 κληρωτὴν,
1143 1595 1202 1661 ἣν
1259 1591 1464 1662 ὀλίσθῳ
1510 1591 1684 1664 τύχης
1736 1590 1839 1642 τινὶ

185 1673 293 1731 ἔστι
326 1675 628 1751 λαγχάνειν
660 1681 862 1734 καὶτὸν
895 1679 1132 1750 ἀνάξιον,
1184 1677 1402 1754 ούδέξγε
1450 1681 1549 1748 τήν
1598 1678 1703 1731 άπὸ
1751 1676 1839 1751 γὲ-

184 1787 327 1838 νους,
384 1765 459 1828 είς
507 1769 566 1835 ἦν
634 1771 1116 1846 παρεισφθαρὲντες
1177 1768 1450 1830 πολλάκις
1508 1767 1829 1822 λανθάνουσι

185 1855 269 1908 καὶ
337 1856 392 1909 οἱ
463 1856 729 1926 κάκιστοι,
779 1857 871 1920 οὓς
916 1857 984 1926 δὴ
1038 1859 1127 1913 καὶ
1182 1856 1632 1931 ἀποδοκιμάσειεν
1691 1855 1749 1910 ἂν
1811 1858 1839 1911 ὁ

187 1944 388 2017 ἀγαθὸς
448 1942 636 2021 ἄρχων
693 1947 783 2002 καὶ
837 1946 892 2002 ἂν
949 1947 1210 2018 ὑπηκόων
1271 1948 1602 2019 ἐξετάζεσθαι
1656 1947 1844 2019 μοίρᾳ,

189 2032 332 2087 ἀλλὰ
378 2035 481 2102 τὴν
529 2035 580 2106 ἰξ
623 2037 817 2112 ἄρετῆς
867 2036 956 2092 καί
1008 2035 1334 2110 δοκιμασίας
1386 2035 1608 2112 ἀρίστης
1642 2036 1714 2089 ὧν
1749 2032 1847 2107 ἅρ-

187 2142 300 2197 χειν
359 2123 581 2196 μέλλει.
631 2125 779 2195 Αὕτη
828 2126 928 2202 γὰρ
958 2127 1048 2182 καὶ
1085 2125 1378 2196 λυσιτελὴς
1407 2131 1525 2188 τοῖς
1552 2124 1842 2194 πλήθεσιν,

1949 1230 2259 1286 καλλίστων
2338 1234 2853 1307 ὡποκοριζομὲνων,
2921 1237 2993 1298 ὡς
3051 1238 3078 1291 ὁ
3139 1236 3370 1300 παλαιὸς
3430 1237 3595 1312 λόγος

1952 1319 2091 1396 ἔχει,
2125 1321 2212 1375 ὅτε
2242 1321 2329 1375 καὶ
2358 1323 2420 1375 τὸ
2451 1321 2687 1394 ἐμμελὲς
2724 1325 2937 1398 βήττειν
2971 1325 3186 1381 ἀκούειν
3231 1328 3296 1395 ἦν
3324 1327 3382 1382 ὲκ
3427 1325 3595 1381 κολά-

1954 1433 2060 1465 κων
2112 1415 2188 1480 τῷ
2236 1407 2348 1481 ἅμα
2405 1412 2498 1482 μὲν
2540 1413 2769 1488 ἄρχοντι
2801 1415 2914 1485 ἅμα
2945 1411 3000 1467 δὶ
3027 1413 3312 1489 πάσχοντι,
3362 1414 3455 1469 κᾶν
3514 1437 3599 1476 τις

1955 1501 2218 1554 νουθετῶν
2283 1500 2599 1573 ὑπογρύξῃ,
2661 1502 2734 1561 ὡς
2794 1500 3018 1564 δύσνους
3069 1505 3156 1556 καὶ
3209 1505 3462 1564 κάκιστος
3521 1502 3598 1556 διο

1958 1585 2246 1657 εϐάλλετο,
2281 1589 2352 1648 ὡς
2411 1592 2509 1657 τὴν
2569 1589 2881 1664 παραίνεσιν
2927 1591 3215 1665 πρόσταξιν
3249 1592 3508 1666 ἑχόντων.
3538 1592 3602 1646 Οἱ

1959 1675 2015 1732 δὲ
2046 1679 2134 1732 καὶ
2163 1680 2229 1731 τὰ
2258 1678 2516 1753 γινόμενα
2549 1676 2992 1754 δυσχεραίνοντες
3042 1678 3191 1736 οὐδὲν
3224 1682 3388 1748 ἦττον
3429 1679 3601 1737 κολα-

1958 1765 2225 1833 κεύουσιν,
2300 1765 2756 1837 ἀποσεμνύνοντες
2833 1766 2996 1821 πλέον
3071 1773 3166 1823 τοῦ
3241 1769 3461 1843 μετρίου
3512 1771 3601 1824 τὸν

1959 1852 2221 1928 ἄρχοντα,
2255 1854 2344 1908 καὶ
2417 1856 2506 1908 τὸν
2579 1859 2744 1932 τῦφον
2821 1857 3186 1931 συναύξουσιν.
3255 1861 3485 1916 Ἐκεῖνοι
3542 1857 3600 1914 δδ

1963 1942 2142 2016 ὥσπερ
2221 1943 2307 1997 ἰπὶ
2384 1950 2590 2014 σκηνῆς
2667 1942 2897 2022 διάφορα
2967 1953 3283 2020 προσωπεῖα
3333 1948 3608 2022 περιτιθε-

1966 2053 2140 2103 μενοι,
2173 2033 2308 2100 πρὸς
2334 2032 2396 2086 τὸ
2427 2031 2656 2106 ἀρίστως
2693 2031 2995 2106 βασιλεύειν
3039 2037 3101 2092 τὸ
3147 2036 3298 2112 γένος
3345 2035 3604 2112 ἐχέγγυον

1956 2120 2183 2192 οἶονται,
2259 2119 2439 2195 ὥσπερ
2517 2121 2570 2176 ἐν
2640 2128 2757 2185 ταῖς
2818 2125 3059 2197 πρώταις
3114 2130 3223 2180 τῶν
3282 2126 3602 2202 σπερμάτων

190 2209 413 2268 εἰδότων
473 2218 580 2268 τῶν
638 2215 714 2278 εἷς
771 2215 950 2290 ἀρχὴν
1016 2218 1391 2271 καταστάντων
1449 2213 1536 2270 ἐπὶ
1593 2214 1696 2268 τίνι
1751 2213 1838 2268 καὶ
1950 2205 2280 2271 καταϐολαῖς
2340 2209 2638 2284 βασιλικῶν
2691 2233 2851 2266 τινων
2913 2211 3191 2286 δυνάμεων
3253 2213 3330 2278 εἷς
3381 2214 3605 2288 ἀρίστην

188 2301 665 2373 προσεκλήθησαν.
701 2303 899 2377 ’ἰατρόν
949 2303 1048 2380 γάρ
1083 2303 1205 2360 οὔτε
1246 2306 1339 2359 τὸν
1388 2303 1447 2358 ἐκ
1488 2303 1667 2377 τύχης
1717 2299 1840 2356 οὕτε
1951 2298 2241 2375 ἡγεμονίαν
2295 2299 2547 2356 ἐνουσῶν.
2596 2304 2770 2355 Ταῦτα
2821 2299 3066 2375 λέγοντες
3107 2302 3378 2358 ἐπέκειντο
3437 2303 3604 2358 πλέον

186 2393 270 2444 τὸν
299 2389 362 2445 ἑκ
391 2394 582 2468 γὲνους
613 2393 688 2455 εἷς
715 2394 776 2449 τὸ
807 2398 983 2449 ποιεῖν
1009 2393 1186 2469 ὑγείαν
1236 2399 1353 2456 τοῖς
1399 2396 1640 2448 νοσοῦσιν
1693 2391 1841 2464 ἀξιό-

1954 2386 2084 2442 ίδεῖν
2117 2388 2209 2442 τὸν
2244 2385 2509 2456 δεσπότην
2540 2389 2629 2443 καὶ
2669 2391 3034 2468 στεφηφόρον,
3063 2392 3152 2447 καὶ
3186 2390 3382 2460 ἤνυτον
3431 2413 3608 2466 προσ-

190 2498 364 2553 χρεων
420 2478 686 2555 εἴποιμεν·
734 2484 821 2537 καὶ
870 2482 919 2537 εἴ
973 2481 1030 2537 ἐκ
1078 2485 1267 2558 γενους
1303 2483 1394 2538 τὸν
1439 2478 1843 2556 κυϐερνήσοντα
1955 2477 2335 2553 αναγκάζοντες
2390 2483 2657 2554 συνεχῶς.
2721 2482 2802 2552 [Ρ.
2837 2484 2928 2553 58]
2977 2483 3075 2539 Ἦν
3119 2482 3219 2558 γὰρ
3271 2485 3362 2537 καὶ
3421 2485 3448 2537 ὁ
3509 2489 3611 2538 na-

192 2568 586 2645 ἐγκρινοῦμεν,
650 2573 1078 2640 καταποντιστήν
1142 2572 1354 2645 μᾶλλον
1411 2575 1447 2641 ἢ
1505 2566 1840 2645 κυϐερνήτην

1955 2567 2252 2642 λαιολόγος
2290 2566 2525 2631 ἐντεῦθεν
2574 2571 2958 2644 συγκροτηθεὶς
2991 2571 3055 2625 τὰ
3087 2572 3218 2626 αύτᾶ
3263 2569 3464 2647 λέγων,
3521 2595 3614 2660 και

1843 2723 1960 2818 ΙΙ.

193 2868 238 2921 1.
277 2868 342 2924 ω
373 2868 648 2923 Annius
675 2868 1002 2945 patriarcha
1031 2869 1094 2924 in
1147 2868 1525 2945 sollicitudine
1579 2870 1748 2938 fuerit
1780 2868 1843 2923 ob
1955 2867 2283 2939 perantium
2335 2872 2548 2939 pestes,
2583 2869 2956 2926 adulatorum
3007 2887 3238 2944 greges,
3273 2872 3352 2928 ita
3404 2873 3614 2945 depra-

838 2956 926 2997 res
950 2942 1200 3012 imperii.

258 3046 365 3102 οο
385 3047 463 3101 At
493 3045 740 3102 Arsenio
773 3045 1120 3117 patriarcha:
1173 3062 1458 3103 novarum
1493 3046 1848 3103 sollicitudi-

194 3151 335 3191 num
370 3135 613 3190 initium
645 3134 845 3190 attulit
866 3151 1081 3208 magna
1101 3140 1159 3192 et
1178 3135 1572 3193 ineluctabilis
1595 3136 1850 3192 necessi-

193 3229 281 3278 tas
314 3224 646 3281 imminens
677 3224 958 3280 evehendi
981 3223 1372 3297 Palmlogum
1404 3226 1476 3281 ad
1508 3225 1847 3297 imperium.

191 3313 335 3368 Nam
361 3322 578 3385 preter
598 3329 819 3386 paucos
842 3320 1206 3370 momentum
1231 3331 1346 3370 non
1374 3315 1848 3385 habentes,quod

189 3418 397 3457 eorum
437 3402 724 3474 suffragia
752 3402 1133 3459 multitudine
1177 3404 1608 3460 contrariorum
1641 3403 1853 3458 obrue-

187 3497 421 3562 rentur,
460 3490 736 3547 concordi
776 3507 981 3548 omnes
1030 3492 1225 3549 studio
1273 3493 1332 3549 in
1389 3508 1569 3549 unam
1618 3497 1854 3549 senten-

187 3580 338 3635 tiam
365 3579 862 3652 desideriumque
882 3582 1303 3653 conspirahant
1323 3581 1643 3653 Paleologo
1670 3586 1733 3637 ut
1754 3581 1857 3637 im-

185 3669 459 3739 paraturi
496 3669 813 3726 serviendi.
847 3670 1036 3743 Vulgo
1089 3675 1154 3727 ut
1202 3672 1485 3743 optimam
1539 3671 1857 3727 laudabant

188 3773 317 3814 eam
376 3759 635 3816 demum
685 3759 1053 3832 principatus
1109 3759 1382 3826 formam,
1414 3777 1543 3832 quae
1577 3760 1856 3832 principis

185 3846 496 3904 delectum
553 3863 673 3904 non
719 3849 1114 3922 prsarogativai
1163 3850 1395 3923 generis
1443 3851 1759 3919 addiceret,
1791 3864 1857 3904 ac

186 3936 268 3992 sic
297 3937 691 4008 permitteret
716 3937 960 3994 arbitrio
990 3937 1188 4005 sortis,
1219 3939 1392 4010 oujns
1422 3939 1731 3995 temerario
1759 3940 1860 4009 ju-

186 4025 340 4082 dicio
371 4026 552 4084 velut
585 4043 735 4083 ceco
784 4025 920 4083 alea
967 4043 1108 4084 casu
1159 4044 1276 4085 non
1327 4029 1523 4085 solum
1578 4027 1858 4099 indignus

181 4114 498 4173 interdum
535 4116 954 4187 praeficeretur,
982 4118 1086 4173 sed
1131 4118 1191 4173 in
1241 4134 1542 4176 summum
1591 4134 1742 4190 sepe
1770 4117 1860 4173 lo-

181 4219 314 4261 cum
350 4207 702 4278 irreperent
729 4205 978 4278 pessimi
1006 4206 1299 4278 homines,
1331 4211 1388 4264 et
1435 4209 1672 4264 omnino
1713 4206 1860 4263 tales

178 4309 328 4364 quos
361 4296 417 4352 si
455 4295 617 4352 satis
653 4293 986 4366 exploraret
1029 4295 1221 4366 gravis
1267 4301 1325 4353 et
1369 4301 1676 4353 accurrata
1724 4311 1862 4353 oen-

179 4398 340 4452 sura,
367 4385 479 4440 vix
514 4384 582 4439 in
616 4383 888 4440 infimum
925 4384 1300 4441 subditorum
1354 4386 1604 4457 gradum
1649 4387 1862 4442 admit-

181 4473 777 4530 leret.Tutissimum
795 4489 924 4529 esse
939 4473 1106 4529 illum
1126 4474 1307 4546 igitur
1328 4474 1580 4546 eligendi
1597 4475 1863 4543 modum,

184 4579 298 4633 quo
328 4564 466 4620 vita
501 4563 645 4634 ejus
673 4565 731 4618 et
753 4578 947 4618 mores
972 4562 1075 4633 qui
1108 4564 1541 4635 promovendus
1563 4569 1672 4631 est,
1706 4564 1866 4634 ipso-

1954 2960 2545 3013 vantutnecsensum
2579 2957 2794 3014 habere
2829 2960 3090 3017 veritatis
3125 2961 3618 3018 assentationibus

1959 3045 2230 3113 exclusa,
2260 3061 2363 3101 nec
2389 3047 2681 3116 judicium
2729 3049 2869 3105 recti
2923 3053 2979 3104 et
3015 3049 3189 3121 aequi,
3219 3054 3322 3106 aut
3365 3051 3616 3107 formam

1964 3151 2172 3207 capere
2227 3136 2509 3191 moderati
2559 3136 2867 3207 regiminis
2913 3139 3161 3206 valeant,
3213 3139 3418 3210 utique
3478 3155 3614 3196 cum

1964 3224 2065 3296 qui
2102 3240 2304 3280 eorum
2346 3230 2402 3281 et
2431 3226 2610 3280 latera
2636 3227 2904 3282 obsident
2922 3233 2978 3283 et
2995 3228 3237 3284 auribus
3260 3229 3616 3285 insidiantur

1964 3313 2242 3370 individui
2277 3315 2542 3385 comites,
2570 3317 2640 3370 ad
2673 3316 2922 3387 gratiam
2964 3317 3124 3389 loqui
3157 3319 3356 3374 omnia
3402 3320 3613 3391 parati,

1960 3403 2217 3477 pessima
2264 3419 2530 3474 quaeque,
2582 3408 2645 3460 ut
2701 3410 2866 3461 vetus
2924 3407 3164 3462 verbum
3234 3407 3429 3478 habet,
3479 3408 3616 3479 pul-

1963 3493 2388 3549 cherrimarum
2422 3509 2616 3549 rerum
2649 3494 3042 3565 appellatione
3072 3496 3486 3565 cohonestent,
3508 3514 3617 3555 usu

1963 3583 2225 3640 subactis
2259 3582 2590 3654 principum
2628 3583 2844 3639 animis
2877 3585 2948 3640 ad
2981 3585 3096 3640 ista
3147 3589 3205 3642 et
3234 3585 3538 3642 toleranda
3566 3591 3624 3643 et

1964 3669 2273 3733 credenda,
2297 3670 2438 3724 adeo
2467 3674 2530 3725 ut
2552 3671 2726 3725 etiam
2753 3670 3001 3726 libenter
3021 3673 3262 3728 audiant
3282 3672 3424 3729 viles
3445 3673 3619 3730 istius

1965 3759 2121 3814 faecis
2145 3758 2452 3814 hominum
2472 3759 2898 3831 voces,quibus
2923 3761 3285 3817 modulatam
3309 3761 3483 3818 etiam
3506 3762 3619 3818 sibi

1965 3846 2145 3902 videri
2177 3846 2512 3917 egrotantis
2534 3847 2818 3919 principis
2849 3848 3061 3904 tussim
3087 3848 3462 3921 putidissime
3485 3865 3621 3922 gar-

1968 3936 2146 3990 riunt.
2182 3935 2407 4000 Quibus
2447 3935 2495 3992 si
2547 3935 2758 3991 audeat
2785 3936 3138 3992 intervenire
3167 3937 3465 4009 quispiam
3511 3954 3617 3994 sa-

1970 4024 2158 4095 piens,
2187 4027 2242 4078 et
2273 4039 2402 4094 qua
2429 4039 2564 4080 vera
2595 4027 2652 4079 et
2672 4025 2840 4095 justa
2869 4029 3012 4081 sunt
3057 4025 3308 4092 hiscere,
3340 4026 3616 4085 continuo

1969 4117 2033 4170 ut
2044 4112 2426 4169 defectionem
2440 4114 2730 4170 meditans
2747 4118 2802 4170 et
2815 4113 2989 4171 homo
3005 4115 3408 4187 nequissimus
3421 4118 3618 4173 tradu-

1968 4201 2224 4267 citur,iis
2256 4201 2546 4273 siquidem
2571 4202 2777 4273 quisic
2806 4203 3100 4275 imperant
3121 4204 3314 4261 omnis
3344 4205 3615 4262 admoni-

1968 4291 2148 4347 tionis
2189 4291 2313 4347 loco
2335 4289 2606 4348 absoluta
2624 4296 2680 4349 et
2700 4291 3004 4349 liberrima
3027 4293 3261 4363 quidvis
3282 4294 3616 4366 imperandi

1971 4379 2202 4436 licentia
2222 4385 2331 4452 est,
2355 4397 2489 4437 cum
2511 4380 2744 4437 interim
2768 4381 2879 4454 ipsi
2904 4398 3141 4454 quoque
3161 4383 3260 4454 qui
3284 4400 3352 4440 ea
3372 4383 3617 4442 moleste

1971 4471 2184 4540 ferunt,
2216 4469 2479 4526 accinere
2528 4472 2968 4527 assentantibus
3017 4477 3326 4544 cogantur,
3357 4478 3418 4528 et
3463 4473 3621 4530 ultra

1971 4575 2204 4616 omnem
2238 4559 2480 4616 modum
2508 4559 2908 4633 qualicunque
2937 4561 3190 4632 principi
3221 4562 3487 4618 encomia
3533 4561 3621 4618 vel

179 4668 310 4709 rnm
342 4654 594 4726 quibas
626 4655 718 4708 est
754 4651 1118 4723 prafuturus
1147 4652 1548 4722 subjiciuntur
1575 4651 1868 4710 examini:
1901 4635 1948 4703 Ι)
1980 4650 2238 4707 maxime
2268 4649 2977 4722 dicere,quibusscillicet
3005 4653 3196 4723 magis
3215 4652 3624 4724 magisquetu-

177 4741 289 4798 ista
330 4743 512 4801 enim
578 4741 868 4797 rationem
919 4744 980 4797 et
1035 4740 1269 4814 populis
1327 4757 1490 4814 aeque
1547 4742 1752 4798 utilem
1807 4745 1864 4798 et
1971 4741 2168 4796 midus
2199 4739 2325 4809 ejus
2346 4741 2581 4796 animus
2601 4740 2861 4796 inflatur.
2897 4744 3089 4811 Atque
3111 4740 3220 4796 hoc
3246 4756 3436 4812 genus
3458 4742 3613 4814 prin-

178 4829 319 4903 ipsis
353 4829 782 4906 principibus,
815 4831 1022 4902 utique
1065 4847 1169 4902 per
1215 4846 1344 4888 eam
1392 4831 1865 4903 intelligentibus
1971 4831 2148 4902 cipes.
2183 4829 2444 4887 diversas
2474 4829 2587 4885 sibi
2617 4828 2808 4886 larvas
2830 4829 2989 4885 velut
3018 4829 3078 4885 in
3107 4845 3282 4886 scena
3311 4831 3622 4903 imponen-

178 4937 278 4976 cur
305 4928 368 4980 et
415 4924 500 4978 ad
577 4921 725 4992 quid
784 4920 962 4976 ofﬁcii
1021 4925 1320 4977 vocentur.
1352 4925 1502 4978 Sane
1560 4937 1864 4994 nunquam
1972 4924 2082 4985 tes,
2118 4917 2848 4990 adoptimeimperandum
2874 4918 3617 4990 abundeputantsufficere

180 5011 522 5071 dixerimus
582 5008 969 5083 aptissimum
1018 5011 1141 5068 fore
1183 5009 1352 5068 illum
1395 5027 1548 5084 egro
1605 5011 1866 5068 curando
1974 5007 2204 5079 generis
2235 5006 2379 5078 regii
2411 5005 2755 5074 claritatem,
2786 5009 2954 5078 quasi
2986 5008 3350 5065 nascentium
3384 5009 3442 5065 in
3476 5026 3618 5080 pur-

181 5104 515 5172 medicum,
543 5116 734 5174 quem
762 5115 954 5172 genus
983 5103 1086 5156 aut
1112 5100 1345 5157 fortuna
1365 5101 1865 5164 commendarint;

183 5197 236 5248 et
263 5193 313 5251 si
344 5209 420 5252 ex
455 5205 701 5267 genere
730 5190 1188 5262 gubernatorem
1221 5190 1565 5262 navigantes
1605 5190 1868 5248 adscive-

184 5284 392 5354 rimus,
425 5284 861 5345 demerserem
886 5280 1086 5351 potius
1119 5295 1298 5351 quam
1331 5279 1538 5337 utilem
1581 5283 1868 5337 rectorem

183 5373 578 5449 imponemus
645 5368 808 5428 navi.
840 5368 1176 5426 Periculum
1230 5385 1402 5441 porro
1462 5385 1590 5426 esse
1646 5386 1718 5426 ne
1774 5369 1873 5440 qui

186 5471 318 5522 sunt
341 5465 405 5523 in
438 5475 655 5536 regno
681 5459 807 5516 nati
835 5459 1104 5516 omnium
1129 5458 1252 5516 sint
1269 5458 1620 5532 insptissimi
1649 5460 1720 5516 ad
1742 5475 1874 5531 pero

185 5554 527 5629 cipisndam
550 5548 950 5609 institutione
968 5549 1064 5607 οι
1094 5549 1470 5619 disciplinam
1497 5553 1670 5621 atque
1691 5553 1877 5607 artem

189 5652 328 5704 recte
388 5639 917 5704 administranda
974 5638 1332 5711 reipublicis,
1365 5639 1583 5713 quippe
1618 5654 1765 5711 quos
1823 5643 1880 5698 ct

189 5734 400 5796 delicia
434 5737 500 5794 in
537 5745 821 5808 quarum
856 5730 988 5786 sinu
1025 5729 1457 5799 nutriuntur,et
1487 5729 1737 5788 assidue
1763 5731 1880 5788 im-

1977 5113 2125 5169 pura
2154 5095 2505 5168 primigenia
2563 5097 2694 5168 ipsa
2723 5096 2952 5154 semina
2982 5096 3080 5152 vin
3106 5099 3422 5166 quamdam
3456 5116 3619 5155 arca-

1977 5202 2116 5242 nam
2147 5202 2346 5243 secum
2379 5187 2617 5254 ferrent,
2648 5187 2874 5243 dotium
2907 5186 2982 5244 ad
3016 5187 3290 5258 praeclare
3320 5189 3620 5261 imperan-

1980 5277 2123 5332 dum
2181 5275 2585 5332 necessarium
2670 5276 3080 5346 prabitrirem.
3141 5275 3272 5333 Hec
3357 5278 3623 5335 dicentes

1982 5365 2441 5422 exardescebant
2470 5365 2530 5420 in
2563 5365 2967 5437 impatientem
3013 5365 3358 5423 instantiam
3389 5366 3627 5425 videndi

1984 5453 2367 5527 praepositum
2415 5454 2587 5511 rebus
2637 5470 2841 5510 verum
2872 5454 3179 5510 dominum
3211 5458 3270 5510 et
3295 5472 3511 5514 corona
3541 5458 3630 5513 di-

1985 5559 2193 5617 gnum,
2227 5559 2408 5616 seque
2437 5549 2736 5616 compotes
2763 5549 3054 5613 votorum,
3099 5549 3304 5618 utpote
3334 5548 3636 5619 subjectos

1987 5633 2238 5708 principi
2272 5635 2402 5704 ejus
2433 5635 2632 5692 formae
2655 5651 2834 5707 quam
2855 5635 3308 5708 descripserant.
3334 5639 3389 5694 Is
3408 5653 3637 5711 quoque

1989 5725 2113 5797 ipse
2148 5741 2319 5796 quem
2363 5725 2495 5783 istis
2542 5726 2779 5783 vocibus
2827 5725 3232 5797 designabant,
3284 5728 3639 5801 Palcologus
