4258 6438
617 469 722 521 527

1914 463 2211 519 GEORGII
2252 463 2715 518 PACHYMBRE

3922 457 4030 512 528

617 593 691 651 ὡς
720 588 764 643 εἶ
801 591 877 661 μὴ
910 590 1054 660 ἄξιος
1085 593 1186 655 τῆς
1218 586 1511 662 ἡγεμονίας
1541 585 1751 660 κριθείη
1784 586 1872 638 καὶ
1919 586 1946 638 ὁ
1980 583 2029 654 ἐξ
2077 581 2266 651 αὐτοῦ,
2301 591 2353 657 Α
2383 583 2677 656 ἀργοῦντος
2711 581 2766 638 δὲ
2794 583 2882 637 καὶ
2932 587 3027 637 τοῦ
3077 581 3327 658 σιδήρου,
3378 585 3450 644 ὡς
3499 580 3882 656 ἐπηρτημένου
3933 573 4027 633 καὶ

616 679 776 741 αὐτὸς
854 677 1087 731 ἐντεῦθεν
1165 674 1365 730 ἐκεῖνον
1443 673 1868 750 ἀποψηφίζεται.
1949 672 2100 740 Πλὴν
2175 672 2265 726 καὶ

615 763 802 821 πολλά
831 786 952 819 τινα
981 765 1275 839 κατορθοῦν
1338 765 1678 836 ὑπισχνεῖτο,
1737 763 1835 830 τήν
1884 762 1978 834 μὶν
2032 759 2266 829 Ἐκκλη-

615 855 732 908 σίαν
767 855 1000 927 ἀνυψοῦν
1036 855 1183 920 ὅσον,
1214 851 1340 911 τοὺς
1372 849 1416 905 δ’
1450 850 1782 926 ἱερωμένους
1835 851 1924 904 καὶ
1969 848 2137 904 πλέον
2171 854 2266 903 τοῦ

618 942 840 1016 μετρίου
867 947 1050 1014 τιμᾷν,
1099 942 1266 1013 ἀξίαις
1322 961 1380 995 τε
1427 941 1708 1014 μεγίσταις
1754 940 1843 993 καὶ
1901 938 2027 998 τοὺς
2086 938 2264 1006 ἀξίους

612 1038 720 1086 τῶν
755 1033 803 1086 ἐν
845 1032 992 1086 τέλει
1038 1025 1412 1106 προϐιϐάζειν,
1461 1030 1548 1082 καὶ
1610 1028 1812 1103 κρίσεις
1867 1025 2265 1101 ὑπεραποδὲχε-

611 1133 731 1185 σθαι
792 1120 1025 1190 δικαίας,
1085 1119 1174 1173 καὶ
1234 1119 1362 1179 τοὺς
1413 1118 1661 1194 ἀρῥεπῶς
1709 1121 2024 1190 κρινοῦντας
2079 1116 2265 1190 ἐγκαθο

614 1212 786 1283 ισθᾷν,
819 1211 891 1262 ὧν
940 1209 1029 1263 καὶ
1083 1208 1232 1280 μάλα
1279 1209 1365 1261 καὶ
1425 1209 1730 1280 πρώτιστον
1782 1205 1872 1259 τὸν
1926 1205 2100 1261 Κακὸν
2157 1207 2265 1260 Μι-

615 1298 766 1373 χαήλ
799 1299 887 1353 καὶ
923 1297 1275 1372 Σεναχηρεὶμ
1307 1294 1764 1367 ἐπικεκλημένον,
1825 1295 1879 1348 εὖ
1926 1298 2032 1347 τῶν
2085 1292 2262 1368 λόγων

611 1390 704 1444 καὶ
754 1394 862 1443 τῶν
905 1387 1088 1460 νόμων
1136 1383 1355 1461 ἔχοντα,
1403 1386 1452 1440 ἐν
1484 1390 1563 1457 τῷ
1595 1383 1775 1438 δοῦναί
1825 1386 1879 1437 οἱ
1929 1384 2264 1457 καὶπρωτο-

610 1484 910 1552 ασηκρῆτις
984 1474 1145 1530 πάλιι
1225 1471 1442 1539 σϐεσθέν
1519 1474 1752 1547 ἀξίωμα,
1812 1475 1898 1526 καὶ
1976 1473 2026 1526 o't
2086 1471 2260 1535 θέλειν

610 1566 910 1641 ἆσηκρῆτις
944 1564 1222 1637 ὑποτάξαι,
1256 1563 1337 1638 ἐφ’
1387 1565 1432 1635 ᾧ
1480 1563 1789 1623 ἀδεκάστως
1838 1563 1927 1615 καὶ
1984 1560 2263 1634 ἀνεριΘεὺ-

607 1676 718 1718 τως
775 1655 1033 1729 κρίνοιεν.
1096 1655 1213 1708 Ἐτι
1270 1674 1327 1707 τε
1385 1653 1551 1727 λόγον
1611 1657 1840 1723 τιμῆσαι
1898 1651 1984 1705 καὶ
2036 1648 2162 1709 τοὺς
2209 1647 2260 1702 ἐν

610 1741 763 1819 λὸγῳ
819 1743 943 1818 περὶ
1005 1744 1267 1798 πλείστου
1327 1746 1432 1795 τῶν
1491 1739 1676 1796 ἄλλων
1733 1744 1928 1793 ποιεῖν.
1989 1735 2153 1793 Τὸδὲ
2202 1758 2263 1810 γε

611 1833 999 1906 στρατιωτικὸν
1049 1834 1415 1907 ὑπεραγαπᾷν,
1463 1831 1551 1884 καὶ
1600 1829 1696 1890 τάς
1741 1827 1955 1882 ἐκείνων
1985 1825 2262 1901 προνοίας,

608 1922 703 1977 κᾶν
757 1921 808 1976 ἐν
859 1921 1092 1994 πολέμῳ
1141 1922 1390 1974 πίπτοιεν
1441 1918 1535 1973 κᾶν
1579 1918 1994 1987 ἀποθνήσκοιεν,
2043 1915 2260 1990 γονικᾶς

607 2011 919 2084 ἐγκαθιστᾷν
973 2017 1087 2072 τοῖς
1146 2012 1331 2078 παισὶ,
1384 2008 1477 2064 κᾶν
1532 2031 1670 2064 τισιν
1730 2011 1783 2062 αἱ
1833 2012 2080 2084 γυναῖκες
2126 2003 2259 2058 κατά

605 2103 839 2176 γαστρὸς
887 2098 1090 2176 ἕχοιεῖν
1148 2101 1210 2155 τὸ
1270 2100 1747 2176 κυοφοροὺμενον,
1810 2097 2154 2170 Είσπράξεων
2215 2091 2258 2146 δ’

603 2189 804 2245 ἀδίκων
839 2187 969 2263 μηδ’
1001 2185 1178 2261 ὄνομα
1209 2190 1361 2256 εἶναι,
1402 2185 1542 2260 μηδὲ
1572 2191 1758 2263 χώραν
1812 2184 2018 2240 διδόναι
2072 2179 2258 2238 διαϐο-

604 2279 752 2349 λαῖς,
812 2279 1109 2355 ἀργοῦντος
1179 2280 1272 2351 μὲν
1330 2281 1425 2332 τοῦ
1483 2277 1568 2331 ἐπὶ
1617 2277 1835 2337 ταύταις
1886 2273 2254 2349 μονομαχίου,

608 2465 810 2520 eadem
866 2462 966 2518 illa
997 2462 1371 2533 loquebatur,
1429 2463 1651 2518 addens
1683 2462 1854 2518 etiam
1906 2476 1986 2527 se,
2021 2461 2070 2514 si
2117 2459 2262 2513 forte

610 2553 929 2625 imperaret
959 2557 1015 2607 et
1046 2551 1234 2607 filium
1273 2552 1515 2607 haberet
1547 2568 1660 2606 non
1694 2549 2001 2622 praeditum
2025 2548 2262 2603 dotibus

609 2642 960 2713 artibusque
992 2641 1063 2697 ad
1093 2641 1240 2697 bene
1280 2642 1600 2712 regendum
1635 2640 1809 2711 aptis,
1845 2639 1997 2693 ultro
2031 2638 2260 2692 abdica-

613 2736 815 2786 turum
853 2730 1351 2800 redacturumque
1404 2729 1463 2783 in
1514 2728 1799 2784 ordinem.
1835 2727 1935 2781 His
1969 2725 2261 2780 inserebat

608 2819 1028 2890 promissienes
1061 2817 1407 2890 magniﬁcas
1438 2817 1949 2890 perficiendarum,
1983 2815 2032 2869 si
2063 2814 2260 2870 decla-

609 2911 836 2964 raretur
865 2908 966 2963 92
1001 2907 1342 2978 imperator,
1375 2906 1748 2962 laudatarum
1781 2910 1838 2961 et
1886 2903 2112 2959 cunctis
2160 2919 2258 2958 ex-

610 2997 927 3068 petitarum
961 3013 1154 3053 rerum
1187 2995 1500 3052 Ecclesiam
1535 2995 1773 3067 quidem
1825 3010 1953 3050 sese
2005 2994 2064 3048 in
2097 2992 2259 3048 altis-

605 3086 825 3142 simum
876 3085 1179 3158 fastigium
1238 3089 1598 3153 evecturum,
1636 3101 1836 3140 sacros
1896 3099 2030 3138 vero
2081 3080 2256 3137 mini-

604 3179 758 3230 stros
811 3174 1231 3231 bonoraturum
1291 3173 1772 3245 exquisitissime.
1802 3174 2082 3228 Praeterea
2134 3188 2256 3226 ma-

608 3265 889 3336 gistratus
919 3268 976 3319 et
1006 3263 1382 3335 prafecturas
1413 3281 1528 3318 non
1558 3263 1670 3319 nisi
1704 3262 1896 3334 dignis
1948 3278 2016 3318 ex
2067 3261 2255 3333 primo

604 3354 809 3410 ordine
863 3352 1247 3408 tributurum.
1279 3352 1642 3409 Judiciorum
1699 3369 1902 3408 curam
1937 3355 2253 3421 susceptu-

607 3459 762 3512 rum,
797 3447 861 3497 ut
885 3443 1048 3513 juste
1097 3458 1163 3512 ac
1197 3442 1325 3498 sine
1374 3442 1672 3497 calumnia
1729 3441 1959 3506 ﬁerent,
1993 3441 2261 3511 equique

609 3540 845 3589 tenaces
886 3537 944 3588 et
987 3533 1337 3588 inﬂexibiles
1366 3534 1435 3587 ad
1476 3533 1727 3605 gratiam
1770 3532 1820 3586 ei
1842 3531 2092 3586 reiviros
2120 3546 2259 3601 pra-

602 3623 919 3680 fecturum.
951 3622 1135 3692 Cujus
1168 3622 1249 3677 rei
1275 3623 1400 3693 jam
1447 3638 1602 3677 nunc
1654 3621 1951 3693 specimen
2003 3624 2057 3674 et
2089 3619 2257 3690 quasi

604 3713 819 3786 pignus
837 3712 1000 3768 dedit
1022 3712 1080 3766 in
1110 3728 1365 3783 quopam
1399 3712 1707 3766 notissimo
1739 3716 1876 3766 tunc
1908 3714 1963 3765 et
1993 3708 2257 3765 omnium

607 3802 799 3874 primo
816 3801 1037 3871 judice,
1063 3802 1336 3873 perdocte
1361 3800 1458 3856 illo
1478 3800 1714 3872 quidem
1738 3805 1794 3855 et
1820 3797 2258 3857 consultissimo

599 3891 780 3963 juris,
805 3891 907 3945 sed
931 3890 1227 3961 injustitia
1258 3890 1485 3957 infami,
1521 3890 1859 3946 undeillum
1896 3888 2120 3945 Malum
2155 3889 2257 3942 Mi-

603 3980 867 4035 chaelem
910 3979 987 4051 et}
1014 3979 1473 4036 Senacheribum
1514 3981 1686 4051 vulgo
1708 3979 2255 4042 vocitabant.Quem

607 4070 803 4142 specie
855 4069 1098 4124 honoris
1155 4069 1213 4124 in
1265 4073 1564 4140 posterum
1614 4068 1905 4124 coercuit:
1942 4067 2254 4124 extinclam

602 4159 759 4214 enim
793 4159 958 4230 prius
989 4157 1336 4229 dignitatem
1371 4157 1546 4229 primi
1567 4175 1602 4214 a
1633 4158 1869 4214 secretis
1894 4157 2254 4214 resuscitans

601 4248 652 4303 ei
705 4246 968 4315 tradidit,
1005 4247 1327 4317 subjiciens
1377 4248 1461 4303 sic
1519 4247 1602 4302 illi
1656 4262 1984 4303 assessores
2037 4246 2253 4302 multos

603 4339 818 4410 probos
850 4338 1003 4392 viros
1037 4354 1069 4392 a
1101 4339 1362 4404 secretis,
1395 4337 1504 4394 hoc
1557 4344 1645 4394 est
1676 4337 1907 4393 arcanis
1955 4336 2252 4408 suti'ragiis

590 4429 989 4498 judicaturos,
1024 4432 1080 4482 et
1113 4428 1195 4483 sic
1228 4428 1374 4482 citra
1423 4444 1806 4500 personarum
1852 4427 2250 4498 acceptionem

595 4519 724 4573 sine
756 4516 937 4572 ullius
984 4521 1249 4589 respectu
1301 4533 1365 4572 ac
1413 4517 1781 4588 verecundia,
1817 4517 1970 4588 quod
2017 4517 2246 4586 justum

593 4612 750 4663 esset
781 4608 1142 4662 decreturos.
1180 4605 1564 4662 Pollicebalur
1593 4607 1770 4664 etiam
1804 4623 1929 4662 sese
1960 4606 2249 4662 litteratos

2375 671 2626 726 κινδύνου
2686 672 2962 748 μεγίστου,
3014 671 3066 726 εἷ’
3116 693 3198 734 τις
3253 671 3484 742 τολμῴη
3547 675 3655 724 τῶν
3711 667 4021 741 δυναμένων

2375 761 2462 813 καὶ
2512 760 2562 814 ἐν
2625 763 2822 835 ἀρχαῖς
2894 761 3115 835 ὑπέχειν
3171 762 3260 814 τὸν
3324 756 3524 834 μόδρον
3578 759 4025 830 καταναγκάζειν.

2375 851 2453 906 Τά
2482 847 2538 903 δὲ
2569 855 2667 918 τῆς
2697 849 2974 910 πολιτείας
3000 848 3172 911 οὕτως
3220 844 3441 925 ἀφόϐως
3491 846 3544 901 ἐν
3594 847 3781 921 εἰρήνῃ
3833 843 4026 914 διατη-

2377 943 2605 1010 ρεῖσθαι,
2667 939 2804 994 ὥστε
2859 939 2947 993 καὶ
2994 938 3121 1000 τοὺς
3181 938 3517 1012 ἀποροῦντας
3567 937 3655 990 καὶ
3686 937 3884 997 ἱκανῶς
3925 941 4026 1002 τῆς

2375 1028 2688 1100 περιουσίας
2764 1024 2996 1102 ἔχοντας
3059 1024 3532 1098 ἐπιδεικνυμένους
3588 1024 3654 1079 τὰ
3712 1023 4025 1097 ὑπάρχοντα

2374 1114 2697 1188 κυδροῦσθαι
2743 1117 2832 1170 καὶ
2879 1120 2940 1170 τὸ
2988 1118 3238 1190 παράπαν
3288 1117 3364 1188 μὴ
3417 1113 3666 1170 δεδιέναι.
3707 1112 3828 1170 Ἐπὶ
3860 1118 4023 1166 πᾶσιν

2377 1205 2664 1258 ὑπακούειν
2721 1213 2820 1274 τῆς
2876 1206 3230 1275 Ἐκκλησίας,
3280 1204 3370 1258 καὶ
3432 1204 3639 1278 μητερα
3684 1201 3882 1270 ταύτην
3945 1202 4021 1260 ὡς

2376 1294 2515 1355 εἰκὸς
2581 1297 2863 1368 ἡγεῖσθαι,
2930 1295 3017 1349 καὶ
3074 1300 3178 1349 πᾶν
3230 1295 3293 1348 τὸ
3350 1293 3427 1355 εἷς
3484 1292 3803 1346 κατάστασιν
3855 1291 4027 1357 αὐτῆς

2374 1384 2876 1455 πραγματεύεσθαι.
2933 1387 3104 1437 Ταῦτα
3162 1380 3218 1436 δὲ
3275 1381 3628 1457 προσετίθει,
3685 1380 3766 1435 ὅτι
3824 1379 3913 1432 καὶ
3972 1377 4029 1432 ἐν

2376 1472 2655 1533 ὑπονοίαις
2689 1474 2716 1525 ὁ
2775 1467 3187 1545 προϐασιλεύων
3247 1472 3313 1539 ἧν
3363 1469 3458 1525 τοῦ
3507 1474 3857 1546 καταφρονεῖν
3917 1472 4025 1522 τῶν

2374 1558 2582 1630 ἐκείνης
2667 1563 2985 1635 προνομίων
3064 1561 3153 1615 καὶ
3225 1562 3526 1635 βασιλικῶς
3583 1557 4023 1633 κατεπαίρεσθαι,

2374 1648 2511 1702 ὥστε
2557 1651 2644 1703 καὶ
2705 1650 2789 1704 ἐπὶ
2826 1649 3062 1712 πολλοῖς
3111 1651 3200 1704 τὸν
3233 1649 3582 1723 πατριάρχην
3615 1647 3899 1710 λυπεῖσθαι
3931 1646 4024 1699 καὶ

2372 1739 2468 1804 τήν
2527 1743 2622 1792 τοῦ
2672 1737 2807 1793 λαοῦ
2859 1739 3184 1813 προστασίαν
3241 1739 3786 1811 ἀποπροσποιεῖσθαι,
3851 1733 4026 1808 μηδὲν

2373 1826 2466 1881 κᾶν
2519 1825 2741 1890 δικαίως
2801 1829 2931 1902 ὑπὲρ
2983 1850 3144 1882 τινων
3204 1825 3359 1901 λὲγοι
3421 1826 3860 1898 εἷσακουόμενον.
3925 1825 4029 1880 Ἠν

2374 1914 2464 1970 οῦν
2524 1917 2645 1971 τότε
2703 1919 2781 1985 τῷ
2834 1921 3170 1993 πατριάρχῃ,
3228 1917 3314 1970 καὶ
3376 1919 3462 1977 οἷς
3493 1919 3601 1970 τῶν
3633 1914 3938 1990 ἀρχιερέων
3965 1913 4032 1966 τὸ

2369 2004 2442 2065 εἰς
2474 2007 2534 2059 τὸ
2598 2005 2802 2078 μέλλον
2863 2007 3143 2081 προμηθὲς
3185 2007 3274 2074 ἦν,
3337 2003 3513 2060 διττοί
3560 2024 3700 2065 τινες
3762 2002 4031 2076 λογισμοὶ

2371 2094 2506 2165 πρὸς
2562 2096 2842 2173 ἀμφότερα
2897 2096 3184 2171 κρούοντες
3244 2095 3332 2149 καὶ
3391 2093 3716 2164 ἑκατέρωθεν
3777 2091 4027 2167 ἴσχυροί.

2368 2184 2493 2238 Ὀτε
2522 2185 2620 2258 γὰρ
2655 2185 2790 2258 πρὸς
2834 2187 2932 2255 τήν
2982 2192 3082 2255 τῆς
3136 2182 3416 2259 βασιλείας
3457 2181 3723 2237 ἐντὲλειαν
3778 2176 4032 2235 ἀποϐλε-

2368 2276 2541 2345 ψαιεν,
2574 2273 2660 2327 καὶ
2687 2276 2747 2328 τὸ
2780 2278 2906 2349 παρ’
2961 2276 3163 2351 ἀμφοῖν
3198 2271 3498 2350 βασιλέοιν,
3548 2275 3643 2327 τοῦ
3697 2272 3791 2344 μὶν
3838 2290 4035 2324 νεοκο-

2374 2458 2717 2530 decertaret,
2738 2477 2909 2517 nemo
2942 2464 3209 2517 contactu
3242 2458 3380 2516 ferri
3399 2457 3704 2514 candentis
3737 2456 4040 2510 innocen—

2371 2547 2513 2603 tiam
2548 2549 2821 2620 probaret
2875 2549 3018 2606 satis
3067 2566 3247 2622 gnaro
3301 2562 3655 2619 unoquoque
3706 2544 4030 2616 magistra-

2371 2647 2540 2699 tuum
2575 2660 2856 2716 magnum
2884 2643 3020 2699 mali
3048 2641 3381 2715 gravissimi
3412 2640 3522 2697 sibi
3551 2638 3878 2712 periculum
3908 2637 4032 2692 im—

2372 2733 2644 2802 pendere,
2681 2734 2730 2787 si
2784 2731 2872 2788 vel
2933 2737 3159 2787 tantum
3187 2730 3537 2795 conniverat,
3571 2733 3635 2784 ut
3683 2727 3873 2799 quivis
3916 2728 4032 2782 de-

2372 2821 2528 2876 latus
2561 2822 2630 2877 ad
2663 2821 3129 2893 experimentum
3163 2837 3372 2877 massas
3402 2819 3708 2875 candentis
3757 2817 4034 2888 adigere-

2370 2914 2483 2964 tur.
2515 2911 2850 2982 Spondebat
2900 2910 3040 2981 quin
3073 2910 3249 2965 etiam
3299 2922 3596 2964 summam
3645 2904 4033 2962 securitatem

2369 2999 2529 3069 pacis
2562 2999 2830 3070 publicae,
2854 3017 2957 3071 per
2987 3016 3162 3071 quam
3196 2999 3374 3055 etiam
3406 3002 3614 3052 tenues
3645 2999 3701 3051 et
3731 2993 3898 3066 prius
3915 2993 4029 3048 98

2368 3095 2601 3161 egentes
2621 3091 2742 3160 jam
2765 3094 2996 3145 tantum
3016 3089 3405 3156 abundarent,
3424 3091 3604 3142 utnec
3627 3084 3773 3156 ipsis
3799 3084 4035 3138 deferet

2366 3177 2614 3233 facultas
2646 3179 3130 3234 ostentandarum
3165 3193 3342 3249 opum
3393 3180 3450 3231 et
3499 3191 3560 3230 se
3612 3171 4033 3243 familiamque

2368 3267 2690 3323 domestica
2734 3269 2900 3340 copia
2947 3267 3319 3333 honestandi,
3354 3264 3516 3320 omni
3565 3280 3808 3337 prorsus
3861 3266 4033 3317 metu

2372 3356 2589 3412 vacuis.
2624 3357 2812 3428 Super
2842 3357 3038 3412 omnia
3068 3355 3614 3411 obedientissimum
3649 3368 3797 3418 sese,
3832 3355 4037 3422 utpar

2371 3451 2480 3515 est,
2523 3447 2788 3504 Ecclesiae
2849 3446 3257 3518 praebiturum,
3298 3448 3355 3500 et
3414 3443 3621 3499 matris
3673 3442 3839 3498 illam
3891 3440 4032 3496 loco

2371 3538 2709 3606 ducturum,
2743 3539 3009 3610 nihilque
3043 3554 3157 3592 non
3191 3535 3535 3592 moliturum
3578 3534 3734 3606 quod
3767 3533 3838 3588 ad
3892 3534 4035 3603 ejus

2371 3633 2589 3683 statum
2607 3644 2928 3700 pacemque
2942 3627 3289 3682 servandam
3307 3624 3605 3679 videretur
3628 3620 4031 3677 conducibile.

2370 3737 2431 3786 1n
2465 3737 2581 3791 quo
2615 3726 2679 3775 ut
2725 3718 3127 3774 abundantius
3160 3716 3503 3789 religionem
3555 3715 3901 3781 ostentaret,
3935 3711 4040 3765 in-

2370 3809 2660 3863 citabatur
2689 3823 2793 3880 spe
2823 3805 3282 3877 comparationis
3312 3821 3344 3858 a
3376 3801 3593 3876 populo
3644 3799 4040 3855 instituendas

2370 3897 2655 3952 factorum
2710 3913 2952 3952 suorum
3018 3896 3146 3965 ejus
3203 3895 3434 3965 generis
3502 3907 3637 3946 cum
3709 3888 4038 3945 contrariis

2367 3985 2648 4057 exemplis
2680 3984 3052 4056 imperatoris
3084 3998 3272 4054 nuper
3301 3979 3584 4046 defuncti,
3614 3979 3684 4032 de
3716 3993 3830 4047 quo
3875 3976 4036 4031 scie-

2367 4076 2469 4130 bat
2498 4075 2819 4131 invaluisse
2847 4073 3240 4145 suspicionem
3269 4071 3424 4126 haud
3451 4068 3647 4140 magni
3671 4083 3805 4123 eum
3831 4065 4036 4120 facere

2367 4165 2629 4221 Ecclesiae
2662 4164 3094 4233 auctoritatem,
3127 4162 3418 4232 eﬂ‘ereque
3459 4175 3521 4214 se
3567 4159 3624 4213 in
3679 4173 3807 4212 eam
3862 4155 4034 4210 fastu

2365 4255 2545 4327 regio.
2582 4255 2741 4310 Unde
2771 4257 2826 4309 et
2857 4253 3181 4324 contigerat
3210 4268 3275 4307 eo
3327 4252 3613 4320 regnante
3663 4244 3884 4300 multas
3936 4245 4035 4299 of-

2365 4345 2658 4400 fensiones
2690 4349 2745 4399 et
2775 4343 3010 4398 dolendi
3043 4358 3254 4397 causas
3277 4338 3620 4412 patriarcha:
3653 4335 3847 4391 oﬂ’erri
3872 4335 4033 4389 adeo

2362 4439 2427 4488 ut
2451 4435 2575 4504 jam
2607 4451 2722 4489 non
2753 4433 2992 4488 auderet
3018 4430 3316 4502 suscipere
3349 4425 3742 4501 patrocinium
3786 4423 4031 4496 populi,

2363 4538 2466 4577 nec
2497 4523 2932 4593 deprecatorem
2966 4536 3026 4574 se
3075 4518 3340 4588 ingerere
3368 4515 3428 4571 in
3462 4511 3738 4587 periculis
3768 4512 4032 4568 misero-

2361 4627 2515 4679 rum,
2552 4611 2828 4682 quoniam
2862 4626 2976 4666 non
3010 4612 3275 4681 speraret
3306 4623 3366 4663 se
3400 4607 3667 4661 auditum
3704 4603 3798 4670 iri,
3833 4620 4032 4673 quan-

591 4696 806 4752 eximie
836 4694 1136 4750 culturum
1188 4695 1683 4768 praelaturumque
1727 4696 1975 4752 cunctiS'
2011 4696 2097 4750 Ad
2128 4695 2246 4750 hac
2279 4692 2326 4758 Ι)
2357 4700 2575 4758 tumvis
2601 4717 2767 4773 aequa
2797 4700 3207 4756 diceret.Tunc
3232 4713 3401 4769 porro
3427 4693 3761 4768 patriarcha
3793 4697 3853 4748 et
3888 4693 3929 4747 ii
3954 4710 4033 4749 ex

588 4786 866 4841 eximiam
898 4802 1040 4857 erga
1075 4785 1391 4842 militarem
1439 4785 1703 4842 ordinem
1750 4786 2079 4842 caritatem'
2113 4802 2246 4858 pro-

594 4876 883 4946 mittebat,
918 4875 1230 4947 stipendiis
1259 4877 1327 4930 ad
1363 4877 1517 4931 diem
1552 4877 1935 4932 numerandis
1960 4876 2246 4932 donativis

593 4966 1107 5037 repraesentandis,
1140 4980 1344 5021 eorum
1392 4982 1527 5021 vero
1561 4967 1660 5038 qui
1713 4967 1771 5021 in
1805 4965 1954 5021 bello
2000 4966 2245 5021 cecidis-

592 5060 726 5111 sent
775 5058 831 5111 et
883 5055 942 5110 in
974 5056 1258 5126 obsequio
1281 5056 1616 5129 reipublicae
1637 5057 1818 5111 vitam
1844 5054 2245 5128 profudissent

586 5143 812 5216 liberis,
846 5144 894 5200 si
928 5161 1076 5217 quos
1127 5145 1528 5217 reliquissent,
1563 5146 1761 5202 debita
1810 5146 1956 5218 patri
2003 5146 2243 5217 prazmia

583 5235 920 5292 reddendo:
954 5235 1012 5290 in
1045 5251 1231 5307 eoque
1258 5240 1377 5291 tam
1411 5235 1755 5308 diligentem
1791 5237 1928 5303 fore,
1964 5240 2028 5290 ut
2060 5236 2108 5291 si
2141 5252 2240 5290 cu-

575 5325 678 5394 jus
706 5323 880 5379 occisi
916 5323 1121 5380 militis
1155 5341 1299 5381 uxor
1331 5341 1641 5398 praegnans
1697 5329 2054 5399 superesset,
2088 5327 2238 5382 fetus

577 5412 635 5467 in
671 5429 740 5468 ea
771 5413 1036 5486 concepti
1071 5415 1496 5485 providentiam
1549 5423 1771 5488 gereret
1804 5416 1974 5487 eique
2020 5416 2236 5471 servari

577 5504 795 5558 mortui
856 5504 1115 5575 parentis
1176 5504 1489 5560 honoraria
1559 5510 1809 5561 curaret.
1871 5505 2233 5574 Injustarum

574 5609 746 5664 porro
779 5593 1148 5650 exactionum
1182 5612 1253 5651 ne
1287 5611 1497 5651 nomen
1531 5596 1768 5667 quidem
1802 5596 1992 5651 audiri
2028 5613 2231 5667 passu-

571 5701 725 5740 rum.
792 5687 904 5742 Nec
965 5687 1161 5744 locum
1223 5689 1499 5744 daturum
1534 5689 1882 5758 calumniis;
1917 5690 2074 5744 unde
2104 5691 2230 5760 jam

567 5791 740 5830 nemo
775 5777 842 5831 ad
874 5792 1075 5835 earum
1114 5777 1522 5851 depulsionem
1567 5777 1853 5850 singulari
1913 5780 2228 5836 certamine

2360 4790 2721 4848 antistitibus
2744 4790 2842 4861 qui
2867 4790 3046 4844 futuri
3073 4785 3499 4859 providentiam
3523 4783 3842 4853 habebant,
3859 4783 4032 4855 cogi-

2356 4881 2681 4938 tationibus
2711 4881 2958 4935 invicem
3007 4877 3270 4933 adversis
3301 4881 3360 4931 et
3398 4874 3586 4930 valide
3634 4872 3930 4942 utrinque
3961 4871 4031 4926 in

2358 4971 2653 5027 contraria
2708 4967 3146 5024 incurrentibus
3205 4965 3708 5021 distrahebantur.
3765 4961 4033 5025 Quando

2360 5063 2514 5119 enim
2549 5061 2768 5116 bonum
2810 5059 3039 5132 imperii
3083 5060 3304 5113 statum
3362 5053 3734 5127 reputabant,
3768 5052 4032 5124 pracla-

2354 5169 2484 5208 rum
2517 5150 2664 5222 ipsis
2713 5153 2770 5204 et
2823 5147 3038 5221 pepulo
3088 5145 3346 5202 salutare
3395 5144 3722 5210 videbatur,
3755 5141 4034 5197 admini-

2352 5241 2523 5298 strari
2586 5238 2948 5312 republicam
3009 5236 3246 5293 nomine
3278 5239 3455 5307 atque
3513 5233 3866 5290 auctoritate
3933 5233 4033 5287 si-

2351 5331 2473 5386 mul
2501 5329 2720 5400 junctis
2753 5327 3088 5400 principum
3111 5327 3404 5395 duorum;
3436 5322 3677 5379 alterius
3708 5320 3927 5394 pupilli
3963 5327 4035 5378 et

2347 5420 2407 5475 in
2433 5419 2745 5492 perfectam
2770 5420 3000 5472 aetatem
3030 5415 3228 5471 debita
3255 5431 3395 5470 cura
3416 5411 3700 5470 educandi
3729 5410 4032 5482 ;alterius

2347 5526 2450 5582 per
2483 5525 2542 5565 se
2573 5506 2821 5562 valentis
2854 5521 3063 5578 resque
3117 5520 3291 5578 opera
3343 5502 3701 5572 consilioque
3751 5502 4032 5573 propriis

2344 5599 2617 5673 gerentis.
2649 5597 2878 5677 Rursus
2899 5612 3030 5652 cum
3063 5593 3458 5650 extendebant
3479 5591 3747 5648 animum
3778 5591 3839 5646 in
3877 5610 4029 5664 pro-

2339 5689 2626 5745 visionem
2661 5703 2856 5742 rerum
2905 5686 3259 5754 futurarum,
3294 5683 3432 5739 hinc
3463 5682 3696 5753 quidem
3731 5697 4033 5737 occurre-

2346 5781 2446 5836 bat
2487 5782 2768 5851 quantum
2831 5776 3120 5849 expectari
3184 5774 3320 5831 boni
3376 5777 3576 5846 posset
3630 5787 3698 5828 ex
3757 5771 4035 5844 imperio
