4258 6438
194 377 299 432 529

198 501 476 572 μουμένου
533 504 629 554 τοῦ
689 497 733 554 δ’
787 500 1158 574 ἐνεργοῦντος,
1219 498 1478 573 ἄρχεσθαι
1547 501 1620 560 ὡς
1677 498 1923 568 καλὸνΑ
1956 499 2140 554 λιστον
2193 499 2397 556 ἀδικεῖν
2429 545 2439 558 .

192 591 334 660 ὁμοῦ
367 589 562 660 καὶτῷ
599 589 829 659 ὑπηκόῳ
855 590 1124 662 σωτήριον
1150 590 1460 646 κατενόουν.
1496 591 1554 661 [Ρ
1586 591 1676 661 29]
1698 590 1840 662 Πρὸς

196 675 252 732 δὶ
279 678 374 732 καὶ
421 678 489 732 τά
545 675 820 748 μέλλοντα
866 679 1352 752 προσγενήσεσθαι,
1397 680 1506 749 ἅμα
1558 678 1650 748 μξν
1686 677 1734 748 ἐξ
1767 678 1838 730 ὧν

188 770 288 836 τήν
340 767 533 835 ἱκανήν
583 764 966 841 πληροφορίαν
1025 766 1111 821 ἐπὶ
1160 764 1347 842 τάνδρὶ
1393 768 1538 842 εἶχον
1586 765 1644 820 ἐκ
1691 766 1838 821 πλεί·

189 878 342 923 στου,
404 856 520 929 ἃμα
580 852 638 910 δὲ
665 855 756 910 καὶ
801 855 853 926 ἐξ
886 857 960 910 ὧν
1014 856 1136 910 τότε
1197 857 1635 930 ὑπισχνουμένου
1710 877 1836 911 κατ-

190 948 419 1015 ήκουον,
478 942 1047 1020 ὑπεραποδεχομένοις
1100 943 1331 1016 ὶῲκεσαν
1371 945 1437 998 τά
1467 944 1602 999 κατά
1631 945 1838 1019 βουλὴν

188 1032 643 1107 πραχθησόμενα.
676 1034 806 1089 "Ore
849 1030 896 1087 δ’
926 1033 990 1086 αὖ
1029 1032 1192 1086 πάλιν
1234 1034 1369 1106 πρὸς
1400 1054 1456 1087 τε
1485 1034 1546 1088 τὸ
1576 1038 1672 1088 τοῦ
1721 1033 1836 1096 ἐνὸς

185 1119 614 1193 ἀφιλονὶικητόν
668 1141 726 1174 τε
769 1119 858 1173 καὶ
917 1121 1255 1195 ἀνερίθευτον
1318 1121 1403 1174 καὶ
1450 1123 1510 1175 τὸ
1568 1119 1653 1173 ἐπὶ
1714 1117 1832 1174 δυσὶ

185 1208 562 1262 στασιαστικόν
641 1229 698 1262 τε
771 1208 859 1263 καὶ
933 1208 1182 1282 μάχιμον
1256 1207 1580 1278 ὲνοήσαιεν,
1629 1208 1726 1262 τάσ
1785 1209 1830 1260 0’

184 1296 512 1372 ἑκατέρωθεν
557 1292 855 1359 ἐπιϐουλὰς
906 1298 994 1351 καὶ
1037 1299 1131 1358 τὰς
1186 1298 1416 1370 ὑποψίας
1466 1298 1580 1358 ἰνὸς
1613 1296 1696 1351 ἐπὶ
1733 1298 1829 1350 01'-

177 1407 330 1461 τερον
361 1387 450 1440 καὶ
485 1385 643 1449 τέλος
687 1387 779 1440 τὸν
831 1384 912 1460 ἐφ’
952 1386 1027 1441 ἐνὶ
1063 1384 1308 1440 κίνδυνον
1361 1387 1502 1460 παρά
1546 1391 1641 1440 τοῦ
1692 1407 1824 1459 κραα

174 1479 466 1545 τήσαντος,
518 1473 808 1548 διεφώνουν
855 1477 940 1529 καὶ
985 1475 1346 1550 ἀπηγόρευον.
1401 1476 1545 1531 Εἶναι
1591 1476 1691 1549 γὰρ
1723 1477 1822 1544 τὴν

178 1562 460 1638 βασιλείαν
514 1564 604 1619 καὶ
665 1562 854 1626 ἄλλως
911 1571 1105 1638 χρῆμα
1165 1565 1258 1637 μὶν
1312 1565 1529 1637 ὀρεκτὸν
1581 1567 1666 1619 καὶ
1723 1569 1821 1618 τοῦ

172 1653 377 1714 παντὸς
408 1650 577 1723 ἄξιον,
611 1653 907 1707 ὑποπτικὸν
951 1651 995 1707 δ’
1043 1651 1256 1720 ἄλλως,
1290 1652 1427 1706 ὣστε
1475 1653 1560 1706 καὶ
1617 1654 1693 1724 μή
1727 1655 1819 1706 οῦ-

171 1763 262 1795 σαν
296 1742 491 1796 κακίαν
523 1738 952 1810 είδωλοποιῆσαι
988 1739 1076 1796 διά
1104 1743 1202 1810 τήν
1239 1741 1467 1814 ὑποψίαν
1513 1742 1600 1796 καὶ
1634 1742 1815 1808 οὖσαν,

173 1831 413 1902 μετιέναι
463 1829 848 1906 παρασκεάζειν
897 1831 988 1886 τὸν
1042 1829 1126 1885 ἐπὶ
1168 1838 1266 1899 τῆς
1320 1830 1520 1905 ἀρχῆς,
1553 1832 1626 1892 ὡς
1675 1830 1816 1885 οὕτω

171 1921 334 1991 μόνος
395 1919 654 1997 ἀσφαλῶς
705 1918 1125 1993 βασιλεύσοντα,
1187 1917 1245 1972 ἃν
1296 1920 1386 1973 καὶ
1429 1920 1494 1974 τά
1557 1922 1631 1991 μή
1693 1916 1816 1974 ὄντα

166 2007 346 2082 μετίῃ.
399 2014 465 2086 ’ῼ
514 2007 569 2064 δέ
616 2030 697 2070 τις
749 2010 882 2082 πρὸς
933 2013 1098 2063 ταῦτα
1157 2010 1243 2062 καὶ
1299 2007 1678 2064 ὑποστέλλοιτ’
1725 2007 1808 2078 ἄν,

157 2101 235 2166 τῷ
269 2099 348 2167 μή
376 2116 515 2151 τισιν
560 2093 744 2157 ἄδικος
806 2093 954 2166 δόξαι
1009 2100 1077 2168 τῇ
1137 2096 1411 2170 μοναρχίᾳ
1469 2095 1804 2168 ἐπιθέμενος.

156 2185 321 2260 σοσφόν
374 2206 495 2239 τινα
561 2183 725 2260 λόγον
777 2186 865 2238 καὶ
919 2184 1149 2238 παλαιὸν
1205 2183 1263 2238 ἐκ
1317 2182 1619 2258 τραγῳδίας
1675 2187 1806 2239 εἶναι

151 2276 241 2328 τὸν
277 2273 594 2350 ἐξαιροῦντα
640 2275 731 2329 τὸν
785 2273 872 2328 ἰπὶ
921 2278 988 2346 τῇ
1030 2271 1156 2346 δόξῃ
1203 2281 1299 2342 τῆς
1337 2274 1546 2348 ἀγικίας
1590 2279 1802 2347 μῶμον,

152 2361 423 2439 λέγοντα,
485 2362 636 2437 εἷ’περ
687 2361 890 2418 ἀδικεῖν
939 2362 1073 2432 δέοι,
1128 2364 1259 2438 ὑπὲρ
1306 2362 1621 2438 τυραννίδος
1669 2363 1802 2418 κάλ·

148 2563 490 2636 Palaeologi,
516 2564 586 2620 de
617 2564 789 2636 cujus
823 2569 880 2620 et
910 2565 1203 2636 sapientia
1232 2569 1290 2620 et
1329 2564 1588 2620 bonitate
1610 2570 1667 2620 et
1696 2565 1810 2620 for-

144 2654 408 2709 titudine
469 2653 637 2725 plene
686 2654 800 2710 sibi
858 2654 1124 2727 persuasi
1184 2654 1575 2722 videbantur;
1629 2669 1811 2725 eoque

147 2746 458 2797 momento
492 2742 646 2798 haud
667 2741 841 2798 dubie
865 2743 1305 2815 propendebant
1329 2743 1387 2797 in
1411 2758 1538 2798 eam
1562 2747 1807 2815 partem,

144 2847 274 2903 qua:
335 2831 439 2886 tali
472 2835 712 2903 tamque
769 2833 1010 2904 probato
1066 2836 1124 2888 et
1183 2835 1384 2904 parato
1447 2832 1806 2903 imperatori,

145 2925 270 2976 tam
307 2919 506 2975 fausta
527 2924 585 2976 et
607 2921 888 2993 optabilia
911 2924 1034 2976 tum
1063 2922 1422 2994 promittenti
1443 2925 1570 2976 tum
1596 2920 1804 2977 idoneo

142 3013 455 3082 praestare,
481 3013 703 3065 certam
734 3015 791 3065 et
821 3014 1160 3082 perpetuam
1186 3010 1381 3066 collati
1405 3011 1532 3080 jam
1563 3011 1802 3066 honoris

139 3097 585 3168 possessionem
607 3099 1054 3171 optabat.lidem
1070 3105 1266 3155 tamen
1288 3100 1386 3154 ubi
1411 3100 1618 3155 deinde
1635 3116 1800 3172 repu-

1261 379 1357 431 DE
1396 378 1765 432 MICHABLE
1805 377 2246 434 PALBOLOGO
2283 381 2414 434 LIB.
2455 381 2524 432 ῙῙ.

3497 378 3604 431 530

2514 503 2675 558 Ταῦτ’
2728 499 2951 561 ἰκτίνοις
3020 498 3402 573 λογιζομένοις
3482 498 3601 562 δέος

1955 589 2159 662 ἑπῇεμ
2235 591 2323 644 καὶ
2401 592 2546 665 παρά
2612 594 2779 644 ταῦτα
2858 590 2949 661 μὶν
3013 587 3245 654 πλησίον
3299 590 3432 655 ἦσαν
3504 594 3600 643 τοῦ

1951 679 2228 750 πράττειν.
2258 678 2464 733 τούτων
2517 677 2574 733 δὲ
2622 680 3071 752 προσκρουόντων
3118 678 3244 738 τοὺς
3296 675 3596 752 λογισμοὺς

1951 766 2110 840 ἀργοὶ
2142 767 2276 840 πρὸς
2305 767 2367 821 τὸ
2419 765 2544 841 δρᾷν
2598 768 2751 835 ἦσαν,
2801 766 2894 820 κᾶν
2946 764 3062 820 ὅσοι
3114 766 3202 819 καὶ
3252 764 3453 840 ὥρμων
3508 764 3598 820 λέ-

1947 874 2079 928 γειν.
2115 859 2252 925 Νικᾷ
2309 851 2355 907 δ’
2407 856 2558 926 ὅμως
2608 854 2670 908 τὸ
2724 855 3014 929 μόρσιμον.
3052 853 3147 906 Καὶ
3177 857 3274 907 τοῦ
3337 853 3429 924 μὲν
3489 855 3587 920 τὴν

1947 942 2125 1016 ἀρχὴν
2204 941 2530 1017 ἐγχειρίζειν
2609 943 2799 1014 ἐκείνῳ
2880 941 3236 996 οἱπλεῖστοι
3303 941 3587 1017 γίνονται,

1945 1032 2032 1084 καὶ
2068 1029 2261 1106 σχεδὸν
2310 1031 2520 1096 πάντες
2557 1031 2709 1104 ὅμως
2743 1031 2790 1085 δ’
2822 1028 3088 1104 ἐμπεδοῦν
3139 1037 3256 1091 τοῖς
3319 1029 3591 1107 φρικώδε-

1944 1141 2024 1174 σιν
2077 1121 2284 1192 ὅρκοις,
2333 1122 2516 1192 ἀραῖον
2571 1119 2718 1194 ἔχειν
2768 1121 2898 1193 ὑπὲρ
2947 1120 3173 1194 θατέρου
3217 1121 3434 1193 Θάτερον
3494 1124 3589 1173 τοῦ

1945 1212 2019 1280 μή
2065 1230 2115 1262 τι
2170 1207 2342 1263 δεινὸν
2396 1208 2784 1282 βουλεύσασθαι
2840 1210 2955 1262 κατ’
3005 1207 3270 1278 ἀλλήλων
3318 1208 3445 1269 τοὺς
3493 1211 3586 1282 βας

1940 1297 2146 1364 σιλέας,
2178 1301 2285 1352 τῶν
2317 1297 2539 1352 εἰκότων
2571 1297 2847 1370 ἐνόμισαν.

1941 1404 2006 1477 β’.
2073 1405 2261 1465 ’Ὀπως
2343 1403 2550 1458 ἀνίεσαν
2631 1405 2724 1477 ,τὸν
2805 1401 3184 1477 Παλαιολόγον

2621 1476 2892 1530 ὑπέκειτο.

2006 1565 2088 1636 [Ρ.
2121 1566 2210 1636 60]
2233 1564 2500 1636 Ἐτοίμως
2525 1561 2571 1617 δ’
2593 1564 2836 1637 ἀφῄρουν
2861 1561 2947 1617 καὶ
2970 1565 3031 1617 τὸ
3054 1560 3245 1617 δοκοῦν
3273 1566 3388 1624 τοῖς
3411 1583 3577 1635 πρατ-

1929 1654 2185 1724 τομένοις
2242 1651 2627 1727 προσίστασθαι
2689 1653 2863 1726 ἐφέσει
2927 1655 3022 1706 τοῦ
3092 1655 3259 1706 ταῦτα
3314 1650 3575 1724 γενέσθαι.

1927 1743 2014 1802 Ὠς
2071 1742 2170 1816 γάρ
2231 1743 2284 1796 αἱ
2340 1747 2613 1817 γεγονυῖαι
2683 1739 2951 1795 συνθισίαί
3020 1745 3116 1794 τοῦ
3190 1739 3572 1814 ΠαΑαιολόγου

1927 1831 2060 1904 πρὸς
2084 1831 2174 1886 τὸν
2206 1833 2424 1884 πάππον
2456 1834 2551 1884 τοῦ
2588 1828 2856 1904 βασιλέως
2903 1831 2988 1883 καὶ
3041 1831 3095 1883 αἱ
3146 1827 3213 1882 δι’
3246 1829 3567 1906 ἀφορισμῶν

1925 1918 2283 1992 ἐμπεδώσεις,
2306 1921 2339 1988 ἧ
2377 1921 2483 1992 μὴν
2511 1922 2586 1991 μή
2609 1941 2659 1973 τι
2687 1918 2820 1973 κατά
2841 1923 2930 1972 τοῦ
2948 1918 3135 1992 γένους
3161 1922 3257 1973 τοῦ
3286 1917 3566 1993 βασιλείου

1925 2009 2341 2084 βουλεύσασθαι,
2368 2009 2512 2084 παρά
2549 2029 2655 2062 των
2698 2008 3098 2080 προύτείνοντο,
3142 2008 3214 2068 ὡς
3263 2008 3407 2062 ἱστὸν
3457 2008 3556 2081 ἀρ-

1919 2099 2093 2172 άχνης
2120 2099 2146 2151 ὁ
2175 2102 2280 2151 τῶν
2316 2098 2616 2172 ἀρχιερέων
2666 2094 2938 2172 συλλογος
2987 2097 3082 2158 τὰς
3112 2098 3371 2166 συνθήκας
3415 2095 3554 2150 ἐκεί-

1917 2209 2008 2249 νας
2072 2185 2303 2242 διέλυον.
2361 2189 2448 2253 Μὴ
2498 2186 2598 2261 γὰρ
2658 2185 2791 2240 εἶναι
2851 2186 2910 2238 τὸ
2967 2189 3213 2239 τοιοῦτον
3271 2185 3403 2238 κατά
3463 2188 3558 2238 τοῦ

1920 2275 2333 2351 βασιλευὸοντος
2366 2276 2616 2330 κάκιστον
2655 2273 2954 2349 βούλευμα,
2991 2271 3133 2328 ὁλλά
3183 2272 3394 2347 μᾶλλον
3445 2295 3562 2326 συν-

1915 2366 2092 2441 εργίαν
2125 2369 2221 2430 τῆς
2265 2366 2544 2440 βασιλείας
2599 2364 2686 2418 καὶ
2725 2366 3052 2437 συντήρησιν
3081 2359 3401 2435 ἀδιάδοχον,
3432 2363 3566 2417 κατά

3277 1404 3418 1476 ἀρῶν
3499 1405 3579 1463 αἶς

1923 2565 2253 2621 subsidium
2285 2565 2622 2621 ambitionis
2654 2569 2856 2620 contra
2887 2563 3309 2618 humanitatem
3344 2568 3508 2619 vetus
3540 2581 3568 2620 e

1923 2656 2204 2726 tragoedia
2235 2655 2560 2722 oraculum,
2585 2671 2700 2725 quo
2731 2655 3001 2725 edicitur,
3021 2655 3068 2710 si
3094 2655 3196 2725 jus
3224 2653 3564 2709 violandum

1922 2761 2181 2815 unquam
2214 2744 2311 2808 sit,
2338 2743 2575 2798 minime
2598 2744 3044 2815 vituperabilem
3069 2749 3125 2798 et
3148 2742 3396 2800 maxime
3423 2747 3566 2797 tem-

1919 2833 2202 2905 pestivam
2234 2834 2362 2904 ejus
2392 2831 2646 2888 violandi
2680 2849 2917 2888 causam
2950 2847 3078 2888 esse
3111 2831 3341 2902 plenam
3376 2831 3432 2885 in
3467 2848 3562 2886 so-

1915 2923 2100 2976 lidum
2151 2921 2598 2994 acquisitionem
2651 2938 2934 2992 supremae
2979 2919 3343 2975 auctoritatis
3378 2936 3390 2974 :
3425 2918 3561 2973 talia

1915 3016 2275 3084 reputantes,
2303 3016 2360 3067 et
2390 3027 2515 3082 quae
2547 3025 2614 3065 ex
2647 3009 2777 3065 istis
2810 3025 3059 3082 pronum
3092 3013 3216 3064 erat
3245 3008 3408 3078 sequi
3440 3024 3559 3061 me-

1912 3104 2162 3167 tuentes,
2187 3099 2565 3155 ecclesiastici
2597 3115 2861 3168 proceres
2890 3097 3113 3170 impelli
3146 3114 3208 3152 se
3231 3097 3561 3152 sentiebant

135 3187 348 3242 tabant
378 3202 580 3242 secum
613 3203 791 3258 quam
824 3187 1448 3260 tranquilla,concors,
1472 3205 1506 3243 a
1536 3188 1797 3246 dissidiis
1829 3213 1872 3278 ο
1914 3189 1983 3242 ad
2017 3187 2327 3242 fovendum
2360 3185 2667 3240 ambitioni
2699 3185 3003 3257 Palasologi
3031 3202 3043 3239 :
3072 3200 3280 3239 rursus
3310 3199 3445 3238 vero
3477 3182 3562 3238 in-

137 3280 195 3331 et
238 3275 606 3332 factionibus
647 3293 858 3332 secura
897 3277 1282 3348 sejunctaque
1311 3278 1386 3332 sit
1418 3276 1796 3346 singularitas

129 3364 484 3438 imperantis
509 3391 524 3434 ;
548 3381 578 3422 e
600 3365 892 3421 contrario
911 3381 1090 3438 quam
1115 3367 1218 3422 94
1250 3366 1448 3436 infida,
1481 3365 1798 3434 instabilis,

132 3457 206 3511 ad
261 3457 946 3526 rixarum,seditionum
995 3462 1053 3514 et
1109 3457 1370 3514 civilium
1429 3456 1794 3513 tumultuum

132 3563 401 3619 praesens
427 3546 756 3618 periculum
788 3548 1056 3620 exposita
1078 3548 1154 3604 sit
1177 3548 1428 3604 duorum
1452 3547 1511 3602 in
1543 3565 1661 3604 uno
1684 3549 1797 3603 im-

133 3636 299 3709 perio
335 3636 611 3705 societas,
646 3654 774 3710 qua
825 3638 1104 3710 utrinque
1146 3637 1397 3704 insidiae,
1430 3655 1556 3709 quae
1601 3639 1794 3711 suspi-

130 3726 361 3791 ciones,
383 3742 511 3797 qua
534 3725 1002 3783 machinationes
1030 3727 1503 3799 uniuscujusque
1535 3727 1592 3782 in
1618 3743 1796 3782 aemu-

138 3813 292 3885 lum,
327 3815 401 3870 ad
434 3818 760 3872 extremum
782 3833 906 3888 quae
953 3816 1150 3873 clades
1200 3833 1498 3889 quamque
1539 3816 1798 3889 tragicus

137 3903 336 3960 exitus
370 3909 604 3960 maneat
647 3905 1110 3975 imbecilliorem,
1147 3923 1437 3978 posquam
1487 3906 1796 3979 potentiori

139 3996 245 4047 aut
278 3992 528 4048 feliciori
571 3993 964 4061 succubuerit,
999 3993 1141 4066 haec,
1174 3996 1441 4066 inquam,
1471 3997 1798 4068 cogitantes

137 4082 499 4137 revocabant
529 4082 1009 4155 damnabantque
1046 4090 1178 4140 vota
1201 4083 1300 4140 illa
1330 4101 1437 4140 sua
1466 4089 1523 4140 et
1554 4083 1799 4140 consilia

137 4170 367 4244 priora,
400 4170 510 4226 toti
541 4171 806 4227 videlicet
836 4172 1010 4227 deﬁxi
1042 4173 1099 4228 in
1131 4173 1387 4245 imagine
1420 4174 1795 4229 miseriarum

140 4261 381 4333 imperii
414 4261 722 4317 discordis.
755 4261 1091 4318 Existimari
1132 4263 1350 4336 quippe
1398 4263 1567 4335 vulgo
1612 4264 1796 4336 impe-

140 4352 301 4406 rium
339 4366 466 4405 rem
499 4351 557 4405 in
588 4349 796 4422 primis
827 4351 1196 4422 expetibilem
1229 4357 1284 4408 et
1311 4355 1618 4424 quantovis
1650 4355 1795 4411 bene

140 4438 334 4512 pretio
368 4440 712 4511 parandam,
742 4441 1064 4512 praesertim
1117 4441 1190 4497 iis
1234 4442 1334 4513 qui
1380 4443 1509 4514 ejus
1553 4449 1791 4515 gustum

136 4529 498 4602 experiendo
531 4530 913 4602 perceperint.
947 4531 1108 4586 idem
1147 4549 1319 4603 porro
1350 4548 1478 4588 esse
1508 4534 1796 4605 suspicio-

137 4619 458 4675 sissimum
482 4619 813 4688 negotium;
837 4637 942 4676 nec
967 4621 1262 4692 quiescere
1285 4639 1544 4693 unquam
1570 4624 1796 4679 animos

139 4707 511 4780 collegarum
549 4709 605 4763 in
639 4726 917 4781 suprema
951 4714 1252 4780 potestate,
1287 4711 1426 4778 quin
1472 4729 1530 4767 se
1561 4713 1793 4784 inquie-

139 4796 378 4852 tissime
409 4801 726 4867 torqueant
755 4799 912 4854 curis
945 4799 1132 4854 anxiis
1186 4799 1245 4854 in
1280 4816 1342 4855 se
1370 4801 1553 4856 vicem
1606 4801 1793 4857 inten-

139 4887 217 4941 tis
277 4885 643 4957 imaginante
703 4903 1053 4958 unoquoque
1110 4889 1181 4943 de
1241 4888 1352 4944 alio
1411 4890 1795 4946 infestissima

137 4989 416 5047 queque,
449 4978 506 5029 et
553 4992 715 5046 aeque
761 4977 1054 5032 ambobus
1085 4982 1201 5033 tam
1252 4995 1404 5051 saepe
1454 4979 1582 5035 sine
1615 4997 1793 5035 causa

139 5081 324 5136 quam
381 5080 614 5136 semper
645 5064 769 5120 sine
794 5067 961 5121 venia
1010 5083 1136 5122 sese
1167 5067 1416 5122 invicem
1448 5068 1792 5126 insidiarum

138 5152 491 5225 capitalium
553 5158 855 5224 suapectos
909 5157 1025 5211 imo
1081 5172 1208 5211 reos
1266 5162 1322 5212 et
1369 5158 1662 5215 convictos
1695 5160 1793 5216 ha-

140 5244 443 5311 bentibus,
477 5247 654 5315 atque
684 5245 827 5300 adeo
858 5240 929 5298 in'
958 5246 1072 5301 ista
1120 5247 1555 5318 inquietissima
1597 5251 1796 5322 vigilia

134 5333 941 5408 suspicionumanxiarumet
984 5335 1488 5408 iniquissimarum
1523 5357 1686 5410 spem
1729 5358 1794 5397 ac

137 5425 433 5480 rationem
467 5440 666 5480 secure
699 5425 980 5497 regnandi
1013 5431 1184 5481 etlam
1235 5444 1363 5483 esse
1420 5429 1790 5487 ducentibus.

136 5515 306 5580 Quod
342 5514 394 5568 si
425 5514 601 5585 cujus
633 5514 780 5570 forte
807 5533 839 5570 a
862 5517 911 5569 vi
944 5519 1227 5570 scelerata
1260 5518 1616 5592 perﬁdiaque
1644 5521 1794 5575 frau-

133 5606 316 5660 dibus
368 5604 430 5659 in
489 5602 777 5676 collegam
832 5605 1144 5660 abhorreat
1176 5607 1431 5676 animus,
1463 5614 1519 5664 et
1576 5610 1786 5665 famam

135 5691 514 5749 crudelitatis
556 5692 790 5764 injustas
839 5697 1127 5760 vereatur,
1161 5703 1426 5752 occurret
1478 5699 1676 5754 statim
1730 5699 1786 5754 in

1830 4586 1872 4648 D

1913 3275 2284 3330 currentibus
2315 3290 2384 3328 ex
2431 3274 2671 3330 adverso
2724 3273 3099 3328 miseratione
3131 3269 3338 3343 pupilli
3398 3271 3559 3342 prin-

1905 3363 2051 3435 cipis
2105 3380 2171 3418 ac
2231 3363 2344 3418 fide
2400 3361 2460 3418 in
2521 3363 2759 3417 domum
2820 3364 3168 3433 Augustam,
3228 3376 3437 3432 segnes
3489 3363 3559 3416 ad

1905 3451 2220 3525 agendum,
2277 3451 2450 3521 muti]
2475 3451 2651 3506 etiam
2698 3449 2770 3505 ad
2821 3448 3184 3521 loquendum
3238 3463 3365 3519 quis
3410 3465 3558 3519 opus

1905 3546 2072 3596 erant
2101 3539 2519 3596 reddebantur.
2570 3538 2725 3594 Vicit
2763 3542 2960 3594 tamen
3013 3536 3209 3592 divina
3257 3536 3557 3608 praedesti-

1906 3633 2064 3688 natio
2087 3647 2213 3702 quae
2237 3630 2549 3701 imperium
2573 3627 2839 3685 Michaeli
2864 3626 3284 3699 desponderat:
3316 3641 3451 3680 nam
3483 3627 3554 3680 ad

1905 3721 2043 3776 huic
2061 3720 2376 3792 imperium
2400 3718 2833 3775 decernendum
2851 3715 3266 3788 plerarumque
3288 3730 3355 3771 ac
3373 3715 3555 3770 ferme

1905 3809 2168 3865 omnium
2183 3807 2483 3864 sententia
2497 3803 3342 3878 conspirarunt.Appositumid
3359 3810 3552 3858 tamen

1904 3898 1962 3955 in
1997 3903 2266 3955 mutuam
2297 3897 2582 3954 cautelam
2612 3895 2905 3953 communi
2937 3909 3229 3950 consensu
3261 3897 3550 3964 tempera-

1906 3993 2172 4045 mentum
2185 3989 2284 4044 91
2303 3991 2410 4054 est,
2427 3991 2493 4043 ut
2510 3987 2682 4043 ambo
2695 3982 3355 4058 principesjuramentis
3374 3997 3553 4053 quam

1906 4079 2159 4134 maxime
2207 4077 2540 4146 horrendis,
2567 4075 2712 4132 diris
2743 4075 2919 4131 etiam
2952 4071 3409 4130 exsecrabilibus
3460 4071 3556 4126 ad-

1905 4167 2487 4239 ditis,obligarentur
2508 4166 2578 4220 ad
2603 4165 2777 4220 fidem
2802 4164 3051 4219 invicem
3091 4161 3555 4232 charitatemque

1904 4259 2299 4332 praestandam
2324 4256 2862 4326 abstinendumque
2894 4272 2927 4311 a
2955 4255 3010 4310 vi
3043 4253 3204 4310 omni
3229 4270 3293 4309 ac
3325 4253 3551 4323 fraude,

1903 4366 2028 4419 quae
2060 4349 2118 4404 in
2152 4347 2491 4404 alterutrius
2523 4345 2840 4418 perniciem
2875 4344 3158 4402 tenderet.

1973 4522 2026 4575 2.
2065 4521 2129 4578 Ut
2163 4518 2504 4588 Palaelogum
2532 4516 2812 4571 antistites
2841 4514 3104 4572 solverint
3137 4515 3471 4587 juramenlis
3501 4519 3552 4569 et

2373 4589 2514 4644 diris
2543 4589 2742 4661 quibus
2770 4589 3076 4644 tenebatur.

1974 4711 2133 4766 Sacri
2165 4726 2335 4781 porro
2368 4707 2682 4775 antistites,
2713 4706 2834 4761 haec
2867 4706 2989 4761 fieri
3017 4705 3182 4761 valde
3209 4705 3548 4762 desideran-

1905 4805 2013 4870 tes,
2049 4799 2216 4854 facile
2266 4797 2661 4853 dissolvcrunt
2691 4813 2818 4868 qum
2873 4795 3138 4867 ipsorum
3191 4795 3548 4850 exsecutioni

1905 4889 2139 4946 obstare
2193 4888 2580 4943 videbantur:
2643 4885 2934 4958 siquidem
2995 4901 3067 4940 ne
3125 4901 3338 4940 novum
3384 4884 3548 4954 jura-

1907 4984 2171 5035 mentum
2240 4977 2347 5033 rite
2419 4993 2453 5032 a
2519 4975 2839 5045 Paleologo
2910 4975 3334 5047 conciperetur,
3392 4975 3549 5030 vide-

1907 5070 2078 5124 batur
2123 5068 2355 5124 obstare
2407 5066 2598 5122 adhuc
2628 5067 2830 5137 vigens
2877 5063 3076 5136 religio
3125 5064 3335 5119 veteris
3369 5065 3552 5135 juris-

1905 5158 2163 5230 iurandi,
2193 5173 2307 5228 quo
2355 5156 2448 5211 ille
2505 5172 2610 5210 avo
2645 5154 2808 5226 pueri
2865 5153 3149 5226 principis
3205 5154 3430 5208 dudum
3464 5172 3551 5209 ea-

1906 5254 2205 5304 cramento
2267 5247 2437 5302 fidem
2498 5246 2822 5313 addixerat,
2880 5261 2994 5299 non
3053 5245 3110 5298 in
3169 5243 3358 5315 ipsius
3419 5251 3546 5300 tan-

1905 5340 2210 5395 tummodo
2243 5354 2574 5410 personam,
2609 5337 2710 5392 sed
2771 5334 2830 5389 in
2887 5335 3128 5406 stirpem
3187 5337 3449 5405 ejusdem
3484 5354 3550 5391 ac

1905 5434 2188 5501 posteros,
2223 5428 2441 5483 additis
2481 5428 2658 5482 etiam
2719 5424 3184 5485 anathematum.
3219 5425 3267 5478 si
3302 5424 3547 5492 falleret,

1902 5519 2391 5574 incurrcndorum
2439 5515 2844 5572 devotionibus
2879 5530 2943 5567 ac
2992 5513 3160 5567 d:ris.
3196 5515 3329 5578 Quae
3390 5532 3546 5570 nunc

1903 5609 2101 5664 omnia
2136 5613 2321 5663 castus
2355 5607 2671 5680 prcesulum
2706 5609 2768 5658 ut
2799 5601 2943 5659 telas
2973 5619 3318 5658 aranearum
3353 5606 3544 5660 disru-

1903 5698 1987 5770 pit
2047 5714 2110 5753 ac
2169 5697 2296 5752 fecit
2349 5697 2532 5765 irrita,
2595 5710 2802 5763 magno
2861 5710 3148 5750 consensu
3219 5693 3544 5764 declarans,
