4258 6438
682 391 783 446 531

1981 387 2283 444 GEORGII
2322 388 2785 449 PACHYMERE

3979 388 4092 443 532

682 513 869 587 καιρὸν
926 510 1313 585 συναιρομένου
1370 516 1467 578 τῆς
1526 510 1703 583 ἀρχῆς
1760 514 1837 580 τῷ
1894 508 1996 581 νέῳ
2045 516 2147 577 τῆς
2197 509 2329 582 βοη·
2363 511 2415 577 Α
2445 511 2566 580 νήν.
2600 513 2665 569 El
2698 511 2743 567 δ’
2804 515 2917 585 οὗν,
2977 512 3105 569 ἀλλ’
3135 511 3288 568 οὐδὲν
3339 511 3399 566 ἃν
3450 510 3739 587 καταγνοίη
3772 532 3854 573 τις
3905 515 4096 582 μεῖζον

684 603 831 666 θείας
863 600 1152 675 χρῄζοντι·
1187 598 1312 661 Τὰς.
1346 598 1654 653 τούντεῦθεν
1690 597 1746 653 δὲ
1791 601 1899 652 τῶν
1958 599 2136 671 ὅρκων
2197 618 2334 669 συμ-

686 686 869 751 ϐάσεις
898 688 987 744 έπὶ
1033 691 1295 743 τοσοῦτον
1339 688 1401 742 τὸ
1436 688 1659 762 ίσχυρὸν
1708 684 1855 763 ἔχειν
1905 686 1995 741 καὶ
2045 684 2337 740 ἀδιάλυτον

686 776 825 832 ὣστε
879 778 972 832 καὶ
1028 778 1122 838 τὰς
1181 775 1447 851 προτέρας
1520 781 1721 831 συεῖναι
1778 772 2039 845 ταύταις,
2114 776 2189 837 ὡς
2247 774 2336 827 καὶ

686 866 1020 943 ἀμφοτέραις
1066 867 1160 920 τὸν
1220 865 1598 940 Παλαιολόγον
1661 866 1960 939 ἐνέχεσθαι,
2016 864 2205 920 εἴποι
2257 868 2339 934 τῷ

687 957 793 1027 νέῳ
851 949 1225 1011 ἐπιϐουλεύοι.
1274 955 1303 1009 ὖ
1367 956 1475 1027 μὴν
1553 951 1611 1009 δὶ
1688 953 1831 1009 ἀλλὰ
1902 952 1991 1007 καὶ
2058 947 2338 1027 ἀντιστρό-

689 1066 803 1118 φως
862 1043 1041 1115 έζήτει
1115 1046 1217 1112 τὴν
1291 1044 1422 1117 ἀρὰν
1507 1043 1745 1106 τίθεσθαι
1814 1043 1903 1097 καὶ
1960 1042 2084 1102 τοὺς
2145 1040 2341 1114 ὅρκους

688 1135 952 1207 γίνεσθαι,
1005 1131 1058 1188 ei
1097 1153 1192 1188 ποι
1248 1131 1335 1188 καὶ
1386 1135 1413 1187 6
1473 1134 1588 1193 νέος
1638 1134 1754 1187 κατ’
1812 1132 1974 1187 αὐτοῦ
2040 1128 2341 1202 μελετήσας

692 1221 1064 1296 διαπράεοιτο,
1116 1222 1188 1282 ὡς
1236 1221 1285 1293 ἐξ
1345 1222 1581 1296 ἀνάγκης
1645 1226 1760 1281 τοῖς
1816 1220 1999 1280 αὐτοῖς
2046 1218 2340 1292 ἐνέχεσθαι.

696 1306 984 1386 Προϐαίνει
1034 1315 1220 1379 ταῦτα,
1253 1311 1343 1365 καὶ
1403 1317 1641 1385 γραφαῖσ
1692 1313 1743 1365 οἱ
1802 1311 1957 1383 ὅρκοι
2008 1306 2343 1381 χατοσφαλί-

698 1406 900 1468 ζονται,
943 1399 1045 1456 Καὶ
1092 1401 1120 1453 6
1176 1400 1395 1475 γράφων
1446 1401 1472 1453 6
1518 1399 1591 1459 είς
1640 1404 2101 1473 πρωτασγ,κρῆτις
2146 1414 2343 1469 τεταγ-

698 1488 858 1560 μένος
892 1488 1063 1547 Κακὸς
1097 1487 1181 1553 ἦν.

699 1662 767 1732 γ’.
847 1659 1013 1733 Οπως
1073 1652 1306 1733 ’ὤμνυον
1372 1658 1484 1733 καὶ.
1540 1660 1620 1733 ζῆτ’
1690 1659 2019 1733 ἀμφοτέροις
2094 1656 2343 1719 δουλείας

878 1728 1038 1803 ὅρκον
1073 1728 1356 1801 Ῥωμαῖοι,
1402 1729 1489 1784 καὶ
1537 1730 1589 1785 έν
1620 1728 1802 1792 ποίοις
1834 1728 2166 1805 διορισμοῖς.

772 1848 854 1914 [Ρ.
883 1845 975 1919 61]
1005 1844 1236 1900 Τάτεται
1267 1842 1323 1898 δὶ
1353 1845 1442 1898 καὶ
1480 1844 1608 1906 τοὺς
1668 1845 2017 1915 ὁπουδήποτε
2064 1852 2163 1914 τῆς
2212 1847 2342 1899 Ῥω-

2440 604 2549 654 τῶν
2580 606 2747 656 ταῦτα
2778 602 3126 676 πραττόντων
3160 602 3195 670 ἢ
3223 602 3284 655 τὸ
3334 599 3641 675 ἐμφυλίους
3685 602 3970 671 πολέμους
4012 604 4097 670 τῷ

2443 694 2607 761 κοινῷ
2663 692 2940 765 προξενεῖν
2975 738 2987 761 ,
3052 688 3105 745 εἷ’
3155 710 3288 745 ποτε
3342 694 3505 745 τοῦτο
3564 684 3840 763 συμϐαίη.
3898 690 4099 759 Ὅμως

2443 775 2615 833 ἐδόκει
2660 783 2847 852 ταῦτα,
2897 782 2985 835 καί
3038 779 3114 841 είς
3141 775 3294 855 ἔργον
3319 780 3383 832 τὰ
3417 777 3798 853 βοαλεόομενα
3826 771 4099 851 προῧϐαι-

2446 888 2556 923 νον.
2620 873 2786 943 Χεῖρα
2830 872 3118 943 τοιγαροῦν
3177 866 3413 936 ἐτίθουν,
3470 866 3560 921 καὶ
3619 866 3707 920 έπὶ
3762 870 3869 920 τῶν
3924 864 4097 940 ἁγίων

2446 954 2789 1030 Εὐαδγελίων
2832 954 3049 1029 ὤμνυον
3082 956 3117 1025 ἦ
3155 958 3261 1029 μὴν
3321 954 3411 1009 καὶ
3442 952 3773 1032 ἀμφοτέροίς
3819 952 4102 1009 δουλεύειν

2446 1045 2535 1098 καὶ
2557 1046 2705 1098 ταῦτ’
2736 1043 2997 1100 ἐκτελεῖν.

2450 1149 2738 1213 δ’.”Οπως
2805 1151 3014 1225 ὣμνυεν
3087 1149 3571 1225 ὁγῐῐαλαιολόγος
3650 1146 3737 1203 έπῖ
3804 1152 3882 1221 τῷ
3942 1146 4099 1203 παιδῖ

2981 1226 3069 1278 καὶ
3114 1224 3164 1277 οἱ
3220 1224 3561 1297 μεγιστᾶτες.

2520 1315 2654 1375 τέως
2714 1311 2760 1366 δ’
2820 1316 2853 1381 ἡ
2916 1312 3077 1383 κυρία
3133 1318 3339 1385 παρῆν,
3398 1310 3520 1380 ἥτις
3580 1310 3668 1377 ἦν,
3727 1311 3801 1371 ὡς
3868 1308 4104 1384 ἐρρήθη,

2449 1396 2928 1473 Ἑκατομϐαιῶνος
2982 1402 3273 1473 νοτμηνία.
3338 1398 3435 1453 Καὶ
3490 1403 3710 1474 πρῶτος
3768 1398 3928 1459 αὐτός
3965 1398 3994 1451 6
4026 1398 4109 1459 είς

2456 1489 2730 1564 βασιλείαν
2786 1485 3258 1565 προϐιϐαζόμενος
3316 1484 3525 1560 ὤμνυεν
3572 1487 3704 1559 ὑπὲρ
3751 1490 3847 1541 τοῦ
3906 1483 4107 1545 παιδὸς

2451 1580 2516 1632 τὰ
2560 1578 2739 1633 είκότα
2796 1580 2885 1633 καὶ
2946 1577 3246 1648 Βασιλέως,
3303 1574 3453 1645 πλὴν
3512 1576 3617 1651 οὐχ
3665 1576 3739 1637 ὡς
3792 1574 4106 1629 δουλεύσων

2453 1666 2579 1721 ἀλλ’
2611 1669 2684 1729 ὡς
2727 1663 3149 1739 συμϐουλεύσων
3209 1666 3397 1737 ἐκείνῳ
3428 1666 3516 1720 καὶ
3578 1663 3748 1737 μηδὶν
3806 1664 4108 1733 ἀνήκεστον

2458 1756 2773 1829 μελετήσων
2802 1758 2918 1811 κατ’
2966 1750 3292 1824 ἐπιϐουλήν.
3352 1756 3591 1826 Ὠμνυον
3648 1751 3706 1807 δὶ
3735 1752 3826 1807 καὶ
3860 1752 3910 1807 οἱ
3946 1773 4113 1827 μεγι-

2457 1850 2641 1905 στᾶνες
2679 1890 2692 1913 ,
2747 1866 2835 1899 και
2891 1847 2964 1905 ὡς
3025 1843 3405 1905 δουλεύσοντες
3465 1842 3834 1920 ἀμφοτέροις,
3893 1843 3985 1896 καὶ
4033 1842 4111 1902 ὡς

772 1894 854 1914 ι--
890 1894 974 1919 υ,
1016 1894 1234 1900 --ην-βτ
1275 1894 1321 1898 -ν
1357 1894 1441 1898 τ--ή
1494 1894 1607 1906 --νν
1672 1894 2015 1915 ν““””ἰ”·-“
2076 1894 2163 1914 ’Ἰν
2231 1894 2311 1899 -—
2461 1894 2639 1905 "ww
2679 1894 2692 1913 1
2750 1894 2835 1899 -~—-
2896 1894 2963 1905 ππ
3031 1894 3403 1905 "vnum-vv
3470 1894 3543 1915 vr
3596 1894 3834 1914 "'r"'r
4096 1894 4110 1902 ν

708 1930 900 2004 μαίδος
930 1932 1149 2005 ὀμνύειν
1211 1932 1297 1987 ἐπ’
1338 1934 1666 2011 ἀμφοτέροις
1711 1933 1870 2010 ὅρκον
1924 1933 2171 1995 δουλείας
2211 1934 2347 1988 κατὰ
2377 1894 2423 1959 Β
2458 1936 2787 2005 ἀμυνοῦντεν
2848 1934 3061 1999 αὐτίκα,
3113 1932 3177 2001 ἤν
3236 1934 3342 1987 πού
3398 1952 3481 1993 τις
3513 1894 3819 1999 ὶὲουλεύοι,
3849 1936 3929 2001 τῷ
3985 1928 4115 1984 έπι-

701 2023 763 2074 τὸ
824 2021 1072 2091 σῢνηθες·
1126 2020 1273 2091 πλην
1332 2022 1681 2095 προσέκειντο
1745 2028 1861 2078 τοῖς
1920 2024 2349 2095 συντεθειμένοις

697 2111 778 2165 ἐπ’
809 2110 1074 2189 ἀσφαλείᾳ
1114 2113 1198 2167 καὶ
1252 2112 1575 2187 ἀμφοτέρων
1631 2114 1857 2186 μείζονι.
1892 2116 1928 2181 ἦ
1962 2114 2069 2185 μὴν
2118 2111 2343 2185 ἕτοιμον

697 2200 919 2256 εἶναιτὸ
954 2202 1192 2271 ὑπήκοον
1226 2201 1309 2256 ἐπ’
1354 2201 1559 2256 έκεῖνον
1607 2204 1779 2275 ὁρμᾷν
1824 2204 2043 2279 φονώσῃ
2086 2204 2255 2277 χειρὶ,
2290 2202 2346 2263 ὃς

695 2291 754 2343 ἂν
798 2285 1179 2346 έπιϐουλεύσοι
1235 2286 1462 2364 θατέρῳ.
1506 2290 1891 2366 Ὠρκωμότουν
1932 2292 2033 2365 γὰρ
2070 2292 2210 2364 μετὰ
2237 2296 2344 2345 τῶν

692 2378 880 2436 ἄλλων
914 2382 1002 2435 καὶ
1034 2384 1217 2447 τοῦτο,
1244 2381 1379 2434 κατά
1410 2375 1602 2456 φόϐον,
1639 2382 1812 2453 οἶμαι,
1846 2381 1879 2448 ἢ
1913 2380 2100 2455 χρείαν
2146 2380 2338 2449 ἀληθι-

694 2600 851 2673 quod
886 2600 1008 2657 ﬁeri
1038 2598 1427 2672 Paleeologum
1462 2600 1785 2673 contigerat
1837 2598 2183 2673 participem
2232 2598 2341 2653 im-

694 2690 860 2763 perii,
893 2706 1266 2763 nequaquam
1300 2706 1428 2749 esse
1488 2690 1781 2747 nefarium
1841 2694 1897 2746 et
1954 2688 2089 2746 ﬁdei
2129 2689 2343 2759 jurataa

696 2779 1054 2836 contrarium
1088 2778 1333 2846 facinus,
1367 2780 1466 2836 sed
1528 2780 1731 2837 utilem
1793 2778 2125 2853 reipublicae
2172 2776 2344 2833 colla-

696 2869 917 2926 tionem
976 2884 1163 2942 operm
1218 2868 1276 2924 in
1328 2870 1547 2925 bonum
1580 2868 1831 2942 imperii,
1864 2873 1920 2927 et
1951 2867 2343 2925 conservatio-

701 2976 834 3017 nem
867 2959 1233 3034 principatus
1292 2960 1343 3016 ei
1398 2962 1469 3017 ad
1530 2977 1703 3033 quem
1737 2961 1806 3017 de
1854 2962 1989 3033 jure
2021 2960 2341 3031 spectabat.

700 3051 828 3108 sine
859 3048 981 3106 ulla
1010 3066 1112 3123 spe
1143 3051 1449 3121 potestatis
1483 3050 1655 3106 istius
1702 3050 1972 3123 precariae
2033 3050 2091 3105 in
2124 3048 2345 3121 prolem

699 3139 1073 3197 successione
1105 3140 1569 3196 transmittenda;
1598 3158 1609 3195 :
1645 3156 1771 3214 quas
1804 3139 2079 3195 salutaris
2106 3142 2231 3193 tum
2267 3138 2347 3194 rei

699 3230 971 3286 Romana:
1025 3230 1355 3302 cooperatio
1414 3234 1848 3303 peropportuna
1907 3233 1963 3285 et
2021 3228 2421 3310 necessariae

688 3319 1071 3391 judicabatur
1101 3318 1405 3377 imbecillis
1439 3336 1503 3375 ac
1535 3319 1637 3375 tali
1671 3319 1883 3376 auxilio
1916 3319 2107 3392 egenti
2138 3316 2345 3392 pupilli

697 3408 981 3483 pueritiae.
1015 3413 1217 3481 Itaque
1248 3408 1393 3467 nihil
1428 3408 1696 3467 obstante
1726 3408 1940 3481 prioris
1991 3408 2346 3464 sacramenti

697 3499 1001 3573 religione,
1033 3516 1245 3558 novum
1258 3500 1667 3572 juramentum
1703 3505 1892 3557 ratum
1926 3499 2349 3557 inviolabilem-

700 3604 815 3662 que
876 3588 1215 3647 ﬁrmitatem
1274 3589 1639 3661 habiturum,
1681 3590 1897 3663 quippe
1947 3605 2081 3646 cum
2142 3592 2353 3643 neutra

701 3680 1008 3737 conventio
1030 3679 1354 3753 quidquam
1380 3680 1545 3738 alteri
1569 3681 1928 3738 contrarium
1952 3680 2187 3749 habeat,
2211 3696 2353 3750 quo-

704 3767 883 3826 minis
915 3768 1101 3826 amba
1157 3769 1345 3827 valere
1394 3770 1571 3827 simul
1616 3774 1902 3844 possunt;
1938 3771 2093 3826 unde
2139 3770 2257 3825 fore
2291 3772 2356 3826 ut

704 3857 936 3914 duobus
957 3858 1233 3931 deinceps
1256 3860 1498 3917 totidem
1530 3861 1811 3917 fmderum
1836 3864 2201 3916 sacramento
2222 3875 2357 3913 san-

704 3948 954 4005 citorum
986 3948 1239 4006 vinculis
1272 3951 1627 4007 constrictus
1658 3950 2017 4023 Palaeologus
2038 3953 2357 4019 teneretur,

702 4041 759 4093 et
788 4038 839 4095 si
870 4036 1023 4096 ullas
1050 4055 1309 4110 unquam
1343 4038 1576 4112 college
1610 4057 1789 4112 puero
1810 4038 2058 4097 insidias
2081 4042 2356 4107 strueret,

700 4126 954 4199 duplicis
977 4129 1217 4201 perjurii
1250 4146 1385 4186 reus
1417 4130 1582 4185 foret.
1606 4132 1740 4196 Quae
1766 4129 2121 4202 Palaeologus
2144 4128 2359 4183 admit-

700 4218 833 4272 tens
866 4216 1125 4273 vicissim
1159 4218 1327 4289 petiit
1357 4218 1638 4275 devinciri
1674 4223 1879 4275 mutuo
1930 4235 2165 4289 quoque
2190 4217 2357 4288 jura-

701 4309 896 4361 mento
945 4308 1017 4361 ad
1049 4308 1424 4364 securitatem
1457 4326 1624 4365 suam
1650 4308 2151 4365 adolescentulum
2174 4308 2360 4378 impe-

700 4400 977 4465 ratorem,
1006 4396 1385 4469 imprecando
1427 4404 1483 4453 et
1513 4400 1708 4471 ipsum
1744 4399 1857 4454 sibi
1916 4399 2073 4454 diras
2132 4403 2187 4453 et
2218 4414 2362 4451 ana-

699 4485 899 4541 thema
928 4486 1133 4543 statim
1164 4486 1581 4544 inevitabiliter
1633 4489 2054 4546 incurrendum
2081 4488 2130 4543 si
2188 4487 2363 4559 quid-

705 4594 885 4649 quam
909 4594 1172 4650 unquam
1197 4579 1477 4636 adversus
1501 4578 1890 4650 Palasologum
1925 4577 2366 4633 machinaretur

704 4672 806 4724 aut
835 4673 1051 4741 ageret.
1087 4670 1215 4724 Haec
1247 4668 1329 4723 uti
1362 4674 1711 4724 convenerat
1756 4671 2184 4741 processerunt,
2217 4683 2356 4721 con-

705 4758 890 4831 ceptis
924 4758 1201 4829 utrinque
1224 4758 1583 4829 juramentis
1616 4763 1671 4813 et
1696 4760 1797 4813 96
1829 4774 1889 4814 re
1920 4763 2041 4814 tota
2068 4759 2125 4812 in
2161 4756 2354 4828 publi-

705 4864 803 4903 cas
835 4848 943 4903 rite
972 4846 1205 4902 tabulas
1226 4846 1409 4903 relata
1431 4847 1501 4902 ad
1526 4847 1870 4905 memoriam
1902 4846 2355 4916 ﬁrmitatemque

704 4936 1164 5003 irrevocabilem,
1194 4937 1487 4993 scribente
1531 4937 1645 4993 ista
1675 4942 1731 4992 et
1788 4936 2141 4992 authenticis
2200 4952 2355 4991 com-

704 5026 1011 5083 mentariis
1044 5026 1359 5082 mandante
1386 5026 1534 5082 Malo
1558 5026 1676 5081 illo.
1701 5042 1876 5097 quem
1904 5026 2185 5091 diximus,
2206 5026 2355 5081 anti-

702 5120 880 5187 quato
912 5116 1079 5189 prius
1110 5120 1167 5171 et
1195 5118 1325 5186 ejus
1359 5132 1537 5171 causa
1569 5116 1824 5187 reposito
1849 5116 2020 5187 primi
2055 5133 2087 5170 a
2119 5116 2361 5174 secretis

702 5206 893 5262 ofﬁcio
925 5206 1235 5261 donatum.

702 5324 756 5377 3.
777 5322 838 5379 Ut
868 5322 1159 5391 ﬁdelitati:
1188 5323 1576 5394 juramentum
1601 5325 1824 5392 utrique
1852 5324 2095 5394 principi
2120 5324 2188 5377 de
2217 5338 2357 5379 novo

771 5396 1172 5521 gressum-int;
1202 5392 1261 5449 el
1299 5393 1494 5464 quibus
1524 5394 1589 5447 de
1642 5410 1777 5449 novo
1823 5392 2047 5450 additis
2080 5398 2357 5451 cautioni-

811 5482 893 5521 us.

777 5550 1047 5607 Edictum
1076 5566 1310 5620 quoque
1331 5559 1419 5604 est
1446 5555 1511 5604 ut
1530 5565 1631 5621 per
1652 5566 1856 5605 omnes
1882 5549 2141 5606 Romano
2174 5551 2362 5622 impe-

709 5640 793 5696 rio
826 5640 1123 5711 subjectas
1153 5639 1420 5711 regiones
1452 5656 1658 5695 omnes
1690 5640 1925 5711 utrique
1956 5640 2176 5711 pariter
2207 5641 2364 5713 prin-

708 5731 821 5803 cipi
847 5733 1211 5787 sacramento
1236 5730 1411 5786 ﬁdem
1430 5729 1898 5801 obsequiumque
1916 5746 2090 5786 suum
2110 5731 2177 5786 dc
2203 5747 2362 5787 more

2460 2017 2804 2075 ϐουλευθέντι
2842 2064 2853 2075 .
2916 2021 3018 2077 Καὶ
3086 2020 3228 2087 οὕτω
3287 2018 3648 2084 τελεσθέντων
3701 2022 3810 2073 τῶν
3877 2018 4059 2094 ὅρκων
4097 2061 4113 2087 ,

2460 2108 2646 2165 ἀσπίδι
2711 2110 2970 2184 βασιλικῇ
3030 2110 3257 2178 ένιζάνει
3290 2111 3317 2163 ὁ
3358 2109 3433 2171 είς
3482 2110 3583 2177 τὴν
3627 2104 3908 2182 βασιλείαν
3959 2106 4116 2162 ἐτοι-

2460 2200 2784 2274 μαζόμενος,
2817 2205 3032 2275 πρῶτον
3064 2201 3142 2254 τὼ
3188 2198 3323 2254 πόδε
3372 2204 3488 2262 τοῖς
3539 2198 3850 2274 βασιλικοῖς
3895 2194 4118 2271 συμϐό-

2456 2290 2575 2352 λοις
2635 2291 3007 2365 ἐναρμοσθεὶς,
3055 2290 3145 2343 καὶ
3204 2291 3392 2365 χερσίν
3452 2286 3599 2353 ἔνθεν
3655 2287 3748 2360 μὶν
3805 2288 4118 2363 ἀρχιερέων

2452 2380 2590 2435 ἔνθεν
2628 2379 2685 2435 δὶ
2751 2379 3082 2456 μεγιστάνων
3156 2379 3337 2452 ἀρθεὶς
3411 2378 3785 2453 ἀνακτορικοῖς
3853 2380 4118 2439 παιάνοις

2453 2596 2801 2670 obligarent.
2824 2600 2931 2654 Sed
2966 2602 3035 2656 ad
3071 2602 3355 2672 majorem
3390 2602 3699 2673 utriusque
3731 2601 4120 2659 securitatem

2454 2692 2744 2743 consuetae
2776 2688 2988 2745 talium
3024 2690 3286 2746 formulas
3338 2691 3658 2764 adjungere
3708 2694 3850 2747 tunc
3895 2692 4123 2759 visum,

2457 2780 2567 2832 Deo
2600 2776 2870 2833 similiter
2899 2781 3048 2835 teste
3076 2779 3391 2847 ﬁrmatam,
3422 2778 3847 2853 professionem
3880 2784 3938 2837 et
3971 2798 4125 2854 pro-

2456 2866 2797 2922 missionem
2820 2868 3320 2942 universipOpuli,
3344 2867 3497 2925 bello
3530 2872 3585 2925 et
3608 2868 3956 2941 inexpiabili
3985 2871 4127 2927 odio

2457 2956 2845 3027 persequendi
2878 2973 3013 3013 eum
3045 2973 3073 3013 e
3104 2958 3356 3025 duobus,
3391 2958 3559 3029 cujus
3591 2962 3790 3015 essent
3813 2962 3869 3014 et
3902 2958 3961 3016 in
3996 2960 4128 3016 col-

2458 3045 2595 3117 legze
2620 3045 2737 3100 vita
2757 3045 2843 3101 vel
2870 3046 3089 3101 nefaria
3111 3046 3197 3102 vis
3214 3045 3299 3102 vel
3317 3045 3544 3102 insidiae
3563 3046 3963 3119 deprehensae.
3991 3048 4128 3105 Tali

2458 3134 2918 3190 extraordinario
2946 3135 3346 3191 additamento
3380 3134 3661 3209 p0pulare
3701 3136 4126 3209 juramentum

2457 3222 2824 3280 cumulatum
2860 3226 3015 3279 metu
3052 3224 3263 3297 magis,
3301 3228 3361 3281 ut
3394 3224 3644 3296 opinior,
3679 3225 3863 3282 nimio
3896 3227 4125 3298 procli-

2454 3311 2541 3367 vis
2573 3312 2631 3367 in
2665 3313 2824 3385 regni
2856 3314 3131 3369 societate
3163 3312 3575 3385 dissensionis,
3605 3330 3781 3387 quam
3813 3311 3936 3371 ulla
3968 3315 4124 3373 satis

2458 3417 2667 3474 magna
2698 3402 2951 3459 utilitate
2973 3403 3216 3459 remedii
3250 3404 3319 3458 ad
3340 3405 3573 3459 tantum
3597 3402 3737 3459 mali
3770 3410 4128 3477 prmverten-

2460 3492 2599 3546 dum
2653 3491 2945 3564 ancipitis.
2983 3492 3129 3548 Nam
3185 3491 3233 3548 si
3269 3496 3424 3548 recte
3459 3491 3592 3563 quis
3650 3492 3920 3565 aestimet,
3955 3492 4125 3550 istud

2460 3581 2798 3653 proﬁtentes
2834 3580 2970 3636 belli
3003 3582 3128 3653 jam
3151 3585 3276 3637 tum
3324 3580 3513 3637 civilis
3539 3586 3595 3637 et
3644 3582 4000 3638 internecini
4042 3584 4129 3641 si-

2461 3687 2643 3743 gnum
2674 3670 2979 3741 tollebant,
3005 3688 3072 3726 ex
3094 3687 3278 3742 prona
3299 3675 3355 3725 et
3374 3668 3471 3725 vix
3489 3670 3748 3727 cvitabili
3782 3672 4137 3743 suspicione

2465 3760 2634 3815 facile
2666 3775 2730 3815 ac
2754 3758 2869 3815 cito
2892 3758 3175 3815 exarsuri.
3199 3763 3484 3815 Caeterum
3516 3758 3913 3833 qualicunque
3937 3763 4146 3818 consi-

2465 3850 2562 3921 lio,
2596 3850 2709 3905 ista
2754 3848 2837 3904 sic
2885 3852 3027 3905 tunc
3072 3850 3301 3904 decreta
3340 3852 3397 3906 et
3439 3848 3796 3905 exsecutioni
3843 3850 4141 3907 mandata

2466 3943 2605 3995 sunt
2638 3938 2917 3994 Romanis
2950 3938 3171 4010 ubique
3214 3937 3432 3995 viritim
3494 3938 3789 3995 universis
3848 3938 4141 4012 imposita

2467 4028 2648 4086 sacris
2682 4027 3008 4101 Evangeliis
3028 4028 3588 4099 manu,jurantibus
3614 4043 3676 4083 se
3701 4032 3757 4085 et
3778 4028 3958 4084 ﬁdem
3992 4032 4147 4086 utri-

2468 4135 2579 4190 que
2602 4117 3562 4191 principiconcorditerimperanti
3580 4116 4150 4191 subjectionemque

2470 4207 2852 4280 prmstituros,
2876 4210 2933 4262 et
2962 4206 3010 4262 si
3044 4206 3176 4279 quis
3211 4207 3476 4278 ipsorum
3504 4208 3560 4262 in
3588 4206 3840 4263 alterum
3861 4206 4151 4283 insurge-

2470 4304 2575 4366 ret,
2610 4301 2905 4353 auctorem
2937 4296 3164 4367 injurize
3200 4296 3452 4354 ulturos.

2472 4406 2522 4459 4.
2584 4406 2644 4461 Ut
2700 4405 3035 4475 Palazologus
3065 4410 3397 4486 etproceres
3430 4406 3751 4486 imperatori
3804 4422 3985 4478 puero
4035 4408 4149 4480 ju-

2998 4476 3293 4547 rejurando
3324 4476 3597 4532 caverint.

2544 4566 2790 4636 Jamque
2816 4566 3016 4620 aderat
3048 4565 3481 4637 inaugurationi
3533 4565 3824 4636 designati
3875 4568 4148 4640 Augusti

2476 4654 2631 4710 dicta
2662 4654 2945 4727 dies,quae
2977 4653 3183 4725 fuit,ut
3215 4655 3439 4710 dictum
3474 4659 3584 4726 est,
3616 4654 3881 4711 kalendae
3915 4656 4155 4715 Janua-

2469 4744 2585 4814 riaa,
2615 4744 2851 4815 quando
2885 4744 2934 4798 is
2994 4744 3093 4815 qui
3132 4744 3202 4799 ad
3236 4744 3549 4815 imperium
3595 4743 4153 4817 evehebaturjura-

2468 4836 2686 4901 menta,
2718 4833 2788 4905 de
2845 4833 3056 4903 quibus
3117 4837 3484 4901 convenerat,
3542 4832 3769 4906 primus
3830 4840 4150 4909 conceptis

2466 4921 2658 4977 verbis
2689 4920 2952 4993 protulit,
2988 4921 3163 4977 ﬁdem
3196 4939 3293 4992 per
3324 4939 3391 4977 ea
3444 4921 3714 4993 obligans
3748 4938 3935 4994 puero
3974 4926 4151 4997 prin-

2467 5013 2579 5085 cipi
2613 5031 2727 5069 non
2762 5018 2827 5069 ut
2848 5013 2899 5069 ei
2927 5013 3203 5068 subditus
3229 5014 3487 5079 futurus,
3515 5014 3616 5068 sed
3644 5018 3707 5068 ut
3740 5014 4024 5072 consultu
4040 5035 4146 5076 rus

2471 5119 2534 5157 ac
2565 5106 2954 5174 suggesturus
2988 5106 3337 5175 opportuna,
3364 5102 3629 5174 nihilque
3660 5102 3719 5158 in
3753 5103 3959 5174 ipsum
3996 5105 4149 5161 insi-

2472 5192 2633 5249 diose
2664 5190 2999 5247 moliturus.
3026 5191 3317 5247 Jurarunt
3343 5195 3474 5262 post
3502 5191 3698 5263 ipsum
3726 5192 4058 5264 optimates
4087 5211 4151 5253 se

2473 5283 2706 5354 utrique
2737 5282 3005 5337 subditos
3052 5282 3305 5347 futuros,
3339 5286 3394 5338 et
3438 5282 3535 5335 97
3573 5283 3623 5337 si
3675 5283 3811 5357 quis
3868 5283 4150 5357 ipsorum

2473 5372 2851 5429 insidiaretur
2882 5371 3047 5427 alteri
3084 5373 3285 5427 statim
3344 5370 3625 5427 ultionem
3658 5372 3729 5427 de
3788 5371 4153 5433 insidiatore

2474 5466 2835 5533 sumpturos.
2872 5460 2964 5517 Sic
2997 5465 3409 5515 consummata
3441 5461 3930 5531 juramentorum
3968 5481 4151 5521 cere-

2474 5551 2691 5621 monia,
2745 5550 3087 5621 designatus
3139 5550 3410 5621 princeps
3463 5553 3628 5605 scuto
3673 5549 3834 5621 regio
3896 5550 4151 5623 insedit,

2474 5646 2721 5713 utroque
2752 5640 2913 5712 prius
2946 5640 3089 5710 pede
3120 5638 3513 5711 imperatoriis
3536 5638 3877 5712 insignibus
3902 5649 4145 5713 ornato;

2475 5735 2530 5787 et
2562 5730 2833 5786 manibus
2856 5729 2989 5785 hinc
3004 5730 3241 5801 quidem
3264 5729 3597 5785 antistitum
3617 5729 3753 5785 inde
3769 5730 4144 5802 optimatum
