4258 6438
181 402 285 458 533

1246 404 1342 458 D8
1384 403 1753 459 MICHAELE
1792 403 2235 462 ΡΔωιοιοαο
2270 408 2402 461 LIB.
2447 409 2518 462 ῘῙ.

3483 408 3591 464 534

181 529 270 583 καὶ
301 525 520 604 κρότοις
568 525 714 603 παρά
752 525 961 583 πάντων
1016 525 1381 603 ἐμεγαλύνετό
1437 546 1494 581 τε
1549 525 1638 582 καὶ
1696 526 1826 603 ἔφη·
1857 527 1910 597 Α
1941 525 2196 584 ἀπολύων
2229 528 2355 592 τοὺς
2389 528 2735 608 ὠφληκότας,
2787 529 3188 605 ἀπορουμίνοις
3237 551 3294 586 τε
3334 531 3400 586 τά
3454 533 3594 607 πρὶς

184 617 397 689 μίζετο.

183 724 237 779 ε’.
288 722 484 780 Ὀπως
535 725 563 778 ὁ
597 721 978 800 Παλαιολόγος
1010 724 1274 800 καταστὰς
1326 723 1402 786 είς
1431 725 1530 793 τήν
1564 721 1839 800 βασιλείαν

632 791 1009 868 ἐφιλοτιμεῖτο
1038 797 1105 850 τὰ
1139 791 1386 870 μέγιστα.

253 886 342 958 [Ρ.
377 885 467 952 62]
497 884 576 941 Τὸ
609 878 654 938 δ’
682 883 920 948 ἐντεῦθεν
952 886 1003 938 oi
1039 885 1135 956 μὲν
1183 885 1284 953 τῆς
1332 883 1616 960 γερουσίας
1667 905 1836 960 προσ-

183 974 409 1042 ἥκουσιν
466 970 741 1050 όφφικίοις
810 972 1266 1046 ἕνεσεμνύνοντο,
1337 971 1427 1028 καὶ
1485 971 1680 1035 ἄλλοις
1743 974 1839 1046 μὶν

180 1060 327 1115 ἄλλα
358 1058 424 1116 τά
457 1063 550 1134 μὶν
584 1057 826 1117 ἐδίδοντο
855 1061 922 1117 τά
948 1059 993 1117 δ’
1030 1060 1080 1117 ἐν
1135 1063 1487 1137 ὑποσχέσεσιν
1535 1064 1691 1130 ἦσαν·
1742 1064 1835 1118 τὸν

184 1147 228 1202 δ’
276 1147 614 1228 αὐτάδελφον
668 1147 944 1221 Ἰωάννην,
999 1153 1167 1227 μεγαν
1219 1148 1536 1223 δομὲστικον
1570 1149 1717 1218 ὄντα,
1765 1156 1834 1226 τῇ

177 1243 272 1293 τοῦ
345 1239 623 1313 Τορνικίου
681 1238 1085 1298 Κωνσταντίνου
1156 1241 1406 1315 θυγατέρι
1466 1239 1602 1314 πρὸς
1654 1241 1834 1313 γάμου

178 1326 464 1383 κοινωνίαν
498 1329 831 1404 συνήρμοσε,
878 1327 974 1384 κᾶν
1025 1327 1076 1384 ἐν
1123 1322 1416 1390 ἀναϐολαῖς
1448 1329 1514 1396 ἦν
1563 1330 1623 1382 τὸ
1673 1330 1832 1401 ἀξίω-

184 1439 274 1489 μα.
357 1416 588 1494 Θάτερον
666 1415 723 1473 δὶ
793 1422 900 1474 τῶν
975 1416 1227 1492 ἀδελφῶν
1279 1425 1706 1485 Κωνσταντῖνον,
1754 1412 1832 1472 ἔτι

181 1504 383 1582 ἔχοντα
430 1505 482 1562 ἐν
527 1506 794 1579 ἰδιώταις,
851 1510 986 1562 κατὰ
1033 1509 1221 1583 καιρὸν
1281 1511 1442 1579 τιμᾷν
1497 1506 1653 1567 αὐτὸς
1697 1507 1831 1564 Καί-

181 1616 315 1669 σαρα
359 1597 836 1671 προθυμούμενος,
897 1599 1235 1671 συνήρμοττε
1278 1593 1334 1650 δὲ
1373 1597 1461 1650 καὶ
1519 1595 1663 1666 αὖτῷ
1692 1596 1828 1668 πρὸς

178 1683 358 1758 γάμον
408 1687 509 1753 τήν
559 1689 654 1740 τοῦ
700 1688 878 1758 Βρανᾶ
925 1682 1092 1739 παῖδα
1140 1686 1330 1760 εὐγενῆ
1364 1683 1543 1751 οὖσαν,
1580 1682 1742 1760 σοφόν
1775 1705 1826 1738 τι

176 1778 352 1828 ποιῶν
407 1776 498 1829 καὶ
551 1774 679 1836 τοὺς
738 1773 790 1828 ἐν
838 1771 983 1828 τέλει
1031 1775 1148 1834 τοῖς
1201 1771 1390 1843 κήδεσι
1421 1775 1828 1848 προσποιούμε-

1949 618 2092 686 ζωήδ
2144 614 2326 680 διδοὺς
2381 619 2754 696 ἀφθονώτερα,
2803 621 2892 673 καί
2943 639 3006 694 γε
3063 623 3180 682 τοῖς
3235 615 3599 693 ἠδικημάνοις

1944 704 2166 777 ἀμύνων
2193 707 2282 762 καὶ
2314 707 2733 784 φιλοτιμότερον
2766 706 3022 782 προχέων
3053 707 3117 762 τὸ
3165 704 3412 783 δαψιλὲς,
3465 705 3595 762 ὥστ’

1945 794 2076 849 εἶναι
2153 795 2264 868 ἅμα
2323 797 2418 868 μὲν
2473 796 2772 871 ἀνενεγκεῖν
2831 798 2955 870 περί
3013 795 3111 851 τού
3163 817 3286 852 τινα
3335 796 3426 851 καὶ
3481 797 3596 869 ἅμα

1943 879 2257 957 προϐαίνειν
2331 885 2560 960 γράμμα
2639 883 2922 960 βασιλικὸν
2995 886 3335 957 προστάσσον
3405 884 3594 959 ἐκείνῳ

1941 974 2002 1028 τὸ
2057 976 2192 1027 κατᾶ
2243 972 2529 1048 βούλησιν,
2581 972 2626 1028 εἰ
2673 973 2761 1028 καὶ
2793 971 2911 1028 δυσῖ
2946 973 3168 1048 χρόνοις
3223 971 3442 1049 ὕστερον
3496 973 3594 1028 ἀν-

1944 1056 2213 1134 ελάμϐανε
2255 1061 2321 1118 τὰ
2365 1059 2820 1138 προστεταγμένα.
2875 1062 2982 1120 Κᾶν
3033 1063 3140 1118 πού
3169 1084 3252 1125 τις
3285 1063 3366 1142 ἐφ’
3395 1063 3478 1125 οἷς
3513 1062 3590 1117 εἴ-

1942 1170 2037 1225 χεν
2069 1149 2413 1226 ὀχλούμενος
2445 1153 2504 1205 τὸ
2552 1150 2784 1225 γράμμα
2831 1159 2928 1220 τῆς
2982 1152 3210 1226 χάριτος
3255 1147 3598 1226 προῦτεινεν,

1943 1240 2094 1304 εὐθὺς
2153 1242 2309 1316 φανὲν
2365 1239 2611 1314 δευτέρας
2664 1237 2998 1302 ίνδικτιῶνος
3049 1240 3126 1312 ὄν,
3157 1239 3255 1308 τὴν
3285 1236 3433 1295 δόσιν
3489 1241 3594 1298 ἀπ-

1942 1329 2257 1403 εψηφίζετο,
2316 1330 2389 1393 ὠς
2436 1329 2488 1383 ὲν
2540 1333 2714 1404 καιρῷ
2763 1327 2930 1401 μηδὶν
2977 1323 3252 1404 ἀκριϐείας
3303 1330 3392 1384 καὶ
3423 1347 3595 1402 προσ-

1941 1423 2086 1492 οχῆς
2119 1415 2248 1492 ἔχον
2279 1420 2340 1472 τὸ
2394 1420 2638 1492 γεγονός.
2689 1418 2828 1474 Τότε
2859 1415 2913 1473 δὶ
2944 1417 3032 1472 καί
3088 1415 3255 1472 πόλλ’
3307 1415 3438 1472 ἅττα
3493 1419 3590 1472 τοῦ

1939 1512 2123 1560 κοινοῦ
2179 1506 2430 1578 ταμιείου
2463 1506 2723 1584 ἐξεφόρει,
2755 1507 2842 1559 καὶ
2878 1504 3220 1581 δημηγορῶν
3262 1510 3378 1569 τοῖς
3423 1525 3602 1561 συνει-

1943 1593 2231 1669 λεγμένοις
2263 1596 2399 1669 πρὸς
2440 1595 2599 1669 χάριν
2647 1593 2876 1664 ἅπασαν,
2931 1595 3020 1649 εἶτ’
3074 1593 3406 1671 ἀμφοτέραις
3457 1593 3600 1650 ἐκεί-

1937 1703 2050 1744 νοις
2081 1682 2324 1754 ἐξήντλει
2355 1685 2423 1738 τά
2474 1686 2755 1758 χρήματα,
2811 1680 2985 1757 χύδην
3038 1681 3303 1758 ἐκρίπτων
3354 1680 3587 1751 κυνηδὸν

1937 1771 2292 1846 συλλέγουσιν
2305 1793 2316 1807 ο
2717 1787 2719 1790 ‘

173 1883 284 1924 νο(-
351 1865 446 1918 Kal
506 1863 632 1924 τοὺς
690 1864 784 1937 μὶν
817 1867 916 1933 τῆς
950 1863 1236 1938 γερουσίας
1281 1863 1423 1916 oar“
1485 1860 1999 1966 μεγαλοπρεοθςλ
2054 1881 2235 1941 Ὀπως
2310 1883 2405 1942 τὰς
2463 1879 2528 1936 ἅκ
2568 1901 2626 1941 ας
2694 1880 2813 1954 ὠχύ
2855 1901 2914 1932 ου
2976 1880 3062 1933 καὶ
3125 1880 3293 1953 μήπω
3353 1880 3594 1956 πεφθείς

173 1955 288 2006 πῶς
319 1951 909 2006 {decimus-movete:
955 1951 1171 2006 τούτοις
1231 1950 1469 2006 inamiva
1520 1952 1606 2006 καὶ
1655 1972 1827 2006 ποοσ-
2531 1900 2999 2006 δῙΙαλαιοξόγος.

171 1955 288 2014 πῶς
319 1951 626 2029 ἐθεράπευε,
651 1953 909 2026 προνοίας
955 1951 1171 2014 τούτοις
1231 1950 1469 2023 ἰπαύξων
1520 1952 1606 2006 καὶ
1655 1972 1827 2026 προσ-

171 2041 342 2107 τιθεῖς
405 2039 496 2097 καὶ
567 2041 778 2117 χαίρειν
831 2041 1008 2119 ἀφιεὶς
1065 2045 1182 2102 τοῖς
1237 2045 1388 2112 πᾶσι,
1450 2045 1556 2095 τῶν
1615 2040 1824 2114 ἀγαθῶν

170 2130 233 2185 τά
287 2132 384 2204 μὲν
433 2126 797 2203 λαμϐάνουσι,
844 2130 910 2185 τὰ
960 2128 1006 2184 δ’
1035 2127 1346 2199 ἐλπίζουσι·
1381 2128 1442 2184 τὸ
1474 2127 1530 2185 δι
1562 2149 1829 2203 στρατιω-

170 2220 324 2274 τικόν
355 2239 413 2274 τε
444 2222 532 2274 καὶ
564 2220 663 2289 τὴν
688 2217 927 2290 πληθὺν,
978 2219 1105 2280 τοὺς
1158 2221 1250 2291 μὲν
1297 2224 1689 2294 καθημεριναῖς
1741 2240 1830 2294 ιρι-

168 2308 455 2382 λοτιμίαις
485 2307 726 2384 ὤφελλε,
755 2309 844 2365 καὶ
878 2304 1323 2386 χρυσοϐούλλοις
1354 2308 1420 2364 τὰ
1470 2310 1828 2384 ὑπεσχημένα

162 2399 386 2463 τούτοις
415 2397 684 2471 ἐπλήρου,
733 2399 820 2453 καὶ
870 2400 1006 2472 πρὸς
1052 2399 1114 2452 τὸ
1163 2395 1369 2470 μέλλον
1425 2397 1825 2473 εὐθυμοτέρους

163 2487 402 2542 καθίστα
438 2485 514 2549 ὡς
571 2487 866 2548 ἀθανάτους
924 2487 1020 2548 τὰς
1075 2493 1176 2555 τῆς
1230 2490 1377 2556 ζωῆς
1433 2487 1692 2560 προνοίας
1735 2489 1821 2541 καὶ

163 2576 230 2630 τὰ
284 2571 548 2649 διδόμενα
597 2577 880 2652 σινηρὲσεα
925 2581 1042 2636 τοῖς
1088 2576 1272 2631 παισὶν
1323 2574 1561 2647 ἰξοντας,
1602 2576 1727 2637 τοὺς
1780 2574 1827 2631 δ’

168 2662 531 2739 ἐθεράπευεν,
582 2665 832 2739 ἀνοιγνὺς
883 2665 1126 2741 φυλακὰς
1175 2667 1261 2719 καὶ
1316 2669 1493 2739 χρεῶν
1545 2663 1824 2738 δημοσίων

161 2879 464 2946 sublatus,
489 2877 1014 2934 acclamationibus
1037 2883 1094 2934 et
1125 2878 1358 2951 plausu,
1392 2879 1607 2951 quibus
1637 2880 1820 2951 excipi

165 2968 300 3025 novi
335 2967 725 3040 imperatores
756 2967 965 3037 solent,
999 2968 1070 3024 ab
1105 2967 1394 3026 universis
1442 2969 1734 3026 salutatus
1766 2973 1822 3025 et

159 3062 472 3130 Augustus
502 3057 838 3114 declaratus
871 3061 978 3114 est.

157 3167 209 3219 5.
249 3165 314 3223 Ut
344 3164 691 3234 Palgologus
720 3171 930 3221 erectus
960 3167 1019 3220 in
1051 3166 1349 3237 imperium
1395 3169 1554 3237 regia
1613 3169 1815 3224 libera-

592 3237 750 3293 litate
778 3241 998 3292 cuncto:
1027 3237 1383 3295 demeruerit.

230 3325 378 3382 inde
413 3329 718 3381 senatores
750 3326 990 3397 quidem
1014 3326 1223 3384 officiis
1245 3343 1348 3401 pro
1372 3329 1661 3402 cujusque
1686 3344 1810 3384 me-

153 3414 285 3470 ritis
306 3415 775 3481 bonorabantur,
806 3418 862 3470 et
902 3413 1032 3471 aliis
1101 3415 1213 3472 alia
1258 3419 1470 3490 partim
1512 3416 1812 3474 donaban-

150 3503 503 3576 tur,partim
538 3503 1050 3575 promittebantur.
1088 3505 1349 3562 Fratrem
1372 3521 1504 3562 vero
1526 3507 1811 3563 Joannem

149 3599 279 3649 tum
316 3591 513 3649 adhuc
559 3607 840 3664 magnum
894 3594 1281 3651 domesticum
1327 3595 1812 3654 sebastocratoris

151 3697 366 3738 ornare
390 3681 678 3753 dignitate
707 3698 948 3755 aequum
984 3684 1239 3754 censuit,
1273 3689 1329 3742 et
1362 3685 1413 3741 ei
1441 3687 1811 3743 Constantini

147 3770 414 3827 Tornicii
451 3770 629 3826 flliam
659 3773 1038 3829 matrimonio
1073 3774 1394 3844 conjunxit,
1454 3776 1810 3833 destinatam

149 3859 510 3933 dignitatem
544 3859 600 3915 in
631 3863 867 3934 tempus
897 3860 1054 3918 aliud
1088 3863 1647 3921 difi‘erens.Alterum
1679 3882 1812 3924 vero

149 3950 408 4006 fratrum
429 3949 888 4006 Constantinum
903 3950 960 4006 in
976 3951 1202 4024 privata
1214 3955 1352 4009 tunc
1369 3954 1605 4026 quidem
1620 3955 1812 4011 adhuc

149 4040 398 4114 reliquit
419 4041 599 4110 sorte,
632 4054 740 4095 suo
768 4044 1031 4113 tempore
1051 4056 1248 4098 creare
1278 4041 1475 4114 ipsum
1526 4047 1810 4102 Caesarem

150 4128 470 4188 babensin
525 4127 743 4184 animo.
804 4130 972 4185 Dedit
1027 4134 1222 4186 autem
1279 4136 1338 4187 et
1391 4130 1528 4188 huic
1569 4149 1808 4190 uxorem

151 4221 360 4277 Brants
398 4217 581 4274 filiam
615 4234 757 4274 sane
803 4220 1202 4291 prenobilem,
1252 4221 1505 4294 sapienti
1565 4223 1810 4280 consilio

151 4308 550 4367 affinitatibus
579 4308 859 4379 patricios
887 4308 997 4365 sibi
1021 4311 1380 4368 devinciens.
1414 4316 1480 4368 Et
1510 4317 1809 4370 senatores

151 4400 400 4472 quidem
433 4399 492 4452 in
525 4398 684 4454 hunc
715 4399 955 4454 modum
982 4400 1294 4473 magniﬁce
1326 4403 1636 4468 demeruit,
1669 4420 1808 4475 pen-

151 4491 356 4546 siones
387 4487 461 4544 iis
485 4488 807 4560 adaugens,
841 4493 897 4543 et
930 4489 1103 4545 donis
1148 4491 1543 4564 superadditis
1600 4509 1810 4547 cumu-

146 4575 664 4648 lans,cunctisque
694 4577 991 4650 gaudendi
1024 4580 1330 4635 materiam
1354 4581 1602 4638 oil‘erens
1626 4581 1809 4638 hono-

2591 1951 2999 2025 Παλαίὀλόγος.

2011 2043 2096 2113 [Ρ.
2129 2044 2218 2114 63]
2265 2043 2364 2098 Ἦν
2413 2045 2600 2113 ταῦτα,
2644 2041 2892 2102 κάκεῖνος
2946 2043 3040 2112 μὶν
3085 2044 3430 2114 καταχνδροῦν
3488 2043 3583 2102 τὰς

1941 2129 2103 2205 ἄκρας
2135 2130 2416 2206 προῦργου
2445 2130 2793 2203 ποιούμενος,
2844 2129 2955 2202 ἅμα
3001 2128 3057 2185 δὶ
3104 2129 3192 2184 καὶ
3245 2127 3585 2199 δηλοποιοόο

1944 2241 2099 2290 μενος
2143 2219 2288 2292 αὖτῷ
2337 2222 2620 2296 προσώπῳ
2670 2223 2768 2288 τήν
2810 2227 2908 2288 τῆς
2943 2217 3221 2295 βασιλείας
3266 2218 3582 2293 ἀνάῤῥησιν,

1938 2308 2024 2362 ἐπὶ
2075 2306 2474 2387 Φιλαδελφείας
2527 2306 2667 2384 ἔγνω
2727 2313 2956 2384 χωρεῖν,
3011 2308 3186 2363 λιπὼν
3234 2307 3328 2362 τὸν
3378 2308 3494 2361 νέον
3531 2307 3582 2362 ἐν

1938 2397 2248 2474 Μαγνησίᾳ,
2337 2396 2674 2470 βασιλικῶς,
2758 2399 2832 2460 ὡς
2915 2391 3073 2475 ἔδει,Δ
3130 2397 3583 2472 θεραπευόμενον.

1941 2487 2227 2541 Συνείπετο
2281 2484 2336 2540 δέ
2386 2488 2437 2540 οῖ
2485 2487 2572 2540 καὶ
2622 2488 2757 2540 ἅπαν
2783 2487 2845 2541 τὸ
2877 2486 3266 2561 στρατιωτικὸν
3314 2484 3587 2561 προασπί-

1939 2583 2029 2644 ζον
2109 2579 2206 2630 τοῦ
2265 2575 2534 2651 βασιλέως
2613 2578 2728 2648 μεθ’
2785 2574 2867 2629 ὅτι
2919 2573 3180 2647 πλείστης
3235 2572 3441 2635 εὖνοίας
3496 2573 3584 2629 καὶ

1936 2667 2070 2740 πρὸς
2127 2667 2189 2720 τὸ
2219 2670 2398 2720 πονεῖν
2433 2666 2611 2740 ὁρμῆς
2658 2665 2900 2738 ἑτοῖμον,
2956 2663 3092 2720 ὅπου
3149 2685 3208 2738 γε
3236 2663 3325 2719 καὶ
3357 2665 3475 2718 καθ’
3505 2665 3580 2719 ὧν

1933 2879 2221 2953 condigno
2253 2879 2543 2953 supplicio
2578 2879 2936 2936 multatis.Et
2967 2879 3156 2936 inerat
3186 2879 3374 2936 multa
3389 2896 3576 2952 popu-

1931 2969 2133 3025 laritas
2165 2971 2222 3026 in
2259 2969 2433 3025 modo
2459 2968 2578 3025 haec
2603 2969 2834 3042 agendi,
2870 2967 3147 3026 facilitate
3174 2971 3231 3025 et
3274 2968 3574 3026 amabilis-

1931 3061 2079 3114 sima
2095 3059 2450 3132 benignitate
2471 3058 2774 3132 largientis
2805 3059 2957 3115 dona
2988 3075 3091 3132 per
3112 3075 3174 3116 se
3206 3064 3368 3132 grata
3386 3059 3572 3116 multo

1930 3149 2204 3204 reddente
2235 3150 2510 3220 gratiora.
2543 3148 2767 3221 Quippe
2800 3165 2913 3204 non
2946 3165 3074 3205 raro
3108 3148 3304 3204 statim
3336 3166 3403 3204 ac
3433 3149 3565 3220 quis

1928 3237 1996 3291 de
2027 3253 2136 3292 sua
2162 3236 2437 3308 quapiam
2456 3237 2800 3293 necessitate
2826 3237 3104 3292 retulerat
3125 3238 3196 3292 ad
3221 3236 3570 3310 principem,

1925 3327 1974 3382 is
2009 3327 2135 3382 sine
2168 3343 2330 3382 mora
2351 3325 2609 3400 diploma
2641 3326 2867 3399 regium
2902 3325 3011 3399 ipsi
3043 3326 3197 3398 quod
3231 3324 3572 3398 postulabat

1922 3432 2191 3472 asserens
2213 3415 2271 3471 in
2305 3432 2544 3471 manum
2571 3415 2926 3482 dabat,unde
2954 3416 3004 3471 is
3029 3414 3196 3471 laatus
3230 3414 3564 3487 abibat,etsi

1922 3521 2346 3578 nonnunquam
2372 3523 2485 3561 non
2511 3505 2624 3561 nisi
2651 3510 2784 3578 post
2805 3504 3110 3561 biennium
3135 3503 3337 3577 pensio
3365 3521 3569 3560 nume-

1923 3596 2106 3652 randa
2140 3593 2788 3666 prescriberetur.Quod
2822 3592 2871 3650 si
2896 3609 3092 3666 quem,
3128 3592 3226 3649 ubi
3276 3594 3566 3668 scriptum

1922 3685 2161 3756 legerat,
2194 3684 2430 3741 taederet
2463 3700 2636 3740 morsa
2659 3684 3011 3754 referretque
3059 3682 3315 3756 diploma
3349 3687 3405 3739 et
3435 3700 3566 3756 gra-

1920 3775 2058 3829 tiam
2084 3773 2488 3847 reprazsentari
2521 3776 2806 3846 posceret,
2825 3771 3088 3845 placidus
3119 3771 3216 3828 ille
3282 3789 3348 3829 ac
3405 3772 3565 3828 reni-

1921 3866 2064 3919 dens
2097 3864 2546 3937 recognoscebat
2578 3863 2888 3935 scriptum,
2921 3866 2977 3918 et
3008 3861 3108 3917 ubi
3165 3878 3363 3919 revera
3418 3861 3566 3918 dila-

1919 3958 2043 4009 tum
2076 3954 2133 4009 in
2166 3954 2484 4009 secundam
2516 3952 2894 4008 indictionem
2925 3951 3145 4008 donum
3186 3951 3441 4022 videbat,
3476 3952 3568 4008 ul-

1920 4047 2008 4098 tro
2041 4043 2360 4099 damnabat
2393 4043 2745 4115 scripturam
2779 4041 2947 4115 quasi
2979 4059 3013 4098 a
3070 4058 3280 4115 parum
3339 4043 3562 4098 attento

1920 4132 2275 4204 minimeque
2298 4135 2566 4188 assecuto
2599 4135 2854 4188 mentem
2887 4148 3055 4188 suam
3080 4129 3322 4187 librario
3346 4130 3564 4188 forma-

1918 4226 2060 4293 tam,
2088 4222 2450 4294 jubebatque
2480 4222 2712 4294 corrigi.
2746 4219 2847 4278 His
2879 4225 2936 4278 et
2967 4219 3263 4277 similibus
3319 4221 3390 4276 de
3429 4237 3566 4276 cau-

1918 4312 2000 4367 sis
2032 4311 2680 4385 proi'undebatlargiter
2708 4310 2910 4368 aerario
2945 4310 3108 4384 prius
3156 4309 3311 4384 regio
3358 4310 3563 4367 condi-

1867 4385 1876 4394 ’
1917 4405 2007 4456 tas
2039 4419 2197 4474 opes.
2223 4403 2289 4457 Et
2313 4403 2385 4458 ab
2417 4402 2755 4458 concionem
2789 4403 3008 4473 passim
3060 4401 3308 4473 loquens
3366 4401 3566 4457 omnia

1919 4490 1988 4544 ad
2037 4491 2376 4562 popularem
2436 4491 2687 4563 gratiam
2732 4490 3075 4562 composita,
3132 4495 3381 4562 utraque
3432 4507 3566 4549 mox

1919 4596 2098 4636 manu
2132 4579 2437 4635 hauriebat
2467 4583 2522 4636 et
2555 4578 2786 4652 publico
2826 4579 3103 4636 thesauro
3135 4579 3248 4634 vim
3305 4580 3561 4651 pecunia:

147 4685 283 4725 rum
317 4670 406 4724 vel
443 4667 792 4725 collatorum
820 4670 1094 4742 praesenti
1127 4671 1319 4728 fructu
1350 4671 1438 4730 vel
1471 4678 1628 4730 certa
1682 4692 1809 4747 pro-
1842 4653 1886 4718 Ῑ)
1919 4671 2239 4742 ingentem,
2281 4669 2633 4725 effusissime
2682 4669 2996 4742 projicieas
3054 4685 3180 4742 qua
3223 4668 3562 4728 avidissimo

146 4760 501 4816 mitssorum
534 4761 984 4830 exspectatione.
1015 4762 1141 4816 Jam
1158 4762 1476 4818 exercitum
1495 4781 1559 4820 ac
1576 4764 1802 4837 plebem

143 4849 306 4905 varie
341 4847 616 4928 delinivit
647 4863 662 4903 :
697 4865 831 4904 nam
867 4854 924 4905 et
956 4850 1267 4924 plerosque
1298 4851 1658 4923 quotidianis
1699 4855 1804 4909 do-

146 4938 374 4994 nativis
397 4937 554 5009 juvit
581 4941 639 4993 et
669 4938 883 5010 quibus
913 4956 1014 5011 per
1037 4939 1360 5012 diplomata
1388 4941 1568 4999 bullis
1612 4943 1806 5000 aureis

146 5029 388 5084 munita
401 5025 760 5099 promissum
778 5028 998 5102 aliquid
1019 5029 1365 5098 fuerat,cum
1389 5029 1502 5086 fide
1517 5047 1804 5104 repraesen

144 5115 411 5184 tavit,sic
446 5115 579 5171 illos
604 5116 662 5171 in
689 5115 952 5173 futurum
988 5133 1226 5175 securos
1251 5122 1306 5175 et
1340 5123 1483 5176 bene
1514 5121 1807 5177 animatos

143 5206 782 5278 efﬂeiens,utpotejam
815 5212 1006 5264 certos
1037 5225 1388 5279 processura
1409 5209 1556 5283 ipsis
1579 5217 1636 5267 et
1659 5211 1805 5268 libe-

146 5297 228 5351 ris
247 5295 520 5350 eorumin
537 5310 712 5359 omne
729 5301 964 5368 tempus
978 5299 1048 5352 ad
1063 5299 1284 5354 victum
1300 5300 1530 5355 decreta
1544 5301 1809 5359 subsidia

145 5390 200 5440 et
232 5384 339 5439 98
401 5383 678 5440 frumenti
705 5386 983 5443 demensa
1015 5389 1352 5445 constituta.
1387 5389 1617 5446 Plebem
1675 5409 1808 5447 vero

147 5474 449 5547 praecipue
478 5474 760 5530 demulsit
792 5477 1122 5548 aperiendis
1155 5478 1461 5544 custodiis,
1503 5483 1560 5535 et
1590 5479 1664 5535 iis
1710 5477 1828 5552 qui

147 5566 292 5619 fisco
335 5562 478 5634 quid
528 5563 801 5620 deberent
860 5582 964 5621 nec
994 5565 1269 5622 solvendo
1335 5572 1548 5636 essent,
1606 5569 1808 5626 liberis

144 5651 841 5724 dimittendis,praeterea
860 5654 1163 5728 largiendo
1179 5657 1805 5728 liberaliteralimenta,

146 5748 204 5799 et
240 5757 450 5816 passos
482 5741 756 5814 injuriam
791 5745 1560 5814 consolando,vexatoribus
1604 5765 1805 5806 eorum

1916 4760 2363 4831 colligebantur.

1912 4915 1968 4968 6.
2005 4916 2066 4970 Ut
2097 4929 2245 4969 arces
2276 4913 2543 4969 munierit
2588 4913 2831 4969 nondum
2861 4918 3154 4969 coronatus
3185 4914 3556 4988 Palaeologus.

1989 5031 2116 5086 llaec
2145 5029 2381 5103 quidem
2416 5029 2498 5085 sic
2526 5045 2588 5084 se
2619 5029 3228 5086 habebant.Casterum
3261 5030 3358 5087 ille
3413 5050 3557 5106 ope—

1918 5137 1988 5175 res
2017 5119 2272 5192 pretium
2307 5136 2367 5174 se
2401 5120 2690 5174 facturum
2724 5123 2910 5189 ratus,
2944 5119 2991 5175 si
3051 5136 3213 5176 arces
3277 5123 3557 5190 muniret,

1917 5210 2096 5265 simul
2127 5212 2184 5265 et
2214 5208 2484 5282 praesenti
2511 5214 2830 5282 conspectu
2883 5209 3254 5266 exhibiturus
3299 5212 3559 5284 p0pulis,

1918 5299 2016 5370 qui
2048 5300 2176 5371 ejus
2208 5297 2615 5355 acclamationi
2649 5315 2762 5354 non
2812 5298 3227 5366 interfuerant,
3262 5301 3559 5372 specimen

1918 5387 2028 5443 sibi
2063 5388 2292 5444 creditae
2326 5404 2612 5458 supremas
2636 5387 3429 5460 potestatis,Philadelphiam
3465 5393 3563 5448 de-

1919 5478 2102 5534 crevit
2130 5478 2448 5550 proficisci,
2495 5477 2692 5534 relicto
2748 5495 2926 5551 puero
2977 5479 3202 5550 collega
3246 5479 3555 5553 Magnesiae

1918 5585 2052 5624 cum
2085 5567 2262 5640 regio,
2297 5568 2377 5623 uti
2412 5585 2518 5640 par
2568 5573 2713 5637 erat,
2764 5566 3058 5624 satellitio.
3119 5571 3366 5626 Secutus
3425 5588 3559 5630 eum

1918 5663 2008 5714 est
2038 5657 2348 5714 universus
2378 5659 2664 5715 exercitus
2699 5658 3073 5714 circumdans
3089 5658 3410 5732 principem
3425 5677 3560 5720 cum

1918 5749 2189 5804 omnibus
2220 5752 2276 5805 et
2307 5749 2456 5804 veris
2490 5749 2831 5804 indiciis09
2849 5747 3262 5804 benevolentia
3286 5765 3560 5819 summa,
