4188 6442
647 380 756 435 535

1954 375 2261 433 GEORGII
2307 375 2771 433 ΡΔΟΗῩΗΕΒΒ

3967 372 4077 426 536

643 499 749 569 ῖοι,
805 496 1102 571 προθύμως
1151 497 1635 571 πολεμησείοντες.
1691 498 1793 551 Τὸν
1843 496 2027 569 μέντοι
2075 515 2139 569 γε
2192 514 2293 549 πα·
2324 496 2484 566 Ατῷ
2514 496 2793 572 ἀγνοοῦντι
2840 499 2928 553 τὸν
2986 497 3401 571 βασιλεύσαντα,
3448 495 3573 551 ἀλλ’
3621 495 3672 557 ἐς
3712 498 3778 550 τα
3830 495 4082 567 μάλιστα

652 588 924 662 τριάρχην
957 587 1034 649 εἷς
1083 587 1312 643 Νίκαιαν
1359 587 1693 659 άποπίμπει,
1746 588 1861 659 μετ’
1912 586 2100 659 ὀλίγον
2148 604 2310 639 κατα-

656 670 845 731 λαϐεῖν
905 677 997 730 καὶ
1058 674 1220 738 αὐτὸς
1279 674 1716 749 ὑπισχνούμενος
1776 673 1987 746 σόναμα
2035 677 2115 744 τῷ
2156 674 2261 744 νέῳ
2295 715 2309 741 ,

655 762 1150 836 ταινιωθησόμενοι
1178 762 1268 818 καὶ
1319 762 1638 841 ἀμφότεροι,
1670 764 1732 820 Ὀ
1796 763 1889 835 μὶν
1924 761 2014 817 οὖν
2047 761 2314 835 πατριάρ-

658 873 770 929 χης
818 852 1029 924 σύναμα
1070 856 1151 923 τῷ
1198 850 1392 927 κλήρῳ
1437 853 1527 906 καὶ
1574 857 1689 913 τοῖς
1739 852 2071 926 ἀρχιερεῦσι,
2124 870 2311 904 συντα-

660 943 880 1015 ξαμενοι
930 942 999 995 τὰ
1046 940 1228 995 εἰκότα
1270 947 1387 1003 τοῖς
1439 938 1742 1015 βασιλεῦσι,
1790 948 1888 1009 τῆς
1949 939 2036 995 ἐπὶ
2086 938 2311 995 Νίκαιαν

660 1029 922 1099 ἤπτοντο’
985 1029 1013 1083 ὁ
1072 1026 1127 1083 δὲ
1182 1051 1241 1102 γε
1292 1028 1544 1104 βασιλεὺς
1573 1029 1665 1090 τὰς
1716 1027 1969 1101 δυνάμεις
2030 1022 2315 1082 ἀναλαϐὼν

660 1118 751 1173 καὶ
800 1117 1052 1187 συντάξας
1102 1116 1314 1191 συνάμα
1360 1119 1447 1172 καὶ
1498 1122 1615 1181 τοῖς
1646 1118 1696 1172 ἐν
1728 1116 1874 1172 τὶλει
1924 1116 2009 1171 ἐπὶ
2042 1113 2315 1171 Φιλαδέλ-

662 1228 813 1286 φειαν
858 1204 1089 1275 ἤλαυνε,
1134 1207 1223 1260 καὶ
1269 1204 1336 1275 δὴ
1389 1206 1609 1268 ἐπιστὰς
1659 1210 1728 1279 τῇ
1776 1205 1935 1261 πόλει
1969 1205 2165 1260 ἰκεῖθεν
2221 1205 2316 1265 τὰς

660 1298 827 1371 ἄκρας
871 1295 1118 1371 ὠχύρου,
1166 1294 1293 1357 τοὺς
1345 1296 1441 1368 μὶν
1489 1297 1746 1368 πέμπων,
1797 1294 2001 1356 ἄλλους
2042 1292 2089 1348 δ’
2120 1294 2320 1357 ἐκεῖθεν

662 1384 965 1459 δεχόμενος
1024 1383 1306 1445 κατιόντας
1356 1384 1445 1438 καὶ
1497 1382 1695 1457 δώροις
1746 1384 1819 1445 ὡς
1854 1379 1967 1437 οἷόν
2016 1404 2074 1438 τε
2104 1380 2319 1460 φιλοτι-

669 1473 962 1549 μούμενος,
1022 1472 1337 1546 προθύμους
1395 1473 1469 1535 εἷς
1527 1472 1775 1547 φυλακὴν
1809 1477 1981 1526 ποιῶν
2034 1474 2119 1526 καὶ
2188 1470 2319 1546 0αρ-

669 1562 1041 1639 ῥαλεωτέρους
1095 1560 1276 1617 ἐλπίσι
1334 1568 1603 1636 χρησταῖς
1658 1562 1937 1625 καθιστάς.
2005 1556 2220 1635 Προϐὰς
2274 1552 2325 1613 δ’

670 1652 871 1715 ἐκεῖθεν
935 1652 1125 1724 μικρὸν
1185 1650 1273 1704 καὶ
1312 1653 1378 1706 τα
1426 1650 1613 1723 κύκλῳ
1671 1649 1996 1724 περιελθὼν,
2045 1649 2133 1704 καὶ
2192 1648 2323 1711 τοὺς

676 1741 770 1813 μὶν
845 1738 1213 1813 προσλαλιαῖς
1289 1740 1540 1814 ἀγαθαῖς,
1614 1738 1739 1801 τοὺς
1812 1736 1867 1792 ’ὀὶ
1948 1737 2321 1815 φιλοτιμίαις,

669 1828 796 1891 τοὺς
872 1825 928 1883 δὲ
997 1828 1087 1882 καὶ
1163 1829 1561 1903 ὑποσχέσεσιν,
1616 1824 1726 1882 ἔστι
1787 1824 1832 1880 δ’
1891 1828 1951 1880 οὗ
2008 1828 2099 1881 καὶ
2151 1822 2318 1904 φόϐον

669 1918 852 1993 κιρνὰς
950 1918 1277 1991 ἡμερότητι,
1379 1918 1444 1971 τὰ
1549 1916 2000 1990 παρεμπίπτοντα
2114 1917 2319 1989 βασιλι-

669 2012 778 2068 κῶς
865 2006 1294 2081 μετερχόμενος,
1376 2007 1450 2068 ὡς
1529 2005 1645 2060 οἷόν
1720 2026 1777 2059 τε
1863 2006 2016 2059 κάκεῖ
2098 2005 2321 2069 καθίστα

670 2098 756 2151 καὶ
837 2094 1233 2173 ἀσφαλέστερον
1312 2101 1570 2172 φρουροῖς
1625 2095 1971 2169 κατωχόρου·
2034 2096 2166 2169 Εἶχε
2218 2096 2321 2169 γαρ

670 2188 768 2255 τὴν
830 2185 917 2241 ἐπὶ
976 2184 1123 2241 δύσιν
1182 2186 1471 2259 μέριμναν,
1533 2186 1607 2246 ὡς
1668 2184 1900 2257 ἑτοίμων
1934 2186 2071 2259 πρὸς
2098 2185 2158 2239 τὸ
2183 2185 2322 2261 ἀφη-

672 2280 790 2345 νιᾷν
841 2272 1031 2343 ὄντων,
1084 2274 1128 2329 εί
1188 2274 1459 2349 εὐκαιρίας
1510 2275 1657 2335 τινὸς
1704 2272 2135 2347 ἑπιδράττοιντο.
2167 2277 2325 2336 Ὅθεν

672 2366 761 2419 καὶ
818 2358 1070 2439 πρίσὸεις
1142 2362 1219 2425 εἷς
1288 2362 1495 2439 Πέρσας
1562 2361 1962 2434 ἐξαποστείλας,
2018 2367 2178 2418 τοῦτο
2230 2364 2325 2433 μὶν

680 2450 1035 2522 δηλώσοντας
1059 2450 1134 2513 είς
1164 2453 1263 2521 τήν
1297 2452 1475 2527 ἀρχὴν
1530 2451 1862 2507 καταστάντα
1915 2450 1971 2505 δν
2025 2451 2113 2505 καὶ
2172 2451 2328 2525 ἀκρι-

678 2537 790 2605 ϐῶς
841 2538 1043 2603 ἰδόντες
1094 2537 1313 2613 ᾔδεσαν,
1370 2544 1532 2595 τοῦτο
1591 2538 1649 2594 δὲ
1696 2539 1891 2611 καὶτῷ
1923 2541 2153 2595 σουλτάν
2207 2540 2329 2613 περὶ

679 2634 787 2684 τῶν
848 2629 959 2685 ἐκεῖ
1014 2631 1353 2705 πραγμάτων
1409 2628 1994 2703 κοινολογησομένους,
2053 2627 2179 2684 οὐδὲ
2208 2628 2333 2683 τού-

682 2841 1047 2898 alacritatem
1076 2858 1311 2914 quoque
1342 2842 1659 2899 maximam
1701 2842 2009 2914 praeferens
2041 2842 2111 2897 ad
2145 2858 2325 2913 quos-

681 2933 771 2987 vis
824 2931 1166 2987 subeundos
1232 2931 1461 2987 labores
1510 2933 2016 3003 pugnandumque
2072 2931 2329 2987 ubicun-

680 3036 795 3094 que
844 3024 900 3077 et
968 3020 1251 3077 adversus
1300 3037 1682 3093 quoscunque
1750 3022 2009 3077 duceret.
2076 3022 2326 3077 Patriar-

682 3110 856 3166 cham
913 3108 1149 3165 interim
1208 3108 1460 3165 Nicaeam
1534 3109 1856 3182 pramittit,
1911 3110 2071 3165 brevi
2123 3111 2325 3165 eodem

678 3203 1021 3255 secuturum
1053 3214 1115 3254 se
1137 3188 1434 3271 pollicitus
1492 3215 1626 3255 cum
1664 3215 1843 3271 puero
1875 3203 2165 3271 Augusto,
2187 3200 2327 3269 regii

680 3288 1031 3343 diadematis
1064 3269 1184 3343 una
1204 3304 1339 3344 cum
1396 3287 1497 3344 illo
1550 3269 1683 3344 rite‘
1718 3269 2057 3345 assumendi
2116 3288 2323 3361 gratia.
2358 3269 2400 3337 (Σ

684 3378 875 3443 Quare
944 3376 1227 3432 Arsenius
1298 3392 1432 3432 cum
1481 3375 1633 3432 clero
1682 3381 1740 3432 et
1791 3377 2145 3449 praesulibus
2202 3376 2325 3433 vale

684 3467 841 3523 dicto
874 3466 1393 3538 Augustis,Nicaim
1422 3481 1627 3523 versus
1657 3466 1769 3521 iter
1823 3468 2034 3523 tenuit.
2068 3470 2325 3540 Impera-

685 3560 780 3611 tor
808 3571 941 3613 vero
974 3555 1230 3628 sumptis
1278 3571 1481 3612 secum
1533 3555 1736 3627 capiis,
1791 3555 2061 3612 salutatis
2120 3556 2178 3611 in
2236 3555 2325 3611 di-

676 3660 887 3717 gressu
920 3644 1329 3717 optimatibus,
1356 3643 1826 3718 Philadelphiam
1859 3646 2153 3719 profectus
2192 3647 2325 3702 inde

675 3734 1016 3791 muniendis
1046 3734 1280 3791 arcibus
1313 3751 1513 3791 curam
1538 3735 2099 3809 impendit,mittens
2122 3736 2195 3793 ad
2226 3752 2325 3791 eas

670 3824 1532 3897 prmidiarios,accersitosque
1565 3824 1665 3896 qui
1697 3824 1816 3880 illic
1868 3826 2102 3881 fuerant
2158 3826 2325 3881 beni-

667 3929 782 3988 gne
812 3913 1129 3986 accipiens,
1161 3919 1218 3969 et
1237 3913 1532 3969 donativis
1562 3930 1665 3986 pro
1697 3914 1866 3987 copia
1887 3914 2157 3985 praesenti
2190 3933 2323 3971 ma-

669 4003 905 4078 gniﬁcis
927 4002 1481 4075 liberalissimisque
1514 4004 1823 4076 promissis
1853 4005 1999 4060 bene
2035 4005 2324 4061 animatos

677 4094 749 4150 ad
784 4092 1280 4166 perseverandum
1314 4091 1373 4147 in
1406 4092 1520 4149 ﬁde
1550 4092 1825 4149 custodia
1849 4094 2081 4149 credite
2104 4110 2325 4165 speque

674 4184 882 4256 plenos
912 4182 1137 4255 optima
1167 4181 1473 4237 remittens
1498 4182 1653 4238 unde
1683 4183 2143 4239 venerant.Hino
2177 4201 2324 4255 pau-

684 4274 806 4329 lum
841 4288 1188 4345 progressus
1220 4276 1436 4327 cuncta
1455 4288 1560 4345 per
1592 4272 1903 4327 circuitum
1945 4272 2238 4342 lustravit,
2270 4280 2327 4329 et

669 4362 779 4418 hos
810 4362 1051 4434 quidem
1078 4360 1533 4416 allocutionibus
1566 4360 1859 4433 benignis,
1894 4360 2040 4417 alios
2064 4361 2325 4433 largitio-

671 4451 870 4518 nibus,
928 4450 1215 4522 quosdam
1275 4449 1586 4520 promissis
1657 4451 1972 4506 demeruit.
2033 4452 2163 4506 Fuit
2225 4452 2325 4507 ubi

670 4546 729 4596 et
758 4545 1042 4595 terrorem
1088 4539 1411 4594 clementiae
1461 4539 1870 4595 submisceret.
1923 4540 2185 4612 Denique
2244 4540 2322 4595 ibi

2420 582 2563 661 φίλῳ
2604 581 2739 653 ὄντι,
2792 588 2953 648 αὐτὸς
2987 588 3087 655 τήν
3138 585 3407 660 ταχίστην
3471 586 3807 659 ὑποστρέψας
3853 584 3945 637 καὶ
3987 584 4082 637 τὸν

2419 671 2587 728 παῖδα
2614 670 2947 747 παραλαϐὼν
2982 676 3085 729 ὑπὸ
3131 674 3320 748 πολλῇ
3368 673 3544 751 τρυφῇ
3592 694 3651 728 τε
3698 672 3786 727 καὶ
3837 670 4083 748 δορυφο-

2423 763 2514 835 Pi?
2574 762 2800 837 μεγίστῃ
2860 770 2959 832 τῆς
3018 763 3105 817 ἐπὶ
3163 765 3261 831 τῆς
3316 765 3541 823 Νικαίας
3599 762 3823 829 ἥπτετο.
3876 762 3969 820 Ὠς
4037 757 4084 811 δ’

2423 850 2718 921 ἰπὲστησαν
2777 854 2853 925 μὴ
2933 849 3306 924 μελλήσαντες
3360 849 3511 925 (οὐδὶ
3566 852 3666 925 γὰρ
3724 851 3789 917 ἦν
3849 847 4084 921 ἀμελεῖν

2424 940 2547 1015 περὶ
2594 946 2703 995 τῶν
2743 939 2971 996 δυτικῶν
3010 942 3451 1013 σκοπουμένοις),
3486 939 3640 1003 εὐθὺς
3697 939 4088 1013 εὐτρεπίζοντο

2424 1030 2489 1083 τὰ
2546 1036 2643 1098 τῆς
2702 1029 3055 1099 ταινιώσεως,
3114 1028 3447 1097 ἐλπιζόντων
3508 1028 3743 1098 πάντων,
3805 1029 3832 1081 ὁ
3890 1024 3958 1093 δὴ
3992 1027 4089 1078 καὶ

2428 1120 2777 1191 συγκείμενον
2829 1122 2916 1187 ἦν,
2976 1122 3057 1191 [Ρ.
3098 1122 3190 1191 64]
3238 1125 3593 1187 ταινιωθῆναι
3656 1118 3749 1188 μὶν
3808 1117 3902 1170 τὸν
3963 1118 4088 1168 νὲον

2432 1208 2728 1281 βασιλικῶς
2799 1207 2887 1261 καὶ
2944 1209 3176 1283 πρώτως
3233 1209 3621 1281 εὐφημηθῆναι
3680 1205 4092 1279 στεφανωθέντα

2427 1297 2517 1351 καὶ
2566 1296 2923 1371 προκατάγειν
2968 1296 3059 1350 τὸν
3119 1291 3406 1370 θρίαμϐον,
3466 1294 3667 1349 ἐκεῖνον
3725 1292 3783 1348 δὲ
3832 1293 3926 1347 καὶ
3985 1294 4093 1359 τὴν

2430 1384 2633 1439 ἐκείνου
2682 1384 2908 1458 σύζυγον
2959 1383 3011 1438 iv
3061 1384 3265 1459 ὑστέρῳ
3299 1384 3730 1457 στεφανο›θὲντας
3785 1386 3867 1453 τῷ
3926 1383 4090 1455 πρώ-

2428 1496 2506 1544 τῳ
2538 1474 2857 1546 μεθὲψεσθαι
2893 1474 3029 1528 κατὰ
3055 1474 3153 1540 τὴν
3205 1471 3494 1547 βασιλικὴν
3541 1472 3629 1526 καὶ
3676 1474 3886 1541 συνήθη
3947 1491 4090 1542 προ-

2431 1562 2663 1617 ἑλευσιν.

2434 1672 2493 1737 ζ’.
2524 1670 2709 1730 Ὅπως
2741 1668 3136 1744 παρελογίσατο
3162 1668 3256 1744 τὰς
3289 1670 3553 1744 συνθήκας
3584 1674 3683 1735 τῆς
3713 1668 4093 1742 στεφηφορίας

3026 1742 3055 1794 ’ὀ
3086 1737 3492 1815 Ηαλαιολόγος.

2504 1830 2580 1885 Τὸ
2632 1826 2678 1882 δ’
2727 1830 2791 1897 ἦν
2838 1829 2897 1883 ἐκ
2943 1830 3169 1903 πρώτης
3216 1829 3509 1905 ἀφετηρίας
3561 1826 3726 1890 δόλος
3773 1827 3863 1880 καὶ
3912 1846 4091 1898 παρα-

2431 1914 2748 1989 σπόνδησις,
2795 1917 2869 1979 εἷς
2920 1920 3035 1972 οἷον
3084 1918 3210 1987 ἧξον
3269 1914 3449 1986 τέλος,
3501 1915 3651 1971 οὐδὲν
3709 1916 3771 1970 τὸ
3827 1918 4093 1989 παράπαν

2431 2007 2692 2081 ἀγνοηθὲν
2749 2011 2865 2068 τοῖς
2918 2005 3173 2068 πολλοῖς.
3236 2008 3302 2063 Οἱ
3366 2006 3458 2079 μὲν
3521 2004 3609 2059 οὖν
3667 2007 3716 2059 ἐν
3749 2004 3900 2058 τέλει
3946 2025 4095 2078 προ-

2431 2095 2848 2168 κατελήφθησαν
2880 2097 2935 2149 εὗ
2982 2096 3242 2157 παθόντες
3286 2096 3373 2148 καὶ
3427 2096 3481 2149 εὗ
3535 2090 3611 2148 ἔτι
3667 2099 3854 2167 τυχεῖν
3920 2092 4095 2147 ἐλπί-

2437 2190 2635 2252 ζοντες·
2668 2182 2898 2253 ὶπίδησε
2927 2185 3029 2259 γὰρ
3080 2183 3251 2238 αὐτῶν
3304 2185 3399 2246 τὰς
3445 2182 3721 2256 γλώσσας,
3764 2180 3913 2249 πλὴν
3972 2182 4102 2235 ὀλί-

2434 2295 2543 2349 γων
2589 2278 2750 2327 τινῶν
2803 2273 2869 2327 τά
2907 2272 3352 2348 φιλοτιμήματα,
3384 2272 3471 2326 καὶ
3507 2274 3654 2347 εἶχον
3687 2273 3914 2345 ἡσύχως
3973 2272 4099 2324 καθ’

2438 2363 2467 2416 ὅ
2522 2384 2574 2416 τι
2627 2362 2922 2437 πραχθείη.
2982 2364 3137 2424 Τινὶς
3200 2359 3257 2416 δὲ
3285 2366 3390 2415 τῶν
3446 2366 3625 2425 κακῶς
3675 2361 3957 2414 παθόντων
4023 2360 4107 2419 εἰς

2440 2453 2641 2523 ἄμυναν
2717 2451 3064 2526 λογιζόμενοι
3121 2453 3219 2518 τὴν
3278 2455 3375 2506 τοῦ
3433 2448 3624 2511 παιδὸς
3687 2450 4105 2526 καταφρόνησιν

2438 2541 2528 2595 καὶ
2558 2539 2948 2615 προσέχαιρον.
3009 2542 3068 2597 Ὀ
3122 2540 3305 2611 μέντοι
3360 2560 3422 2613 γε
3469 2540 3815 2614 πατριάρχης
3870 2537 3949 2593 ἔτι
4018 2539 4115 2591 καὶ

2442 2628 2602 2690 αὐτὸς
2636 2628 2686 2682 ἐν
2740 2626 2952 2683 ἐλπίσιν
3012 2629 3077 2696 ἦν
3137 2632 3233 2683 τοῦ
3296 2626 3464 2701 μηδὲν
3495 2649 3547 2683 τι
3579 2622 3959 2701 παραϐαθῆναι
3993 2632 4113 2681 τῶν

2440 2842 2574 2897 inde
2606 2842 2928 2914 quidquam
2958 2842 3267 2897 sinistrum
3302 2840 3821 2897 haerediTheodori
3875 2840 4111 2911 prioris

2439 2931 2813 3003 imperatoris
2846 2931 2957 2986 sibi
2990 2930 3129 2987 olim
3155 2947 3267 2986 non
3292 2928 3829 3003 ignoti,quinetiam
3854 2929 4111 2985 amicis-

2438 3022 2594 3077 simi.
2629 3022 2736 3077 His
2768 3022 3020 3094 peractis
3075 3022 3376 3077 celerrime
3436 3030 3735 3091 reversus,‘
3779 3026 4109 3092 assumpto

2438 3126 2635 3165 secum
2666 3114 2888 3165 Joanne
2911 3126 3251 3182 puero,cum
3276 3110 3587 3183 splendido
3611 3115 3900 3181 apparatu
3927 3127 4109 3182 pom-

2440 3216 2632 3272 paque
2664 3200 2979 3271 magniﬁca
3009 3200 3481 3256 numerosissimi
3517 3198 3776 3255 satellitii
3832 3199 4108 3253 Nicaeam

2442 3288 2551 3344 iter
2580 3289 2851 3345 intendit.
2882 3292 3004 3353 Quo
3038 3293 3101 3344 ut
3152 3294 3561 3361 pervenerunt,
3624 3288 3770 3343 nihil
3829 3294 4115 3346 cunctati

2443 3379 2579 3445 (non
2602 3378 2757 3433 enim
2790 3383 3025 3448 tempus
3056 3382 3243 3435 terere
3274 3378 3504 3435 sinebat
3532 3377 3870 3434 sollicitudo
3895 3392 4111 3435 rerum

2442 3466 2857 3535 Occiduarum)
2888 3468 3091 3523 statim
3121 3484 3183 3523 se
3205 3466 3511 3539 accingere
3536 3471 3842 3539 cmperunt
3893 3468 3970 3522 ad
4009 3486 4113 3523 so-

2440 3556 2695 3611 lemnem
2729 3557 3186 3613 coronationem.
3240 3557 3303 3613 In
3362 3573 3479 3629 qua
3529 3561 3772 3613 eventus
3830 3559 4113 3613 ostendit

2441 3644 2661 3702 frustra
2690 3650 2990 3719 speratum
3024 3647 3095 3702 ab
3122 3647 3432 3715 universis,
3466 3652 3551 3717 ut,
3587 3647 4114 3719 quemadmodum

2440 3738 2811 3805 convenerat,
2843 3736 3003 3808 prior
3023 3736 3399 3808 imperatorio
3457 3736 3793 3793 diademate
3847 3736 4119 3811 insigni-

2439 3829 2601 3879 retur
2642 3829 2701 3880 et
2739 3826 3044 3895 Augustus
3101 3824 3528 3881 acclamaretur
3583 3825 4112 3897 adolescentulus,

2439 3914 2785 3986 praeiretqus
2808 3915 3035 3969 cunctis
3072 3914 3130 3969 in
3164 3930 3379 3987 pompa
3408 3914 3777 3985 triumphali,
3820 3931 3958 3986 qua
3994 3919 4114 3972 tali

2438 4002 2741 4059 occasione
2793 4004 3193 4060 coronationis
3224 4004 3644 4075 imperatorum
3670 4003 4114 4071 soletinstitui,

2440 4092 2783 4163 Paleologus
2815 4107 2944 4147 vero
2975 4096 3031 4148 et
3062 4092 3243 4163 hujus
3276 4094 3489 4163 conjux
3517 4092 3773 4148 secundo
3830 4098 3978 4163 post
4041 4096 4119 4149 il-

2439 4168 2563 4235 lum
2587 4180 2790 4236 ordine
2820 4182 3180 4252 procederet.

2510 4289 2562 4341 7.
2601 4288 2665 4343 Ut
2695 4292 2861 4359 pacta
2886 4292 3149 4343 conventa
3180 4290 3240 4343 in
3268 4290 3619 4344 coronatione
3650 4296 4043 4359 transgressus

3033 4360 3106 4415 sit
3137 4361 3502 4431 Palaeologus.

2512 4447 2629 4502 Hoc
2660 4462 2793 4503 vero
2851 4448 2963 4503 fuit
3020 4449 3345 4521 impingere
3406 4451 3464 4505 in
3523 4449 3703 4505 limen
3763 4454 3817 4505 et
3880 4468 3914 4506 a
3985 4456 4123 4525 pri-

2444 4538 2559 4592 mis
2618 4537 2889 4593 aberrare
2943 4539 3277 4594 carceribus
3337 4555 3440 4611 per
3492 4540 3695 4595 dolum
3749 4544 3806 4594 et
3856 4539 4123 4601 fcederis

673 4629 873 4685 omnia
908 4628 1258 4683 auctoritate
1284 4644 1349 4683 ac
1382 4628 1669 4699 sapientia
1693 4630 2063 4699 majestatem
2097 4629 2330 4701 imperii
2367 4618 2408 4681 D
2440 4626 2891 4695 infractionem;
2953 4644 3021 4684 ex
3075 4645 3191 4699 quo
3247 4629 3396 4684 {mdo
3445 4628 3730 4701 principio
3788 4629 3850 4683 in
3913 4646 4119 4701 quem

676 4720 916 4775 decente
943 4718 1269 4785 constituit,
1304 4722 1361 4773 et
1392 4719 1461 4773 ad
1496 4720 1871 4775 securitatem
1918 4719 1976 4773 in
2024 4724 2323 4789 posterum

677 4807 968 4882 praesidiis
998 4808 1227 4863 idoneis
1262 4808 1536 4863 ﬁrmavit.
1572 4808 1925 4863 Imminebat
1968 4810 2120 4863 enim
2155 4809 2213 4863 in
2239 4826 2324 4863 re-

682 4916 812 4956 rum
843 4898 1237 4955 Occiduarum
1270 4914 1493 4967 curam,
1548 4914 1683 4953 cum
1736 4914 1849 4952 non
1890 4897 2189 4969 ignoraret
2240 4900 2327 4953 in-

676 4992 840 5048 hiare
871 4991 1045 5045 rebus
1078 4990 1244 5045 novis
1276 4990 1375 5060 qui
1409 4988 1730 5060 plurimum
1772 4988 1891 5044 illic
1948 4994 2239 5061 poterant,
2273 4996 2331 5045 et

673 5083 747 5139 ad
779 5079 1220 5136 detrectandum
1237 5077 1589 5150 obsequium
1606 5078 1935 5150 jugumque
1950 5077 2141 5148 palam
2156 5094 2328 5133 excu-

669 5172 941 5229 tiendum
957 5168 1102 5224 nihil
1128 5168 1240 5223 nisi
1255 5168 1626 5223 commodam
1650 5167 2012 5223 occasionem
2028 5173 2327 5239 exspecta-

670 5260 1031 5319 re.lndidem
1072 5258 1248 5313 etiam
1282 5256 1505 5328 legatos
1528 5258 1597 5311 ad
1633 5258 1837 5313 Persas
1890 5256 2087 5324 misit;
2114 5258 2325 5328 partim

679 5356 745 5407 ut
767 5351 883 5406 illis
914 5348 1277 5421 signiﬁcaret
1306 5363 1474 5402 suam
1499 5347 1857 5401 evectionem
1901 5347 1959 5401 in
1994 5348 2326 5419 imperium,

672 5457 804 5513 quae
834 5444 1001 5512 grata
1032 5437 1177 5509 ipsis
1209 5437 1319 5490 fuit
1350 5437 1425 5491 ob
1458 5435 1710 5508 priorem
1752 5437 1881 5507 ejus
1941 5437 2212 5491 notitiam
2274 5442 2327 5491 et

678 5529 997 5586 amicitiam
1030 5531 1321 5593 veterem;
1347 5525 1560 5596 partim
1595 5530 1659 5580 ut
1691 5525 1911 5580 sultani
1944 5526 2210 5596 quaedam
2240 5525 2328 5578 in-

670 5619 857 5674 terius
883 5614 1476 5672 communicarentde
1499 5614 1673 5669 modo
1694 5619 1751 5669 et
1768 5613 1960 5669 causis
1988 5613 2330 5668 mutationis

669 5711 827 5767 100
845 5725 1031 5781 nuper
1048 5705 1594 5777 factm,quemillum
1621 5710 1947 5762 averterent
1965 5724 1995 5762 a
2013 5705 2326 5761 metuendo

2440 4716 2615 4771 ﬁnem
2650 4716 2921 4788 proclivis
2952 4724 3107 4773 esset
3138 4718 3454 4792 prolapsio,
3515 4736 3686 4775 nemo
3763 4719 3884 4775 fere
3964 4740 4121 4794 pru-

2440 4807 2704 4861 dentium
2739 4824 2851 4863 non
2913 4808 3219 4864 sentiebat.
3280 4809 3497 4865 Verum
3550 4812 3944 4882 praeoccupati
4008 4815 4120 4871 he-

2442 4896 2667 4951 neﬁciis
2697 4902 2755 4951 et
2784 4898 3055 4969 suspensi
3090 4900 3309 4969 spebus
3366 4898 3632 4971 plerique
3688 4901 4119 4971 potentiorum

2442 4990 2790 5041 tacuerunt:
2824 4986 3057 5057 linguas
3088 4988 3244 5042 enim
3292 4988 3581 5055 omnium,
3624 4990 3939 5059 perpaucis
4015 5012 4122 5051 ex-

2443 5076 2646 5147 ceptis,
2680 5076 3003 5131 ambitiosae
3028 5076 3367 5147 largitiones
3396 5077 3792 5148 devinxerant,
3829 5084 3902 5135 ut
3934 5085 4131 5153 quid-

2442 5167 2529 5218 vis
2557 5164 2717 5219 taciti
2751 5165 2994 5221 ferrent.
3027 5165 3274 5229 Quidam
3306 5166 3481 5221 etiam
3508 5183 3541 5221 a
3572 5171 3732 5238 parte
3764 5169 3938 5238 pueri
3980 5187 4128 5243 quas

2444 5270 2557 5309 non
2589 5254 2895 5309 voluerant
2918 5256 3098 5325 passi,
3133 5255 3502 5311 dulcedinem
3558 5255 3826 5310 vindictae
3882 5273 4125 5329 quam-

2443 5345 2577 5399 dam
2612 5344 3007 5415 degustabant
3036 5344 3095 5398 in
3129 5344 3509 5416 depressione
3539 5343 3649 5397 ﬁlii
3705 5345 3836 5414 ejus
3885 5363 3922 5401 a
3993 5366 4127 5421 quo

2443 5452 2505 5489 se
2539 5434 2774 5488 affectos
2803 5434 3020 5502 injuria
3050 5434 3352 5504 putabant.
3386 5434 3573 5498 Quare
3630 5433 3739 5489 hoc
3785 5433 3946 5505 ipsis
4016 5444 4127 5511 λυ-

2442 5524 2701 5578 cundum
2736 5522 3052 5578 accidebat.
3076 5523 3410 5578 Patriarcha
3440 5528 3600 5578 totus
3630 5523 4007 5582 incumbens
4046 5534 4123 5585 ad

2443 5614 2795 5684 sperandum
2830 5614 2984 5681 quod
3017 5612 3412 5683 Optabat,rata
3442 5611 3708 5667 videlicet
3756 5619 3934 5683 pacta
3974 5633 4127 5674 con-

2442 5706 2613 5758 venta
2643 5702 2700 5756 in
2726 5718 2958 5757 summa
2991 5702 3070 5757 rei
3104 5702 3243 5771 fore,
3280 5702 3422 5758 nihil
3457 5703 3513 5758 in
3577 5702 3669 5757 his
3729 5718 4123 5779 magnOpere
