4258 6438
198 396 301 451 537

1270 398 1358 451 DE
1397 397 1767 452 MICUABLE
1803 395 2244 452 ΡΔωοιοαο
2280 398 2412 451 LIB.
2457 399 2528 450 II.

3490 402 3594 457 538

199 517 585 592 συγκειμένων,
645 515 734 571 καὶ
789 514 941 572 οὐδέν
993 539 1044 571 τι
1102 515 1502 593 προσεξηρεύνα
1535 559 1549 574 .
1609 518 1842 578 Ἐκεῖνος
1872 519 1924 586 Α
1955 538 2017 591 γε
2044 523 2144 586 τῆς
2175 517 2461 592 γερουσίας
2480 519 2620 579 τινὶς
2653 516 2742 572 καὶ
2784 518 3189 590 προσηπείλουν
3237 525 3418 583 κακῶς
3465 521 3592 595 δρᾷν

198 604 254 660 δέ
305 627 414 660 τισι
445 610 550 660 τῶν
597 605 900 680 ἀρχιερέων
938 607 999 660 τὸ
1031 607 1248 678 σκέμμα
1277 607 1700 677 κοινωσάμενος,
1756 606 1846 660 καὶ

197 696 270 754 ὡς
306 694 406 749 οὐκ
435 694 580 766 ἄξιον
612 691 695 764 εἴη
745 691 900 748 παιδὶ
952 690 1062 748 ὄντι
1110 694 1198 748 καὶ
1237 697 1337 763 τήν
1389 693 1608 762 ἡλικίαν
1665 695 1849 750 ἀτελεῖ

193 785 292 850 τήν
368 790 468 848 τῆς
547 781 820 856 βασιλείας
896 783 1172 837 ταινίωσιν
1232 780 1595 857 προδεδέχθαι
1652 784 1740 838 καί
1795 786 1846 838 οἱ

193 866 607 945 προϐεϐηκότος
657 868 766 940 ἤδη
827 873 918 925 καὶ
974 873 1064 926 τὸν
1131 872 1248 944 βίον
1307 871 1763 949 κατατετριφότος
1796 871 1847 926 έν

194 960 474 1034 πράγμασι
512 960 870 1034 προηγεῖσθαι
922 960 974 1014 ἐν
1036 955 1327 1034 θριάμϐοις
1385 961 1475 1014 καὶ
1528 960 1845 1033 εὐφημίαις,

192 1048 405 1124 έθάρῥει
440 1043 622 1102 λαϐὼν
683 1048 1031 1122 ὑποσχέσεις,
1074 1049 1148 1109 ὡς
1194 1049 1284 1102 καὶ
1334 1047 1525 1108 αὐτοὺς
1570 1050 1844 1118 ἀξιοῦντας

189 1141 360 1190 ταῦτα
400 1136 491 1190 καὶ
537 1137 613 1197 ὡς
660 1135 895 1200 δικαίοις
951 1140 1379 1210 προσκειμένους
1435 1143 1551 1198 τοῖς
1610 1137 1845 1212 λεγομέ-

190 1246 305 1286 νοις
355 1223 499 1298 ἔχειν
549 1226 639 1279 καὶ
687 1226 779 1280 τὸν
831 1226 1176 1300 πατριάρχην
1238 1228 1554 1298 συμπείθειν
1607 1228 1700 1287 τάς
1759 1226 1845 1280 ἐπὶ

188 1319 266 1384 τῷ
326 1312 478 1368 παιδῖ
542 1313 865 1389 ἀναρρήσεις
909 1316 1042 1386 πρὸς
1104 1317 1166 1368 τὸ
1225 1315 1397 1386 παρὸν
1449 1310 1845 1369 ἀναϐάλλεσθαι

190 1404 262 1464 ὡς
340 1401 605 1477 ἐγκαίρως
678 1405 1188 1474 ταινιωθησομένῳ.
1265 1401 1460 1459 Εἵπετο
1522 1400 1576 1457 Ξὶ
1635 1403 1844 1465 πάντως

191 1491 456 1561 ἐντεῦθεν,
490 1490 539 1545 εἴ
571 1493 645 1564 μή
685 1488 983 1565 βασιλικῶς
1035 1495 1310 1566 στέφοιτο,
1359 1495 1454 1547 κάν
1507 1499 1623 1554 ταῖς
1681 1493 1845 1570 εὔφη-

194 1581 347 1652 μίαις
376 1581 463 1634 καὶ
511 1585 668 1635 πᾶσιν
721 1581 923 1656 ἑτέροις
971 1587 1067 1636 τοῦ
1124 1581 1231 1652 ἤδη
1291 1581 1667 1646 ταινιωθέντος
1717 1585 1847 1636 καθ-

191 1674 459 1742 υστερεῖν.
494 1669 646 1738 Πλὴν
678 1671 958 1747 σοφιστέον
993 1668 1176 1745 ἔλεγον
1213 1673 1311 1739 τὴν
1366 1670 1698 1745 ἐγχείρησιν,
1758 1671 1846 1725 καὶ

194 1759 307 1828 ἅμα
337 1756 686 1830 τελουμένων
719 1761 968 1829 κινητέον
998 1759 1064 1814 τὰ
1110 1762 1231 1835 περὶ
1285 1761 1501 1816 τούτου.
1561 1762 1710 1823 ὅπως
1769 1762 1846 1832 μὴ

187 1848 277 1900 καὶ
311 1847 747 1920 προαισθόμενος
802 1849 863 1902 τὸ
919 1849 1112 1924 στέφος
1146 1847 1333 1903 δώσων
1392 1849 1485 1910 τάς
1541 1847 1846 1910 ταινιώσεις

189 1937 506 2012 ὑπέρθοιτο.

190 2045 258 2112 η’.
323 2043 508 2104 Ὀπως
557 2041 784 2121 ἐστέφθη
837 2045 864 2098 ὁ
922 2042 1306 2121 Παλαιολόγος
1362 2044 1449 2098 καὶ
1511 2045 1570 2099 τὸ
1622 2042 1840 2099 παιδίον

841 2117 1190 2193 παρεωράθη.

265 2205 353 2277 [Ρ.
401 2205 492 2276 65]
541 2209 638 2260 Ἦν
681 2209 870 2273 ταῦτα,
919 2205 1007 2260 καὶ
1055 2209 1089 2274 ἡ
1135 2205 1294 2277 κυρία
1323 2210 1429 2260 τῶν
1457 2207 1680 2279 ἡμερῶν
1709 2227 1842 2280 παρ-

185 2299 276 2361 ῆν,
309 2292 403 2346 καὶ
434 2294 586 2347 πάντ’
618 2295 851 2368 εὐτρεπῆ
903 2295 1056 2364 ἦσαν,
1103 2295 1190 2349 καὶ
1241 2296 1514 2370 ἀρχιερεῖς
1567 2295 1660 2356 τὰς
1718 2317 1842 2350 στο-

183 2380 283 2442 λάς
316 2379 558 2445 ἐνδύντες
586 2382 682 2444 τάς
714 2384 862 2456 ἱεράς
903 2385 1037 2457 πρὸς
1069 2385 1130 2438 τὸ
1180 2384 1244 2438 τά
1285 2392 1383 2452 τῆς
1430 2381 1656 2452 τελετῆς
1698 2383 1843 2459 ἐνερ-

180 2475 297 2544 γεῖν
347 2470 580 2542 ἑτοίμως
628 2471 801 2545 εἶχον,
854 2472 944 2525 καὶ
993 2472 1118 2533 τοὺς
1171 2471 1556 2547 βασιλεύοντας
1587 2475 1839 2545 περιέμε-

182 2579 294 2612 νον.
360 2556 517 2615 Ἀλλ’
573 2558 768 2622 εὐθέως
806 2565 1033 2614 κινεῖται
1060 2562 1122 2614 τὸ
1182 2563 1418 2633 σκέμμα,
1478 2561 1564 2615 καὶ
1621 2563 1836 2635 ταραχὴ

183 2646 274 2714 ἦν,
306 2651 419 2702 τῶν
456 2648 552 2717 μὶν
583 2651 770 2720 ταῦτα,
802 2653 907 2703 τῶν
940 2647 985 2703 δ’
1035 2649 1209 2704 ἐκεῖνα
1267 2649 1555 2723 λεγόντων.
1607 2654 1720 2704 Τῶν
1783 2648 1839 2704 δέ

194 2861 453 2918 scrutari
487 2860 697 2932 voluit;
733 2863 888 2918 unde
921 2880 1024 2919 nec
1055 2864 1170 2921 nisi
1211 2881 1338 2920 sero
1371 2865 1510 2937 quid
1546 2871 1846 2937 pararetur

189 2951 399 3006 sensit.
421 2949 780 3024 Palaologus
798 2956 993 3008 autem
1014 2957 1194 3008 totam
1214 2955 1340 3024 jam
1358 2959 1494 3010 ante
1512 2955 1846 3010 machinam

189 3056 329 3096 cum
353 3039 711 3111 quibusdam
732 3041 1064 3098 antistitum
1083 3043 1226 3097 101
1249 3042 1360 3098 sibi
1379 3042 1567 3114 magis
1581 3042 1845 3099 obnoxiis

191 3134 634 3200 composuerat,
663 3129 813 3185 clam
845 3130 1006 3202 ipsos
1029 3131 1398 3200 conveniens,
1424 3136 1481 3187 et
1503 3133 1654 3186 factu
1687 3133 1844 3187 indi-

191 3235 383 3291 gnum
428 3220 873 3292 absurdumque
904 3221 1210 3278 afﬁrmans
1251 3222 1560 3294 puerulum
1601 3223 1844 3279 rationis

187 3309 356 3364 haud
387 3315 718 3381 compotem
741 3316 993 3384 augusto
1016 3312 1364 3374 diademate.
1392 3313 1734 3368 ceremonia
1757 3330 1844 3369 re-

184 3396 602 3469 ligiosissima,
622 3399 963 3456 celebritate
986 3400 1355 3472 amplissima
1376 3402 1655 3472 decorari,
1681 3402 1844 3474 plau-

183 3502 418 3559 susque
437 3493 498 3543 et
518 3488 1013 3546 acclamationum
1038 3493 1261 3561 primas
1284 3492 1453 3561 ferre,
1477 3508 1539 3547 ne
1563 3508 1694 3548 vero
1714 3497 1849 3548 aeta-

183 3578 259 3632 tis
284 3577 562 3649 perfectae
583 3577 799 3644 virum,
817 3583 941 3636 tota
961 3580 1371 3653 vitagerendis
1393 3580 1642 3653 negotiis
1665 3582 1848 3637 maxi-

183 3647 301 3721 mis
335 3668 570 3734 tritum,
597 3667 886 3722 asseclam
919 3647 1123 3724 lari/aii
1156 3674 1499 3726 ornamento
1525 3669 1848 3742 incongruo

181 3753 476 3810 infantuli
509 3755 739 3811 traduci
765 3756 927 3828 regia
956 3773 1172 3829 pompa
1195 3763 1252 3814 et
1273 3756 1446 3830 plane
1469 3758 1845 3830 triumphari.

175 3842 416 3906 Quibus
460 3842 546 3898 illi
599 3860 660 3900 se
710 3861 1022 3916 persuasos
1065 3847 1232 3913 fassi,
1267 3849 1715 3920 spoponderunt
1742 3850 1848 3904 da-

176 3935 355 3988 turos
386 3947 628 4004 operam
660 3938 725 3989 ut
762 3934 1099 4005 patriarcha
1147 3935 1524 3993 coronatione
1572 3938 1738 4010 pueri
1789 3938 1848 3994 in

183 4037 458 4092 praesens
497 4023 933 4094 supersederet,
955 4024 1147 4096 specie
1179 4024 1339 4080 illius
1371 4025 1429 4080 in
1458 4030 1693 4098 tempus
1725 4044 1849 4084 ma-

186 4110 282 4180 gis
306 4115 709 4181 Opportunum
737 4113 1096 4168 differendis.
1122 4117 1300 4169 Porro
1324 4130 1691 4186 consequens
1713 4117 1848 4173 hinc

184 4198 459 4254 futurum
479 4204 562 4266 ut,
579 4201 628 4255 si
653 4217 796 4272 puer
813 4217 880 4256 ea
897 4203 990 4257 die
1009 4219 1125 4258 non
1143 4208 1454 4258 ornaretur
1472 4203 1850 4276 imperatoria

185 4304 434 4357 corona,
466 4288 524 4343 in
560 4289 781 4345 honore
821 4289 1264 4347 acclamationis
1295 4298 1353 4347 et
1384 4298 1632 4348 cunctus
1662 4294 1717 4348 id
1751 4311 1849 4366 ge-

183 4395 301 4434 nus
336 4377 738 4450 auspiciorum
764 4396 829 4435 ac
851 4381 1080 4451 jurium
1106 4381 1504 4453 praerogativis
1536 4383 1774 4440 omnino
1797 4385 1848 4440 ei

183 4467 654 4538 subjungeretur
683 4469 778 4524 cui
825 4469 935 4525 soli
967 4487 1033 4525 ea
1067 4471 1404 4526 celebritate
1435 4472 1705 4528 diadema
1737 4473 1846 4528 im-

185 4555 337 4627 perii
381 4556 654 4627 angustis
704 4556 916 4612 ritibus
966 4563 1120 4614 esset
1171 4559 1844 4631 impositum.Czeterum

1955 607 2017 660 τὸ
2041 603 2258 660 παιδίον
2288 605 2376 660 καὶ
2410 602 2756 680 διαχρᾶσθαι,
2807 607 2852 661 εἰ
2882 606 3066 670 ἄλλως
3095 609 3347 679 πράττεις
3390 612 3423 678 ἠ
3473 612 3595 665 Ἐκ.

1955 692 2160 764 κλησία
2193 693 2471 769 βούλοιτο.
2519 694 2686 769 Λόγοι
2735 700 2860 769 γοῦν
2913 695 3178 771 ἐγένοντο,
3219 696 3306 750 καὶ
3357 695 3601 774 διεφιλο-

1956 783 2186 839 νείκουν.
2219 785 2273 836 Ὀ
2301 781 2356 837 δὲ
2386 783 2731 859 πατριάρχης
2783 785 2834 838 ἐν
2882 786 3167 859 ἀμηχανίᾳ
3224 786 3313 856 ἦν,
3355 789 3441 840 καὶ
3501 789 3600 841 οὐκ

1957 872 2100 945 εἶχεν
2134 874 2215 932 οἷς
2247 872 2592 946 προστεθείη,
2629 875 2952 946 Παρήρχετο
2998 877 3031 941 ἡ
3089 876 3290 946 ἡμέρα,
3339 877 3425 929 καὶ
3461 897 3600 948 συμ-

1957 965 2152 1036 φωνεῖν
2201 959 2296 1014 οὐκ
2347 962 2518 1032 εἶχον.
2568 959 2746 1022 Μόλις
2806 959 2895 1014 οὖν
2949 961 3038 1015 καὶ
3087 963 3220 1033 μετὰ
3254 964 3353 1030 τήν
3380 963 3599 1031 πολλὴν

1958 1045 2382 1125 διαφιλονεικίαν
2417 1050 2468 1103 οἱ
2506 1049 2781 1123 ἀρχιερεῖς
2827 1049 3017 1111 πάντες
3061 1049 3205 1119 πλήν
3255 1072 3415 1105 τινων
3469 1054 3598 1106 ὑπο·

1956 1135 2253 1192 κλίνουσιν.
2288 1139 2480 1194 Ἦσανν
2514 1135 2558 1189 δ’
2590 1139 2736 1191 οὗτοι
2770 1135 3116 1212 Ἀνδρόνικος
3150 1140 3177 1192 ὁ
3207 1144 3313 1193 τῶν
3350 1139 3596 1214 Σάρδεων

1955 1226 2044 1278 καὶ
2077 1224 2340 1292 Μανουήλ
2375 1227 2400 1278 ὁ
2433 1226 2829 1295 Θεσσαλονίκης
2863 1228 2890 1280 ὁ
2920 1226 3218 1296 τοὺπίκλην
3274 1235 3460 1302 ιιιάρᾶς
3508 1232 3597 1283 καὶ

1956 1315 2276 1375 Δισύπατος.
2338 1313 2490 1370 Ἀλλ’
2549 1317 2575 1368 ὁ
2631 1317 2737 1368 τῶν
2801 1313 3047 1389 Σάρδεων
3099 1319 3211 1388 ἅμα
3261 1321 3340 1388 τῷ
3380 1319 3470 1371 τὸν
3505 1339 3601 1372 πα-

1953 1407 2226 1478 τριάρχην
2257 1410 2541 1472 πεισθῆναι
2571 1404 2656 1457 καὶ
2687 1403 2844 1466 αὐτὸς
2898 1404 3253 1473 συνεπείθετο,
3303 1405 3369 1460 τά
3415 1406 3600 1460 πολλὰ

1958 1487 2380 1564 συμϐαλομένου
2410 1495 2476 1564 τῇ
2507 1491 2782 1547 καταθέσει
2830 1497 2926 1547 τοῦ
2973 1499 3072 1561 τῆς
3121 1494 3255 1548 κατὰ
3299 1496 3398 1562 τὴν
3451 1496 3599 1568 Ὀρε-

1957 1579 2146 1634 στιάδα
2211 1578 2718 1655 Ἀδριανουπόλεως
2782 1586 3080 1655 Γερμανοῦ,
3139 1578 3216 1636 ἔτι
3271 1580 3327 1636 δὲ
3385 1589 3597 1657 Γρηγο-

1959 1670 2076 1743 ρίου
2131 1673 2228 1723 τοῦ
2288 1669 2552 1744 ’Δγκύρας
2608 1669 2697 1723 καὶ
2743 1673 2838 1724 τοῦ
2868 1669 3196 1745 Μελαγγίων
3256 1672 3597 1726 Κωνσταντί-

1956 1779 2072 1812 νου.
2129 1758 2188 1813 Ὀ
2248 1754 2301 1812 δέ
2351 1759 2400 1831 γ’
2446 1755 2670 1828 Ἐφέσου
2719 1756 3028 1834 Νικηφόρος
3063 1754 3300 1826 εὐλαϐὴς
3352 1757 3422 1812 ὢν
3460 1761 3594 1833 ἀνὴρ

1882 1846 2044 1946 Βκαὶ
2113 1846 2300 1918 τίμιος
2383 1845 2489 1920 οὐχ
2542 1845 2751 1900 ὑπενόει
2807 1847 2868 1900 τὸ
2929 1847 3366 1919 ὑπορυττόμένον
3415 1849 3487 1909 ὡς
3543 1849 3592 1902 ἐν

1950 1933 2221 2004 ἁπλότητι
2281 1939 2409 2004 ζῶν»
2468 1934 2556 1988 καὶ
2618 1933 2770 1995 εὐθὺς
2830 1938 3182 2010 συνυπήγετο.
3245 1939 3404 1992 Τοῦτ’
3461 1936 3594 1991 ἔπα-

1950 2045 2082 2099 σχον
2141 2024 2230 2078 καὶ
2290 2022 2455 2078 ἄλλοι
2505 2023 2728 2081 πολλοί.
2786 2027 2840 2078 Ὀ
2871 2023 2926 2079 δὶ
2959 2026 3302 2100 πατριάρχης
3328 2025 3463 2099 ἔγνω
3499 2029 3594 2098 μέν

1951 2113 2266 2182 ἀπατηθεὶς,
2314 2113 2412 2167 οὐκ
2460 2113 2576 2187 εἶχε
2635 2111 2691 2167 δὲ
2748 2113 2776 2167 8
2829 2135 2882 2168 τι
2941 2116 3169 2187 πράττοι
3226 2112 3445 2183 πολλῆς
3492 2123 3592 2184 τῆς

1951 2202 2187 2277 ἀνάγκης
2253 2204 2606 2276 περιστάσης.
2683 2203 2780 2256 Καὶ
2859 2201 2924 2270 δὴ
3004 2202 3414 2280 καθυπέγραφον
3494 2206 3588 2276 μὲν

1949 2290 2102 2345 οὗτοι
2159 2291 2225 2345 τά
2279 2291 2608 2364 ἐγνωσμένα,
2667 2297 2746 2362 τῷ
2800 2289 2855 2344 δέ
2913 2312 2972 2364 γε
3031 2291 3424 2361 Θεσσαλονίκης
3477 2292 3588 2347 οὐδ’

1949 2382 2182 2435 ἀκουστά
2231 2381 2378 2434 ταῦτ’
2437 2381 2594 2449 ἦσαν,
2650 2377 2778 2451 μηδ’
2823 2378 3007 2452 ἄκροις
3057 2380 3157 2433 ὠσὶ
3207 2379 3450 2453 δέξασθαι
3500 2404 3590 2435 κα-

1945 2467 2346 2544 ταδεχομένῳ·
2421 2471 2511 2523 τὸν
2579 2470 2679 2542 γάρ
2737 2475 2834 2536 τῆς
2898 2467 3171 2541 βασιλείας
3231 2469 3583 2544 κληρονόμον

1947 2563 2164 2631 πρῶτον
2219 2559 2374 2627 ἠξίου
2435 2558 2485 2612 ἐν
2546 2562 2671 2611 πᾶσι
2722 2555 3016 2632 γίγνεσθαι.
3052 2559 3137 2618 Ὡς
3172 2555 3227 2611 δὲ
3256 2558 3318 2612 τὸ
3353 2560 3585 2629 Μάρπου

1953 2650 2416 2720 ὑπεμιμνήσκετο,
2475 2647 2560 2700 καὶ
2621 2649 2852 2719 πέμπων
2905 2647 2932 2700 ὁ
2987 2645 3286 2720 βασιλεύων
3333 2651 3590 2702 κατωνείο

1957 2880 2089 2920 cum
2115 2877 2244 2918 ecce
2277 2861 2748 2934 inopinatissime
2781 2861 3124 2933 proponitur
3154 2861 3294 2933 quid
3328 2862 3595 2918 Palazolo-

1956 2969 2066 3025 gus
2123 2967 2356 3023 aequum
2417 2954 2670 3006 censeat.
2721 2951 3015 3006 Turbatur
3071 2951 3294 3016 statim,
3337 2955 3392 3006 et
3439 2952 3594 3007 varie

1957 3057 2227 3098 murmur
2255 3039 2472 3113 gliscit,
2501 3039 2622 3095 haec
2654 3040 3045 3112 quorumdam
3088 3039 3336 3094 aliorum
3370 3040 3481 3096 alia
3511 3041 3595 3096 lo-

1956 3131 2284 3202 quentium.
2323 3130 2546 3184 Auditae
2579 3131 2730 3185 inter
2759 3129 2880 3184 haec
2912 3129 3083 3184 minis
3116 3129 3531 3186 nonnullorum
3566 3147 3596 3185 ο

1957 3219 2318 3290 senatu,vim
2342 3233 2520 3290 puero
2541 3219 2905 3274 inferendam
2926 3223 2982 3274 et
2998 3217 3175 3273 vitam
3199 3219 3598 3289 adimendam,

1959 3310 2008 3366 si
2031 3310 2410 3365 obﬁrmarcnt
2433 3308 2696 3364 animum
2721 3308 3000 3379 praasules
3023 3307 3081 3362 in
3105 3308 3346 3364 consilio
3374 3309 3501 3379 ejus
3520 3309 3601 3365 sic

1956 3399 2109 3454 102
2137 3397 2450 3453 immature
2471 3396 2811 3452 coronandi.
2835 3394 3153 3452 Miscentur
3174 3412 3496 3467 sermones,
3514 3415 3599 3452 ar-

1958 3487 2143 3543 descit
2171 3486 2483 3557 contentio,
2504 3490 2710 3542 aestuat
2755 3485 3084 3557 patriarcha
3115 3485 3374 3541 incertus
3416 3487 3598 3542 animi

1958 3592 2134 3648 quam
2166 3575 2224 3630 in
2256 3578 2480 3647 partem
2503 3591 2565 3630 se
2591 3575 2937 3647 adjungant.
2963 3572 3300 3630 Prazteribat
3323 3575 3469 3643 dies,
3497 3593 3599 3631 nec

1959 3664 2093 3720 finis
2122 3665 2554 3720 dissensionum
2585 3669 2722 3720 erat.
2746 3670 2914 3736 Egre
2937 3665 3171 3720 tandem
3197 3669 3330 3736 post
3351 3664 3598 3720 multam

1959 3752 2390 3810 contentionem
2413 3753 2703 3810 antistites
2723 3755 2792 3810 ad
2809 3753 3111 3824 Palssologi
3135 3753 3492 3809 desiderium
3518 3755 3602 3810 in-

1959 3844 2258 3901 clinantur
2286 3859 2511 3910 omnes,
2538 3844 2741 3915 paucis
2764 3843 3037 3916 exceptis.
3072 3843 3247 3898 Erant
3277 3842 3337 3897 hi
3372 3845 3599 3899 Andro-

1959 3932 2126 3990 nicus
2164 3932 2491 4000 Sardensis,
2524 3933 2756 3988 Manuel
2805 3930 3345 3987 Thessalonicensis
3389 3948 3601 4005 cogno-

1960 4026 2158 4079 mento
2189 4022 2420 4090 Psaras,
2451 4026 2509 4078 et
2539 4022 2871 4094 Disypatus.
2904 4021 3122 4076 Verum
3153 4020 3490 4090 Sardensis,
3522 4022 3600 4078 si-

1959 4109 2082 4166 mul
2113 4127 2179 4165 ac
2213 4109 2552 4182 patriarchae
2585 4109 2874 4165 sententia
2897 4107 3155 4181 plurium
3188 4124 3470 4180 persuasa
3490 4115 3597 4181 est,

1958 4203 2014 4255 et
2034 4200 2159 4272 ipse
2181 4199 2446 4269 accessit,
2466 4198 2717 4254 multum
2739 4200 2809 4255 ad
2837 4198 3014 4270 hujus
3037 4214 3342 4254 assensum
3366 4199 3600 4255 elicien-

1958 4289 2099 4343 dum
2131 4289 2463 4344 conferente
2486 4287 2774 4344 Germano
2805 4287 3214 4358 Adrianopolis
3245 4287 3313 4342 ad
3348 4287 3602 4344 Orestia-

1958 4381 2089 4436 dem
2138 4380 2432 4452 episcopo,
2478 4379 2658 4435 simul
2710 4379 2886 4435 etiam
2935 4377 3210 4450 Gregorio
3259 4380 3497 4450 Ancyrae
3543 4385 3600 4436 et

1955 4470 2335 4526 Constantino
2389 4469 2837 4540 Meiangiorum.
2861 4469 2932 4522 At
2964 4466 3327 4537 Nicephorus
3357 4467 3601 4538 Ephesi-

1958 4578 2197 4632 nus,vxr
2219 4563 2348 4632 pius
2373 4565 2429 4616 et
2467 4560 2810 4629 honoratus,
2834 4577 2946 4631 prie
2982 4558 3184 4615 innata
3223 4557 3598 4631 simplicitate

184 4644 487 4700 addebant
514 4645 826 4716 [utendum
877 4652 1000 4702 arte
1031 4664 1096 4702 ac
1127 4648 1580 4719 gubernandum
1635 4667 1846 4706 arcano
1881 4632 1924 4696 Ῑ)
1959 4667 2072 4706 non
2108 4650 2355 4722 pervidit
2387 4649 2527 4721 quid
2562 4648 2712 4705 clam
2748 4646 3096 4703 molirentur
3128 4647 3225 4718 qui
3258 4647 3378 4702 haec
3413 4666 3598 4705 move-

185 4733 444 4788 consilio
479 4735 802 4806 negotium,
836 4752 941 4792 nec
975 4735 1137 4808 prius
1166 4738 1235 4793 de
1275 4737 1374 4792 tali
1408 4755 1466 4792 re
1497 4738 1843 4794 hiscendum

183 4838 369 4894 quam
403 4823 526 4892 jam
562 4823 834 4880 inchoata
873 4826 1206 4881 communis
1238 4826 1707 4899 inaugurationis
1738 4845 1846 4883 caa-

182 4912 478 4976 remonia,
515 4928 587 4967 ne
632 4915 1165 4986 praematurequid
1218 4920 1544 4971 strueretur
1590 4916 1846 4973 sentiens

180 5003 233 5055 is
268 5001 375 5070 qui
418 5000 693 5056 diadema
732 5007 858 5058 erat
889 5002 1300 5074 impositurus,
1335 5009 1512 5059 totam
1545 5003 1845 5061 solemita-

183 5093 310 5143 tem
344 5095 402 5144 et
433 5105 502 5144 ex
543 5106 709 5162 aequo
755 5091 1193 5148 coronationem
1228 5095 1539 5166 utriusque
1572 5094 1842 5151 differen-

185 5175 325 5231 dam
361 5177 420 5231 in
454 5182 690 5252 tempus
721 5178 878 5235 aliud
914 5180 1270 5237 decerneret.

253 5284 315 5338 8.
355 5285 419 5342 υι
460 5285 797 5368 Ραικοιοαιω
826 5297 1136 5432 comitatis,
1165 5305 1309 5359 puer
1336 5307 1459 5346 vero
1491 5291 1770 5362 despectus

948 5375 1068 5414 uer:
1104 5402 1115 5414 .

948 5375 1115 5414 ueru.

251 5443 356 5498 His
381 5444 438 5498 in
465 5444 623 5501 hunc
648 5448 887 5502 modum
913 5448 1268 5516 constitutis,
1288 5451 1354 5504 ad
1369 5450 1474 5505 fuit
1499 5451 1654 5506 dicta
1679 5467 1839 5506 coro-

183 5534 410 5588 nationi
449 5535 830 5604 dies,cuncta
858 5542 1024 5592 erant
1066 5539 1134 5592 ad
1178 5541 1578 5594 cmremoniam
1614 5544 1836 5611 parata,

174 5622 366 5678 sacris
402 5625 589 5679 induti
615 5627 873 5682 vestibus
900 5627 1176 5697 prmsules
1200 5629 1256 5682 in
1288 5629 1586 5699 procinctu
1614 5629 1837 5701 religio-

174 5728 256 5767 sa:
291 5711 615 5773 functionis
665 5717 904 5773 stabant
944 5722 1001 5774 et
1050 5722 1347 5790 Augustos
1397 5721 1830 5792 exspectabant,

1957 4738 2383 4813 bant,ideoque
2405 4737 2572 4794 facile
2596 4741 2816 4793 tractus
2849 4739 2904 4792 in
2932 4741 3124 4808 partes
3152 4741 3260 4808 est,
3284 4738 3436 4809 quod
3472 4739 3601 4795 aliis

1957 4827 2093 4884 item
2129 4828 2330 4884 multis
2361 4827 2653 4883 usuvenit.
2688 4824 3086 4880 Patriarcham
3133 4843 3304 4897 porro
3336 4827 3599 4883 fraudem

1955 4917 2079 4973 fieri
2112 4935 2225 4972 non
2259 4917 2469 4972 latuit:
2504 4916 2604 4972 sed
2641 4915 2828 4970 facere
2860 4913 3014 4970 aliud
3053 4915 3330 4986 nequivit,
3357 4924 3600 4988 urgente

1955 5008 2215 5079 undique
2244 5004 2623 5076 insuperabili
2660 5004 3030 5059 necessitate.
3054 5003 3271 5060 Tamen
3303 5005 3360 5060 in
3394 5023 3599 5064 omnes

1954 5097 2431 5168 subscripserunt
2462 5096 2692 5149 decreto
2726 5093 3045 5163 communi,
3079 5093 3197 5148 solo
3230 5094 3603 5151 Thessaloni-

1952 5187 2112 5240 censi
2157 5201 2226 5239 ne
2276 5184 2634 5240 mentionem
2668 5182 2904 5254 quidem
2940 5183 3244 5254 rci,quam
3293 5183 3597 5256 iniquissi-

1951 5289 2109 5328 mam
2142 5274 2406 5344 putabat,
2434 5272 2518 5327 vel
2551 5271 2754 5344 primis
2785 5272 3130 5328 admittente
3159 5273 3422 5328 auribus.
3449 5273 3593 5328 Nam

1949 5361 2177 5434 imperii
2224 5361 2435 5417 hazredi
2473 5349 2913 5434 praerogativam
2962 5360 3322 5432 principatus
3355 5379 3595 5417 servan-

1949 5451 2081 5504 dam
2118 5450 2174 5504 in
2207 5451 2479 5506 omnibus
2524 5448 2931 5504 contendebat.
2965 5451 3036 5503 At
3063 5466 3196 5503 cum
3230 5456 3386 5506 esset
3416 5452 3464 5506 ei
3500 5469 3592 5507 re-

1947 5544 2215 5594 vocatum
2252 5541 2306 5594 in
2345 5545 2596 5594 mentem
2622 5537 2965 5592 vocabulum
3003 5543 3252 5609 Marpov,
3279 5542 3430 5611 quod
3466 5542 3590 5612 ipse

1947 5628 2089 5683 cmlo
2124 5629 2370 5684 missum
2415 5629 2698 5697 audierat,
2731 5632 2786 5681 et
2819 5642 2920 5698 per
2969 5627 3182 5682 missos
3232 5628 3588 5700 Palmologus

1947 5719 2355 5790 exprobrasset
2389 5720 2542 5775 haud
2578 5724 3003 5787 consequenter
3048 5717 3242 5790 ipsum
3277 5734 3466 5792 agere,
3491 5721 3588 5791 qui
