4258 6438
693 372 798 427 539

1969 423 1974 430 ,
1994 366 2297 427 GEORGII
2336 371 2801 427 PACHYMBRB

3990 374 4103 430 540

695 494 835 567 διζεν
868 496 945 558 ὡς
976 494 1139 558 αὐτὸς
1166 492 1248 565 εἴη
1282 495 1310 549 6
1360 493 1751 571 προαγγέλλων
1804 496 1902 563 τὴν
1957 492 2232 570 βασιλείαν
2294 494 2346 549 έν
2376 497 2429 565 Α
2459 494 2815 569 προσέμενος,
2850 496 2976 552 ἀλλ’
3009 496 3059 568 ἐξ
3107 497 3345 573 ἀνάγκης
3376 496 3463 553 καὶ
3501 496 3593 573 βίᾳ
3638 501 3733 554 τοῦ
3786 496 4119 560 συνειδότος·

698 583 940 646 ἰδιώταις
986 582 1063 640 ἔτι
1107 584 1353 640 τελοῦντι
1406 588 1608 652 ζῶντος
1656 587 1752 638 τοῦ
1801 584 2092 659 βασιλέως,
2142 583 2345 645 ἐκεῖνος

694 675 784 728 καὶ
813 672 1265 749 προσωμολόγει,
1323 673 1413 728 καὶ
1470 668 1695 744 έτοιμον
1754 671 1940 727 ἑαυτὸν
1971 678 2206 749 παρεῖχε
2259 669 2345 726 δέ·

696 761 891 837 χεσθαί
919 781 978 816 τε
1005 760 1097 816 καὶ
1128 762 1388 837 στέργειν,
1438 758 1590 833 εἷ’περ
1650 760 1704 816 ἂν
1754 762 1919 814 ἅπασι
1968 764 2272 836 προηγοῖτο
2321 761 2349 815 6

695 852 832 906 κατὰ
878 848 1257 925 κληρονομίαν
1295 848 1571 926 βασιλεύς.
1630 850 1719 913 Ὠς
1756 846 1803 904 δ’
1859 848 2045 922 έκείνῳ
2074 848 2348 924 παρίστων

693 940 784 994 καὶ
838 940 900 993 τὸ
952 937 1171 994 παιδίον
1228 936 1680 1013 διερμηνεύοντες
1747 936 2054 994 κατανεύειν
2109 938 2172 993 τὸ
2226 957 2350 993 ται-

693 1031 956 1097 νιωθῆναι
1018 1027 1183 1102 μόνον
1243 1028 1468 1096 έκεῖνον,
1526 1029 1615 1082 καὶ
1673 1027 1835 1082 αὐτὸν
1896 1028 2124 1102 ἀγαπᾷν,
2156 1027 2245 1082 καὶ
2278 1023 2345 1096 δὴ

692 1121 862 1174 ταῦτα
910 1118 1045 1194 πρὸς
1092 1119 1184 1173 τὸν
1229 1116 1490 1193 ἀρχιερέα
1531 1117 1795 1191 ψελλίζον
1842 1115 2027 1191 ἔλεγεν
2059 1117 2132 1171 ὡς
2182 1135 2347 1171 κατα-

699 1206 944 1283 δέχοιτο,
996 1208 1045 1262 εἶ’
1096 1206 1262 1280 μόνον
1314 1206 1450 1262 αὐτὸ
1499 1207 1611 1279 ζῴη
1668 1204 1835 1280 μηδὶν
1882 1208 2051 1270 παθὸν
2095 1204 2154 1260 ἔκ
2202 1225 2351 1267 τινος

696 1301 779 1371 [P.
831 1300 924 1370 66]
972 1294 1201 1370 (πολλοὶ
1248 1297 1349 1372 γὰρ
1397 1296 1488 1350 καὶ
1536 1295 1804 1366 ἠπείλουν
1847 1295 2351 1367 προεξανίστασθαι,

696 1386 741 1441 si
775 1386 1087 1462 ἂντὲχοιτο,
1120 1386 1211 1440 καὶ
1240 1386 1302 1439 τὸ
1333 1384 1597 1441 Κελτικὸν
1633 1384 2007 1460 πελεκυφόρον
2058 1387 2350 1462 περιεστὼς

693 1470 917 1547 ἕτοιμον
993 1472 1061 1542 ἦν
1130 1474 1222 1528 καὶ
1296 1474 1431 1528 κατὰ
1500 1472 1748 1548 φυλακὴν
1804 1473 1893 1528 καὶ
1945 1474 2062 1528 κατ’
2108 1473 2344 1538 ἰπίθεσιν

693 1565 969 1637 πράττειν,
1032 1560 1129 1639 εἴγ’
1179 1561 1422 1638 όρισθείη
1475 1561 1622 1637 παρὰ
1666 1564 1773 1616 τῶν
1833 1559 2144 1635 δυναμένων
2182 1562 2347 1635 μάλι-

693 1653 837 1725 στα),
870 1653 898 1706 6
931 1650 1221 1728 ἀρχιερεὺς
1270 1649 1437 1725 ὀλίγα
1488 1655 1599 1705 τῶν
1645 1650 1793 1725 παρὰ
1840 1653 1938 1705 τοῦ
1967 1649 2159 1713 παιδὸς
2192 1650 2345 1727 λεγο-

697 1740 874 1814 μένων
906 1738 1209 1818 φροντίζων
1268 1740 1383 1802 ένὸς
1440 1740 1506 1809 ἦν
1565 1742 1661 1794 τοῦ
1719 1739 1851 1816 ὑπὲρ
1882 1738 2089 1794 έκείνου
2129 1739 2346 1815 ἀντέχε-

694 1843 837 1895 σθαι.
890 1830 1047 1888 Ἀλλ’
1104 1830 1373 1906 ἀντίσχειν
1431 1830 1509 1893 εἰς
1563 1832 1721 1892 τέλος
1781 1830 1883 1885 οὐκ
1940 1829 2074 1905 εἶχε·
2137 1828 2339 1886 πολλοὶ

696 1920 796 1997 γάρ
860 1922 949 1975 καὶ
997 1917 1420 1995 προσωνείδιζον
1476 1920 1562 1974 καὶ
1623 1917 2032 1995 προύτρέποντο
2074 1922 2348 1994 νεμεσῶν-

2461 585 2530 641 Ὃ
2557 580 2623 653 δὴ
2649 585 2713 640 τὸ
2773 588 2969 659 ὁμοῖον
3021 586 3311 657 ὑπέφηνεψ
3360 588 3554 660 ὁμοῖος
3599 586 3702 664 γὰρ
3733 587 3978 661 πόλεμος
4020 588 4117 643 καὶ

2461 674 2656 746 ὁμοῖον
2691 681 2867 749 γῆρας
2893 674 2972 749 τῷ
2999 680 3206 750 ποιητῇ
3258 674 3575 751 λελέχαται.

2534 763 2681 818 Ἐπεὶ
2713 767 2844 839 γοῦν
2883 764 2949 820 τὰ
2998 769 3098 831 τῆς
3151 762 3432 841 βασιλείου
3478 770 3704 836 τελετῆς
3750 765 3971 836 ἤνυσται
4018 764 4113 821 καὶ

2459 847 2566 908 ἔδει
2628 856 2833 928 χωρεῖν
2903 855 3030 915 τοὺς
3108 852 3425 932 στεφθέντας
3492 853 3629 927 πρὸς
3694 850 3760 909 τὰ
3815 852 4113 928 ἀνάκτορα,

2460 944 2804 1016 προηγοῦντο
2865 944 2961 1015 μέν
3021 943 3075 996 oi
3128 942 3192 998 τὸ
3239 940 3432 1020 στέφος
3489 939 3791 1015 δεξάμενοι,
3824 941 4115 1015 μεθείπετο

2465 1029 2522 1085 δὶ
2552 1032 2612 1086 τὸ
2650 1029 2862 1086 παιδίον
2895 1032 2999 1087 οὐκ
3029 1031 3079 1086 έν
3113 1032 3289 1109 στέφει
3338 1029 3631 1107 βασιλικῷ,
3663 1029 3789 1087 ἀλλ’
3842 1030 3894 1087 έν
3960 1030 4119 1105 μόνῳ

2464 1120 2792 1198 κεκρυφάλῳ
2868 1117 3234 1194 ἡμιτυμϐίῳ,
3293 1120 3473 1185 λίθοις
3526 1120 3617 1176 καὶ
3681 1123 3980 1198 μαργάροις
4024 1142 4122 1175 κε-

2461 1208 2819 1283 κοσμημένῳ.
2855 1214 2949 1266 Ἦν
2989 1208 3035 1265 δ’
3090 1208 3277 1281 έκείνῳ
3330 1208 3496 1283 μέλον
3532 1208 3689 1265 οὐδέν
3744 1210 3820 1282 μὴ
3877 1215 4119 1278 νοοῦντι,

2459 1297 2684 1360 ἕκαστος
2742 1297 2799 1353 δὲ
2867 1299 2927 1353 τὸ
2992 1302 3110 1363 καθ’
3164 1299 3347 1355 ἑαυτὸν
3409 1302 3625 1354 σκοπῶν
3679 1299 3742 1354 ού
3793 1306 4117 1374 προσεῖχεν.

2462 1386 2705 1460 Ἔμελλε
2750 1386 2796 1441 δ’
2842 1387 3037 1450 αὐτοὺς
3081 1388 3295 1451 πάντως
3343 1391 3377 1457 ὴ
3422 1385 3547 1458 δίκη
3581 1387 3659 1450 εἷς
3715 1387 3778 1443 τὸ
3827 1388 4119 1461 μετέπειτα

2463 1477 2763 1550 μετελθεῖν,
2796 1478 2869 1539 ὡς
2902 1477 3231 1554 ἐγνώκαμεν.
3264 1478 3271 1485 ’

2460 1584 2519 1641 θ’.
2576 1587 2763 1647 Ὅπως
2814 1586 3074 1662 στεφθεὶς-
3165 1583 3412 1662 -Μιχαήλ
3454 1584 3767 1662 ὑπεποιεῖτο
3809 1583 3937 1649 τοὺς
3967 1583 4111 1640 πολ-

2830 1656 2964 1719 λοῦς
2989 1659 3080 1712 καὶ
3112 1656 3301 1732 λόγοις
3329 1659 3418 1712 καὶ
3452 1656 3728 1731 πράξεσιν.

2526 1745 2656 1800 Τότε
2686 1743 2743 1801 δὲ
2792 1744 3159 1819 ἀτημελήτως
3206 1744 3270 1801 τὸ
3319 1743 3533 1801 παιδίον
3560 1744 3743 1822 διάγον
3793 1744 3929 1820 πρὸς
3990 1766 4115 1800 παι-

2454 1834 2648 1909 γνίοις,
2702 1836 2765 1904 ἦν
2825 1834 3127 1909 παιδικοῖς,
3184 1836 3272 1891 καὶ
3332 1837 3359 1891 6
3420 1832 3722 1912 βασιλεύων
3761 1830 3814 1890 έν
3849 1832 4116 1910 δημηγο-

2461 1924 2601 1998 ρίαις
2632 1932 2731 1994 τῆς
2763 1927 2972 2001 ἡμέρας
3023 1925 3306 2000 συχνάκις.
3339 1924 3456 1987 Εἴθ’
3513 1924 3730 2000 ὕστερον
3790 1924 3878 1980 καὶ
3936 1944 4116 1999 προσ·

693 2031 803 2080 τες,
864 2012 908 2067 εί
973 2010 1136 2085 μόνος
1196 2008 1357 2073 αὑτὸς
1399 2012 1567 2083 ὁμόσε
1621 2010 1903 2072 τοσούτοις
1936 2011 2350 2085 χωροίη.Τότε
2458 2011 2921 2089 φιλοτιμούμενος
2985 2013 3112 2076 τοὺς
3184 2012 3453 2081 πολλοὺς,
3526 2017 3663 2070 κατὰ
3739 2016 3901 2087 μέσον
3963 2018 4115 2084 σφῶν

687 2101 979 2174 τοιγαροῦν
1058 2100 1357 2177 ὑπογράφει
1430 2098 1676 2160 κάκεῖνος
1741 2100 1997 2163 πεισθείς.
2053 2100 2206 2169 ῙΙΑήν
2269 2099 2345 2163 είς
2458 2102 2697 2179 ἐῤῥιπτει
2752 2105 2844 2159 καὶ
2896 2104 3228 2181 ἀμφοτέραις
3281 2101 3533 2180 ἀργύρια,
3592 2105 3661 2161 Οἱ
3712 2101 3766 2158 δὲ
3796 2102 4116 2178 προσυλλέ-

688 2190 922 2257 πιθανὴν
957 2186 1218 2245 δοκοῦσαν
1255 2189 1581 2265 παραίτησιν
1637 2189 1699 2243 τὸ
1750 2187 2140 2264 ὁμοιοτρόπως
2169 2209 2344 2262 προσ·
2453 2212 2641 2267 γοντες
2670 2191 2940 2267 ὰνύμνουν
2974 2190 3132 2263 δῆθεν
3163 2194 3255 2248 τὸν
3290 2192 3596 2269 εὐεργέτην,
3654 2190 3873 2248 παιδίον
3917 2192 4010 2248 καὶ
4043 2195 4113 2247 τὰ

690 2279 858 2341 ἔθετο·
919 2281 1017 2333 τοῖ’)
1075 2276 1271 2351 ὁμοίου
1328 2278 1429 2355 γὰρ
1490 2277 1576 2333 ἒπῖ
1635 2278 1936 2354 χειρίστοις
1988 2273 2342 2352 λαμϐανομέ-
2452 2284 2567 2337 κατ’
2596 2281 2770 2337 έκεῖνο
2801 2282 3007 2359 χαίρειν
3040 2281 3253 2352 ἐῶντες,
3291 2280 3423 2355 μηδ’
3467 2284 3522 2337 οἷ
3566 2283 3736 2337 κακοῦ
3765 2277 3969 2359 είδότες
4014 2302 4110 2356 γε-

684 2388 779 2422 νου
811 2367 955 2443 παρὰ
981 2370 1061 2440 τῷ
1104 2370 1333 2442 ποιητῇ,
1378 2367 1617 2445 έεέφῃνεν
1663 2367 1866 2430 ἐκεῖνος
1925 2367 1984 2423 έκ
2024 2367 2220 2423 τούτου
2277 2369 2338 2423 τὸ
2446 2370 2767 2443 γόνασιν.⁹Η
2798 2355 2905 2447 γὰρ
2950 2370 3086 2426 κατὰ
3115 2373 3340 2446 θατέρου
3400 2366 3671 2440 έπιϐουλὴ
3726 2372 3811 2446 [Ρ.
3860 2355 3956 2444 δή
4004 2355 4106 2425 τοῦ

685 2456 1076 2533 ἀναγκαστικὸν
1127 2457 1217 2513 καὶ
1264 2459 1609 2533 κακότροπον
1666 2465 1766 2528 τῆς
1827 2459 2145 2535 ὑπογραφῆς
2184 2501 2198 2526 ,
2259 2459 2334 2521 ὡς
2447 2460 2632 2536 έτέρου
2661 2459 2895 2516 ἐντεῦθεν
2926 2460 3155 2537 ἤρχετο.
3195 2458 3256 2517 Τί
3298 2463 3426 2538 γοῦν
3473 2454 3719 2533 λοιπόν;
3772 2462 3952 2537 ὑγρῶν
4010 2458 4103 2514 ὄν-

688 2548 786 2602 οὑκ
831 2545 884 2603 έν
929 2546 1075 2622 καλῇ
1125 2545 1339 2637 παντως
1380 2548 1558 2603 πίστει
1602 2546 1690 2602 καὶ
1748 2546 1933 2623 χάριτι
1988 2548 2088 2616 τὴν
2141 2546 2330 2622 πρᾶξιν
2442 2569 2548 2603 των
2582 2545 2659 2604 ἔτι
2689 2553 2793 2605 τῶν
2843 2552 3233 2627 γεγραμμένων
3286 2549 3436 2607 αὐτοὶ
3484 2548 3828 2625 κατημέλουν
3888 2552 3965 2623 μὴ
4016 2549 4099 2623 ξί-

684 2765 777 2821 ουὶ
801 2763 947 2820 alias
972 2763 1215 2837 privato,
1238 2769 1519 2835 regnante
1541 2763 1733 2819 adhuc
1756 2764 1935 2835 hujus
1959 2763 2120 2835 pueri
2145 2768 2332 2836 patre,

686 2852 998 2925 imperium
1029 2851 1417 2925 praedixisset,
1439 2867 1596 2909 nunc
1620 2855 1741 2908 tam
1774 2851 2150 2924 pertinaciter
2178 2853 2335 2910 obsi-

688 2948 865 2999 steret
909 2943 1300 3000 necessariam
1351 2943 1585 3000 tuendis
1617 2942 1886 3014 dignitati
1936 2960 2057 2999 rem
2093 2942 2333 3016 petenti,

688 3032 980 3089 recordari
1011 3049 1073 3088 se
1098 3031 1198 3088 ille
1245 3048 1311 3088 ao
1360 3031 1628 3104 probare,
1654 3032 1819 3103 dixit,
1843 3033 1938 3089 sed
1982 3035 2066 3089 sic
2097 3034 2332 3089 demum

684 3120 992 3193 Palteologi
1027 3120 1231 3177 honori
1253 3122 1549 3188 assentiri,
1574 3120 1621 3177 si
1646 3121 1868 3193 primas
1889 3122 2042 3177 108
2066 3122 2333 3178 omnium

683 3213 860 3268 ferret
877 3211 975 3283 qui
994 3210 1363 3267 hereditario
1381 3209 1458 3266 im
1469 3212 2034 3283 peraretjure.Tunc
2048 3210 2145 3284 qui
2164 3228 2334 3284 agen-

2445 2770 2757 2823 excusante
2775 2767 3162 2835 conscientia;
3187 2768 3434 2839 ideoque
3463 2768 3520 2822 id
3540 2766 3811 2823 similiter
3829 2782 3892 2822 se
3910 2766 4105 2822 facere

2446 2855 2683 2923 dixisse,
2718 2854 2826 2911 hoc
2857 2858 2947 2912 est
2989 2856 3266 2929 pessime,
3290 2850 3405 2928 quo
3439 2871 3615 2912 sensu
3648 2853 3841 2911 simile
3872 2853 4099 2912 bellum

2446 2950 2502 3001 et
2533 2943 2722 3001 simile
2752 2946 2984 3001 senium
3014 2950 3303 3002 Homerus
3334 2944 3565 3000 dixerit.

2515 3033 2589 3091 Ut
2617 3050 2754 3107 ergo
2786 3035 3176 3091 coronationis
3221 3032 3571 3090 cmremonia
3619 3035 3849 3106 peracta
3897 3038 4009 3104 est,
4043 3037 4103 3089 et

2446 3124 2758 3197 procedere
2788 3124 2845 3179 in
2882 3122 3163 3195 palatium
3213 3125 3509 3196 Augustos
3542 3120 3818 3194 oportuit,
3854 3121 4099 3193 preive-

2446 3218 2586 3269 runt
2606 3214 2704 3284 qui
2724 3211 2983 3269 coronati
3008 3210 3614 3283 fuerantPalaaologns
3633 3226 3767 3267 cum
3788 3211 3827 3264 ‘l
3842 3212 3946 3265 04
3966 3226 4102 3266 con-

683 3307 802 3360 tem
836 3261 944 3358 hac
996 3302 1328 3358 constantia
1358 3261 1946 3358 Thessalonicensem
1987 3261 2331 3360 cirjcumtsta-
2364 3261 2406 3331 Ο
2439 3261 2759 3377 ,Ῑυεοᾶιοεῑ
2779 3304 2940 3375 ipsos
2964 3318 3110 3376 puer
3140 3303 3268 3359 sine
3294 3300 3452 3374 regis
3473 3261 3707 3371 υἷι-οπο,
3733 3300 3834 3356 sed
3868 3292 4102 3373 simpli-

685 3392 1293 3459 bant,admonuerunt
1308 3396 1373 3447 ut
1391 3397 1647 3448 mentem
1670 3393 1992 3449 adverteret
2006 3392 2073 3447 ad
2095 3393 2153 3447 in
2165 3409 2341 3449 auen-

682 3487 801 3537 tem
834 3481 947 3554 ipsi
979 3497 1081 3553 pro
1107 3496 1220 3552 quo
1246 3485 1366 3537 tam
1397 3480 1741 3553 pugnaciter
1771 3480 2034 3537 certabat
2064 3496 2336 3554 puerum,

683 3576 740 3627 et
770 3575 941 3644 gestu
984 3570 1346 3627 indicantem
1382 3570 1530 3643 sequi
1564 3570 1822 3642 bonique
1852 3586 1913 3626 se
1940 3570 2244 3628 consulere
2276 3576 2340 3627 ut

684 3660 846 3717 solus
877 3660 1235 3730 Palasologus
1258 3663 1671 3729 coronaretur;
1706 3676 1821 3731 quo
1844 3660 1991 3715 nihil
2024 3659 2121 3716 ille
2143 3663 2339 3717 motus

684 3750 909 3806 audivit
938 3749 1115 3806 etiam
1166 3765 1301 3805 mox
1332 3765 1469 3805 voce
1499 3748 1862 3805 balbutiente
1907 3749 2018 3806 sibi
2049 3749 2340 3807 dicentem

683 3840 995 3906 Joannem,
1016 3838 1284 3895 sufficere
1310 3837 1422 3894 sibi
1446 3840 1587 3893 tunc
1611 3837 1847 3909 quidem
1871 3837 1921 3893 si
1941 3842 2107 3895 tutus
2125 3838 2342 3897 viveret

687 3934 744 3985 et
773 3945 1016 3986 securus
1042 3946 1073 3985 a
1093 3928 1170 3983 vi.
1197 3927 1363 3983 Multi
1384 3929 1539 3984 enim
1569 3927 1947 3984 minabantur
1967 3945 2029 3985 se
2050 3930 2245 4002 ipsum
2270 3930 2341 3986 de

688 4020 878 4075 medio
906 4018 1268 4085 sublaturos,
1287 4017 1338 4073 si
1362 4017 1688 4086 resisteret;
1716 4018 2025 4089 aderatque
2046 4018 2337 4076 Celtarum

688 4126 923 4167 secures
981 4109 1341 4182 gestantium
1392 4109 1785 4166 circumstans
1834 4110 2063 4176 cohors,
2096 4110 2338 4183 ancipiti

688 4200 971 4274 obsequio
1017 4201 1087 4255 ad
1137 4204 1344 4255 nutum
1380 4199 1776 4272 potentiorum
1828 4204 2051 4272 parata,
2074 4200 2161 4257 vel
2188 4202 2339 4257 tueri

687 4306 937 4361 puerum
960 4289 1047 4345 vel
1072 4289 1293 4360 tollere,
1308 4304 1373 4343 ac
1396 4287 1582 4344 facere
1603 4286 1844 4343 omnino
1867 4288 2156 4361 quidquid
2173 4289 2341 4362 jube-

686 4384 867 4440 retur.
894 4382 1003 4437 Sed
1052 4381 1465 4437 contemnebat
1504 4379 1649 4434 istas
1679 4395 1910 4451 quoque
1941 4384 2007 4435 ut
2050 4380 2213 4453 pueri
2245 4397 2340 4436 ex-

689 4488 923 4543 pressas
976 4476 1135 4527 metu
1169 4487 1337 4527 voces
1384 4473 1654 4543 perstans
1702 4469 2031 4541 intrepidus
2063 4471 2119 4525 in
2155 4476 2340 4543 coepta

685 4561 1105 4617 intercessione
1123 4558 1687 4629 Thessalonicensis,
1712 4555 1771 4612 in
1796 4574 1912 4613 uno
1937 4575 2166 4631 semper
2190 4560 2339 4615 fixus

2443 3395 2587 3451 citer
2603 3393 2914 3450 redimitus
2931 3392 3077 3448 vitta
3097 3392 3390 3448 fimbriata
3413 3391 3666 3465 gemmis
3683 3394 3741 3447 et
3758 3391 4102 3464 margaritis

2444 3488 2665 3541 ornata.
2689 3483 2805 3539 Nec
2827 3482 2923 3538 ille
2947 3482 3004 3539 id
3034 3482 3260 3540 scilicet
3281 3482 3546 3547 curabat,
3572 3496 3677 3555 per
3698 3484 3928 3536 etatem
3957 3497 4103 3537 non-

2444 3575 2586 3629 dum
2619 3573 2902 3630 sentiens.
2926 3574 2996 3628 Et
3022 3588 3093 3628 ne
3120 3573 3191 3629 ad
3223 3572 3382 3627 istud
3406 3585 3758 3643 magnopere
3780 3574 4103 3640 praesentes

2445 3664 2830 3729 adverterent,
2846 3678 2913 3718 ea
2933 3677 3113 3718 causa
3137 3664 3280 3725 erat,
3302 3659 3458 3734 quod
3480 3657 3647 3716 veriti
3677 3657 3899 3732 passim
3925 3675 4101 3731 quor-

2444 3768 2577 3809 sum
2624 3751 2746 3807 haac
2775 3754 3101 3823 vergerent,
3123 3750 3432 3806 vertebant
3480 3764 3584 3821 pro
3616 3764 3677 3804 se
3707 3748 3958 3821 quisque
3999 3764 4099 3803 cu-

2445 3859 2539 3899 ras
2570 3842 2630 3897 in
2663 3856 2811 3909 sese,
2846 3856 2910 3897 ac
2939 3840 3027 3898 vel
3074 3841 3135 3896 in
3168 3842 3329 3896 metu
3360 3836 3450 3895 vel
3482 3836 3543 3894 in
3577 3853 3680 3910 spe
3729 3851 3926 3891 rerum
3963 3853 4097 3910 pro-

2444 3934 2707 4006 priarum
2748 3930 3112 3988 habitabant.
3149 3930 3363 3986 Omnes
3414 3942 3585 4001 porro
3642 3926 4105 3983 machinationis

2444 4023 2624 4093 hujus
2655 4021 2951 4078 insidiosae
2984 4020 3301 4094 participes
3327 4019 3524 4074 divina
3554 4016 3867 4084 deinde,ut
3890 4032 4103 4089 cogno-

2443 4113 2655 4184 vimus,
2690 4128 2796 4169 suo
2828 4116 3088 4185 tempore
3120 4110 3265 4167 ultio
3296 4109 3541 4181 excepit.

2513 4222 2565 4276 9.
2605 4223 2667 4279 Ut
2696 4229 2984 4279 coronatus
3016 4219 3259 4277 Michael
3286 4210 3707 4275 multitudinem
3734 4216 4031 4274 delinierit

3029 4293 3211 4348 verbis
3241 4299 3292 4347 et
3320 4290 3502 4361 factis.

2515 4390 2675 4442 Tunc
2706 4402 2839 4441 vero
2883 4399 3147 4440 securam
3183 4381 3362 4438 vitam
3403 4397 3549 4453 puer
3579 4381 3798 4452 degens
3847 4382 4015 4436 totus
4046 4381 4101 4436 in

2445 4473 2689 4530 ludicris
2711 4478 2767 4529 et
2789 4472 2948 4528 illius
2972 4470 3159 4527 aetatis
3192 4470 3644 4526 remissionibus
3666 4472 3807 4524 erat.
3834 4468 4105 4540 Impera-

2444 4567 2537 4618 tor
2564 4563 2780 4634 saepius
2810 4562 2867 4618 in
2903 4561 2995 4618 die
3040 4561 3111 4618 ad
3155 4559 3495 4617 concionem
3529 4556 3779 4622 dicebat,
3809 4558 4100 4615 subinde-

687 4670 752 4709 co
786 4653 939 4725 quod
992 4652 1238 4707 dixerat.
1278 4654 1485 4706 Verum
1522 4648 1837 4721 persistere
1888 4649 1957 4704 ad
2010 4654 2335 4706 extremum
2368 4638 2413 4704 Β
2446 4669 2579 4724 que,
2601 4657 2666 4708 ut
2693 4650 3446 4725 peroraverat,deliniendte
3469 4666 3647 4705 causa
3671 4648 4103 4717 multitudinis,

682 4760 795 4799 non
830 4742 1050 4799 valuit:
1077 4746 1310 4798 coortus
1342 4741 1497 4796 enim
1527 4743 1615 4795 est
1641 4738 1863 4793 clamor
1892 4738 1949 4794 in
1982 4755 2115 4794 eum
2150 4739 2333 4812 pluri-

684 4850 911 4889 morum
933 4832 1199 4888 certatim
1223 4848 1336 4902 qua
1356 4829 1719 4885 monentium
1742 4843 1858 4898 qua
1881 4828 2331 4901 increpantium,

680 4922 890 4995 ecquid
925 4923 1169 4994 puderet
1202 4936 1385 4976 unum
1421 4923 1503 4974 tot
1533 4922 1589 4974 et
1618 4917 1841 4973 talibus
1873 4917 2010 4975 viris
2043 4934 2236 4975 coram
2273 4920 2332 4974 in

676 5032 745 5072 os
778 5015 1064 5071 obsistere
1094 5014 1523 5083 adversumque
1557 5008 1928 5065 niti?Victus
1961 5011 2140 5083 igitur
2169 5011 2334 5066 deni-

682 5123 792 5178 que
825 5106 1200 5177 subscripsit,
1225 5105 1323 5160 sed
1361 5102 1433 5157 iis
1462 5100 1654 5157 verbis
1679 5117 1803 5172 quae
1828 5105 1979 5157 recte
2001 5101 2334 5174 intelligen-

682 5199 840 5252 tibus
875 5201 1136 5252 exortam
1172 5192 1372 5250 manui
1423 5191 1940 5262 subscriptionem,
1967 5209 2082 5248 non
2137 5192 2333 5249 animo

683 5286 1031 5343 sententiam
1067 5284 1390 5339 indicarent
1418 5299 1429 5337 :
1457 5280 1774 5352 adscripsit
1795 5280 1946 5336 enim
1976 5281 2251 5337 similiter
2272 5298 2334 5338 se

682 5376 977 5444 assentiri,
1007 5390 1235 5429 memor
1279 5372 1431 5444 apud
1486 5373 1713 5444 poetam
1748 5368 1941 5424 simile
1975 5371 2045 5425 ad
2093 5370 2333 5443 pessimi

681 5472 1173 5545 signiﬁcationem
1229 5470 1614 5535 trahi.Quare
1663 5465 1747 5522 sic
1797 5466 2082 5522 innuebat
2129 5485 2191 5524 se
2238 5487 2331 5525 co-

681 5568 872 5618 actum
912 5568 1170 5618 extrema
1206 5559 1568 5625 necessitate,
1595 5562 1798 5613 contra
1828 5562 2105 5626 mentem,
2133 5566 2196 5613 ut
2228 5559 2331 5615 bo-

679 5669 821 5709 num
883 5653 1241 5726 approbasse
1292 5647 1688 5719 visum,quod
1742 5646 1958 5701 malum
2002 5648 2328 5719 judicabat,

676 5744 1032 5801 reclamante
1057 5742 1437 5816 persuasione
1460 5737 1640 5794 animi
1665 5754 1729 5793 ac
1754 5737 1868 5792 vim
1897 5737 2325 5795 ineluctabilem

2443 4748 2748 4814 argenteos
2776 4747 3024 4813 utraque
3050 4757 3227 4795 manu
3252 4739 3310 4794 in
3338 4739 3597 4795 medium
3622 4738 3865 4794 conferti
3894 4742 4099 4813 populi

2435 4831 2715 4902 jactabat.
2751 4829 2835 4886 Illi
2868 4830 3132 4886 certatim
3157 4828 3496 4901 colligentes
3520 4826 3797 4883 laudibus
3828 4828 4104 4885 videlicet

2444 4920 2731 4976 tollebant
2776 4920 3104 4976 beneficum
3163 4917 3539 4989 largitorem,
3599 4934 3845 4987 puerum
3898 4924 3961 4973 et
4015 4938 4103 4976 res

2444 5012 2571 5080 ejus
2603 5010 2793 5066 valere
2816 5011 3125 5081 jubebant,
3155 5009 3340 5080 ignari
3379 5006 3617 5078 quidem
3654 5024 3769 5079 quo
3801 5006 4101 5065 malorum

2444 5101 2836 5157 devenissent.
2862 5100 3007 5155 Nam
3044 5100 3211 5155 initia
3233 5098 3355 5155 haec
3382 5104 3550 5153 erant
3573 5097 3927 5153 insidiarum
3961 5100 4101 5155 alte-

2444 5194 2567 5247 rius
2600 5195 3002 5264 Augustorum
3034 5190 3093 5245 in
3127 5188 3399 5244 alterum.
3433 5187 3692 5259 Populus
3716 5192 3917 5243 autem
3954 5188 4097 5245 obli-

2445 5289 2538 5337 tus
2571 5287 2690 5337 tam
2718 5280 2829 5336 cito
2854 5281 3066 5349 jurataz
3107 5278 3164 5332 in
3200 5278 3455 5350 primum
3488 5276 3842 5331 insidiarum
3872 5278 4099 5333 machi-

2442 5378 2709 5427 natorem
2742 5370 3023 5439 ,ultionis,
3055 5368 3247 5423 adhuc
3280 5367 3412 5422 udis
3438 5383 3505 5421 ex
3557 5366 3771 5420 recenti
3799 5366 4099 5439 scriptura

2442 5462 2661 5518 tabulis
2692 5460 2925 5516 fmderis
2956 5460 3107 5515 inter
3125 5461 3424 5529 Augustos
3452 5461 3816 5512 sacramento
3850 5458 4094 5523 ﬁrmati,

2442 5562 2558 5608 tam
2588 5552 2759 5625 longe
2797 5552 3000 5607 aberat
3031 5566 3064 5605 a
3094 5548 3433 5619 stringendo
3474 5547 3669 5621 gladio
3700 5548 3759 5604 in
3791 5555 4093 5606 auctorem

2442 5643 2693 5715 injuriae,
2728 5647 2793 5697 ut
2818 5641 2929 5714 ipsi
2960 5638 3318 5696 effusissime
3350 5636 3754 5711 applauderet.
3791 5640 3856 5694 In
3890 5638 4093 5695 ordine

2440 5732 2830 5792 ecclesiastico
2870 5731 3061 5785 clerus
3111 5729 3347 5800 quidem
3398 5728 3457 5781 in
3511 5727 3635 5799 pari
3685 5743 3820 5782 cum
3875 5728 4091 5801 pepulo
