4258 6438
193 423 289 477 541
1264 418 1355 470 DE
1395 415 1767 471 MICHAELB
1808 412 2251 468 PALEOLOGO
2290 414 2419 467 LIB.
2462 416 2531 468 Il.

3494 413 3601 471 542

192 568 287 625 quo;
342 545 475 601 κατὰ
502 546 566 599 τὰ
598 538 973 616 ὁμωμοσμένα
1003 546 1189 595 κινεῖν.
1251 539 1315 596 Ei
1375 538 1432 595 δὶ
1478 545 1577 609 τῆς
1610 536 2055 625 Ἐκκληολτῷν
2102 537 2311 625 αγαοῷν
2361 536 2495 604 ἦσαν
2547 534 2807 625 έλπίδων,
2861 537 2957 593 κᾶν
3019 532 3220 616 φόϐους
3278 558 3362 599 τις
3419 535 3597 613 λέγοι.

193 636 308 697 σίας
340 633 434 689 κᾶν
470 636 497 688 6
527 633 737 705 κλῆρος
769 629 994 702 ἡμέλει,
1026 626 1150 683 ἀ..λ’
1185 627 1237 683 οἳ
1268 651 1326 705 γε
1356 629 1417 682 τὸ
1460 628 1842 704 ἀρχιερατικὸν

190 726 403 797 ἀξίωμα
453 722 724 799 φέροντες,
772 718 824 773 τί
878 720 954 790 μή
1004 715 1225 792 ἔχοντες
1258 719 1503 789 ἀμύνειν,
1561 718 1653 771 τὸν
1713 715 1842 771 λαὸν

191 814 331 868 οὕτω
388 807 771 867 χατενεπέδουν
816 804 1143 882 φρικώδεσιν
1194 805 1379 881 ὅρκοις
1433 806 1557 860 ὥστ’
1604 804 1654 875 ἐξ
1686 803 1846 878 ἀνάγ-

191 925 291 973 κης
321 900 375 958 ἓν
416 904 524 955 τῶν
566 896 662 954 δύο
709 896 926 958 τούτοις
972 890 1401 969 έπισυμῦαίνειν,
1458 894 1493 962 ἢ
1553 893 1847 971 ιμ’ρυλίοις

191 988 458 1045 ἐνδιδόναι
485 987 757 1061 πολέμοις
785 984 876 1039 καὶ
928 986 1275 1061 σφάττεσθαι,
1324 985 1359 1054 ἢ
1416 984 1522 1055 μὴν
1577 982 1643 1037 τὰ
1693 984 1845 1056 μέγι-

192 1101 285 1135 στα
348 1081 424 1140 εἲς
486 1076 613 1133 Θεὸν
676 1076 1003 1150 ἁμαρτάνειν
1072 1070 1453 1147 ἐπιορκοῦντας
1489 1115 1501 1127 .
1562 1070 1717 1128 Ἀλλ’
1774 1072 1846 1132 ὡς

189 1168 353 1235 ἴοικε,
414 1168 475 1221 τὸ
534 1167 681 1238 παρὰ
736 1160 975 1225 πολλοῖς
1039 1161 1377 1235 ὑμνούμενον
1423 1158 1647 1231 ἀληθὲς,
1680 1162 1753 1221 ὡς
1786 1160 1846 1215 τὸ

191 1258 397 1329 μέλλον
450 1256 690 1331 γενέσθαι
752 1250 1097 1327 ἇντιπράττει
1143 1251 1233 1305 καὶ
1284 1254 1361 1319 τῷ
1408 1255 1644 1325 φρονεῖν.
1677 1252 1847 1305 Ἐκεῖ-

186 1367 275 1409 νος
350 1346 529 1399 τοίνυν
616 1344 745 1415 μεθὸ
816 1342 906 1396 καὶ
982 1338 1417 1414 δημηγορήσειε,
1486 1342 1699 1399 κοντοῖς
1756 1329 1845 1392 καὶ

188 1434 442 1509 σφαίραις
480 1437 598 1494 τοῖς
647 1430 880 1507 ἄρχουσι
929 1427 1288 1497 συνιππαζετό
1340 1448 1397 1483 τε
1453 1429 1541 1482 καὶ
1602 1428 1847 1482 συνέπαι-

192 1531 266 1594 ζε,
298 1523 390 1578 καὶ
423 1524 599 1599 τρυφή
632 1522 697 1590 ἦν
744 1525 859 1581 τοῖς
911 1517 1175 1594 βλέπουσι
1234 1519 1301 1573 τὰ
1331 1518 1697 1593 πραττόμενα.
1755 1516 1848 1578 Εἷς

188 1613 348 1667 τόσον
398 1609 455 1667 δὶ
507 1612 569 1667 τὸ
628 1612 843 1679 πλῆθος
904 1607 1239 1684 δημηγορῶν
1297 1606 1373 1669 είς
1428 1606 1601 1662 ἄνεσιν
1661 1604 1848 1682 ἔτρεπε

188 1702 276 1756 καί
319 1723 442 1775 σφιν
501 1698 746 1775 χρηστὰς
794 1699 890 1760 τὰς
942 1696 1167 1759 ἐλπίδας
1222 1697 1490 1752 ὑπέτεινεν
1542 1696 1616 1759 ὡς
1662 1694 1883 1756 καλῶς

189 1790 265 1852 είς
324 1789 553 1844 τούπιὸν
600 1789 911 1862 βιώσουσιν,
978 1785 1113 1841 ὣστε
1171 1786 1261 1839 καὶ
1315 1785 1557 1860 χαρίτων
1602 1784 1844 1860 ἀρχαίων

1951 623 2016 681 Ei
2047 622 2174 700 γοῦν
2207 624 2388 695 ἀληθῆ
2440 625 2506 679 τὰ
2545 622 2911 702 φοιϐάσματα,
2944 625 3135 697 ἔδειξεν
3166 629 3193 682 6
3242 630 3450 701 καιρὸς,
3508 628 3598 682 καὶ

1952 714 2116 785 ἡμεῖς
2166 716 2299 768 κατᾶ
2326 713 2491 768 τόπον
2524 713 2773 789 ἐροῦμεν,
2819 715 2987 787 μηδὲν
3039 715 3358 790 προσθέντες
3389 718 3465 779 εἷς
3496 718 3593 785 τήν

1952 807 2053 870 τῆς
2100 801 2359 871 ἀληθείας
2415 803 2706 863 σύστασιν.
2779 804 2917 861 Τότε
2981 804 3161 858 τοίνυν
3223 805 3305 881 ἐφ’
3361 805 3595 877 ἡμέραις

1952 892 2060 945 τισὶ
2093 888 2374 965 διατρίψας
2404 894 2539 947 κατά
2568 894 2665 961 τὴν
2697 894 2949 964 Νίκαιαν,
2976 892 3093 949 ἐπεὶ
3118 892 3460 949 παλινοστεῖν
3493 891 3598 949 ἔδει

1954 983 2091 1055 πρὸς
2120 981 2428 1058 Νύμφαιον,
2459 986 2537 1053 τῷ
2582 980 2896 1058 πατριᾶρχῃ
2945 982 3355 1056 συνταξάμενος,
3402 982 3490 1037 καὶ
3539 985 3600 1037 τὸ

1954 1066 2171 1123 παιδίον
2199 1065 2528 1142 παραλαϐὼν
2563 1071 2590 1125 6
2612 1066 2857 1141 κηδεύειν
2895 1071 3153 1147 ὑποσχὼν
3182 1071 3387 1143 ἑαυτὸν,
3409 1069 3599 1143 ’ἔξεισιν

1956 1160 2068 1230 ἅμα
2094 1164 2211 1221 τοῖς
2243 1158 2293 1213 έν
2334 1158 2477 1213 τέλει
2506 1159 2594 1213 καὶ
2622 1162 2698 1231 τῷ
2728 1164 2959 1235 στρατῷ.

1960 1267 2007 1321 ι’.
2041 1266 2230 1325 ’Ὀπως
2266 1264 2757 1345 ὑποστραφεὶςλείς
2791 1266 3077 1345 Νύμφαιον
3098 1270 3243 1345 μετὰ
3271 1272 3366 1323 τοῦ
3406 1266 3599 1331 παιδὸς

2336 1334 2584 1411 πρέσϐεις
2616 1334 2832 1413 ἐδέχετο
2863 1334 3225 1416 πανταχόθεν.

2027 1429 2109 1499 [Ρ.
2142 1428 2231 1497 68]
2265 1428 2363 1483 Καὶ
2424 1428 2451 1480 6
2514 1426 2607 1499 μὶν
2663 1423 2983 1482 καταλαϐὼν
3039 1430 3099 1482 τὸ
3151 1428 3439 1504 Νύμφαιον
3470 1434 3600 1504 Περ-

1959 1520 2061 1569 σῶν
2118 1517 2212 1587 μὲν
2270 1512 2488 1589 ἐδέχετο
2536 1510 2788 1589 πρέσϐεις
2846 1518 2934 1571 καὶ
2968 1514 3135 1593 δῶρα,
3168 1517 3258 1572 καὶ
3306 1522 3384 1591 τῷ
3434 1517 3597 1573 σουλ-

1954 1603 2046 1657 τᾶν
2104 1604 2539 1679 καταιγιζομένῳ
2597 1603 2656 1659 ἐκ
2704 1604 3033 1683 παλιρροίας
3074 1608 3409 1683 πραγμάτων
3446 1610 3605 1663 ὑπισ-

1959 1697 2141 1767 χνεῖτο
2201 1692 2679 1769 προσχωρήσαντά
2758 1696 2810 1749 οἱ
2880 1694 3095 1757 ὒπτίαις
3170 1693 3420 1771 δέχεσθαι
3485 1703 3603 1759 ταῖς

1956 1780 2112 1856 χερσῖ
2158 1780 2244 1835 καί
2295 1783 2367 1843 εἲς
2414 1784 2597 1853 καιρὸν
2631 1784 2863 1856 πέμπειν
2923 1785 3072 1846 αὖθις
3133 1786 3247 1857 μετ’
3306 1782 3599 1862 ἀσφαλείας

186 1879 493 1933 πολιτικῶν
534 1878 945 1949 ὑπεμίμνησκεν
1002 1873 1311 1948 ἐλευθερίας
1370 1876 1649 1951 φερουσῶν
1703 1872 1844 1944 σύμ-
1878 1901 1922 1968 Β
1953 1874 2060 1924 τῶν
2088 1870 2421 1968 πραγμάτων
2455 1872 2891 1968 ἡσυχασθέντων.
2943 1874 3005 1929 Ὀ
3060 1873 3159 1949 γὰρ
3192 1872 3389 1942 Μελήκ
3428 1894 3599 1948 προσ.

187 1963 380 2024 ϐολον.
443 1971 614 2022 Ἦσαν
667 1963 712 2020 δ’
745 1965 941 2020 ἐκεῖναι
992 1961 1368 2037 προσκλώθειν
1424 1962 1519 2026 τὰς
1573 1960 1845 2035 γενειάδας
1878 1958 1919 1968 ”
1951 1960 2280 2035 κεχωρήκει,
2333 1959 2421 2014 καὶ
2482 1958 2598 2021 δέος
2658 1962 2723 2029 ἦν
2754 1964 2832 2032 τῷ
2887 1960 3116 2016 σουλτᾶν
3155 1963 3354 2035 μήπως
3396 1961 3599 2026 ἐκεῖνος

185 2059 453 2117 πέκοντας
508 2055 598 2109 καὶ
657 2053 867 2129 χαίρειν
918 2050 1135 2122 ἀνέδην⁸
1193 2052 1281 2106 καί
1338 2071 1480 2112 τινες
1527 2047 1844 2125 προσέκλω-

188 2160 277 2211 θον
345 2145 495 2221 δίχα,
570 2146 658 2200 καί
738 2151 872 2221 σφᾶς
930 2143 1114 2218 ἑώρων
1178 2141 1280 2215 ἐγὼ
1338 2140 1701 2216 γαννυμένους
1761 2139 1843 2194 ὅτι

184 2242 349 2292 τοῦτο
399 2234 609 2291 κελεύει
662 2236 689 2288 ὁ
743 2232 1021 2308 βασιλεὺς,
1072 2233 1171 2299 τὴν
1222 2230 1305 2285 ἐπὶ
1356 2235 1463 2284 τῶν
1510 2230 1843 2305 πραγμάτων

188 2326 482 2397 εὐμάρειαν
547 2324 1000 2398 ὑπισχνούμενος.
1059 2319 1225 2378 Ἦσαν
1283 2316 1340 2373 δέ
1390 2341 1529 2375 τινες
1591 2318 1687 2372 οὐκ
1744 2314 1849 2372 οἷδ’

187 2415 385 2469 ὁπόθεν
445 2418 551 2469 τῶν
613 2411 929 2485 μελλόντων
980 2404 1409 2486 προφοιὸασταὶ,
1468 2408 1557 2462 καὶ
1616 2406 1844 2463 κλώθειν

186 2504 551 2575 προσέταττον
586 2502 843 2577 χαίρουσι
875 2503 992 2560 τοῖς
1041 2498 1445 2570 έλπιζομένοις,
1494 2498 1567 2559 ὡς
1625 2502 1846 2573 ωροῦσι

190 2591 562 2665 λυπουμένοις
613 2596 730 2653 τοῖς
784 2587 1203 2665 πραττομένοις,
1262 2586 1308 2641 εί
1356 2588 1581 2658 πεινῷεν
1635 2585 1847 2640 ὲσύστε-

190 2701 305 2754 ρον.
343 2682 411 2738 Οἱ
446 2677 492 2736 δ’
525 2681 600 2741 ὡς
646 2677 865 2742 είκαίως
912 2677 1233 2752 λεγομένοις
1264 2675 1325 2730 οὐ
1357 2681 1674 2750 προσεῖχον,
1702 2671 1847 2728 ἀλλᾶ

199 2897 682 2956 dissimulatione
714 2913 778 2952 ac
810 2911 1006 2952 rerum
1039 2911 1163 2967 qua:
1197 2893 1636 2950 attentabantur
1667 2891 1849 2963 negli-

197 2988 403 3060 gentia
435 2985 779 3042 versabatur
812 3000 827 3040 :
861 2983 1117 3057 episcopi
1152 2987 1347 3039 autem
1398 2998 1515 3037 non
1564 2981 1849 3037 habentes

192 3075 353 3130 aliud
388 3090 507 3145 quo
536 3089 782 3145 puerum
805 3072 1183 3128 defenderent
1212 3075 1313 3126 aut
1342 3072 1473 3143 ejus
1503 3068 1698 3126 violati
1724 3085 1847 3124 sce-

188 3166 287 3220 lus
326 3164 778 3229 ulciscerentur,
810 3161 1168 3218 insistebant
1209 3159 1499 3234 adigendo
1543 3158 1755 3231 populo
1787 3159 1845 3213 in

191 3271 345 3310 nova
369 3256 427 3308 et
458 3251 603 3308 diris
631 3250 1154 3323 imprecationibus
1184 3249 1487 3306 tremenda
1511 3249 1847 3321 juramenta

189 3341 515 3415 praestandi
536 3341 691 3413 quod
711 3340 1085 3414 promiserat.
1101 3340 1181 3395 Ex
1200 3355 1314 3411 quo
1332 3338 1580 3395 alterum
1600 3338 1853 3393 duorum

194 3431 536 3489 necessario
589 3435 933 3487 secuturum
985 3434 1129 3500 erat,
1172 3434 1383 3502 nempe
1433 3433 1498 3485 ut
1546 3431 1649 3484 aut
1699 3426 1854 3483 civili

195 3520 356 3578 bello
414 3525 638 3578 temere
684 3525 960 3594 suscepto
1008 3535 1137 3576 sese
1184 3519 1567 3575 trucidandos
1615 3516 1854 3574 armatis

197 3612 652 3684 objicerent,aut
702 3609 1041 3683 inexpiabili
1073 3627 1135 3667 se
1167 3610 1387 3683 ﬂagitio
1419 3609 1657 3683 pcrjurii
1696 3608 1851 3681 apud

198 3706 385 3758 Deum
420 3701 765 3775 obligarent.
793 3702 901 3757 Sed
951 3714 1151 3755 verum
1204 3708 1290 3756 est
1331 3699 1571 3773 vulgare
1602 3700 1851 3767 dictum,

198 3792 361 3865 quod
395 3793 547 3849 105
585 3793 827 3848 omnino
862 3791 1123 3846 futurum
1167 3794 1255 3846 est
1299 3788 1462 3845 nulla
1510 3804 1681 3861 posse
1712 3804 1854 3862 pru-

194 3880 396 3938 dentia
450 3880 739 3953 przeverti.
780 3879 1066 3936 Caeterum
1126 3877 1486 3951 Palaeologus
1544 3883 1676 3950 post
1721 3877 1853 3934 illas

196 3969 515 4027 conciones
539 3971 724 4026 contis
746 3974 802 4026 et
830 3969 950 4042 pila
971 3968 1274 4026 colludens
1298 3984 1429 4024 cum
1463 3968 1850 4041 principibus,

190 4060 425 4115 ludicra
483 4059 777 4132 equestria
835 4074 1054 4131 magna
1113 4057 1505 4131 spectantium
1555 4058 1852 4131 voluptate

190 4149 569 4206 decurrebat.
603 4153 782 4206 Porro
814 4148 946 4204 istis
996 4148 1377 4204 concionibus
1424 4151 1653 4203 tantum
1686 4148 1848 4203 bona:

188 4240 317 4311 spei
364 4237 701 4312 laetitiaeque
749 4237 1136 4312 popularibus
1187 4236 1401 4293 animis
1453 4238 1751 4308 iniecerat,
1787 4241 1850 4293 ut

188 4327 365 4401 quasi
414 4328 559 4383 certi
607 4329 905 4384 duraturae
958 4327 1254 4383 felicitatis
1294 4326 1473 4383 vitam
1524 4328 1637 4383 sibi
1688 4327 1848 4383 omni

186 4419 585 4492 prosperitate
604 4418 963 4475 cumulatam
986 4418 1047 4474 in
1073 4423 1370 4489 posterum
1392 4424 1847 4489 augurarentur,

185 4512 243 4563 et
277 4508 504 4581 passim
539 4506 815 4563 familiari
862 4506 1253 4580 gratulatione
1285 4508 1548 4579 quaedam
1582 4524 1649 4561 ex
1695 4506 1848 4563 anti-

1952 2045 2189 2120 ἐπανήξῃ
2249 2049 2365 2118 μεθ’
2416 2048 2627 2120 ἱκανῆς,
2675 2049 2763 2103 καὶ
2814 2048 2944 2119 ὅσην
2996 2048 3093 2105 οὐκ
3148 2053 3212 2120 ἦν
3275 2053 3595 2121 ὑποστῆναι,

1954 2133 2253 2207 δυνάμεως.
2288 2136 2517 2212 Ἐγγύας
2573 2134 2617 2191 δ’
2672 2134 2850 2192 έδίδου
2904 2142 3001 2193 τοῦ
3059 2140 3134 2212 μὴ
3185 2135 3594 2214 φοϐεῖσθαιτήν

1953 2224 2120 2280 πάλαι
2152 2228 2438 2295 συνήθειαν
2472 2221 2897 2301 Ἑπρεσϐεὖοντο
2948 2225 3004 2282 δὲ
3060 2228 3196 2304 πρὸς
3248 2229 3451 2284 ἐκεῖνον
3508 2229 3598 2285 καὶ

1954 2314 2005 2368 οἱ
2060 2313 2195 2368 κατὰ
2261 2314 2359 2382 τὴν
2419 2313 2794 2390 μεγαλόπολιν
2869 2317 3097 2387 Ἰταλοὶ,
3156 2318 3245 2372 καὶ
3306 2318 3599 2394 ἆνακωχήν

1953 2402 2132 2459 ἐδίδου
2160 2407 2227 2477 τῇ
2268 2405 2405 2480 πρὸς
2434 2404 2675 2469 ἐκείνους
2727 2403 2901 2481 μᾶχῃ,
2955 2406 3173 2476 ὡςικαὶ
3236 2409 3350 2479 μετ’
3412 2407 3597 2483 ὀλίγον

1952 2495 2334 2569 κραταιότερον
2389 2493 2741 2569 σπεισόμενος
2801 2496 2979 2573 σφίσιν
3013 2539 3028 2564 ,
3106 2496 3150 2550 εἷ
3206 2498 3597 2573 προτενοῦντός

1951 2603 2071 2637 τινα
2096 2582 2443 2658 ἕκπληροῖεν.
2480 2583 2629 2653 Πλὴν
2681 2582 2772 2639 καί
2817 2583 2944 2648 τοὺς
2996 2579 3246 2661 πρέσϐεις
3294 2586 3601 2659 Ῥωμαίους

1955 2673 2043 2727 καὶ
2102 2672 2161 2729 ἐκ
2215 2671 2501 2747 Ῥωμαίων
2564 2669 2716 2735 ὄντας
2766 2672 2839 2735 ὡς
2876 2675 2991 2749 εἶχε
3026 2676 3453 2750 μετεχειρίζετο,
3510 2674 3599 2731 καὶ

1959 2890 2091 2946 licet
2122 2890 2271 2963 pilos
2303 2889 2589 2947 malarum
2624 2906 2737 2963 prze
2770 2892 2983 2964 gaudio
3007 2896 3250 2965 speratis
3278 2893 3606 2953 durationis

1957 2980 2137 3051 hujus
2169 2980 2433 3054 prosperi
2482 2996 2678 3037 rerum
2711 2985 2919 3051 status,
2952 2987 3154 3053 postea
3202 2981 3333 3039 illos
3380 2982 3602 3040 vulsuri

1958 3070 2064 3141 piae
2087 3070 2455 3143 impatientia
2478 3069 2833 3141 saevissimae,
2855 3087 2981 3143 quae
3002 3070 3165 3127 vobis
3188 3072 3385 3128 fauces
3407 3072 3605 3146 oppri-

1961 3166 2100 3233 met,
2132 3162 2326 3229 famis,
2356 3185 2376 3212 ι
2413 3161 2496 3217 illi
2527 3162 2839 3217 ludibundi
2896 3178 3000 3218 nec
3050 3163 3349 3219 attendere
3379 3164 3602 3234 dignati

1962 3255 2241 3324 tanquam
2275 3252 2455 3307 anilia
2485 3252 2809 3324 garrientes
2842 3252 3330 3325 aspernabantur.
3350 3255 3486 3319 Quae
3511 3259 3603 3308 ta-

1961 3357 2094 3397 men
2126 3358 2197 3397 an
2226 3358 2295 3397 ex
2314 3357 2463 3397 vano
2487 3342 2872 3412 jactarentur,
2899 3349 3138 3397 eventus
3169 3342 3513 3410 declaravit;
3549 3346 3605 3399 et

1962 3449 2067 3489 nos
2114 3433 2172 3489 in
2220 3433 2346 3489 loco
2394 3433 2680 3504 dicemus,
2714 3432 2862 3489 nihil
2908 3433 3304 3506 adjungentes
3351 3432 3603 3490 veritati.

1958 3523 2123 3579 Tunc
2166 3522 2347 3595 igitur
2375 3523 2737 3595 Palaaologus
2769 3521 2991 3595 aliquot
3038 3522 3247 3580 diebus
3296 3540 3399 3595 per
3444 3524 3604 3580 hunc

1960 3613 2199 3669 modum
2233 3614 2434 3670 Nicaea
2476 3611 2812 3679 transactis,
2846 3610 2943 3667 ubi
2977 3616 3375 3685 opportunum
3407 3613 3600 3669 visum

1958 3706 2044 3757 est
2076 3702 2263 3757 redire
2310 3702 2716 3776 Nymphmum,
2751 3700 3004 3757 salutato
3058 3702 3393 3774 patriarcha
3424 3706 3481 3758 et
3510 3720 3603 3759 asc

1958 3794 2195 3863 sumpto
2227 3806 2428 3863 puero,
2452 3808 2517 3847 ac
2548 3790 2842 3847 renovatis
2876 3790 3181 3864 promissis
3211 3791 3340 3862 eius
3363 3799 3601 3865 paterne

1960 3881 2224 3950 curandi,
2258 3882 2552 3953 profectus
2584 3884 2673 3937 est
2704 3878 2890 3952 prima
2922 3879 3227 3937 nobilitate
3256 3885 3313 3938 et
3344 3882 3599 3938 exercitu

1958 3970 2398 4027 comitantibus.

1994 4078 2075 4132 10.
2115 4078 2175 4135 Ut
2204 4079 2557 4151 Palaeologus
2586 4093 2837 4135 reversus
2860 4093 2985 4133 cum
3014 4093 3181 4150 puero
3202 4078 3562 4151 Nympha’um

2319 4150 2679 4222 undecunque
2710 4152 2911 4221 legatos
2940 4153 3231 4223 exceperit.

2023 4238 2204 4294 Simul
2230 4257 2359 4296 vero
2397 4240 2545 4295 106
2571 4240 2956 4313 Nymphaeum
2982 4238 3266 4311 pervenit,
3285 4240 3595 4297 Persarum

1953 4328 2175 4400 legatos
2204 4329 2440 4386 'audivit
2470 4337 2522 4387 ct
2554 4329 2775 4401 accepit
2806 4331 2986 4397 dona;
3022 4328 3376 4402 sultanoque
3425 4331 3600 4388 rebus

1954 4422 2108 4474 retro
2130 4418 2313 4491 lapsis
2340 4417 2686 4491 periclitanti
2714 4418 2985 4492 promisit
3007 4435 3068 4474 se
3090 4416 3279 4484 illum,
3304 4418 3353 4474 si
3377 4420 3449 4475 ad
3473 4436 3602 4478 sese

1950 4507 2396 4579 veniret,obviis
2418 4507 2575 4563 ulnis
2601 4512 3006 4579 excepturum,
3024 4510 3080 4563 et
3111 4507 3207 4563 ubi
3236 4508 3604 4567 detonuisset

185 4611 308 4667 qua
341 4595 629 4651 memoria
679 4597 879 4651 facetae
930 4595 1305 4664 urbanitatis,
1339 4595 1630 4651 libertatis
1677 4612 1845 4651 omen
1879 4599 1928 4663 D
1960 4598 2087 4669 ejus
2106 4598 2426 4653 domestica
2448 4602 2789 4671 tempestas,
2807 4613 3078 4653 securum
3105 4597 3173 4653 ad
3197 4614 3306 4652 sua
3325 4600 3604 4654 remissu-

186 4684 492 4752 habentia,
528 4684 683 4741 dicta
726 4689 1110 4741 retractarent
1140 4686 1844 4757 lrequentarentque'scr-

186 4773 495 4829 monibus.
528 4773 703 4829 Erant
733 4779 929 4830 autem
964 4790 1050 4843 ea,
1083 4774 1250 4829 licere
1282 4790 1439 4829 nunc
1472 4774 1620 4847 pilos
1651 4774 1842 4829 barbae

184 4862 471 4933 mulcere,
497 4869 727 4935 pectere
759 4865 1079 4937 digitisque
1111 4864 1437 4936 torquendo
1469 4865 1728 4936 crispare
1762 4865 1845 4919 fas

182 4952 495 5025 otiumque
521 4970 669 5023 esse,
692 4955 897 5027 utique
920 4956 1156 5027 profuse
1178 4955 1587 5027 gaudentibus.
1617 4954 1732 5009 Nec
1753 4969 1841 5010 se-

182 5059 291 5099 cus
321 5042 498 5117 vulgo
531 5043 879 5101 factitabant
917 5046 1201 5117 gestiente
1235 5045 1487 5117 quadam
1520 5044 1842 5114 alacritate,

180 5132 429 5188 innatus
461 5132 626 5206 genis
659 5134 808 5206 pilos
832 5134 1101 5190 nonnulli
1133 5133 1401 5189 bifariam
1428 5134 1843 5190 discriminan-

183 5226 297 5276 tes.
327 5221 396 5275 Et
432 5222 674 5276 memini
722 5237 814 5276 me
843 5222 1038 5277 videre
1070 5222 1153 5277 sic
1186 5227 1423 5293 agentes
1454 5221 1845 5277 exsultatione

182 5310 438 5381 ingenti,
473 5315 531 5366 et
562 5312 846 5367 addentes
878 5312 961 5367 sic
998 5313 1208 5382 jubere
1241 5312 1678 5383 imperatorem,
1704 5312 1842 5367 dum

177 5407 301 5455 tam
339 5401 513 5455 beata
541 5401 717 5455 rebus
741 5402 859 5456 otia
890 5406 1016 5456 tum
1051 5406 1374 5473 praestaret,
1399 5405 1523 5456 tum
1558 5402 1615 5456 in
1652 5406 1845 5473 poste-

180 5506 316 5544 rum
339 5488 738 5561 polliceretur,
753 5490 974 5546 frustra
989 5492 1356 5562 obstrepente
1370 5490 1598 5545 insanis
1613 5492 1845 5562 gaudiis

186 5596 431 5635 morosa
476 5580 718 5634 tristitia
748 5583 950 5636 vatum
985 5581 1412 5647 ominosorum,
1439 5580 1635 5635 nescio
1689 5582 1845 5637 unde

186 5670 403 5723 hausta
434 5668 734 5724 divinandi
765 5668 978 5724 fiducia
1009 5668 1164 5725 mala
1185 5668 1680 5739 denuntiantium,
1707 5686 1847 5742 quo-

186 5774 320 5813 rum
356 5756 466 5813 bas
509 5757 663 5813 inter
706 5758 1280 5831 inauspicatissimas
1311 5774 1480 5815 voces
1515 5776 1583 5813 ;·‹‹
1606 5758 1844 5817 Vibrate

1957 4704 2109 4743 rum.
2139 4687 2327 4743 Causa
2358 4686 2601 4742 timendi
2636 4685 2869 4743 sultano
2916 4686 3106 4742 fuerat
3136 4686 3289 4759 quod
3325 4686 3603 4745 audiebat

1954 4777 2237 4832 Molecum
2272 4778 2605 4843 adventare,
2628 4776 3055 4848 verebaturque
3080 4792 3151 4830 ne
3182 4780 3376 4831 tantas
3400 4793 3601 4834 secum

1954 4883 2019 4921 ac
2062 4866 2208 4922 tales
2256 4865 2451 4937 copias
2502 4866 2759 4931 duceret,
2793 4865 3011 4935 quibus
3059 4865 3186 4937 ipse
3236 4866 3603 4923 sustinendis

1954 4957 2107 5011 haud
2143 4972 2248 5028 par
2278 4960 2449 5011 esset.
2470 4956 2886 5027 Pignusporro
2910 4954 3137 5010 fiducia;
3161 4970 3299 5026 erga
3320 4954 3604 5011 Palmolo-

1955 5062 2092 5118 gum
2126 5046 2360 5101 sultano
2392 5049 2516 5100 erat
2546 5045 2806 5100 amicitia
2836 5045 2988 5100 inter
3009 5060 3109 5101 eos
3142 5046 3365 5100 mutuis
3393 5045 3604 5101 officiis

1954 5139 2254 5191 contracta
2282 5134 2578 5207 cultaque,
2606 5151 2720 5205 quo
2769 5138 3033 5206 tempore
3064 5134 3119 5187 in
3153 5134 3390 5189 Perside
3422 5134 3602 5193 simul

1955 5224 2396 5280 fuerant.Venit
2426 5224 2627 5279 eodem
2652 5225 2720 5279 ad
2751 5224 3023 5279 eumdem
3055 5222 3268 5296 legatio
3301 5240 3508 5294 magna
3544 5227 3601 5283 in

1956 5315 2100 5369 urbe
2118 5314 2457 5385 degentium
2480 5313 3005 5385 ltalorum,quibus
3028 5312 3297 5369 inducias
3316 5316 3605 5373 concessit

1955 5402 2092 5460 belli
2126 5403 2276 5474 quod
2326 5404 2383 5457 in
2440 5419 2539 5457 eos
2583 5404 2913 5474 gerebatur,
2939 5401 3227 5475 pollicens
3268 5403 3497 5459 lirmius
3541 5423 3603 5461 se

1956 5510 2090 5548 mox
2121 5497 2176 5547 et
2209 5491 2438 5564 plenius
2470 5508 2599 5546 cum
2634 5492 2778 5563 ipsis
2810 5492 2994 5547 fmdus
3025 5492 3335 5561 initurum,
3358 5494 3406 5547 si
3442 5510 3599 5566 qua:-

1955 5583 2087 5637 dam
2120 5582 2178 5635 in
2221 5586 2610 5645 antecessum,
2636 5596 2763 5652 quas
2816 5580 3254 5652 propositurum
3289 5596 3350 5635 se
3381 5581 3595 5653 aiebat,

1953 5675 2428 5741 exsequerentur.
2470 5673 2752 5725 Caeterum
2787 5668 2947 5742 ipsos
2979 5669 3221 5741 legatos,
3256 5673 3454 5740 utpote
3488 5671 3599 5726 Ro-

1957 5777 2161 5816 manos
2183 5764 2237 5815 et
2259 5776 2324 5815 ex
2350 5759 2629 5815 Romanis
2659 5765 2838 5825 ortos,
2863 5775 3042 5830 quam
3086 5758 3272 5831 potuit
3306 5758 3599 5817 liberalis-
