4258 6438
677 362 785 417 543

685 480 855 556 μηδὲν
883 480 1025 560 ἔχων
1060 485 1111 540 ἰν
1170 491 1237 561 τῇ
1294 489 1452 543 πόλει
1511 491 1818 559 ζητούντων
1878 490 2056 548 ἐδίδου
2114 493 2163 548 εἲ
2202 490 2414 565 ἓξει,Α

678 572 767 627 καὶ
827 570 1327 649 χρυσοϐουλλείοις
1360 577 1548 653 λόγοις
1584 580 2035 658 κατησφαλίζετο
2082 584 2148 636 τὰ
2187 578 2335 636 διδό-

684 682 838 733 μενα.
897 664 1195 719 Κάντεῦθεν
1245 663 1607 744 προσεφέρετο
1657 671 1729 732 ὡς
1792 668 1974 743 ἰδίοις,
2022 671 2111 725 καὶ
2144 676 2331 743 πεῖραν

683 748 865 813 διδοὺς
896 752 985 807 καὶ
1019 748 1313 825 λαμϐάνων
1344 754 1550 831 ἄνήρτα
1577 758 1644 813 τᾶ
1683 762 1791 813 τῶν
1848 757 2117 829 σπονδῶν,
2162 779 2334 833 προσ-

683 835 861 892 δοκῶν
889 860 940 894 τι
974 846 1158 914 μεῖζον
1194 841 1243 913 ἐξ
1276 842 1351 897 ὧν
1400 842 1661 917 ἐμάνθανε
1708 852 1824 909 τοῖς
1873 844 2157 923 πρέσϐεσιν
2209 849 2336 919 ὁμι-

684 924 818 983 λῶν.
853 930 986 991 Τοῖς
1020 927 1077 984 δὲ
1118 928 1362 994 δυτικοῖς
1411 938 1818 1007 προσετετήκει.
1878 937 2037 1000 ’Ὁθεν
2095 938 2183 991 καὶ
2242 937 2333 990 τὸν

681 1015 883 1070 οἰκεῖον
916 1014 1151 1095 ἀδελφὸν
1184 1019 1457 1091 Ἰωάννην,
1490 1024 1654 1098 μέγαν
1698 1023 1773 1079 ἔτι
1825 1022 2142 1097 δομὲστικον
2190 1020 2336 1093 ὄντα,

680 1104 893 1177 σύναμα
923 1106 1204 1170 πλείσταις
1237 1106 1492 1183 δυνάμεσι
1523 1113 1748 1185 πέμπει.

686 1213 772 1268 ια’.
813 1213 1004 1276 ’Όπως
1042 1215 1069 1268 ὁ
1118 1216 1918 1297 τοῦηβασιλέωεαύτῃάδελφος
1968 1221 2221 1290 Ἰωάννης
2273 1219 2339 1273 τὰ

1206 1286 1490 1361 ἀξιώματα
1518 1286 1811 1364 ἐλάμϐανε.

754 1374 851 1434 ’Ὀς
925 1380 1038 1435 τοῖς
1098 1372 1336 1438 δυτικοῖς
1392 1376 1612 1442 ἐπιστὰς
1669 1376 1899 1454 φοϐερὸν
1957 1377 2103 1451 ’ἐδοξε
2160 1378 2336 1433 πνέειν

682 1458 936 1533 ἰκείνοις,
999 1463 1110 1535 ἅμα
1144 1464 1238 1535 μὲν
1270 1470 1348 1536 τῷ
1394 1467 1581 1540 θερμῷ
1625 1474 1727 1537 τῆς
1778 1469 2058 1538 νεότητος,
2112 1470 2224 1540 ἅμα
2284 1466 2337 1521 δὲ

678 1550 767 1602 καὶ
826 1554 906 1621 τῷ
936 1552 1059 1624 περί
1110 1550 1313 1607 ἐκεῖνον
1365 1555 1725 1629 στρατεύματι
1770 1555 2190 1631 κουφιζόμενος,
2247 1552 2333 1612 καὶ

680 1637 898 1711 ἀπτέρῳ
942 1638 1101 1713 τάχει
1150 1642 1293 1714 αἱρεῖ
1345 1644 1440 1715 μὶν
1489 1646 1551 1699 τὸ
1582 1647 1704 1720 περῖ
1733 1647 1800 1700 τὰ
1831 1647 2025 1700 Κάνινα
2054 1646 2337 1721 φρούριον.

674 1727 815 1801 αἱρεῖ
851 1725 906 1781 δὲ
963 1728 1051 1781 καί
1107 1730 1171 1783 τὸ
1228 1729 1354 1806 περῖ
1411 1733 1479 1785 τὰ
1538 1731 1889 1808 Βελλάγραδα
1939 1733 2029 1787 καὶ
2088 1732 2334 1809 Πόλογον

1977 373 2278 430 GEORGII
2319 370 2785 427 PACHYMERE

3988 368 4098 422 544

2624 496 2807 551 Ὅπως
2892 492 3123 565 Μιχαὴλ
3209 493 3235 545 ὁ
3316 488 3582 565 δεσπότης
3633 490 4103 565 ,στενοχωρηθεῖς

2513 563 2720 638 πέμπε-ι
2793 565 2891 632 τὴν
2968 563 3192 638 σύζυγον
3272 564 3361 617 καὶ
3432 564 3522 617 τὸν
3596 563 3709 615 υἱὸν
3785 563 3930 637 παρα
4004 563 4103 616 τὸν

2518 632 2765 706 βασιλέα.

2510 758 2567 810 Ὀ
2622 754 2678 811 δέ
2705 778 2765 832 γε
2808 756 3064 833 Μιχαὴλ,
3121 758 3254 830 μεθὸ
3313 756 3774 833 συγχρησαμένου
3824 763 3941 818 ταῖς
3998 759 4105 811 ὑπὸ

2438 850 2535 900 τοῦ
2584 841 2836 920 γαμϐροῦ
2868 846 3064 920 Μαφρὶ
3117 846 3459 921 συμμαχίαις
3515 846 3581 901 τὰ
3608 846 3744 901 κατά
3772 846 3862 899 τὸν
3896 846 4105 902 Καίσα-

2441 954 2506 1009 ρι
2558 930 2754 1005 συνέϐη
2809 936 2930 1009 περὶ
2993 936 3068 988 ὧν
3129 956 3223 1007 μοι
3278 936 3661 1010 προανετάχθη
3726 938 3847 989 νοῦν
3910 930 4101 989 λαϐὼν

2440 1022 2681 1093 ἀλούσης
2736 1031 2836 1092 τῆς
2891 1023 3109 1086 πόλεως
3166 1025 3369 1098 πέμπει
3430 1026 3565 1099 πρὸς
3616 1023 3843 1097 βασιλέα
3884 1026 3985 1093 τήν
4042 1044 4106 1077 τε

2443 1112 2666 1188 σύζυγον
2701 1110 2981 1189 Θεοδώραν
3042 1114 3130 1167 καὶ
3191 1114 3445 1181 Ἰωάννην
3496 1113 3586 1168 τὸν
3638 1110 3825 1181 παῖδα,
3885 1112 4102 1181 ἐκείνην

2444 1202 2539 1275 μὶν
2596 1202 2691 1263 τὰς
2750 1203 3021 1275 εἰρηνικὰς
3070 1196 3646 1277 πρεσϐεύσουσαν,τὸν
3706 1199 3750 1255 δ’
3808 1203 3920 1255 υἱὸν
3975 1201 4103 1255 έσό-

2445 1312 2604 1363 μενον
2637 1290 2873 1365 ὅμηρον,
2929 1291 3075 1359 πλὴν
3105 1290 3157 1345 ἐς
3199 1288 3462 1361 διηνεκὲς,
3522 1289 3602 1364 ἐφ’
3642 1292 3764 1344 ὅσον
3800 1291 3936 1361 ζῴη,
3969 1289 4102 1358 ἀξό-

2445 1402 2604 1453 μενον
2653 1380 2741 1435 καὶ
2798 1383 2896 1449 τήν
2958 1382 3379 1451 συνοικήσουσαν
3436 1379 3846 1455 προσηκόντως,
3903 1380 3964 1445 ἦν
4029 1376 4101 1444 δή

2442 1473 2531 1525 καὶ
2589 1468 2749 1526 δώσει
2801 1472 2829 1526 ὁ
2888 1468 3165 1545 βασιλεύς,
3196 1472 3328 1525 Τότε
3371 1474 3499 1543 γοῦν
3535 1468 3737 1530 ἐκεῖνος
3772 1466 3857 1523 διὰ
3887 1468 4101 1541 τάχους

2442 1559 2945 1635 καταστρεψάμενος
3002 1560 3155 1615 τάκεῖ
3200 1560 3432 1635 ἆρεϊκῶς
3482 1560 3895 1631 ἠγωνισμένος,
3950 1554 4102 1628 μᾶλ-

2445 1648 2541 1705 λον
2574 1648 2631 1705 δὲ
2676 1651 2766 1703 καὶ
2809 1651 3170 1719 καταστήσας,
3232 1648 3501 1723 φρουροὺς
3550 1643 3805 1721 ἐμϐαλὼν
3850 1648 3941 1699 καὶ
3997 1666 4100 1719 φυ-

2444 1738 2610 1801 λακὰς
2652 1737 2944 1808 ἐπιστήσας
2996 1738 3305 1807 ἰπανὲζευξε
3354 1736 3489 1809 μετᾶ
3544 1733 3815 1809 λαμπρῶν
3874 1734 3963 1787 καὶ
3995 1753 4099 1786 πε-

671 1816 760 1869 καὶ
796 1815 1131 1885 Κολώνειαν,
1191 1824 1474 1894 χειροῦται
1535 1818 1592 1875 δὶ
1642 1822 1729 1876 καὶ
1775 1823 2077 1897 Καστορίαν
2110 1823 2198 1878 καὶ
2229 1830 2333 1879 ΙΙε-
2365 1860 2411 1925 Β
2443 1834 2679 1907 ριφανῶν
2709 1832 2817 1883 τῶν
2845 1826 3143 1902 τροπαίων,
3192 1826 3281 1880 καὶ
3342 1825 3487 1881 λείαν
3538 1826 3643 1879 οὐκ
3691 1822 3885 1899 ὀλίγην
3934 1842 4098 1896 περι-

672 1901 693 1925 Ἰ
856 1906 868 1925 Ι
1058 1906 1069 1919 ⁸
1137 1915 1149 1925 ι
1214 1908 1225 1925 Ι
1392 1910 1487 1925 mhi
1637 1910 1648 1925 1
1875 1914 1885 1925 ι
1935 1920 1942 1925 .
2004 1907 2054 1925 1ο
2095 1910 2113 1925 \
2317 1905 2330 1924 ἱ
2448 1915 2474 1925 ιι
2515 1918 2530 1925 -
2568 1918 2577 1925 .
2802 1918 2855 1925 ,Α
2940 1917 2951 1925 ι
3059 1914 3085 1925 φ
3176 1916 3199 1925 λ
3304 1915 3320 1925 ι
3370 1914 3380 1925 ι
3478 1915 3491 1925 c
3561 1919 3583 1925 _
3785 1912 3795 1925 \
3902 1911 3915 1925 ι
3998 1912 4007 1925 ι

672 1901 931 1979 λαγονίαν
984 1906 1072 1960 καὶ
1126 1908 1330 1981 Δούρας
1392 1910 1679 1984 Τζέρνικόν
1712 1932 1769 1965 τε
1798 1914 1887 1965 καί
1922 1907 2179 1967 Διάϐολιν
2238 1905 2330 1967 καῖ
2365 1901 2411 1925 υ
2442 1901 2769 1991 ϐαλόμενος.
2802 1901 2992 1988 Ὁμὶν
3028 1914 3116 1969 οὖν
3174 1914 3427 1991 βασιλεὺς
3476 1915 3701 1979 ἐκεῖνον,
3750 1912 3842 1966 σὺν
3899 1911 4097 1981 ἐκείνῳ

674 1993 952 2068 Ιιρίλαπον
983 1992 1238 2051 Βοδεεινά
1266 2017 1323 2051 τε
1373 1998 1461 2052 καὶ
1514 2000 1772 2075 Βόστρον,
1832 2003 1910 2074 [Ρ.
1941 2004 2031 2075 69]
2064 1997 2329 2075 ἕλλιμνον

676 2088 861 2168 νῆσον,
896 2085 1103 2158 Πέτραν
1136 2087 1383 2161 Πρέσπαν
1414 2108 1472 2142 τε
1501 2088 1589 2142 καὶ
1642 2087 1943 2165 Στερίδολα
1989 2093 2076 2145 καὶ
2136 2093 2329 2168 ’Δχρί-

672 2167 765 2224 δαν
816 2172 905 2225 καὶ
952 2174 1019 2227 τὰ
1074 2172 1365 2250 Ἰλλυριῶν
1430 2177 1790 2253 ὀχυρώματα,
1851 2182 1939 2233 καί
1992 2175 2094 2243 ἕως
2124 2167 2330 2257 Δυρρα-

671 2261 801 2337 χίου
832 2264 1015 2340 φθάνει
1046 2264 1109 2319 τὸ
1142 2263 1273 2339 δόρυ
1316 2272 1505 2326 κινῶν.
1549 2265 1897 2344 Προσϐάλλει
1930 2269 1986 2326 δὶ
2015 2275 2106 2327 καὶ
2145 2276 2329 2350 Ηάτρᾳ

666 2352 757 2406 καὶ
790 2352 1023 2428 Τρίκκῃ,
1076 2354 1165 2409 καὶ
1194 2356 1260 2410 τὰ
1284 2355 1475 2429 κύκλῳ
1525 2358 1662 2413 κατὰ
1709 2362 1976 2430 συνθήκας
2024 2366 2325 2437 κρατήσας,

666 2440 997 2518 καὶάμαχεί
1046 2442 1113 2497 τὰ
1154 2444 1405 2518 πλεῖστα,
1461 2446 1535 2509 είς
1590 2443 1759 2525 φόϐον
1814 2448 1981 2524 μέγαν
2038 2454 2325 2524 καθίστησι

664 2532 756 2585 τὸν
794 2527 1060 2603 δεσπότην
1090 2534 1181 2589 καὶ
1232 2532 1285 2588 ἐν
1328 2540 1497 2608 στενῷ
1528 2535 1756 2611 κομιδῆ.
1790 2539 1929 2597 Τότε
1958 2540 2047 2595 καὶ
2078 2540 2327 2619 ἐγγίονος

668 2620 830 2692 ἀξιῶν
879 2621 1058 2696 τύχης
1108 2622 1267 2678 αὐτὸν
1315 2625 1343 2679 ὁ
1386 2630 1622 2699 κρατῶν,
1676 2626 1893 2703 πέμψας
1942 2630 2008 2685 τὰ
2047 2628 2323 2706 σύμϐολα,

671 2705 1139 2786 σεϐαστοκράτορα
1166 2714 1413 2777 καθίστα.

679 2838 827 2893 sime
857 2838 1140 2895 tractavit.
1174 2840 1241 2895 Et
1262 2856 1395 2897 cum
1420 2842 1613 2899 adhuc
1643 2843 1701 2899 in
1730 2845 1873 2901 urbe
1896 2846 2040 2903 nihil
2066 2848 2323 2920 haberet,

672 2931 871 2983 tamen
902 2944 1027 2998 qua
1068 2927 1127 2984 in
1162 2945 1230 2985 ea
1280 2929 1391 2985 sibi
1424 2932 1493 2987 ab
1529 2932 1654 3003 ipso
1698 2934 1993 3006 petierunt
2036 2937 2163 3008 jam
2196 2943 2322 2996 tum

671 3017 983 3087 concessit,
1033 3018 1393 3075 traditurum
1444 3037 1507 3077 se
1558 3023 1925 3094 promittens,
1959 3025 2008 3081 si
2060 3043 2323 3099 unquam

681 3105 887 3159 urbem
921 3107 1503 3180 recuperaret;idque
1520 3110 1937 3182 diplomatibus
1967 3131 2144 3172 aurea
2161 3117 2324 3174 bulla

671 3194 918 3251 munitis
949 3195 1162 3251 sanxit.
1196 3185 1601 3271 Deincepsque
1626 3200 1710 3256 sic
1742 3217 1876 3257 cum
1908 3202 1979 3259 iis
2012 3203 2171 3260 velut
2190 3222 2319 3262 cum

672 3283 798 3340 suis
833 3282 973 3356 egit,
994 3287 1051 3339 et
1072 3286 1472 3357 experimenta
1494 3294 1710 3345 mutuae
1734 3290 1961 3349 fiducia
1988 3293 2137 3350 dans
2158 3293 2324 3351 vicis-

671 3374 784 3429 sim
817 3378 875 3430 et
906 3374 1200 3449 accipiens
1244 3378 1555 3451 suspendit
1597 3380 2035 3439 conclusionem
2066 3382 2322 3455 fcederis,

671 3468 1015 3536 exspectans
1056 3464 1281 3539 aliquid
1311 3468 1504 3539 majus
1552 3484 1622 3525 ex
1668 3468 1764 3527 his
1812 3487 1944 3543 qua
1991 3472 2322 3545 legatorum

672 3569 944 3609 sermone
971 3552 1275 3611 didicerat.
1300 3556 1687 3614 Occiduarum
1726 3575 1899 3631 porro
1931 3576 2129 3617 rerum
2161 3562 2325 3619 solli-

670 3643 868 3699 citudo
901 3642 1069 3698 illum
1101 3646 1339 3717 penitus
1365 3646 1605 3717 urebat;
1635 3664 1817 3720 quare
1847 3648 1987 3705 illuc
2016 3652 2321 3723 proprium

670 3733 906 3789 fratrem
956 3732 1269 3801 Joannem,
1302 3752 1584 3809 magnum
1634 3741 1763 3795 tum
1813 3739 2007 3796 adhuc
2038 3740 2320 3799 domesti-

671 3838 827 3891 cum,
861 3838 997 3878 cum
1030 3822 1328 3897 plerisque
1358 3824 1659 3898 copiarum
1694 3827 1970 3884 destinat.

712 3932 795 3987 11.
833 3932 895 3989 Ut
924 3931 1277 4005 imperatori:
1312 3937 1494 4006 frater
1522 3936 1761 4061 Itannnes
1791 3935 1861 3992 ad
1888 3935 2183 4009 dignitates
2212 3938 2287 3994 sit

1350 4022 1541 4061 nromo
1568 4023 1650 4061 us.

1346 4022 1650 4079 promozus.

748 4092 800 4148 Is
832 4093 903 4149 ad
938 4093 1261 4152 Occiduum
1295 4096 1525 4153 delatus
1555 4096 1805 4154 limitem
1832 4098 2063 4171 magnis
2092 4098 2173 4155 ibi
2200 4100 2319 4172 spi-

672 4181 886 4238 ritibus
935 4198 1059 4239 rem
1117 4201 1327 4256 gerens
1377 4190 1661 4243 terrorem
1721 4188 1814 4243 sui
1873 4203 1977 4261 per
2024 4188 2158 4246 illos
2206 4188 2321 4246 late

671 4272 918 4345 populos
965 4273 1263 4347 ingentem
1313 4277 1554 4348 sparsit.
1589 4276 1892 4334 Fiduciam
1943 4277 2198 4334 audendi
2223 4280 2321 4349 ju-

666 4361 800 4418 veni
834 4364 1011 4420 dabat
1037 4369 1095 4421 et
1124 4364 1312 4421 fervor
1342 4366 1548 4435 etatis,
1581 4376 1639 4423 et
1668 4366 1970 4439 copiarum
2006 4370 2154 4424 107
2190 4370 2322 4441 qui-

665 4451 936 4509 bus'erat
965 4455 1305 4511 succinctus
1338 4456 1693 4527 optimarum
1719 4457 1899 4513 robur
1927 4462 1984 4513 et
2014 4474 2319 4515 numerus.

666 4541 826 4614 Cepit
858 4558 994 4615 ergo
1029 4543 1175 4599 mira
1205 4544 1499 4601 celeritate
1528 4562 1719 4602 arcem
1753 4546 1826 4601 ad
1856 4546 2094 4614 Canina,
2126 4563 2316 4602 arcem

667 4629 782 4686 alia
814 4631 884 4686 ad
916 4631 1260 4705 Bellagrada
1290 4634 1458 4701 sitas,
1490 4638 1771 4707 praeterea
1808 4634 2090 4707 Pologum
2126 4639 2182 4691 et
2213 4634 2317 4691 Co-
2351 4615 2397 4679 Β

666 4719 932 4790 loneam;
979 4722 1216 4796 subegit
1261 4724 1606 4792 Castoriam,
1654 4724 2057 4796 Pelagoniam,
2106 4724 2317 4796 Duras,

668 4812 1015 4867 Tzernicum
1048 4830 1282 4886 quoque
1332 4818 1387 4869 et
1440 4814 1709 4871 Diabolin
1760 4819 1818 4871 et
1866 4816 2318 4887 Prilapum,Bo-

666 4901 852 4957 deena
895 4902 1035 4958 item
1067 4908 1123 4958 et
1154 4904 1427 4961 Bostrum
1476 4904 1733 4962 insulam
1781 4906 1841 4961 in
1894 4906 2317 4973 lacu,Petram,

663 4993 971 5063 Prespam,
1002 4994 1316 5065 Steridola,
1365 4987 1683 5051 Achridam
1716 5000 1773 5051 et
1805 4996 2136 5068 Illyriorum
2185 5012 2317 5050 mu-

663 5081 939 5149 nitiones,
974 5081 1401 5154 Dyrrhachium
1460 5100 1646 5155 usque
1691 5090 1919 5140 armata
1968 5101 2319 5155 progressus

658 5188 860 5227 manu.
916 5178 1246 5245 Aggressus
1302 5174 1478 5229 etiam
1535 5175 1765 5231 Patrem
1816 5180 1873 5231 ct
1935 5175 2197 5241 'l‘riccen,
2264 5180 2321 5230 et

664 5261 893 5317 cunctis
932 5278 1035 5334 per
1065 5262 1377 5319 circuitum
1410 5263 1707 5319 deditione
1748 5264 1991 5335 potitus,
2025 5262 2319 5334 plerisque

665 5351 794 5406 sine
825 5352 1062 5408 admota
1116 5353 1170 5408 vi
1214 5353 1339 5411 solo
1372 5358 1589 5410 terrore
1638 5353 1963 5421 debellatis,
1996 5353 2316 5409 maximum

666 5440 921 5497 incussit
980 5448 1205 5499 metum
1264 5443 1591 5499 dominanti
1648 5443 1768 5499 illic
1826 5444 2102 5515 despotaa,
2153 5448 2210 5497 et
2259 5443 2316 5495 in

668 5536 861 5588 arctas
892 5532 1060 5588 illum
1105 5534 1410 5605 angustias
1442 5534 1755 5589 contrusit.
1790 5533 2015 5597 Quibus
2043 5532 2319 5590 Palasolo-

661 5637 774 5694 gus
807 5623 1084 5696 cognitis,
1117 5629 1233 5681 tam
1268 5629 1574 5681 strenuum
1608 5625 1845 5680 fratrem
1880 5624 2122 5695 dignum
2154 5628 2317 5680 ratus

657 5714 770 5785 qui
805 5732 913 5772 suo
943 5716 1134 5787 ipsius
1177 5716 1486 5791 principali
1537 5714 1771 5787 fastigio
1823 5715 2064 5787 propius
2114 5714 2314 5771 admo-

2442 2007 2621 2063 δὲκαὶ
2668 2004 2913 2067 πολλοὺς
2972 2003 3175 2066 ἄλλους
3239 2003 3517 2079 μεγίσταις
3575 2001 3917 2077 δωρούμενος
3975 2006 4101 2061 ταῖς

2438 2096 2631 2168 ἀξίαις.

2442 2251 2526 2324 ιγ’.
2597 2250 2784 2308 Ὀπως
2859 2248 2985 2309 τοὺς
3075 2250 3393 2332 μεγιστᾶχας
3458 2244 3756 2317 ἀξιώμασιν
3838 2244 4001 2315 ἐτίμα
4078 2244 4106 2295 ὁ

3142 2338 3378 2391 κρατων.

2508 2456 2613 2513 Τὸν
2651 2456 2745 2527 μὶν
2777 2452 2867 2507 οὗν
2902 2454 3156 2523 Ἰωάννην
3192 2450 3460 2521 δεσπότην
3496 2451 3804 2525 ἐγκαθιστᾷ,
3862 2450 3915 2503 αἱ
3960 2446 4017 2503 δέ
4050 2471 4113 2524 γε

2436 2544 2655 2620 πράξεις
2687 2544 2893 2600 ἐκείνου
2924 2542 3012 2597 καὶ
3047 2543 3215 2618 μέγαν
3249 2540 3547 2617 ἔφήμιζον,
3608 2538 3831 2615 θάτερον
3886 2536 3943 2593 δὶ
3996 2544 4110 2593 τῶν

2435 2632 2687 2711 ἀδελφῶν
2764 2636 3173 2689 Κωνσταντῖνον
3252 2625 3724 2704 σεϐαστοκράτορα
3772 2627 3907 2700 μετὰ
3966 2630 4107 2683 Καί-

2434 2742 2622 2797 σαρας⁹
2660 2725 2744 2795 [Ρ.
2803 2722 2895 2793 70]
2946 2720 3060 2792 ἅμα
3107 2721 3208 2795 γὰρ
3266 2718 3361 2773 τὸν
3422 2719 3677 2787 Ἰωάννην
3730 2712 4102 2792 σεϐἀστοκράο

2434 2854 2682 2918 veretur,
2714 2847 2883 2902 illum
2912 2845 3458 2916 :sebastocratorem
3514 2844 3713 2898 missis
3761 2842 3890 2913 ejus
3943 2858 4102 2913 prae-

2435 2941 2602 2997 celsa
2633 2936 2937 3008 dignitatis
2970 2934 3305 3006 insignibus
3338 2933 3569 2989 creavit.

2490 3048 2576 3103 12.
2616 3047 2681 3103 Ut
2710 3043 2939 3100 Michael
2966 3042 3193 3113 despota
3223 3044 3282 3097 in
3312 3050 3469 3097 arcto
3495 3041 3709 3111 positus
3740 3041 4033 3111 conjugem

2731 3126 2785 3171 et
2813 3117 2996 3186 ﬁlium
3025 3114 3096 3170 ad
3127 3116 3518 3185 imperatorem
3548 3114 3787 3167 miserit.

2502 3208 2787 3264 Caeterum
2820 3202 3069 3260 Michael
3121 3206 3255 3276 post
3283 3219 3351 3259 ea
3381 3218 3510 3274 qua:
3559 3202 3675 3274 ipsi
3707 3217 3812 3257 uso
3846 3200 4098 3255 auxilia-

2434 3296 2601 3353 ribus
2654 3294 2839 3367 copiis
2884 3310 2921 3349 a
2964 3292 3264 3348 Manfredo
3317 3291 3447 3362 ejus
3495 3305 3709 3363 genero
3770 3288 4098 3345 submissis

2432 3386 2715 3442 adversus
2754 3384 3041 3440 Caesarem
3088 3384 3517 3449 successerant,
3550 3380 3621 3435 de
3653 3378 3873 3451 quibus
3922 3384 4100 3433 antea

2434 3474 2717 3542 diximus,
2767 3472 2839 3528 ad
2900 3470 3139 3527 saniora
3197 3469 3435 3525 tandem
3495 3467 3743 3524 consilia
3790 3466 4099 3523 inclinans

2433 3565 2722 3628 animum,
2770 3561 2870 3617 ubi
2921 3559 3132 3617 deinde
3180 3558 3407 3615 audivit
3456 3558 3663 3613 urbem
3716 3557 4099 3629 imperatoris

2433 3651 2709 3726 potestati
2742 3649 3028 3707 redditam
3053 3648 3216 3705 misit
3248 3649 3318 3703 ad
3342 3648 3539 3719 ipsum
3563 3646 3877 3719 coniugem
3909 3646 4098 3701 Theo-

2431 3742 2636 3798 doram
2685 3744 2743 3797 et
2793 3739 2980 3795 {ilium
3011 3742 3323 3803 Joannem,
3357 3735 3521 3792 illam
3575 3740 3640 3792 ut
3688 3737 3759 3791 de
3808 3750 3951 3807 pace
3981 3736 4096 3791 viri

2428 3847 2566 3887 cum
2624 3831 2977 3901 imperatore
3034 3827 3405 3895 conveniret,
3461 3825 3620 3881 hunc
3676 3824 3901 3882 obsidis
3963 3824 4095 3881 loco

2432 3936 2779 3977 mansurum
2813 3920 2873 3974 in
2906 3934 3083 3974 omne
3135 3917 3411 3989 deinceps
3440 3920 3679 3989 tempus
3726 3915 3785 3970 in
3833 3917 4097 3987 Augusti

2431 4010 2734 4079 comitatu,
2766 4012 2824 4065 et
2871 4024 3111 4064 uxorem
3163 4005 3246 4061 ibi
3291 4006 3635 4073 ducturum,
3669 4020 4096 4076 quamcunque

2431 4098 2544 4171 ipsi
2578 4098 2715 4153 dare
2760 4098 3084 4169 imperator
3129 4095 3493 4167 dignaretur.
3529 4094 3641 4151 Sed
3690 4092 3812 4149 haec
3862 4098 4097 4165 postea.

2429 4188 2591 4243 Tunc
2623 4203 2794 4259 porro
2824 4186 3086 4242 Joanncs
3120 4182 3366 4256 Augusti
3398 4182 3577 4239 frater
3606 4182 3834 4238 domita
3862 4182 4100 4237 brevis-

2431 4278 2583 4335 simo
2614 4282 2878 4349 tempore
2908 4280 3032 4333 tota
3078 4274 3181 4331 illa
3229 4274 3486 4347 regione,
3518 4272 3671 4329 bello
3722 4288 3942 4344 magno
3975 4272 4102 4329 for-

2432 4368 2663 4425 tissime
2704 4366 3159 4438 felicissimeque
3207 4382 3274 4421 ac
3324 4363 3501 4419 simul
3532 4362 3900 4419 velocissime
3953 4379 4097 4419 con-

2433 4458 2603 4525 fecto,
2637 4474 2753 4529 qua
2782 4455 3028 4513 victoria
3065 4453 3491 4526 rempublicam
3524 4452 3648 4508 illis
3698 4452 3971 4524 partibus
4004 4452 4096 4508 la-

2432 4546 2670 4603 bantem
2714 4545 2946 4618 egregie
2998 4544 3280 4611 restituit,
3314 4543 3586 4617 praesidia
3633 4540 3733 4597 ubi
3781 4557 3935 4613 Opus
3966 4548 4098 4597 erat

2429 4635 2742 4703 collocans,
2784 4636 3027 4691 idoneos
3076 4634 3288 4689 virtute
3338 4649 3585 4691 numero
3632 4631 3897 4704 quaesitis
3949 4648 4094 4687 con-

2428 4725 2735 4781 servandis
2792 4724 3065 4780 custodes
3114 4738 3439 4795 apponens.
3481 4721 3619 4777 Post
3669 4737 3796 4792 quis
3848 4722 4094 4793 tropaeis

2427 4815 2639 4872 erectis
2698 4812 3057 4881 illustribus,
3102 4811 3256 4867 108
3296 4810 3501 4884 spoliis
3548 4815 3603 4867 et
3662 4810 3857 4882 praeda
3922 4810 4092 4866 dives

2428 4905 2628 4977 opima
2656 4904 2899 4960 domum
2946 4918 3219 4958 reversus
3257 4905 3367 4958 est.
3400 4899 3607 4972 Ample
3636 4898 3830 4968 illum,
3862 4904 3933 4955 ut
3965 4906 4096 4957 erat

2430 4994 2701 5063 meritus,
2732 4992 3038 5050 honoravit
3077 4991 3418 5063 imperator,
3451 4995 3508 5045 et
3538 4989 3755 5046 multos
3803 4988 3959 5047 alios
3991 4992 4093 5062 qui

2429 5102 2561 5141 cum
2614 5100 2681 5139 eo
2731 5084 2981 5153 fuerant,
3018 5080 3293 5138 maximis
3342 5081 3503 5153 ipsos
3550 5079 3949 5152 dignitatibus
4001 5098 4093 5138 re-

2430 5191 2771 5232 munerans.

2502 5283 2585 5340 i3.
2626 5283 2688 5339 Ut
2727 5296 2980 5353 proceres
3010 5279 3371 5407 dignitati?»
3424 5279 3733 5350 imperator
3774 5277 4020 5335 honora-

3168 5368 3287 5407 vert
3318 5392 3331 5406 .

3168 5368 3311 5407 υθηι
3318 5392 3331 5406 .

2502 5444 2701 5515 Ipsum
2736 5442 2951 5515 quippe
2981 5442 3267 5498 Joannem
3296 5438 3607 5495 constituit
3636 5438 3970 5509 despotam,
3996 5442 4095 5495 cui

2428 5532 2601 5589 titulo
2626 5550 2716 5589 res
2738 5532 2867 5603 ejus
2889 5535 3065 5605 gestis
3089 5530 3287 5603 magni
3312 5543 3639 5602 cognomen
3662 5528 4089 5599 adiunxerunt.

2428 5623 2694 5680 Alterum
2753 5638 2958 5679 verum
3010 5623 3259 5679 fratrum
3307 5618 3762 5676 Constantinum
3816 5619 4091 5678 sebasto-

2426 5718 2711 5773 oratorem
2748 5718 2879 5785 post
2897 5714 3181 5770 Caesarem
3213 5711 3430 5768 creavit
3461 5728 3474 5767 :
3508 5708 3682 5766 simul
3716 5708 3870 5764 enim
3906 5710 4089 5766 Joan-
