4258 6438
203 392 300 447 545

1250 387 1338 438 DE
1376 385 1742 440 MICHAELE
1785 381 2226 438 PALEOLOGO
2262 383 2394 435 LIB.
2436 385 2509 436 Il.

3489 391 3594 445 546

201 533 326 588 τορα
354 513 441 566 καὶ
468 512 701 585 Καίσαρα
733 508 1036 565 ἀπεδείκνυ.
1071 511 1176 565 Τὸν
1228 507 1283 562 δέ
1324 529 1383 583 γε
1430 506 1679 581 πενθερὸν
1738 509 1835 559 τοῦ
1868 511 1917 576 Α
1949 502 2221 581 ταδέλφης
2279 503 2449 574 υἱοὺς,
2505 505 2650 565 νέους
2710 502 2864 567 ὄντας
2918 507 3243 582 ὑπερηγάπα
3300 512 3389 564 καὶ
3447 511 3593 574 ἐντὸς

204 600 458 656 δεσπότου
512 600 607 653 τὸν
676 598 950 671 Τορνίκιον
1025 601 1423 650 Κωνσταντῖνον
1483 593 1543 648 ἐκ
1602 591 1839 669 μεγάλου

201 689 556 762 πριμικηρίου
617 682 1086 760 σεϐαστοκράτορα
1142 685 1232 738 καὶ
1290 683 1448 738 αὐτὸν
1535 683 1841 752 καθίστησι,

200 780 339 846 πλὴν
371 778 437 831 ού
470 776 604 831 κατὰ
633 778 723 830 τὸν
755 779 973 850 πρῶτον
1027 774 1115 828 καὶ
1177 770 1408 832 ἀδελφόν
1444 791 1456 804 ·
1491 772 1693 826 ἐκεῖνον
1742 773 1839 844 γὰρ

200 868 280 921 καὶ
344 865 655 941 βασιλικοῖς
714 866 890 924 ἀετοῖς
939 864 1077 917 κατὰ
1125 863 1188 916 τὸ
1239 861 1462 943 σύνηθες
1519 859 1842 934 ἐμεγάλυνε,

200 960 382 1010 τοῦτον
419 953 476 1009 δὲ
502 953 636 1028 δίχα
664 957 771 1007 τῶν
805 947 1098 1026 συμϐόλων
1132 951 1346 1007 ἐκείνων
1375 951 1426 1005 ἐν
1484 950 1675 1024 μόνοις
1724 954 1841 1011 τοῖς

199 1050 414 1107 κυανοῖς
479 1038 949 1118 σεϐαστοκράτορα
1011 1041 1263 1118 ἔγραφεν.
1317 1037 1584 1112 Ἐξεδίδου
1643 1037 1699 1094 δὲ
1752 1039 1842 1092 καὶ

195 1136 286 1202 τήν
338 1131 503 1186 αὐτοῦ
560 1131 828 1204 Θυγατὲρα
883 1130 984 1198 τὴν
1050 1128 1184 1202 μετᾶ
1239 1129 1340 1197 τήν
1395 1127 1689 1201 προτέραν,
1721 1126 1780 1190 ἣν
1813 1125 1841 1179 ὁ

197 1221 458 1292 δεσπότης
518 1220 656 1294 εἶχε,
714 1224 794 1291 τῷ
850 1222 948 1273 τοῖ’)
1001 1215 1264 1273 δεσπότου
1322 1217 1426 1289 υἱῷ
1501 1215 1560 1271 ἐκ
1644 1212 1842 1275 δύσεως

195 1313 434 1384 Ἰωάννῃ,
467 1310 526 1364 ὃν
579 1309 668 1363 καὶ
726 1309 800 1369 ὡς
860 1306 1074 1381 ὅμηρον
1123 1307 1437 1383 πεμφθῆναι
1487 1309 1568 1376 τῷ
1631 1302 1847 1378 βασιλεῖ

198 1401 336 1475 παρά
391 1402 490 1454 τοῦ
543 1397 748 1472 πατρὸς
804 1397 832 1450 ὁ
877 1395 1046 1470 λόγος
1094 1394 1450 1470 προέγραφεν.
1485 1392 1727 1463 Ἀλὲξιον
1788 1389 1846 1446 δὲ

198 1492 285 1544 τὸν
339 1483 847 1562 Στρατηγόπουλον
907 1483 1138 1558 γέροντα
1193 1478 1534 1557 προύϐάλετο
1587 1481 1841 1554 Καίσαρα.

202 1580 304 1636 Τὸν
364 1576 422 1632 δὲ
476 1578 702 1651 γἐροντα
760 1574 1028 1646 Λάσκαριν
1093 1574 1184 1627 τὸν
1261 1576 1359 1627 τοῦ
1417 1570 1846 1645 Τζαμαντούρου

199 1667 430 1745 ἀδελφὸν
465 1665 646 1739 (αὐτὸς
676 1665 780 1740 γὰρ
815 1662 980 1718 ὑπὲδυ
1008 1664 1100 1717 τὸν
1133 1663 1401 1736 μοναχὸν)
1455 1663 1620 1737 μεγαν
1681 1660 1847 1716 δοῦκα

200 1758 480 1835 ἑφήμιζεν.
517 1755 771 1823 Ἰωάννην
827 1773 885 1807 τε
939 1753 1031 1806 τὸν
1063 1750 1264 1806 Ῥαοὺλ
1314 1752 1431 1804 υἱὸν
1481 1754 1576 1805 τοῦ
1632 1770 1845 1824 πρωτο-

1947 591 2052 646 τῶν
2089 591 2378 667 βασιλείων
2421 594 2560 668 εἶχεν
2613 594 3033 670 ἐκτρεφομένους
3067 597 3321 671 (Μιχαὴλ
3382 597 3427 653 δ’
3458 602 3592 668 ἦσαν

1951 683 2038 734 καὶ
2097 679 2438 754 Ἀνδρόνικος
2484 682 2573 736 καί
2631 703 2689 756 γε
2746 682 3002 754 Ἰωάννης
3030 686 3215 748 αὐτοῖς
3269 690 3334 741 τά
3393 689 3594 760 ὀνόμα-

1948 773 2056 842 τα),
2090 771 2162 832 ὡς
2194 771 2280 824 καὶ
2314 769 2511 843 πολλῷ
2545 771 2761 846 ὕστερον
2817 773 2906 826 καὶ
2962 775 3052 828 τὸν
3114 774 3172 828 ἐκ
3230 773 3430 840 δύσεως
3487 785 3594 833 Πα-

1952 857 2243 932 λαιολόγον
2302 857 2669 934 Ἀνδρόνικον,
2723 861 2780 914 ὃν
2844 863 2931 915 καὶ
3012 860 3299 940 ἐξάδελφον
3375 863 3594 941 ἔγραφε,

1953 943 2318 1004 συναναϐάντα
2371 953 2450 1020 τῷ
2508 946 2736 1022 δεσπότῃ
2775 949 2986 1023 σύναμα
3015 951 3104 1006 καὶ
3137 951 3331 1015 ἄλλοις
3363 954 3598 1017 πολλοῖς

1954 1035 2192 1098 δυτικοῖς
2252 1026 2483 1111 ἄρχουσι
2538 1037 2842 1100 συνοικίσας
2888 1043 2956 1112 τῇ
2987 1045 3082 1095 τοῦ
3114 1041 3311 1098 Ῥαοὺλ
3343 1044 3594 1119 Θυγατρὶ,

1952 1125 2319 1201 κεχηρωμὲνῃ
2366 1124 2501 1201 οὔσῃ
2561 1127 2651 1182 καὶ
2693 1126 2858 1201 ταύτῃ
2907 1132 3004 1182 τοῦ
3035 1128 3385 1205 Ἀνδρονίκου
3444 1134 3597 1189 Μου-

1956 1214 2221 1284 ζάλωνος,
2277 1217 2334 1269 ’ὸν
2392 1216 2481 1270 καὶ
2557 1213 2725 1291 μέγαν
2802 1213 3122 1288 δομὲστικον
3197 1219 3595 1297 ἀνεγράφομεν,

1952 1304 2412 1380 πρωτοστράτορα
2469 1303 2837 1361 ἀποδείκνυσι.
2869 1306 3008 1362 Τότε
3067 1305 3112 1360 δ’
3159 1307 3243 1362 ἐπὶ
3301 1313 3379 1380 τῷ
3435 1310 3596 1381 ἀξιώ-

1933 1413 2083 1465 Δματι
2115 1393 2290 1464 τούτῳ
2337 1394 2427 1447 τὸν
2485 1393 2952 1467 Φιλανθρωπηνὸν
2989 1394 3233 1465 Ἀλὲξιον
3293 1396 3596 1472 ἐγκαθίστα.

1953 1481 2052 1535 Τὸν
2113 1479 2170 1535 δὲ
2220 1488 2319 1550 τῆς
2369 1488 2625 1556 πενθερᾶς
2682 1483 2845 1538 αὐτοῦ
2932 1483 3265 1563 αὐτάδελφον
3324 1487 3594 1561 ’Ἄγγελον

1959 1571 2122 1645 μέγαν
2206 1576 2354 1624 ποιεῖ
2437 1573 2820 1646 πριμικήριον,
2879 1569 3324 1648 πρωτοσεϐαστὸν
3400 1574 3456 1630 δὲ
3511 1578 3600 1631 τὸν

1956 1657 2266 1733 Νοστόγγον
2325 1657 2553 1734 Μιχαὴλ
2607 1661 2697 1714 καὶ
2749 1662 3005 1732 μυστικὸν
3067 1664 3159 1716 τὸν
3219 1661 3602 1739 Παλαιολὸγον

1955 1747 2210 1820 Μιχαὴλ,
2263 1747 2352 1808 οὓς
2407 1748 2496 1802 καὶ
2557 1749 2911 1821 αὐτανεψίους
2967 1749 3226 1824 ἐλέγομεν
3284 1753 3411 1806 εἶναι
3471 1755 3606 1809 κατᾶ

201 1843 507 1919 ϐεστιαρίου
562 1841 785 1912 Ῥαοὺλ,
843 1841 933 1896 καὶ
987 1842 1077 1895 τὸν
1137 1845 1232 1895 τοῦ
1290 1840 1637 1942 πηρωθέντος
1696 1839 1843 1908 Φιλῆ
1879 1879 1924 1942 Β
1955 1836 2108 1911 γένος
2158 1841 2236 1908 τῷ
2290 1837 2507 1912 βασιλεῖ
2537 1842 2617 1906 [Ρ.
2667 1841 2778 1911 71]·
2812 1837 3050 1901 ’Ἄλλους
3095 1861 3151 1895 τε
3190 1839 3439 1904 πολλοὺς
3495 1849 3601 1897 τῶν

202 1935 312 1990 υἱὸν
349 1933 620 2004 Ἀλέξων,
650 1933 741 1986 τὸν
794 1931 888 2002 μὶν
933 1931 1003 2001 τῇ
1048 1933 1144 1984 τοῦ
1173 1923 1674 2002 πρωτοϐεστιαρίου
1701 1933 1847 1984 Μου-

204 2023 469 2095 ζάλωνος,
502 2024 609 2096 πρὸ
645 2025 841 2095 μικροῦ
901 2019 1220 2094 χηρωθείσῃ
1270 2017 1478 2092 τρόπον
1528 2018 1585 2079 ’ὀς
1617 2016 1850 2092 εἴρηται,

204 2111 480 2187 Θεοδώρᾳ,
513 2109 779 2187 ἀδελφιδῇ
812 2108 975 2163 αὐτοῦ
1005 2129 1067 2181 γε
1094 2105 1250 2180 οὔσῃ,
1284 2105 1559 2181 Εὐλογίας
1607 2105 1664 2161 ἐκ
1710 2112 1851 2164 Καν-

212 2205 552 2271 τακουζηνοῦ
609 2197 838 2277 Θυγατρὶ
881 2198 998 2266 ’τῆς
1050 2198 1222 2251 αύτοῦ
1279 2193 1605 2266 αὐταδὲλης,
1637 2196 1713 2258 εἷς
1758 2200 1853 2270 γα-

209 2314 306 2364 μον
370 2287 707 2362 συναρμόσας
758 2281 1258 2361 πρωτοϐεστιάριον
1317 2285 1732 2355 ἀποκαθίστησι,
1763 2286 1852 2339 τὸν

207 2380 262 2436 δὶ
294 2381 370 2440 εἰς
403 2381 458 2435 ’ἐν
491 2377 657 2453 λέχος
687 2381 756 2451 τῇ
812 2373 1121 2451 αύταδέλφῃ
1170 2374 1370 2443 ταύτης
1416 2375 1594 2448 Μαρίᾳ
1625 2395 1854 2450 συναγα-

206 2472 313 2545 γὼν
351 2469 521 2544 μὲγαν
551 2466 877 2539 δομὲστικον
913 2462 1282 2520 ἀποδείκνυσι.
1323 2465 1429 2532 Τὴν
1490 2462 1546 2518 δὶ
1596 2463 1654 2518 ἐκ
1704 2465 1858 2527 θατέ-

205 2581 298 2634 ρας
327 2563 437 2614 τῶν
467 2554 819 2630 αύταδὲλφων
855 2553 1021 2609 αὐτοῦ
1070 2555 1294 2628 Μάρθας
1343 2559 1685 2627 γεννηθεῖσαν
1731 2561 1858 2608 Θεο-

206 2647 498 2722 δώραν,ἣν
553 2647 641 2701 καὶ
704 2646 732 2699 ὁ
789 2637 1172 2718 Καϐαλλάριος
1221 2643 1510 2705 Βασίλειος
1570 2643 1706 2718 εἶχε,
1741 2640 1858 2697 δια-

207 2737 394 2806 ζεύξας
427 2736 635 2790 ἱκεῖνον
666 2731 831 2800 αὐτῆς
879 2736 977 2799 τῆς
1027 2728 1373 2807 αὐταδέλφης
1429 2727 1713 2800 δεηθείσης
1772 2728 1862 2784 διὰ

204 2829 270 2881 τα
329 2820 611 2897 συμϐάντα
669 2823 721 2877 οἱ
776 2819 925 2894 παρᾶ
978 2821 1074 2887 τήν
1127 2822 1316 2875 ἑαυτοῦ
1349 2819 1544 2887 αἰτίαν,
1576 2824 1653 2891 τῷ
1711 2818 1861 2876 Βαλα

204 2913 463 2988 νειδιώτῃ
530 2909 838 2977 ἐκδίδωσιν,
891 2910 948 2963 ’ὀν
1009 2909 1096 2964 καὶ
1161 2911 1320 2983 μεγαν
1381 2907 1859 2985 στρατοπεδάρχην

205 3009 360 3077 τιμᾷ.
395 3002 536 3064 Τοὺς
587 2999 643 3056 δὲ
698 3000 902 3069 ταύτης
937 2995 1331 3076 αύταδὲλφους,
1360 2998 1580 3071 Μάρθας
1608 3005 1706 3068 τῆς
1767 2997 1859 3053 αύ-

1957 1925 2240 2000 ἆρχόντων
2292 1932 2409 1987 τοῖς
2499 1927 2768 2003 ὀφφικίοις
2853 1924 3326 2000 προσανεϐίϐαζεν,
3387 1932 3459 1992 ὡς
3517 1934 3605 1987 καὶ

1958 2016 2051 2068 τὸν
2085 2015 2382 2090 λογοθέτην
2430 2019 2536 2070 τῶν
2583 2015 2790 2089 ἀγελῶν
2821 2016 3317 2092 Ἀγιοθεοδωρίτην
3382 2020 3610 2094 λογοοέ-

1959 2125 2058 2173 την
2087 2108 2196 2158 τῶν
2225 2103 2505 2158 οἷκειακῶν
2541 2099 2945 2174 ἐπαναϐιϐάζων
3001 2105 3206 2177 ἐκάλει,
3235 2108 3323 2162 καὶ
3376 2109 3604 2184 Μιχαὴλ

1963 2194 2052 2247 τὸν
2083 2195 2256 2250 Κακὸν
2313 2201 2770 2268 πρωτασηκρῆτις
2820 2192 3093 2265 ἀναδείξας
3147 2197 3348 2272 εύγενεῖ
3405 2203 3609 2275 συνήρ-

1969 2303 2130 2353 μοττε
2173 2281 2310 2358 κόρῃ
2362 2281 2421 2336 ἐκ
2471 2287 2566 2337 τοῦ
2612 2287 2720 2336 τῶν
2754 2280 3237 2357 Φιλανθρωπηνῶν
3279 2288 3492 2361 γὲνους,
3519 2290 3608 2342 καὶ

1968 2370 2156 2433 ἁπλῶς
2179 2372 2356 2435 πολὺς
2384 2372 2450 2439 ἦν
2481 2371 2606 2434 τοὺς
2640 2369 2910 2446 ἄρχοντας
2941 2369 3306 2446 δεξιούμενος.

1969 2530 2029 2586 δ’.
2063 2535 2244 2594 Ὅπως
2281 2531 2368 2608 διὰ
2398 2530 2638 2608 σπουδῆς
2672 2535 2815 2607 εἶχεν
2846 2534 2882 2608 ὁΔ
2910 2531 3265 2608 βασιλεὺςᾼτὸ
3307 2537 3405 2606 τήν
3449 2536 3611 2593 πόλιν

2286 2604 2450 2677 ἱλεῖν,
2483 2604 2570 2658 καὶ
2599 2600 2758 2666 ὅπως
2781 2600 3091 2678 Σηλυϐρίαν
3126 2606 3289 2667 εἶλεν.

2040 2730 2139 2784 Ἦν
2168 2725 2260 2782 οὖν
2293 2727 2437 2799 αύτῷ
2464 2725 2553 2782 διὰ
2584 2725 2826 2798 σπουδῆς
2861 2729 3116 2804 μεγίστης
3159 2730 3247 2784 καὶ
3301 2733 3401 2800 τὴν
3451 2733 3612 2789 πόλιν

1971 2815 2134 2888 ἕλεῖν,
2193 2819 2278 2871 καὶ
2337 2818 2747 2892 προσηνάγκαζε
2802 2818 3039 2892 τρόπους
3107 2818 3434 2897 ἐφευρίσκων
3516 2823 3616 2896 μά-

1971 2928 2081 2982 χης
2134 2913 2270 2984 πρὸς
2300 2905 2684 2975 Ἰταλοὺς,καῖ
2738 2906 2803 2961 τὰ
2849 2905 3039 2978 κύκλῳ
3090 2909 3290 2981 ταύτης
3341 2933 3616 2988 προκατα-

1974 2993 2157 3053 λαϐεῖν
2215 2995 2496 3072 ἠπείγετο.
2531 2997 2678 3054 Ἐπεὶ
2739 2995 2794 3051 δὲ
2852 2996 2941 3051 καὶ
3002 2996 3079 3052 ἔτι
3140 3003 3263 3074 παρ’
3323 2999 3529 3058 Ιταλῶν
3584 3005 3617 3072 ἡ

217 3238 351 3278 nem
401 3219 927 3276 sebastocratorem
986 3222 1043 3273 et
1089 3221 1372 3273 Caesarem
1441 3215 1852 3271 declaraverat.
1886 3215 1928 3283 ρ
1976 3214 2148 3281 ﬁlios,
2183 3215 2372 3270 adhuc
2403 3215 3162 3284 adolescentulos,carosin
3188 3219 3394 3288 primis
3414 3219 3626 3276 habuit

208 3314 487 3366 Socerum
513 3312 710 3363 autem
734 3307 1092 3378 despoantae,
1123 3305 1459 3362 Tornicium
1483 3303 1856 3359 Consttinum

209 3417 277 3456 ex
327 3414 541 3468 magno
591 3395 927 3467 primicerio
979 3397 1505 3452 sebaslocratorem
1547 3392 1701 3459 fecit,
1754 3393 1851 3448 sed

209 3506 345 3544 cum
379 3487 580 3558 aliqua
610 3503 643 3542 a
670 3490 897 3541 Caesare
929 3484 1294 3540 differentia:
1330 3499 1468 3538 nam
1490 3484 1725 3538 fratrem
1748 3482 1858 3536 isto

209 3577 476 3634 afficiens
508 3575 728 3630 honore
750 3572 1148 3646 imperatoriis
1173 3589 1405 3644 quoque
1420 3573 1491 3626 de
1509 3588 1668 3626 more
1691 3570 1859 3643 aqui-

207 3667 281 3722 lis
305 3664 712 3736 insigniverat,
747 3664 906 3719 hunc
956 3679 1090 3718 vero
1150 3664 1275 3718 sine
1307 3661 1424 3716 illis
1482 3659 1767 3732 symbolis
1799 3660 1858 3714 in

209 3756 351 3812 solis
386 3752 654 3810 cmuleis
686 3744 1210 3808 sebaslocratorem
1255 3750 1515 3821 scripsit.
1549 3748 1864 3805 Collocavit

211 3850 410 3901 autem
469 3841 716 3898 Tornicii
765 3841 950 3896 ﬁliam
1007 3839 1549 3910 secundogenitam,
1601 3855 1858 3895 sororem

212 3933 415 3991 uxoris
447 3933 704 4004 despota
763 3931 856 3987 sui
915 3931 1137 3999 fratris,
1167 3928 1381 3985 Joanni
1439 3928 1558 3985 ﬁlio
1606 3931 1859 4000 despotsa

212 4022 576 4084 Occidentis,
609 4036 787 4092 quem
817 4018 1082 4075 obsidem
1113 4018 1454 4089 imperatori
1481 4034 1515 4073 a
1536 4023 1700 4090 parte
1722 4016 1862 4072 mis-

212 4129 348 4169 sum
392 4110 568 4183 paulo
601 4114 737 4165 ante
787 4109 1065 4164 diximus.
1117 4108 1327 4163 Senem
1379 4123 1549 4178 porro
1597 4106 1862 4162 Alexium

213 4199 697 4272 Strategopulnm
731 4198 943 4254 creavit
975 4200 1257 4253 Caesarem
1289 4221 1303 4264 ;
1335 4201 1391 4252 et
1421 4213 1621 4252 senem
1655 4197 1864 4252 Basca-

216 4293 330 4348 rim
359 4287 742 4345 Tzamanturi
771 4287 1009 4342 fratrem
1032 4287 1149 4355 (hic
1172 4286 1329 4341 enim
1354 4285 1626 4342 monachi
1648 4291 1866 4341 vestem

209 4359 514 4449 induerat)
546 4393 826 4450 magnum
847 4378 1055 4433 ducem
1087 4375 1716 4447 appellavit.Joannem
1735 4391 1866 4430 vero

213 4467 490 4536 Raulem,
526 4466 956 4538 protovestiarii
991 4464 1195 4521 Baulis
1228 4463 1462 4534 Filium,
1488 4465 1868 4536 protovestia-

210 4560 370 4616 rium
403 4558 642 4626 creavit,
671 4556 1050 4626 conjunctaei
1083 4555 1458 4611 matrimonio
1477 4555 1654 4610 vidua
1677 4560 1869 4627 proto-
1898 4587 1945 4652 D

207 4646 480 4706 vestiarii
513 4645 838 4702 Muzalonis
869 4660 1058 4717 nuper
1078 4644 1257 4701 occisi
1291 4661 1406 4715 quo
1424 4644 1597 4700 modo
1619 4644 1872 4700 narravi-

211 4757 372 4795 mus.
410 4736 543 4792 Hec
577 4740 772 4792 autem
817 4735 1016 4801 vidua,
1051 4735 1290 4790 nomine
1319 4733 1644 4798 Theodora,
1679 4734 1870 4804 neptis

211 4834 341 4885 erat
371 4825 750 4898 imperatoris
783 4823 1107 4896 Palaaologi,
1141 4824 1269 4896 ejus
1289 4823 1506 4880 sororis
1531 4823 1785 4895 Eulogiaa
1804 4841 1871 4880 ex

211 4915 628 4972 Cantacuzeno
672 4914 814 4971 ﬁlio.
847 4914 1027 4986 Cujus
1077 4912 1333 4985 Eulogius
1377 4912 1560 4967 ﬁliam
1601 4914 1868 4980 alteram,

212 5020 567 5078 germanam
612 5004 954 5075 Theodore,
1005 5001 1269 5070 Mariam,
1305 5001 1530 5074 nuptiis
1575 5002 1872 5074 copulavit

214 5097 373 5152 100
409 5094 626 5166 Alexio,
661 5093 836 5150 Philae
855 5093 953 5165 qui
978 5097 1300 5148 excecatus
1322 5092 1512 5147 fuerat
1531 5092 1672 5161 ﬁlio,
1695 5109 1867 5165 quem

212 5189 271 5241 et
303 5199 590 5256 magnum
612 5181 1000 5240 domesticum
1027 5180 1363 5237 declaravit.
1386 5179 1573 5237 Aliam
1596 5188 1873 5254 praeterea

211 5275 588 5331 Theodoram
619 5289 687 5329 ex
713 5273 897 5330 altera
930 5287 1127 5328 sorore
1157 5286 1267 5326 sua
1310 5269 1538 5326 Martha
1586 5272 1868 5343 genitam,

213 5380 396 5436 quam
414 5361 670 5418 Basilius
685 5360 1051 5418 Gaballarius
1064 5361 1326 5430 duxerat,
1355 5359 1426 5414 ab
1449 5374 1516 5416 eo
1530 5361 1867 5431 adjunctam

212 5457 430 5525 rogatu
459 5467 750 5522 germana:
803 5455 1041 5523 propter
1068 5467 1136 5506 ea
1167 5465 1298 5521 quae
1330 5448 1442 5519 ipsi
1473 5449 1708 5505 Martha
1742 5455 1870 5523 ejus

212 5559 402 5598 causa
417 5541 806 5614 contigerant,
829 5556 1067 5596 uxorem
1093 5538 1256 5594 dedit
1276 5536 1674 5610 Balanidiotae,
1697 5558 1870 5611 quem

215 5629 428 5702 magni
477 5629 969 5702 stratOpedarchze
1032 5629 1254 5684 honore
1301 5627 1615 5683 decoravit.
1685 5630 1872 5701 Hujus

212 5720 542 5778 Theodore
592 5720 801 5777 fratres
869 5733 1124 5791 quoque,
1182 5717 1421 5773 Marthae
1471 5719 1689 5775 sororis
1751 5737 1870 5777 suae

1977 3309 2034 3359 et
2067 3305 2222 3374 apud
2267 3321 2330 3360 se
2362 3305 2518 3376 regie
2548 3306 2769 3360 curavit
2819 3307 3072 3362 educari.
3124 3307 3374 3363 Nomina
3412 3308 3621 3364 horum

1975 3399 2141 3449 erant
2196 3393 2440 3449 Michael
2491 3395 2861 3451 Andronicus
2893 3401 2949 3451 et
3004 3396 3279 3452 Joannes.
3345 3397 3625 3454 Similiter

1978 3483 2362 3554 (quamquam
2377 3482 2485 3538 hoc
2500 3482 2682 3538 multo
2699 3485 3016 3555 posterius)
3029 3485 3426 3542 Andronicum
3442 3486 3622 3542 alium

1979 3571 2369 3644 Palaeologum
2399 3588 2467 3627 ex
2498 3573 2834 3641 Occidente,
2855 3591 3029 3646 quem
3062 3580 3119 3631 et
3136 3576 3460 3646 patruelem
3486 3576 3623 3631 scri-

1982 3661 2118 3732 psit,
2153 3662 2400 3732 quicum
2417 3662 2730 3734 despotaet
2761 3663 3110 3720 aliismultis
3146 3669 3364 3720 tractus
3380 3665 3621 3720 Occidui

1984 3751 2350 3823 principibus
2383 3752 2453 3807 ad
2513 3768 2575 3807 se
2607 3754 2967 3821 ascenderat,
3028 3753 3308 3810 collocata
3340 3754 3390 3810 ei
3448 3755 3623 3810 vidua

1984 3839 2295 3896 Andronici
2325 3840 2675 3908 Muzalonis,
2706 3857 2882 3912 quem
2914 3858 3197 3915 magnum
3231 3843 3622 3900 domesticum

1984 3929 2166 3986 fuisse
2216 3930 2342 4000 jam
2423 3930 2794 4001 scripsimus,
2853 3936 3332 4003 protostratorem
3392 3933 3626 4004 creavit,

1983 4019 2184 4075 eodem
2216 4023 2476 4089 tempore
2508 4019 2792 4091 collegam
2811 4021 2860 4076 ei
2885 4020 3065 4077 simili
3089 4022 3401 4093 dignitatis
3431 4021 3630 4094 appel-

1985 4109 2198 4164 latione
2227 4109 2493 4165 tribuens
2523 4109 2786 4164 Alexium
2810 4110 3391 4182 Philanthropenum.
3415 4118 3628 4167 Socrus

1986 4202 2180 4254 autem
2197 4198 2383 4268 ipsius
2399 4199 2637 4255 fratrem
2653 4199 2964 4270 Angelum,
2982 4216 3261 4272 magnum
3277 4199 3413 4255 facit
3427 4200 3629 4272 primi-

1989 4288 2233 4356 cerium,
2266 4289 2739 4358 protosebastum
2754 4304 2885 4343 vero
2901 4288 3267 4360 Nostongum
3287 4289 3629 4345 Michaelem

1989 4381 2047 4431 et
2063 4377 2376 4448 mysticum
2399 4375 3138 4449 PalmologumMichaelem
3151 4422 3165 4444 ,
3179 4394 3329 4449 quos
3343 4395 3409 4434 ex
3425 4394 3634 4449 genere

1988 4466 2372 4521 consobrinos
2403 4465 2741 4537 imperatori
2776 4465 2959 4522 fuisse
2991 4466 3272 4522 diximus.
3308 4467 3434 4522 Pari
3459 4468 3630 4522 modo

1989 4555 2207 4611 multos
2239 4554 2385 4611 alios
2403 4571 2470 4611 ex
2502 4555 2867 4627 principibus
2891 4556 2962 4611 ad
2989 4556 3182 4612 ofﬁcia
3217 4555 3524 4628 promovit.
3554 4557 3636 4611 uti

1988 4644 2339 4717 logotbetam
2365 4644 2663 4717 agelarum
2692 4645 3260 4716 ilagiotheodoriten,
3283 4662 3455 4716 quem
3476 4646 3638 4717 logo-

1989 4734 2208 4789 thetam
2267 4734 2723 4790 domesticorum
2783 4734 3128 4803 constituit;
3189 4739 3247 4790 et
3290 4734 3633 4790 Michaelem

1989 4831 2374 4902 cognomento
2407 4827 2647 4896 Malum,
2668 4828 2924 4900 primum
2958 4846 2992 4884 a
3015 4829 3254 4884 secretis
3281 4833 3455 4884 antea
3477 4844 3639 4884 crea-

1987 4924 2139 4985 tum,
2170 4919 2324 4973 ‘IIO
2356 4916 2536 4973 nobili
2559 4917 3100 4989 virginiconjunxit
3133 4935 3161 4973 e
3194 4917 3639 4989 Philanthrope-

1993 5024 2200 5065 norum
2228 5007 2428 5078 stirpe.
2465 5007 2727 5078 Denique
2761 5006 2984 5063 multus
3016 5011 3139 5063 erat
3170 5008 3228 5063 in
3264 5005 3642 5064 demerendis

1993 5115 2058 5155 ac
2089 5096 2201 5153 sibi
2233 5096 2618 5154 conciliandis
2651 5097 2924 5168 primaris
2956 5096 3117 5153 viriis
3148 5096 3534 5168 lamiliisque.

1990 5205 2077 5259 14.
2115 5205 2178 5260 Ut
2234 5202 2539 5274 imperator
2566 5202 2812 5258 studium
2843 5203 3164 5259 adhibuerit
3211 5204 3285 5259 ad
3312 5219 3618 5275 recuperan

2201 5271 2330 5331 dani
2366 5275 2596 5343 urbem;
2658 5277 2708 5331 et
2736 5279 2794 5329 ut
2821 5275 3155 5347 'Selybriam
3183 5280 3404 5347 ceperit.
3446 5271 3457 5275 “
3627 5271 3650 5283 ⁸

2062 5367 2204 5422 Item
2236 5381 2406 5437 porro
2448 5364 2823 5419 incumbebat
2868 5365 3029 5420 omni
3076 5365 3270 5421 studio
3317 5364 3374 5420 in
3424 5380 3627 5421 curam

1991 5457 2401 5528 recuperandae
2435 5455 2618 5509 urbis.
2655 5459 2858 5525 Itaque
2916 5455 3148 5510 invento
3181 5459 3462 5526 praetextu
3510 5453 3649 5511 belli

1994 5550 2195 5602 contra
2227 5545 2424 5612 Italos,
2459 5543 2586 5599 loca
2607 5544 3109 5618 Constantinopoli
3134 5547 3526 5614 undecunque
3550 5559 3652 5614 per

1997 5635 2310 5691 circuitum
2341 5633 2534 5689 vicina
2551 5649 2956 5706 praeoccupare
2977 5634 3388 5691 contendebat.
3417 5633 3479 5688 Et
3500 5648 3654 5703 quo-

2003 5725 2163 5780 niam
2213 5723 2478 5796 Selybria
2506 5726 2644 5778 tunc
2678 5723 2869 5779 adhuc
2901 5729 3025 5781 erat
3055 5724 3113 5779 in
3149 5727 3434 5796 potestate
3483 5721 3654 5778 Italo-
