4258 6438
641 357 747 417 547

1939 348 2246 413 GEORGII
2284 348 2475 409 ΡΔΟΗ
2484 356 2749 412 YMRRB

3948 363 4056 420 548

648 477 938 555 Σηλυϐρία
961 478 1271 554 κατείχετο,
1301 480 1520 553 πέμψας
1566 480 1707 555 αἱρεῖ
1760 476 2145 553 κατὰ-κράτος
2202 474 2293 530 καὶ
2321 475 2545 551 Απρὸς
2602 477 2838 542 ἐκείνους
2923 482 3161 538 κάκεῖνοι
3222 483 3354 560 πρὸς
3411 485 3660 557 τούτους,
3708 489 3797 543 καὶ
3848 488 4057 561 τρόπον

644 575 754 626 τῶν
787 568 1073 642 Ῥωμαίων
1129 572 1365 623 ποιεῖται
1415 568 1516 635 τὴν
1569 565 1733 623 πόλιν
1794 566 2020 621 ἀκονιτί.
2064 564 2181 620 Ἐτι
2236 580 2296 617 τε

646 660 1037 735 προσεχώρουν
1066 656 1346 733 ἐγγύτερον
1383 659 1434 713 οἱ
1466 657 1748 733 ἡμέτεροι,
1780 657 1867 712 καὶ
1921 654 1989 711 τὰ
2045 648 2147 724 ἔξω
2196 657 2296 721 τῆς

646 750 863 812 πόλεως
920 749 971 805 ἰν
1032 747 1222 825 χερσῖν
1281 748 1431 823 εἶχον
1506 747 1654 816 πλὴν
1708 745 2008 825 Ἀφαμείας
2062 744 2296 818 ἲσχυροῦ

644 841 907 919 φρουρίου
937 839 1309 913 κατεχομένου
1367 844 1486 901 τοῖς
1539 835 1792 898 Ἰταλοῖς.
1824 838 1993 895 Ἥσαν
2045 832 2103 891 δέ
2156 853 2296 896 τινες

636 934 1017 991 κατοικοῦντες
1075 928 1184 985 ἀπὸ
1241 926 1506 1003 Χρυσείας
1552 948 1613 983 τε
1665 928 1757 982 καὶ
1844 924 2110 993 ιπὲκεινα,
2168 922 2294 978 ἀνό-

626 1044 758 1084 τους
815 1022 912 1084 τὰς
961 1020 1192 1095 γνώμας
1244 1016 1463 1093 ἔχοντες
1524 1016 1632 1073 εἴτε
1686 1018 1821 1091 πρὸς
1850 1013 2157 1089 Ῥωμαίους
2185 1011 2293 1069 εἴτε

625 1113 765 1188 πρὸς
811 1108 1061 1171 Ἰταλοὺς
1119 1107 1360 1164 ἆθίλοίεν
1438 1106 1779 1176 ἀποκλίνειν,
1836 1110 1943 1161 τῶν
2004 1105 2100 1178 μὶν
2157 1104 2290 1160 Ῥω-

630 1202 807 1278 μαίων
854 1198 1268 1276 προσκειμόνων
1318 1198 1504 1260 αὐτοῖς
1562 1199 1681 1254 οὖσι
1730 1197 2051 1269 Ῥωμαίοις,
2079 1198 2189 1250 τῶν
2242 1190 2289 1249 δ’

623 1291 852 1351 Ἰταλῶν
896 1290 1143 1370 φυλακὴν
1201 1290 1261 1345 ἐκ
1314 1288 1522 1345 τούτων
1582 1288 1945 1344 πιστευόντων
1997 1281 2145 1361 ἔχειν
2200 1282 2292 1341 διὰ

625 1370 689 1440 τὸ
748 1384 883 1459 πρὸς
944 1380 1142 1443 αὐτοὺς
1203 1380 1431 1450 σύνηθες
1466 1400 1479 1415 ο
1525 1379 1587 1433 od
1638 1380 1738 1454 γὰρ
1796 1379 1862 1445 ἦν
1922 1378 2129 1452 ὶτόροις
2185 1397 2285 1431 πι-

628 1473 855 1531 στεύειν.
890 1474 967 1529 Τὸ
1023 1472 1080 1526 δὶ
1137 1470 1227 1525 καὶ
1280 1469 1405 1531 τοὺς
1464 1472 1850 1530 κατοικοῦντας
1900 1465 2175 1537 ὶκδιῶξαι,
2206 1467 2284 1536 μή

623 1564 714 1619 καὶ
774 1558 1041 1623 κίνδυνος
1075 1559 1134 1615 tu
1188 1558 1283 1625 τῆς
1340 1558 1566 1634 ἆρημίας
1598 1556 1911 1631 προσόσται.
1942 1557 2109 1613 Ἦσαν
2158 1559 2289 1629 γοῦν

629 1652 826 1728 μεταξὺ
883 1650 1172 1724 Ῥωμαίων
1225 1648 1315 1704 καὶ
1366 1648 1616 1716 Ἰταλῶν,
1659 1648 1745 1702 καὶ
1809 1644 1897 1700 διὰ
1950 1650 2111 1701 τοῦτο
2168 1643 2285 1700 ἰκέ-

625 1746 833 1814 κληντο
890 1741 980 1797 καὶ
1035 1738 1584 1814 Θεληματάριοι,τήν
1636 1734 1737 1809 ἔξω
1791 1744 1890 1807 τῆς
1922 1734 2139 1798 πόλεως
2180 1738 2281 1811 γῆν

2408 564 2594 640 μάχης
2645 563 2923 645 οὔδότεροι
2982 572 3236 645 θατὲρους
3297 572 3601 631 ἐσκύλευον.
3652 573 3865 634 Ἐδόκει
3924 581 4059 652 γοῦν

2401 657 2482 724 τῷ
2515 654 2731 730 βασιλεῖ
2762 655 2832 712 δι’
2861 659 3279 731 Ἑλλησπόντου
3309 666 3679 736 περαιωθιντα
3705 666 3805 735 τὴν
3867 666 4026 737 Σηλυ
4046 698 4061 709 -

2402 737 2557 818 ϐρίαν
2610 742 2733 820 ἄρτι
2792 746 3025 805 ἁλοῦσαν
3083 745 3433 825 καταλαϐεῖν,
3463 752 3552 809 καὶ
3598 753 3663 809 τὰ
3692 754 3815 827 περὶ
3844 757 3928 827 [Ρ.
3961 758 4061 828 72]

2399 839 2496 891 τοῦ
2527 840 2643 900 πῶς
2676 835 2735 893 ἃν
2767 840 2801 908 ἡ
2833 838 2996 903 πόλις
3025 841 3316 915 Ῥωμαίοις
3360 842 3517 915 ἇλῷη
3550 844 3661 901 ἐκεῖ
3714 847 4060 919 καθήμενον-

2400 927 2893 1002 πραγματεύεσθαι.
2954 929 3131 990 Ἀλλὰ
3186 933 3249 989 τὸ
3332 934 3457 1010 περὶ
3540 936 3643 1005 τήν
3722 937 4057 1007 Ἐκκλησίαν

2400 1012 2609 1089 συμϐὰν
2643 1018 2741 1074 οὐκ
2766 1018 2847 1076 εἴα
2875 1024 3066 1077 τοῦτον
3098 1020 3379 1097 διαπερᾷν.

2403 1187 2477 1234 ιε’.
2506 1182 2695 1244 Ὅπως
2730 1183 2758 1237 ὁ
2790 1183 3451 1326 πατρώρξηςάᾼρσὲνιος
3503 1190 3600 1242 τοῦ
3654 1187 4055 1262 πατριαρχείου

3072 1276 3139 1310 πε
3196 1276 3404 1313 σταται.

3072 1276 3404 1313 πεεισταται.

2465 1374 2528 1430 Ὀ
2559 1375 2662 1448 γὰρ
2721 1378 3072 1451 πατριάρχης
3100 1378 3379 1453 Ἀρσὲνιος
3438 1378 3534 1437 εἴτ’
3586 1378 4053 1457 ἰπιλογισάμενος

2394 1461 2458 1516 τὸ
2488 1461 2577 1518 ἰπὶ
2603 1468 2683 1534 τῷ
2717 1464 2932 1539 βασιλεῖ
2971 1467 3241 1542 πραχθδν,
3272 1467 3347 1531 ὡς
3410 1468 3741 1541 ιεηπάτηται
3801 1472 3898 1541 μὶν
3956 1472 4056 1525 uii-

2392 1554 2509 1618 τὸς,
2542 1554 2571 1607 ὁ
2603 1550 2661 1607 δὲ
2685 1556 2785 1622 τῆς
2837 1552 3113 1629 βασιλείας
3163 1552 3337 1631 ὅρπηε
3398 1558 3693 1633 ἆγόραστος
3757 1561 3902 1632 μένει
3952 1582 4055 1616 πε-

2394 1642 2835 1718 ριφρονούμενος,
2890 1648 3000 1699 τῶν
3051 1645 3392 1720 πραγμᾶτων
3452 1646 3597 1703 ὅλων
3647 1650 3750 1705 ὑπὸ
3805 1654 3888 1721 τῷ
3944 1656 4057 1705 Πα-

2394 1731 2675 1808 λαιοΑόγῳ
2708 1731 3123 1806 διοικουμένων,
3157 1733 3265 1792 εἴτε
3292 1736 3383 1791 καὶ
3437 1736 3614 1794 ἄλλου
3670 1739 3923 1808 νύξαντος
3978 1741 4054 1799 ὡς

623 1831 1041 1904 καρπιζόμενοι,
1095 1828 1383 1899 διαζῶντες
1454 1829 1655 1893 ἐκεῖθεν
1712 1828 1802 1882 καὶ
1858 1827 1985 1900 παρ’
2042 1823 2754 1911 ἂμφοτέ-Βὶπινυστάξειε
2810 1824 3041 1901 μέγιστα
3121 1826 3323 1901 πράξας
3397 1827 3487 1882 καὶ
3559 1827 3792 1899 ἄληστα,
3852 1827 3961 1885 εἴτε
3999 1851 4059 1884 τι

628 1945 738 1998 ρων
797 1922 874 1985 εἷς
924 1924 1098 1977 ἄνεσιν
1161 1922 1433 1998 μίνοντες,
1482 1919 1803 1997 χρῃζόντων
1860 1918 2125 1991 ἑκατέρων
2176 1923 2279 1985 τῆς

623 2013 841 2070 ἔκείνων
873 2013 1111 2089 ἀγάπης,
1145 2014 1219 2074 ὡς
1253 2009 1311 2067 ἄν
1345 2032 1407 2087 γε
1437 2013 1513 2085 μὴ
1568 2009 1917 2085 βλάπτοιντο.
1953 2008 2125 2078 Δῆλοι
2173 2011 2277 2083 γὰρ

624 2108 762 2176 ἦσαν
796 2102 887 2159 διὰ
920 2104 1108 2178 μίσους
1135 2102 1263 2165 τοὺς
1318 2103 1417 2158 οὐκ
1472 2102 1712 2164 οἶκείους
1764 2097 1972 2172 ἕξοντες
2007 2116 2020 2131 ο
2053 2099 2121 2167 ἦν
2176 2100 2280 2174 γὰρ

622 2196 714 2250 καὶ
768 2192 896 2254 τοὺς
930 2191 1177 2253 Ἰταλοὺς
1235 2191 1293 2246 lx
1347 2194 1445 2246 τοῦ
1483 2190 1787 2265 ἀναχωρεῖν
1817 2190 2017 2246 ικεῖθεν
2047 2188 2280 2249 ἐκείνους

628 2283 959 2357 βλάπτεσθαι
1010 2281 1391 2357 ἐρημωθέντος
1441 2283 1538 2333 τοῦ
1593 2280 1787 2348 τόπου,
1816 2279 1905 2333 καὶ
1962 2277 2087 2339 τοὺς
2144 2280 2281 2335 Ῥωο

632 2375 845 2449 μαίους,
880 2375 923 2428 εἰ
956 2371 1261 2449 ἑγχειροῖεν
1318 2370 1404 2426 ἐπί
1456 2372 1633 2444 τι,μὴ
1688 2374 1836 2435 ὅπως
1886 2391 1948 2445 γε
2004 2374 2282 2447 συνεργεῖ-

622 2469 765 2539 σθαι,
821 2463 967 2520 ἀλλᾶ
1022 2464 1111 2518 καὶ
1163 2465 1297 2520 κατᾶ
1350 2462 1549 2539 κράτος
1604 2460 1870 2540 εἴργεσθαι
1922 2463 2048 2538 παρ’
2102 2462 2275 2517 αὐτῶν

623 2558 713 2613 διᾶ
769 2558 831 2611 τὸ
888 2557 1024 2630 πρὸς
1084 2554 1319 2619 ἰκείνους
1383 2560 1543 2627 μῖσος
1590 2555 1837 2630 καθαρῶς
1868 2556 2275 2630 προσκειμένων

623 2655 741 2713 τοῖς
770 2645 1027 2710 Ἰταλοῖς.
1063 2647 1215 2704 Μετᾶ
1245 2650 1377 2721 γοῦν
1408 2647 1508 2715 τὴν
1548 2652 1647 2713 τῆς
1706 2640 2020 2721 Σηλυϐρίας
2076 2643 2281 2699 ἅλωσιν

626 2734 779 2792 οὐδὲν
823 2736 891 2804 ἦν
954 2733 1115 2809 μέσον
1174 2732 1351 2787 αὐτῶν
1389 2753 1447 2787 τε
1478 2732 1567 2787 καὶ
1597 2735 1704 2786 τῶν
1736 2732 2040 2806 ἡμετέρων,
2076 2728 2204 2785 ἀλλ’
2233 2732 2279 2786 εἷ

618 2845 725 2879 που
782 2820 1101 2897 συντύχοιεν
1164 2817 1459 2889 ἀλλήλοις,
1510 2817 1742 2895 φιλικῶς
1801 2818 1953 2892 εἶχον
2014 2818 2167 2873 αὐτοί
2219 2840 2277 2874 τε

626 3031 786 3084 rum,
818 3013 1018 3070 missis
1050 3011 1236 3085 c0piis
1268 3011 1458 3083 primo
1491 3025 1619 3066 eam
1652 3010 1896 3065 incursu
1930 3008 2160 3081 cepitet
2182 3010 2265 3065 fa-

622 3105 735 3162 cile
766 3103 979 3175 adjecit
1009 3100 1219 3157 ditioni
1248 3104 1669 3156 Romanorum.
1703 3098 1950 3170 Propius
1982 3098 2156 3153 etiam
2172 3099 2267 3153 ad-

620 3197 922 3251 moventes
957 3207 1085 3249 sese
1116 3190 1247 3248 urbi
1281 3188 1469 3247 nostri
1497 3188 1843 3246 suburbana
1880 3190 2264 3258 occuparunt,

613 3288 853 3355 excepta
874 3277 1534 3353 Apbamea,munitione
1549 3275 1741 3333 valido
1764 3276 2043 3333 Italorum
2068 3275 2268 3348 praeei-

614 3375 711 3430 dio
740 3372 1003 3429 defensa.
1036 3370 1215 3427 Erant
1231 3371 1429 3426 autem
1462 3364 1810 3423 terraillius
1833 3364 2109 3437 inquilini
2133 3365 2268 3437 qui-

610 3465 746 3520 dam
780 3480 813 3518 a
841 3461 1092 3532 Cbrysea
1120 3462 1178 3515 et
1206 3457 1354 3517 locis
1385 3455 1767 3514 ulterioribus
1810 3455 2053 3525 profecti
2096 3454 2267 3511 liberi

614 3551 883 3610 homines
902 3547 1249 3619 etsuijurie,
1268 3544 1750 3617 anticipitiquein
1773 3544 2067 3601 Romanos
2088 3549 2268 3615 atque

612 3642 791 3698 Italos
824 3641 1042 3704 favore,
1072 3641 1132 3695 et
1162 3637 1233 3693 ad
1267 3634 1583 3693 aiterutroe
1614 3635 1790 3706 prout
1818 3631 2071 3690 libuerat
2102 3631 2269 3690 incli-

612 3747 755 3788 nare
802 3728 986 3798 soliti,
1016 3725 1299 3786 Romanis
1328 3714 1391 3783 in
1420 3723 1585 3797 ipsos
1618 3726 1792 3794 upote
1831 3725 2264 3802 Romanasne-

608 3820 785 3878 turaii
818 3818 1061 3877 caritate
1086 3815 1616 3890 propendentibus,
1637 3812 1801 3871 italis
1834 3812 2031 3886 gentis
2051 3812 2164 3871 sibi
2188 3814 2263 3872 ad

605 3912 851 3968 tutelam
869 3909 1079 3966 finium
1104 3904 1377 3979 perutilis
1393 3903 1681 3962 demereri
1700 3902 2265 3961 studieeonantibus

601 3998 1035 4059 consuetudine
1064 3993 1405 4055 commercii
1436 3994 1718 4065 utrinque
1747 3992 2073 4064 quaestuosi
2104 4008 2262 4050 com-

604 4091 903 4162 modique.
930 4093 1055 4145 Non
1109 4086 1268 4143 enim
1300 4083 1449 4143 alios
1505 4082 1807 4141 habebant
1854 4081 2073 4153 quibus
2116 4082 2260 4139 iide-

604 4186 769 4250 rent;
791 4183 851 4237 et
880 4178 930 4235 si
956 4177 1067 4235 bos
1100 4173 1461 4247 expellerent
1490 4172 1696 4231 unicos
1726 4170 2055 4229 suburbani
2089 4170 2259 4228 terri-

599 4270 735 4328 torii
769 4267 1032 4335 colonos,
1057 4267 1301 4323 desertis
1333 4262 1482 4335 ipsis
1514 4261 1873 4333 incultaque
1892 4260 2161 4334 regionee
2181 4259 2262 4317 vi-

600 4360 1099 4430 ctum-negarent.
1131 4354 1279 4411 Cum
1310 4368 1449 4423 ergo
1479 4350 1640 4409 inter
1671 4350 1969 4407 Romanos
1998 4354 2057 4406 et
2082 4347 2259 4407 Italos

598 4452 944 4504 neutrarum
1002 4448 1205 4503 essent
1261 4442 1543 4515 partium,
1584 4438 2004 4498 Tbelematarii
2061 4438 2257 4510 (quasi

2388 1915 2476 1969 καὶ
2503 1913 2645 1970 ἄλλο
2673 1936 2725 1971 τι
2754 1916 2817 1971 τὸ
2848 1914 3055 1973 λυποῦν
3080 1916 3148 1985 ἦν
3183 1915 3332 1990 (οὐόὶ
3367 1917 3469 1993 γὰρ
3523 1918 3725 1979 ὶκεῖνος
3774 1918 3947 1989 δῆλον
3982 1920 4053 1987 ἦν

2388 2012 2563 2063 ποιῶν
2592 2005 2673 2082 ιφν
2704 2005 2750 2077 ᾧ
2781 2006 3062 2082 ὶεεχώρει,
3090 2006 3269 2070 αἰτίας
3321 2006 3368 2063 δ’
3400 2009 3699 2066 ἐπλάττετο
3751 2010 3827 2073 ὡς
3884 2032 4052 2067 κατα-

2390 2103 2644 2174 φρονοῖτο
2695 2096 2786 2152 καὶ
2843 2098 2918 2160 ὡς
2977 2095 3135 2153 οὐδὶν
3194 2098 3343 2173 παρᾶ
3402 2098 3616 2173 βασιλεῖ
3664 2099 3824 2155 ἆνῦοι
3866 2100 4051 2175 λόγων

2393 2190 2521 2262 ὑπὶρ
2552 2192 2658 2243 τῶν
2707 2191 2775 2261 τῇ
2801 2187 3097 2259 Ἐκκλησία
3136 2189 3536 2262 καθηκόντων),
3568 2192 3664 2263 ἅμ’
3690 2191 3857 2246 εἰπὼν
3908 2192 4053 2265 πρὸς

2388 2281 2479 2334 τὸν
2510 2280 2724 2353 κλῆρον
2754 2280 2844 2334 καὶ
2877 2280 2953 2352 ἅμ
3003 2282 3253 2355 ὁρμήσας
3284 2283 3385 2351 τήν
3429 2280 3611 2352 πύλην
3669 2289 3769 2352 τῆς
3825 2282 4047 2344 πόλεως

2388 2371 2619 2434 Νικαίας
2669 2365 3081 2443 καταλαμϐάνει
3128 2375 3288 2445 πεζῇ,
3317 2373 3405 2427 καὶ
3467 2373 3543 2435 ὡς
3602 2372 3721 2447 εἶχε
3764 2373 3857 2428 τὸν
3913 2373 4046 2447 περὶ

2391 2462 2548 2517 αὐτὸν
2609 2458 2782 2536 ὄχλον
2864 2460 3328 2535 ἅποτιναξάμενος
3405 2463 3804 2539 ἀμεταστρεπτὶ
3880 2464 4043 2531 ἵεται,

2395 2553 2615 2627 ὀλίγους
2645 2553 2792 2626 Ιχων
2829 2552 2957 2615 τοὺς
3016 2555 3444 2627 συνεπομάνους.
3481 2554 3582 2610 Καί
3619 2574 3726 2609 τινι
3775 2555 3914 2629 πρὸς
3964 2560 4048 2627 τῷ

2388 2644 2557 2719 τείχει
2610 2646 2679 2715 τῇ
2736 2648 2835 2697 τοῦ
2891 2642 3208 2719 ἀγάλματος
3266 2646 3635 2717 προσκαθίσας
3684 2645 3850 2717 μονῇ,
3889 2643 4050 2700 νυκτὶ

2388 2735 2490 2801 τήν
2546 2734 2771 2809 πορείαν
2826 2734 3088 2804 πιστεύει,
3116 2736 3207 2789 καὶ
3256 2736 3434 2810 φόρων
3483 2734 3672 2789 ἑαυτὸν
3701 2737 3770 2808 τῇ
3797 2739 3896 2791 τοῦ
3931 2738 4048 2793 Πα-

2392 2821 2620 2896 σχασίου
2678 2826 2814 2897 μονῇ
2871 2820 3082 2893 δίδωσι,
3146 2825 3289 2896 μονῇ
3334 2812 3469 2897 πρός
3527 2824 3766 2897 ἡσυχίαν
3817 2822 4051 2896 εὖθότφ.

2387 3016 2618 3069 nostros
2652 3012 3155 3068 medium.Tamen
3189 3011 3539 3069 necessariis
3586 3012 3643 3067 in
3677 3011 3778 3067 illa
3824 3012 4045 3068 vicinia

2386 3102 2730 3158 occursibus
2781 3101 2964 3158 amice
3014 3105 3328 3173 pacateque
3384 3100 3879 3173 defungebantur,
3936 3119 4044 3157 nec

2390 3191 2672 3249 Romanis
2702 3191 2862 3263 ipsos
2892 3208 2999 3247 nec
3027 3190 3175 3263 ipsis
3220 3191 3518 3248 Romanos
3545 3190 3864 3247 inciviliter
3915 3195 4043 3247 tra-

2390 3282 2689 3339 ctantibus
2718 3284 2821 3338 aut
2846 3280 2968 3338 vim
3027 3280 3209 3337 ullam
3245 3280 3597 3353 injuriamve
3632 3280 4042 3337 efferentibus.

2386 3372 2550 3428 Tunc
2572 3370 2765 3428 visum
2792 3374 3188 3443 opportunum
3210 3369 3551 3442 imperatori
3570 3374 3665 3428 est
3683 3370 4041 3426 transmisso

2384 3460 2761 3532 Hellesponto
2784 3460 2842 3517 in
2868 3477 2942 3517 nu
2952 3476 3056 3533 per
3071 3463 3303 3532 captam
3320 3458 3642 3533 Selybriam
3665 3476 3730 3515 ee
3748 3459 4043 3527 conferre,

2381 3549 2581 3623 ibique
2621 3567 2691 3608 ex
2722 3549 3055 3621 propinquo
3111 3548 3361 3608 consilia
3407 3564 3611 3621 capere
3662 3547 4048 3621 rationesque

2381 3640 2529 3696 inire
2558 3638 2723 3697 urbis
2772 3638 3089 3710 potiunda.
3124 3638 3240 3695 Sed
3271 3641 3578 3697 revocatus
3605 3638 3679 3696 ab
3708 3654 3780 3695 ea
3808 3639 4041 3710 cogita-

2380 3729 2539 3787 tione
2592 3728 3166 3801 trauemissioueque
3204 3732 3395 3786 esteo
3446 3727 3608 3801 quod
3644 3733 3857 3800 praeter
3918 3728 4047 3800 opi-

2381 3820 2618 3877 nionem
2650 3819 2708 3873 in
2741 3817 3005 3877 Ecclesia
3034 3821 3178 3876 tunc
3207 3816 3477 3891 contigit.
3516 3859 3539 3877 ρ

2416 4015 2501 4071 15.
2556 4015 2622 4071 Ut
2663 4013 2989 4085 patriarcha
3016 4014 3285 4070 Arrenius
3326 4012 3721 4085 patriai-cltum
3748 4015 4000 4070 cessa-it.

2445 4173 2788 4233 Patriarcba
2814 4174 3109 4247 siquidem
3137 4173 3446 4244 Arsenius,
3469 4172 3595 4231 sive
3614 4176 3901 4247 reputans
3922 4173 4041 4231 sibi

2374 4263 2621 4321 illusum
2654 4264 2979 4322 interversa
3005 4263 3388 4323 coronatione
3419 4263 3588 4337 pueri
3624 4262 3902 4336 Augusti,
3939 4263 4039 4319 in-

2373 4353 2662 4427 digneque
2684 4353 2877 4412 ferens
2898 4354 3128 4411 baerede
3148 4352 3378 4426 imperii
3400 4356 3738 4425 contempto
3752 4369 4047 4425 pinusque

2373 4444 2432 4501 in
2462 4444 2732 4502 ordinem
2763 4443 2999 4501 redacto
3022 4443 3092 4500 ad
3120 4446 3332 4499 nutum
3356 4442 3539 4499 unius
3560 4440 3869 4513 Palaeologi
3889 4458 4042 4498 cun-

596 4538 819 4595 diceres
861 4533 1199 4605 voluntarii)
1247 4532 1635 4599 vocabantur,
1665 4528 1845 4599 quod,
1878 4532 1947 4587 ut
2002 4527 2145 4597 dixi,
2182 4528 2253 4586 ad
2371 4537 2464 4591 cta
2493 4532 2839 4605 gubernari,
2890 4532 3013 4590 sive
3042 4531 3464 4590 indormivieee
3492 4530 3608 4589 sibi
3660 4530 3943 4588 conscius
3977 4531 4038 4587 in

596 4646 747 4701 quos
775 4627 1056 4684 volebant
1084 4624 1330 4696 impune
1362 4620 1821 4693 propenderent,
1844 4635 2089 4691 campos
2122 4616 2254 4675 urbi
2284 4606 2331 4671 Ι)
2372 4622 2641 4680 maximis
2678 4626 2736 4679 et
2764 4621 3014 4694 publica!
3044 4621 3261 4679 notitia
3292 4619 3691 4678 indelebiliter
3710 4619 4038 4693 insculptis

595 4719 826 4775 vicinos
848 4718 1110 4774 colentes
1126 4714 1384 4786 indeque
1403 4711 1689 4777 viventes,
1717 4724 1825 4766 nec
1848 4707 2067 4766 Latinis
2091 4708 2253 4780 ipsos

601 4826 708 4866 nec
741 4806 1024 4866 Romanis
1058 4803 1504 4869 intestantibus,
1549 4800 1704 4875 quod
1737 4814 1942 4857 eorum
1988 4814 2167 4872 opera
2196 4802 2255 4855 et

597 4898 1002 4957 benevolentia
1032 4895 1250 4969 pariter
1274 4892 1511 4964 utrique
1528 4888 2031 4962 indigerent.Nam
2054 4892 2250 4948 utros-

594 4992 685 5047 vis
706 4991 779 5046 ob
821 4992 1095 5060 acceptas
1117 4983 1379 5056 hjurias
1416 4980 1705 5047 odissent,
1754 4978 1986 5037 afficere
2033 4979 2252 5039 damno

594 5084 886 5153 poterant,
919 5076 1097 5136 Italos
1126 5074 1370 5147 quidem
1402 5070 1727 5131 recedendo
1760 5068 1915 5140 inde,
1936 5074 1991 5126 et
2019 5068 2252 5126 desola-

590 5172 669 5229 tie
699 5168 1060 5241 incultisque
1118 5161 1548 5239 relinquendis,
1580 5159 1737 5219 unde
1784 5157 1975 5217 victus
2022 5161 2251 5230 partem

591 5262 910 5317 maximam
942 5259 1092 5315 III
1151 5253 1474 5320 habebant,
1532 5248 1731 5317 terris,
1762 5249 2060 5307 Romanos
2114 5264 2249 5305 vero

594 5350 957 5416 ulciscendo,
989 5347 1038 5405 si
1072 5345 1469 5412 irritarentur,
1491 5344 1552 5400 et
1580 5355 1761 5398 manu
1792 5343 2023 5396 armata
2051 5353 2249 5410 perse-

592 5442 828 5514 quendo
853 5458 867 5508 ;
891 5440 1144 5510 inquam
1182 5438 1410 5505 partem
1435 5434 1604 5491 erant
1636 5443 1741 5501 per
1762 5443 1892 5486 sese
1920 5427 2251 5501 proniores,

591 5549 705 5589 usu
737 5536 795 5588 et
824 5530 1093 5586 instituto
1115 5525 1246 5583 vitis
1267 5522 1461 5595 palam
1483 5519 1896 5578 incumbentes
1915 5518 1974 5575 in
1993 5518 2252 5576 favorem

592 5624 872 5683 [telorum
907 5626 966 5679 et
994 5639 1025 5677 ιι
1058 5614 1765 5677 Romanisabborrentes.
1798 5610 1867 5669 iii
1900 5614 2247 5681 postequam

589 5722 760 5790 cepta
782 5718 871 5771 est
893 5710 1177 5785 Belybria,
1200 5706 1345 5764 nihil
1371 5706 1499 5777 jam
1522 5702 1822 5761 habebant
1843 5700 1994 5758 inter
2014 5699 2173 5773 ipsos
2190 5704 2248 5757 et

2371 4713 2507 4783 quis
2539 4713 2694 4770 alius
2750 4712 2957 4769 urebat
2987 4709 3257 4770 occultus
3291 4710 3459 4769 dolor
3506 4711 3671 4783 (nam
3700 4710 4035 4783 apparebat

2369 4818 2505 4859 eum
2540 4818 2657 4861 non
2713 4801 2881 4860 fateri
2912 4802 3052 4873 quid
3085 4804 3243 4859 esset
3271 4817 3387 4873 quo
3417 4816 3551 4858 vere
3582 4802 3943 4870 moveretur,
3976 4803 4039 4856 et

2372 4893 2587 4965 lingere
2617 4908 2769 4965 quas
2798 4890 3089 4964 allegabat
3116 4906 3351 4959 causas,
3381 4884 3542 4962 quod
3573 4888 3860 4947 nimirum
3905 4888 4041 4945 ani-

2370 4983 2766 5041 madverteret
2797 4998 2927 5040 sese
2955 4981 3258 5040 contemni
3291 4981 3366 5040 ab
3392 4979 3750 5053 imperatore
3778 4982 3859 5046 et,
3894 4994 4037 5035 cum

2370 5072 2421 5131 ei
2451 5073 2524 5130 de
2579 5072 2759 5131 rebus
2787 5070 3057 5130 Ecclesia
3086 5071 3450 5143 loqueretur,
3509 5067 3658 5126 nihil
3698 5067 4035 5140 proiicere),

2371 5159 2516 5219 talia
2543 5158 2700 5218 clero
2729 5173 2869 5218 cum
2898 5158 3166 5228 dixisset,
3196 5159 3437 5232 repente
3465 5155 3692 5230 impetu
3729 5157 3906 5228 capto
3937 5169 4040 5225 pe-

2368 5251 2471 5309 des
2504 5250 2575 5310 ad
2605 5252 2839 5322 portam
2872 5248 3039 5308 urbis
3074 5247 3279 5306 Nico.
3307 5260 3661 5321 progressas
3683 5246 3801 5314 est,
3827 5241 4038 5315 ibique

2369 5342 2822 5413 persequentem
2846 5338 3035 5399 eﬂuse
3062 5336 3299 5397 turbam
3332 5351 3373 5394 a
3397 5350 3465 5394 se
3491 5332 3788 5408 repellens
3815 5332 4039 5391 irrevo-

2367 5428 2636 5487 cabiiiter
2662 5445 2729 5488 se
2756 5428 2819 5486 in
2846 5427 3003 5485 viam
3029 5425 3363 5485 deditllﬁ
3384 5423 3592 5497 paucis
3609 5421 4039 5481 comitantibus

2366 5523 2570 5579 etcum
2593 5519 2654 5577 in
2668 5518 2928 5591 quodam
2944 5515 3137 5575 vicino
3152 5514 3448 5574 manibus
3467 5511 3830 5572 monasterio
3852 5510 4033 5584 Agel-

2367 5610 2545 5669 matis
2575 5613 2777 5669 vocato
2807 5607 3052 5680 paulum
3082 5604 3471 5677 consedisset,
3492 5607 3782 5661 nocturno
3813 5600 4039 5659 itinere

2366 5716 2428 5759 se
2458 5698 2711 5759 contulit
2740 5699 2811 5757 ad
2846 5695 3271 5756 monasterium
3305 5691 3606 5753 Paschasii
3635 5690 4034 5763 adtranquil-
