4258 6438
161 370 260 428 549
1199 368 1295 421 DE
1335 364 1707 419 MICHAELB
1746 363 2189 421 PALBOLOGO
2225 365 2357 420 LIB.
2400 370 2469 420 Ii.
3449 367 3555 422 550

164 496 300 550 ἔνθεν
366 494 461 566 μὶν
517 490 722 565 ἐχούσῃ
777 490 847 557 τή
902 486 1196 559 θάλασσαν,
1253 485 1396 549 ἔνθεν
1460 483 1505 539 δ’
1549 486 1796 559 ὑπεράνω
1829 488 2056 560 Αρεῦσι
2113 487 2174 539 τὸ
2226 488 2465 561 πραχθὲν
2509 492 2589 558 τῷ
2638 490 2950 562 πατριάρχῃ
3001 492 3271 544 κοινοῦντι
3344 490 3435 543 καὶ
3492 492 3555 544 τὸ

164 584 384 656 κειμένῃ
436 585 534 635 τοῦ
593 582 845 650 ποταμοῦ
903 575 1223 652 Δράκοντος,
1282 575 1370 630 καί
1428 574 1509 651 ἐφ’
1566 574 1802 647 ἡσυχίας
1914 576 2171 644 ποιητέον
2220 579 2391 647 ζητεῖ.
2441 578 2571 637 Τοῖς
2628 578 2719 651 μὶν
2772 577 2864 631 οὗν
2917 579 3207 653 προτροπή
3250 579 3315 646 ἦν
3358 577 3445 633 ἰπὶ
3494 582 3557 634 τὸ

169 671 334 727 ἐκεῖσε
364 670 622 738 καθῆστο.
676 667 774 722 Καὶ
806 667 834 720 ὁ
864 666 958 738 μὶν
994 664 1140 721 οὕτω
1188 669 1269 736 τῷ
1316 664 1470 735 τόπῳ
1526 662 1806 735 ἐνησυχά-
1920 660 2009 718 διὰ
2054 662 2313 718 πλείστου
2364 665 2567 727 τιθέναι
2642 666 2740 734 τήν
2818 667 3159 740 ἀνεχώρησιν
3228 669 3290 721 τό
3346 688 3404 721 τε
3462 672 3559 722 τοῦ

172 768 271 829 ζων
324 755 542 819 οὐδενὸς
574 761 681 812 τῶν
715 755 1065 825 καθηκόντων
1115 756 1184 822 τῆ
1240 752 1542 827 παριαρχίᾳ
1581 751 1813 821 ἥπτετο,

169 850 322 904 πάντ’
373 846 548 916 ἐάσας,
609 846 784 918 ἑαυτῷ
842 842 899 900 δὲ
953 840 1105 917 μόνῳ
1164 842 1491 918 προσλαλῶν
1550 840 1639 895 καὶ
1672 843 1810 908 Θεῷ.

170 940 233 996 Oi
267 936 325 992 δὶ
353 941 456 993 τοῦ
480 934 723 1008 κλήρου,
754 934 846 990 καὶ
896 933 1013 989 ὅσοι
1042 938 1151 989 τῶν
1182 932 1481 1007 ἀρχιερεων
1513 935 1581 1003 τῇ
1614 928 1815 998 Νικαίᾳ

171 1025 505 1099 ἐπεδήμουν,
538 1023 710 1082 δεινὸν
740 1025 805 1079 τὸ
846 1019 1057 1097 συμϐὰν
1116 1024 1354 1098 ἡγοῦντο
1400 1022 1490 1078 καὶ
1547 1028 1814 1096 προσεπὲ-

172 1116 403 1173 στελλον
435 1113 781 1182 ἱκετεύοντες,
834 1116 909 1186 μή
967 1134 1074 1168 που
1129 1112 1219 1167 καὶ
1274 1111 1525 1187 βασιλεὺς
1584 1114 1815 1175 ἀκούσας

174 1207 223 1263 ἐν
249 1204 413 1277 δεινῷ
466 1205 531 1261 τὸ
587 1204 830 1281 πραχθὲν
891 1205 1143 1273 ποιήσοι.
1197 1202 1296 1259 Καὶ
1357 1200 1541 1264 ἄλλως
1607 1201 1815 1258 δίκαιον

177 1296 331 1368 εἶναι,
388 1291 442 1350 εἴ
490 1294 575 1357 τίς
628 1314 734 1348 που
786 1292 877 1347 καὶ
925 1291 1155 1362 λυποίη,
1206 1291 1376 1347 αὐτοῦ
1407 1313 1512 1347 που
1563 1298 1659 1347 τοῦ
1715 1314 1819 1347 πα-

175 1384 497 1460 τριαρχείου
525 1384 789 1451 καθῆσθαι
822 1382 913 1436 καὶ
963 1402 1025 1453 γε
1074 1380 1323 1456 ἐλέγχειν
1371 1383 1464 1435 τὸν
1514 1384 1632 1437 κατ’
1688 1382 1821 1451 ἐπή-

181 1495 323 1550 ρειαν
379 1471 752 1547 ἐνοχλοῦντα,
809 1471 1249 1547 προωαφὲροντα
1304 1472 1391 1525 καὶ
1438 1476 1520 1543 τῷ
1579 1471 1821 1546 βασιλεῖ,

182 1564 225 1618 εἱ
255 1561 301 1617 δ’
331 1561 492 1624 αὐτὸς
542 1562 629 1617 καὶ
678 1558 836 1633 μόνος
880 1557 963 1629 εἴη
1021 1558 1297 1634 ἐνοχλῶν,
1346 1559 1502 1615 αὐτὸν
1561 1565 1827 1624 νουθετεῖν

182 1653 434 1728 ἕλίγχειν
483 1648 838 1723 παρακαλεῖν,
888 1644 1386 1721 συλλαμϐανόντων
1433 1650 1521 1703 καὶ
1576 1654 1683 1704 τῶν
1732 1650 1829 1722 ἀρ·-

184 1742 416 1818 χιερὲων
467 1738 699 1794 καθόσυν
733 1738 996 1811 ἰσχύοιεν.
1030 1738 1107 1794 Τὸ
1138 1735 1189 1809 δ,
1220 1737 1525 1811 ἀναχωρεῖν
1586 1739 1665 1811 μὴ
1694 1757 1828 1812 προ-

1918 752 2238 825 πρὰγματος
2294 752 2455 824 ἄηθες
2511 755 2598 809 καὶ
2654 758 2687 824 ἡ
2736 762 2834 824 τῆς
2882 756 3105 831 εἰρήνης
3167 758 3421 827 συνήθεια
3469 758 3560 811 καὶ

1919 843 1980 896 τὸ
2017 843 2091 911 μὴ
2125 841 2175 912 ἐξ
2220 842 2441 915 ἑτοίμου
2475 841 2620 913 δόξαι
2677 844 3203 920 ἀποπροσποιεῖσθαι
3261 846 3356 901 τὸν
3411 851 3562 921 πρῶ-

1920 951 2011 984 τον
2044 930 2133 985 καὶ
2194 936 2371 1001 ζητεῖν
2432 929 2634 1005 ἕτερον,
2694 934 2800 1007 πρὸ
2858 931 2915 987 δὲ
2970 934 3177 989 τούτων
3229 936 3479 989 ἀπάντων
3530 937 3564 1003 ἡ

1921 1018 2018 1075 τοῦ
2052 1018 2319 1094 βασιλέως
2361 1021 2707 1097 παράκλησις
2737 1022 2993 1099 Μιχαὴλ,
3027 1022 3274 1098 λιπαρῶς
3326 1021 3567 1085 δεδιότος

1930 1110 2006 1181 μὴ
2041 1109 2121 1186 ἐφ’
2151 1110 2299 1181 αὑτῷ
2326 1111 2393 1165 τὰ
2434 1117 2534 1178 τῆς
2594 1111 2995 1186 ἀναχωρήσεως
3052 1114 3266 1187 γένοιτο
3314 1110 3477 1167 αἶ’τια·
3510 1113 3572 1166 τὸ

1926 1198 2026 1273 γὰρ
2072 1196 2316 1260 συνειδὸς
2375 1200 2602 1274 ἀρρεπὲς
2647 1203 2929 1275 κριτήριον
2971 1202 3037 1269 ἧν
3097 1202 3186 1255 καὶ
3244 1202 3305 1255 τὸ
3365 1199 3571 1255 λυποῦν

1931 1287 2030 1341 ὁύκ
2058 1287 2263 1360 ἠγνόει,
2296 1286 2395 1342 κᾶν
2445 1288 2652 1351 ἐκεῖνος
2710 1290 2810 1344 οὐκ
2857 1285 3014 1364 ἔλεγε
3065 1295 3331 1367 φανερῶς,
3394 1287 3576 1358 λυπην

1936 1379 2111 1450 μόνην
2194 1380 2379 1453 κωρήν
2445 1378 2534 1432 καὶ
2609 1381 3011 1455 καταφρόνησιν
3085 1375 3575 1454 προϐαλλόμενος.

1934 1468 2140 1523 Ἐκεῖσε
2168 1472 2294 1541 γοῦν
2321 1473 2427 1523 τῶν
2461 1468 2807 1539 ὁπουδήποτε
2867 1472 3246 1545 συναχθέντων
3307 1472 3580 1544 ἱεραργῶν

1938 1556 2161 1626 ζήτησις
2194 1560 2260 1625 ἦν
2304 1558 2428 1631 περὶ
2485 1559 2692 1613 τούτων
2772 1561 2864 1613 καὶ
2945 1560 3148 1633 σκέψις.
3239 1560 3335 1614 Καὶ
3417 1559 3578 1620 τέλος

1935 1648 2212 1718 πέμπουσι
2243 1648 2367 1710 τοὺς
2399 1650 2523 1724 περῖ
2573 1651 2665 1704 τὸν
2712 1650 3039 1723 Ἡρακλείας
3095 1651 3335 1720 Νικήταν
3393 1648 3577 1726 (ἔτυγε

1935 1737 2033 1811 γὰρ
2060 1739 2183 1793 τότε
2212 1740 2300 1793 καὶ
2359 1740 2709 1814 πατριάρχης
2761 1743 2827 1812 τῇ
2889 1742 3032 1811 μονῇ
3087 1743 3183 1793 τοῦ
3243 1738 3394 1815 ἁγίου
3454 1750 3582 1793 Διο-

184 1835 367 1909 φανῶς
422 1829 518 1892 τὰς
574 1826 747 1891 αἲτίας
804 1826 1016 1901 λέγοντι
1055 1873 1068 1896 ,
1136 1828 1213 1898 μὴ
1296 1829 1524 1899 μάταιον
1590 1828 1908 1925 νομισθῆΒ
1941 1823 2148 1925 μήὶδους
2186 1829 2573 1925 προσμένων)
2632 1827 2991 1902 ἀγγελοῦντας
3054 1829 3149 1901 μὲν
3225 1830 3363 1903 πρὸς
3422 1829 3585 1883 αὐτὸν

184 1922 245 1975 τὸ
276 1918 612 1994 ἐγχείρημα.
660 1920 760 1975 Ἦν
816 1914 873 1971 δὲ
928 1915 1031 1991 ἄρα
1061 1917 1147 1971 καὶ
1208 1917 1539 1995 ἀμφοτέροις
1595 1916 1832 1985 ἀνήνυτα
1863 1912 1907 1925 “’
1943 1912 2032 1966 καὶ
2061 1914 2125 1967 τὰ
2174 1912 2279 1969 ἀπὸ
2327 1917 2425 1978 τῆς
2473 1913 2699 1969 συνόδου
2735 1914 3219 1988 μετακαλουμένης
3276 1916 3440 1971 αὐτὸν
3497 1918 3587 1971 καὶ

187 2010 254 2063 τὰ
302 2007 668 2083 πραττόμενα,
715 2012 833 2069 τοῖς
861 2007 911 2061 τ’
942 2004 1324 2062 ἐπιστέλλουσι
1356 2008 1439 2079 [Ρ.
1469 2008 1562 2078 73]
1615 2006 1705 2061 καὶ
1755 2009 1835 2076 τῷ
1950 2001 2169 2077 βαρεῖαν
2197 1999 2462 2072 δοκούσης
2496 2004 2745 2077 ἧγεῖσθαι
2802 2006 2903 2073 τήν
2955 2004 3328 2079 ἀναχώρησιν,
3363 2006 3588 2078 ἑτοίμου

187 2100 549 2174 ἡσυχάζοντι,
584 2095 806 2168 δοκήσει
854 2100 963 2152 τῶν
1000 2097 1094 2169 μὶν
1128 2100 1223 2153 τοῦ
1272 2097 1349 2168 μή
1394 2092 1541 2171 ἔχειν
1589 2096 1836 2164 ἀποσπᾷν
1947 2090 1991 2142 τ’
2016 2087 2181 2160 οὔσης
2208 2092 2343 2166 πρὸς
2371 2092 2433 2147 τὸ
2468 2097 2657 2164 μαθεῖν
2706 2090 2953 2154 εἰπόντος
3005 2093 3071 2147 τά
3116 2091 3286 2161 αἶ’τια,
3334 2092 3482 2161 πλὴν
3540 2092 3598 2149 δὶ

189 2189 389 2244 ἐκεῖθεν
423 2186 650 2258 ἐκεῖνον,
683 2183 778 2242 κᾶν
825 2188 854 2240 δ
882 2206 934 2239 τι
966 2182 1197 2258 λέγοιεν,
1230 2189 1328 2240 τοῦ
1377 2182 1434 2238 δὲ
1478 2189 1573 2239 τοῦ
1625 2188 1702 2257 μή
1753 2185 1840 2239 ἐπὶ
1950 2180 2040 2234 καὶ
2085 2178 2449 2243 όνειδιοῦντας
2510 2181 2583 2243 ὡς
2641 2183 2705 2236 οὑ
2765 2179 2994 2244 δεόντως
3030 2180 3393 2257 διαπρὲξοιτο,
3449 2182 3597 2237 ἀλλά

193 2279 387 2353 ῥητοῖς
422 2277 571 2347 ἱστᾷν
602 2278 671 2332 τὰ
716 2282 817 2346 τῆς
856 2275 1263 2349 ἀναχωρήσεως
1311 2274 1480 2345 αἶ’τια,
1511 2272 1591 2351 ἐφ’
1622 2275 1668 2345 ᾧ
1700 2272 1842 2328 πολ·
1956 2273 2341 2345 συναρπασθεὶς
2402 2269 2534 2335 ἴσως
2590 2271 2641 2342 ἐξ
2682 2270 2883 2342 ὀδύνης
2929 2273 2992 2328 τὸ
3045 2275 3119 2345 μή
3174 2273 3310 2328 κατὰ
3335 2274 3399 2328 τὸ
3457 2274 3600 2335 εἰκὸς

194 2367 354 2429 λάκις
382 2366 471 2422 καὶ
504 2365 760 2441 θεραπεία
801 2363 1035 2440 γίνοιτο.
1081 2359 1429 2437 Τριϐομένου
1482 2360 1539 2418 δὶ
1590 2367 1686 2419 τοῦ
1724 2384 1846 2417 και·
1956 2364 2257 2430 ποιήσειεν,
2288 2360 2355 2430 ἢν
2404 2356 2510 2416 ἔδει
2567 2361 2878 2417 συναΧΟεῖσι
2940 2360 3143 2432 δηλοῦν
3202 2363 3291 2416 καὶ
3351 2360 3603 2435 διορθοῦν

197 2461 295 2530 ροῦ
328 2458 515 2532 φθάνει
546 2456 633 2511 καὶ
681 2453 731 2518 ἐς
774 2453 1001 2530 βασιλέα
1047 2455 1109 2509 τὸ
1161 2452 1361 2529 δρᾶμα,
1413 2454 1502 2509 καὶ
1556 2454 1692 2529 βαρὺ
1751 2454 1851 2508 αὖ·
1960 2451 2138 2521 ἀξιοῦν
2172 2452 2518 2528 πατριάρχην
2543 2452 2666 2507 ὅντα
2710 2453 2955 2515 καὶτοὺς
3003 2458 3109 2507 τῶν
3146 2454 3399 2528 Πατὲρων
3447 2454 3609 2509 κανό-

197 2546 319 2600 τίκα
350 2544 503 2601 δοκεῖ
542 2546 816 2600 ἀκουσθέν.
874 2544 976 2601 Καὶ
1021 2545 1080 2605 ’ὸς
1122 2549 1237 2607 τοῖς
1266 2544 1399 2620 ἀμφ’
1459 2542 1617 2597 αὐτὸν
1662 2544 1851 2618 ἀρχιε-
1963 2564 2053 2604 νας
2085 2541 2172 2597 διὰ
2201 2543 2460 2599 πλείστου
2488 2544 2786 2615 τιθέμενον.
2820 2545 2933 2601 ΙΙοῦ
2964 2545 3065 2619 γὰρ
3095 2546 3157 2599 τὸ
3188 2544 3467 2619 ἐλέγχειν,
3501 2550 3607 2599 ποῦ

204 2761 325 2819 lam
357 2761 614 2833 quietem
648 2766 975 2832 opportune
1006 2759 1209 2828 situm,
1245 2758 1383 2814 hinc
1417 2759 1655 2831 quidem
1714 2759 1864 2814 mari
1974 2759 2199 2814 dierum
2235 2757 2459 2831 aliquot
2488 2760 2677 2831 spatio
2703 2760 3126 2835 desperatoque
3152 2778 3443 2835 regressu,
3478 2776 3612 2835 per-

208 2855 589 2925 praatentum,
612 2849 773 2905 illinc
804 2849 1066 2906 Dracone
1097 2848 1361 2919 ﬂumine,
1388 2848 1456 2904 ad
1484 2848 1652 2917 cujus
1675 2847 1862 2920 ripam
1976 2848 2161 2903 fertur
2185 2851 2253 2903 ad
2275 2849 2690 2920 imperatorem
2723 2850 2802 2905 rei
2835 2851 3010 2921 fama,
3036 2868 3161 2923 qua:
3194 2852 3384 2926 gravis
3406 2852 3457 2908 ei
3485 2868 3618 2924 per-

211 2945 620 2999 eonstructum
642 2943 801 3008 erat;
834 2938 1033 3009 ibique
1055 2939 1112 2993 in
1134 2937 1320 2993 altum
1352 2953 1414 2994 se
1445 2938 1631 2993 otium
1664 2939 1868 2994 eondi-
1979 2936 2339 3009 molesteque
2386 2954 2527 2993 sane
2576 2939 2809 2996 accidit.
2843 2939 3045 3013 Itaque
3093 2941 3143 2998 is
3194 2942 3621 2998 communicato

211 3028 320 3101 dit,
355 3029 585 3087 nullam
620 3028 896 3100 deinceps
927 3044 1225 3100 usurpans
1246 3044 1315 3083 ex
1336 3027 1587 3100 propriis
1617 3028 1867 3099 patriar-
1980 3027 2134 3098 quod
2169 3026 2433 3083 audierat
2458 3027 2749 3100 episcopis
2781 3028 2880 3101 qui
2915 3029 3059 3085 forte
3091 3030 3426 3102 adfuerunt,
3469 3048 3626 3102 qua:-

212 3120 331 3175 chaa
394 3118 826 3183 functionibus,
868 3118 968 3173 sed
1015 3117 1243 3173 cunctis
1302 3117 1567 3183 omissis,
1607 3117 1719 3171 sibi
1768 3117 1869 3171 uni
1981 3116 2145 3171 rebat
2164 3115 2405 3187 abipsis
2431 3116 2568 3188 quid
2595 3116 2925 3173 faciendum
2958 3117 3059 3174 tali
3092 3119 3396 3176 occasione
3428 3136 3629 3177 cense-

218 3210 453 3281 Deoque
475 3206 913 3280 colloquens.At
930 3206 1122 3263 clerus
1142 3206 1483 3277 Niceensis,
1507 3211 1562 3262 et
1584 3210 1871 3279 quotquot
1901 3248 1945 3315 Ο
1983 3209 2131 3261 rent.
2156 3205 2434 3277 Perplexa
2464 3221 2664 3262 eorum
2699 3208 2885 3263 oratio
2915 3207 3044 3279 fuit,
3080 3209 3335 3281 primum
3381 3226 3626 3283 exagge-

214 3298 479 3370 episcOpi
509 3297 569 3352 in
601 3313 669 3353 ea
698 3298 842 3351 urbe
890 3300 1018 3351 tum
1070 3296 1229 3368 regia
1281 3296 1652 3367 negotiorum
1694 3312 1871 3351 causa
1901 3294 1945 3315 ν
1986 3294 2242 3349 rantium
2273 3300 2638 3350 momentum
2669 3295 3104 3353 inusitatissimi
3136 3297 3629 3367 facti,secessisse

219 3387 695 3455 diversabantur,
724 3386 889 3453 moti,
912 3389 977 3440 ut
999 3390 1262 3457 pareret,
1287 3388 1409 3440 tam
1441 3386 1676 3441 insueto
1708 3385 1878 3455 facto,
1987 3384 2057 3438 de
2090 3383 2280 3439 medio
2312 3387 2550 3455 repente
2582 3384 2905 3457 principem
2939 3389 3239 3443 sacrorum
3275 3388 3436 3445 nulla
3496 3392 3634 3444 nota

221 3477 594 3549 scripserunt
626 3476 695 3530 ad
729 3474 895 3531 illum
931 3475 1229 3547 supplices
1272 3475 1520 3545 litteras,
1553 3479 1787 3531 orantes
1818 3480 1885 3531 ut
1991 3489 2190 3544 causa,
2215 3472 2271 3527 in
2300 3472 2473 3545 plena
2502 3490 2636 3529 cum
2669 3473 2935 3530 Ecclesiae
2959 3479 3082 3532 tum
3115 3476 3444 3550 reipublicae
3469 3495 3633 3550 pace,

222 3566 464 3633 rediret,
488 3568 547 3621 et
576 3573 958 3637 suggerentes
982 3564 1101 3620 fore
1123 3568 1189 3619 ut
1211 3564 1531 3636 imperator
1554 3582 1614 3621 re
1639 3563 1743 3620 tali
1779 3581 1886 3621 au-
1990 3566 2117 3617 tum
2137 3562 2478 3618 addentium
2510 3562 2670 3619 haud
2704 3564 2763 3620 in
2796 3570 3070 3637 promptu
3085 3583 3213 3624 esse
3230 3566 3514 3624 rationem
3536 3572 3638 3624 aut

225 3656 347 3711 dita
377 3655 773 3711 offenderetur
804 3671 816 3710 :
851 3655 1007 3726 quod
1061 3654 1110 3709 si
1157 3654 1297 3726 quid
1344 3654 1457 3726 ipsi
1505 3671 1705 3711 eorum
1758 3671 1885 3727 quas
1992 3651 2115 3707 loco
2150 3652 2417 3709 movendi
2450 3651 2708 3725 primum
2743 3654 3090 3723 antistitem,
3125 3661 3226 3713 aut
3257 3657 3438 3713 alium
3480 3675 3638 3731 quae-

228 3746 452 3802 fiebant
480 3744 1093 3817 displiceret,a3quum
1118 3744 1300 3799 fuisse
1332 3744 1499 3801 illum
1535 3746 1888 3801 insidentem
1996 3740 2163 3797 rendi
2186 3742 2287 3812 qui
2310 3741 2359 3796 ei
2385 3741 2771 3799 sufficeretur.
2796 3744 2904 3799 Sed
2935 3761 3050 3817 prae
3072 3745 3166 3802 his
3184 3747 3643 3821 omnibu'sauge-

230 3835 445 3891 throno
467 3833 981 3906 suc,patriarebali
998 3834 1346 3889 auctoritate
1367 3850 1668 3907 perperam
1694 3839 1887 3891 aetum
1997 3831 2099 3885 bat
2128 3834 2332 3885 uastum
2362 3848 2561 3887 eorum
2587 3832 2686 3903 qui
2712 3833 3171 3890 consulebantur
3192 3837 3261 3892 de
3285 3854 3344 3893 re
3367 3837 3489 3907 tali,
3515 3839 3643 3909 ejus

232 3924 685 3996 reprehendere,
720 3928 777 3979 et
808 3924 858 3979 si
888 3924 987 3979 cui
1020 3940 1123 3996 per
1152 3940 1211 3978 se
1244 3923 1461 3979 mederi
1510 3941 1624 3979 non
1672 3930 1891 3996 posset,
2000 3920 2098 3991 qui
2123 3920 2465 3976 consulebat
2484 3921 2752 3978 eminens
2774 3940 2841 3978 ex
2860 3922 3022 3979 vultu
3045 3929 3101 3980 et
3123 3925 3340 3981 frustra
3361 3926 3645 3983 dissimu-

238 4016 311 4071 ad
347 4014 768 4086 imperatorem
824 4014 1037 4069 referre
1072 4029 1084 4066 :
1121 4013 1260 4085 quin
1296 4012 1422 4086 ipso
1451 4013 1510 4067 in
1543 4014 1897 4086 imperatore
2000 4009 2120 4065 lata
2148 4010 2527 4081 perturbatio.
2557 4012 2683 4084 ipse
2715 4013 2932 4085 quippe
2964 4012 3208 4070 Michael
3237 4016 3375 4071 dum
3406 4006 3654 4089 rogabat

237 4104 286 4160 si
308 4109 470 4160 esset
495 4103 651 4175 quod
686 4106 1076 4172 succenseret,
1101 4107 1363 4160 moneret
1385 4103 1600 4174 ipsum,
1624 4104 1899 4176 objurga-
2004 4099 2143 4172 quid
2168 4116 2315 4171 opus
2339 4100 2680 4168 facto,maie
2703 4102 3001 4158 metuebat
3020 4119 3093 4159 ne
3114 4103 3344 4161 audiret
3364 4106 3520 4179 quod
3544 4124 3653 4164 sua

242 4196 333 4249 ret
362 4192 544 4248 etiam
578 4208 683 4264 pro
712 4196 1002 4265 potestate
1034 4192 1318 4248 divinitus
1368 4197 1626 4264 accepta,
1659 4193 1898 4249 hortan-
2005 4189 2200 4260 (cujus
2219 4189 2637 4245 estiniiexibile
2669 4191 2727 4246 in
2760 4192 3656 4268 gratiamjudicium)intusipsi

236 4283 438 4353 doque
488 4297 555 4337 ac
606 4282 863 4353 rogando
920 4284 1237 4347 revocaret,
1288 4282 1686 4354 cooperaturis
1731 4283 1789 4337 in
1840 4284 1900 4339 id
2008 4279 2395 4350 exprobrabat
2426 4280 3075 4349 conscientia,causam
3108 4282 3389 4340 nimirum
3422 4286 3656 4342 dedisse

241 4373 449 4446 ipsum
499 4389 607 4445 pro
636 4370 793 4426 virili
845 4370 1066 4427 caeteris
1116 4370 1424 4443 episcopis.
1460 4372 1738 4428 Secedere
1768 4389 1903 4428 vero
2008 4368 2205 4440 ipsum
2237 4369 2545 4424 secedendi
2578 4370 2941 4443 patriarchae,
2963 4373 3345 4442 quantumvis
3368 4372 3466 4431 ille
3488 4375 3543 4431 id
3571 4376 3657 4433 fa-

244 4479 366 4519 non
400 4460 674 4533 allegatis
697 4460 927 4517 idoneis
948 4464 1126 4515 tanta:
1143 4460 1421 4516 novitatis
1445 4462 1661 4529 causis,
1684 4462 1909 4518 videret
2011 4458 2118 4513 teri
2150 4464 2468 4525 recusaret,
2492 4458 2592 4514 sed
2627 4464 2856 4515 mutum
2890 4459 3149 4519 dolorem
3187 4463 3429 4520 obtentu
3461 4465 3658 4522 nescio

236 4552 421 4608 etiam
472 4554 648 4621 atque
694 4550 872 4607 etiam
902 4566 972 4605 ne
1000 4566 1207 4621 parum
1256 4566 1463 4606 sanum
1496 4550 1680 4608 videri
1713 4551 1909 4608 consi-
1944 4623 1975 4627 _
2014 4548 2204 4617 cujus,
2253 4548 2323 4603 de
2372 4563 2487 4619 quo
2542 4547 2666 4605 solo
2724 4549 3099 4621 querebatur,
3133 4552 3227 4608 sui
3286 4558 3659 4627 contemptus

240 4642 392 4697 lium
426 4643 647 4713 posset.
671 4639 804 4695 Hec
829 4643 886 4695 et
906 4640 1035 4712 ejus
1078 4640 1384 4695 sententiae
1419 4639 1534 4696 alia
1565 4641 1749 4697 missa
1782 4658 1910 4714 per-
1941 4623 1988 4689 D
2019 4636 2650 4695 occultaret.Continuo
2672 4655 2807 4712 ergo
2830 4640 3238 4715 episcOporum
3271 4623 3665 4718 undecunque

241 4730 483 4802 lataque
513 4732 674 4798 sunt,
706 4729 907 4786 labore
950 4730 1122 4799 juxta
1160 4729 1558 4787 scribentibus
1606 4736 1662 4787 et
1710 4732 1759 4787 ei
1811 4729 1909 4787 cui

242 4818 592 4877 consultum
640 4818 806 4875 ibant
854 4835 1096 4891 prorsus
1152 4818 1369 4874 inutili.
1402 4820 1538 4875 Nam
1588 4837 1692 4876 nec
1740 4820 1909 4877 illum

243 4910 669 4967 abstraxerunt
692 4925 726 4964 ι
745 4908 871 4965 suis
894 4908 1162 4980 latebris,
1184 4924 1291 4964 nec
1322 4907 1531 4965 saltem
1566 4926 1731 4983 spem
1763 4910 1909 4979 ipsis

242 4998 626 5071 relinquebat
643 4997 1323 5070 proficiendiquidquam
1356 4997 1416 5053 in
1449 5002 1749 5072 posterum
1776 5000 1913 5056 taci-

245 5091 517 5146 turnitas
565 5087 933 5159 patriarcha,
966 5086 1273 5144 obfirmate
1320 5089 1640 5159 perstantis
1688 5090 1745 5145 in
1793 5107 1908 5146 non

244 5179 556 5252 prodendo
579 5193 726 5251 quas
748 5177 823 5233 ob
845 5193 1055 5234 causas
1077 5176 1453 5246 secessisset;
1478 5194 1605 5250 quis
1628 5178 1675 5234 si
1701 5194 1910 5252 cogno-

246 5273 586 5338 seerentur,
639 5268 793 5323 118
852 5272 917 5324 ut
973 5267 1320 5339 plerumque
1378 5267 1665 5340 contingit
1718 5269 1908 5325 curari

248 5356 640 5432 aegritudines
659 5374 908 5430 quarum
942 5357 1105 5430 origo
1138 5374 1252 5413 non
1278 5355 1442 5423 latet,
1466 5356 1602 5412 iniri
1626 5357 1910 5416 nonnulla

250 5450 506 5506 fortasse
536 5447 828 5519 potuisset
848 5447 1015 5503 utilis
1036 5447 1185 5502 ratio
1204 5446 1467 5502 remedii.
1492 5446 1657 5503 Nunc
1677 5447 1738 5502 in
1761 5465 1911 5506 caeca

254 5537 629 5611 ignoratione
678 5552 1025 5593 arcanorum
1059 5536 1218 5593 senis
1245 5552 1552 5607 sensuum,
1586 5536 1911 5609 quamlibet

252 5627 447 5683 multa
478 5626 761 5697 dicerent,
789 5627 966 5683 verba
990 5626 1051 5682 in
1084 5626 1317 5682 irritum
1342 5626 1655 5697 jactarent,
1690 5627 1773 5683 uti
1807 5627 1909 5700 qui

246 5716 596 5790 iaculantur
617 5733 793 5791 scopo
816 5734 930 5775 non
952 5716 1469 5790 viso.Consumpto
1491 5716 1550 5773 in
1572 5716 1666 5773 his
1689 5718 1906 5776 frustra

2024 4726 2375 4798 conquisitio
2407 4728 2489 4782 fit.
2526 4728 2789 4784 Evocatis
2819 4729 3159 4787 deliberatio
3192 4732 3473 4790 indicitur
3503 4737 3574 4792 de
3605 4753 3666 4795 re

2022 4816 2314 4888 praesenti.
2357 4818 2708 4875 Convenitur
2742 4818 2803 4875 in
2850 4819 2908 4875 id
2939 4822 3177 4878 tandem
3201 4821 3512 4880 utNicetas
3541 4826 3665 4898 epi-

2022 4921 2234 4978 scopus
2258 4905 2542 4963 lleraclem
2566 4906 2897 4963 mitteretur
2919 4909 2989 4964 ad
3012 4910 3403 4983 patriarcham
3427 4912 3588 4986 (nam
3612 4914 3664 4975 is

2022 4996 2161 5050 tunc
2183 4992 2464 5050 diversari
2488 4995 2791 5053 dicebatur
2814 4997 2871 5053 in
2891 4999 3247 5056 monasterio
3268 5000 3321 5058 S.
3343 5000 3665 5077 Diomedis)

2020 5084 2354 5158 perlaturus
2378 5085 2447 5141 ad
2470 5085 2666 5162 ipsum
2684 5089 2857 5161 jussa
2873 5089 3078 5163 synodi
3101 5093 3425 5150 revocantis
3444 5094 3664 5169 ipsum,

2021 5181 2079 5232 et
2110 5174 2340 5248 publice
2374 5178 2605 5235 noxiam
2658 5178 3250 5254 intempestivamque
3287 5183 3556 5257 judicare
3604 5204 3669 5245 se

2019 5267 2209 5339 ipsius
2233 5268 2623 5324 secessionem
2649 5267 3211 5344 declarantis,seque
3234 5277 3493 5344 paratam
3512 5275 3672 5333 exhi-

2020 5358 2213 5416 bentis
2245 5362 2315 5417 ad
2350 5358 2672 5417 audiendas
2705 5373 2773 5413 ex
2796 5357 2923 5431 ipso
2947 5376 3156 5417 causas
3197 5363 3353 5419 114
3383 5364 3512 5437 ejus
3542 5366 3671 5425 ino-

2019 5449 2376 5521 pinatissimi
2436 5464 2539 5505 nec
2588 5449 2912 5521 probabilis
2964 5451 3135 5521 facti;
3186 5451 3423 5510 interim
3473 5461 3669 5517 autem

2018 5540 2491 5613 reprehensurus
2519 5539 2673 5613 quod
2708 5557 3013 5612 perperam
3053 5541 3269 5615 egisset
3299 5543 3397 5601 ille
3428 5546 3670 5619 quidem

2021 5628 2167 5685 forte
2215 5628 2274 5683 in
2330 5632 2729 5685 transversum
2787 5632 2953 5684 actus
3011 5629 3356 5701 egritudine
3411 5638 3668 5708 quadam

2020 5717 2239 5775 animi:
2267 5721 2537 5775 caeterum
2570 5717 2753 5790 illam,
2785 5716 3214 5791 qualiscunque
3233 5722 3467 5782 demum
3492 5733 3669 5803 esset,
