  <div class='ocr_page' id='page_1' title='image "/cluster/home/n/w/nwhite01/storage/ocr_20150623/143/nnc1.0046980733/283.png"; bbox 0 0 4188 6442; ppageno 0'>
   <div class='ocr_carea' id='block_1_1' title="bbox 644 363 745 417">
    <p class='ocr_par' dir='ltr' id='par_1_1' title="bbox 644 363 745 417">
     <span class='ocr_line' id='line_1_1' title="bbox 644 363 745 417; baseline 0 0"><span class='ocrx_word' id='word_1_1' title='bbox 644 363 745 417; x_wconf 87' lang='grc'>551</span> 
     </span>
    </p>
   </div>
   <div class='ocr_carea' id='block_1_2' title="bbox 1944 360 2748 418">
    <p class='ocr_par' dir='ltr' id='par_1_2' title="bbox 1944 360 2748 418">
     <span class='ocr_line' id='line_1_2' title="bbox 1944 360 2748 418; baseline -0.001 0"><span class='ocrx_word' id='word_1_2' title='bbox 1944 360 2246 418; x_wconf 76' lang='lat' dir='ltr'><strong>GEORGII</strong></span> <span class='ocrx_word' id='word_1_3' title='bbox 2285 360 2748 417; x_wconf 70' lang='lat' dir='ltr'><strong>PACHYMERB</strong></span> 
     </span>
    </p>
   </div>
   <div class='ocr_carea' id='block_1_3' title="bbox 3924 371 4016 425">
    <p class='ocr_par' dir='ltr' id='par_1_3' title="bbox 3924 371 4016 425">
     <span class='ocr_line' id='line_1_3' title="bbox 3924 371 4016 425; baseline -0.011 0"><span class='ocrx_word' id='word_1_4' title='bbox 3924 371 4016 425; x_wconf 85' lang='grc'><strong>552</strong></span> 
     </span>
    </p>
   </div>
   <div class='ocr_carea' id='block_1_4' title="bbox 644 479 4018 562">
    <p class='ocr_par' dir='ltr' id='par_1_4' title="bbox 644 479 4018 562">
     <span class='ocr_line' id='line_1_4' title="bbox 644 479 4018 562; baseline 0.003 -25"><span class='ocrx_word' id='word_1_5' title='bbox 644 486 705 539; x_wconf 81' lang='grc' dir='ltr'><strong>τὸ</strong></span> <span class='ocrx_word' id='word_1_6' title='bbox 736 482 1087 559; x_wconf 72' lang='grc' dir='ltr'><strong>παρακαλεῖν,</strong></span> <span class='ocrx_word' id='word_1_7' title='bbox 1114 486 1219 537; x_wconf 85' lang='grc' dir='ltr'>ποῦ</span> <span class='ocrx_word' id='word_1_8' title='bbox 1248 485 1310 537; x_wconf 89' lang='grc' dir='ltr'><strong>τὸ</strong></span> <span class='ocrx_word' id='word_1_9' title='bbox 1342 483 1616 555; x_wconf 82' lang='grc' dir='ltr'><strong>ἐπιτιμᾷν,</strong></span> <span class='ocrx_word' id='word_1_10' title='bbox 1648 482 1693 537; x_wconf 78' lang='grc' dir='ltr'><strong>εἰ</strong></span> <span class='ocrx_word' id='word_1_11' title='bbox 1723 483 1812 537; x_wconf 82' lang='grc' dir='ltr'><strong>καὶ</strong></span> <span class='ocrx_word' id='word_1_12' title='bbox 1841 483 2036 537; x_wconf 81' lang='grc' dir='ltr'><strong>τούτου</strong></span> <span class='ocrx_word' id='word_1_13' title='bbox 2076 479 2283 550; x_wconf 77' lang='grc' dir='ltr'><strong>δεήσειε</strong></span> <span class='ocrx_word' id='word_1_14' title='bbox 2313 484 2368 551; x_wconf 69' lang='grc' dir='ltr'><strong>Α</strong></span> <span class='ocrx_word' id='word_1_15' title='bbox 2397 484 2741 538; x_wconf 75' lang='grc' dir='ltr'><strong>συνετάττετο</strong></span> <span class='ocrx_word' id='word_1_16' title='bbox 2798 488 2895 539; x_wconf 80' lang='grc' dir='ltr'><strong>τοῦ</strong></span> <span class='ocrx_word' id='word_1_17' title='bbox 2952 485 3276 559; x_wconf 80' lang='grc' dir='ltr'><strong>Ἡράκλείας</strong></span> <span class='ocrx_word' id='word_1_18' title='bbox 3328 488 3779 562; x_wconf 79' lang='grc' dir='ltr'><strong>ὑπαγορεύοντος,</strong></span> <span class='ocrx_word' id='word_1_19' title='bbox 3809 491 3870 545; x_wconf 83' lang='grc' dir='ltr'><strong>τὸ</strong></span> <span class='ocrx_word' id='word_1_20' title='bbox 3909 492 4018 546; x_wconf 52' lang='grc' dir='ltr'><strong>ἀνά.</strong></span> 
     </span>
    </p>
   </div>
   <div class='ocr_carea' id='block_1_5' title="bbox 641 570 2289 645">
    <p class='ocr_par' dir='ltr' id='par_1_5' title="bbox 641 570 2289 645">
     <span class='ocr_line' id='line_1_5' title="bbox 641 570 2289 645; baseline -0.002 -18"><span class='ocrx_word' id='word_1_21' title='bbox 641 573 775 635; x_wconf 81' lang='grc' dir='ltr'><strong>τέως</strong></span> <span class='ocrx_word' id='word_1_22' title='bbox 806 572 863 628; x_wconf 73' lang='grc' dir='ltr'><strong>δὲ</strong></span> <span class='ocrx_word' id='word_1_23' title='bbox 892 573 981 627; x_wconf 87' lang='grc' dir='ltr'><strong>καὶ</strong></span> <span class='ocrx_word' id='word_1_24' title='bbox 1012 574 1087 636; x_wconf 82' lang='grc' dir='ltr'><strong>ὡς</strong></span> <span class='ocrx_word' id='word_1_25' title='bbox 1117 574 1325 636; x_wconf 83' lang='grc' dir='ltr'><strong>θέλοιεν</strong></span> <span class='ocrx_word' id='word_1_26' title='bbox 1357 570 1524 626; x_wconf 91' lang='grc' dir='ltr'><strong>πάλιν</strong></span> <span class='ocrx_word' id='word_1_27' title='bbox 1562 573 1751 645; x_wconf 91' lang='grc' dir='ltr'><strong>μαθεῖν</strong></span> <span class='ocrx_word' id='word_1_28' title='bbox 1769 572 1861 633; x_wconf 80' lang='grc' dir='ltr'><strong>τὰς</strong></span> <span class='ocrx_word' id='word_1_29' title='bbox 1890 571 2061 632; x_wconf 76' lang='grc' dir='ltr'><strong>αἰτίας</strong></span> <span class='ocrx_word' id='word_1_30' title='bbox 2094 572 2167 632; x_wconf 87' lang='grc' dir='ltr'><strong>ὡς</strong></span> <span class='ocrx_word' id='word_1_31' title='bbox 2199 571 2289 624; x_wconf 85' lang='grc' dir='ltr'><strong>καὶ</strong></span> 
     </span>
    </p>
   </div>
   <div class='ocr_carea' id='block_1_6' title="bbox 646 659 2289 737">
    <p class='ocr_par' dir='ltr' id='par_1_6' title="bbox 646 659 2289 737">
     <span class='ocr_line' id='line_1_6' title="bbox 646 659 2289 737; baseline -0.002 -20"><span class='ocrx_word' id='word_1_32' title='bbox 646 662 978 737; x_wconf 79' lang='grc' dir='ltr'><strong>θεραπεύειν,</strong></span> <span class='ocrx_word' id='word_1_33' title='bbox 1012 662 1056 716; x_wconf 82' lang='grc' dir='ltr'><strong>εἷ</strong></span> <span class='ocrx_word' id='word_1_34' title='bbox 1098 660 1338 732; x_wconf 87' lang='grc' dir='ltr'><strong>δύναιτο,</strong></span> <span class='ocrx_word' id='word_1_35' title='bbox 1367 659 1599 734; x_wconf 75' lang='grc' dir='ltr'><strong>ἕτοιμοι.</strong></span> <span class='ocrx_word' id='word_1_36' title='bbox 1648 662 1753 717; x_wconf 83' lang='grc' dir='ltr'><strong>Καὶ</strong></span> <span class='ocrx_word' id='word_1_37' title='bbox 1801 666 1965 717; x_wconf 77' lang='grc' dir='ltr'><strong>ταῦτα</strong></span> <span class='ocrx_word' id='word_1_38' title='bbox 2000 662 2094 735; x_wconf 75' lang='grc' dir='ltr'><strong>μὲν</strong></span> <span class='ocrx_word' id='word_1_39' title='bbox 2154 662 2289 729; x_wconf 80' lang='grc' dir='ltr'><strong>ἦσαν</strong></span> 
     </span>
    </p>
   </div>
   <div class='ocr_carea' id='block_1_7' title="bbox 644 751 2285 829">
    <p class='ocr_par' dir='ltr' id='par_1_7' title="bbox 644 751 2285 829">
     <span class='ocr_line' id='line_1_7' title="bbox 644 751 2285 829; baseline -0.001 -22"><span class='ocrx_word' id='word_1_40' title='bbox 644 755 778 827; x_wconf 82' lang='grc' dir='ltr'><strong>πρὸς</strong></span> <span class='ocrx_word' id='word_1_41' title='bbox 811 754 1035 809; x_wconf 80' lang='grc' dir='ltr'><strong>ἐκεῖνον·</strong></span> <span class='ocrx_word' id='word_1_42' title='bbox 1081 754 1446 829; x_wconf 78' lang='grc' dir='ltr'><strong>προστέτακτο</strong></span> <span class='ocrx_word' id='word_1_43' title='bbox 1503 751 1560 808; x_wconf 79' lang='grc' dir='ltr'><strong>δὶ</strong></span> <span class='ocrx_word' id='word_1_44' title='bbox 1617 759 1734 815; x_wconf 87' lang='grc' dir='ltr'><strong>τοῖς</strong></span> <span class='ocrx_word' id='word_1_45' title='bbox 1777 752 2179 828; x_wconf 74' lang='grc' dir='ltr'><strong>ἀπαγγελοῦσιν</strong></span> <span class='ocrx_word' id='word_1_46' title='bbox 2212 753 2285 814; x_wconf 83' lang='grc' dir='ltr'><strong>ὡς</strong></span> 
     </span>
    </p>
   </div>
   <div class='ocr_carea' id='block_1_8' title="bbox 644 840 2283 917">
    <p class='ocr_par' dir='ltr' id='par_1_8' title="bbox 644 840 2283 917">
     <span class='ocr_line' id='line_1_8' title="bbox 644 840 2283 917; baseline -0.001 -22"><span class='ocrx_word' id='word_1_47' title='bbox 644 842 688 896; x_wconf 86' lang='grc' dir='ltr'><strong>εἷ</strong></span> <span class='ocrx_word' id='word_1_48' title='bbox 725 843 819 913; x_wconf 81' lang='grc' dir='ltr'><strong>μὶν</strong></span> <span class='ocrx_word' id='word_1_49' title='bbox 853 840 1145 916; x_wconf 81' lang='grc' dir='ltr'><strong>πραύνοιτο</strong></span> <span class='ocrx_word' id='word_1_50' title='bbox 1185 842 1275 896; x_wconf 85' lang='grc' dir='ltr'><strong>καὶ</strong></span> <span class='ocrx_word' id='word_1_51' title='bbox 1333 840 1619 913; x_wconf 73' lang='grc' dir='ltr'><strong>έπανήξτιν</strong></span> <span class='ocrx_word' id='word_1_52' title='bbox 1654 842 1974 917; x_wconf 85' lang='grc' dir='ltr'><strong>ὑπόσχοιτο,</strong></span> <span class='ocrx_word' id='word_1_53' title='bbox 2008 840 2126 895; x_wconf 82' lang='grc' dir='ltr'><strong>εἶδ’</strong></span> <span class='ocrx_word' id='word_1_54' title='bbox 2173 842 2283 909; x_wconf 83' lang='grc' dir='ltr'><strong>οὗν,</strong></span> 
     </span>
    </p>
   </div>
   <div class='ocr_carea' id='block_1_9' title="bbox 644 928 2283 1005">
    <p class='ocr_par' dir='ltr' id='par_1_9' title="bbox 644 928 2283 1005">
     <span class='ocr_line' id='line_1_9' title="bbox 644 928 2283 1005; baseline -0.001 -22"><span class='ocrx_word' id='word_1_55' title='bbox 644 930 768 984; x_wconf 88' lang='grc' dir='ltr'><strong>ἀλλ’</strong></span> <span class='ocrx_word' id='word_1_56' title='bbox 826 929 1021 992; x_wconf 72' lang='grc' dir='ltr'><strong>αὐτοὺς</strong></span> <span class='ocrx_word' id='word_1_57' title='bbox 1082 930 1395 1005; x_wconf 71' lang='grc' dir='ltr'><strong>ἀναγκάζειν</strong></span> <span class='ocrx_word' id='word_1_58' title='bbox 1455 928 1598 985; x_wconf 71' lang='grc' dir='ltr'><strong>δυοῖν</strong></span> <span class='ocrx_word' id='word_1_59' title='bbox 1649 934 1867 1005; x_wconf 87' lang='grc' dir='ltr'><strong>θάτερον</strong></span> <span class='ocrx_word' id='word_1_60' title='bbox 1924 930 2192 998; x_wconf 79' lang='grc' dir='ltr'><strong>ἐκτελεῖν,</strong></span> <span class='ocrx_word' id='word_1_61' title='bbox 2250 930 2283 997; x_wconf 73' lang='grc' dir='ltr'><strong>ἢ</strong></span> 
     </span>
    </p>
   </div>
   <div class='ocr_carea' id='block_1_10' title="bbox 643 1014 2283 1088">
    <p class='ocr_par' dir='ltr' id='par_1_10' title="bbox 643 1014 2283 1088">
     <span class='ocr_line' id='line_1_10' title="bbox 643 1014 2283 1088; baseline 0.001 -17"><span class='ocrx_word' id='word_1_62' title='bbox 643 1017 958 1073; x_wconf 72' lang='grc' dir='ltr'><strong>ἐπανελθεῖν</strong></span> <span class='ocrx_word' id='word_1_63' title='bbox 989 1018 1153 1073; x_wconf 80' lang='grc' dir='ltr'><strong>πάλιν</strong></span> <span class='ocrx_word' id='word_1_64' title='bbox 1183 1020 1273 1072; x_wconf 84' lang='grc' dir='ltr'><strong>καὶ</strong></span> <span class='ocrx_word' id='word_1_65' title='bbox 1312 1019 1375 1072; x_wconf 79' lang='grc' dir='ltr'><strong>τὰ</strong></span> <span class='ocrx_word' id='word_1_66' title='bbox 1430 1026 1531 1087; x_wconf 85' lang='grc' dir='ltr'><strong>τῆς</strong></span> <span class='ocrx_word' id='word_1_67' title='bbox 1590 1017 1911 1088; x_wconf 80' lang='grc' dir='ltr'><strong>Ἐκκλησίας</strong></span> <span class='ocrx_word' id='word_1_68' title='bbox 1971 1014 2283 1086; x_wconf 75' lang='grc' dir='ltr'><strong>ἀναλαϐεῖν,</strong></span> 
     </span>
    </p>
   </div>
   <div class='ocr_carea' id='block_1_11' title="bbox 642 1103 2282 1182">
    <p class='ocr_par' dir='ltr' id='par_1_11' title="bbox 642 1103 2282 1182">
     <span class='ocr_line' id='line_1_11' title="bbox 642 1103 2282 1182; baseline -0.009 -8"><span class='ocrx_word' id='word_1_69' title='bbox 642 1107 676 1174; x_wconf 62' lang='grc' dir='ltr'><strong>ἢ</strong></span> <span class='ocrx_word' id='word_1_70' title='bbox 711 1109 819 1179; x_wconf 76' lang='grc' dir='ltr'><strong>μὴν</strong></span> <span class='ocrx_word' id='word_1_71' title='bbox 880 1108 1035 1179; x_wconf 83' lang='grc' dir='ltr'><strong>εἶμή</strong></span> <span class='ocrx_word' id='word_1_72' title='bbox 1090 1106 1373 1181; x_wconf 87' lang='grc' dir='ltr'><strong>βούλοιτο,</strong></span> <span class='ocrx_word' id='word_1_73' title='bbox 1425 1105 1632 1162; x_wconf 85' lang='grc' dir='ltr'><strong>διδόναι</strong></span> <span class='ocrx_word' id='word_1_74' title='bbox 1692 1103 1953 1163; x_wconf 76' lang='grc' dir='ltr'><strong>λίϐελλον</strong></span> <span class='ocrx_word' id='word_1_75' title='bbox 2012 1110 2282 1182; x_wconf 81' lang='grc' dir='ltr'><strong>παραιτή-</strong></span> 
     </span>
    </p>
   </div>
   <div class='ocr_carea' id='block_1_12' title="bbox 640 1195 2285 1274">
    <p class='ocr_par' dir='ltr' id='par_1_12' title="bbox 640 1195 2285 1274">
     <span class='ocr_line' id='line_1_12' title="bbox 640 1195 2285 1274; baseline 0.001 -23"><span class='ocrx_word' id='word_1_76' title='bbox 640 1216 797 1259; x_wconf 85' lang='grc' dir='ltr'><strong>σεως’</strong></span> <span class='ocrx_word' id='word_1_77' title='bbox 836 1195 977 1270; x_wconf 70' lang='grc' dir='ltr'><strong>μηδὲ</strong></span> <span class='ocrx_word' id='word_1_78' title='bbox 1001 1201 1104 1274; x_wconf 73' lang='grc' dir='ltr'><strong>γὰρ</strong></span> <span class='ocrx_word' id='word_1_79' title='bbox 1135 1198 1300 1253; x_wconf 88' lang='grc' dir='ltr'><strong>καλὸν</strong></span> <span class='ocrx_word' id='word_1_80' title='bbox 1336 1201 1471 1252; x_wconf 85' lang='grc' dir='ltr'><strong>εἴναι</strong></span> <span class='ocrx_word' id='word_1_81' title='bbox 1516 1200 1613 1266; x_wconf 86' lang='grc' dir='ltr'><strong>τήν</strong></span> <span class='ocrx_word' id='word_1_82' title='bbox 1649 1197 1972 1269; x_wconf 77' lang='grc' dir='ltr'><strong>Ἐκκλησίαν</strong></span> <span class='ocrx_word' id='word_1_83' title='bbox 2006 1200 2285 1271; x_wconf 85' lang='grc' dir='ltr'><strong>ἀποίμαν-</strong></span> 
     </span>
    </p>
   </div>
   <div class='ocr_carea' id='block_1_13' title="bbox 638 1284 2281 1365">
    <p class='ocr_par' dir='ltr' id='par_1_13' title="bbox 638 1284 2281 1365">
     <span class='ocr_line' id='line_1_13' title="bbox 638 1284 2281 1365; baseline 0.001 -25"><span class='ocrx_word' id='word_1_84' title='bbox 638 1308 753 1343; x_wconf 89' lang='grc' dir='ltr'><strong>τον.</strong></span> <span class='ocrx_word' id='word_1_85' title='bbox 779 1286 989 1349; x_wconf 86' lang='grc' dir='ltr'><strong>Ταύτας</strong></span> <span class='ocrx_word' id='word_1_86' title='bbox 1022 1287 1072 1341; x_wconf 83' lang='grc' dir='ltr'><strong>οἱ</strong></span> <span class='ocrx_word' id='word_1_87' title='bbox 1103 1286 1243 1365; x_wconf 66' lang='grc' dir='ltr'><strong>ἀμφὶ</strong></span> <span class='ocrx_word' id='word_1_88' title='bbox 1300 1290 1542 1357; x_wconf 84' lang='grc' dir='ltr'><strong>Νικήταν</strong></span> <span class='ocrx_word' id='word_1_89' title='bbox 1592 1284 1873 1361; x_wconf 78' lang='grc' dir='ltr'><strong>δεξάμενοι</strong></span> <span class='ocrx_word' id='word_1_90' title='bbox 1922 1291 2013 1349; x_wconf 84' lang='grc' dir='ltr'><strong>τάς</strong></span> <span class='ocrx_word' id='word_1_91' title='bbox 2067 1289 2281 1343; x_wconf 78' lang='grc' dir='ltr'><strong>ἐπιστο-</strong></span> 
     </span>
    </p>
   </div>
   <div class='ocr_carea' id='block_1_14' title="bbox 640 1376 2283 1455">
    <p class='ocr_par' dir='ltr' id='par_1_14' title="bbox 640 1376 2283 1455">
     <span class='ocr_line' id='line_1_14' title="bbox 640 1376 2283 1455; baseline 0.001 -24"><span class='ocrx_word' id='word_1_92' title='bbox 640 1376 737 1438; x_wconf 77' lang='grc' dir='ltr'><strong>λάς</strong></span> <span class='ocrx_word' id='word_1_93' title='bbox 768 1377 858 1432; x_wconf 83' lang='grc' dir='ltr'><strong>ἐπὶ</strong></span> <span class='ocrx_word' id='word_1_94' title='bbox 886 1378 1115 1439; x_wconf 78' lang='grc' dir='ltr'><strong>Νικαίας</strong></span> <span class='ocrx_word' id='word_1_95' title='bbox 1150 1378 1419 1452; x_wconf 77' lang='grc' dir='ltr'><strong>ἐχώρουν,</strong></span> <span class='ocrx_word' id='word_1_96' title='bbox 1471 1377 1681 1451; x_wconf 79' lang='grc' dir='ltr'><strong>σπουδῇ</strong></span> <span class='ocrx_word' id='word_1_97' title='bbox 1736 1382 1801 1433; x_wconf 81' lang='grc' dir='ltr'><strong>τὰ</strong></span> <span class='ocrx_word' id='word_1_98' title='bbox 1847 1380 2283 1455; x_wconf 74' lang='grc' dir='ltr'><strong>προστεταγμένα</strong></span> 
     </span>
    </p>
   </div>
   <div class='ocr_carea' id='block_1_15' title="bbox 637 1465 2285 1543">
    <p class='ocr_par' dir='ltr' id='par_1_15' title="bbox 637 1465 2285 1543">
     <span class='ocr_line' id='line_1_15' title="bbox 637 1465 2285 1543; baseline 0.001 -22"><span class='ocrx_word' id='word_1_99' title='bbox 637 1465 1061 1530; x_wconf 81' lang='grc' dir='ltr'><strong>έπιτελέσοντες.</strong></span> <span class='ocrx_word' id='word_1_100' title='bbox 1113 1470 1200 1531; x_wconf 80' lang='grc' dir='ltr'><strong>Ὠς</strong></span> <span class='ocrx_word' id='word_1_101' title='bbox 1252 1466 1299 1522; x_wconf 77' lang='grc' dir='ltr'><strong>δ’</strong></span> <span class='ocrx_word' id='word_1_102' title='bbox 1352 1466 1651 1541; x_wconf 79' lang='grc' dir='ltr'><strong>ἐξελθόντες</strong></span> <span class='ocrx_word' id='word_1_103' title='bbox 1714 1469 2006 1540; x_wconf 77' lang='grc' dir='ltr'><strong>ἐπέστησαν</strong></span> <span class='ocrx_word' id='word_1_104' title='bbox 2045 1474 2112 1543; x_wconf 79' lang='grc' dir='ltr'><strong>τῇ</strong></span> <span class='ocrx_word' id='word_1_105' title='bbox 2163 1470 2215 1523; x_wconf 88' lang='grc' dir='ltr'><strong>έν</strong></span> 
     </span>
    </p>
   </div>
   <div class='ocr_carea' id='block_1_16' title="bbox 635 1558 2280 1636">
    <p class='ocr_par' dir='ltr' id='par_1_16' title="bbox 635 1558 2280 1636">
     <span class='ocr_line' id='line_1_16' title="bbox 635 1558 2280 1636; baseline 0.001 -24"><span class='ocrx_word' id='word_1_106' title='bbox 635 1558 865 1629; x_wconf 81' lang='grc' dir='ltr'><strong>κατῴκει</strong></span> <span class='ocrx_word' id='word_1_107' title='bbox 928 1563 1101 1633; x_wconf 81' lang='grc' dir='ltr'><strong>μογῇ,</strong></span> <span class='ocrx_word' id='word_1_108' title='bbox 1148 1558 1539 1633; x_wconf 82' lang='grc' dir='ltr'><strong>προσελθόντες</strong></span> <span class='ocrx_word' id='word_1_109' title='bbox 1591 1565 1671 1631; x_wconf 81' lang='grc' dir='ltr'><strong>τῷ</strong></span> <span class='ocrx_word' id='word_1_110' title='bbox 1728 1562 2043 1636; x_wconf 81' lang='grc' dir='ltr'><strong>πατριάρχῃ</strong></span> <span class='ocrx_word' id='word_1_111' title='bbox 2102 1560 2280 1622; x_wconf 83' lang='grc' dir='ltr'><strong>καθὼς</strong></span> 
     </span>
    </p>
   </div>
   <div class='ocr_carea' id='block_1_17' title="bbox 642 1648 2284 1727">
    <p class='ocr_par' dir='ltr' id='par_1_17' title="bbox 642 1648 2284 1727">
     <span class='ocr_line' id='line_1_17' title="bbox 642 1648 2284 1727; baseline 0.001 -25"><span class='ocrx_word' id='word_1_112' title='bbox 642 1648 798 1722; x_wconf 82' lang='grc' dir='ltr'><strong>εἶχον</strong></span> <span class='ocrx_word' id='word_1_113' title='bbox 824 1655 922 1719; x_wconf 83' lang='grc' dir='ltr'><strong>τῆς</strong></span> <span class='ocrx_word' id='word_1_114' title='bbox 965 1649 1070 1704; x_wconf 87' lang='grc' dir='ltr'><strong>ἀπὸ</strong></span> <span class='ocrx_word' id='word_1_115' title='bbox 1100 1652 1200 1717; x_wconf 78' lang='grc' dir='ltr'><strong>τῆτ</strong></span> <span class='ocrx_word' id='word_1_116' title='bbox 1259 1648 1485 1705; x_wconf 80' lang='grc' dir='ltr'><strong>συνόδου</strong></span> <span class='ocrx_word' id='word_1_117' title='bbox 1543 1649 1838 1714; x_wconf 86' lang='grc' dir='ltr'><strong>κελεύσεως</strong></span> <span class='ocrx_word' id='word_1_118' title='bbox 1894 1650 2103 1727; x_wconf 75' lang='grc' dir='ltr'><strong>ἔλεγον.</strong></span> <span class='ocrx_word' id='word_1_119' title='bbox 2134 1652 2195 1708; x_wconf 87' lang='grc' dir='ltr'><strong>Ὀ</strong></span> <span class='ocrx_word' id='word_1_120' title='bbox 2228 1648 2284 1704; x_wconf 79' lang='grc' dir='ltr'><strong>δὲ</strong></span> 
     </span>
    </p>
   </div>
   <div class='ocr_carea' id='block_1_18' title="bbox 634 1738 2283 1816">
    <p class='ocr_par' dir='ltr' id='par_1_18' title="bbox 634 1738 2283 1816">
     <span class='ocr_line' id='line_1_18' title="bbox 634 1738 2283 1816; baseline 0.004 -25"><span class='ocrx_word' id='word_1_121' title='bbox 634 1738 724 1792; x_wconf 87' lang='grc' dir='ltr'><strong>τὸν</strong></span> <span class='ocrx_word' id='word_1_122' title='bbox 762 1739 856 1811; x_wconf 73' lang='grc' dir='ltr'><strong>μὲν</strong></span> <span class='ocrx_word' id='word_1_123' title='bbox 886 1745 990 1808; x_wconf 83' lang='grc' dir='ltr'><strong>τῆς</strong></span> <span class='ocrx_word' id='word_1_124' title='bbox 1049 1739 1228 1801; x_wconf 82' lang='grc' dir='ltr'><strong>αἰτίας</strong></span> <span class='ocrx_word' id='word_1_125' title='bbox 1276 1740 1461 1812; x_wconf 85' lang='grc' dir='ltr'><strong>καιρὸν</strong></span> <span class='ocrx_word' id='word_1_126' title='bbox 1509 1738 1691 1802; x_wconf 82' lang='grc' dir='ltr'><strong>αὐτοῖς</strong></span> <span class='ocrx_word' id='word_1_127' title='bbox 1749 1742 2143 1816; x_wconf 76' lang='grc' dir='ltr'><strong>παρῳχηκέναι</strong></span> <span class='ocrx_word' id='word_1_128' title='bbox 2176 1744 2283 1815; x_wconf 79' lang='grc' dir='ltr'><strong>φή-</strong></span> 
     </span>
    </p>
   </div>
   <div class='ocr_carea' id='block_1_19' title="bbox 2399 571 4019 653">
    <p class='ocr_par' dir='ltr' id='par_1_19' title="bbox 2399 571 4019 653">
     <span class='ocr_line' id='line_1_19' title="bbox 2399 571 4019 653; baseline 0.007 -30"><span class='ocrx_word' id='word_1_129' title='bbox 2399 571 2508 640; x_wconf 80' lang='grc' dir='ltr'><strong>ξιον</strong></span> <span class='ocrx_word' id='word_1_130' title='bbox 2559 575 2846 645; x_wconf 67' lang='grc' dir='ltr'><strong>προστεθὲν</strong></span> <span class='ocrx_word' id='word_1_131' title='bbox 2904 581 3004 644; x_wconf 84' lang='grc' dir='ltr'><strong>τῆς</strong></span> <span class='ocrx_word' id='word_1_132' title='bbox 3059 575 3361 650; x_wconf 82' lang='grc' dir='ltr'><strong>ἱερωσύνης</strong></span> <span class='ocrx_word' id='word_1_133' title='bbox 3393 578 3468 638; x_wconf 79' lang='grc' dir='ltr'><strong>εἷς</strong></span> <span class='ocrx_word' id='word_1_134' title='bbox 3507 578 3571 632; x_wconf 85' lang='grc' dir='ltr'><strong>τὸ</strong></span> <span class='ocrx_word' id='word_1_135' title='bbox 3616 585 3718 647; x_wconf 83' lang='grc' dir='ltr'><strong>τῆς</strong></span> <span class='ocrx_word' id='word_1_136' title='bbox 3773 582 4019 653; x_wconf 78' lang='grc' dir='ltr'><strong>παραιτή-</strong></span> 
     </span>
    </p>
   </div>
   <div class='ocr_carea' id='block_1_20' title="bbox 2396 660 4018 741">
    <p class='ocr_par' dir='ltr' id='par_1_20' title="bbox 2396 660 4018 741">
     <span class='ocr_line' id='line_1_20' title="bbox 2396 660 4018 741; baseline 0.006 -28"><span class='ocrx_word' id='word_1_137' title='bbox 2396 681 2530 723; x_wconf 85' lang='grc' dir='ltr'><strong>σεως</strong></span> <span class='ocrx_word' id='word_1_138' title='bbox 2582 660 2808 736; x_wconf 80' lang='grc' dir='ltr'><strong>εὔλογον</strong></span> <span class='ocrx_word' id='word_1_139' title='bbox 2867 663 3113 739; x_wconf 74' lang='grc' dir='ltr'><strong>ἠγρίαινέ</strong></span> <span class='ocrx_word' id='word_1_140' title='bbox 3166 685 3222 719; x_wconf 87' lang='grc' dir='ltr'><strong>τε</strong></span> <span class='ocrx_word' id='word_1_141' title='bbox 3293 665 3387 720; x_wconf 83' lang='grc' dir='ltr'><strong>τὸν</strong></span> <span class='ocrx_word' id='word_1_142' title='bbox 3446 663 3633 741; x_wconf 76' lang='grc' dir='ltr'><strong>ἄνδρα,</strong></span> <span class='ocrx_word' id='word_1_143' title='bbox 3683 667 3771 721; x_wconf 83' lang='grc' dir='ltr'><strong>καὶ</strong></span> <span class='ocrx_word' id='word_1_144' title='bbox 3825 667 4018 741; x_wconf 83' lang='grc' dir='ltr'><strong>ταραχὴ</strong></span> 
     </span>
    </p>
   </div>
   <div class='ocr_carea' id='block_1_21' title="bbox 2394 750 4018 830">
    <p class='ocr_par' dir='ltr' id='par_1_21' title="bbox 2394 750 4018 830">
     <span class='ocr_line' id='line_1_21' title="bbox 2394 750 4018 830; baseline 0.002 -23"><span class='ocrx_word' id='word_1_145' title='bbox 2394 750 2483 818; x_wconf 78' lang='grc' dir='ltr'><strong>ἦν.</strong></span> <span class='ocrx_word' id='word_1_146' title='bbox 2519 752 2615 806; x_wconf 81' lang='grc' dir='ltr'><strong>Καὶ</strong></span> <span class='ocrx_word' id='word_1_147' title='bbox 2644 776 2672 803; x_wconf 85' lang='grc'><strong>‹‹</strong></span> <span class='ocrx_word' id='word_1_148' title='bbox 2704 753 2771 810; x_wconf 87' lang='grc' dir='ltr'><strong>Τί</strong></span> <span class='ocrx_word' id='word_1_149' title='bbox 2800 750 2847 807; x_wconf 87' lang='grc' dir='ltr'><strong>δ’</strong></span> <span class='ocrx_word' id='word_1_150' title='bbox 2873 754 2974 808; x_wconf 84' lang='grc' dir='ltr'><strong>οὐκ</strong></span> <span class='ocrx_word' id='word_1_151' title='bbox 3004 755 3354 829; x_wconf 77' lang='grc' dir='ltr'><strong>ἀρκούμενοι,</strong></span> <span class='ocrx_word' id='word_1_152' title='bbox 3387 779 3416 806; x_wconf 71' lang='grc' dir='ltr'><strong>»ι</strong></span> <span class='ocrx_word' id='word_1_153' title='bbox 3449 755 3625 830; x_wconf 83' lang='grc' dir='ltr'><strong>ἔλεγε,</strong></span> <span class='ocrx_word' id='word_1_154' title='bbox 3662 781 3689 808; x_wconf 76' lang='grc' dir='ltr'><strong>ιι</strong></span> <span class='ocrx_word' id='word_1_155' title='bbox 3719 761 3787 830; x_wconf 81' lang='grc' dir='ltr'><strong>τῇ</strong></span> <span class='ocrx_word' id='word_1_156' title='bbox 3832 756 3886 811; x_wconf 82' lang='grc' dir='ltr'><strong>έκ</strong></span> <span class='ocrx_word' id='word_1_157' title='bbox 3935 756 4018 811; x_wconf 83' lang='grc' dir='ltr'><strong>λό·</strong></span> 
     </span>
    </p>
   </div>
   <div class='ocr_carea' id='block_1_22' title="bbox 2393 842 4021 918">
    <p class='ocr_par' dir='ltr' id='par_1_22' title="bbox 2393 842 4021 918">
     <span class='ocr_line' id='line_1_22' title="bbox 2393 842 4021 918; baseline 0.003 -26"><span class='ocrx_word' id='word_1_158' title='bbox 2393 861 2505 913; x_wconf 88' lang='grc' dir='ltr'><strong>γων</strong></span> <span class='ocrx_word' id='word_1_159' title='bbox 2538 843 2572 909; x_wconf 74' lang='grc' dir='ltr'><strong>ἢ</strong></span> <span class='ocrx_word' id='word_1_160' title='bbox 2610 842 2717 912; x_wconf 73' lang='grc' dir='ltr'><strong>μὴν</strong></span> <span class='ocrx_word' id='word_1_161' title='bbox 2749 842 2839 896; x_wconf 85' lang='grc' dir='ltr'><strong>καὶ</strong></span> <span class='ocrx_word' id='word_1_162' title='bbox 2878 842 3119 917; x_wconf 78' lang='grc' dir='ltr'><strong>πράξεως</strong></span> <span class='ocrx_word' id='word_1_163' title='bbox 3170 847 3516 918; x_wconf 60' lang='grc' dir='ltr'><strong>παραιτήσει,</strong></span> <span class='ocrx_word' id='word_1_164' title='bbox 3546 849 3636 899; x_wconf 76' lang='grc' dir='ltr'><strong>καὶ</strong></span> <span class='ocrx_word' id='word_1_165' title='bbox 3693 845 3887 906; x_wconf 77' lang='grc' dir='ltr'><strong>αἰτίαις</strong></span> <span class='ocrx_word' id='word_1_166' title='bbox 3928 844 4021 897; x_wconf 83' lang='grc' dir='ltr'><strong>οὐκ</strong></span> 
     </span>
    </p>
   </div>
   <div class='ocr_carea' id='block_1_23' title="bbox 2395 930 4018 1008">
    <p class='ocr_par' dir='ltr' id='par_1_23' title="bbox 2395 930 4018 1008">
     <span class='ocr_line' id='line_1_23' title="bbox 2395 930 4018 1008; baseline 0.002 -25"><span class='ocrx_word' id='word_1_167' title='bbox 2395 931 2622 1004; x_wconf 80' lang='grc' dir='ltr'><strong>ἀγαθαῖς</strong></span> <span class='ocrx_word' id='word_1_168' title='bbox 2677 930 3009 1004; x_wconf 73' lang='grc' dir='ltr'><strong>συμπλέκειν</strong></span> <span class='ocrx_word' id='word_1_169' title='bbox 3062 936 3207 1006; x_wconf 72' lang='grc' dir='ltr'><strong>ἡμᾶς</strong></span> <span class='ocrx_word' id='word_1_170' title='bbox 3242 934 3536 1008; x_wconf 87' lang='grc' dir='ltr'><strong>βούλεσθε;</strong></span> <span class='ocrx_word' id='word_1_171' title='bbox 3568 934 3808 997; x_wconf 83' lang='grc' dir='ltr'><strong>Ἐκόντες</strong></span> <span class='ocrx_word' id='word_1_172' title='bbox 3838 933 4018 1005; x_wconf 78' lang='grc' dir='ltr'><strong>ἐξιστά-</strong></span> 
     </span>
    </p>
   </div>
   <div class='ocr_carea' id='block_1_24' title="bbox 2395 1020 4019 1096">
    <p class='ocr_par' dir='ltr' id='par_1_24' title="bbox 2395 1020 4019 1096">
     <span class='ocr_line' id='line_1_24' title="bbox 2395 1020 4019 1096; baseline 0.002 -23"><span class='ocrx_word' id='word_1_173' title='bbox 2395 1022 2529 1090; x_wconf 86' lang='grc' dir='ltr'><strong>μεθα</strong></span> <span class='ocrx_word' id='word_1_174' title='bbox 2579 1025 2684 1074; x_wconf 81' lang='grc' dir='ltr'><strong>τῶν</strong></span> <span class='ocrx_word' id='word_1_175' title='bbox 2744 1020 3293 1096; x_wconf 76' lang='grc' dir='ltr'><strong>πραγμάτων,ὀὐδὲν</strong></span> <span class='ocrx_word' id='word_1_176' title='bbox 3344 1026 3478 1096; x_wconf 66' lang='grc' dir='ltr'><strong>ἡμῖν</strong></span> <span class='ocrx_word' id='word_1_177' title='bbox 3533 1024 3700 1096; x_wconf 86' lang='grc' dir='ltr'><strong>μέλον</strong></span> <span class='ocrx_word' id='word_1_178' title='bbox 3748 1024 3844 1079; x_wconf 80' lang='grc' dir='ltr'><strong>κᾶν</strong></span> <span class='ocrx_word' id='word_1_179' title='bbox 3896 1025 3921 1078; x_wconf 85' lang='grc' dir='ltr'><strong>δ</strong></span> <span class='ocrx_word' id='word_1_180' title='bbox 3972 1045 4019 1077; x_wconf 91' lang='grc' dir='ltr'><strong>τι</strong></span> 
     </span>
    </p>
   </div>
   <div class='ocr_carea' id='block_1_25' title="bbox 2389 1110 4022 1189">
    <p class='ocr_par' dir='ltr' id='par_1_25' title="bbox 2389 1110 4022 1189">
     <span class='ocr_line' id='line_1_25' title="bbox 2389 1110 4022 1189; baseline 0.001 -24"><span class='ocrx_word' id='word_1_181' title='bbox 2389 1111 2629 1183; x_wconf 81' lang='grc' dir='ltr'><strong>γένηται.</strong></span> <span class='ocrx_word' id='word_1_182' title='bbox 2690 1136 2717 1161; x_wconf 89' lang='grc'><strong>››</strong></span> <span class='ocrx_word' id='word_1_183' title='bbox 2770 1111 2927 1169; x_wconf 73' lang='grc' dir='ltr'><strong>Οὕτω</strong></span> <span class='ocrx_word' id='word_1_184' title='bbox 3006 1114 3179 1167; x_wconf 82' lang='grc' dir='ltr'><strong>τοίνυν</strong></span> <span class='ocrx_word' id='word_1_185' title='bbox 3241 1115 3706 1187; x_wconf 84' lang='grc' dir='ltr'><strong>ἀποκρουσθέντες</strong></span> <span class='ocrx_word' id='word_1_186' title='bbox 3766 1110 4022 1189; x_wconf 80' lang='grc' dir='ltr'><strong>ὲμόριθῶς</strong></span> 
     </span>
    </p>
   </div>
   <div class='ocr_carea' id='block_1_26' title="bbox 2389 1198 4023 1276">
    <p class='ocr_par' dir='ltr' id='par_1_26' title="bbox 2389 1198 4023 1276">
     <span class='ocr_line' id='line_1_26' title="bbox 2389 1198 4023 1276; baseline 0.004 -24"><span class='ocrx_word' id='word_1_187' title='bbox 2389 1198 2879 1272; x_wconf 75' lang='grc' dir='ltr'><strong>ἀποπεμπομένου,</strong></span> <span class='ocrx_word' id='word_1_188' title='bbox 2917 1198 3004 1254; x_wconf 71' lang='grc' dir='ltr'><strong>διὰ</strong></span> <span class='ocrx_word' id='word_1_189' title='bbox 3060 1201 3271 1276; x_wconf 88' lang='grc' dir='ltr'><strong>ταχέων</strong></span> <span class='ocrx_word' id='word_1_190' title='bbox 3328 1204 3391 1256; x_wconf 87' lang='grc' dir='ltr'><strong>τὸ</strong></span> <span class='ocrx_word' id='word_1_191' title='bbox 3452 1203 3647 1274; x_wconf 75' lang='grc' dir='ltr'><strong>μεταξὺ</strong></span> <span class='ocrx_word' id='word_1_192' title='bbox 3698 1200 4023 1260; x_wconf 75' lang='grc' dir='ltr'><strong>διανύσαντες</strong></span> 
     </span>
    </p>
   </div>
   <div class='ocr_carea' id='block_1_27' title="bbox 2389 1288 4025 1364">
    <p class='ocr_par' dir='ltr' id='par_1_27' title="bbox 2389 1288 4025 1364">
     <span class='ocr_line' id='line_1_27' title="bbox 2389 1288 4025 1364; baseline -0.001 -22"><span class='ocrx_word' id='word_1_193' title='bbox 2389 1290 2524 1363; x_wconf 88' lang='grc' dir='ltr'><strong>πρὸς</strong></span> <span class='ocrx_word' id='word_1_194' title='bbox 2576 1290 2668 1343; x_wconf 88' lang='grc' dir='ltr'><strong>τὸν</strong></span> <span class='ocrx_word' id='word_1_195' title='bbox 2726 1294 3025 1364; x_wconf 79' lang='grc' dir='ltr'><strong>κρατοῦντα</strong></span> <span class='ocrx_word' id='word_1_196' title='bbox 3079 1290 3169 1344; x_wconf 85' lang='grc' dir='ltr'><strong>καὶ</strong></span> <span class='ocrx_word' id='word_1_197' title='bbox 3223 1292 3323 1359; x_wconf 75' lang='grc' dir='ltr'><strong>τήν</strong></span> <span class='ocrx_word' id='word_1_198' title='bbox 3364 1288 3589 1345; x_wconf 86' lang='grc' dir='ltr'><strong>σύνοδον</strong></span> <span class='ocrx_word' id='word_1_199' title='bbox 3623 1293 3913 1361; x_wconf 82' lang='grc' dir='ltr'><strong>ἀπαντῶσι,</strong></span> <span class='ocrx_word' id='word_1_200' title='bbox 3942 1290 4025 1346; x_wconf 84' lang='grc' dir='ltr'><strong>καὶ</strong></span> 
     </span>
    </p>
   </div>
   <div class='ocr_carea' id='block_1_28' title="bbox 2389 1376 4027 1456">
    <p class='ocr_par' dir='ltr' id='par_1_28' title="bbox 2389 1376 4027 1456">
     <span class='ocr_line' id='line_1_28' title="bbox 2389 1376 4027 1456; baseline 0.002 -25"><span class='ocrx_word' id='word_1_201' title='bbox 2389 1376 2801 1451; x_wconf 88' lang='grc' dir='ltr'><strong>ἀπαγγέλλουσι</strong></span> <span class='ocrx_word' id='word_1_202' title='bbox 2859 1380 2952 1450; x_wconf 78' lang='grc' dir='ltr'><strong>μὶν</strong></span> <span class='ocrx_word' id='word_1_203' title='bbox 3000 1379 3067 1433; x_wconf 80' lang='grc' dir='ltr'><strong>τὰ</strong></span> <span class='ocrx_word' id='word_1_204' title='bbox 3120 1384 3199 1451; x_wconf 80' lang='grc' dir='ltr'><strong>τῷ</strong></span> <span class='ocrx_word' id='word_1_205' title='bbox 3255 1380 3571 1456; x_wconf 80' lang='grc' dir='ltr'><strong>πατριάρχῃ</strong></span> <span class='ocrx_word' id='word_1_206' title='bbox 3620 1379 3900 1455; x_wconf 85' lang='grc' dir='ltr'><strong>λεχθέντα,</strong></span> <span class='ocrx_word' id='word_1_207' title='bbox 3944 1382 4027 1435; x_wconf 79' lang='grc' dir='ltr'><strong>τέ-</strong></span> 
     </span>
    </p>
   </div>
   <div class='ocr_carea' id='block_1_29' title="bbox 2391 1466 4026 1545">
    <p class='ocr_par' dir='ltr' id='par_1_29' title="bbox 2391 1466 4026 1545">
     <span class='ocr_line' id='line_1_29' title="bbox 2391 1466 4026 1545; baseline 0.001 -25"><span class='ocrx_word' id='word_1_208' title='bbox 2391 1466 2489 1529; x_wconf 84' lang='grc' dir='ltr'><strong>λος</strong></span> <span class='ocrx_word' id='word_1_209' title='bbox 2546 1466 2602 1522; x_wconf 75' lang='grc' dir='ltr'><strong>δὶ</strong></span> <span class='ocrx_word' id='word_1_210' title='bbox 2661 1470 2749 1522; x_wconf 87' lang='grc' dir='ltr'><strong>καὶ</strong></span> <span class='ocrx_word' id='word_1_211' title='bbox 2806 1470 2873 1522; x_wconf 71' lang='grc' dir='ltr'><strong>τὰ</strong></span> <span class='ocrx_word' id='word_1_212' title='bbox 2923 1475 3025 1537; x_wconf 83' lang='grc' dir='ltr'><strong>τῆς</strong></span> <span class='ocrx_word' id='word_1_213' title='bbox 3084 1471 3491 1545; x_wconf 86' lang='grc' dir='ltr'><strong>παρενείροντες</strong></span> <span class='ocrx_word' id='word_1_214' title='bbox 3550 1471 3873 1542; x_wconf 82' lang='grc' dir='ltr'><strong>ἀμετάθετον</strong></span> <span class='ocrx_word' id='word_1_215' title='bbox 3932 1472 4026 1537; x_wconf 71' lang='grc' dir='ltr'><strong>τὴν</strong></span> 
     </span>
    </p>
   </div>
   <div class='ocr_carea' id='block_1_30' title="bbox 2388 1554 4025 1633">
    <p class='ocr_par' dir='ltr' id='par_1_30' title="bbox 2388 1554 4025 1633">
     <span class='ocr_line' id='line_1_30' title="bbox 2388 1554 4025 1633; baseline 0.001 -22"><span class='ocrx_word' id='word_1_216' title='bbox 2388 1556 2594 1611; x_wconf 78' lang='grc' dir='ltr'><strong>ἐκείνου</strong></span> <span class='ocrx_word' id='word_1_217' title='bbox 2651 1558 2877 1633; x_wconf 85' lang='grc' dir='ltr'><strong>γνώμην</strong></span> <span class='ocrx_word' id='word_1_218' title='bbox 2939 1554 3278 1613; x_wconf 77' lang='grc' dir='ltr'><strong>διεϐεϐαίουν</strong></span> <span class='ocrx_word' id='word_1_219' title='bbox 3311 1579 3323 1592; x_wconf 88' lang='grc'><strong>·</strong></span> <span class='ocrx_word' id='word_1_220' title='bbox 3382 1558 3765 1632; x_wconf 78' lang='grc' dir='ltr'><strong>ἀπολήψεσθαι</strong></span> <span class='ocrx_word' id='word_1_221' title='bbox 3836 1558 3889 1613; x_wconf 74' lang='grc' dir='ltr'><strong>δὲ</strong></span> <span class='ocrx_word' id='word_1_222' title='bbox 3942 1560 4025 1613; x_wconf 82' lang='grc' dir='ltr'><strong>καὶ</strong></span> 
     </span>
    </p>
   </div>
   <div class='ocr_carea' id='block_1_31' title="bbox 2388 1644 4027 1724">
    <p class='ocr_par' dir='ltr' id='par_1_31' title="bbox 2388 1644 4027 1724">
     <span class='ocr_line' id='line_1_31' title="bbox 2388 1644 4027 1724; baseline 0 -24"><span class='ocrx_word' id='word_1_223' title='bbox 2388 1648 2484 1713; x_wconf 78' lang='grc' dir='ltr'><strong>τήν</strong></span> <span class='ocrx_word' id='word_1_224' title='bbox 2550 1652 2737 1721; x_wconf 86' lang='grc' dir='ltr'><strong>πεῖραν</strong></span> <span class='ocrx_word' id='word_1_225' title='bbox 2789 1644 3213 1724; x_wconf 73' lang='grc' dir='ltr'><strong>ἀσφαλεστέραν,</strong></span> <span class='ocrx_word' id='word_1_226' title='bbox 3265 1646 3317 1702; x_wconf 76' lang='grc' dir='ltr'><strong>εἴ</strong></span> <span class='ocrx_word' id='word_1_227' title='bbox 3366 1669 3528 1703; x_wconf 90' lang='grc' dir='ltr'><strong>τινων</strong></span> <span class='ocrx_word' id='word_1_228' title='bbox 3585 1646 3885 1703; x_wconf 83' lang='grc' dir='ltr'><strong>σταλέντων</strong></span> <span class='ocrx_word' id='word_1_229' title='bbox 3932 1650 4027 1716; x_wconf 76' lang='grc' dir='ltr'><strong>τήν</strong></span> 
     </span>
    </p>
   </div>
   <div class='ocr_carea' id='block_1_32' title="bbox 2392 1732 4026 1811">
    <p class='ocr_par' dir='ltr' id='par_1_32' title="bbox 2392 1732 4026 1811">
     <span class='ocr_line' id='line_1_32' title="bbox 2392 1732 4026 1811; baseline 0.001 -22"><span class='ocrx_word' id='word_1_230' title='bbox 2392 1737 2688 1811; x_wconf 82' lang='grc' dir='ltr'><strong>βακτηρίαν</strong></span> <span class='ocrx_word' id='word_1_231' title='bbox 2769 1737 2858 1791; x_wconf 86' lang='grc' dir='ltr'><strong>καὶ</strong></span> <span class='ocrx_word' id='word_1_232' title='bbox 2942 1738 3005 1791; x_wconf 88' lang='grc' dir='ltr'><strong>τὸ</strong></span> <span class='ocrx_word' id='word_1_233' title='bbox 3064 1734 3465 1811; x_wconf 81' lang='grc' dir='ltr'><strong>λαμπαδοῦχον</strong></span> <span class='ocrx_word' id='word_1_234' title='bbox 3528 1732 3819 1792; x_wconf 72' lang='grc' dir='ltr'><strong>ἀναλαϐεῖν</strong></span> <span class='ocrx_word' id='word_1_235' title='bbox 3877 1738 4026 1797; x_wconf 80' lang='grc' dir='ltr'><strong>αὐτὸς</strong></span> 
     </span>
    </p>
   </div>
   <div class='ocr_carea' id='block_1_33' title="bbox 637 1824 4027 1912">
    <p class='ocr_par' dir='ltr' id='par_1_33' title="bbox 637 1824 4027 1912">
     <span class='ocr_line' id='line_1_33' title="bbox 637 1824 4027 1912; baseline 0 -30"><span class='ocrx_word' id='word_1_236' title='bbox 637 1848 756 1897; x_wconf 86' lang='grc' dir='ltr'><strong>σας,</strong></span> <span class='ocrx_word' id='word_1_237' title='bbox 799 1830 1025 1903; x_wconf 87' lang='grc' dir='ltr'><strong>πρέπειν</strong></span> <span class='ocrx_word' id='word_1_238' title='bbox 1084 1832 1167 1903; x_wconf 85' lang='grc' dir='ltr'><strong>[Ρ.</strong></span> <span class='ocrx_word' id='word_1_239' title='bbox 1218 1832 1311 1903; x_wconf 81' lang='grc'><strong>74]</strong></span> <span class='ocrx_word' id='word_1_240' title='bbox 1369 1827 1425 1884; x_wconf 82' lang='grc' dir='ltr'><strong>δὶ</strong></span> <span class='ocrx_word' id='word_1_241' title='bbox 1456 1833 1584 1904; x_wconf 84' lang='grc' dir='ltr'><strong>σιγῇ</strong></span> <span class='ocrx_word' id='word_1_242' title='bbox 1641 1833 1749 1885; x_wconf 83' lang='grc' dir='ltr'><strong>τῶν</strong></span> <span class='ocrx_word' id='word_1_243' title='bbox 1802 1830 2137 1905; x_wconf 76' lang='grc' dir='ltr'><strong>πραγμάτων</strong></span> <span class='ocrx_word' id='word_1_244' title='bbox 2172 1830 2277 1902; x_wconf 75' lang='grc' dir='ltr'><strong>ἐξί-</strong></span> <span class='ocrx_word' id='word_1_245' title='bbox 2310 1846 2361 1912; x_wconf 76' lang='grc' dir='ltr'><strong>Β</strong></span> <span class='ocrx_word' id='word_1_246' title='bbox 2393 1826 2587 1890; x_wconf 79' lang='grc' dir='ltr'><strong>εὐθέως</strong></span> <span class='ocrx_word' id='word_1_247' title='bbox 2634 1826 2933 1903; x_wconf 80' lang='grc' dir='ltr'><strong>παράσχοι.</strong></span> <span class='ocrx_word' id='word_1_248' title='bbox 2975 1829 3041 1885; x_wconf 69' lang='grc' dir='ltr'>Ὀ</span> <span class='ocrx_word' id='word_1_249' title='bbox 3099 1824 3166 1895; x_wconf 79' lang='grc' dir='ltr'><strong>δὴ</strong></span> <span class='ocrx_word' id='word_1_250' title='bbox 3224 1827 3312 1882; x_wconf 82' lang='grc' dir='ltr'><strong>καὶ</strong></span> <span class='ocrx_word' id='word_1_251' title='bbox 3362 1828 3573 1901; x_wconf 89' lang='grc' dir='ltr'><strong>γέγονε,</strong></span> <span class='ocrx_word' id='word_1_252' title='bbox 3630 1827 3719 1881; x_wconf 86' lang='grc' dir='ltr'><strong>καὶ</strong></span> <span class='ocrx_word' id='word_1_253' title='bbox 3776 1830 4027 1902; x_wconf 82' lang='grc' dir='ltr'><strong>παρεχώ-</strong></span> 
     </span>
    </p>
   </div>
   <div class='ocr_carea' id='block_1_34' title="bbox 637 1917 2278 1998">
    <p class='ocr_par' dir='ltr' id='par_1_34' title="bbox 637 1917 2278 1998">
     <span class='ocr_line' id='line_1_34' title="bbox 637 1917 2278 1998; baseline 0.003 -26"><span class='ocrx_word' id='word_1_254' title='bbox 637 1931 859 1983; x_wconf 88' lang='grc' dir='ltr'><strong>στασθαι</strong></span> <span class='ocrx_word' id='word_1_255' title='bbox 891 1917 1057 1993; x_wconf 73' lang='grc' dir='ltr'><strong>(μηδὶ</strong></span> <span class='ocrx_word' id='word_1_256' title='bbox 1100 1920 1202 1996; x_wconf 78' lang='grc' dir='ltr'><strong>γὰρ</strong></span> <span class='ocrx_word' id='word_1_257' title='bbox 1262 1921 1397 1975; x_wconf 80' lang='grc' dir='ltr'><strong>εἶναι</strong></span> <span class='ocrx_word' id='word_1_258' title='bbox 1455 1920 1763 1995; x_wconf 82' lang='grc' dir='ltr'><strong>θεραπεύειν</strong></span> <span class='ocrx_word' id='word_1_259' title='bbox 1820 1922 1888 1975; x_wconf 80' lang='grc' dir='ltr'><strong>τὰ</strong></span> <span class='ocrx_word' id='word_1_260' title='bbox 1940 1923 2278 1998; x_wconf 85' lang='grc' dir='ltr'><strong>ἀνιάτρευτα)</strong></span> 
     </span>
    </p>
   </div>
   <div class='ocr_carea' id='block_1_35' title="bbox 638 2006 2276 2085">
    <p class='ocr_par' dir='ltr' id='par_1_35' title="bbox 638 2006 2276 2085">
     <span class='ocr_line' id='line_1_35' title="bbox 638 2006 2276 2085; baseline 0.003 -23"><span class='ocrx_word' id='word_1_261' title='bbox 638 2006 769 2071; x_wconf 78' lang='grc' dir='ltr'><strong>ὅλος</strong></span> <span class='ocrx_word' id='word_1_262' title='bbox 797 2008 865 2077; x_wconf 81' lang='grc' dir='ltr'><strong>ἦν</strong></span> <span class='ocrx_word' id='word_1_263' title='bbox 905 2009 1043 2084; x_wconf 84' lang='grc' dir='ltr'><strong>πρὸς</strong></span> <span class='ocrx_word' id='word_1_264' title='bbox 1088 2010 1149 2065; x_wconf 81' lang='grc' dir='ltr'><strong>τὸ</strong></span> <span class='ocrx_word' id='word_1_265' title='bbox 1196 2016 1594 2085; x_wconf 85' lang='grc' dir='ltr'><strong>παραιτεῖσθαι.</strong></span> <span class='ocrx_word' id='word_1_266' title='bbox 1653 2011 1722 2067; x_wconf 83' lang='grc' dir='ltr'><strong>Οἱ</strong></span> <span class='ocrx_word' id='word_1_267' title='bbox 1771 2008 1817 2065; x_wconf 90' lang='grc' dir='ltr'><strong>δ’</strong></span> <span class='ocrx_word' id='word_1_268' title='bbox 1875 2011 1950 2073; x_wconf 83' lang='grc' dir='ltr'><strong>ὡς</strong></span> <span class='ocrx_word' id='word_1_269' title='bbox 2002 2010 2276 2077; x_wconf 82' lang='grc' dir='ltr'><strong>πολλάκις</strong></span> 
     </span>
    </p>
   </div>
   <div class='ocr_carea' id='block_1_36' title="bbox 640 2094 2279 2177">
    <p class='ocr_par' dir='ltr' id='par_1_36' title="bbox 640 2094 2279 2177">
     <span class='ocr_line' id='line_1_36' title="bbox 640 2094 2279 2177; baseline 0.005 -25"><span class='ocrx_word' id='word_1_270' title='bbox 640 2094 1037 2172; x_wconf 80' lang='grc' dir='ltr'><strong>προϐαλόντες,</strong></span> <span class='ocrx_word' id='word_1_271' title='bbox 1062 2100 1143 2168; x_wconf 75' lang='grc' dir='ltr'><strong>έφ⁹</strong></span> <span class='ocrx_word' id='word_1_272' title='bbox 1173 2101 1219 2172; x_wconf 81' lang='grc' dir='ltr'><strong><em>ᾧ</em></strong></span> <span class='ocrx_word' id='word_1_273' title='bbox 1244 2107 1341 2169; x_wconf 77' lang='grc' dir='ltr'><strong>τῆς</strong></span> <span class='ocrx_word' id='word_1_274' title='bbox 1398 2100 1605 2155; x_wconf 75' lang='grc' dir='ltr'><strong>ἰκείνου</strong></span> <span class='ocrx_word' id='word_1_275' title='bbox 1654 2101 1878 2177; x_wconf 85' lang='grc' dir='ltr'><strong>γνώμης</strong></span> <span class='ocrx_word' id='word_1_276' title='bbox 1934 2106 2279 2177; x_wconf 79' lang='grc' dir='ltr'><strong>κρατήσειαν,</strong></span> 
     </span>
    </p>
   </div>
   <div class='ocr_carea' id='block_1_37' title="bbox 634 2184 2274 2265">
    <p class='ocr_par' dir='ltr' id='par_1_37' title="bbox 634 2184 2274 2265">
     <span class='ocr_line' id='line_1_37' title="bbox 634 2184 2274 2265; baseline 0.005 -24"><span class='ocrx_word' id='word_1_277' title='bbox 634 2184 686 2241; x_wconf 68' lang='grc' dir='ltr'><strong>έν</strong></span> <span class='ocrx_word' id='word_1_278' title='bbox 744 2189 1028 2264; x_wconf 79' lang='grc' dir='ltr'><strong>ἀμηχανίᾳ</strong></span> <span class='ocrx_word' id='word_1_279' title='bbox 1082 2193 1177 2244; x_wconf 82' lang='grc' dir='ltr'><strong>τοῦ</strong></span> <span class='ocrx_word' id='word_1_280' title='bbox 1231 2191 1482 2262; x_wconf 84' lang='grc' dir='ltr'><strong>πράττειν</strong></span> <span class='ocrx_word' id='word_1_281' title='bbox 1532 2210 1583 2243; x_wconf 88' lang='grc' dir='ltr'><strong>τι</strong></span> <span class='ocrx_word' id='word_1_282' title='bbox 1631 2190 1720 2243; x_wconf 87' lang='grc' dir='ltr'><strong>καὶ</strong></span> <span class='ocrx_word' id='word_1_283' title='bbox 1774 2190 1951 2245; x_wconf 86' lang='grc' dir='ltr'><strong>ἀνύειν</strong></span> <span class='ocrx_word' id='word_1_284' title='bbox 2009 2191 2274 2265; x_wconf 80' lang='grc' dir='ltr'><strong>ἐγένοντο,</strong></span> 
     </span>
    </p>
   </div>
   <div class='ocr_carea' id='block_1_38' title="bbox 635 2273 2280 2352">
    <p class='ocr_par' dir='ltr' id='par_1_38' title="bbox 635 2273 2280 2352">
     <span class='ocr_line' id='line_1_38' title="bbox 635 2273 2280 2352; baseline 0.005 -23"><span class='ocrx_word' id='word_1_285' title='bbox 635 2277 767 2348; x_wconf 78' lang='grc' dir='ltr'><strong>ὅπερ</strong></span> <span class='ocrx_word' id='word_1_286' title='bbox 824 2279 975 2352; x_wconf 83' lang='grc' dir='ltr'><strong>εἶχον</strong></span> <span class='ocrx_word' id='word_1_287' title='bbox 1031 2273 1102 2330; x_wconf 86' lang='grc' dir='ltr'><strong>δι’</strong></span> <span class='ocrx_word' id='word_1_288' title='bbox 1157 2275 1481 2351; x_wconf 69' lang='grc' dir='ltr'><strong>ἀπορρήτων</strong></span> <span class='ocrx_word' id='word_1_289' title='bbox 1539 2276 1835 2352; x_wconf 85' lang='grc' dir='ltr'><strong>πράττειν,</strong></span> <span class='ocrx_word' id='word_1_290' title='bbox 1905 2276 1993 2332; x_wconf 77' lang='grc' dir='ltr'><strong>ἐπὶ</strong></span> <span class='ocrx_word' id='word_1_291' title='bbox 2066 2280 2280 2347; x_wconf 89' lang='grc' dir='ltr'><strong>τούτοις</strong></span> 
     </span>
    </p>
   </div>
   <div class='ocr_carea' id='block_1_39' title="bbox 633 2364 2283 2443">
    <p class='ocr_par' dir='ltr' id='par_1_39' title="bbox 633 2364 2283 2443">
     <span class='ocr_line' id='line_1_39' title="bbox 633 2364 2283 2443; baseline 0.003 -23"><span class='ocrx_word' id='word_1_292' title='bbox 633 2364 931 2443; x_wconf 68' lang='grc' dir='ltr'><strong>ἐξέφαινον.</strong></span> <span class='ocrx_word' id='word_1_293' title='bbox 966 2366 1064 2421; x_wconf 78' lang='grc' dir='ltr'><strong>Καὶ</strong></span> <span class='ocrx_word' id='word_1_294' title='bbox 1119 2365 1468 2437; x_wconf 78' lang='grc' dir='ltr'><strong>έξαιτούντων</strong></span> <span class='ocrx_word' id='word_1_295' title='bbox 1528 2364 1744 2421; x_wconf 76' lang='grc' dir='ltr'><strong>έκείνων</strong></span> <span class='ocrx_word' id='word_1_296' title='bbox 1802 2368 2123 2443; x_wconf 88' lang='grc' dir='ltr'><strong>παραίτησιν</strong></span> <span class='ocrx_word' id='word_1_297' title='bbox 2198 2370 2283 2425; x_wconf 80' lang='grc' dir='ltr'><strong>εύο</strong></span> 
     </span>
    </p>
   </div>
   <div class='ocr_carea' id='block_1_40' title="bbox 635 2453 2283 2533">
    <p class='ocr_par' dir='ltr' id='par_1_40' title="bbox 635 2453 2283 2533">
     <span class='ocr_line' id='line_1_40' title="bbox 635 2453 2283 2533; baseline 0.002 -21"><span class='ocrx_word' id='word_1_298' title='bbox 635 2458 727 2523; x_wconf 79' lang='grc' dir='ltr'><strong>θὺς</strong></span> <span class='ocrx_word' id='word_1_299' title='bbox 772 2461 1085 2533; x_wconf 77' lang='grc' dir='ltr'><strong>παρῃτεῖτο.</strong></span> <span class='ocrx_word' id='word_1_300' title='bbox 1144 2458 1233 2519; x_wconf 80' lang='grc' dir='ltr'><strong>Ὠς</strong></span> <span class='ocrx_word' id='word_1_301' title='bbox 1266 2453 1309 2511; x_wconf 89' lang='grc' dir='ltr'><strong>δ’</strong></span> <span class='ocrx_word' id='word_1_302' title='bbox 1338 2454 1446 2511; x_wconf 73' lang='grc' dir='ltr'><strong>ἔδει</strong></span> <span class='ocrx_word' id='word_1_303' title='bbox 1505 2458 1883 2521; x_wconf 74' lang='grc' dir='ltr'><strong>συντάττεσθαι</strong></span> <span class='ocrx_word' id='word_1_304' title='bbox 1940 2458 2139 2529; x_wconf 84' lang='grc' dir='ltr'><strong>τσύτην</strong></span> <span class='ocrx_word' id='word_1_305' title='bbox 2194 2463 2283 2517; x_wconf 82' lang='grc' dir='ltr'><strong>καὶ</strong></span> 
     </span>
    </p>
   </div>
   <div class='ocr_carea' id='block_1_41' title="bbox 636 2637 2285 2713">
    <p class='ocr_par' dir='ltr' id='par_1_41' title="bbox 636 2637 2285 2713">
     <span class='ocr_line' id='line_1_41' title="bbox 636 2637 2285 2713; baseline 0.002 -19"><span class='ocrx_word' id='word_1_306' title='bbox 636 2639 803 2711; x_wconf 89' lang='lat' dir='ltr'><strong>prius</strong></span> <span class='ocrx_word' id='word_1_307' title='bbox 834 2638 1166 2711; x_wconf 79' lang='lat' dir='ltr'><strong>oportuisse</strong></span> <span class='ocrx_word' id='word_1_308' title='bbox 1196 2637 1512 2709; x_wconf 89' lang='lat' dir='ltr'><strong>signiﬁcari</strong></span> <span class='ocrx_word' id='word_1_309' title='bbox 1543 2638 1877 2694; x_wconf 78' lang='lat' dir='ltr'><strong>convocatis</strong></span> <span class='ocrx_word' id='word_1_310' title='bbox 1908 2640 1980 2695; x_wconf 88' lang='lat' dir='ltr'><strong>ad</strong></span> <span class='ocrx_word' id='word_1_311' title='bbox 2014 2640 2070 2695; x_wconf 89' lang='lat' dir='ltr'>id</span> <span class='ocrx_word' id='word_1_312' title='bbox 2091 2642 2285 2713; x_wconf 91' lang='lat' dir='ltr'><strong>ipsum</strong></span> 
     </span>
    </p>
   </div>
   <div class='ocr_carea' id='block_1_42' title="bbox 633 2726 2289 2800">
    <p class='ocr_par' dir='ltr' id='par_1_42' title="bbox 633 2726 2289 2800">
     <span class='ocr_line' id='line_1_42' title="bbox 633 2726 2289 2800; baseline 0.003 -17"><span class='ocrx_word' id='word_1_313' title='bbox 633 2727 924 2797; x_wconf 88' lang='lat' dir='ltr'><strong>Patribus,</strong></span> <span class='ocrx_word' id='word_1_314' title='bbox 950 2732 1008 2783; x_wconf 90' lang='lat' dir='ltr'><strong>et</strong></span> <span class='ocrx_word' id='word_1_315' title='bbox 1030 2728 1454 2800; x_wconf 90' lang='lat' dir='ltr'><strong>perquirendas</strong></span> <span class='ocrx_word' id='word_1_316' title='bbox 1477 2726 1739 2799; x_wconf 84' lang='lat' dir='ltr'><strong>ipsorum</strong></span> <span class='ocrx_word' id='word_1_317' title='bbox 1770 2728 1841 2783; x_wconf 90' lang='lat' dir='ltr'><strong>de</strong></span> <span class='ocrx_word' id='word_1_318' title='bbox 1872 2730 2129 2787; x_wconf 91' lang='lat' dir='ltr'><strong>remedio</strong></span> <span class='ocrx_word' id='word_1_319' title='bbox 2152 2748 2289 2788; x_wconf 90' lang='lat' dir='ltr'><strong>sen-</strong></span> 
     </span>
    </p>
   </div>
   <div class='ocr_carea' id='block_1_43' title="bbox 628 2816 2284 2890">
    <p class='ocr_par' dir='ltr' id='par_1_43' title="bbox 628 2816 2284 2890">
     <span class='ocr_line' id='line_1_43' title="bbox 628 2816 2284 2890; baseline 0.003 -18"><span class='ocrx_word' id='word_1_320' title='bbox 628 2816 869 2887; x_wconf 83' lang='lat' dir='ltr'><strong>tentias,</strong></span> <span class='ocrx_word' id='word_1_321' title='bbox 902 2833 969 2872; x_wconf 92' lang='lat' dir='ltr'><strong>ac</strong></span> <span class='ocrx_word' id='word_1_322' title='bbox 999 2833 1068 2872; x_wconf 84' lang='lat' dir='ltr'><strong>ex</strong></span> <span class='ocrx_word' id='word_1_323' title='bbox 1098 2833 1303 2873; x_wconf 92' lang='lat' dir='ltr'><strong>eorum</strong></span> <span class='ocrx_word' id='word_1_324' title='bbox 1353 2816 1618 2873; x_wconf 85' lang='lat' dir='ltr'><strong>consiliis</strong></span> <span class='ocrx_word' id='word_1_325' title='bbox 1670 2818 2038 2875; x_wconf 90' lang='lat' dir='ltr'><strong>emendanda</strong></span> <span class='ocrx_word' id='word_1_326' title='bbox 2076 2836 2201 2890; x_wconf 69' lang='lat' dir='ltr'><strong>quae</strong></span> <span class='ocrx_word' id='word_1_327' title='bbox 2253 2838 2284 2876; x_wconf 90' lang='lat' dir='ltr'><strong>a</strong></span> 
     </span>
    </p>
   </div>
   <div class='ocr_carea' id='block_1_44' title="bbox 632 2906 2283 2980">
    <p class='ocr_par' dir='ltr' id='par_1_44' title="bbox 632 2906 2283 2980">
     <span class='ocr_line' id='line_1_44' title="bbox 632 2906 2283 2980; baseline 0.002 -16"><span class='ocrx_word' id='word_1_328' title='bbox 632 2913 788 2965; x_wconf 88' lang='lat' dir='ltr'><strong>recto</strong></span> <span class='ocrx_word' id='word_1_329' title='bbox 824 2907 1207 2977; x_wconf 82' lang='lat' dir='ltr'><strong>declinarent,</strong></span> <span class='ocrx_word' id='word_1_330' title='bbox 1234 2906 1575 2964; x_wconf 89' lang='lat' dir='ltr'><strong>aucloritate</strong></span> <span class='ocrx_word' id='word_1_331' title='bbox 1597 2924 1724 2979; x_wconf 63' lang='lat' dir='ltr'><strong>qua</strong></span> <span class='ocrx_word' id='word_1_332' title='bbox 1755 2907 1813 2962; x_wconf 90' lang='lat' dir='ltr'><strong>in</strong></span> <span class='ocrx_word' id='word_1_333' title='bbox 1847 2908 1971 2980; x_wconf 91' lang='lat' dir='ltr'><strong>ipso</strong></span> <span class='ocrx_word' id='word_1_334' title='bbox 2002 2910 2283 2967; x_wconf 74' lang='lat' dir='ltr'><strong>resideret</strong></span> 
     </span>
    </p>
   </div>
   <div class='ocr_carea' id='block_1_45' title="bbox 633 2997 2282 3071">
    <p class='ocr_par' dir='ltr' id='par_1_45' title="bbox 633 2997 2282 3071">
     <span class='ocr_line' id='line_1_45' title="bbox 633 2997 2282 3071; baseline 0.001 -16"><span class='ocrx_word' id='word_1_335' title='bbox 633 3002 835 3071; x_wconf 82' lang='lat' dir='ltr'><strong>utpote</strong></span> <span class='ocrx_word' id='word_1_336' title='bbox 871 2997 1229 3069; x_wconf 81' lang='lat' dir='ltr'><strong>patriarcha,</strong></span> <span class='ocrx_word' id='word_1_337' title='bbox 1259 3013 1432 3068; x_wconf 88' lang='lat' dir='ltr'><strong>quem</strong></span> <span class='ocrx_word' id='word_1_338' title='bbox 1466 2998 1695 3053; x_wconf 86' lang='lat' dir='ltr'><strong>deceret</strong></span> <span class='ocrx_word' id='word_1_339' title='bbox 1725 2997 1965 3069; x_wconf 88' lang='lat' dir='ltr'><strong>plurimi</strong></span> <span class='ocrx_word' id='word_1_340' title='bbox 1996 3000 2185 3056; x_wconf 82' lang='lat' dir='ltr'><strong>facere</strong></span> <span class='ocrx_word' id='word_1_341' title='bbox 2216 3018 2282 3057; x_wconf 88' lang='lat' dir='ltr'><strong>ac</strong></span> 
     </span>
    </p>
   </div>
   <div class='ocr_carea' id='block_1_46' title="bbox 628 3085 2283 3159">
    <p class='ocr_par' dir='ltr' id='par_1_46' title="bbox 628 3085 2283 3159">
     <span class='ocr_line' id='line_1_46' title="bbox 628 3085 2283 3159; baseline 0.001 -17"><span class='ocrx_word' id='word_1_342' title='bbox 628 3085 1075 3158; x_wconf 81' lang='lat' dir='ltr'><strong>religiosissime</strong></span> <span class='ocrx_word' id='word_1_343' title='bbox 1106 3086 1699 3146; x_wconf 78' lang='lat' dir='ltr'><strong>observareeanones</strong></span> <span class='ocrx_word' id='word_1_344' title='bbox 1729 3085 1991 3155; x_wconf 83' lang='lat' dir='ltr'><strong>Patrum,</strong></span> <span class='ocrx_word' id='word_1_345' title='bbox 2034 3092 2091 3142; x_wconf 91' lang='lat' dir='ltr'><strong>et</strong></span> <span class='ocrx_word' id='word_1_346' title='bbox 2111 3089 2283 3159; x_wconf 86' lang='lat' dir='ltr'><strong>juxta</strong></span> 
     </span>
    </p>
   </div>
   <div class='ocr_carea' id='block_1_47' title="bbox 628 3176 2277 3247">
    <p class='ocr_par' dir='ltr' id='par_1_47' title="bbox 628 3176 2277 3247">
     <span class='ocr_line' id='line_1_47' title="bbox 628 3176 2277 3247; baseline 0.001 -14"><span class='ocrx_word' id='word_1_347' title='bbox 628 3177 779 3233; x_wconf 92' lang='lat' dir='ltr'><strong>scita</strong></span> <span class='ocrx_word' id='word_1_348' title='bbox 806 3192 1013 3233; x_wconf 89' lang='lat' dir='ltr'><strong>eorum</strong></span> <span class='ocrx_word' id='word_1_349' title='bbox 1044 3176 1217 3232; x_wconf 89' lang='lat' dir='ltr'><strong>modo</strong></span> <span class='ocrx_word' id='word_1_350' title='bbox 1250 3190 1515 3247; x_wconf 82' lang='lat' dir='ltr'><strong>arguere,</strong></span> <span class='ocrx_word' id='word_1_351' title='bbox 1547 3176 1722 3230; x_wconf 91' lang='lat' dir='ltr'><strong>modo</strong></span> <span class='ocrx_word' id='word_1_352' title='bbox 1752 3176 2078 3246; x_wconf 88' lang='lat' dir='ltr'><strong>obsecrare,</strong></span> <span class='ocrx_word' id='word_1_353' title='bbox 2104 3178 2277 3234; x_wconf 91' lang='lat' dir='ltr'><strong>modo</strong></span> 
     </span>
    </p>
   </div>
   <div class='ocr_carea' id='block_1_48' title="bbox 2391 1913 4027 1992">
    <p class='ocr_par' dir='ltr' id='par_1_48' title="bbox 2391 1913 4027 1992">
     <span class='ocr_line' id='line_1_48' title="bbox 2391 1913 4027 1992; baseline -0.001 -21"><span class='ocrx_word' id='word_1_354' title='bbox 2391 1937 2470 1992; x_wconf 85' lang='grc' dir='ltr'><strong>ρει</strong></span> <span class='ocrx_word' id='word_1_355' title='bbox 2504 1913 2823 1989; x_wconf 78' lang='grc' dir='ltr'><strong>λαμϐάνειν,</strong></span> <span class='ocrx_word' id='word_1_356' title='bbox 2855 1917 2901 1972; x_wconf 76' lang='grc' dir='ltr'><strong>εἰ</strong></span> <span class='ocrx_word' id='word_1_357' title='bbox 2949 1916 3260 1992; x_wconf 85' lang='grc' dir='ltr'><strong>βούλοιντο.</strong></span> <span class='ocrx_word' id='word_1_358' title='bbox 3293 1918 3353 1974; x_wconf 83' lang='grc' dir='ltr'>Ὀ</span> <span class='ocrx_word' id='word_1_359' title='bbox 3405 1916 3659 1992; x_wconf 80' lang='grc' dir='ltr'><strong>βασιλεὺς</strong></span> <span class='ocrx_word' id='word_1_360' title='bbox 3693 1913 3741 1971; x_wconf 81' lang='grc' dir='ltr'><strong>δ’</strong></span> <span class='ocrx_word' id='word_1_361' title='bbox 3771 1916 3857 1971; x_wconf 65' lang='grc' dir='ltr'><strong>ἐπὶ</strong></span> <span class='ocrx_word' id='word_1_362' title='bbox 3904 1918 4027 1971; x_wconf 79' lang='grc' dir='ltr'><strong>τού·</strong></span> 
     </span>
    </p>
   </div>
   <div class='ocr_carea' id='block_1_49' title="bbox 2388 2006 4027 2083">
    <p class='ocr_par' dir='ltr' id='par_1_49' title="bbox 2388 2006 4027 2083">
     <span class='ocr_line' id='line_1_49' title="bbox 2388 2006 4027 2083; baseline -0.001 -20"><span class='ocrx_word' id='word_1_363' title='bbox 2388 2029 2507 2070; x_wconf 91' lang='grc' dir='ltr'><strong>τοις</strong></span> <span class='ocrx_word' id='word_1_364' title='bbox 2567 2008 2750 2064; x_wconf 79' lang='grc' dir='ltr'><strong>οὐκέτι</strong></span> <span class='ocrx_word' id='word_1_365' title='bbox 2812 2008 3030 2064; x_wconf 88' lang='grc' dir='ltr'><strong>ἀνεκτὸν</strong></span> <span class='ocrx_word' id='word_1_366' title='bbox 3084 2007 3389 2083; x_wconf 74' lang='grc' dir='ltr'><strong>ἡγούμενος</strong></span> <span class='ocrx_word' id='word_1_367' title='bbox 3439 2006 3748 2080; x_wconf 81' lang='grc' dir='ltr'><strong>ἀναμένειν,</strong></span> <span class='ocrx_word' id='word_1_368' title='bbox 3786 2007 3860 2069; x_wconf 75' lang='grc' dir='ltr'><strong>εἰς</strong></span> <span class='ocrx_word' id='word_1_369' title='bbox 3912 2010 4027 2062; x_wconf 76' lang='grc' dir='ltr'><strong>ἱκα-</strong></span> 
     </span>
    </p>
   </div>
   <div class='ocr_carea' id='block_1_50' title="bbox 2388 2096 4028 2175">
    <p class='ocr_par' dir='ltr' id='par_1_50' title="bbox 2388 2096 4028 2175">
     <span class='ocr_line' id='line_1_50' title="bbox 2388 2096 4028 2175; baseline -0.001 -24"><span class='ocrx_word' id='word_1_370' title='bbox 2388 2100 2484 2166; x_wconf 81' lang='grc' dir='ltr'><strong>νὴν</strong></span> <span class='ocrx_word' id='word_1_371' title='bbox 2540 2098 2839 2175; x_wconf 86' lang='grc' dir='ltr'><strong>ἀπολογίαν</strong></span> <span class='ocrx_word' id='word_1_372' title='bbox 2898 2103 2979 2170; x_wconf 80' lang='grc' dir='ltr'><strong>τῷ</strong></span> <span class='ocrx_word' id='word_1_373' title='bbox 3034 2097 3347 2173; x_wconf 80' lang='grc' dir='ltr'><strong>πατριάρχῃ</strong></span> <span class='ocrx_word' id='word_1_374' title='bbox 3395 2102 3504 2153; x_wconf 82' lang='grc' dir='ltr'><strong>τῶν</strong></span> <span class='ocrx_word' id='word_1_375' title='bbox 3560 2096 4028 2171; x_wconf 71' lang='grc' dir='ltr'><strong>ἐπιγενησδμένων</strong></span> 
     </span>
    </p>
   </div>
   <div class='ocr_carea' id='block_1_51' title="bbox 2391 2186 4033 2264">
    <p class='ocr_par' dir='ltr' id='par_1_51' title="bbox 2391 2186 4033 2264">
     <span class='ocr_line' id='line_1_51' title="bbox 2391 2186 4033 2264; baseline -0.001 -22"><span class='ocrx_word' id='word_1_376' title='bbox 2391 2190 2477 2243; x_wconf 84' lang='grc' dir='ltr'><strong>καὶ</strong></span> <span class='ocrx_word' id='word_1_377' title='bbox 2539 2191 2638 2258; x_wconf 81' lang='grc' dir='ltr'><strong>τήν</strong></span> <span class='ocrx_word' id='word_1_378' title='bbox 2687 2192 2815 2264; x_wconf 84' lang='grc' dir='ltr'><strong>παρ’</strong></span> <span class='ocrx_word' id='word_1_379' title='bbox 2845 2190 3037 2243; x_wconf 72' lang='grc' dir='ltr'><strong>ἑαυτοῦ</strong></span> <span class='ocrx_word' id='word_1_380' title='bbox 3094 2188 3327 2261; x_wconf 77' lang='grc' dir='ltr'><strong>λιπαρὰν</strong></span> <span class='ocrx_word' id='word_1_381' title='bbox 3380 2186 3605 2259; x_wconf 83' lang='grc' dir='ltr'><strong>νομίσας</strong></span> <span class='ocrx_word' id='word_1_382' title='bbox 3651 2186 3889 2259; x_wconf 77' lang='grc' dir='ltr'><strong>ἀξίωσιν,</strong></span> <span class='ocrx_word' id='word_1_383' title='bbox 3938 2188 4033 2241; x_wconf 80' lang='grc' dir='ltr'><strong>ἆλ-</strong></span> 
     </span>
    </p>
   </div>
   <div class='ocr_carea' id='block_1_52' title="bbox 2395 2276 4033 2355">
    <p class='ocr_par' dir='ltr' id='par_1_52' title="bbox 2395 2276 4033 2355">
     <span class='ocr_line' id='line_1_52' title="bbox 2395 2276 4033 2355; baseline -0.002 -22"><span class='ocrx_word' id='word_1_384' title='bbox 2395 2277 2509 2341; x_wconf 90' lang='grc' dir='ltr'><strong>λως</strong></span> <span class='ocrx_word' id='word_1_385' title='bbox 2564 2299 2622 2333; x_wconf 85' lang='grc' dir='ltr'><strong>τε</strong></span> <span class='ocrx_word' id='word_1_386' title='bbox 2672 2277 2728 2333; x_wconf 73' lang='grc' dir='ltr'><strong>δὲ</strong></span> <span class='ocrx_word' id='word_1_387' title='bbox 2775 2280 2992 2333; x_wconf 76' lang='grc' dir='ltr'><strong>καὶτοῦ</strong></span> <span class='ocrx_word' id='word_1_388' title='bbox 3022 2278 3249 2355; x_wconf 80' lang='grc' dir='ltr'><strong>Ἐφέσου</strong></span> <span class='ocrx_word' id='word_1_389' title='bbox 3280 2276 3595 2352; x_wconf 77' lang='grc' dir='ltr'><strong>Νικηφόρου</strong></span> <span class='ocrx_word' id='word_1_390' title='bbox 3637 2277 3713 2349; x_wconf 79' lang='grc' dir='ltr'><strong>μὴ</strong></span> <span class='ocrx_word' id='word_1_391' title='bbox 3762 2276 3897 2331; x_wconf 79' lang='grc' dir='ltr'><strong>κατά</strong></span> <span class='ocrx_word' id='word_1_392' title='bbox 3940 2298 4033 2330; x_wconf 87' lang='grc' dir='ltr'><strong>κα-</strong></span> 
     </span>
    </p>
   </div>
   <div class='ocr_carea' id='block_1_53' title="bbox 2392 2360 4035 2445">
    <p class='ocr_par' dir='ltr' id='par_1_53' title="bbox 2392 2360 4035 2445">
     <span class='ocr_line' id='line_1_53' title="bbox 2392 2360 4035 2445; baseline -0.003 -22"><span class='ocrx_word' id='word_1_393' title='bbox 2392 2370 2547 2431; x_wconf 88' lang='grc' dir='ltr'><strong>νόνας</strong></span> <span class='ocrx_word' id='word_1_394' title='bbox 2574 2364 2846 2445; x_wconf 75' lang='grc' dir='ltr'><strong>προϐῆναι</strong></span> <span class='ocrx_word' id='word_1_395' title='bbox 2875 2369 2976 2437; x_wconf 82' lang='grc' dir='ltr'><strong>τὴν</strong></span> <span class='ocrx_word' id='word_1_396' title='bbox 3009 2364 3351 2443; x_wconf 88' lang='grc' dir='ltr'><strong>χειροτονίαν</strong></span> <span class='ocrx_word' id='word_1_397' title='bbox 3404 2366 3613 2421; x_wconf 68' lang='grc' dir='ltr'><strong>ἰκείνου</strong></span> <span class='ocrx_word' id='word_1_398' title='bbox 3667 2360 4035 2421; x_wconf 75' lang='grc' dir='ltr'><strong>διαϐεϐαιοῦν-</strong></span> 
     </span>
    </p>
   </div>
   <div class='ocr_carea' id='block_1_54' title="bbox 2390 2453 4037 2535">
    <p class='ocr_par' dir='ltr' id='par_1_54' title="bbox 2390 2453 4037 2535">
     <span class='ocr_line' id='line_1_54' title="bbox 2390 2453 4037 2535; baseline -0.004 -18"><span class='ocrx_word' id='word_1_399' title='bbox 2390 2483 2483 2523; x_wconf 91' lang='grc' dir='ltr'><strong>τος</strong></span> <span class='ocrx_word' id='word_1_400' title='bbox 2540 2456 2772 2535; x_wconf 82' lang='grc' dir='ltr'><strong>(σπουδὴ</strong></span> <span class='ocrx_word' id='word_1_401' title='bbox 2832 2459 2933 2535; x_wconf 78' lang='grc' dir='ltr'><strong>γὰρ</strong></span> <span class='ocrx_word' id='word_1_402' title='bbox 2981 2459 3047 2527; x_wconf 80' lang='grc' dir='ltr'><strong>ἦν</strong></span> <span class='ocrx_word' id='word_1_403' title='bbox 3095 2461 3193 2513; x_wconf 79' lang='grc' dir='ltr'><strong>τοῦ</strong></span> <span class='ocrx_word' id='word_1_404' title='bbox 3222 2457 3344 2513; x_wconf 86' lang='grc' dir='ltr'><strong>τότε</strong></span> <span class='ocrx_word' id='word_1_405' title='bbox 3372 2460 3699 2533; x_wconf 76' lang='grc' dir='ltr'><strong>κρατοῦντος</strong></span> <span class='ocrx_word' id='word_1_406' title='bbox 3756 2453 4037 2531; x_wconf 78' lang='grc' dir='ltr'><strong>Θεοδώρου</strong></span> 
     </span>
    </p>
   </div>
   <div class='ocr_carea' id='block_1_55' title="bbox 2398 2636 4037 2715">
    <p class='ocr_par' dir='ltr' id='par_1_55' title="bbox 2398 2636 4037 2715">
     <span class='ocr_line' id='line_1_55' title="bbox 2398 2636 4037 2715; baseline -0.005 -16"><span class='ocrx_word' id='word_1_407' title='bbox 2398 2658 2733 2709; x_wconf 89' lang='lat' dir='ltr'><strong>successus,</strong></span> <span class='ocrx_word' id='word_1_408' title='bbox 2766 2640 2815 2696; x_wconf 90' lang='lat' dir='ltr'><strong>si</strong></span> <span class='ocrx_word' id='word_1_409' title='bbox 2846 2642 3156 2712; x_wconf 84' lang='lat' dir='ltr'><strong>pergerent</strong></span> <span class='ocrx_word' id='word_1_410' title='bbox 3184 2640 3425 2705; x_wconf 89' lang='lat' dir='ltr'><strong>instare,</strong></span> <span class='ocrx_word' id='word_1_411' title='bbox 3456 2638 3603 2695; x_wconf 82' lang='lat' dir='ltr'><strong>satis</strong></span> <span class='ocrx_word' id='word_1_412' title='bbox 3650 2636 3935 2715; x_wconf 76' lang='lat' dir='ltr'><strong>constitit,</strong></span> <span class='ocrx_word' id='word_1_413' title='bbox 3967 2637 4037 2693; x_wconf 92' lang='lat' dir='ltr'><strong>ad</strong></span> 
     </span>
    </p>
   </div>
   <div class='ocr_carea' id='block_1_56' title="bbox 2396 2730 4038 2804">
    <p class='ocr_par' dir='ltr' id='par_1_56' title="bbox 2396 2730 4038 2804">
     <span class='ocr_line' id='line_1_56' title="bbox 2396 2730 4038 2804; baseline -0.004 -16"><span class='ocrx_word' id='word_1_414' title='bbox 2396 2748 2463 2789; x_wconf 87' lang='lat' dir='ltr'><strong>ea</strong></span> <span class='ocrx_word' id='word_1_415' title='bbox 2512 2748 2634 2804; x_wconf 69' lang='lat' dir='ltr'><strong>qua:</strong></span> <span class='ocrx_word' id='word_1_416' title='bbox 2665 2731 2725 2787; x_wconf 89' lang='lat' dir='ltr'><strong>in</strong></span> <span class='ocrx_word' id='word_1_417' title='bbox 2754 2730 2984 2786; x_wconf 88' lang='lat' dir='ltr'><strong>arcanis</strong></span> <span class='ocrx_word' id='word_1_418' title='bbox 3033 2730 3308 2785; x_wconf 86' lang='lat' dir='ltr'><strong>mandata</strong></span> <span class='ocrx_word' id='word_1_419' title='bbox 3354 2736 3647 2801; x_wconf 87' lang='lat' dir='ltr'><strong>postremo</strong></span> <span class='ocrx_word' id='word_1_420' title='bbox 3696 2733 4038 2799; x_wconf 84' lang='lat' dir='ltr'><strong>acceperant</strong></span> 
     </span>
    </p>
   </div>
   <div class='ocr_carea' id='block_1_57' title="bbox 2395 2817 4040 2893">
    <p class='ocr_par' dir='ltr' id='par_1_57' title="bbox 2395 2817 4040 2893">
     <span class='ocr_line' id='line_1_57' title="bbox 2395 2817 4040 2893; baseline -0.004 -15"><span class='ocrx_word' id='word_1_421' title='bbox 2395 2823 2547 2879; x_wconf 91' lang='lat' dir='ltr'><strong>circa</strong></span> <span class='ocrx_word' id='word_1_422' title='bbox 2568 2820 2860 2893; x_wconf 88' lang='lat' dir='ltr'><strong>optionem</strong></span> <span class='ocrx_word' id='word_1_423' title='bbox 2883 2819 3237 2876; x_wconf 68' lang='lat' dir='ltr'><strong>offerendam</strong></span> <span class='ocrx_word' id='word_1_424' title='bbox 3257 2820 3632 2876; x_wconf 87' lang='lat' dir='ltr'><strong>devenerunt.</strong></span> <span class='ocrx_word' id='word_1_425' title='bbox 3656 2818 3736 2873; x_wconf 84' lang='lat' dir='ltr'><strong>Ea</strong></span> <span class='ocrx_word' id='word_1_426' title='bbox 3758 2833 3818 2872; x_wconf 91' lang='lat' dir='ltr'><strong>re</strong></span> <span class='ocrx_word' id='word_1_427' title='bbox 3835 2817 4040 2873; x_wconf 83' lang='lat' dir='ltr'><strong>audita</strong></span> 
     </span>
    </p>
   </div>
   <div class='ocr_carea' id='block_1_58' title="bbox 2394 2908 4039 2984">
    <p class='ocr_par' dir='ltr' id='par_1_58' title="bbox 2394 2908 4039 2984">
     <span class='ocr_line' id='line_1_58' title="bbox 2394 2908 4039 2984; baseline -0.004 -15"><span class='ocrx_word' id='word_1_428' title='bbox 2394 2913 2730 2984; x_wconf 90' lang='lat' dir='ltr'><strong>patriarcha</strong></span> <span class='ocrx_word' id='word_1_429' title='bbox 2760 2913 2957 2969; x_wconf 88' lang='lat' dir='ltr'><strong>statim</strong></span> <span class='ocrx_word' id='word_1_430' title='bbox 2992 2927 3054 2966; x_wconf 91' lang='lat' dir='ltr'><strong>se</strong></span> <span class='ocrx_word' id='word_1_431' title='bbox 3086 2911 3211 2967; x_wconf 86' lang='lat' dir='ltr'><strong>loco</strong></span> <span class='ocrx_word' id='word_1_432' title='bbox 3242 2926 3548 2967; x_wconf 89' lang='lat' dir='ltr'><strong>cessurum</strong></span> <span class='ocrx_word' id='word_1_433' title='bbox 3581 2909 3745 2964; x_wconf 84' lang='lat' dir='ltr'><strong>dixit.</strong></span> <span class='ocrx_word' id='word_1_434' title='bbox 3780 2912 3862 2963; x_wconf 82' lang='lat' dir='ltr'><strong>Ac</strong></span> <span class='ocrx_word' id='word_1_435' title='bbox 3901 2908 4039 2980; x_wconf 86' lang='lat' dir='ltr'><strong>quia</strong></span> 
     </span>
    </p>
   </div>
   <div class='ocr_carea' id='block_1_59' title="bbox 2394 2998 4038 3070">
    <p class='ocr_par' dir='ltr' id='par_1_59' title="bbox 2394 2998 4038 3070">
     <span class='ocr_line' id='line_1_59' title="bbox 2394 2998 4038 3070; baseline -0.003 -13"><span class='ocrx_word' id='word_1_436' title='bbox 2394 3002 2664 3059; x_wconf 89' lang='lat' dir='ltr'><strong>libellum</strong></span> <span class='ocrx_word' id='word_1_437' title='bbox 2695 3002 2980 3058; x_wconf 89' lang='lat' dir='ltr'><strong>cessionis</strong></span> <span class='ocrx_word' id='word_1_438' title='bbox 3011 3001 3264 3057; x_wconf 86' lang='lat' dir='ltr'><strong>indicem</strong></span> <span class='ocrx_word' id='word_1_439' title='bbox 3296 2999 3665 3057; x_wconf 85' lang='lat' dir='ltr'><strong>conscribere</strong></span> <span class='ocrx_word' id='word_1_440' title='bbox 3711 2998 4038 3070; x_wconf 83' lang='lat' dir='ltr'><strong>oportebat,</strong></span> 
     </span>
    </p>
   </div>
   <div class='ocr_carea' id='block_1_60' title="bbox 2391 3089 4041 3164">
    <p class='ocr_par' dir='ltr' id='par_1_60' title="bbox 2391 3089 4041 3164">
     <span class='ocr_line' id='line_1_60' title="bbox 2391 3089 4041 3164; baseline -0.004 -15"><span class='ocrx_word' id='word_1_441' title='bbox 2391 3109 2568 3164; x_wconf 90' lang='lat' dir='ltr'><strong>opera</strong></span> <span class='ocrx_word' id='word_1_442' title='bbox 2587 3092 2647 3147; x_wconf 93' lang='lat' dir='ltr'><strong>in</strong></span> <span class='ocrx_word' id='word_1_443' title='bbox 2670 3092 2725 3147; x_wconf 93' lang='lat' dir='ltr'><strong>id</strong></span> <span class='ocrx_word' id='word_1_444' title='bbox 2760 3091 3039 3148; x_wconf 92' lang='lat' dir='ltr'><strong>continuo</strong></span> <span class='ocrx_word' id='word_1_445' title='bbox 3067 3089 3280 3146; x_wconf 78' lang='lat' dir='ltr'><strong>collata</strong></span> <span class='ocrx_word' id='word_1_446' title='bbox 3309 3094 3419 3145; x_wconf 89' lang='lat' dir='ltr'><strong>est.</strong></span> <span class='ocrx_word' id='word_1_447' title='bbox 3449 3090 3560 3145; x_wconf 90' lang='lat' dir='ltr'><strong>Sed</strong></span> <span class='ocrx_word' id='word_1_448' title='bbox 3591 3105 3727 3144; x_wconf 91' lang='lat' dir='ltr'><strong>cum</strong></span> <span class='ocrx_word' id='word_1_449' title='bbox 3762 3103 4041 3159; x_wconf 88' lang='lat' dir='ltr'><strong>suggere-</strong></span> 
     </span>
    </p>
   </div>
   <div class='ocr_carea' id='block_1_61' title="bbox 2395 3177 4042 3253">
    <p class='ocr_par' dir='ltr' id='par_1_61' title="bbox 2395 3177 4042 3253">
     <span class='ocr_line' id='line_1_61' title="bbox 2395 3177 4042 3253; baseline -0.004 -15"><span class='ocrx_word' id='word_1_450' title='bbox 2395 3187 2483 3239; x_wconf 89' lang='lat' dir='ltr'><strong>ret</strong></span> <span class='ocrx_word' id='word_1_451' title='bbox 2502 3182 2903 3239; x_wconf 81' lang='lat' dir='ltr'><strong>Heracleensis</strong></span> <span class='ocrx_word' id='word_1_452' title='bbox 2933 3182 3147 3237; x_wconf 88' lang='lat' dir='ltr'><strong>addere</strong></span> <span class='ocrx_word' id='word_1_453' title='bbox 3177 3179 3572 3253; x_wconf 80' lang='lat' dir='ltr'><strong>patriarcham</strong></span> <span class='ocrx_word' id='word_1_454' title='bbox 3605 3179 3835 3247; x_wconf 81' lang='lat' dir='ltr'><strong>debere,</strong></span> <span class='ocrx_word' id='word_1_455' title='bbox 3862 3182 3929 3233; x_wconf 88' lang='lat' dir='ltr'><strong>ut</strong></span> <span class='ocrx_word' id='word_1_456' title='bbox 3958 3177 4042 3231; x_wconf 84' lang='lat' dir='ltr'><strong>vi-</strong></span> 
     </span>
    </p>
   </div>
   <div class='ocr_carea' id='block_1_62' title="bbox 624 3232 4043 3341">
    <p class='ocr_par' dir='ltr' id='par_1_62' title="bbox 624 3232 4043 3341">
     <span class='ocr_line' id='line_1_62' title="bbox 640 3232 3922 3253; baseline -0.003 -10"><span class='ocrx_word' id='word_1_457' title='bbox 640 3232 680 3233; x_wconf 55' lang='grc' dir='ltr'><em>η</em></span> <span class='ocrx_word' id='word_1_458' title='bbox 852 3232 859 3233; x_wconf 37' lang='grc' dir='ltr'><em>γ</em></span> <span class='ocrx_word' id='word_1_459' title='bbox 1317 3232 1352 3247; x_wconf 73' lang='grc' dir='ltr'>υ</span> <span class='ocrx_word' id='word_1_460' title='bbox 1500 3232 1513 3242; x_wconf 95' lang='grc'><strong>,</strong></span> <span class='ocrx_word' id='word_1_461' title='bbox 2062 3232 2113 3246; x_wconf 35' lang='grc' dir='ltr'><strong>,κ</strong></span> <span class='ocrx_word' id='word_1_462' title='bbox 2148 3232 2189 3233; x_wconf 45' lang='grc' dir='ltr'><em>η</em></span> <span class='ocrx_word' id='word_1_463' title='bbox 2218 3232 2223 3233; x_wconf 33' lang='grc' dir='ltr'><strong>κ</strong></span> <span class='ocrx_word' id='word_1_464' title='bbox 2253 3232 2267 3234; x_wconf 71' lang='lat'><strong>-</strong></span> <span class='ocrx_word' id='word_1_465' title='bbox 2395 3232 2902 3239; x_wconf 67' lang='lat'><strong>_--_-__-__-____</strong></span> <span class='ocrx_word' id='word_1_466' title='bbox 2935 3232 3143 3237; x_wconf 51' lang='grc' dir='ltr'><strong>πη--</strong></span> <span class='ocrx_word' id='word_1_467' title='bbox 3178 3232 3572 3253; x_wconf 54' lang='lat' dir='ltr'>r_____--___</span> <span class='ocrx_word' id='word_1_468' title='bbox 3612 3232 3765 3235; x_wconf 30' lang='lat' dir='ltr'><strong>Hc&quot;</strong></span> <span class='ocrx_word' id='word_1_469' title='bbox 3792 3232 3835 3247; x_wconf 58' lang='lat'><strong>,,</strong></span> <span class='ocrx_word' id='word_1_470' title='bbox 3916 3232 3922 3233; x_wconf 63' lang='lat'><strong><em>,</em></strong></span> 
     </span>
     <span class='ocr_line' id='line_1_63' title="bbox 624 3232 4043 3341; baseline -0.001 -19"><span class='ocrx_word' id='word_1_471' title='bbox 624 3267 948 3340; x_wconf 85' lang='lat' dir='ltr'><strong>increpare,</strong></span> <span class='ocrx_word' id='word_1_472' title='bbox 980 3265 1032 3323; x_wconf 90' lang='lat' dir='ltr'><strong>si</strong></span> <span class='ocrx_word' id='word_1_473' title='bbox 1064 3270 1121 3321; x_wconf 91' lang='lat' dir='ltr'><strong>et</strong></span> <span class='ocrx_word' id='word_1_474' title='bbox 1160 3264 1271 3320; x_wconf 92' lang='lat' dir='ltr'><strong>hoc</strong></span> <span class='ocrx_word' id='word_1_475' title='bbox 1321 3280 1470 3336; x_wconf 92' lang='lat' dir='ltr'><strong>opus</strong></span> <span class='ocrx_word' id='word_1_476' title='bbox 1515 3269 1719 3334; x_wconf 88' lang='lat' dir='ltr'><strong>esset;</strong></span> <span class='ocrx_word' id='word_1_477' title='bbox 1770 3265 2021 3338; x_wconf 90' lang='lat' dir='ltr'><strong>denique</strong></span> <span class='ocrx_word' id='word_1_478' title='bbox 2068 3265 2277 3324; x_wconf 90' lang='lat' dir='ltr'><strong>iterato</strong></span> <span class='ocrx_word' id='word_1_479' title='bbox 2312 3232 2354 3301; x_wconf 63' lang='grc' dir='ltr'>ϐ</span> <span class='ocrx_word' id='word_1_480' title='bbox 2395 3273 2631 3329; x_wconf 89' lang='lat' dir='ltr'><strong>deretur</strong></span> <span class='ocrx_word' id='word_1_481' title='bbox 2660 3271 2871 3327; x_wconf 89' lang='lat' dir='ltr'><strong>idonea</strong></span> <span class='ocrx_word' id='word_1_482' title='bbox 2898 3270 3185 3326; x_wconf 88' lang='lat' dir='ltr'><strong>cessionis</strong></span> <span class='ocrx_word' id='word_1_483' title='bbox 3224 3286 3425 3340; x_wconf 88' lang='lat' dir='ltr'><strong>causa,</strong></span> <span class='ocrx_word' id='word_1_484' title='bbox 3457 3269 3769 3341; x_wconf 90' lang='lat' dir='ltr'><strong>indignum</strong></span> <span class='ocrx_word' id='word_1_485' title='bbox 3818 3283 3885 3322; x_wconf 90' lang='lat' dir='ltr'><strong>se</strong></span> <span class='ocrx_word' id='word_1_486' title='bbox 3935 3265 4043 3322; x_wconf 90' lang='lat' dir='ltr'><strong>tali</strong></span> 
     </span>
    </p>
   </div>
   <div class='ocr_carea' id='block_1_63' title="bbox 626 3353 2277 3430">
    <p class='ocr_par' dir='ltr' id='par_1_63' title="bbox 626 3353 2277 3430">
     <span class='ocr_line' id='line_1_64' title="bbox 626 3353 2277 3430; baseline 0.001 -17"><span class='ocrx_word' id='word_1_487' title='bbox 626 3357 1087 3413; x_wconf 89' lang='lat' dir='ltr'><strong>denuntiaturus</strong></span> <span class='ocrx_word' id='word_1_488' title='bbox 1109 3356 1223 3428; x_wconf 90' lang='lat' dir='ltr'><strong>ipsi</strong></span> <span class='ocrx_word' id='word_1_489' title='bbox 1248 3353 1397 3411; x_wconf 85' lang='lat' dir='ltr'><strong>velle</strong></span> <span class='ocrx_word' id='word_1_490' title='bbox 1412 3355 1653 3411; x_wconf 93' lang='lat' dir='ltr'><strong>omnino</strong></span> <span class='ocrx_word' id='word_1_491' title='bbox 1675 3362 2059 3430; x_wconf 84' lang='lat' dir='ltr'><strong>congregatos</strong></span> <span class='ocrx_word' id='word_1_492' title='bbox 2078 3358 2277 3415; x_wconf 87' lang='lat' dir='ltr'><strong>Patres</strong></span> 
     </span>
    </p>
   </div>
   <div class='ocr_carea' id='block_1_64' title="bbox 623 3442 2277 3520">
    <p class='ocr_par' dir='ltr' id='par_1_64' title="bbox 623 3442 2277 3520">
     <span class='ocr_line' id='line_1_65' title="bbox 623 3442 2277 3520; baseline 0.001 -18"><span class='ocrx_word' id='word_1_493' title='bbox 623 3447 834 3518; x_wconf 87' lang='lat' dir='ltr'><strong>exponi</strong></span> <span class='ocrx_word' id='word_1_494' title='bbox 866 3445 980 3502; x_wconf 91' lang='lat' dir='ltr'><strong>sibi</strong></span> <span class='ocrx_word' id='word_1_495' title='bbox 1012 3461 1223 3501; x_wconf 90' lang='lat' dir='ltr'><strong>causas</strong></span> <span class='ocrx_word' id='word_1_496' title='bbox 1241 3460 1368 3514; x_wconf 73' lang='lat' dir='ltr'><strong>quae</strong></span> <span class='ocrx_word' id='word_1_497' title='bbox 1387 3442 1555 3499; x_wconf 89' lang='lat' dir='ltr'><strong>illum</strong></span> <span class='ocrx_word' id='word_1_498' title='bbox 1580 3443 1650 3499; x_wconf 90' lang='lat' dir='ltr'><strong>ad</strong></span> <span class='ocrx_word' id='word_1_499' title='bbox 1674 3444 2059 3502; x_wconf 89' lang='lat' dir='ltr'><strong>secedendum</strong></span> <span class='ocrx_word' id='word_1_500' title='bbox 2084 3448 2277 3520; x_wconf 91' lang='lat' dir='ltr'><strong>impn-</strong></span> 
     </span>
    </p>
   </div>
   <div class='ocr_carea' id='block_1_65' title="bbox 620 3535 2273 3609">
    <p class='ocr_par' dir='ltr' id='par_1_65' title="bbox 620 3535 2273 3609">
     <span class='ocr_line' id='line_1_66' title="bbox 620 3535 2273 3609; baseline 0.001 -15"><span class='ocrx_word' id='word_1_501' title='bbox 620 3537 1068 3609; x_wconf 88' lang='lat' dir='ltr'><strong>lerint,paratos</strong></span> <span class='ocrx_word' id='word_1_502' title='bbox 1091 3537 1160 3592; x_wconf 80' lang='lat' dir='ltr'><strong>ad</strong></span> <span class='ocrx_word' id='word_1_503' title='bbox 1179 3535 1575 3591; x_wconf 89' lang='lat' dir='ltr'><strong>adhibendum</strong></span> <span class='ocrx_word' id='word_1_504' title='bbox 1596 3551 1773 3607; x_wconf 90' lang='lat' dir='ltr'><strong>quam</strong></span> <span class='ocrx_word' id='word_1_505' title='bbox 1796 3536 2273 3595; x_wconf 82' lang='lat' dir='ltr'><strong>efﬁcacissimum</strong></span> 
     </span>
    </p>
   </div>
   <div class='ocr_carea' id='block_1_66' title="bbox 623 3624 2276 3701">
    <p class='ocr_par' dir='ltr' id='par_1_66' title="bbox 623 3624 2276 3701">
     <span class='ocr_line' id='line_1_67' title="bbox 623 3624 2276 3701; baseline 0.001 -18"><span class='ocrx_word' id='word_1_506' title='bbox 623 3630 871 3701; x_wconf 88' lang='lat' dir='ltr'><strong>possent</strong></span> <span class='ocrx_word' id='word_1_507' title='bbox 924 3626 1252 3683; x_wconf 90' lang='lat' dir='ltr'><strong>remedium</strong></span> <span class='ocrx_word' id='word_1_508' title='bbox 1313 3624 1564 3697; x_wconf 81' lang='lat' dir='ltr'><strong>cognitis</strong></span> <span class='ocrx_word' id='word_1_509' title='bbox 1622 3624 1815 3682; x_wconf 90' lang='lat' dir='ltr'><strong>malis.</strong></span> <span class='ocrx_word' id='word_1_510' title='bbox 1865 3628 1945 3683; x_wconf 88' lang='lat' dir='ltr'><strong>Ea</strong></span> <span class='ocrx_word' id='word_1_511' title='bbox 1997 3629 2276 3685; x_wconf 89' lang='lat' dir='ltr'><strong>mandata</strong></span> 
     </span>
    </p>
   </div>
   <div class='ocr_carea' id='block_1_67' title="bbox 617 3716 2271 3791">
    <p class='ocr_par' dir='ltr' id='par_1_67' title="bbox 617 3716 2271 3791">
     <span class='ocr_line' id='line_1_68' title="bbox 617 3716 2271 3791; baseline 0.002 -18"><span class='ocrx_word' id='word_1_512' title='bbox 617 3718 827 3791; x_wconf 83' lang='lat' dir='ltr'><strong>synodi</strong></span> <span class='ocrx_word' id='word_1_513' title='bbox 857 3717 929 3773; x_wconf 88' lang='lat' dir='ltr'><strong>ad</strong></span> <span class='ocrx_word' id='word_1_514' title='bbox 963 3716 1361 3790; x_wconf 89' lang='lat' dir='ltr'><strong>patriarcham</strong></span> <span class='ocrx_word' id='word_1_515' title='bbox 1395 3717 1653 3772; x_wconf 81' lang='lat' dir='ltr'><strong>fuerunt.</strong></span> <span class='ocrx_word' id='word_1_516' title='bbox 1688 3717 2048 3789; x_wconf 88' lang='lat' dir='ltr'><strong>Imperatum</strong></span> <span class='ocrx_word' id='word_1_517' title='bbox 2078 3724 2271 3777; x_wconf 87' lang='lat' dir='ltr'><strong>autem</strong></span> 
     </span>
    </p>
   </div>
   <div class='ocr_carea' id='block_1_68' title="bbox 618 3805 2274 3877">
    <p class='ocr_par' dir='ltr' id='par_1_68' title="bbox 618 3805 2274 3877">
     <span class='ocr_line' id='line_1_69' title="bbox 618 3805 2274 3877; baseline 0.001 -15"><span class='ocrx_word' id='word_1_518' title='bbox 618 3807 803 3862; x_wconf 90' lang='lat' dir='ltr'><strong>misso</strong></span> <span class='ocrx_word' id='word_1_519' title='bbox 824 3810 915 3861; x_wconf 89' lang='lat' dir='ltr'><strong>est</strong></span> <span class='ocrx_word' id='word_1_520' title='bbox 941 3810 1005 3861; x_wconf 91' lang='lat' dir='ltr'><strong>ut</strong></span> <span class='ocrx_word' id='word_1_521' title='bbox 1034 3805 1151 3862; x_wconf 91' lang='lat' dir='ltr'><strong>nisi</strong></span> <span class='ocrx_word' id='word_1_522' title='bbox 1182 3806 1605 3877; x_wconf 86' lang='lat' dir='ltr'><strong>obsequentem</strong></span> <span class='ocrx_word' id='word_1_523' title='bbox 1637 3822 1699 3861; x_wconf 90' lang='lat' dir='ltr'><strong>se</strong></span> <span class='ocrx_word' id='word_1_524' title='bbox 1719 3806 2002 3877; x_wconf 69' lang='lat' dir='ltr'><strong>preheret</strong></span> <span class='ocrx_word' id='word_1_525' title='bbox 2028 3825 2094 3864; x_wconf 87' lang='lat' dir='ltr'><strong>ac</strong></span> <span class='ocrx_word' id='word_1_526' title='bbox 2122 3809 2274 3864; x_wconf 84' lang='lat' dir='ltr'><strong>redi-</strong></span> 
     </span>
    </p>
   </div>
   <div class='ocr_carea' id='block_1_69' title="bbox 617 3894 2269 3970">
    <p class='ocr_par' dir='ltr' id='par_1_69' title="bbox 617 3894 2269 3970">
     <span class='ocr_line' id='line_1_70' title="bbox 617 3894 2269 3970; baseline 0.001 -17"><span class='ocrx_word' id='word_1_527' title='bbox 617 3902 744 3953; x_wconf 91' lang='lat' dir='ltr'><strong>tum</strong></span> <span class='ocrx_word' id='word_1_528' title='bbox 782 3896 1178 3967; x_wconf 89' lang='lat' dir='ltr'><strong>polliceretur,</strong></span> <span class='ocrx_word' id='word_1_529' title='bbox 1210 3895 1451 3951; x_wconf 88' lang='lat' dir='ltr'><strong>omnino</strong></span> <span class='ocrx_word' id='word_1_530' title='bbox 1482 3894 1735 3951; x_wconf 86' lang='lat' dir='ltr'><strong>ediceret</strong></span> <span class='ocrx_word' id='word_1_531' title='bbox 1760 3896 2069 3953; x_wconf 89' lang='lat' dir='ltr'><strong>decernere</strong></span> <span class='ocrx_word' id='word_1_532' title='bbox 2099 3914 2269 3970; x_wconf 85' lang='lat' dir='ltr'><strong>syno-</strong></span> 
     </span>
    </p>
   </div>
   <div class='ocr_carea' id='block_1_70' title="bbox 616 3984 2272 4059">
    <p class='ocr_par' dir='ltr' id='par_1_70' title="bbox 616 3984 2272 4059">
     <span class='ocr_line' id='line_1_71' title="bbox 616 3984 2272 4059; baseline 0.002 -20"><span class='ocrx_word' id='word_1_533' title='bbox 616 3984 759 4040; x_wconf 88' lang='lat' dir='ltr'><strong>dum</strong></span> <span class='ocrx_word' id='word_1_534' title='bbox 783 3991 841 4041; x_wconf 92' lang='lat' dir='ltr'><strong>et</strong></span> <span class='ocrx_word' id='word_1_535' title='bbox 864 3985 1010 4041; x_wconf 90' lang='lat' dir='ltr'><strong>citra</strong></span> <span class='ocrx_word' id='word_1_536' title='bbox 1041 4000 1277 4041; x_wconf 90' lang='lat' dir='ltr'><strong>omnem</strong></span> <span class='ocrx_word' id='word_1_537' title='bbox 1305 3984 1841 4056; x_wconf 85' lang='lat' dir='ltr'><strong>tergiversationem</strong></span> <span class='ocrx_word' id='word_1_538' title='bbox 1862 3985 1935 4040; x_wconf 84' lang='lat' dir='ltr'><strong>ab</strong></span> <span class='ocrx_word' id='word_1_539' title='bbox 1957 4002 2023 4042; x_wconf 92' lang='lat' dir='ltr'><strong>eo</strong></span> <span class='ocrx_word' id='word_1_540' title='bbox 2044 3987 2272 4059; x_wconf 80' lang='lat' dir='ltr'><strong>exigere</strong></span> 
     </span>
    </p>
   </div>
   <div class='ocr_carea' id='block_1_71' title="bbox 614 4073 2273 4147">
    <p class='ocr_par' dir='ltr' id='par_1_71' title="bbox 614 4073 2273 4147">
     <span class='ocr_line' id='line_1_72' title="bbox 614 4073 2273 4147; baseline 0.001 -17"><span class='ocrx_word' id='word_1_541' title='bbox 614 4080 679 4130; x_wconf 91' lang='lat' dir='ltr'><strong>ut</strong></span> <span class='ocrx_word' id='word_1_542' title='bbox 712 4074 964 4130; x_wconf 90' lang='lat' dir='ltr'><strong>alterum</strong></span> <span class='ocrx_word' id='word_1_543' title='bbox 991 4074 1203 4131; x_wconf 89' lang='lat' dir='ltr'><strong>horum</strong></span> <span class='ocrx_word' id='word_1_544' title='bbox 1236 4073 1414 4129; x_wconf 85' lang='lat' dir='ltr'><strong>faciat</strong></span> <span class='ocrx_word' id='word_1_545' title='bbox 1442 4074 1597 4147; x_wconf 91' lang='lat' dir='ltr'><strong>quod</strong></span> <span class='ocrx_word' id='word_1_546' title='bbox 1632 4073 1819 4143; x_wconf 91' lang='lat' dir='ltr'><strong>malit,</strong></span> <span class='ocrx_word' id='word_1_547' title='bbox 1853 4079 1954 4131; x_wconf 90' lang='lat' dir='ltr'><strong>aut</strong></span> <span class='ocrx_word' id='word_1_548' title='bbox 1985 4077 2185 4133; x_wconf 89' lang='lat' dir='ltr'><strong>redeat</strong></span> <span class='ocrx_word' id='word_1_549' title='bbox 2215 4081 2273 4133; x_wconf 89' lang='lat' dir='ltr'><strong>et</strong></span> 
     </span>
    </p>
   </div>
   <div class='ocr_carea' id='block_1_72' title="bbox 615 4162 2269 4234">
    <p class='ocr_par' dir='ltr' id='par_1_72' title="bbox 615 4162 2269 4234">
     <span class='ocr_line' id='line_1_73' title="bbox 615 4162 2269 4234; baseline 0.001 -15"><span class='ocrx_word' id='word_1_550' title='bbox 615 4179 825 4220; x_wconf 89' lang='lat' dir='ltr'><strong>rursus</strong></span> <span class='ocrx_word' id='word_1_551' title='bbox 876 4162 1141 4219; x_wconf 75' lang='lat' dir='ltr'><strong>Ecclesiae</strong></span> <span class='ocrx_word' id='word_1_552' title='bbox 1193 4178 1396 4219; x_wconf 88' lang='lat' dir='ltr'><strong>curam</strong></span> <span class='ocrx_word' id='word_1_553' title='bbox 1448 4166 1667 4234; x_wconf 87' lang='lat' dir='ltr'><strong>sumat,</strong></span> <span class='ocrx_word' id='word_1_554' title='bbox 1691 4167 1798 4219; x_wconf 90' lang='lat' dir='ltr'><strong>aut</strong></span> <span class='ocrx_word' id='word_1_555' title='bbox 1842 4163 1894 4219; x_wconf 89' lang='lat' dir='ltr'><strong>si</strong></span> <span class='ocrx_word' id='word_1_556' title='bbox 1925 4164 1983 4220; x_wconf 93' lang='lat' dir='ltr'><strong>id</strong></span> <span class='ocrx_word' id='word_1_557' title='bbox 2016 4170 2269 4234; x_wconf 88' lang='lat' dir='ltr'><strong>recuset,</strong></span> 
     </span>
    </p>
   </div>
   <div class='ocr_carea' id='block_1_73' title="bbox 610 4251 2268 4311">
    <p class='ocr_par' dir='ltr' id='par_1_73' title="bbox 610 4251 2268 4311">
     <span class='ocr_line' id='line_1_74' title="bbox 610 4251 2268 4311; baseline 0.002 -4"><span class='ocrx_word' id='word_1_558' title='bbox 610 4252 709 4307; x_wconf 86' lang='lat' dir='ltr'><strong>det</strong></span> <span class='ocrx_word' id='word_1_559' title='bbox 741 4251 1008 4309; x_wconf 89' lang='lat' dir='ltr'><strong>libellum</strong></span> <span class='ocrx_word' id='word_1_560' title='bbox 1040 4251 1325 4309; x_wconf 85' lang='lat' dir='ltr'><strong>cessionis</strong></span> <span class='ocrx_word' id='word_1_561' title='bbox 1359 4251 1574 4309; x_wconf 91' lang='lat' dir='ltr'><strong>throno</strong></span> <span class='ocrx_word' id='word_1_562' title='bbox 1606 4269 1620 4308; x_wconf 89' lang='lat'><strong>:</strong></span> <span class='ocrx_word' id='word_1_563' title='bbox 1673 4270 1789 4309; x_wconf 95' lang='lat' dir='ltr'><strong>non</strong></span> <span class='ocrx_word' id='word_1_564' title='bbox 1840 4254 1998 4309; x_wconf 91' lang='lat' dir='ltr'><strong>enim</strong></span> <span class='ocrx_word' id='word_1_565' title='bbox 2048 4255 2268 4311; x_wconf 91' lang='lat' dir='ltr'><strong>bonum</strong></span> 
     </span>
    </p>
   </div>
   <div class='ocr_carea' id='block_1_74' title="bbox 613 4341 2269 4415">
    <p class='ocr_par' dir='ltr' id='par_1_74' title="bbox 613 4341 2269 4415">
     <span class='ocr_line' id='line_1_75' title="bbox 613 4341 2269 4415; baseline 0.001 -16"><span class='ocrx_word' id='word_1_566' title='bbox 613 4357 743 4405; x_wconf 85' lang='lat' dir='ltr'><strong>esse</strong></span> <span class='ocrx_word' id='word_1_567' title='bbox 774 4342 1027 4415; x_wconf 90' lang='lat' dir='ltr'><strong>relinqui</strong></span> <span class='ocrx_word' id='word_1_568' title='bbox 1058 4341 1377 4399; x_wconf 86' lang='lat' dir='ltr'><strong>Ecclesiam</strong></span> <span class='ocrx_word' id='word_1_569' title='bbox 1427 4342 1556 4399; x_wconf 90' lang='lat' dir='ltr'><strong>sine</strong></span> <span class='ocrx_word' id='word_1_570' title='bbox 1605 4347 1861 4415; x_wconf 87' lang='lat' dir='ltr'><strong>pastore.</strong></span> <span class='ocrx_word' id='word_1_571' title='bbox 1890 4343 1992 4400; x_wconf 82' lang='lat' dir='ltr'><strong>His</strong></span> <span class='ocrx_word' id='word_1_572' title='bbox 2036 4343 2269 4401; x_wconf 88' lang='lat' dir='ltr'><strong>Nicetas</strong></span> 
     </span>
    </p>
   </div>
   <div class='ocr_carea' id='block_1_75' title="bbox 617 4430 2269 4503">
    <p class='ocr_par' dir='ltr' id='par_1_75' title="bbox 617 4430 2269 4503">
     <span class='ocr_line' id='line_1_76' title="bbox 617 4430 2269 4503; baseline 0.002 -18"><span class='ocrx_word' id='word_1_573' title='bbox 617 4430 915 4486; x_wconf 86' lang='lat' dir='ltr'><strong>mandatis</strong></span> <span class='ocrx_word' id='word_1_574' title='bbox 936 4435 994 4486; x_wconf 90' lang='lat' dir='ltr'><strong>et</strong></span> <span class='ocrx_word' id='word_1_575' title='bbox 1012 4430 1278 4503; x_wconf 86' lang='lat' dir='ltr'><strong>epistolis</strong></span> <span class='ocrx_word' id='word_1_576' title='bbox 1309 4431 1589 4502; x_wconf 82' lang='lat' dir='ltr'><strong>acceptis,</strong></span> <span class='ocrx_word' id='word_1_577' title='bbox 1609 4435 1848 4487; x_wconf 88' lang='lat' dir='ltr'><strong>strenue</strong></span> <span class='ocrx_word' id='word_1_578' title='bbox 1881 4431 2269 4489; x_wconf 84' lang='lat' dir='ltr'><strong>deiuncturus</strong></span> 
     </span>
    </p>
   </div>
   <div class='ocr_carea' id='block_1_76' title="bbox 616 4519 2266 4595">
    <p class='ocr_par' dir='ltr' id='par_1_76' title="bbox 616 4519 2266 4595">
     <span class='ocr_line' id='line_1_77' title="bbox 616 4519 2266 4595; baseline 0.002 -20"><span class='ocrx_word' id='word_1_579' title='bbox 616 4519 936 4576; x_wconf 90' lang='lat' dir='ltr'><strong>commisso</strong></span> <span class='ocrx_word' id='word_1_580' title='bbox 986 4520 1217 4595; x_wconf 89' lang='lat' dir='ltr'><strong>negotio</strong></span> <span class='ocrx_word' id='word_1_581' title='bbox 1267 4520 1519 4577; x_wconf 61' lang='lat' dir='ltr'><strong>Nicaeam</strong></span> <span class='ocrx_word' id='word_1_582' title='bbox 1552 4519 1805 4590; x_wconf 82' lang='lat' dir='ltr'><strong>advolat,</strong></span> <span class='ocrx_word' id='word_1_583' title='bbox 1831 4524 1889 4577; x_wconf 90' lang='lat' dir='ltr'><strong>et</strong></span> <span class='ocrx_word' id='word_1_584' title='bbox 1920 4522 2057 4578; x_wconf 93' lang='lat' dir='ltr'><strong>inde</strong></span> <span class='ocrx_word' id='word_1_585' title='bbox 2087 4539 2266 4594; x_wconf 91' lang='lat' dir='ltr'><strong>quam</strong></span> 
     </span>
    </p>
   </div>
   <div class='ocr_carea' id='block_1_77' title="bbox 2391 3354 4047 3430">
    <p class='ocr_par' dir='ltr' id='par_1_77' title="bbox 2391 3354 4047 3430">
     <span class='ocr_line' id='line_1_78' title="bbox 2391 3354 4047 3430; baseline -0.004 -14"><span class='ocrx_word' id='word_1_586' title='bbox 2391 3360 2719 3417; x_wconf 87' lang='lat' dir='ltr'><strong>sacerdotio</strong></span> <span class='ocrx_word' id='word_1_587' title='bbox 2741 3360 2945 3429; x_wconf 81' lang='lat' dir='ltr'><strong>fuisse,</strong></span> <span class='ocrx_word' id='word_1_588' title='bbox 2961 3362 3334 3430; x_wconf 84' lang='lat' dir='ltr'><strong>exasperatus</strong></span> <span class='ocrx_word' id='word_1_589' title='bbox 3351 3372 3419 3414; x_wconf 87' lang='lat' dir='ltr'><strong>ea</strong></span> <span class='ocrx_word' id='word_1_590' title='bbox 3440 3356 3737 3413; x_wconf 90' lang='lat' dir='ltr'><strong>mentione</strong></span> <span class='ocrx_word' id='word_1_591' title='bbox 3756 3354 4047 3411; x_wconf 83' lang='lat' dir='ltr'><strong>Arsenius</strong></span> 
     </span>
    </p>
   </div>
   <div class='ocr_carea' id='block_1_78' title="bbox 2388 3447 4040 3519">
    <p class='ocr_par' dir='ltr' id='par_1_78' title="bbox 2388 3447 4040 3519">
     <span class='ocr_line' id='line_1_79' title="bbox 2388 3447 4040 3519; baseline -0.006 -14"><span class='ocrx_word' id='word_1_592' title='bbox 2388 3449 2652 3506; x_wconf 85' lang='lat' dir='ltr'><strong>turbavit</strong></span> <span class='ocrx_word' id='word_1_593' title='bbox 2671 3452 2903 3519; x_wconf 90' lang='lat' dir='ltr'><strong>cuncta,</strong></span> <span class='ocrx_word' id='word_1_594' title='bbox 2922 3452 3293 3519; x_wconf 74' lang='lat' dir='ltr'><strong>coeptumque</strong></span> <span class='ocrx_word' id='word_1_595' title='bbox 3313 3447 3737 3519; x_wconf 74' lang='lat' dir='ltr'><strong>abrumpens,«</strong></span> <span class='ocrx_word' id='word_1_596' title='bbox 3756 3447 4040 3516; x_wconf 64' lang='lat' dir='ltr'><strong>Nempe,-</strong></span> 
     </span>
    </p>
   </div>
   <div class='ocr_carea' id='block_1_79' title="bbox 2388 3534 4044 3612">
    <p class='ocr_par' dir='ltr' id='par_1_79' title="bbox 2388 3534 4044 3612">
     <span class='ocr_line' id='line_1_80' title="bbox 2388 3534 4044 3612; baseline -0.004 -18"><span class='ocrx_word' id='word_1_597' title='bbox 2388 3540 2603 3612; x_wconf 90' lang='lat' dir='ltr'><strong>inquit,</strong></span> <span class='ocrx_word' id='word_1_598' title='bbox 2637 3562 2664 3589; x_wconf 83' lang='lat'><strong>«</strong></span> <span class='ocrx_word' id='word_1_599' title='bbox 2694 3538 2857 3594; x_wconf 88' lang='lat' dir='ltr'><strong>vobis</strong></span> <span class='ocrx_word' id='word_1_600' title='bbox 2888 3553 3003 3593; x_wconf 94' lang='lat' dir='ltr'><strong>non</strong></span> <span class='ocrx_word' id='word_1_601' title='bbox 3028 3535 3251 3592; x_wconf 80' lang='lat' dir='ltr'><strong>sufﬁcit</strong></span> <span class='ocrx_word' id='word_1_602' title='bbox 3270 3541 3327 3592; x_wconf 91' lang='lat' dir='ltr'><strong>et</strong></span> <span class='ocrx_word' id='word_1_603' title='bbox 3346 3536 3522 3592; x_wconf 89' lang='lat' dir='ltr'><strong>verbo</strong></span> <span class='ocrx_word' id='word_1_604' title='bbox 3553 3539 3612 3591; x_wconf 88' lang='lat' dir='ltr'><strong>et</strong></span> <span class='ocrx_word' id='word_1_605' title='bbox 3640 3534 3791 3590; x_wconf 82' lang='lat' dir='ltr'><strong>facto</strong></span> <span class='ocrx_word' id='word_1_606' title='bbox 3814 3550 4044 3589; x_wconf 89' lang='lat' dir='ltr'><strong>renun-</strong></span> 
     </span>
    </p>
   </div>
   <div class='ocr_carea' id='block_1_80' title="bbox 2386 3623 4043 3699">
    <p class='ocr_par' dir='ltr' id='par_1_80' title="bbox 2386 3623 4043 3699">
     <span class='ocr_line' id='line_1_81' title="bbox 2386 3623 4043 3699; baseline -0.005 -14"><span class='ocrx_word' id='word_1_607' title='bbox 2386 3629 2533 3685; x_wconf 87' lang='lat' dir='ltr'><strong>tiare</strong></span> <span class='ocrx_word' id='word_1_608' title='bbox 2566 3644 2658 3683; x_wconf 92' lang='lat' dir='ltr'><strong>me</strong></span> <span class='ocrx_word' id='word_1_609' title='bbox 2686 3626 2980 3699; x_wconf 89' lang='lat' dir='ltr'><strong>dignitati,</strong></span> <span class='ocrx_word' id='word_1_610' title='bbox 3014 3626 3112 3682; x_wconf 90' lang='lat' dir='ltr'><strong>sed</strong></span> <span class='ocrx_word' id='word_1_611' title='bbox 3164 3626 3357 3681; x_wconf 84' lang='lat' dir='ltr'><strong>causis</strong></span> <span class='ocrx_word' id='word_1_612' title='bbox 3414 3629 3691 3698; x_wconf 68' lang='lat' dir='ltr'><strong>praeterea</strong></span> <span class='ocrx_word' id='word_1_613' title='bbox 3736 3623 4043 3694; x_wconf 83' lang='lat' dir='ltr'><strong>probrosis</strong></span> 
     </span>
    </p>
   </div>
   <div class='ocr_carea' id='block_1_81' title="bbox 2384 3713 4043 3792">
    <p class='ocr_par' dir='ltr' id='par_1_81' title="bbox 2384 3713 4043 3792">
     <span class='ocr_line' id='line_1_82' title="bbox 2384 3713 4043 3792; baseline -0.004 -18"><span class='ocrx_word' id='word_1_614' title='bbox 2384 3719 2689 3792; x_wconf 86' lang='lat' dir='ltr'><strong>implicare</strong></span> <span class='ocrx_word' id='word_1_615' title='bbox 2721 3733 2813 3773; x_wconf 90' lang='lat' dir='ltr'><strong>me</strong></span> <span class='ocrx_word' id='word_1_616' title='bbox 2842 3715 3154 3789; x_wconf 64' lang='lat' dir='ltr'><strong>queritis?</strong></span> <span class='ocrx_word' id='word_1_617' title='bbox 3190 3714 3452 3771; x_wconf 91' lang='lat' dir='ltr'><strong>volentes</strong></span> <span class='ocrx_word' id='word_1_618' title='bbox 3482 3714 3747 3770; x_wconf 88' lang='lat' dir='ltr'><strong>cedimus</strong></span> <span class='ocrx_word' id='word_1_619' title='bbox 3778 3713 4043 3768; x_wconf 87' lang='lat' dir='ltr'><strong>admini-</strong></span> 
     </span>
    </p>
   </div>
   <div class='ocr_carea' id='block_1_82' title="bbox 2384 3802 4040 3875">
    <p class='ocr_par' dir='ltr' id='par_1_82' title="bbox 2384 3802 4040 3875">
     <span class='ocr_line' id='line_1_83' title="bbox 2384 3802 4040 3875; baseline -0.006 -9"><span class='ocrx_word' id='word_1_620' title='bbox 2384 3808 2664 3867; x_wconf 87' lang='lat' dir='ltr'><strong>stratione</strong></span> <span class='ocrx_word' id='word_1_621' title='bbox 2694 3822 3028 3875; x_wconf 88' lang='lat' dir='ltr'><strong>rerum,nee</strong></span> <span class='ocrx_word' id='word_1_622' title='bbox 3059 3821 3338 3861; x_wconf 87' lang='lat' dir='ltr'><strong>curamus</strong></span> <span class='ocrx_word' id='word_1_623' title='bbox 3368 3802 3659 3875; x_wconf 90' lang='lat' dir='ltr'><strong>quidquid</strong></span> <span class='ocrx_word' id='word_1_624' title='bbox 3692 3803 3831 3858; x_wconf 90' lang='lat' dir='ltr'><strong>inde</strong></span> <span class='ocrx_word' id='word_1_625' title='bbox 3861 3818 4040 3858; x_wconf 83' lang='lat' dir='ltr'><strong>secu-</strong></span> 
     </span>
    </p>
   </div>
   <div class='ocr_carea' id='block_1_83' title="bbox 2381 3891 4043 3973">
    <p class='ocr_par' dir='ltr' id='par_1_83' title="bbox 2381 3891 4043 3973">
     <span class='ocr_line' id='line_1_84' title="bbox 2381 3891 4043 3973; baseline -0.005 -19"><span class='ocrx_word' id='word_1_626' title='bbox 2381 3904 2583 3955; x_wconf 91' lang='lat' dir='ltr'><strong>turum</strong></span> <span class='ocrx_word' id='word_1_627' title='bbox 2607 3897 2703 3973; x_wconf 83' lang='lat' dir='ltr'><strong>sit.</strong></span> <span class='ocrx_word' id='word_1_628' title='bbox 2729 3918 2757 3947; x_wconf 83' lang='lat'><strong>»</strong></span> <span class='ocrx_word' id='word_1_629' title='bbox 2782 3897 2876 3953; x_wconf 91' lang='lat' dir='ltr'><strong>Sic</strong></span> <span class='ocrx_word' id='word_1_630' title='bbox 2899 3896 3245 3952; x_wconf 87' lang='lat' dir='ltr'><strong>tractatione</strong></span> <span class='ocrx_word' id='word_1_631' title='bbox 3276 3892 3653 3965; x_wconf 85' lang='lat' dir='ltr'><strong>indignanter</strong></span> <span class='ocrx_word' id='word_1_632' title='bbox 3673 3891 3927 3963; x_wconf 85' lang='lat' dir='ltr'><strong>abrupta</strong></span> <span class='ocrx_word' id='word_1_633' title='bbox 3950 3891 4043 3947; x_wconf 88' lang='lat' dir='ltr'><strong>di-</strong></span> 
     </span>
    </p>
   </div>
   <div class='ocr_carea' id='block_1_84' title="bbox 2380 3980 4046 4053">
    <p class='ocr_par' dir='ltr' id='par_1_84' title="bbox 2380 3980 4046 4053">
     <span class='ocr_line' id='line_1_85' title="bbox 2380 3980 4046 4053; baseline -0.006 -9"><span class='ocrx_word' id='word_1_634' title='bbox 2380 3988 2605 4044; x_wconf 91' lang='lat' dir='ltr'><strong>missus</strong></span> <span class='ocrx_word' id='word_1_635' title='bbox 2630 3985 2942 4042; x_wconf 88' lang='lat' dir='ltr'><strong>inciviliter</strong></span> <span class='ocrx_word' id='word_1_636' title='bbox 2962 3983 3215 4051; x_wconf 89' lang='lat' dir='ltr'><strong>Nicetas,</strong></span> <span class='ocrx_word' id='word_1_637' title='bbox 3239 3998 3591 4053; x_wconf 87' lang='lat' dir='ltr'><strong>summaque</strong></span> <span class='ocrx_word' id='word_1_638' title='bbox 3622 3980 3926 4036; x_wconf 87' lang='lat' dir='ltr'><strong>celeritate</strong></span> <span class='ocrx_word' id='word_1_639' title='bbox 3952 3998 4046 4036; x_wconf 88' lang='lat' dir='ltr'><strong>re-</strong></span> 
     </span>
    </p>
   </div>
   <div class='ocr_carea' id='block_1_85' title="bbox 2381 4070 4048 4145">
    <p class='ocr_par' dir='ltr' id='par_1_85' title="bbox 2381 4070 4048 4145">
     <span class='ocr_line' id='line_1_86' title="bbox 2381 4070 4048 4145; baseline -0.006 -12"><span class='ocrx_word' id='word_1_640' title='bbox 2381 4093 2626 4133; x_wconf 91' lang='lat' dir='ltr'><strong>mensus</strong></span> <span class='ocrx_word' id='word_1_641' title='bbox 2672 4075 2848 4143; x_wconf 88' lang='lat' dir='ltr'><strong>viam,</strong></span> <span class='ocrx_word' id='word_1_642' title='bbox 2882 4074 2953 4131; x_wconf 91' lang='lat' dir='ltr'><strong>ad</strong></span> <span class='ocrx_word' id='word_1_643' title='bbox 3002 4075 3333 4145; x_wconf 84' lang='lat' dir='ltr'><strong>Augustum</strong></span> <span class='ocrx_word' id='word_1_644' title='bbox 3384 4076 3443 4127; x_wconf 89' lang='lat' dir='ltr'><strong>et</strong></span> <span class='ocrx_word' id='word_1_645' title='bbox 3490 4071 3777 4143; x_wconf 83' lang='lat' dir='ltr'><strong>synodum</strong></span> <span class='ocrx_word' id='word_1_646' title='bbox 3838 4070 4048 4135; x_wconf 88' lang='lat' dir='ltr'><strong>rediit,</strong></span> 
     </span>
    </p>
   </div>
   <div class='ocr_carea' id='block_1_86' title="bbox 2381 4158 4053 4237">
    <p class='ocr_par' dir='ltr' id='par_1_86' title="bbox 2381 4158 4053 4237">
     <span class='ocr_line' id='line_1_87' title="bbox 2381 4158 4053 4237; baseline -0.006 -15"><span class='ocrx_word' id='word_1_647' title='bbox 2381 4165 2699 4237; x_wconf 88' lang='lat' dir='ltr'><strong>retulitque</strong></span> <span class='ocrx_word' id='word_1_648' title='bbox 2722 4165 2979 4236; x_wconf 90' lang='lat' dir='ltr'><strong>primum</strong></span> <span class='ocrx_word' id='word_1_649' title='bbox 3004 4161 3144 4234; x_wconf 92' lang='lat' dir='ltr'><strong>quid</strong></span> <span class='ocrx_word' id='word_1_650' title='bbox 3160 4160 3405 4217; x_wconf 83' lang='lat' dir='ltr'><strong>dixisset</strong></span> <span class='ocrx_word' id='word_1_651' title='bbox 3427 4159 3760 4232; x_wconf 83' lang='lat' dir='ltr'><strong>patriarcha</strong></span> <span class='ocrx_word' id='word_1_652' title='bbox 3784 4177 3796 4215; x_wconf 88' lang='lat'><strong>:</strong></span> <span class='ocrx_word' id='word_1_653' title='bbox 3822 4158 4053 4214; x_wconf 88' lang='lat' dir='ltr'><strong>deinde</strong></span> 
     </span>
    </p>
   </div>
   <div class='ocr_carea' id='block_1_87' title="bbox 2381 4247 4053 4323">
    <p class='ocr_par' dir='ltr' id='par_1_87' title="bbox 2381 4247 4053 4323">
     <span class='ocr_line' id='line_1_88' title="bbox 2381 4247 4053 4323; baseline -0.004 -15"><span class='ocrx_word' id='word_1_654' title='bbox 2381 4252 2669 4309; x_wconf 88' lang='lat' dir='ltr'><strong>cessionis</strong></span> <span class='ocrx_word' id='word_1_655' title='bbox 2701 4250 3003 4323; x_wconf 81' lang='lat' dir='ltr'><strong>negotium</strong></span> <span class='ocrx_word' id='word_1_656' title='bbox 3036 4264 3153 4319; x_wconf 91' lang='lat' dir='ltr'><strong>quo</strong></span> <span class='ocrx_word' id='word_1_657' title='bbox 3182 4248 3242 4303; x_wconf 89' lang='lat' dir='ltr'><strong>in</strong></span> <span class='ocrx_word' id='word_1_658' title='bbox 3274 4248 3425 4303; x_wconf 92' lang='lat' dir='ltr'><strong>nodo</strong></span> <span class='ocrx_word' id='word_1_659' title='bbox 3454 4247 3732 4317; x_wconf 87' lang='lat' dir='ltr'><strong>stetisset,</strong></span> <span class='ocrx_word' id='word_1_660' title='bbox 3766 4250 3824 4302; x_wconf 91' lang='lat' dir='ltr'><strong>et</strong></span> <span class='ocrx_word' id='word_1_661' title='bbox 3854 4262 4053 4317; x_wconf 86' lang='lat' dir='ltr'><strong>quam</strong></span> 
     </span>
    </p>
   </div>
   <div class='ocr_carea' id='block_1_88' title="bbox 2379 4336 4053 4412">
    <p class='ocr_par' dir='ltr' id='par_1_88' title="bbox 2379 4336 4053 4412">
     <span class='ocr_line' id='line_1_89' title="bbox 2379 4336 4053 4412; baseline -0.005 -14"><span class='ocrx_word' id='word_1_662' title='bbox 2379 4342 2601 4398; x_wconf 82' lang='lat' dir='ltr'><strong>frustra</strong></span> <span class='ocrx_word' id='word_1_663' title='bbox 2648 4342 2982 4412; x_wconf 88' lang='lat' dir='ltr'><strong>speraretur</strong></span> <span class='ocrx_word' id='word_1_664' title='bbox 3032 4336 3182 4393; x_wconf 83' lang='lat' dir='ltr'><strong>ﬂecti</strong></span> <span class='ocrx_word' id='word_1_665' title='bbox 3211 4353 3345 4393; x_wconf 91' lang='lat' dir='ltr'><strong>eum</strong></span> <span class='ocrx_word' id='word_1_666' title='bbox 3380 4337 3450 4391; x_wconf 91' lang='lat' dir='ltr'><strong>ad</strong></span> <span class='ocrx_word' id='word_1_667' title='bbox 3483 4336 3808 4408; x_wconf 82' lang='lat' dir='ltr'><strong>quidquam</strong></span> <span class='ocrx_word' id='word_1_668' title='bbox 3830 4351 4053 4391; x_wconf 88' lang='lat' dir='ltr'><strong>eorum</strong></span> 
     </span>
    </p>
   </div>
   <div class='ocr_carea' id='block_1_89' title="bbox 2378 4424 4058 4503">
    <p class='ocr_par' dir='ltr' id='par_1_89' title="bbox 2378 4424 4058 4503">
     <span class='ocr_line' id='line_1_90' title="bbox 2378 4424 4058 4503; baseline -0.004 -17"><span class='ocrx_word' id='word_1_669' title='bbox 2378 4448 2503 4503; x_wconf 73' lang='lat' dir='ltr'><strong>quis</strong></span> <span class='ocrx_word' id='word_1_670' title='bbox 2525 4432 2856 4485; x_wconf 88' lang='lat' dir='ltr'><strong>recusasset</strong></span> <span class='ocrx_word' id='word_1_671' title='bbox 2876 4444 3048 4499; x_wconf 89' lang='lat' dir='ltr'><strong>posse</strong></span> <span class='ocrx_word' id='word_1_672' title='bbox 3069 4426 3289 4482; x_wconf 89' lang='lat' dir='ltr'><strong>docuit.</strong></span> <span class='ocrx_word' id='word_1_673' title='bbox 3313 4426 3605 4496; x_wconf 78' lang='lat' dir='ltr'><strong>Adjunxit</strong></span> <span class='ocrx_word' id='word_1_674' title='bbox 3635 4429 3860 4480; x_wconf 89' lang='lat' dir='ltr'><strong>restare</strong></span> <span class='ocrx_word' id='word_1_675' title='bbox 3881 4424 4058 4479; x_wconf 85' lang='lat' dir='ltr'><strong>viam</strong></span> 
     </span>
    </p>
   </div>
   <div class='ocr_carea' id='block_1_90' title="bbox 2379 4513 4056 4589">
    <p class='ocr_par' dir='ltr' id='par_1_90' title="bbox 2379 4513 4056 4589">
     <span class='ocr_line' id='line_1_91' title="bbox 2379 4513 4056 4589; baseline -0.004 -14"><span class='ocrx_word' id='word_1_676' title='bbox 2379 4519 2574 4575; x_wconf 85' lang='lat' dir='ltr'><strong>adhuc</strong></span> <span class='ocrx_word' id='word_1_677' title='bbox 2618 4517 2795 4574; x_wconf 90' lang='lat' dir='ltr'><strong>aliam</strong></span> <span class='ocrx_word' id='word_1_678' title='bbox 2846 4516 3212 4589; x_wconf 75' lang='lat' dir='ltr'><strong>exploranda:</strong></span> <span class='ocrx_word' id='word_1_679' title='bbox 3259 4514 3451 4587; x_wconf 90' lang='lat' dir='ltr'><strong>ipsius</strong></span> <span class='ocrx_word' id='word_1_680' title='bbox 3493 4514 3648 4569; x_wconf 88' lang='lat' dir='ltr'><strong>circa</strong></span> <span class='ocrx_word' id='word_1_681' title='bbox 3701 4513 4056 4569; x_wconf 86' lang='lat' dir='ltr'><strong>cessionem</strong></span> 
     </span>
    </p>
   </div>
   <div class='ocr_carea' id='block_1_91' title="bbox 615 4604 4063 4683">
    <p class='ocr_par' dir='ltr' id='par_1_91' title="bbox 615 4604 4063 4683">
     <span class='ocr_line' id='line_1_92' title="bbox 615 4604 4063 4683; baseline -0.001 -19"><span class='ocrx_word' id='word_1_682' title='bbox 615 4608 918 4665; x_wconf 90' lang='lat' dir='ltr'><strong>celerrime</strong></span> <span class='ocrx_word' id='word_1_683' title='bbox 938 4610 1006 4665; x_wconf 91' lang='lat' dir='ltr'><strong>ad</strong></span> <span class='ocrx_word' id='word_1_684' title='bbox 1033 4610 1457 4667; x_wconf 87' lang='lat' dir='ltr'><strong>monasterium</strong></span> <span class='ocrx_word' id='word_1_685' title='bbox 1484 4610 1542 4665; x_wconf 93' lang='lat' dir='ltr'><strong>in</strong></span> <span class='ocrx_word' id='word_1_686' title='bbox 1570 4626 1686 4682; x_wconf 91' lang='lat' dir='ltr'><strong>quo</strong></span> <span class='ocrx_word' id='word_1_687' title='bbox 1705 4614 1846 4666; x_wconf 92' lang='lat' dir='ltr'><strong>tunc</strong></span> <span class='ocrx_word' id='word_1_688' title='bbox 1870 4616 1995 4667; x_wconf 88' lang='lat' dir='ltr'><strong>erat</strong></span> <span class='ocrx_word' id='word_1_689' title='bbox 2016 4612 2267 4683; x_wconf 86' lang='lat' dir='ltr'><strong>patriar-</strong></span> <span class='ocrx_word' id='word_1_690' title='bbox 2297 4608 2349 4672; x_wconf 88' lang='lat' dir='ltr'><strong>D</strong></span> <span class='ocrx_word' id='word_1_691' title='bbox 2380 4610 2704 4676; x_wconf 70' lang='lat' dir='ltr'><strong>sententiae,</strong></span> <span class='ocrx_word' id='word_1_692' title='bbox 2730 4609 2778 4666; x_wconf 88' lang='lat' dir='ltr'><strong>si</strong></span> <span class='ocrx_word' id='word_1_693' title='bbox 2812 4608 3013 4665; x_wconf 89' lang='lat' dir='ltr'><strong>missis</strong></span> <span class='ocrx_word' id='word_1_694' title='bbox 3054 4608 3122 4663; x_wconf 88' lang='lat' dir='ltr'><strong>ad</strong></span> <span class='ocrx_word' id='word_1_695' title='bbox 3155 4623 3290 4663; x_wconf 91' lang='lat' dir='ltr'><strong>eum</strong></span> <span class='ocrx_word' id='word_1_696' title='bbox 3321 4606 3497 4662; x_wconf 89' lang='lat' dir='ltr'><strong>certis</strong></span> <span class='ocrx_word' id='word_1_697' title='bbox 3528 4604 3628 4677; x_wconf 90' lang='lat' dir='ltr'><strong>qui</strong></span> <span class='ocrx_word' id='word_1_698' title='bbox 3661 4604 4063 4676; x_wconf 83' lang='lat' dir='ltr'><strong>pontiﬁcium</strong></span> 
     </span>
    </p>
   </div>
   <div class='ocr_carea' id='block_1_92' title="bbox 616 4697 2262 4772">
    <p class='ocr_par' dir='ltr' id='par_1_92' title="bbox 616 4697 2262 4772">
     <span class='ocr_line' id='line_1_93' title="bbox 616 4697 2262 4772; baseline 0.002 -19"><span class='ocrx_word' id='word_1_699' title='bbox 616 4697 728 4753; x_wconf 89' lang='lat' dir='ltr'><strong>cha</strong></span> <span class='ocrx_word' id='word_1_700' title='bbox 759 4698 1100 4770; x_wconf 90' lang='lat' dir='ltr'><strong>perveniens</strong></span> <span class='ocrx_word' id='word_1_701' title='bbox 1129 4699 1367 4772; x_wconf 86' lang='lat' dir='ltr'><strong>exponit</strong></span> <span class='ocrx_word' id='word_1_702' title='bbox 1396 4700 1446 4755; x_wconf 90' lang='lat' dir='ltr'><strong>ei</strong></span> <span class='ocrx_word' id='word_1_703' title='bbox 1478 4715 1606 4771; x_wconf 68' lang='lat' dir='ltr'><strong>quae</strong></span> <span class='ocrx_word' id='word_1_704' title='bbox 1641 4700 1903 4772; x_wconf 77' lang='lat' dir='ltr'><strong>synodus</strong></span> <span class='ocrx_word' id='word_1_705' title='bbox 1934 4700 2262 4757; x_wconf 88' lang='lat' dir='ltr'><strong>mandaret.</strong></span> 
     </span>
    </p>
   </div>
   <div class='ocr_carea' id='block_1_93' title="bbox 616 4786 2267 4861">
    <p class='ocr_par' dir='ltr' id='par_1_93' title="bbox 616 4786 2267 4861">
     <span class='ocr_line' id='line_1_94' title="bbox 616 4786 2267 4861; baseline 0.004 -20"><span class='ocrx_word' id='word_1_706' title='bbox 616 4786 703 4842; x_wconf 81' lang='lat' dir='ltr'><strong>Ad</strong></span> <span class='ocrx_word' id='word_1_707' title='bbox 728 4802 798 4844; x_wconf 90' lang='lat' dir='ltr'><strong>ea</strong></span> <span class='ocrx_word' id='word_1_708' title='bbox 818 4786 915 4843; x_wconf 90' lang='lat' dir='ltr'><strong>ille</strong></span> <span class='ocrx_word' id='word_1_709' title='bbox 948 4789 1270 4860; x_wconf 89' lang='lat' dir='ltr'><strong>respondit,</strong></span> <span class='ocrx_word' id='word_1_710' title='bbox 1295 4789 1449 4861; x_wconf 90' lang='lat' dir='ltr'><strong>quod</strong></span> <span class='ocrx_word' id='word_1_711' title='bbox 1485 4805 1725 4844; x_wconf 86' lang='lat' dir='ltr'><strong>causam</strong></span> <span class='ocrx_word' id='word_1_712' title='bbox 1760 4790 2113 4847; x_wconf 89' lang='lat' dir='ltr'><strong>secessionis</strong></span> <span class='ocrx_word' id='word_1_713' title='bbox 2145 4807 2267 4847; x_wconf 72' lang='lat' dir='ltr'><strong>suae</strong></span> 
     </span>
    </p>
   </div>
   <div class='ocr_carea' id='block_1_94' title="bbox 618 4876 2267 4953">
    <p class='ocr_par' dir='ltr' id='par_1_94' title="bbox 618 4876 2267 4953">
     <span class='ocr_line' id='line_1_95' title="bbox 618 4876 2267 4953; baseline 0.002 -21"><span class='ocrx_word' id='word_1_714' title='bbox 618 4881 967 4949; x_wconf 71' lang='lat' dir='ltr'><strong>quaererent,</strong></span> <span class='ocrx_word' id='word_1_715' title='bbox 989 4876 1278 4948; x_wconf 85' lang='lat' dir='ltr'><strong>nihiljam</strong></span> <span class='ocrx_word' id='word_1_716' title='bbox 1301 4877 1547 4934; x_wconf 89' lang='lat' dir='ltr'><strong>attinere</strong></span> <span class='ocrx_word' id='word_1_717' title='bbox 1573 4878 1859 4934; x_wconf 90' lang='lat' dir='ltr'><strong>declarari</strong></span> <span class='ocrx_word' id='word_1_718' title='bbox 1882 4880 2267 4953; x_wconf 89' lang='lat' dir='ltr'><strong>eam,quippe</strong></span> 
     </span>
    </p>
   </div>
   <div class='ocr_carea' id='block_1_95' title="bbox 619 4966 2267 5040">
    <p class='ocr_par' dir='ltr' id='par_1_95' title="bbox 619 4966 2267 5040">
     <span class='ocr_line' id='line_1_96' title="bbox 619 4966 2267 5040; baseline 0.002 -19"><span class='ocrx_word' id='word_1_719' title='bbox 619 4966 792 5037; x_wconf 88' lang='lat' dir='ltr'><strong>cujus</strong></span> <span class='ocrx_word' id='word_1_720' title='bbox 823 4968 1202 5023; x_wconf 69' lang='lat' dir='ltr'><strong>emendandis</strong></span> <span class='ocrx_word' id='word_1_721' title='bbox 1244 4972 1479 5040; x_wconf 87' lang='lat' dir='ltr'><strong>tempus</strong></span> <span class='ocrx_word' id='word_1_722' title='bbox 1529 4967 1945 5040; x_wconf 72' lang='lat' dir='ltr'><strong>praeteriisset;</strong></span> <span class='ocrx_word' id='word_1_723' title='bbox 2000 4987 2105 5026; x_wconf 91' lang='lat' dir='ltr'><strong>nec</strong></span> <span class='ocrx_word' id='word_1_724' title='bbox 2154 4970 2267 5027; x_wconf 90' lang='lat' dir='ltr'><strong>sibi</strong></span> 
     </span>
    </p>
   </div>
   <div class='ocr_carea' id='block_1_96' title="bbox 618 5055 2266 5130">
    <p class='ocr_par' dir='ltr' id='par_1_96' title="bbox 618 5055 2266 5130">
     <span class='ocr_line' id='line_1_97' title="bbox 618 5055 2266 5130; baseline 0.003 -19"><span class='ocrx_word' id='word_1_725' title='bbox 618 5055 914 5127; x_wconf 89' lang='lat' dir='ltr'><strong>reliquum</strong></span> <span class='ocrx_word' id='word_1_726' title='bbox 947 5056 1104 5112; x_wconf 89' lang='lat' dir='ltr'><strong>aliud</strong></span> <span class='ocrx_word' id='word_1_727' title='bbox 1131 5073 1260 5114; x_wconf 89' lang='lat' dir='ltr'><strong>esse</strong></span> <span class='ocrx_word' id='word_1_728' title='bbox 1281 5074 1457 5129; x_wconf 90' lang='lat' dir='ltr'><strong>quam</strong></span> <span class='ocrx_word' id='word_1_729' title='bbox 1483 5062 1549 5113; x_wconf 89' lang='lat' dir='ltr'><strong>ut</strong></span> <span class='ocrx_word' id='word_1_730' title='bbox 1571 5057 1783 5113; x_wconf 90' lang='lat' dir='ltr'><strong>tacitus</strong></span> <span class='ocrx_word' id='word_1_731' title='bbox 1806 5075 1841 5113; x_wconf 92' lang='lat' dir='ltr'><strong>a</strong></span> <span class='ocrx_word' id='word_1_732' title='bbox 1860 5059 2111 5130; x_wconf 84' lang='lat' dir='ltr'><strong>negotiis</strong></span> <span class='ocrx_word' id='word_1_733' title='bbox 2132 5060 2266 5116; x_wconf 91' lang='lat' dir='ltr'><strong>abs-</strong></span> 
     </span>
    </p>
   </div>
   <div class='ocr_carea' id='block_1_97' title="bbox 617 5144 2265 5204">
    <p class='ocr_par' dir='ltr' id='par_1_97' title="bbox 617 5144 2265 5204">
     <span class='ocr_line' id='line_1_98' title="bbox 617 5144 2265 5204; baseline 0.003 -5"><span class='ocrx_word' id='word_1_734' title='bbox 617 5144 785 5200; x_wconf 88' lang='lat' dir='ltr'><strong>cedat</strong></span> <span class='ocrx_word' id='word_1_735' title='bbox 810 5163 823 5202; x_wconf 92' lang='lat'>:</span> <span class='ocrx_word' id='word_1_736' title='bbox 850 5162 965 5201; x_wconf 93' lang='lat' dir='ltr'><strong>non</strong></span> <span class='ocrx_word' id='word_1_737' title='bbox 996 5146 1149 5202; x_wconf 90' lang='lat' dir='ltr'><strong>enim</strong></span> <span class='ocrx_word' id='word_1_738' title='bbox 1181 5146 1610 5203; x_wconf 86' lang='lat' dir='ltr'><strong>incurabilibus</strong></span> <span class='ocrx_word' id='word_1_739' title='bbox 1639 5146 1907 5203; x_wconf 90' lang='lat' dir='ltr'><strong>adhiberi</strong></span> <span class='ocrx_word' id='word_1_740' title='bbox 1940 5148 2265 5204; x_wconf 87' lang='lat' dir='ltr'><strong>remedium</strong></span> 
     </span>
    </p>
   </div>
   <div class='ocr_carea' id='block_1_98' title="bbox 617 5236 2264 5310">
    <p class='ocr_par' dir='ltr' id='par_1_98' title="bbox 617 5236 2264 5310">
     <span class='ocr_line' id='line_1_99' title="bbox 617 5236 2264 5310; baseline 0.002 -19"><span class='ocrx_word' id='word_1_741' title='bbox 617 5252 807 5307; x_wconf 89' lang='lat' dir='ltr'><strong>posse.</strong></span> <span class='ocrx_word' id='word_1_742' title='bbox 836 5236 905 5293; x_wconf 87' lang='lat' dir='ltr'><strong>Et</strong></span> <span class='ocrx_word' id='word_1_743' title='bbox 933 5238 1251 5309; x_wconf 89' lang='lat' dir='ltr'><strong>apparebat</strong></span> <span class='ocrx_word' id='word_1_744' title='bbox 1280 5255 1414 5295; x_wconf 91' lang='lat' dir='ltr'><strong>eum</strong></span> <span class='ocrx_word' id='word_1_745' title='bbox 1448 5238 1852 5293; x_wconf 86' lang='lat' dir='ltr'><strong>inﬂexibiliter</strong></span> <span class='ocrx_word' id='word_1_746' title='bbox 1881 5240 2264 5310; x_wconf 88' lang='lat' dir='ltr'><strong>perstiturum</strong></span> 
     </span>
    </p>
   </div>
   <div class='ocr_carea' id='block_1_99' title="bbox 616 5326 2269 5401">
    <p class='ocr_par' dir='ltr' id='par_1_99' title="bbox 616 5326 2269 5401">
     <span class='ocr_line' id='line_1_100' title="bbox 616 5326 2269 5401; baseline 0.004 -22"><span class='ocrx_word' id='word_1_747' title='bbox 616 5326 676 5379; x_wconf 93' lang='lat' dir='ltr'><strong>in</strong></span> <span class='ocrx_word' id='word_1_748' title='bbox 702 5328 945 5384; x_wconf 90' lang='lat' dir='ltr'><strong>tacendo</strong></span> <span class='ocrx_word' id='word_1_749' title='bbox 976 5344 1211 5385; x_wconf 87' lang='lat' dir='ltr'><strong>causam</strong></span> <span class='ocrx_word' id='word_1_750' title='bbox 1240 5346 1251 5383; x_wconf 90' lang='lat'>:</span> <span class='ocrx_word' id='word_1_751' title='bbox 1278 5330 1423 5385; x_wconf 91' lang='lat' dir='ltr'><strong>adeo</strong></span> <span class='ocrx_word' id='word_1_752' title='bbox 1454 5328 1756 5401; x_wconf 67' lang='lat' dir='ltr'><strong>praefracte</strong></span> <span class='ocrx_word' id='word_1_753' title='bbox 1776 5328 1936 5384; x_wconf 88' lang='lat' dir='ltr'><strong>illam</strong></span> <span class='ocrx_word' id='word_1_754' title='bbox 1959 5331 2269 5387; x_wconf 90' lang='lat' dir='ltr'><strong>enuntiare</strong></span> 
     </span>
    </p>
   </div>
   <div class='ocr_carea' id='block_1_100' title="bbox 618 5418 2268 5493">
    <p class='ocr_par' dir='ltr' id='par_1_100' title="bbox 618 5418 2268 5493">
     <span class='ocr_line' id='line_1_101' title="bbox 618 5418 2268 5493; baseline 0.002 -22"><span class='ocrx_word' id='word_1_755' title='bbox 618 5418 936 5486; x_wconf 90' lang='lat' dir='ltr'><strong>recusavit,</strong></span> <span class='ocrx_word' id='word_1_756' title='bbox 971 5424 1026 5474; x_wconf 88' lang='lat' dir='ltr'><strong>et</strong></span> <span class='ocrx_word' id='word_1_757' title='bbox 1056 5420 1342 5492; x_wconf 86' lang='lat' dir='ltr'><strong>expiscari</strong></span> <span class='ocrx_word' id='word_1_758' title='bbox 1374 5421 1523 5477; x_wconf 76' lang='lat'><strong>115</strong></span> <span class='ocrx_word' id='word_1_759' title='bbox 1560 5436 1629 5475; x_wconf 84' lang='lat' dir='ltr'><strong>ex</strong></span> <span class='ocrx_word' id='word_1_760' title='bbox 1671 5436 1738 5474; x_wconf 93' lang='lat' dir='ltr'><strong>eo</strong></span> <span class='ocrx_word' id='word_1_761' title='bbox 1786 5418 2005 5489; x_wconf 81' lang='lat' dir='ltr'><strong>aliquid</strong></span> <span class='ocrx_word' id='word_1_762' title='bbox 2055 5421 2268 5493; x_wconf 68' lang='lat' dir='ltr'><strong>saepius</strong></span> 
     </span>
    </p>
   </div>
   <div class='ocr_carea' id='block_1_101' title="bbox 613 5510 2269 5583">
    <p class='ocr_par' dir='ltr' id='par_1_101' title="bbox 613 5510 2269 5583">
     <span class='ocr_line' id='line_1_102' title="bbox 613 5510 2269 5583; baseline 0.001 -22"><span class='ocrx_word' id='word_1_763' title='bbox 613 5513 899 5563; x_wconf 89' lang='lat' dir='ltr'><strong>conatum</strong></span> <span class='ocrx_word' id='word_1_764' title='bbox 934 5526 1167 5582; x_wconf 88' lang='lat' dir='ltr'><strong>semper</strong></span> <span class='ocrx_word' id='word_1_765' title='bbox 1195 5511 1457 5566; x_wconf 88' lang='lat' dir='ltr'><strong>Nicetam</strong></span> <span class='ocrx_word' id='word_1_766' title='bbox 1510 5510 1990 5565; x_wconf 87' lang='lat' dir='ltr'><strong>constantissime</strong></span> <span class='ocrx_word' id='word_1_767' title='bbox 2030 5511 2269 5583; x_wconf 91' lang='lat' dir='ltr'><strong>repulit.</strong></span> 
     </span>
    </p>
   </div>
   <div class='ocr_carea' id='block_1_102' title="bbox 612 5597 2272 5671">
    <p class='ocr_par' dir='ltr' id='par_1_102' title="bbox 612 5597 2272 5671">
     <span class='ocr_line' id='line_1_103' title="bbox 612 5597 2272 5671; baseline 0.005 -20"><span class='ocrx_word' id='word_1_768' title='bbox 612 5597 781 5653; x_wconf 93' lang='lat' dir='ltr'><strong>Tunc</strong></span> <span class='ocrx_word' id='word_1_769' title='bbox 814 5598 863 5655; x_wconf 92' lang='lat' dir='ltr'><strong>is</strong></span> <span class='ocrx_word' id='word_1_770' title='bbox 894 5599 1093 5655; x_wconf 90' lang='lat' dir='ltr'><strong>habito</strong></span> <span class='ocrx_word' id='word_1_771' title='bbox 1126 5599 1369 5657; x_wconf 89' lang='lat' dir='ltr'><strong>consilio</strong></span> <span class='ocrx_word' id='word_1_772' title='bbox 1398 5617 1531 5655; x_wconf 88' lang='lat' dir='ltr'><strong>cum</strong></span> <span class='ocrx_word' id='word_1_773' title='bbox 1553 5600 1699 5669; x_wconf 87' lang='lat' dir='ltr'><strong>suis,</strong></span> <span class='ocrx_word' id='word_1_774' title='bbox 1719 5604 2030 5671; x_wconf 87' lang='lat' dir='ltr'><strong>postquam</strong></span> <span class='ocrx_word' id='word_1_775' title='bbox 2053 5602 2272 5659; x_wconf 76' lang='lat' dir='ltr'><strong>frustra</strong></span> 
     </span>
    </p>
   </div>
   <div class='ocr_carea' id='block_1_103' title="bbox 612 5690 2270 5764">
    <p class='ocr_par' dir='ltr' id='par_1_103' title="bbox 612 5690 2270 5764">
     <span class='ocr_line' id='line_1_104' title="bbox 612 5690 2270 5764; baseline 0.004 -21"><span class='ocrx_word' id='word_1_776' title='bbox 612 5702 673 5743; x_wconf 89' lang='lat' dir='ltr'><strong>se</strong></span> <span class='ocrx_word' id='word_1_777' title='bbox 708 5690 1057 5747; x_wconf 89' lang='lat' dir='ltr'><strong>contendere</strong></span> <span class='ocrx_word' id='word_1_778' title='bbox 1112 5708 1215 5747; x_wconf 89' lang='lat' dir='ltr'><strong>nec</strong></span> <span class='ocrx_word' id='word_1_779' title='bbox 1275 5709 1436 5764; x_wconf 87' lang='lat' dir='ltr'><strong>spem</strong></span> <span class='ocrx_word' id='word_1_780' title='bbox 1486 5690 1736 5763; x_wconf 87' lang='lat' dir='ltr'><strong>relinqui</strong></span> <span class='ocrx_word' id='word_1_781' title='bbox 1781 5690 1958 5746; x_wconf 83' lang='lat' dir='ltr'><strong>ullam</strong></span> <span class='ocrx_word' id='word_1_782' title='bbox 2011 5692 2270 5750; x_wconf 88' lang='lat' dir='ltr'><strong>melioris</strong></span> 
     </span>
    </p>
   </div>
   <div class='ocr_carea' id='block_1_104' title="bbox 2374 4696 4065 4767">
    <p class='ocr_par' dir='ltr' id='par_1_104' title="bbox 2374 4696 4065 4767">
     <span class='ocr_line' id='line_1_105' title="bbox 2374 4696 4065 4767; baseline -0.005 -10"><span class='ocrx_word' id='word_1_783' title='bbox 2374 4700 2587 4757; x_wconf 88' lang='lat' dir='ltr'><strong>lituum</strong></span> <span class='ocrx_word' id='word_1_784' title='bbox 2618 4703 2673 4755; x_wconf 89' lang='lat' dir='ltr'><strong>et</strong></span> <span class='ocrx_word' id='word_1_785' title='bbox 2703 4697 3122 4754; x_wconf 89' lang='lat' dir='ltr'><strong>candelabrum</strong></span> <span class='ocrx_word' id='word_1_786' title='bbox 3148 4696 3219 4751; x_wconf 90' lang='lat' dir='ltr'><strong>ab</strong></span> <span class='ocrx_word' id='word_1_787' title='bbox 3244 4712 3311 4752; x_wconf 91' lang='lat' dir='ltr'><strong>eo</strong></span> <span class='ocrx_word' id='word_1_788' title='bbox 3338 4696 3683 4767; x_wconf 87' lang='lat' dir='ltr'><strong>reciperent,</strong></span> <span class='ocrx_word' id='word_1_789' title='bbox 3711 4699 4065 4765; x_wconf 89' lang='lat' dir='ltr'><strong>utrumque</strong></span> 
     </span>
    </p>
   </div>
   <div class='ocr_carea' id='block_1_105' title="bbox 2374 4784 4069 4862">
    <p class='ocr_par' dir='ltr' id='par_1_105' title="bbox 2374 4784 4069 4862">
     <span class='ocr_line' id='line_1_106' title="bbox 2374 4784 4069 4862; baseline -0.005 -17"><span class='ocrx_word' id='word_1_790' title='bbox 2374 4790 2680 4862; x_wconf 68' lang='lat' dir='ltr'><strong>praeberet.</strong></span> <span class='ocrx_word' id='word_1_791' title='bbox 2712 4788 3001 4843; x_wconf 90' lang='lat' dir='ltr'><strong>Successu</strong></span> <span class='ocrx_word' id='word_1_792' title='bbox 3028 4784 3342 4841; x_wconf 89' lang='lat' dir='ltr'><strong>consilium</strong></span> <span class='ocrx_word' id='word_1_793' title='bbox 3376 4801 3492 4840; x_wconf 94' lang='lat' dir='ltr'><strong>non</strong></span> <span class='ocrx_word' id='word_1_794' title='bbox 3523 4784 3748 4839; x_wconf 88' lang='lat' dir='ltr'><strong>caruit:</strong></span> <span class='ocrx_word' id='word_1_795' title='bbox 3782 4784 4069 4853; x_wconf 88' lang='lat' dir='ltr'><strong>petenti-</strong></span> 
     </span>
    </p>
   </div>
   <div class='ocr_carea' id='block_1_106' title="bbox 2378 4874 4070 4949">
    <p class='ocr_par' dir='ltr' id='par_1_106' title="bbox 2378 4874 4070 4949">
     <span class='ocr_line' id='line_1_107' title="bbox 2378 4874 4070 4949; baseline -0.005 -12"><span class='ocrx_word' id='word_1_796' title='bbox 2378 4881 2488 4937; x_wconf 89' lang='lat' dir='ltr'><strong>bus</strong></span> <span class='ocrx_word' id='word_1_797' title='bbox 2537 4880 2695 4936; x_wconf 93' lang='lat' dir='ltr'><strong>enim</strong></span> <span class='ocrx_word' id='word_1_798' title='bbox 2745 4878 2849 4934; x_wconf 89' lang='lat' dir='ltr'><strong>illa</strong></span> <span class='ocrx_word' id='word_1_799' title='bbox 2892 4876 3198 4949; x_wconf 89' lang='lat' dir='ltr'><strong>respondit</strong></span> <span class='ocrx_word' id='word_1_800' title='bbox 3246 4874 3600 4947; x_wconf 90' lang='lat' dir='ltr'><strong>patriarcha,</strong></span> <span class='ocrx_word' id='word_1_801' title='bbox 3633 4878 3976 4938; x_wconf 86' lang='lat' dir='ltr'><strong>sumerent,</strong></span> <span class='ocrx_word' id='word_1_802' title='bbox 4016 4878 4070 4929; x_wconf 88' lang='lat' dir='ltr'><strong>si</strong></span> 
     </span>
    </p>
   </div>
   <div class='ocr_carea' id='block_1_107' title="bbox 2376 4962 4079 5040">
    <p class='ocr_par' dir='ltr' id='par_1_107' title="bbox 2376 4962 4079 5040">
     <span class='ocr_line' id='line_1_108' title="bbox 2376 4962 4079 5040; baseline -0.004 -14"><span class='ocrx_word' id='word_1_803' title='bbox 2376 4972 2623 5027; x_wconf 89' lang='lat' dir='ltr'><strong>vellent:</strong></span> <span class='ocrx_word' id='word_1_804' title='bbox 2646 4986 2708 5025; x_wconf 89' lang='lat' dir='ltr'><strong>se</strong></span> <span class='ocrx_word' id='word_1_805' title='bbox 2731 4968 2969 5040; x_wconf 92' lang='lat' dir='ltr'><strong>quidem</strong></span> <span class='ocrx_word' id='word_1_806' title='bbox 2993 4966 3149 5022; x_wconf 90' lang='lat' dir='ltr'><strong>haud</strong></span> <span class='ocrx_word' id='word_1_807' title='bbox 3167 4965 3497 5038; x_wconf 90' lang='lat' dir='ltr'><strong>prohibere.</strong></span> <span class='ocrx_word' id='word_1_808' title='bbox 3516 4964 3762 5031; x_wconf 85' lang='lat' dir='ltr'><strong>Quidem</strong></span> <span class='ocrx_word' id='word_1_809' title='bbox 3786 4962 4079 5035; x_wconf 72' lang='lat' dir='ltr'><strong>impera~</strong></span> 
     </span>
    </p>
   </div>
   <div class='ocr_carea' id='block_1_108' title="bbox 2381 5054 4078 5131">
    <p class='ocr_par' dir='ltr' id='par_1_108' title="bbox 2381 5054 4078 5131">
     <span class='ocr_line' id='line_1_109' title="bbox 2381 5054 4078 5131; baseline -0.004 -16"><span class='ocrx_word' id='word_1_810' title='bbox 2381 5066 2473 5117; x_wconf 92' lang='lat' dir='ltr'><strong>tor</strong></span> <span class='ocrx_word' id='word_1_811' title='bbox 2494 5058 2745 5131; x_wconf 89' lang='lat' dir='ltr'><strong>cognitis</strong></span> <span class='ocrx_word' id='word_1_812' title='bbox 2775 5057 2923 5112; x_wconf 90' lang='lat' dir='ltr'><strong>nihil</strong></span> <span class='ocrx_word' id='word_1_813' title='bbox 2947 5057 3018 5113; x_wconf 89' lang='lat' dir='ltr'><strong>ad</strong></span> <span class='ocrx_word' id='word_1_814' title='bbox 3053 5057 3145 5113; x_wconf 90' lang='lat' dir='ltr'><strong>sui</strong></span> <span class='ocrx_word' id='word_1_815' title='bbox 3176 5055 3612 5111; x_wconf 81' lang='lat' dir='ltr'><strong>excusationem</strong></span> <span class='ocrx_word' id='word_1_816' title='bbox 3641 5054 3797 5124; x_wconf 88' lang='lat' dir='ltr'><strong>apud</strong></span> <span class='ocrx_word' id='word_1_817' title='bbox 3834 5069 4078 5110; x_wconf 85' lang='lat' dir='ltr'><strong>omnes</strong></span> 
     </span>
    </p>
   </div>
   <div class='ocr_carea' id='block_1_109' title="bbox 2376 5144 4075 5222">
    <p class='ocr_par' dir='ltr' id='par_1_109' title="bbox 2376 5144 4075 5222">
     <span class='ocr_line' id='line_1_110' title="bbox 2376 5144 4075 5222; baseline -0.004 -15"><span class='ocrx_word' id='word_1_818' title='bbox 2376 5156 2433 5207; x_wconf 92' lang='lat' dir='ltr'><strong>et</strong></span> <span class='ocrx_word' id='word_1_819' title='bbox 2450 5151 2605 5222; x_wconf 90' lang='lat' dir='ltr'><strong>apud</strong></span> <span class='ocrx_word' id='word_1_820' title='bbox 2629 5149 2824 5221; x_wconf 92' lang='lat' dir='ltr'><strong>ipsum</strong></span> <span class='ocrx_word' id='word_1_821' title='bbox 2845 5146 3319 5219; x_wconf 89' lang='lat' dir='ltr'><strong>patriarcham,si</strong></span> <span class='ocrx_word' id='word_1_822' title='bbox 3344 5145 3481 5217; x_wconf 91' lang='lat' dir='ltr'><strong>quid</strong></span> <span class='ocrx_word' id='word_1_823' title='bbox 3508 5145 3557 5201; x_wconf 90' lang='lat' dir='ltr'><strong>ei</strong></span> <span class='ocrx_word' id='word_1_824' title='bbox 3578 5144 3776 5200; x_wconf 89' lang='lat' dir='ltr'><strong>minus</strong></span> <span class='ocrx_word' id='word_1_825' title='bbox 3800 5149 4075 5215; x_wconf 83' lang='lat' dir='ltr'><strong>gratum</strong></span> 
     </span>
    </p>
   </div>
   <div class='ocr_carea' id='block_1_110' title="bbox 2378 5237 4080 5310">
    <p class='ocr_par' dir='ltr' id='par_1_110' title="bbox 2378 5237 4080 5310">
     <span class='ocr_line' id='line_1_111' title="bbox 2378 5237 4080 5310; baseline -0.004 -14"><span class='ocrx_word' id='word_1_826' title='bbox 2378 5240 2687 5305; x_wconf 88' lang='lat' dir='ltr'><strong>accideret,</strong></span> <span class='ocrx_word' id='word_1_827' title='bbox 2718 5237 2978 5310; x_wconf 86' lang='lat' dir='ltr'><strong>amplius</strong></span> <span class='ocrx_word' id='word_1_828' title='bbox 3010 5237 3440 5308; x_wconf 85' lang='lat' dir='ltr'><strong>expectandum</strong></span> <span class='ocrx_word' id='word_1_829' title='bbox 3492 5240 3671 5300; x_wconf 87' lang='lat' dir='ltr'><strong>ratus,</strong></span> <span class='ocrx_word' id='word_1_830' title='bbox 3706 5250 3843 5289; x_wconf 91' lang='lat' dir='ltr'><strong>cum</strong></span> <span class='ocrx_word' id='word_1_831' title='bbox 3894 5250 4080 5305; x_wconf 69' lang='lat' dir='ltr'><strong>prae-</strong></span> 
     </span>
    </p>
   </div>
   <div class='ocr_carea' id='block_1_111' title="bbox 2379 5325 4079 5402">
    <p class='ocr_par' dir='ltr' id='par_1_111' title="bbox 2379 5325 4079 5402">
     <span class='ocr_line' id='line_1_112' title="bbox 2379 5325 4079 5402; baseline -0.005 -14"><span class='ocrx_word' id='word_1_832' title='bbox 2379 5331 2583 5388; x_wconf 90' lang='lat' dir='ltr'><strong>sertim</strong></span> <span class='ocrx_word' id='word_1_833' title='bbox 2601 5329 2967 5402; x_wconf 89' lang='lat' dir='ltr'><strong>Nicephorus</strong></span> <span class='ocrx_word' id='word_1_834' title='bbox 2985 5327 3195 5399; x_wconf 87' lang='lat' dir='ltr'><strong>Ephesi</strong></span> <span class='ocrx_word' id='word_1_835' title='bbox 3229 5327 3544 5397; x_wconf 90' lang='lat' dir='ltr'><strong>episcopus</strong></span> <span class='ocrx_word' id='word_1_836' title='bbox 3576 5325 3915 5381; x_wconf 78' lang='lat' dir='ltr'><strong>afﬁrmaret</strong></span> <span class='ocrx_word' id='word_1_837' title='bbox 3947 5328 4079 5381; x_wconf 82' lang='lat' dir='ltr'><strong>mi-</strong></span> 
     </span>
    </p>
   </div>
   <div class='ocr_carea' id='block_1_112' title="bbox 2380 5415 4081 5489">
    <p class='ocr_par' dir='ltr' id='par_1_112' title="bbox 2380 5415 4081 5489">
     <span class='ocr_line' id='line_1_113' title="bbox 2380 5415 4081 5489; baseline -0.004 -13"><span class='ocrx_word' id='word_1_838' title='bbox 2380 5422 2537 5476; x_wconf 91' lang='lat' dir='ltr'><strong>nime</strong></span> <span class='ocrx_word' id='word_1_839' title='bbox 2576 5420 2727 5475; x_wconf 72' lang='grc'><strong>116</strong></span> <span class='ocrx_word' id='word_1_840' title='bbox 2758 5418 3103 5474; x_wconf 90' lang='lat' dir='ltr'><strong>canonicam</strong></span> <span class='ocrx_word' id='word_1_841' title='bbox 3138 5416 3485 5489; x_wconf 67' lang='lat' dir='ltr'><strong>patriarchae</strong></span> <span class='ocrx_word' id='word_1_842' title='bbox 3512 5415 3741 5472; x_wconf 85' lang='lat' dir='ltr'><strong>Arsenii</strong></span> <span class='ocrx_word' id='word_1_843' title='bbox 3798 5415 4081 5471; x_wconf 82' lang='lat' dir='ltr'><strong>ordina-</strong></span> 
     </span>
    </p>
   </div>
   <div class='ocr_carea' id='block_1_113' title="bbox 2378 5506 4083 5581">
    <p class='ocr_par' dir='ltr' id='par_1_113' title="bbox 2378 5506 4083 5581">
     <span class='ocr_line' id='line_1_114' title="bbox 2378 5506 4083 5581; baseline -0.004 -14"><span class='ocrx_word' id='word_1_844' title='bbox 2378 5511 2599 5567; x_wconf 91' lang='lat' dir='ltr'><strong>tionem</strong></span> <span class='ocrx_word' id='word_1_845' title='bbox 2631 5510 2815 5565; x_wconf 86' lang='lat' dir='ltr'><strong>fuisse</strong></span> <span class='ocrx_word' id='word_1_846' title='bbox 2838 5508 3180 5581; x_wconf 78' lang='lat' dir='ltr'><strong>(festinante</strong></span> <span class='ocrx_word' id='word_1_847' title='bbox 3201 5508 3415 5578; x_wconf 90' lang='lat' dir='ltr'><strong>quippe</strong></span> <span class='ocrx_word' id='word_1_848' title='bbox 3438 5506 3509 5562; x_wconf 91' lang='lat' dir='ltr'><strong>ad</strong></span> <span class='ocrx_word' id='word_1_849' title='bbox 3534 5522 3655 5562; x_wconf 67' lang='lat' dir='ltr'><strong>sum</strong></span> <span class='ocrx_word' id='word_1_850' title='bbox 3706 5507 4083 5561; x_wconf 80' lang='lat' dir='ltr'><strong>eoronatio-</strong></span> 
     </span>
    </p>
   </div>
   <div class='ocr_carea' id='block_1_114' title="bbox 2380 5595 4087 5668">
    <p class='ocr_par' dir='ltr' id='par_1_114' title="bbox 2380 5595 4087 5668">
     <span class='ocr_line' id='line_1_115' title="bbox 2380 5595 4087 5668; baseline -0.005 -11"><span class='ocrx_word' id='word_1_851' title='bbox 2380 5602 2473 5657; x_wconf 90' lang='lat' dir='ltr'><strong>nis</strong></span> <span class='ocrx_word' id='word_1_852' title='bbox 2502 5599 2908 5657; x_wconf 62' lang='lat' dir='ltr'><strong>ceremoniam</strong></span> <span class='ocrx_word' id='word_1_853' title='bbox 2949 5598 3249 5655; x_wconf 89' lang='lat' dir='ltr'><strong>Theodoro</strong></span> <span class='ocrx_word' id='word_1_854' title='bbox 3280 5602 3422 5651; x_wconf 91' lang='lat' dir='ltr'><strong>tunc</strong></span> <span class='ocrx_word' id='word_1_855' title='bbox 3455 5596 3833 5668; x_wconf 86' lang='lat' dir='ltr'><strong>imperatore,</strong></span> <span class='ocrx_word' id='word_1_856' title='bbox 3868 5600 3940 5651; x_wconf 86' lang='lat' dir='ltr'><strong>et</strong></span> <span class='ocrx_word' id='word_1_857' title='bbox 3977 5595 4087 5667; x_wconf 82' lang='lat' dir='ltr'><strong>ip-</strong></span> 
     </span>
    </p>
   </div>
   <div class='ocr_carea' id='block_1_115' title="bbox 2381 5685 4073 5764">
    <p class='ocr_par' dir='ltr' id='par_1_115' title="bbox 2381 5685 4073 5764">
     <span class='ocr_line' id='line_1_116' title="bbox 2381 5685 4073 5764; baseline -0.005 -15"><span class='ocrx_word' id='word_1_858' title='bbox 2381 5709 2513 5749; x_wconf 90' lang='lat' dir='ltr'><strong>sum</strong></span> <span class='ocrx_word' id='word_1_859' title='bbox 2556 5690 3015 5764; x_wconf 88' lang='lat' dir='ltr'><strong>perurgentibus</strong></span> <span class='ocrx_word' id='word_1_860' title='bbox 3048 5688 3291 5745; x_wconf 91' lang='lat' dir='ltr'><strong>Occidui</strong></span> <span class='ocrx_word' id='word_1_861' title='bbox 3320 5686 3526 5744; x_wconf 90' lang='lat' dir='ltr'><strong>limitis</strong></span> <span class='ocrx_word' id='word_1_862' title='bbox 3561 5688 3737 5744; x_wconf 85' lang='lat' dir='ltr'><strong>rebus</strong></span> <span class='ocrx_word' id='word_1_863' title='bbox 3769 5685 3881 5743; x_wconf 88' lang='lat' dir='ltr'><strong>illo</strong></span> <span class='ocrx_word' id='word_1_864' title='bbox 3922 5691 4073 5742; x_wconf 83' lang='lat' dir='ltr'><strong>tem</strong></span> 
     </span>
    </p>
   </div>
  </div>
