4258 6438
201 363 303 420 553

1267 366 1364 418 ΒΕ
1403 364 1770 418 MICHAELR
1807 361 2252 419 PALBOLOGO
2289 366 2420 418 LIB.
2466 365 2536 416 Il.

3503 363 3606 417 55i

202 487 284 560 ἐφ’
358 487 405 558 ᾧ
480 486 853 548 ταινιώσεσθαι
925 483 1012 540 καὶ
1069 485 1486 560 τεταραγμένοις
1543 491 1659 546 τοῖς
1717 483 2196 555 κατὰΑκλησίας
2273 485 2361 540 καὶ
2433 490 2541 540 τῶν
2620 484 2785 554 αὐτῆς
2844 484 3024 558 νόμων
3085 487 3607 560 καταφρονουμένων

205 573 352 630 δύσιν
412 573 747 630 ὶπεισπεσεῖν
803 573 1129 650 πράγμασι·
1188 577 1314 649 παρ’
1371 575 1438 643 ἧν
1494 574 1671 629 αῗτίαν
1727 576 1852 645 παρ’

207 661 471 736 οὐδεμίαν
534 661 729 736 μεταξὺ
775 660 969 738 σχεδὸν
1002 664 1235 737 ἡμέραν,
1267 661 1413 717 ἀλλᾶ
1443 667 1685 736 συνεχῶς
1717 663 1853 718 ἀπά-

207 773 326 816 σαις
353 751 484 814 τοὺς
521 757 620 820 τῆς
668 750 967 825 ἱερωσύνης
1031 751 1277 826 βαθμοὺς
1332 749 1570 806 ἐτελεῖτο
1627 753 1853 819 πάντας,

207 841 294 896 καὶ
364 841 507 896 οὕτω
583 841 719 915 πρὸς
795 843 894 945 τῂν
945 841 1170 916 πρώτην
1213 847 1314 910 τῆς
1373 838 1656 915 ἱεραρχίας
1707 840 1852 909 τάξιν

206 926 602 1005 ἁνεϐιϐάζετο),
637 929 727 985 διὰ
755 926 921 984 ταῦττα
953 931 980 985 ὁ
1034 931 1287 1006 βασιλεὺς
1339 937 1453 993 τοῖς
1511 932 1852 1007 ἀρχιερεῦσιν

208 1020 376 1097 ἐφῆκε
404 1021 654 1095 πράττειν
714 1017 745 1073 ὅ
798 1041 852 1074 τι
898 1020 987 1073 καὶ
1037 1019 1348 1094 βούλοιντο.
1398 1021 1495 1075 Καὶ
1528 1018 1595 1088 δὴ
1629 1041 1854 1075 σκεπτο-

212 1111 388 1180 μένων
417 1107 636 1163 ἐκείνων
669 1106 757 1163 ἐπὶ
787 1107 1025 1170 πολλαῖς
1055 1113 1175 1172 ταῖς
1212 1111 1447 1185 ἡμέραις
1488 1107 1642 1164 οὐῖἑν
1690 1109 1854 1163 πλέον

210 1198 417 1271 ὑπῆρξε
488 1201 566 1268 τῷ
635 1199 952 1270 πατριάρχῃ
1016 1203 1205 1262 παθεῖν
1265 1199 1713 1270 ἀνυπομονησίας
1769 1199 1857 1252 καὶ

207 1287 622 1361 καταγνώσεως,
671 1286 744 1346 ὡς
806 1285 918 1354 ἐξὸν
981 1284 1159 1361 λέγειν
1208 1288 1297 1340 καὶ
1359 1293 1538 1357 ζητεῖν
1571 1285 1856 1362 διόρθωσιν

213 1378 650 1449 μικροψυχοῦντι
685 1373 773 1427 καὶ
806 1378 908 1429 τοῦ
959 1375 1151 1449 θρόνου
1197 1375 1400 1450 ἑτέροις
1461 1382 1858 1451 παραχωροῦν-

209 1485 282 1522 τι,
343 1463 598 1518 Κάκεῖνοι
662 1465 756 1535 μὲν
821 1463 1032 1525 οὕτως·
1096 1465 1160 1533 ἦν
1223 1463 1280 1519 δὶ
1338 1463 1476 1539 ἄρα,
1533 1466 1608 1527 ὡς
1668 1461 1858 1536 ἔδειξεν

211 1553 455 1626 ὕστερον,
513 1552 575 1604 τὸ
632 1550 964 1622 ζητούμενον
1001 1553 1077 1624 μὴ
1113 1553 1195 1606 ὅτι
1224 1572 1284 1627 γε
1316 1549 1554 1627 δυσχερῆ
1583 1553 1863 1627 θεραπείαν

211 1639 595 1715 προσιέμενον,
625 1637 774 1694 ἀλλὰ
814 1643 900 1694 καὶ
955 1639 1098 1701 ὅλως
1149 1639 1387 1713 ἀνιάτον,
1450 1639 1534 1695 διὸ
1589 1641 1676 1696 καὶ
1712 1640 1864 1712 δίκην

207 1735 314 1798 τῆς
372 1728 596 1802 ἀγνοίας
656 1727 905 1803 ἄντικρυς
978 1727 1222 1784 ἑκουσίαν
1274 1730 1350 1792 εἷς
1409 1729 1706 1805 ἀπολογίαν
1766 1734 1861 1801 τὴν

1963 573 2284 638 έκκαίεσθαι.

1968 683 2047 743 ις’.
2107 682 2292 744 *Οπως
2357 683 2385 736 ὁ
2440 688 2540 750 τῆς
2598 680 2840 758 Ἑφέσου.
2881 683 3198 758 Νικηφόρος
3268 681 3614 755 πατριάρχης

2615 751 2970 823 ἀπεκατέστη.

2038 837 2259 914 Συμϐὰν
2294 839 2350 896 δὲ
2379 843 2469 898 καί
2500 863 2573 912 τι,
2607 843 2636 896 ὃ
2695 840 2759 910 δὴ
2821 843 2909 896 καὶ
2964 842 3057 896 τὸν
3116 839 3244 895 δλον
3297 848 3397 910 τῆς
3427 843 3615 916 ῖεραρ-

1966 929 2092 1005 χίας
2166 931 2362 1005 χρόνον
2433 931 2633 986 ἐκεῖνον
2691 929 2959 999 έπέκνιζεν
3019 929 3309 1004 (ἐψήφιστο
3367 932 3467 1006 γὰρ
3537 932 3613 992 είς

1965 1025 2356 1095 πατριαρχεῖον
2412 1021 2556 1094 παρὰ
2619 1027 2718 1089 τῆς
2780 1017 3005 1074 συνόδου
3063 1018 3148 1073 ἐπὶ
3203 1021 3458 1074 Ἰωάννου
3515 1025 3614 1076 τοῦ

1968 1109 2145 1163 Δούκα
2203 1110 2309 1182 πρὸ
2359 1113 2456 1164 τοῦ
2507 1111 2854 1185 πατριάρχου
2914 1108 3204 1177 Μανουήλ,
3245 1112 3334 1163 καὶ
3380 1111 3406 1163 ὁ
3461 1111 3617 1184 βασι-

1969 1197 2141 1252 λεύων
2201 1201 2292 1259 τὰς
2346 1201 2562 1274 ψήφους
2611 1199 2848 1273 συνέχει,
2900 1199 2992 1252 τὸν
3025 1198 3190 1266 ζῆλον
3240 1196 3618 1271 δεδιττόμενος

1966 1291 2062 1340 τοῦ
2117 1285 2332 1360 ἀνδρὸς,
2395 1289 2590 1362 φήσαςο
2624 1308 2649 1339 ι
2713 1291 2812 1342 ’Ήν
2846 1287 2911 1340 οὐ
2967 1285 3182 1342 δύναταί
3212 1309 3293 1349 τις
3324 1289 3621 1356 ὑποστῆναι

1968 1373 2354 1450 ἀρχιδιάκονον
2406 1373 2553 1445 ὄντα,
2614 1380 2731 1438 πῶς
2791 1376 2850 1430 ἄν
2902 1380 3347 1452 πάτριαρχοῢντα
3392 1378 3620 1449 ὑπομεί-

1968 1483 2112 1533 νειι;
2151 1489 2178 1515 ››
2239 1464 2322 1519 διὸ
2374 1463 2440 1533 δὴ
2494 1466 2584 1520 καὶ
2639 1470 2738 1531 τῆς
2767 1466 2997 1540 Ἐφέσου
3027 1467 3433 1542 προχειρισθεὶς
3466 1468 3617 1539 ὅμως

1972 1553 2271 1618 ἀδικεῖσθαι
2331 1556 2476 1628 παρὰ
2533 1554 2801 1629 βασιλέως
2854 1555 2931 1616 εἷς
2987 1556 3086 1623 τὴν
3141 1553 3281 1610 ῗδίαν
3320 1557 3488 1627 τιμὴν
3540 1553 3621 1608 δι-

1972 1644 2243 1717 ετείνετο)·
2275 1649 2436 1699 τοῦτο
2493 1642 2558 1713 δὴ
2619 1641 3001 1717 μεσολαϐῆσαν
3048 1644 3219 1699 ἐποίει
3258 1644 3379 1700 τότε
3404 1646 3495 1699 τὸν
3530 1644 3624 1699 άν-

1972 1731 2072 1808 δρα
2154 1737 2431 1804 πειθήνιον
2510 1734 3015 1810 προσκαλούμενον,
3088 1736 3176 1788 καὶ
3227 1737 3324 1803 τήν
3385 1734 3620 1808 έκλογήν

210 1818 350 1892 πρὸς
383 1818 509 1872 Θεὸν
560 1816 857 1881 ἐπιτιθέναι
885 1813 1144 1873 ἐϐούλετο
1197 1817 1392 1890 ἑαυτῷ,
1439 1821 1517 1892 μὴ
1566 1823 1678 1874 κατ’
1709 1819 1863 1876 έλπί-
1899 1823 2222 1916 Βᾶσμένως
2277 1821 2518 1900 έδέχετοσ
2577 1823 2709 1878 εἶναι
2769 1824 2869 1899 γὰρ
2929 1820 3112 1878 ἔκτοτε
3167 1822 3492 1900 τεταγμένον
3549 1823 3624 1885 εἲς

214 1904 312 1968 δας
352 1905 838 1982 προχωρησάντων
900 1908 983 1979 [Ρ.
1016 1910 1108 1981 75]
1166 1906 1312 1980 αὖτῷ
1365 1913 1481 1963 τῶν
1504 1909 1864 1984 πραγμάτων.

211 1997 445 2052 Ἐκεῖνοι
479 1993 536 2050 δὲ
564 1997 688 2050 τότε
717 1995 839 2069 περὶ
868 2000 965 2050 τοῦ
993 1995 1073 2051 τίς
1105 1995 1163 2050 ἂν
1222 1998 1320 2066 τὴν
1379 1997 1704 2068 Ἐκκλησίαν
1735 2002 1868 2054 κατὰ

214 2086 279 2140 τὸ
313 2083 576 2159 ἐχέγγυον
607 2082 996 2160 παραλήψάιτο
1053 2086 1120 2139 τὰ
1175 2085 1361 2140 πολλᾶ
1401 2090 1750 2158 ζητήσαντες,
1781 2090 1869 2143 καὶ

223 2172 440 2247 μᾶλλον
473 2176 524 2229 οἱ
557 2172 858 2243 δοκοῦντες,
922 2177 994 2230 ὧν
1055 2177 1144 2231 καὶ
1198 2178 1258 2230 τὸ
1317 2175 1512 2232 λοιπὸν
1539 2183 1645 2233 τῶν
1679 2180 1870 2253 ἀρχιε-

222 2266 362 2338 ρέων
395 2265 608 2334 πλῆθος
639 2263 957 2341 ἐξήρτηντο,
1015 2266 1173 2328 τέλος
1219 2271 1342 2339 μιᾶς
1390 2264 1476 2322 ἐπὶ
1526 2272 1605 2339 τῷ
1655 2270 1874 2345 Ἐφέσου

220 2357 453 2429 γνώμης
485 2354 746 2429 γίνονται,
802 2354 994 2432 ἀνδρὸς
1042 2353 1308 2419 εὐλαϐοὖς
1364 2358 1452 2412 καὶ
1509 2362 1622 2413 κατ’
1683 2360 1878 2434 ἀρετὴν

223 2440 476 2514 έπιδόξου
506 2445 595 2498 καὶ
636 2443 787 2519 λόγῳ
841 2446 1077 2519 μετρίως
1131 2447 1534 2520 κοσμουμένου,
1595 2453 1879 2522 γηρῶντος

224 2529 358 2605 ἤδη,
393 2534 439 2605 ᾦ
475 2531 540 2603 δῆ
572 2533 662 2588 καὶ
722 2539 891 2604 ζῆλος
949 2536 1015 2604 ἦν
1075 2536 1260 2598 ἱκανὸς
1312 2537 1386 2600 ὡς
1447 2538 1578 2611 ὑπὲρ
1633 2544 1734 2606 τῆς
1767 2539 1882 2592 Ἐκ-

225 2747 369 2803 pore
420 2731 840 2804 turbatis,quo
884 2734 956 2788 ad
1001 2749 1166 2806 spem
1217 2736 1415 2807 magni
1464 2751 1796 2806 successus,
1831 2738 1878 2790 si

228 2825 470 2877 strenue
527 2831 875 2891 occurreret,
904 2823 1244 2893 vocabatur,
1276 2825 1699 2896 pracipitatam
1752 2827 1879 2897 ejus

218 2911 402 2982 jussu
445 2911 592 2968 adeo
640 2912 824 2968 fuisse
867 2911 1376 2984 inaugurationem
1412 2914 1780 2985 patriarcha,
1817 2920 1883 2971 ut

226 3000 513 3074 legitimis
543 3003 878 3060 interstitiis
905 3004 1176 3060 ordinum
1211 3020 1325 3061 non
1359 3003 1605 3063 servatis
1661 3007 1880 3078 gradus

229 3107 438 3148 omnes
469 3093 783 3148 sacerdotii
818 3094 986 3166 quasi
1040 3109 1155 3150 uno
1201 3093 1379 3165 saltu,
1409 3095 1503 3150 vix
1532 3094 1880 3168 interposito

1975 1917 2136 1968 τοῦτο
2193 1915 2340 1988 παρᾶ
2393 1921 2493 1984 τῆς
2548 1914 2797 1990 χάριτος,
2855 1914 2902 1969 εἲ
2959 1917 3044 1970 καὶ
3105 1913 3443 1979 κωλυθέντος
3484 1917 3630 1990 παρὰ

1977 2005 2077 2071 τὴν
2137 2002 2387 2077 ῥηθεῖσαν
2446 2003 2641 2076 αἰτίαν,
2699 2005 2886 2074 ἱκανήν
2929 2007 3010 2078 [Ρ.
3071 2007 3160 2077 76]
3209 2026 3268 2080 γε
3321 2005 3479 2058 οὖσαν
3538 2005 3626 2058 καὶ

1978 2092 2179 2162 ταύτην
2234 2091 2445 2164 μᾶλλον
2506 2093 2583 2157 εἰς
2622 2094 2872 2148 σύστασιν
2925 2095 3137 2160 ὶαυτοῦ,
3169 2094 3258 2147 τὸν
3315 2093 3479 2148 αὐτοῦ
3534 2094 3629 2147 τὸ-

1982 2202 2082 2235 πον
2131 2180 2180 2252 EE
2232 2180 2468 2256 ἀνάγκης
2517 2181 3008 2256 ἀναπληρώσαντες
3061 2181 3397 2257 εῗσήχθησαν
3429 2179 3628 2256 ἕτεροι.

1985 2269 2172 2331 Οῧτως
2233 2270 2432 2331 ἐκεῖνος
2493 2292 2592 2340 την
2626 2268 2862 2345 έκλογήν
2910 2270 3088 2335 θεόθεν
3121 2272 3254 2325 κατὰ
3283 2272 3380 2339 τήν
3424 2269 3632 2325 δικαίαν

1987 2359 2193 2413 ἐκείνου
2251 2359 2423 2433 κρίσιν
2494 2359 2986 2435 ὑπολογισάμενος,
3037 2356 3187 2413 οὐδὲν
3249 2359 3634 2431 ἀναϐαλλόμε-

1988 2469 2097 2517 νος,
2128 2447 2510 2524 ἀναγορεύεται
2538 2450 2906 2524 πατριάρχης.
2967 2450 3070 2524 "Ov
3117 2445 3182 2517 δὴ
3243 2448 3332 2502 καὶ
3391 2449 3440 2503 έν
3497 2453 3634 2522 τιμῇ

1995 2538 2216 2614 μεγίστῃ
2246 2520 2314 2592 Ἶὸν
2357 2538 2612 2614 βασιλεὺς
2650 2520 2815 2612 πρὸς⁷
2862 2520 3087 2595 Nimia
3144 2537 3489 2608 ἀποστείλας,
3551 2520 3638 2593 ἀδ-

1992 2741 2212 2793 attente
2261 2736 2820 2810 circumspexissent
2863 2737 3082 2808 diuque
3123 2736 3475 2808 quaesissent
3505 2739 3638 2808 quis

1992 2823 2256 2896 ipsorum
2298 2825 2593 2881 videretur
2640 2825 2888 2880 idoneus
2936 2827 3005 2880 ad
3057 2825 3319 2898 regimen
3369 2825 3638 2881 Ecclesia

1992 2915 2440 2987 capessendum,
2473 2914 2728 2985 denique
2760 2931 2876 2969 uno
2907 2930 3197 2971 consensu
3228 2915 3284 2970 in
3319 2915 3634 2987 Ephesium

1990 3008 2407 3061 convenerunt.
2435 3005 2572 3060 Erat
2591 3004 2642 3060 is
2664 3004 2941 3075 religione
2973 3021 3039 3060 ac
3060 3004 3275 3060 virtute
3307 3005 3466 3060 omni
3495 3022 3636 3060 con-

1992 3094 2259 3165 spicuus,
2299 3093 2446 3150 satis
2474 3094 2707 3163 doctus,
2730 3093 2858 3163 jam
2890 3093 3107 3160 senior,
3135 3093 3230 3149 cui
3260 3093 3422 3150 zelus
3453 3093 3643 3149 inerat

234 3179 484 3290 dLiecula
515 3180 690 3239 unius
719 3182 912 3237 medio
945 3183 1137 3254 spatio
1168 3182 1576 3255 pervolaverit,
1609 3188 1666 3240 et
1695 3185 1780 3240 sic
1813 3186 1883 3240 ad
1918 3223 1962 3290 ο
1999 3198 2114 3238 non
2165 3183 2498 3250 mediocris,
2533 3182 2676 3238 adeo
2717 3187 2781 3236 ut
2831 3181 2930 3237 ubi
2974 3182 3294 3238 Ecclesium
3336 3187 3437 3239 aut
3482 3183 3641 3255 leges

227 3268 429 3326 throni
461 3270 873 3342 patriarchalis
904 3271 1207 3344 fastigium
1239 3273 1670 3329 transcenderit
1686 3277 1888 3329 contra

230 3358 581 3415 manifestas
595 3359 930 3432 regularum
946 3359 1215 3417 Ecclesia
1230 3365 1490 3418 veterum
1506 3362 1884 3433 sanctiones),

229 3447 346 3516 his,
372 3447 640 3521 inquam,
658 3449 837 3506 simul
855 3450 1083 3507 cunctis
1109 3451 1466 3524 Palaologus
1481 3457 1676 3509 motus
1707 3453 1889 3509 edixit

232 3535 592 3607 prasulibus
621 3539 992 3610 congregatis
1025 3555 1086 3595 se
1119 3538 1264 3594 nihil
1296 3541 1529 3596 obstare
1571 3541 1887 3611 quominus

234 3626 389 3696 quod
418 3626 565 3697 ipsis
588 3627 882 3698 optimum
913 3627 1208 3684 videretur
1229 3628 1287 3684 in
1311 3645 1372 3684 re
1396 3629 1664 3700 prasenti
1696 3631 1890 3687 decer-

233 3720 443 3771 nerent
475 3721 855 3788 agerentque.
892 3718 1057 3773 Tunc
1087 3717 1290 3775 Patres
1338 3718 1560 3791 aliquot
1591 3719 1798 3775 diebus
1829 3721 1887 3774 in

231 3804 591 3876 inquirendo
623 3823 687 3862 ac
720 3807 1096 3864 deliberando
1128 3809 1515 3882 consumptis,
1551 3809 1694 3864 nihil
1731 3809 1886 3866 aliud

234 3897 391 3966 quod
445 3896 584 3952 vitio
629 3901 921 3954 verterent
979 3899 1323 3970 patriarcha
1377 3903 1722 3972 repererunt
1776 3900 1890 3956 nisi

236 3989 558 4064 quamdam
581 3989 1013 4062 impatientiam
1035 3994 1092 4046 et
1114 3994 1529 4061 praematurum
1546 3991 1894 4062 desperatio-

237 4098 373 4138 nem
389 4080 820 4136 emendationis
834 4096 1028 4136 rerum
1058 4096 1208 4151 quas
1231 4081 1616 4153 improbaret;
1640 4098 1824 4154 quaru
1838 4098 1890 4136 m

236 4172 297 4227 in
326 4169 748 4228 correctionem
773 4170 938 4242 prius
961 4169 1262 4227 debuisset
1284 4171 1775 4240 incumbere,tum
1792 4187 1895 4243 per

238 4278 302 4318 se
354 4260 608 4333 agendo,
642 4265 768 4316 tum
807 4260 1165 4332 exquirendo
1215 4260 1286 4317 ab
1339 4259 1470 4316 aliis
1520 4265 1578 4316 et
1623 4261 1683 4317 in
1731 4277 1893 4318 com-

237 4368 422 4408 mune
443 4350 827 4420 consulendo,
852 4367 967 4406 non
991 4355 1212 4420 autem,
1234 4355 1300 4407 ut
1331 4350 1468 4408 fecit
1498 4351 1896 4423 pusillanimi-

233 4447 355 4500 tate
384 4443 603 4513 victus,
634 4442 886 4512 abjicere
918 4443 1146 4499 clavum
1183 4441 1570 4514 periclitantis
1630 4443 1896 4499 Ecclesia

235 4538 295 4590 ct
314 4534 448 4605 ejus
469 4531 962 4606 gubernationem
998 4532 1132 4590 aliis
1164 4534 1383 4590 cedere.
1405 4533 1492 4589 Ita
1520 4532 1640 4589 illis
1662 4531 1898 4590 videba-

236 4627 356 4680 tur.
391 4627 667 4680 Caeterum
704 4622 996 4695 posterius
1037 4623 1310 4695 apparuit
1355 4623 1648 4679 insedisse
1696 4623 1892 4679 animo
1921 4607 1972 4672 D

237 4713 591 4786 patriarcha
641 4711 812 4770 altius
855 4709 1092 4781 vulnus,
1142 4717 1201 4770 et
1247 4730 1365 4769 non
1416 4713 1608 4768 solum
1659 4712 1894 4769 difficile

238 4805 594 4873 curatu,sed
629 4804 803 4876 plane
834 4804 1607 4877 insanabile,panitentiam
1631 4804 1899 4861 videlicet

238 4909 437 4953 seram
467 4893 723 4952 tolerata
751 4894 1114 4951 infractionis
1143 4895 1378 4952 foederis
1403 4895 1897 4968 praetermittenda

236 4986 624 5044 coronatione
640 4985 892 5042 haredis
921 4985 1176 5058 imperii,
1200 4987 1374 5058 cujus
1396 4986 1580 5059 culpa
1603 4990 1724 5043 tam
1749 5003 1902 5043 acer-

239 5079 352 5136 bus
385 5077 560 5134 illum
590 5077 800 5134 urebat
848 5093 1082 5144 sensus,
1111 5095 1268 5134 nunc
1309 5079 1562 5134 maxime
1609 5079 1898 5135 videntem

243 5185 427 5241 quam
452 5172 656 5226 contra
675 5184 838 5241 spem
863 5169 1029 5241 prius
1051 5173 1390 5242 conceptam
1433 5169 1666 5242 negotia
1703 5187 1901 5227 succe-

244 5259 479 5326 derent,
507 5262 573 5313 ut
593 5273 711 5330 quo
734 5257 912 5313 istius
937 5257 1209 5314 admissa
1232 5257 1368 5313 licet
1390 5274 1492 5330 per
1512 5258 1903 5330 ignorantiam

247 5346 644 5404 conniventia
675 5346 898 5403 crimen
931 5347 1087 5419 apud
1119 5347 1302 5404 Deum
1335 5347 1612 5418 expiaret,
1639 5349 1908 5403 volunta-

2000 3274 2128 3344 ejus
2161 3272 2381 3344 despici
2411 3273 2651 3340 videret,
2687 3277 2845 3328 totus
2875 3274 3294 3329 exardesceret.

1998 3381 2081 3434 16.
2121 3382 2186 3437 Ut
2236 3382 2434 3453 Ephesi
2488 3381 2768 3523 episc0pz;s
2806 3381 3156 3508 tNicephorus
3206 3383 3524 3454 patriarcha
3571 3386 3642 3439 sit

2739 3469 2803 3509 ac
2833 3470 2914 3507 us.

2739 3459 2914 3509 'actus.

2066 3543 2400 3616 Contigerat
2422 3544 2645 3599 dudum
2681 3544 2988 3616 quiddam,
3010 3545 3163 3598 unde
3187 3544 3236 3600 is
3267 3547 3385 3600 toto
3415 3545 3638 3617 episco-

1998 3637 2166 3705 patus
2217 3634 2306 3690 sui
2353 3638 2614 3706 tempore
2665 3633 2883 3689 doloris
2909 3637 2968 3688 et
2999 3634 3369 3705 querelarum
3402 3652 3641 3691 causam

1997 3724 2211 3780 habere
2235 3725 2469 3795 justum
2501 3723 2614 3779 sibi
2638 3724 2952 3779 videretur.
2979 3727 3205 3780 Vacans
3232 3724 3370 3781 olim
3403 3725 3646 3796 patriar-

1999 3814 2182 3872 chalis
2213 3816 2381 3870 sedes
2412 3815 2708 3871 destinata
2756 3816 2920 3886 prius
2969 3815 3082 3886 ipsi
3138 3831 3336 3887 quam,
3371 3816 3470 3887 qui
3515 3833 3648 3872 mox

1999 3906 2058 3961 in
2081 3922 2207 3962 eam
2227 3905 2534 3973 successit,
2559 3905 2815 3962 Manueli
2837 3906 3047 3973 fuerat,
3073 3905 3230 3961 haud
3250 3906 3431 3963 dubio
3455 3906 3648 3961 favore

2002 3997 2210 4072 synodi
2254 4014 2266 4051 :
2317 3997 2421 4053 sed
2472 3997 2573 4068 qui
2621 4000 2765 4053 tunc
2814 3996 3144 4068 imperabat
3170 3997 3434 4053 Joannes
3466 4001 3648 4053 Ducas

2002 4086 2314 4144 consensui
2339 4086 2578 4143 Patrum
2609 4085 2862 4156 obstitit,
2885 4084 3075 4140 zelum
3106 4084 3212 4141 viri
3243 4086 3646 4157 praefervidum

2005 4182 2295 4234 metuens.
2318 4178 2500 4249 Cujus
2530 4175 2710 4245 enim,
2735 4176 2947 4247 aiebat,
2972 4176 3218 4248 spiritus
3240 4176 3432 4232 adhuc
3456 4176 3648 4233 archi-

2003 4267 2232 4324 diaconi
2281 4267 2434 4323 ferre
2481 4267 2575 4323 vix
2625 4282 2966 4338 possumus,
2994 4265 3046 4321 ei
3078 4267 3212 4337 quis
3243 4282 3521 4339 suprema
3552 4283 3653 4338 pa-

2005 4356 2272 4414 triarcha
2321 4360 2549 4412 armato
2598 4355 2950 4412 auctoritate
2982 4355 3313 4412 resisteret?
3343 4355 3438 4412 Sic
3464 4355 3563 4412 ille
3593 4357 3653 4412 in

2005 4451 2170 4503 tanto
2191 4446 2527 4503 inferiorem
2550 4445 2856 4517 Ephesina
2879 4445 3189 4501 submotus
3213 4445 3482 4501 Ecclesia
3502 4445 3658 4501 thro-

2006 4552 2150 4592 num
2176 4551 2283 4591 nec
2304 4533 2593 4608 patienter
2614 4550 2876 4606 unquam
2900 4550 3007 4590 nec
3027 4534 3203 4590 tacite
3223 4534 3523 4590 interverti
3544 4533 3659 4590 sibi

2002 4624 2262 4696 supremi
2284 4623 2524 4680 honoris
2543 4624 2849 4695 injuriam,
2876 4627 2941 4678 ut
2961 4623 3087 4695 ipse
3119 4622 3340 4695 passim
3365 4623 3658 4694 quiritans

2001 4715 2266 4783 vocabat,
2288 4718 2345 4770 et
2375 4712 2790 4770 contumeliam
2815 4711 2970 4769 tulit.
2997 4717 3074 4768 Ea
3105 4712 3270 4768 illum
3303 4713 3484 4770 animi
3517 4730 3655 4786 pra-

2007 4804 2231 4877 paratio
2262 4803 2489 4860 facilem
2523 4809 2649 4859 tum
2683 4801 2945 4858 reddidit
2974 4801 3045 4857 ad
3077 4802 3457 4858 annuendum
3504 4802 3658 4858 desi-

2009 4894 2188 4950 deriis
2231 4893 2436 4967 synodi
2488 4893 2830 4964 frequentis,
2861 4895 2918 4948 et
2947 4891 3216 4948 electioni
3266 4891 3517 4947 libenter
3564 4909 3662 4948 as-

2010 4984 2385 5042 sentiendum
2419 4999 2558 5050 sua,
2592 4986 2859 5040 constare
2889 4981 3182 5052 siquidem
3212 4980 3326 5053 ipsi
3357 4981 3666 5037 videbatur

2003 5075 2129 5146 jam
2161 5075 2387 5147 pridem
2412 5089 2474 5129 se
2504 5074 2574 5128 ad
2610 5071 3070 5144 patriarchatum
3101 5071 3280 5126 divini
3313 5070 3504 5143 gratia
3534 5073 3663 5142 Spi-

2012 5165 2162 5220 ritus
2192 5163 2462 5232 electum,
2495 5163 2605 5218 etsi
2638 5163 2921 5218 hactenus
2953 5160 3258 5217 exclusum
3292 5161 3668 5232 possessione

2016 5254 2197 5310 debiti
2231 5254 2472 5308 honoris
2504 5250 2886 5323 insuperabili
2919 5251 3228 5306 obstaculo
3256 5250 3530 5306 humana
3564 5268 3666 5322 po-

2016 5343 2232 5399 tentia.
2269 5342 2418 5414 Ergo
2469 5341 2568 5397 ille
2617 5340 2767 5396 nihil
2820 5345 3156 5407 cunctatus,
3192 5341 3310 5396 imo
3341 5341 3669 5412 pradicans

244 5435 409 5492 rium
444 5434 557 5491 hoc
588 5427 1081 5491 exauctorationis
1128 5433 1375 5508 propria
1407 5433 1762 5506 supplicium
1795 5434 1908 5490 sibi
2020 5447 2302 5505 apparere
2359 5430 2740 5486 manifestum
2794 5430 2890 5485 Dei
2941 5444 3160 5485 numen
3213 5430 3272 5484 in
3310 5431 3400 5485 sui
3435 5430 3673 5485 restitu-

247 5526 412 5584 ultro
443 5525 940 5583 consciscendum
977 5527 1286 5597 putaverit.
1319 5526 1483 5581 Tunc
1515 5541 1684 5596 porro
1714 5530 1912 5581 Patres
2019 5522 2200 5592 tione,
2233 5536 2413 5592 seque
2445 5537 2562 5576 non
2594 5519 2855 5575 delatum
2890 5535 3046 5574 nunc
3079 5519 3336 5590 primum
3373 5520 3672 5591 suil‘rsgiis

247 5616 490 5690 synodi,
513 5615 604 5673 vel
634 5613 832 5688 potius
854 5615 1181 5672 eminentes
1201 5614 1356 5672 inter
1377 5615 1557 5687 ipsos,
1573 5631 1641 5671 ex
1662 5631 1915 5687 quorum
2023 5611 2392 5685 eligentium,
2426 5612 2521 5667 sed
2566 5611 2729 5681 justo
2782 5611 3005 5665 dudum
3035 5609 3258 5681 judicio
3292 5610 3673 5665 Providentia

250 5705 613 5764 auctoritate
657 5721 724 5761 ac
774 5708 920 5760 nutu
966 5704 1174 5761 cateri-
1207 5706 1560 5778 pendebant,
1593 5722 1729 5762 cum
1760 5707 1910 5760 II1
2026 5704 2134 5760 sibi
2157 5704 2454 5759 decretum
2489 5705 2625 5756 nata
2643 5700 2922 5756 divinitus
2949 5701 3254 5757 occasione
3275 5717 3404 5772 qua
3437 5698 3578 5754 I18
3604 5701 3675 5754 ad

587 5826 846 5886 ΡΑτιιοι.
895 5826 1004 5886 Gs.
1051 5825 1307 5888 CXLIII.
3288 5823 3363 5880 18
