4188 6442
574 407 681 462 555

1879 410 2176 466 GEORGII
2215 411 2675 466 PACHYMRRB

3871 413 3975 468 556

572 532 665 592 τὸς
698 528 948 604 ἠπείγετο
982 533 1117 605 πρὸς
1173 533 1269 600 τήν
1334 533 1640 605 Λάμψακον
1699 533 2216 607 περαιωθησόμενος
2248 541 2299 607 Α
2334 534 2560 609 εισάγειν
2622 531 2825 595 ἄλλους
2856 538 2972 595 ταῖς
3017 533 3334 603 ἐκκλησίαις
3389 534 3695 603 ἐσκέπτετο,
3729 537 3757 590 ’ὀ
3790 534 3856 604 δὴ
3885 537 3974 591 καὶ

575 620 709 694 πρὸς
765 620 862 687 τήν
917 618 1199 694 ἀντιπέραν
1261 619 1699 676 Καλλιούπολιν·
1770 621 2073 695 συνεκρότει
2115 622 2218 697 γὰρ

575 709 666 761 καὶ
727 704 980 780 δυνάμεις
1038 707 1136 762 οὐκ
1193 707 1382 784 ὀλίγας
1438 709 1556 764 κατ’
1589 709 1811 766 Ἰταλῶν
1873 709 2220 786 έφ’ᾦπροσ-

573 796 794 857 καθίσας
875 802 1111 871 πειρῷτο
1197 799 1484 872 κρατήσειν
1576 799 1638 852 τὸ
1715 799 2038 873 καταντικρὺ
2119 806 2221 868 τῆς

573 882 900 954 Βυζαντίδος
949 887 1230 961 φρούριον,
1291 887 1353 941 τὸ
1421 887 1561 941 οὕτω
1614 909 1731 949 πως
1787 887 2081 963 λεγόμενον
2116 893 2220 942 Γα-

574 972 738 1028 λατᾶν
749 1014 761 1027 .

575 1082 656 1149 ιζ’.
716 1081 983 1171 Ὅπωςβ
1063 1080 1308 1174 Σάρδεων
1378 1084 1471 1173 καὶ
1550 1084 1576 1137 6
1630 1082 2058 1174 *Θεσσαλονίκης
2132 1084 2218 1138 ἐπὶ

851 1151 1066 1214 τούτοις
1096 1151 1156 1210 οὗ
1189 1156 1529 1229 συνεφώνουν
1562 1161 1677 1216 τοῖς
1712 1154 1928 1217 ἄλλοις·

641 1240 780 1298 Τότε
806 1241 984 1295 τοίνυν
1020 1244 1046 1295 6
1099 1241 1347 1318 Σάρδεων
1402 1243 1749 1319 Ἀνδρόνικος
1794 1246 1884 1299 καὶ
1945 1247 1972 1300 6
2020 1252 2219 1300 Θεσσα-

573 1327 800 1400 λονίκης
832 1329 1097 1399 Μανουὴλ
1131 1333 1179 1395 (6
1234 1332 1337 1407 γάρ
1389 1331 1716 1410 Καλοφόρος
1750 1334 2008 1408 Σμύρνης
2040 1334 2084 1388 εἰ
2129 1333 2217 1388 καὶ

568 1423 888 1492 παρῃτεῖτο,
935 1418 1061 1472 ἀλλ’
1101 1420 1192 1474 οὗν
1249 1419 1421 1482 αἰτίας
1467 1422 1650 1496 έτέρας
1699 1417 2081 1496 προύϐάλλετο
2128 1419 2218 1476 δο-

567 1507 726 1577 ξάσας
763 1507 948 1569 ἱκανὰς
1010 1507 1086 1571 είς
1142 1509 1519 1584 παραίτησιν]-
1584 1512 1640 1564 οἱ
1690 1508 1746 1564 δὲ
1799 1515 2040 1588 φανερῶς
2093 1511 2217 1565 ἀντ-

567 1596 791 1667 έτεινον,
850 1598 938 1650 καὶ
997 1601 1079 1669 τῷ
1141 1595 1317 1652 δοκεῖν
1376 1601 1471 1671 μὶν
1536 1601 1668 1674 ὑπὲρ
1718 1603 1816 1654 τοῦ
1873 1602 2220 1675 πατριάρχου

562 1689 742 1745 κακῶς
795 1685 1166 1760 παροφθέντος
1195 1685 1450 1755 ἐζήλουν,
1491 1693 1568 1759 τῷ
1627 1686 1683 1742 δὶ
1738 1686 2096 1762 κρυπτομένῳ
2127 1687 2215 1741 καὶ

563 1774 695 1847 ὑπὶρ
753 1774 825 1827 ὧν
879 1775 905 1828 6
938 1777 1290 1850 πατριάρχης
1329 1777 1511 1846 ζηλῶν
1568 1778 1641 1838 ὡς
1672 1778 1810 1838 τέως
1845 1777 1942 1832 οὐκ
1972 1777 2212 1831 ἀνυστῶν

2328 619 2542 697 γέγονεν
2593 618 2832 696 ὕστερον.
2894 622 3068 683 Αὐτὸς
3126 620 3183 677 δὲ
3236 625 3343 675 τῶν
3387 620 3573 677 ἄλλων
3632 622 3974 697 έπεπειρᾶτο,

2327 710 2482 777 καὶὴ
2542 712 2761 785 ταραχή
2818 707 3005 780 πολλὴ
3065 711 3156 780 ἦν,
3198 709 3287 764 καὶ
3343 711 3404 764 τὸ
3436 711 3552 764 κατ’
3575 709 3785 765 ἐκείνου
3816 715 3973 765 σκάν-

2330 797 2495 852 δαλον
2529 795 2712 874 ᾔρετο·
2765 797 2912 866 πλὴν
2956 799 3056 874 γάρ
3109 803 3214 853 τῶν
3249 799 3325 861 εἷς
3384 800 3657 875 ἄρχοντας
3712 799 3973 874 τεταγμέ-

2326 909 2428 941 νων
2459 894 2557 956 τῆς
2585 886 2914 958 Ἐκκλησίας
2949 889 2999 943 οἱ
3050 885 3238 942 λοιποὶ
3282 889 3380 956 τήν
3427 889 3632 942 ἐκείνου
3685 890 3975 943 κοινωνίαν

2330 973 2898 1051 άπέστεργον.”ομως
2957 978 3006 1030 οἱ
3064 978 3157 1051 μὲν
3218 976 3448 1038 ἐχόντως
3506 979 3556 1031 οἱ
3608 975 3664 1032 δέ
3693 977 3782 1032 καὶ
3814 976 3973 1031 ἀκόν-

2324 1085 2432 1126 τως
2475 1066 2621 1132 πΑήν
2672 1064 2871 1140 ὀλίγων
2921 1063 3400 1135 καθυπεκλίνοντο,
3452 1063 3874 1139 διασεσεισμένοι
3925 1064 3975 1120 δ’

2328 1151 2477 1216 ὄντες
2551 1153 2647 1216 τάς
2715 1153 2935 1228 γνώμας
3010 1155 3200 1229 πράξει
3271 1155 3400 1218 τοὺς
3483 1156 3557 1227 μὴ
3612 1156 3970 1228 πειθομένους

2328 1241 2601 1317 ὠχύρουν.
2663 1242 2740 1299 Τὸ
2801 1239 2856 1296 δὲ
2913 1244 3103 1298 λαίκὸν
3158 1250 3373 1313 πλῆθος
3440 1244 3532 1297 τὸν
3587 1243 3699 1298 νέον
3741 1245 3976 1316 ποιμένα

2495 1330 2612 1384 λίαν
2659 1331 3239 1405 ἆποπροσποιοόμενοι
3297 1331 3522 1402 ἐζήτουν
3577 1333 3668 1386 τὸν
3727 1335 3973 1406 γνήσιον.

2324 1421 2410 1490 [Ρ.
2465 1421 2554 1491 ’77]
2606 1420 2757 1473 Οὕτω
2804 1425 2933 1494 γοῦν
2974 1420 3384 1496 τεταραγμένων
3443 1425 3548 1474 τῶν
3618 1421 3972 1496 πραγμάτων,

2325 1329 2414 1383 καὶ

2326 1506 2439 1560 ἐπεὶ
2498 1508 2586 1560 καὶ
2641 1509 2732 1562 τὸν
2792 1513 3091 1583 κρατοῦντα
3170 1509 3430 1582 ἐμάνθανε
3503 1509 3689 1583 μάχην
3749 1509 3974 1582 μέλλειν

2326 1602 2637 1672 συγκροτεῖν
2719 1598 2974 1674 μεγίστην
3055 1598 3187 1653 κατᾶ
3266 1598 3530 1675 φρουρίου
3605 1603 3702 1653 τοῦ
3761 1597 3977 1653 Γαλατᾶ

2326 1685 2455 1748 ὥσθ’
2501 1686 2766 1761 αἱρήσειν,
2815 1687 2913 1741 κᾶν
2974 1686 3018 1741 ε’ί
3074 1709 3125 1741 τι
3157 1688 3243 1742 καὶ
3297 1689 3462 1742 πάθοι
3497 1686 3720 1761 (ἐκεῖθεν
3751 1689 3850 1762 γὰρ
3883 1687 3975 1742 καὶ

2322 1776 2422 1842 τὴν
2450 1781 2550 1843 τῆς
2583 1774 3011 1849 μεγαλοπόλεως
3043 1775 3274 1846 ἤλπιζεν
3333 1774 3586 1847 ἅλωσιν),
3621 1775 3808 1851 ὀλίγον
3838 1778 3977 1831 κατὰ

563 1862 862 1937 ὑπεχώρει.
922 1866 980 1920 Ὀ
1043 1864 1226 1937 μέντοι
1280 1887 1337 1940 γε
1392 1866 1516 1920 τότε
1564 1866 1980 1941 πατριαρχεόων
2038 1863 2547 1970 Νικη-ΒΝίκαιαν
2601 1863 2918 1936 διαμείνας,
2984 1867 3232 1939 ὁρμήσας
3285 1865 3476 1920 αὐτίκα
3532 1863 3623 1919 καί
3678 1867 3814 1920 κατὰ
3868 1867 3973 1934 τήν

617 1952 628 1970 ι
775 1953 787 1964 ο
838 1953 851 1970 ,
908 1954 917 1970 .
974 1955 1030 1970 ,η
1084 1953 1094 1970 ,
1561 1955 1573 1970 ,
1852 1956 1867 1970 .
2003 1959 2028 1969 ..
2376 1952 2419 1970 η
2714 1954 2726 1970 ς
2864 1954 2875 1968 .
3195 1955 3207 1970 .
3343 1959 3370 1968 -
3476 1952 3532 1970 ,η
3657 1959 3683 1968 -
3788 1955 3801 1969 .

563 1952 730 2027 φόρος
768 1953 795 2005 ὁ
828 1953 917 2006 ἀπ’
974 1953 1224 2029 Ἐφέσου.
1279 1955 1748 2029 συγκροτούμενος
1811 1956 1905 2027 μὲν
1962 1959 2032 2028 τῇ
2089 1977 2213 2008 συν-

564 2040 695 2114 όδῳ,
755 2040 954 2114 πολλῷ
984 2041 1040 2098 δὲ
1071 2042 1237 2099 πλέον
1271 2047 1361 2098 καὶ
1418 2050 1485 2119 τῇ
1515 2052 1610 2101 τοῦ
1665 2044 1938 2122 βασιλέως
1968 2043 2208 2115 θελήσει,

565 2130 710 2204 έχων
744 2131 832 2185 καὶ
867 2130 1039 2188 πολὺν
1074 2134 1403 2208 συναχθέντα
1460 2134 1519 2189 έκ
1571 2142 1672 2204 τῆς
1729 2134 1953 2212 Ἐφέσου
2009 2136 2207 2210 χρυσὸν

562 2221 837 2298 ἐφίσταται
912 2225 980 2295 τῇ
1059 2223 1275 2295 Νικαίᾳ·
1358 2225 1460 2280 Καὶ
1535 2229 1754 2299 πρῶτοο
1817 2226 1912 2296 μὶν
1962 2224 2209 2300 ἐπειρᾶτο

562 2308 836 2374 ποικίλως
863 2315 970 2365 τῶν
1020 2313 1363 2387 σχιζομένων
1421 2312 1720 2389 ἀρχιερέων
1782 2311 1863 2391 ἐφ’
1919 2313 1962 2384 ᾧ
2022 2312 2212 2367 συνέλ-

561 2397 703 2461 θοιέν
748 2397 804 2453 τέ
852 2401 903 2452 οἱ
953 2400 1040 2453 καὶ
1100 2399 1451 2475 εἶρηνεύοιεν,
1510 2402 1597 2455 καὶ
1656 2399 1832 2463 πολὺς
1889 2403 1955 2469 ἦν
2014 2399 2211 2464 αὐτοὺς

559 2485 958 2562 μετερχόμενος
1017 2488 1291 2552 ἀπειλαῖς·
1354 2488 1480 2545 ἀλλ’
1541 2492 1641 2544 οὐκ
1698 2488 1895 2559 ἔπειθε,
1946 2487 2210 2544 πλέονδέ

555 2578 826 2653 παρέθηγε
894 2579 985 2632 τὸν
1050 2577 1215 2656 ζῆλον
1290 2577 1538 2651 ἐκείνοις,
1595 2579 1683 2633 καὶ
1741 2577 2049 2654 κατεγέλων
2101 2583 2206 2632 τῶν

559 2667 908 2739 μηνιμάτων.
965 2673 1051 2729 Ὦς
1113 2666 1158 2722 δ’
1217 2671 1318 2724 οὐκ
1375 2667 1552 2733 ἔπειθε
1608 2671 1781 2724 πάντα
1829 2669 2051 2744 πράξας,
2087 2669 2210 2722 άντ-

555 2885 614 2939 id
642 2887 892 2956 cogeret,
922 2885 1115 2941 locum
1148 2885 1429 2959 accipere,
1468 2887 1804 2959 patriarcha
1834 2887 2206 2943 renuntiatus

555 2978 682 3041 est;
717 2990 889 3045 quem
922 2990 1056 3030 cum
1089 2991 1324 3031 summo
1356 2975 1577 3033 honore
1609 2977 1926 3049 imperator
1955 2977 2203 3032 Nicaeam

554 3061 878 3132 dimittens,
906 3063 1033 3136 ipse
1063 3064 1451 3137 Lampsacum
1497 3065 1824 3134 contendit,
1852 3067 2204 3136 trajecturus

555 3152 692 3208 inde
713 3152 771 3207 in
795 3153 1100 3209 adversam
1131 3152 1808 3226 Calliopolim.Collectis
1838 3155 1993 3211 enim
2023 3154 2206 3226 copiis

2321 1952 2500 2022 πύλην
2542 1954 2776 2029 γεγονὼς
2824 1954 2914 2008 τὸν
2966 1955 3246 2027 κονιορτὸν
3304 1959 3410 2008 τῶν
3475 1952 3726 2030 βλαυτῶν
3776 1955 3974 2008 ἀποτι-

2320 2041 2611 2114 ναξάμενος
2669 2044 2742 2105 ὡς
2796 2043 2870 2104 εἷς
2927 2043 3220 2118 μαρτύριον
3278 2042 3436 2107 δῆθεν
3493 2042 3676 2116 ἐξῄει,
3734 2043 3824 2098 καὶ
3881 2040 3973 2097 διὰ

2320 2135 2417 2185 τοῦ
2473 2132 2608 2186 κατὰ
2662 2133 2760 2200 τήν
2821 2131 3172 2189 Ἐλενόπολιν
3222 2135 3320 2202 τῆς
3378 2131 3654 2202 θαλάσσης
3713 2133 3972 2207 πορθμοῦ

2320 2221 2454 2296 πρὸς
2513 2220 2713 2275 ἐκεῖνον
2773 2222 3053 2295 ἠπείγετο,
3117 2222 3229 2294 ἅμα
3290 2223 3384 2294 μὶν
3435 2221 3792 2292 ένασμενίζων
3827 2221 3974 2275 έκεῖ-

2322 2310 2407 2363 θεν
2452 2313 2519 2383 τῇ
2579 2309 2636 2364 έκ
2698 2309 2962 2384 βασιλέως
3010 2310 3346 2385 παραμυθίᾳ,
3398 2310 3510 2382 ἅμα
3539 2307 3596 2364 δέ
3636 2310 3725 2366 καὶ
3761 2308 3974 2383 μεγάλα

2319 2397 2543 2470 ἤλπιζε,
2599 2399 3072 2473 συγκροτουμένην
3136 2401 3324 2474 μάχην
3397 2396 3615 2474 βλέπων
3675 2399 3812 2453 κατὰ
3870 2405 3974 2467 τῆς

2319 2483 2554 2561 πόλεως,
2588 2489 2662 2551 ὡς
2709 2487 2951 2559 ἀλούσης
3006 2488 3199 2544 αὐτίκα
3251 2495 3352 2558 τῆς
3409 2487 3735 2558 Ἐκκλησίας
3769 2482 3974 2556 ἐπιϐη-

2320 2577 2570 2649 σόμενος,
2603 2575 2943 2652 ἀπαλλαγεὶς
2973 2577 3205 2639 Νικαίας
3251 2577 3340 2632 καὶ
3400 2581 3508 2632 τῶν
3570 2576 3699 2632 ἐκεῖ·
3735 2578 3820 2631 Ἐν
3855 2575 3974 2646 ὅσῳ

2321 2664 2378 2720 δὲ
2401 2667 2500 2735 τήν
2547 2667 2741 2739 μεταξὺ
2773 2667 2991 2739 πορείαν
3026 2664 3262 2737 διήνυεν,
3296 2665 3348 2721 έν
3404 2669 3472 2739 τῇ
3535 2660 3822 2740 Σηλυϐρίᾳ
3876 2664 3975 2719 καὶ

2316 2884 2476 2939 bant.
2502 2884 2705 2957 Itaque
2728 2901 2860 2942 cum
2887 2884 3001 2942 alia
3032 2902 3145 2941 non
3180 2886 3580 2957 procederent,
3611 2885 3679 2941 de
3711 2886 3971 2942 transfe-

2316 2973 2512 3029 rendis
2544 2989 2745 3030 eorum
2768 2974 3027 3032 ecclesiis
3048 2974 3108 3030 in
3131 2974 3277 3031 alios
3308 2974 3562 3047 cogitare
3586 2974 3776 3047 ccepit,
3802 2977 3969 3047 quod

2313 3066 2371 3118 et
2392 3066 2592 3133 postea
2613 3063 3124 3136 contigit.lnterim
3149 3063 3296 3120 alios
3317 3063 3429 3120 sibi
3445 3062 3765 3136 adjungere
3779 3069 3978 3121 tenta-

2318 3150 2438 3219 bat,
2471 3152 2620 3206 “9
2644 3151 2947 3224 multaque
2967 3158 3091 3208 erat
3112 3152 3571 3225 perturbatio,ac
3589 3168 3871 3225 magnum
3897 3155 3976 3209 de

555 3245 615 3300 in
666 3245 841 3301 Italos
890 3262 1007 3301 non
1058 3245 1262 3317 paucis
1310 3263 1378 3303 eo
1425 3247 1780 3313 condixeral,
1831 3248 2027 3304 animo
2076 3253 2201 3304 ten.
2236 3261 2278 3330 ρ
2316 3240 2447 3314 ipso
2479 3241 2710 3313 publice
2741 3242 3088 3298 scandalum
3120 3246 3312 3298 ortum
3343 3249 3452 3298 est.
3473 3245 3688 3299 Verum
3719 3242 3813 3298 alii
3847 3243 3975 3300 fere

554 3333 746 3388 tandaa
777 3334 1180 3407 occupationis
1210 3336 1362 3392 arcis
1400 3353 1469 3392 ex
1500 3337 1742 3393 adverso
1772 3337 2031 3409 Byzantii
2057 3337 2203 3406 sitas,

554 3421 649 3476 cui
681 3419 888 3478 Galata
918 3438 1154 3478 nomen.

557 3572 644 3626 17.
697 3573 760 3629 Ut
807 3572 1098 3630 Sardensis
1146 3583 1201 3630 et
1247 3574 1742 3632 Thessalonicensis
1790 3576 2036 3647 episcopi
2090 3592 2199 3633 non

709 3648 1083 3702 consenserint
1113 3648 1172 3701 ιή
1200 3647 1651 3716 subrogationem
1675 3648 2040 3720 patriarcha.

624 3779 790 3836 Tunc
840 3778 1020 3852 igitur
1075 3779 1387 3837 Sardensis
1441 3782 1816 3838 Andronicus
1863 3786 1922 3838 et
1968 3781 2200 3839 Manuel

551 3867 1091 3925 Thessalonicensis
1109 3867 1365 3940 episcopi
1385 3867 1581 3941 palam
1599 3869 1977 3927 declararunt
2001 3887 2062 3927 se
2085 3887 2199 3928 non

552 3959 801 4032 probare
830 3975 959 4031 quae
991 3959 1144 4014 facta
1171 3959 1423 4028 fuerant,
1472 3965 1856 4032 pretexentes
1886 3961 2098 4034 zelum,
2131 3979 2198 4018 ac

550 4064 667 4120 pra:
699 4064 763 4103 se
793 4048 1046 4104 ferentes
1078 4047 1457 4105 miseratione
1478 4066 1541 4106 se
1573 4052 1789 4107 moveri
1839 4053 2196 4109 exauctorati

550 4153 667 4192 non
683 4136 846 4206 juste
868 4135 1574 4211 patriarchaaﬂalophoro
1597 4156 1832 4212 quoque
1851 4141 2196 4216 Smyrnensi

550 4224 904 4298 displicebat
933 4226 1153 4283 factum
1189 4245 1202 4283 :
1236 4231 1507 4285 caeterum
1539 4228 1639 4286 ille
1670 4229 1840 4302 alias,
1873 4235 1937 4287 ut
1967 4231 2079 4305 ipsi
2111 4232 2195 4287 vi-

547 4315 1064 4382 debatur,idoneas
1088 4316 1262 4373 istius
1285 4317 1602 4390 suijudicii
1623 4336 1834 4376 causas
1848 4322 2194 4392 obtendens,

545 4420 686 4460 suas
717 4404 828 4460 sibi
854 4405 1170 4477 separatim
1194 4423 1286 4462 res
1311 4407 1537 4480 agebat.
1565 4408 1678 4463 Alii
1718 4410 1834 4465 duo
1876 4411 2194 4468 concordes

542 4492 600 4548 in
625 4493 698 4549 iis
729 4510 855 4566 qua:
889 4494 1062 4549 retuli
1096 4495 1329 4567 publice
1361 4494 1706 4568 allegandis,
1724 4497 1884 4554 aliud
1909 4499 2190 4571 quiddam

2315 3330 2593 3400 praasules
2619 3331 2998 3387 ecclesiarum
3055 3333 3183 3402 ejus
3231 3331 3706 3388 communionem
3739 3331 3974 3404 ample-

2313 3419 2642 3486 clebantur,
2666 3421 2766 3476 sed
2795 3421 3009 3492 partim
3033 3420 3290 3478 volentes
3313 3421 3528 3493 partim
3552 3421 3740 3490 inviti,
3757 3422 3970 3494 paucis

2314 3524 2382 3563 ex
2429 3508 2612 3564 animi
2655 3509 2948 3566 sententia
2978 3510 3036 3565 in
3069 3510 3198 3581 ejus
3256 3514 3452 3582 partes
3508 3510 3973 3579 inclinantibus,

2311 3597 2578 3669 Cumque
2607 3599 2701 3654 isti
2735 3615 2946 3654 arcano
2961 3599 3379 3657 dissentientes
3401 3599 3628 3656 occulta
3646 3600 3976 3658 suastudia

2312 3703 2428 3742 non
2478 3687 2647 3759 plane
2707 3687 3173 3759 dissimularent,
3206 3688 3401 3760 palam
3460 3688 3815 3745 dissidentes
3859 3707 3970 3747 eos

2311 3792 2458 3847 quos
2489 3775 2604 3831 dixi
2635 3776 2942 3833 observata
2961 3777 3074 3834 ista
3096 3778 3394 3834 fautorum
3416 3776 3726 3850 Nicephori
3748 3777 3981 3835 tituba-

2308 3865 2390 3920 tio
2436 3866 2494 3920 in
2545 3871 2742 3937 coeptas
2791 3866 3158 3923 discissionis
3210 3866 3534 3940 pertinacia
3563 3867 3859 3924 firmabat.
3894 3871 3980 3924 At

2308 3953 2520 4011 laicum
2550 3955 2760 4027 vulgus
2784 3956 3162 4012 vehementer
3210 3955 3559 4012 abhorrebat
3590 3973 3623 4011 a
3654 3972 3800 4012 novo
3854 3973 3972 4029 pa-

2308 4049 2483 4112 store,
2505 4049 2878 4117 veteremque
2901 4050 2965 4101 ut
2984 4045 3316 4117 legitimum
3341 4044 3693 4117 requirebat.
3718 4044 3811 4101 Sic
3834 4049 3896 4101 tu
3909 4063 3972 4102 r-

2308 4134 2462 4190 batis
2493 4135 2690 4206 rebus,
2713 4134 3076 4207 Nicephorus
3107 4135 3352 4191 audiens
3385 4135 3799 4207 imperatorem
3831 4151 3979 4191 ma-

2306 4241 2419 4296 gno
2449 4223 2588 4280 belli
2622 4233 2902 4298 apparatu
2936 4226 3246 4282 imminere
3277 4225 3514 4295 Galate,
3541 4229 3768 4281 certum
3817 4241 3975 4297 quo-

2304 4319 2393 4374 vis
2414 4318 2668 4390 periculo
2699 4320 2828 4390 ejus
2859 4319 3113 4392 presidii
3136 4318 3334 4392 potiri,
3357 4333 3714 4390 sperareque
3744 4332 3806 4373 se
3837 4334 3966 4374 non

2304 4407 2498 4464 solum
2520 4409 2648 4480 ejus
2669 4409 2782 4465 voti
2806 4414 3134 4481 compotem
3158 4411 3444 4480 futurum,
3471 4408 3568 4464 sed
3595 4409 3793 4480 ipsum
3817 4424 3975 4480 quo-

2304 4512 2418 4570 que
2469 4514 2746 4570 magnam
2795 4499 3000 4555 urbem
3047 4502 3324 4571 praeterea
3371 4501 3704 4569 capturum,
3737 4513 3965 4570 parum

541 4581 694 4638 clam
717 4583 1083 4654 coquebant:
1110 4600 1244 4639 nam
1269 4601 1337 4640 ea
1359 4585 1488 4657 ipsa
1510 4602 1759 4657 quorum
1785 4588 2192 4660 desperatione
2223 4637 2263 4660 η
2301 4585 2499 4643 Nicaea
2532 4592 2796 4644 moratus
2827 4587 3099 4644 discessit
3130 4588 3284 4659 inde,
3327 4591 3386 4644 et
3427 4587 3499 4643 ad
3545 4590 3774 4660 portam
3808 4585 3961 4643 civi-

539 4671 1016 4744 corrigendorun
1075 4672 1360 4729 Arsenius
1420 4679 1760 4744 recesserat,
1818 4676 2190 4749 impatienter

539 4761 691 4816 ferre
721 4761 1102 4832 putabantur.
1125 4764 1197 4818 At
1228 4780 1412 4820 novus
1443 4770 1511 4820 ex
1542 4765 1754 4837 Ephesi
1788 4766 2061 4839 episcopo
2085 4785 2188 4840 pa-

537 4850 793 4907 triarcha
846 4851 1232 4924 Nicephorus,
1275 4853 1504 4922 judicio
1559 4855 1766 4926 synodi
1813 4873 1941 4928 quae
1989 4856 2187 4928 ipsum

537 4939 812 5020 elegerat,
837 4945 894 4996 et
916 4941 1103 4998 multo
1128 4943 1315 5014 magis
1337 4942 1707 5015 imperatoris
1738 4945 2039 5002 voluntate
2071 4947 2187 5002 fre-

536 5035 655 5100 tus,
713 5047 855 5086 auro
903 5031 1081 5087 etiam
1140 5032 1449 5089 abundans
1510 5034 1681 5106 cujus
1737 5035 1853 5090 vim
1907 5052 2184 5109 magnam

533 5120 759 5192 Epheso
789 5120 1092 5191 exlulerat,
1126 5122 1378 5179 Nicaeam
1414 5125 1713 5196 pervenit;
1748 5125 1949 5198 ibique
1994 5127 2184 5183 multa

528 5209 686 5266 varie
729 5214 976 5267 conatus
1009 5212 1080 5267 ad
1113 5219 1468 5269 revocandos
1499 5213 1559 5269 in
1591 5215 1966 5271 concordiam
2000 5216 2178 5272 dissi-

526 5301 732 5356 dentes
762 5301 1091 5373 episcopos,
1111 5303 1181 5357 ad
1206 5307 1531 5359 extremum
1565 5304 1925 5362 incubuitin
1958 5306 2176 5373 minas,

524 5388 805 5444 deterreri
838 5407 937 5446 eos
969 5407 1141 5463 posse
1160 5392 1607 5449 denuntiatione
1627 5393 1917 5451 malorum
1943 5412 2180 5468 magno-

521 5493 656 5548 pere
715 5495 981 5550 sperans.
1036 5480 1146 5536 Sed
1198 5482 1420 5538 frustra
1468 5482 1525 5536 in
1576 5483 1685 5538 hoc
1727 5484 1964 5555 quidem
2018 5485 2175 5541 fuit:

523 5566 744 5639 quippe
799 5570 884 5624 ira
933 5568 1167 5625 illorum
1223 5571 1305 5626 sic
1357 5570 1545 5644 magis
1595 5572 1847 5640 irritata,
1883 5575 2176 5630 obfirmati

521 5656 716 5713 acrius
749 5658 805 5713 in
840 5660 1160 5732 proposito,
1196 5660 1374 5716 etiam
1407 5663 1680 5718 adversus
1731 5679 1877 5734 quas
1926 5663 2035 5720 iste
2089 5665 2176 5720 in-

520 5746 784 5802 tentabat
816 5765 1017 5821 pcenas
1039 5763 1100 5805 se
1123 5748 1246 5805 risu
1279 5754 1733 5824 contemptuque
1757 5768 1992 5808 securos
2025 5753 2173 5809 fere-

2299 4677 2437 4733 tatis
2483 4692 2728 4735 excusso
2783 4675 3078 4733 solearum
3135 4676 3393 4749 pulvere,
3429 4676 3487 4731 in
3539 4675 3964 4733 testimonium

2297 4765 2542 4835 scilicet,
2590 4767 2784 4822 exivit.
2819 4765 3068 4839 Moxque
3115 4782 3220 4837 per
3268 4766 3479 4821 fretum
3531 4761 3966 4836 Helenopoleos

2298 4857 2370 4911 ad
2395 4855 2590 4929 ipsum
2625 4856 2935 4923 ferebatur,
2962 4855 3143 4912 simul
3201 4856 3584 4912 recreandum
3607 4870 3668 4911 se
3700 4855 3780 4910 ibi
3814 4871 3963 4928 spe-

2298 4961 2435 5002 rans
2449 4945 2722 5018 praesenti
2739 4944 3523 5018 consolationeimperatoris
3546 4944 3660 5017 ipsi
3685 4944 3961 5018 propitii,

2296 5035 2473 5091 simul
2505 5034 2768 5107 amplum
2792 5035 2907 5091 sibi
2936 5039 2993 5090 et
3015 5034 3085 5091 ad
3113 5034 3368 5091 rationes
3399 5037 3634 5089 caeteras
3666 5040 3962 5106 opportu-

2295 5141 2435 5180 num
2471 5129 2635 5180 ratus
2667 5126 2869 5181 adesse
2900 5123 3017 5180 illic
3059 5139 3123 5180 se
3173 5127 3544 5195 praesentem,
3577 5138 3712 5178 cum
3746 5122 3962 5181 civitas

2294 5215 2471 5285 regia,
2498 5215 2652 5285 quod
2673 5214 2832 5270 brevi
2856 5213 3116 5269 futurum
3135 5213 3557 5285 augurabatur,
3579 5215 3960 5285 oppugnanti

2292 5320 2447 5358 nunc
2476 5319 2604 5358 eam
2638 5301 2978 5374 imperatori
3006 5301 3391 5358 redderetur:
3417 5302 3504 5358 sic
3534 5301 3692 5356 enim
3726 5302 3851 5358 fore
3887 5308 3958 5360 ut

2288 5393 2414 5465 ipse
2446 5391 2647 5448 statim
2680 5392 2740 5448 in
2771 5391 2932 5447 illam
2963 5391 3266 5464 ingressus
3297 5407 3492 5447 veram
3527 5389 3952 5463 patriarchalis

2288 5482 2378 5538 sui
2428 5481 2626 5537 throni
2678 5481 2905 5553 primus
2967 5478 3402 5553 possessionem
3437 5479 3633 5546 iniret,
3664 5479 3857 5535 Nicaea
3890 5485 3952 5538 et

2289 5571 2519 5628 infensa
2551 5570 2668 5626 illic
2700 5570 2811 5626 sibi
2842 5569 3010 5642 plebe
3037 5568 3230 5626 valere
3259 5569 3538 5643 deinceps
3563 5571 3756 5642 jussa.
3797 5570 3956 5628 Dum

2287 5665 2483 5718 autem
2517 5659 2613 5714 ille
2645 5659 2704 5714 in
2737 5675 2801 5715 eo
2836 5659 3045 5715 itinere
3077 5664 3184 5726 est,
3210 5658 3488 5731 Selybrize
3520 5658 3713 5715 adhuc
3744 5661 3960 5733 Augu-

2287 5757 2413 5808 stus
2438 5749 3040 5822 morabatur,quando
3060 5753 3115 5805 et
3135 5748 3484 5806 Sardensem
3503 5749 3720 5805 ibidem
3738 5749 3964 5808 adesse
