4258 6438
214 387 316 442 557

1283 393 1380 446 DE
1417 391 1788 447 MICHAELB
1826 389 2268 447 PALEOLOGO
2305 391 2437 445 LIB.
2480 393 2551 445 Π.

3513 398 3623 452 558

213 509 388 579 ἐτιῆν
439 514 467 565 6
526 517 762 587 κρατῶν,
821 511 909 567 ὅτε
968 507 1162 583 συνέὄη
1220 514 1308 567 καὶ
1367 510 1709 587 Ἀνδρόνικον
1766 514 1855 568 τὸν
1888 526 1939 588 Α
1972 509 2021 565 δ’
2051 512 2201 589 ἀφεὶς
2233 513 2537 588 παραυτίκα
2565 511 2840 588 ἐξέρχεται
2870 519 2967 569 τοῦ
3025 517 3148 588 νεὼ,
3209 517 3282 579 ὡς
3344 521 3373 572 ὅ
3427 541 3476 574 τι
3537 523 3624 584 0i-

213 597 463 671 Σάρδεων
524 599 695 655 ἐκεῖσε
767 606 1036 675 παρεῖναι.
1098 609 1252 656 Δτοιν
1320 602 1423 676 γάρ
1485 600 1859 675 σχιζομένοιν,

209 688 374 742 αὐτοῦ
431 709 488 742 τε
544 688 633 743 καὶ
681 694 778 744 τοῦ
838 690 1232 761 Θεσσαλονίκης
1291 689 1599 761 Μανουήλ,
1660 690 1861 752 ἐκεῖνος

213 779 308 846 μὲι
341 778 528 831 ἑαυτὸν
562 778 642 838 εἷς
673 776 883 854 ἐξορίαν
916 775 1095 833 ἐδίδου
1116 779 1205 833 καὶ
1237 778 1541 854 ἐξωρίζετο.

211 889 303 952 ιη’.
339 886 526 946 Ὀπως
561 887 588 938 6
636 883 890 961 Σάρδεων
931 886 1067 961 κατᾷ
1097 888 1197 954 τήν
1251 881 1564 960 Σηλυϐρίαν
1617 887 1864 960 μοναχὸς

870 959 1211 1032 ἀπεκείρατο.

277 1046 334 1098 Ὀ
367 1042 424 1098 δε
457 1042 708 1117 Σάρδεων
733 1045 901 1122 σοφόν
931 1067 982 1100 τι
1003 1045 1257 1118 οἰόμενος
1289 1045 1564 1121 πράττειν,
1599 1044 1644 1100 εί
1675 1047 1750 1118 μή
1783 1049 1864 1116 τῷ

210 1131 428 1205 βασιλεῖ
474 1131 807 1208 διαμάχοιτο
865 1137 961 1189 τοῦ
1005 1135 1506 1210 πατριαρχεύοντος
1560 1134 1861 1212 ἀφιστάμε-

205 1242 313 1287 νος,
363 1216 504 1296 ἔγνω
537 1219 606 1276 δι’
640 1222 819 1293 ἄλλης
844 1221 973 1278 ὁδοῦ
1007 1223 1259 1287 ὑπελθεῖν
1290 1226 1381 1278 τὸν
1411 1227 1729 1298 κρατοῦντα.
1765 1221 1862 1277 Καὶ

205 1308 447 1378 δὴ,ὲπεὶ
502 1313 529 1365 6
581 1312 672 1384 μὶν
736 1310 1137 1390 Φιλαδελφείας
1199 1313 1526 1373 Ἰωαννίκιος
1572 1311 1708 1366 κατὰ
1762 1313 1860 1380 τὴν

207 1400 382 1470 μονὴν
409 1403 511 1453 τοῦ
543 1404 802 1475 Σωτῆρος
835 1402 1111 1476 ἱερούργει
1161 1405 1260 1456 τοῦ
1311 1400 1580 1474 βασιλέως
1629 1420 1858 1475 προτρε-

204 1489 475 1558 ψαμένου,
539 1489 566 1542 6
629 1487 686 1543 δὲ
750 1488 1004 1564 βασιλεὺς
1035 1497 1214 1566 παρῆν
1245 1490 1333 1544 καὶ
1379 1490 1407 1544 6
1441 1487 1688 1561 Σάρδεων
1717 1510 1860 1561 συμ-

202 1579 421 1648 παρῆν,
475 1577 798 1649 προσελθὼν
857 1579 1021 1640 αὐτὸς
1080 1585 1159 1651 τῷ
1219 1577 1435 1653 βασιλεῖ
1481 1577 1606 1651 περὶ
1665 1577 1859 1632 ἐαυτοῦ

203 1663 614 1736 ὑπεμίμνησκεν
697 1666 773 1728 ὡς
830 1669 897 1721 τά
961 1672 1069 1722 τῶν
1123 1671 1379 1742 μοναχῶν
1438 1665 1859 1740 ἀναὶηψόμενος

199 1755 321 1810 ταῖς
375 1755 478 1804 τοῦ
535 1750 939 1827 Φιλαδελφείας
999 1757 1155 1830 χερσί
1193 1801 1204 1813 .
1265 1756 1364 1810 Καὶ
1424 1755 1480 1816 ὅς
1548 1752 1695 1827 (οὐδὲ
1752 1753 1856 1828 γὰρ

197 1838 386 1912 ἠγνόει
434 1840 496 1894 τὸ
545 1846 646 1910 τῆς
693 1844 920 1918 γνώμης
971 1848 1068 1898 τοῦ
1127 1843 1384 1918 λεγοντος
1432 1841 1671 1898 ὕπουλον
1703 1886 1721 1914 ,
1781 1842 1854 1902 ὡς
1887 1887 1935 1953 Β

197 1925 295 1953 ἰν-.
322 1930 412 1953 ..1-
477 1950 600 1953 ----
710 1932 749 1953 εν
819 1933 832 1953 ι
909 1938 930 1948 -
1194 1932 1205 1952 I
1472 1933 1486 1950 \
1627 1936 1676 1953 7-
1746 1929 1772 1948 ,ν
1811 1951 1832 1953 Η

197 1925 413 1998 ἓξοντός
471 1950 646 1998 ποτε,
705 1932 751 1985 εἰ
785 1933 993 2008 αἱροῖτο
1027 1980 1042 2005 ,
1101 1932 1369 2008 πρόφασιν
1427 1933 1527 2000 τὴν
1583 1936 1681 1986 τοῦ
1737 1929 1860 1988 ἅνα-

196 2038 327 2079 κτος
388 2019 685 2094 παρουσίαν
722 2065 735 2088 ,
805 2022 880 2084 ὡς
945 2021 1037 2095 βίᾳ
1090 2021 1158 2096 τῇ
1212 2022 1411 2076 ἐκεῖθεν
1471 2015 1736 2082 λαϐόντος
1794 2020 1857 2074 τὸ

195 2112 415 2179 σχῆμα·
478 2105 620 2179 μηδδ
675 2107 776 2183 γὰρ
835 2102 1010 2164 θέλειν
1073 2108 1132 2164 ἐκ
1188 2111 1601 2185 προαιρέσεως),
1647 2107 1846 2162 ἐκεῖνον

198 2195 298 2266 μὲν
387 2196 477 2250 καὶ
562 2197 611 2250 τί
677 2197 864 2261 παθὼν
953 2195 1198 2272 διηρώτα
1275 2197 1847 2274 μετασχηματίζεσθαι

201 2282 489 2357 βούλοιτο,
539 2285 627 2340 καὶ
660 2286 736 2348 εἷς
763 2287 816 2342 τί
870 2286 1088 2362 βλέπων
1128 2289 1218 2343 τὸν
1251 2290 1484 2365 ἡσύχιον
1517 2288 1605 2342 καὶ
1640 2288 1848 2362 ἀπράγ-

197 2393 336 2443 μονα
398 2374 519 2448 βίον
576 2376 808 2448 αἱροῖτο·
871 2374 1028 2446 Πλὴν
1085 2375 1283 2446 οὐδεὶς,
1340 2377 1551 2452 ὶλεγεν,
1596 2378 1623 2431 6
1673 2373 1848 2430 κωλύο

193 2482 324 2532 σων,
387 2462 433 2516 εί
491 2462 634 2518 οὕτω
697 2464 974 2538 βούλεται.
1035 2466 1272 2523 Ἐκείνου
1314 2464 1370 2521 δὲ
1397 2467 1492 2528 τὰς
1522 2464 1694 2526 αίτίας
1725 2485 1847 2518 συν-

196 2551 438 2626 είροντος
471 2555 553 2626 [Ρ.
589 2556 679 2627 78]
731 2555 818 2609 καὶ
867 2557 968 2624 τὴν
1019 2561 1115 2610 τοῦ
1156 2556 1560 2628 ὑπονοουμὲνου
1618 2550 1845 2609 σκανδά-

197 2638 300 2694 λου
331 2637 486 2713 δόξαν
523 2638 612 2696 διὰ
641 2641 870 2698 πολλῶν
922 2643 1290 2720 ἀναιροῦντος,
1337 2647 1364 2699 6
1417 2641 1671 2720 βασιλεὺς
1728 2639 1848 2696 δια-

197 2729 394 2802 κόψας,
446 2728 562 2785 ἐπεὶ
610 2732 697 2785 καὶ
745 2733 812 2786 τὰ
867 2738 968 2802 τῆς
1022 2733 1362 2809 λειτουργίας
1411 2732 1634 2805 ἤνυστο,
1684 2751 1851 2805 προσ-

195 2817 418 2893 έρχεται
498 2820 594 2893 μὶν
665 2825 743 2894 τῷ
823 2822 1276 2898 λειτουργήσαντι
1333 2822 1422 2877 καὶ
1466 2820 1848 2898 -σφραγίζεται,

196 2903 387 2963 λαϐὼν
420 2908 495 2970 είς
529 2910 792 2985 άγιασμὸν
825 2911 914 2965 καὶ
969 2909 1063 2965 τὸδ
1115 2913 1260 2987 ἱερὸν
1318 2909 1558 2985 κλάσμα,
1617 2908 1850 2970 ἐκείνους

197 3126 461 3196 contigit.
491 3125 636 3182 Nam
661 3127 913 3183 duorum
939 3127 1278 3186 schismatis
1301 3133 1608 3184 auctorum
1634 3127 1851 3182 Andro-

1970 601 2116 655 λοιεν
2171 599 2404 665 ἀπόντος
2464 601 2668 657 ἐκείνου
2724 602 3058 676 πράξοντας.
3115 607 3173 661 Ὀ
3230 603 3285 660 δὶ
3329 608 3418 660 καὶ
3478 608 3621 664 οὕτω

1969 690 2334 764 προσέρχεται
2362 689 2452 744 καὶ
2507 690 2570 744 τὸ
2603 695 2796 766 σχῆμα
2849 689 3089 767 δέχεται,
3150 695 3470 759 Ἀθανάσιος
3501 695 3616 751 ἀντ’

1970 774 2316 851 Ἀνδρονίκου
2349 779 2692 852 ὀνομασθείς.

1971 883 2050 936 ιο’.
2112 882 2299 944 Ὀπῶς
2354 880 2559 938 πολλοὶ
2616 887 2724 964 τῶν
2779 883 3248 956 ἐκκΛησιαστικῶν
3305 886 3374 942 δι’
3429 888 3620 964 ὀλίγου

2621 958 2966 1026 θνήσκουσιν.

2039 1043 2342 1114 Θαυμάσειε
2396 1039 2442 1096 δ’
2491 1042 2551 1097 ἄν
2600 1064 2682 1106 τις
2728 1046 2817 1100 καὶ
2865 1048 2964 1116 τήν
2998 1045 3157 1118 δίκην
3186 1049 3327 1104 τότε·
3365 1047 3492 1104 οὐδὲ
3519 1049 3618 1126 γὰρ

1967 1129 2018 1198 ἐξ
2076 1130 2391 1203 αὐτομάτου
2437 1131 2680 1206 γενεσθαι
2745 1134 2836 1189 τὸν
2909 1138 3084 1191 τόσων
3155 1136 3621 1208 ἐκκλησιαστικᾶη

1966 1218 2248 1292 ἀρχόντων
2336 1220 2696 1276 ὑποτοπάσειε
2789 1223 3054 1278 θάνατον·
3141 1227 3434 1296 θνήσκουσι
3515 1227 3618 1302 γάρ

1965 1304 2124 1382 ἐγγὺς
2181 1311 2287 1361 τῶν
2347 1306 2475 1363 δέκα
2532 1309 2681 1364 ἐννέα
2715 1317 2900 1383 μηνῶν
2944 1311 3132 1387 ἄνδρες
3162 1312 3307 1369 πολὺ
3334 1314 3394 1369 τὸ
3422 1317 3618 1388 σεμνὸν

1964 1400 2054 1453 καὶ
2109 1401 2428 1474 ἆξιοπρεπὶς
2483 1398 2727 1476 ἔχοντες.
2792 1405 2904 1479 Ἐφ’
2965 1407 3047 1466 οἷς
3107 1401 3286 1480 ἔλεγεν
3344 1407 3372 1460 6
3419 1403 3618 1481 τοῦναρ

1968 1484 2096 1541 ίδὼν
2129 1487 2394 1562 πρότερον
2424 1491 2458 1558 ἢ
2493 1491 2668 1545 θανεῖν
2705 1490 2842 1546 ἐκείν
2888 1494 2968 1554 υς’
3001 1520 3063 1540 =
3115 1495 3142 1547 6
3195 1495 3395 1556 Βέκκος
3445 1491 3491 1548 δ’
3542 1496 3612 1563 ἦν

1966 1576 2120 1637 οὗτος
2177 1576 2450 1647 Ἰωάννης,
2511 1577 2569 1640 ὅς
2612 1578 2896 1653 ἐσύστερον
2953 1582 3041 1635 καὶ
3095 1581 3229 1654 μετὰ
3272 1583 3364 1636 τὸν
3415 1601 3619 1657 χάρτο-

1965 1663 2179 1737 φύλακα
2254 1666 2693 1742 πατριαρχεύσας
2769 1667 2960 1724 πολλά
3031 1670 3266 1725 πέπονθε
3320 1669 3387 1724 τά
3445 1668 3616 1742 δεινὰ,

1965 1753 2040 1813 ὡς
2072 1754 2099 1808 6
2152 1751 2320 1828 λόγος
2361 1756 2498 1809 κατὰ
2552 1756 2643 1810 τὸν
2698 1757 2889 1832 καιρὸν
2943 1755 3074 1831 ἐρεῖ.
3108 1792 3175 1800 -
3204 1758 3281 1815 Τὸ
3323 1763 3452 1833 γοῦν
3486 1757 3615 1832 ὄναρ

1965 1841 2167 1903 ἐκεῖνος
2226 1839 2354 1897 ἰδὼν
2415 1843 2736 1920 ἐξήγγελλεν
2797 1845 2989 1906 οὕτως.
3053 1845 3241 1916 Ἔδοξε
3269 1850 3369 1922 γὰρ
3401 1847 3613 1922 ἐπ’ἀγ-

1967 1928 2243 2004 χωμάλου
2291 1929 2483 1986 πεδίου
2557 1930 2947 2008 διερχομένους
3007 1934 3281 2010 ἐφίππους
3337 1935 3463 1999 τοὺς
3520 1938 3618 2010 ἆρ-

1970 2037 2194 2091 χοντας,
2226 2017 2443 2087 πολλὴν
2477 2016 2796 2092 ἐξηνυκότας
2849 2018 2996 2091 ὁδὸν,
3052 2021 3187 2076 κατὰ
3254 2021 3450 2096 χεῖλος
3483 2030 3613 2091 στῆ-

1957 2128 2042 2161 ναι
2103 2106 2356 2181 μεγίστου
2413 2107 2503 2163 καὶ
2561 2103 2802 2186 φοϐεροῦ
2859 2115 3116 2183 ποταμοῦ
3163 2109 3609 2186 παραρρέοντος,

1959 2194 2210 2270 ἄρξασθαι
2280 2194 2326 2250 δ’
2401 2197 2636 2260 ἐκείνους
2712 2200 2849 2253 κατὰ
2919 2201 3019 2268 τήν
3069 2199 3213 2272 τάξιν
3273 2203 3370 2254 τοῦ
3429 2201 3608 2278 σφίσιν

1957 2279 2379 2358 ἀποϐησομένου
2445 2287 2677 2340 θανάτου
2752 2291 2918 2363 περᾷν
2998 2293 3215 2360 πρῶτον
3286 2286 3443 2343 τόνδε
3519 2291 3609 2342 καὶ

1959 2370 2204 2445 δεύτερον
2264 2371 2420 2430 τόνδε
2459 2375 2548 2429 καὶ
2589 2373 2777 2452 ἐφεξῆς
2834 2375 2960 2438 τοὺς
3011 2375 3260 2450 λοιπούς,
3321 2375 3449 2432 οὐδὲ
3500 2379 3598 2450 γὰρ

1958 2459 2152 2518 σύνδυο
2194 2465 2284 2518 καὶ
2343 2463 2587 2540 σύντρεις
2646 2463 3016 2538 ἐπεραιοῦντο,
3077 2464 3206 2520 ἀλλ’
3263 2467 3340 2529 εἷς
3379 2463 3603 2526 ἕκαστος

1956 2553 2072 2606 καθ’
2101 2551 2280 2610 αὐτόν.
2326 2554 2417 2616 Ὠς
2464 2558 2594 2628 γοῦν
2630 2554 2657 2608 6
2711 2553 2930 2629 βλὲπων
2990 2554 3275 2628 ἱστάμενος
3322 2555 3412 2610 καὶ
3469 2557 3604 2610 θεω-

1959 2644 2066 2714 ρῶν
2150 2641 2528 2714 ἐξεπλήττετο,
2617 2641 2907 2722 ἔμφροντις
2976 2641 3049 2698 ὢν
3128 2644 3380 2706 κάκεῖνος
3454 2645 3603 2706 ὅπως

1958 2733 2413 2804 περαιωθήσεται,
2491 2731 2677 2786 ἀκούει
2754 2738 2936 2809 φωνῆς
3012 2728 3234 2788 ἔκποθεν
3295 2730 3606 2807 διικνουμέ-

1957 2839 2078 2889 νηςο
2145 2844 2164 2871 ι
2221 2820 2288 2876 Τί
2347 2819 2646 2897 φροντίζεις
2679 2837 2694 2889 ;
2755 2820 2817 2874 ού
2850 2819 2912 2875 σὺ
2939 2824 3027 2875 νῦν
3058 2816 3284 2896 διεϐήσῃ
3321 2821 3415 2877 τὸν
3444 2843 3612 2877 ποτα-

1962 2907 2083 2979 μόνο
2142 2910 2262 2965 ’Ἐνι
2310 2908 2411 2984 γὰρ
2459 2909 2645 2982 καιρὸς
2688 2909 2808 2963 καθ’
2848 2908 2905 2964 δν
2955 2910 3044 2964 καὶ
3093 2909 3253 2972 αὐτὸς
3292 2908 3342 2982 ἐξ
3377 2911 3609 2987 ἀνάγκης

1963 3124 2322 3196 abrumpens
2351 3123 2690 3197 imperator,
2722 3124 2822 3181 ubi
2855 3125 3038 3183 missa
3063 3131 3300 3199 peracta
3350 3131 3460 3196 est,
3513 3144 3608 3184 ac-

195 3217 314 3272 nici
354 3216 667 3274 Sardensis
721 3222 779 3274 et
820 3218 1362 3276 Thessalonicensis
1410 3217 1720 3285 Manuelis,
1753 3216 1851 3271 hic
1881 3259 1922 3288 η
1962 3212 2138 3269 cessit
2169 3215 2239 3268 ad
2263 3213 2681 3282 celebrantem,
2705 3217 2763 3270 et
2783 3230 2912 3270 sese
2929 3231 3099 3271 cruce
3123 3216 3367 3288 signans
3381 3233 3608 3273 sacram

193 3307 436 3380 quidem
470 3305 622 3363 ultro
652 3307 926 3364 exsilium
958 3307 1074 3364 sibi
1106 3309 1478 3366 consciscens
1508 3312 1669 3363 extra
1699 3307 1847 3362 120

195 3397 345 3452 ﬁnes
379 3404 716 3452 recesserat.

202 3504 289 3558 18.
321 3504 386 3560 Ut
413 3503 714 3560 Sardensis
759 3505 924 3632 (πριιιέ
927 3506 1252 3634 33:33:11":
1282 3509 1345 3563 in
1395 3506 1727 3563 monachum
1773 3507 1851 3561 sit

927 3594 1166 3634 ειοηειω.

273 3663 593 3720 Sardensis
621 3678 758 3720 vero
789 3666 1087 3738 sapienter
1133 3684 1196 3724 se
1236 3666 1529 3724 facturum
1578 3670 1764 3737 ratus,
1797 3665 1847 3723 si

203 3769 320 3809 non
372 3753 572 3825 palam
631 3761 990 3826 repugnaret
1045 3756 1409 3830 imperatori,
1455 3755 1847 3830 patriarcham

200 3857 376 3913 quem
407 3839 506 3896 ille
531 3841 807 3913 probaret
835 3843 1132 3914 rejiciens,
1167 3845 1342 3902 aliam
1375 3846 1693 3902 ineundam
1736 3842 1850 3900 sibi

197 3930 493 3986 rationem
533 3930 703 3986 duxit
733 3930 1078 3989 insinuandi
1099 3951 1227 3991 sese
1249 3938 1307 3991 et
1329 3934 1540 3991 callida
1556 3934 1753 4007 ipsum
1770 3931 1852 3987 si-

200 4018 528 4076 mulatione
549 4019 1019 4094 fallendi.Itaque
1033 4039 1164 4078 cum
1184 4023 1851 4096 Joanniciusepiscopus

199 4107 623 4181 Philadelphia
655 4115 862 4183 rogatu
894 4111 1267 4184 imperatoris
1299 4118 1355 4170 et
1393 4113 1522 4186 ipso
1570 4116 1853 4185 prasente

195 4198 354 4269 apud
391 4197 819 4255 monasterium
852 4199 1171 4260 Salvatoris
1203 4219 1435 4258 sacrum
1467 4203 1700 4271 faceret,
1724 4201 1852 4258 Sar-

194 4285 424 4354 densis,
440 4287 542 4358 qui
562 4290 619 4343 et
638 4287 768 4359 ipse
789 4288 1012 4368 aderat,
1038 4292 1321 4348 accedens
1343 4291 1415 4347 ad
1440 4291 1852 4364 imperatorem

193 4375 486 4432 indicavit
517 4375 631 4448 ipsi
663 4392 793 4433 esse
826 4377 942 4434 sibi
976 4377 1036 4434 in
1070 4379 1268 4436 animo
1299 4397 1533 4437 sacrum
1579 4378 1852 4436 monachi

196 4462 472 4519 habitum
495 4461 577 4518 ibi
595 4479 830 4521 sumere
861 4465 1141 4522 manibus
1181 4467 1737 4540 Philadelphiensis.
1761 4467 1850 4521 Ad

199 4567 330 4624 qua
369 4550 694 4624 imperator
724 4569 849 4610 non
902 4554 1145 4627 ignarus
1174 4560 1372 4612 astuta
1402 4556 1460 4612 id
1510 4556 1626 4612 dici
1656 4559 1714 4612 et
1755 4555 1848 4629 agi

1963 3301 2314 3374 particulam
2341 3302 2450 3358 rite
2480 3302 2758 3375 sumpsit,
2792 3319 3041 3376 moxque
3071 3304 3291 3378 templo
3323 3306 3607 3362 excedens

1958 3390 2120 3463 ipsos
2144 3391 2383 3464 reliquit
2412 3392 2759 3460 facturos,se
2787 3392 3029 3450 absente
3050 3395 3338 3466 quidquid
3368 3394 3607 3452 vellent.

1958 3479 2249 3536 Processit
2281 3480 2668 3537 nihilominus
2697 3482 3006 3538 Sardensis
3038 3483 3110 3538 ad
3142 3483 3530 3553 destinatum,
3551 3488 3608 3540 et

1957 3569 2228 3626 monachi
2242 3568 2511 3627 habitum
2525 3570 2882 3644 sumpsit,ex
2902 3575 2940 3626 Δ
2952 3572 3233 3629 ndronico
3246 3572 3608 3632 Athanasius

1956 3662 2222 3715 vocatus.
3439 3722 3464 3738 ,

1959 3766 2048 3822 49.
2094 3766 2159 3824 Ut
2212 3767 2376 3823 mulli
2421 3766 2917 3896 ecclesiasticoz'mp
2974 3769 3125 3826 brevi
3179 3773 3420 3843 tempore
3475 3770 3608 3829 sint.

2672 3857 2791 3896 mor
2818 3858 2900 3896 ιιι.

2672 3857 2900 3897 mortua.

2031 3927 2180 3984 121
2211 3926 2451 3984 Miretur
2473 3933 2671 3984 autem
2691 3929 2990 4002 quispiam
3012 3934 3154 3986 tunc
3177 3933 3484 3988 ostensum
3505 3930 3610 3988 Dei

1951 4016 2268 4087 judicium.
2299 4016 2426 4073 Non
2447 4017 2604 4073 enim
2627 4035 2766 4074 casu
2785 4019 3099 4091 contigisse
3119 4023 3208 4075 tot
3227 4019 3406 4075 simul
3423 4019 3610 4076 eccle-

1961 4104 2332 4162 siasticarum
2347 4106 2682 4180 principum
2697 4108 2894 4165 obitus
2908 4107 3198 4181 suspicari
3211 4108 3613 4167 verisimiliter

1961 4194 2112 4251 licet.
2145 4195 2362 4252 Mortui
2390 4196 2610 4269 quippe
2642 4200 2783 4253 sunt
2811 4197 3004 4270 spatio
3037 4198 3154 4255 fere
3204 4199 3609 4256 novemdecim

1961 4285 2258 4342 mensium
2287 4286 2397 4341 viri
2430 4286 2778 4342 auctoritate
2799 4287 3203 4360 dignitateque
3219 4303 3452 4345 summa
3477 4305 3613 4345 con-

1962 4373 2174 4446 spicui,
2198 4390 2450 4447 quorum
2473 4374 2670 4431 obitus
2693 4375 3036 4447 praedixerat
3059 4376 3157 4448 qui
3176 4377 3248 4432 de
3267 4376 3341 4433 iis
3362 4393 3612 4449 pramo-

1962 4464 2124 4520 nitus
2154 4480 2257 4536 per
2285 4463 2580 4520 somnium
2605 4464 2812 4522 fuerat.
2845 4469 2981 4522 Erat
3001 4466 3051 4521 is
3079 4465 3338 4522 Joannes
3369 4466 3611 4534 Veccus,

1961 4553 2060 4624 qui
2094 4557 2320 4626 postea,
2341 4557 2660 4628 postquam
2678 4553 3102 4628 chartophylax
3125 4556 3336 4624 fuerat,
3361 4555 3618 4628 patriar-

198 4641 448 4709 ratione,
483 4644 548 4697 ut
579 4641 814 4715 deinde,
846 4660 982 4700 cum
1013 4660 1077 4702 se
1096 4644 1208 4716 ipsi
1249 4646 1413 4702 daret
1441 4645 1853 4719 opportunitas
1881 4630 1927 4696 D
1966 4638 2078 4698 cha
2101 4642 2290 4699 factus
2321 4641 2509 4699 multa
2538 4641 2597 4698 in
2631 4658 2699 4699 ea
2726 4642 3012 4716 dignitate
3042 4644 3245 4717 gravia
3266 4661 3482 4718 passus
3498 4649 3614 4714 est,

197 4732 564 4804 deponendae
596 4731 790 4802 larva,
815 4735 1047 4791 causari
1079 4735 1392 4793 Sardensis
1421 4741 1621 4810 posset
1638 4736 1693 4792 vi
1715 4736 1856 4792 ada-

197 4827 360 4878 ctum
382 4838 510 4879 sese
532 4823 778 4880 minime
799 4823 1089 4882 volentem
1112 4828 1183 4882 ab
1198 4826 1553 4900 imperatore
1574 4829 1858 4898 praesente

201 4914 272 4969 ad
304 4916 534 4970 vestem
565 4915 956 4972 monasticam
986 4917 1372 4987 induendam,
1397 4916 1669 4989 quaesivit
1697 4933 1765 4973 ex
1789 4933 1856 4974 eo

205 5002 348 5074 quid
400 5018 618 5074 passus
663 5001 880 5075 quidve
923 5020 1180 5079 sequens
1223 5009 1515 5062 mutatum
1560 5005 1671 5062 iret
1719 5021 1856 5062 cum

203 5090 416 5147 habitu
445 5089 578 5146 vita
610 5091 860 5149 formam
882 5110 950 5150 ex
971 5098 1212 5151 actuosa
1232 5095 1292 5149 in
1313 5093 1694 5166 tranquillam
1718 5098 1861 5151 otio-

199 5195 454 5252 eamque
485 5195 548 5237 se
593 5182 980 5240 translerens.
1032 5183 1342 5250 Caeterum,
1393 5183 1642 5256 addidit,
1686 5201 1859 5243 nemo

199 5269 480 5341 prohibet
503 5269 645 5341 quin
671 5270 851 5330 facias
884 5272 1089 5344 utique
1110 5273 1265 5345 quod
1286 5271 1453 5329 velis.
1480 5273 1582 5329 Hic
1604 5273 1861 5329 Sarden-

199 5359 283 5414 sis
309 5358 387 5414 ad
421 5356 530 5413 hoc
561 5373 625 5414 se
654 5359 875 5416 moveri
913 5360 1067 5416 dixit
1098 5377 1279 5417 causa
1310 5359 1558 5417 tollendi
1600 5362 1863 5418 scandali

198 5447 737 5521 satisfaciendique
770 5450 1080 5507 offensioni
1132 5450 1457 5508 multorum
1491 5450 1638 5508 falso
1682 5452 1754 5508 de
1801 5467 1864 5509 se

206 5543 957 5612 persuasorum,tanquam
982 5557 1162 5613 penes
1185 5541 1380 5613 ipsum
1405 5541 1712 5599 turbarum
1735 5557 1864 5614 quas

205 5632 350 5684 tunc
411 5630 584 5683 erant
643 5628 818 5702 culpa
868 5629 1171 5699 resideret,
1221 5635 1347 5686 tum
1395 5629 1540 5686 alias
1587 5635 1868 5704 praeterea

202 5715 481 5773 nectebat
506 5730 736 5774 causas.
764 5717 904 5776 Eam
928 5718 1167 5777 verbose
1185 5723 1517 5776 contextam
1541 5720 1866 5776 orationem

1966 4735 2032 4788 ut
2060 4731 2178 4787 haec
2209 4735 2412 4788 nostra
2442 4730 2691 4788 historia
2716 4748 2825 4789 suo
2873 4732 3002 4790 loco
3049 4734 3275 4791 reddet.
3306 4735 3616 4792 Somnium

1966 4837 2137 4893 porro
2166 4821 2325 4878 istud
2355 4837 2534 4878 suum
2566 4820 2664 4878 ille
2713 4822 2993 4878 narrabat
3036 4822 3095 4879 in
3148 4823 3302 4880 hunc
3348 4824 3617 4895 modum,

1966 4911 2130 4967 aiens
2158 4911 2351 4968 visum
2377 4911 2491 4967 sibi
2512 4910 2709 4968 videre
2732 4911 3029 4985 principes
3056 4913 3438 4970 ecclesiastici
3459 4915 3619 4971 ordi-

1968 4999 2063 5056 nis
2092 5000 2152 5056 in
2183 5000 2353 5074 equis
2384 5000 2726 5058 incedentes
2755 5017 2858 5073 per
2888 5017 3118 5075 aequam
3159 5002 3464 5074 planitiem
3515 5003 3619 5061 lati

1968 5089 2178 5161 campi,
2208 5088 2382 5162 longo
2414 5089 2605 5162 spatio
2635 5090 2899 5147 confecto
2930 5091 3260 5164 pervenisse
3276 5093 3511 5150 tandem
3545 5093 3620 5150 ad

1969 5183 2161 5255 ripam
2192 5179 2435 5236 maximi
2465 5185 2523 5236 et
2542 5184 2782 5253 aspectu
2814 5181 3099 5238 terribilis
3131 5182 3323 5238 amnis
3377 5187 3622 5256 prater-

1969 5270 2230 5339 ﬂuentis,
2291 5285 2467 5340 quem
2516 5269 2718 5325 statim
2759 5270 3027 5342 trajicere
3084 5271 3370 5344 cmperint
3419 5274 3623 5330 eodem

1970 5359 2174 5419 ordine
2206 5375 2323 5433 quo
2355 5364 2495 5416 sunt
2517 5363 2717 5432 postea
2739 5361 3246 5434 mortui,primum
3268 5360 3625 5431 illum,hunc

1972 5451 2324 5521 secundum,
2356 5454 2414 5506 et
2443 5449 2527 5507 sic
2560 5449 2852 5523 reliquos:
2887 5468 3003 5508 non
3035 5451 3193 5509 enim
3225 5453 3342 5508 duo
3373 5459 3476 5510 aut
3506 5458 3629 5511 tres

1973 5540 2177 5609 simul,
2207 5539 2310 5596 sed
2344 5538 2563 5612 singuli
2597 5539 2846 5595 seorsim
2873 5541 3266 5612 trajiciebant.
3316 5542 3390 5600 Ut
3433 5548 3631 5600 autem

1973 5631 2099 5703 ipse
2132 5629 2232 5701 qui
2263 5627 2494 5685 videbat
2544 5629 2776 5685 astabat
2823 5634 3093 5702 stupens,
3135 5631 3428 5690 sollicitus
3479 5650 3632 5705 quo-

1977 5720 2152 5777 modo
2180 5723 2236 5775 et
2282 5717 2408 5790 ipse
2453 5717 2769 5790 trajiceret,
2818 5719 3058 5777 audisse
3107 5737 3307 5779 vocem
3359 5721 3632 5780 alicunde
