4258 6438
625 384 733 438 559

1931 390 2229 450 GEORGII
2269 394 2730 451 PACHYMERIE

3933 404 4045 459 560

622 510 994 583 περαιωθήσῃ.
1053 511 1161 566 Νὖν
1223 508 1266 564 δ’
1323 511 1574 587 ἀπελθὼν
1609 514 1784 582 σώζου
1841 515 1891 568 ἐν
1934 515 2269 589 πραγμάτων
2297 519 2351 584 Α
2382 515 2527 578 ἐντὸς
2579 517 2727 587 εἶ’ων,
2759 519 2886 574 ἀλλ’
2927 521 3184 590 ἀπήντων
3243 528 3459 598 συχνῶς
3488 524 3840 597 τοξαζόμενοι
3899 532 4043 583 κατά

624 599 808 674 ἡμέρῃ
887 599 1363 674 διατηρούμενος.
1428 627 1456 653 ››
1511 603 1698 665 Οὕτως
1761 603 1941 680 ἔλεγεν
2001 606 2028 660 ὀ
2079 603 2273 681 τοῦναρ

627 687 757 742 ἰδὼν
821 690 956 762 μετά
1012 691 1277 765 χρόνους,
1324 691 1413 745 καὶ
1474 695 1638 765 ἡμεῖς
1694 693 1987 757 ἀκούοντος
2039 694 2274 767 ἐθαυμά-

630 782 813 848 ζομεν.
878 780 1115 840 Ἐκεῖνος
1169 776 1225 832 δὲ
1272 780 1360 832 καὶ
1413 777 1604 842 ἄλλως
1634 780 1949 855 φιλαλήθης
1981 778 2054 836 ὤν
2084 783 2162 843 εἷς
2191 783 2276 836 πί-

626 885 740 920 στιν
779 871 885 920 τῶν
948 867 1259 942 Λεγομένων
1316 868 1621 942 προσετίθει
1679 873 1766 924 καί
1825 870 2008 944 ὅρκον,
2065 869 2274 943 θαομά-

625 960 731 1022 ζων
789 957 900 1029 ἅμα
957 958 1046 1010 καὶ
1122 957 1183 1010 τὸ
1242 964 1340 1026 τῆς
1411 959 1678 1032 Προνοίας
1735 957 2020 1034 δραστικόν
2067 982 2123 1014 τε
2179 962 2268 1014 καὶ

624 1042 883 1121 ἄφυκτον.

617 1154 686 1210 κ’.
719 1155 847 1228 Περὶ
886 1159 987 1222 τῆς
1016 1154 1152 1208 κατά
1181 1157 1276 1207 τοῦ
1307 1151 1522 1232 Γαλατᾷ
1561 1155 1822 1232 φρουρίου
1854 1160 1949 1209 τοῦ
2000 1153 2267 1230 βασιλέως

1269 1222 1611 1298 προσϐολῆςξ

686 1315 770 1386 [Ρ.
824 1315 917 1388 79]
966 1319 1052 1376 Ὠς
1132 1319 1260 1389 γοῦν
1341 1317 1368 1369 ὁ
1423 1321 1634 1388 κρατῶν
1692 1316 1784 1377 τάς
1848 1314 2103 1388 δυνάμεις
2153 1338 2271 1370 συν-

613 1405 825 1480 αγαγὼν
901 1402 1117 1464 πολλὰς
1180 1402 1344 1465 οὔσας
1411 1406 1498 1458 καὶ
1565 1402 1858 1482 διαφόρους
1917 1410 1997 1476 τῷ
2055 1405 2269 1474 Γαλατᾷ

613 1486 992 1565 προσέϐαλεν,
1048 1491 1208 1553 αὐτὸς
1267 1494 1361 1564 μὲν
1424 1493 1506 1568 ἐφ’
1561 1494 1742 1547 ἱκανὸν
1809 1493 2076 1567 μακρόθεν
2132 1515 2263 1562 σκη-

613 1581 1050 1653 νοποιησάμενος
1118 1580 1198 1656 ἐφ’
1258 1580 1474 1654 ὑψηλοῦ
1533 1589 1770 1650 καθῆστο
1848 1587 2132 1656 προσορῶν
2200 1584 2267 1636 τα

617 1668 892 1746 δρώμενα,
946 1672 1058 1742 ἅμα
1117 1667 1174 1724 δὲ
1223 1671 1311 1724 καὶ
1369 1673 1704 1744 πειρώμενος
1752 1671 2078 1732 εὐσύνοπτος
2133 1671 2264 1725 εἶναι

613 1765 732 1821 τοῖς
792 1759 1052 1820 ἐναντίοις
1111 1761 1247 1833 πρὸς
1304 1757 1592 1831 ἔκπληξιν,
1647 1759 1928 1835 συνέῤῥεον
1964 1757 2020 1813 δὲ
2068 1782 2266 1815 παντα-

2385 606 2578 677 στόμα.
2610 606 2656 659 εἹ
2687 629 2794 660 που
2826 614 3056 684 φανεῖεν.
3115 609 3318 664 ἰταλοὶ
3377 610 3434 666 δὶ
3482 612 3540 667 έκ
3600 611 3866 688 διαδοχῆς
3917 619 4042 680 καθ’

2384 695 2595 766 ἡμέραν
2645 697 2754 750 νέοι
2805 701 2925 758 ταῖς
2981 697 3166 752 ἀλιάσι
3222 696 3728 774 διαπεραιούμενοι,
3793 701 3882 759 διὰ
3937 709 4042 773 τῆς

2385 782 2521 854 πρὸς
2582 782 2822 856 θαλάσσῃ
2878 784 3061 855 πύλης
3123 783 3557 861 διεκπαιόμενοι,
3609 791 3832 855 ἑαυτοὺς
3880 792 4046 848 εἰσώ-

2386 880 2534 936 θουν,
2587 869 2677 924 καί
2736 870 2921 942 ξύλοις
2981 871 3240 947 μεγάλοις
3295 875 3358 929 τὸ
3417 876 3566 938 ἐντὸς
3629 879 3704 940 εἰς
3735 880 4034 954 περίπατον

2381 959 2775 1030 κρατυνάμενοι
2834 967 3108 1036 καρτερῶς
3138 963 3491 1036 ἀπημύνοντο
3532 970 3629 1020 τοῦ
3677 965 3919 1043 τείχους,
3983 969 4036 1039 ἐξ

2383 1047 2456 1098 ῶν
2491 1043 2760 1102 συνέϐαινε
2819 1049 3048 1123 συχνοὺς
3097 1053 3448 1108 καταπίπτειν
3508 1060 3613 1109 τῶν
3667 1054 3769 1127 ’ἐξω
3809 1058 3857 1130 ἐξ
3893 1061 4037 1135 ἀφα-

2381 1140 2507 1196 νοῦς
2595 1135 2992 1210 βαλλομένους⁹
3077 1142 3204 1194 ποσὶ
3288 1144 3388 1216 γὰρ
3439 1144 3732 1221 ἀσφαλέσιν
3803 1146 4037 1208 ἑστῶτες

2380 1225 2620 1297 ἀκμῆτες
2679 1225 2868 1301 ἄνδρες
2919 1227 2976 1282 ἐκ
3034 1227 3302 1304 διαδοχῆς
3351 1230 3470 1306 ἄρτι
3531 1236 3776 1310 φανέντες
3839 1236 4040 1291 ἐνέτει-

2379 1315 2469 1366 νόν
2500 1335 2558 1367 τε
2589 1312 2792 1390 ῥᾳδίως
2839 1317 2906 1369 ca
2972 1317 3120 1394 σφίσι
3155 1322 3360 1390 συνήθη
3394 1342 3452 1395 γε
3497 1318 3693 1377 ἷοϐόλα
3725 1324 3911 1395 σκεύη,
3945 1327 4041 1379 καὶ

2380 1404 2706 1474 σκεπόμενοι
2765 1410 2883 1466 ταῖς
2937 1404 3189 1477 έπᾶλξεσι
3251 1406 3317 1461 δι’
3380 1409 3529 1466 ὀπῶν
3588 1409 3978 1482 κατηκόνῢζον
4021 1459 4037 1474 .

2380 1491 2444 1547 Οἱ
2503 1489 2601 1560 ἔξω
2661 1489 2718 1546 δὲ
2745 1498 2864 1554 ταῖς
2900 1495 3294 1570 τειχομαχίαις
3347 1507 3610 1574 περιῆσαν
3669 1499 4042 1576 πετροϐόλοις

2383 1578 2680 1652 βάλλοντες
2713 1585 3102 1656 μηχανήμασι,
3161 1587 3296 1658 πρὸς
3344 1585 3377 1640 ἃ
3432 1587 3778 1661 κληματίδας
3830 1592 4042 1667 ξυμφο-

2379 1671 2637 1741 ρήσαντες
2682 1669 2733 1742 ἐξ
2786 1671 3047 1744 ἀμπέλων
3109 1676 3198 1728 καί
3257 1677 3322 1730 τά
3371 1683 3643 1733 πονοῦντα
3698 1685 3804 1733 τῶν
3851 1687 4037 1755 μερῶν

2377 1758 2708 1821 πυκάσαντες
2754 1766 2873 1822 ταῖς
2937 1760 3129 1835 βολαῖς
3187 1765 3462 1840 ἀντεῖχον.
3517 1769 3687 1824 Αὐτοὶ
3741 1768 3798 1823 δὶ
3856 1791 4036 1846 προσ-

618 1849 782 1922 χόθεν
843 1847 1000 1918 δίκην
1057 1848 1268 1925 ῥυάκων
1330 1849 1380 1902 οἱ
1430 1855 1692 1922 πολεμεῖν
1726 1848 2042 1920 μέλλοντες,
2076 1849 2164 1903 καὶ
2199 1843 2790 1948 δὴΒκαταϐαίνοντες
2849 1856 2967 1911 ταῖς
3027 1859 3209 1914 στοαῖς
3286 1855 3348 1908 τὸ
3417 1855 3652 1933 ἀσφαλὲς
3721 1859 3814 1929 μὲν
3893 1843 4036 1914 κατά

614 1939 736 1992 ὅσον
783 1938 1028 2013 ἐξωτέρω
1081 1937 1276 2014 βέλους
1319 1939 1470 2005 εἶναι,
1523 1938 1612 1993 καὶ
1672 1937 1822 1992 αὑτοὶ
1863 1941 2263 2007 σκηνοποιησά-

615 2048 764 2099 μενοι
839 2024 1058 2100 ἕτοιμοι
1115 2023 1449 2102 προσϐαλεῖν
1509 2029 1670 2098 ἦσαν.
1727 2027 1944 2090 Εὐθέως
1997 2025 2054 2081 δὲ
2100 2047 2263 2101 προσ-

610 2113 784 2179 ϐολὰς
843 2116 1127 2172 ἐποιοῦντο
1193 2118 1552 2190 μερισθέντες,
1611 2115 1719 2171 ἔστι
1780 2114 1827 2170 δ’
1867 2116 1928 2170 οὗ
1961 2117 2046 2171 καὶ
2077 2136 2261 2190 τειχο-

613 2206 825 2280 μαχικά
883 2209 1172 2276 στήσαντες
1229 2205 1523 2281 ἐπειρῶντο
1582 2210 1677 2259 τοῦ
1733 2205 1987 2280 τείχους.
2047 2206 2263 2270 Πλῆθος

610 2295 655 2350 δ’
716 2296 782 2364 ἦν
838 2302 1022 2368 μεῖζον
1082 2298 1117 2366 ἢ
1168 2296 1305 2350 κατά
1361 2295 1609 2368 πόλεμον
1665 2296 1918 2350 τοιούτου
1977 2295 2258 2372 φρουρίου·

613 2387 748 2460 πρὸς
801 2385 904 2461 γάρ
965 2390 1080 2446 τοῖς
1138 2383 1335 2448 ἄλλοις
1379 2383 1619 2448 πολλοῖς
1649 2406 1710 2459 γε
1742 2385 1858 2438 οὖσι
1890 2386 1977 2438 καὶ
2013 2385 2262 2458 ἰσχυροῖς

613 2477 881 2549 μάχεσθαι
939 2475 1028 2529 καί
1092 2470 1281 2549 ἄνδρες
1340 2475 1556 2545 τοξόται
1617 2474 1674 2528 ἑκ
1728 2479 1836 2528 τῶν
1868 2474 2003 2528 κατά
2037 2473 2264 2530 Νίκαιαν

614 2568 796 2640 μερῶν
826 2561 998 2619 ἰκεῖσε
1027 2566 1462 2642 προστάττοντος
1507 2567 1603 2617 τοῦ
1656 2562 1924 2637 βασιλέως
1975 2565 2261 2637 συνήχθη-

612 2674 726 2724 σαν,
758 2654 847 2708 καὶ
893 2651 1134 2708 εὕσκοπα
1187 2651 1485 2728 βάλλοντες
1535 2651 1660 2707 οὐδὲ
1714 2653 2078 2726 παρακύπτειν
2140 2652 2265 2714 τοὺς

2371 1936 2613 2013 κεφαλῆς
2653 1937 2711 1992 ἐκ
2762 1944 2869 1992 τῶν
2921 1939 3276 2012 κληματίδων
3336 1944 3479 2018 εἶχεν
3539 1946 3738 2010 ἐκεῖθεν
3787 1946 3843 2002 δὲ
3897 1950 4038 2004 κατά

2374 2023 2620 2080 διοπτίαν
2651 2033 2768 2089 ταῖς
2825 2028 2985 2090 ὀπαῖς
3042 2031 3320 2104 χρώμενοι
3382 2034 3455 2095 ὡς
3514 2035 3664 2109 εἶχον
3720 2037 4032 2109 ἠμύνοντο.

2374 2116 2474 2172 Καὶ
2555 2116 2681 2177 τοὺς
2754 2117 2847 2188 μὲν
2921 2118 3134 2183 πλῆθος
3199 2122 3288 2174 καὶ
3349 2123 3508 2197 ἰσχὺς
3571 2128 3686 2196 μετ’
3739 2125 4032 2202 ἐμπειρίας

2373 2205 2718 2277 παρεκρότει,
2748 2206 2859 2277 ἅμα
2920 2205 2976 2260 δὲ
3024 2208 3111 2262 καὶ
3144 2211 3204 2263 τὸ
3261 2209 3564 2287 ἐφορῶντος
3601 2219 3697 2268 τοῦ
3752 2215 4032 2290 βασιλέως

2377 2296 2670 2368 μάχεσθαι,
2723 2293 2967 2357 Ἰταλοὺς
3019 2294 3076 2350 δὲ
3121 2299 3182 2352 τὸ
3232 2298 3522 2355 σπονδαῖον
3578 2303 3665 2357 καὶ
3726 2305 4034 2377 εὐσύνετον,

2373 2380 2448 2436 ἔτι
2499 2381 2555 2436 δὶ
2606 2383 2695 2437 καὶ
2727 2384 2788 2437 τὸ
2819 2383 2878 2438 ἐκ
2910 2382 3182 2460 διαδοχῆς
3215 2387 3290 2448 είς
3323 2390 3536 2463 ἡμέραν
3566 2392 4035 2467 προκινδυνεύειν,

2375 2470 2584 2526 οἷ’κοθεν
2616 2472 3006 2546 ὡρμημένους.
3069 2473 3367 2549 Έκδρομαὶ
3421 2479 3513 2551 μὶν
3564 2481 3653 2534 οὗν
3703 2481 3803 2537 οὐκ
3849 2483 4033 2558 ἀσφα-

2375 2562 2489 2624 λεῖς
2545 2563 2721 2640 σφίσιν
2755 2564 2888 2632 ἦσαν
2939 2569 3020 2638 [Ρ.
3052 2567 3142 2639 80]
3195 2569 3294 2639 (τῷ
3340 2570 3439 2643 γάρ
3495 2569 3697 2642 πλήθει
3759 2574 3850 2628 καὶ
3909 2575 4039 2631 λίαν

2375 2655 2618 2720 ἡττῶντο
2662 2657 2768 2706 τῶν
2817 2650 2964 2726 ἔξω),
3013 2655 3196 2728 τόλμῃ
3255 2654 3310 2711 δὲ
3367 2661 3673 2734 τρεφομένη
3736 2660 3841 2718 δέει
3899 2686 4035 2742 συγ-

611 2877 880 2932 missam:
918 2899 939 2926 ι
959 2877 1106 2944 Quid
1136 2875 1426 2932 sollicitus
1452 2875 1544 2931 es?
1569 2873 1695 2930 Non
1718 2880 1779 2930 tu
1802 2876 1973 2931 modo
1995 2873 2254 2943 trajicies
2363 2889 2393 2927 e
2425 2871 2602 2944 lignis
2633 2874 2746 2930 alte
2768 2890 2870 2946 per
2892 2891 3100 2948 gyrum
3125 2883 3317 2936 erecto
3344 2880 3741 2954 ﬁrmaverant,
3769 2886 4036 2959 indeque

612 2966 765 3021 hunc
797 2964 1066 3021 ﬂuvium:
1101 2966 1212 3020 erit
1241 2971 1477 3037 tempus
1517 2981 1632 3036 quo
1674 2969 1731 3021 te
1775 2979 2009 3036 quoque
2058 2964 2253 3034 ipsum
2363 2960 2728 3018 validissime
2759 2965 3213 3036 propugnabant
3242 2984 3502 3026 murum.
3537 2970 3700 3028 Unde
3722 2976 4039 3048 continge-

605 3056 990 3112 transfretare
1036 3053 1343 3125 oportebit.
1399 3054 1566 3110 Nunc
1614 3053 1810 3110 salvus
1845 3053 1937 3108 abi
1989 3052 2046 3107 in
2098 3053 2252 3108 diem
2366 3051 2466 3105 bat
2499 3049 2717 3106 multos
2747 3053 3004 3108 exterius
3035 3059 3510 3127 oppugnantium
3542 3061 3758 3117 cadere
3792 3062 3933 3120 telis
3968 3081 4040 3121 ex

605 3145 976 3217 negotiorum
1006 3147 1397 3202 reservatus.»
1420 3143 1523 3200 Sic
1545 3143 1832 3200 referebat
1862 3141 2032 3215 longe
2053 3147 2258 3214 postea
2367 3139 2594 3195 occulto
2620 3141 2820 3211 jactis.
2873 3142 3022 3198 Nam
3072 3145 3322 3214 pedibus
3369 3147 3427 3203 in
3479 3153 3604 3205 tuto
3654 3153 3867 3222 positis
3918 3155 4034 3210 viri

605 3236 732 3305 ipse
763 3235 865 3306 qui
907 3235 1204 3292 somnium
1231 3235 1477 3300 viderat,
1503 3233 1880 3289 audientibus
1903 3237 1961 3287 et
1985 3230 2257 3287 miranti-
2287 3249 2334 3314 D
2369 3229 2593 3284 robusti
2629 3230 2800 3286 fessis
2831 3237 3092 3288 recentes
3126 3235 3360 3292 assidue
3389 3238 3617 3294 suffecti
3651 3241 3841 3299 vivido
3872 3260 4037 3301 sem-

606 3323 718 3379 bus
748 3323 941 3378 nobis.
968 3322 1068 3379 Ille
1099 3327 1295 3379 autem
1326 3321 1413 3377 vir
1436 3320 1654 3393 alioqui
1677 3320 1932 3376 veritatis
1950 3320 2253 3386 amans,ad

610 3412 786 3468 ﬁdem
802 3413 1603 3484 adjungebatjuramentum,
1631 3411 1929 3466 admirans
1954 3410 2261 3465 Providen-

611 3502 704 3558 tias
735 3501 1131 3559 inevitabilem
1163 3500 1508 3558 efﬁcaciam.

610 3649 700 3704 20.
733 3649 806 3705 De
833 3649 1239 3723 Oppugnatione
1266 3649 1412 3702 arcis
1441 3647 1645 3702 Galate
1689 3663 1791 3718 per
1841 3648 2254 3717 imperatorem.

683 3774 837 3830 123
867 3773 979 3829 Sed
999 3777 1061 3829 ut
1091 3773 1163 3828 ad
1186 3774 1598 3845 imperatorem
1633 3773 1963 3843 redeamus,
1993 3788 2126 3827 cum
2160 3771 2256 3827 ille

607 3862 792 3936 copiis
825 3861 1030 3918 multis
1062 3862 1357 3934 variisque
1387 3862 1652 3919 collectis
1684 3862 1740 3916 in
1776 3878 1956 3917 unum
1988 3861 2252 3917 Galatam

603 3969 918 4026 aggressus
941 3957 1050 4022 est,
1085 3953 1209 4024 ipse
1239 3953 1479 4024 quidem
1528 3953 1738 4008 idoneo
1781 3967 1813 4006 a
1857 3950 2046 4007 muris
2102 3952 2253 4006 arcis

601 4041 910 4098 intervallo
941 4042 1055 4099 ﬁxo
1102 4042 1412 4114 Augustali
1459 4042 1702 4098 sedebat
1750 4041 1808 4096 in
1855 4041 1978 4097 loco
2023 4040 2250 4097 excelso

596 4131 972 4203 conspicuus,
1008 4133 1245 4188 intuens
1275 4148 1401 4204 quae
1433 4131 1816 4203 gerebantur,
1849 4129 2028 4186 simul
2070 4129 2248 4186 etiam

597 4222 920 4276 ostendens
941 4236 1070 4277 sese
1100 4217 1401 4287 hostibus,
1442 4225 1500 4276 et
1529 4224 1878 4291 experturus
1909 4218 2118 4290 ecquid
2150 4235 2250 4276 eos

592 4325 701 4366 sua
721 4311 948 4383 species
969 4314 1025 4367 et
1047 4310 1360 4383 praesentia
1379 4314 1640 4366 terreret.
1661 4309 2050 4365 Conﬂuebant
2073 4310 2248 4364 undi-

591 4413 706 4470 que
733 4399 1164 4456 concitatorum
1196 4399 1312 4454 ritu
1336 4399 1687 4455 torrentium
1718 4398 2108 4470 oppugnaturi
2155 4415 2248 4454 ar-

592 4503 716 4544 cem
751 4487 970 4545 milites
1017 4489 1362 4560 ducesque;
1395 4493 1455 4544 et
1495 4488 1624 4544 ﬁxis
1669 4491 1832 4544 extra
1875 4486 1972 4543 teli
2016 4488 2242 4558 jactum

584 4577 985 4635 tabernaculis
1007 4578 1295 4652 procincti
1337 4579 1407 4633 ad
1443 4578 1831 4650 irruptionem
1865 4577 2104 4648 signum
2140 4594 2236 4633 ex-

2369 3318 2689 3390 per,qualis
2718 3323 2808 3374 est
2834 3319 3262 3390 inchoantium,
3299 3326 3429 3381 nisu
3463 3326 3845 3386 intendebant
3875 3348 4034 3403 quas

2367 3407 2536 3478 longo
2569 3425 2677 3464 usu
2711 3412 2958 3465 tractare
2988 3411 3317 3468 didicerant
3347 3416 3697 3487 catapultas,
3731 3424 3788 3474 et
3837 3424 4020 3477 noxia

2368 3498 2626 3567 pondera
2647 3497 2786 3553 varii
2811 3500 3042 3570 generis
3066 3502 3552 3574 magnahostium
3577 3507 4031 3582 perniciejacu-

2365 3584 2640 3641 labantur
2660 3586 2770 3658 ipsi
2796 3588 2906 3642 tuti
2929 3588 3109 3645 lorica
3126 3606 3454 3662 murorum,
3474 3611 3576 3664 per
3597 3611 3848 3666 quorum
3869 3599 4033 3657 fene-

2367 3675 2550 3732 stellis
2582 3676 2872 3732 hiantium
2908 3679 3310 3738 inobservatas
3343 3683 3523 3740 rimas
3562 3685 3678 3742 tela
3718 3689 3878 3745 128
3909 3692 4034 3746 exi-

2366 3765 2844 3836 tialajactabant.
2894 3767 3389 3841 Oppugnantibus
3442 3777 3606 3831 extra
3655 3779 4025 3836 succedebat

2365 3854 2663 3927 negotium
2697 3857 3146 3926 quatiendorum
3172 3861 3452 3917 moenium
3477 3879 3606 3935 qua
3624 3866 3782 3921 saxis
3808 3865 4032 3940 ingen-

2361 3944 2519 4000 tibus
2543 3944 2750 4000 balista
2771 3946 3004 4002 intortis
3025 3947 3180 4002 haud
3207 3949 3441 4007 innoxie
3465 3952 3813 4025 pulsabant;
3839 3962 4027 4030 atque

2360 4034 2430 4090 ad
2468 4035 2678 4090 horum
2709 4034 2900 4092 labem
2923 4036 3114 4093 scalas
3137 4039 3529 4097 admovebant
3553 4046 3809 4101 materiae
3829 4049 4025 4120 viteae,

2360 4125 2644 4196 protentis
2676 4125 2858 4181 scutis
2896 4131 3092 4198 partes
3124 4127 3338 4186 ictibus
3388 4131 3670 4189 obnoxias
3720 4138 4015 4207 tegentes.

2359 4214 2465 4280 Qui
2500 4231 2634 4271 cum
2667 4215 2751 4271 sic
2784 4217 2854 4272 ad
2887 4233 3155 4274 summas
3187 4221 3472 4277 mmnium
3506 4225 3767 4295 porticus
3819 4228 4018 4284 enite-

2359 4308 2582 4373 rentur,
2616 4305 2804 4376 capita
2834 4305 3071 4378 quidem
3101 4310 3546 4368 ascendentium
3580 4313 3639 4369 in
3670 4317 3796 4371 tuto
3813 4323 4014 4385 erant,

2357 4397 2638 4465 protecta,
2672 4399 2736 4450 ut
2764 4395 2903 4464 dixi,
2924 4396 3141 4469 clypeis
3171 4415 3410 4456 sursum
3445 4402 3710 4460 obversis
3736 4422 3750 4461 :
3804 4409 4016 4464 tamen

2355 4485 2455 4556 qui
2488 4485 2647 4541 intus
2679 4490 2846 4542 erant
2871 4502 2974 4558 per
2997 4488 3350 4562 fenestellae,
3391 4493 3608 4564 quibus
3631 4494 3856 4552 crebris
3880 4495 4020 4554 hia-

2350 4574 2453 4630 bat
2474 4590 2701 4643 murus,
2727 4574 3105 4633 collimantes
3126 4578 3243 4634 tela
3266 4596 3399 4637 vare
3421 4584 4026 4655 nocebant,del‘ensa-

581 4668 948 4739 spectabant.
971 4649 1100 4724 Mox
1129 4669 1188 4723 in
1208 4683 1421 4724 manus
1445 4649 1614 4722 divisi
1641 4665 2024 4744 multifariam
2049 4683 2234 4738 oppu-
2269 4649 2311 4718 C
2350 4663 2608 4735 bantque
2649 4681 2840 4721 arcem
2878 4682 2978 4738 pro
3010 4667 3183 4723 virili.
3216 4669 3460 4728 Nostros
3492 4689 3601 4729 sua
3649 4649 4010 4748 multitudo,

579 4757 920 4828 gnationem
946 4757 1244 4813 inchoant.
1271 4757 1403 4812 Fuit
1428 4756 1526 4811 ubi
1545 4755 1752 4812 erectis
1777 4742 2070 4811 machinis
2093 4771 2239 4828 qua-

578 4850 775 4902 terent
806 4863 1045 4903 murum
1080 4862 1318 4919 perrnm
1352 4861 1605 4918 pereque
1636 4849 2012 4902 conarentur.
2037 4844 2234 4901 Multi-

575 4937 717 4992 tudo
732 4940 856 4993 erat
880 4938 1069 5008 major
1080 4953 1259 5008 quam
1275 4953 1379 5010 pro
1399 4936 1576 4992 unius
1590 4935 2029 5008 oppugnatione
2046 4935 2231 4991 arcis:

577 5040 713 5080 nam
735 5030 945 5098 praeter
962 5025 1108 5082 alios
1128 5041 1269 5082 sane
1284 5023 1503 5080 multos
1527 5041 1592 5080 ac
1609 5024 1869 5079 valentes
1892 5023 2182 5096 sagittarii
2205 5039 2235 5080 e

573 5117 846 5186 partibus
877 5116 1032 5172 circa
1063 5116 1318 5172 Nicaeam
1352 5114 1575 5171 evocati
1608 5115 1680 5170 ab
1712 5114 2066 5186 imperatore
2097 5115 2232 5170 ade-

569 5206 842 5278 rant,qui
873 5207 1097 5262 assueti
1129 5205 1432 5261 collimare
1463 5205 1534 5260 ad
1569 5219 1812 5275 scopum
1847 5203 2142 5259 neminem
2164 5220 2231 5259 ex

563 5311 697 5351 arce
725 5301 900 5367 caput
930 5311 962 5353 ο
994 5311 1161 5352 muro
1183 5295 1430 5368 impune
1456 5294 1730 5350 sinebant
1751 5297 2071 5360 ostentare,
2095 5292 2228 5347 ubi-

572 5401 807 5457 cunque
836 5386 1029 5458 quivis
1057 5385 1453 5458 apparuisset,
1487 5383 1686 5439 statim
1717 5398 1851 5438 eum
1904 5383 1963 5437 in
2018 5381 2222 5437 faciem

559 5478 745 5533 misso
763 5477 964 5549 jaculo
989 5481 1270 5549 petentes.
1305 5481 1380 5531 At
1407 5475 1535 5530 Itali
1570 5475 1732 5530 novis
1767 5490 1835 5529 ex
1868 5474 2011 5528 urbe
2032 5473 2226 5544 qnoti-

559 5566 653 5622 die
685 5583 788 5638 per
837 5568 1188 5640 piscatorios
1238 5565 1540 5622 naviculas
1580 5564 1924 5635 juvenibus,
1974 5562 2076 5634 qui
2122 5579 2224 5634 per

557 5658 716 5714 vices
743 5657 840 5714 alii
874 5657 1004 5714 aliis
1026 5659 1413 5715 succederent
1442 5661 1497 5712 et
1530 5653 1777 5711 conferti
1827 5657 1996 5725 porta
2045 5653 2219 5708 mari-

557 5747 702 5803 tima
727 5748 1145 5820 irrumperent,
1171 5746 1491 5803 submissis
1515 5744 1865 5818 pomcerium
1887 5744 2046 5799 intus
2067 5742 2216 5799 vallo

2347 4756 2474 4809 tum
2503 4754 2690 4810 virtus
2722 4755 2958 4811 conscia
2983 4757 3303 4830 peritiaque
3335 4761 3474 4817 belli
3524 4763 3855 4832 animabat,
3902 4767 4014 4822 sed

2346 4847 2480 4899 ante
2509 4843 2707 4899 omnia
2751 4844 3126 4916 imperatoris
3171 4851 3476 4920 praesentis
3529 4857 3809 4925 aspectus
3859 4855 4014 4925 quid

2345 4933 2598 5005 quisque
2629 4934 2892 5005 praeclari
2925 4935 3140 4992 iaceret
3190 4955 3387 4996 coram
3444 4941 3616 4999 oculo
3674 4943 4010 5016 signantia.

2345 5023 2520 5079 Italos
2552 5041 2697 5079 suus
2728 5026 2904 5081 ardor
2934 5027 3139 5099 utique
3162 5044 3264 5100 pro
3295 5029 3415 5086 aris
3439 5031 3700 5105 focisque
3726 5049 4014 5106 pugnan-

2341 5113 2510 5181 tium,
2545 5114 2970 5187 praasentiaque
3002 5116 3234 5174 solertis
3266 5120 3472 5191 animi,
3504 5123 3833 5194 presertim
3867 5140 4016 5183 vero

2342 5207 2614 5274 receptus
2665 5203 2956 5261 fessorum
3004 5205 3214 5278 facilis,
3255 5213 3540 5284 statuaque
3579 5215 3799 5286 quietis
3840 5222 4016 5283 vices

2339 5293 2716 5350 successione
2747 5294 3094 5365 quotidiana
3124 5299 3470 5368 recentium,
3520 5305 3648 5360 tum
3690 5312 4009 5372 certamen

2338 5381 2634 5452 quoddam
2660 5381 3218 5454 laudis,verentibus
3239 5403 3474 5460 semper
3495 5392 3594 5461 qui
3620 5394 3908 5454 subibant
3930 5417 4014 5459 ne

2336 5470 2594 5540 impares
2655 5469 2932 5527 dentibus
2987 5475 3416 5531 succenturiati
3470 5477 3833 5551 viderentur,
3887 5487 4010 5543 ﬁr-

2337 5559 3123 5633 mabant,accendebantque
3161 5563 3219 5618 in
3245 5580 3436 5621 acrem
3453 5570 3836 5639 pertinaciam
3857 5580 4018 5632 resi-

2338 5649 2550 5705 stendi.
2585 5653 2650 5703 Et
2679 5647 3017 5721 eruptiones
3048 5651 3287 5724 quidem
3328 5656 3476 5727 ipsis
3507 5658 3666 5716 haud
3698 5671 3870 5720 erant
3901 5684 4014 5724 se-

2329 5740 2892 5806 cure,multitudine
2917 5743 3210 5814 siquidem
3232 5746 3632 5808 obsidentium
3655 5755 4011 5819 obrueban-
