4258 6438
169 393 270 449 561

1256 399 1352 452 D8
1391 397 1763 453 MICHABLB
1801 397 2228 454 PALEOLOGO
2266 399 2398 454 LIB.
2441 401 2513 454 ιι.

3478 398 3584 453 562

167 517 524 592 κροτούμενοι
598 521 866 594 ὁσημέραι
940 518 1338 596 διεκαρτέρουν.
1398 520 1578 596 ’Δγὼν
1649 519 1696 575 δ’
1747 521 1812 589 ῆν
1847 526 1900 593 Α
1934 520 2122 598 λογίαν
2153 521 2394 595 εὐπρεπῆ
2425 519 2746 595 καταλείψοι
2793 521 2868 582 ὡς
2923 523 3011 575 καὶ
3043 521 3208 576 πάλιν
3238 523 3353 577 κατ’
3385 523 3584 597 ἀγαθὰς

171 610 528 684 ἀμφοτέροις,
561 617 680 672 τοῖς
716 612 810 684 μὶν
855 616 952 666 τοῦ
1007 609 1334 685 κρατοῦντος
1393 612 1535 666 έλεῖν
1585 611 1659 673 ὡς
1715 611 1827 684 ἅμα

163 703 242 769 τῷ
302 701 554 776 φρουρίῳ
610 700 710 768 τὴν
774 698 938 754 πόλιν
989 697 1188 770 ἕξουσι,
1220 705 1336 761 τοῖς
1368 697 1415 753 δ’
1445 701 1692 774 ἀντέχειν
1750 700 1823 761 ὡς

167 788 666 860 συναπολλυμένης
723 788 775 858 έξ
827 790 1064 862 ἀνάγκης
1123 793 1202 859 τῷ
1259 790 1507 865 φρουρίῳ
1571 791 1673 853 τῆς
1720 787 1824 842 πό-

164 874 330 939 λεως.
365 879 622 948 Κατήντα
669 875 777 946 δ’ἠ
834 879 991 952 μάχη
1044 877 1193 954 σφίσι
1248 875 1662 953 διαχρονίζουσι
1721 897 1825 950 μα-

162 965 432 1040 χομένοις
472 972 589 1030 τοῖς
622 968 718 1038 μὶν
749 967 873 1042 περί
928 968 1020 1021 τὸν
1077 965 1303 1041 βασιλέα
1352 967 1427 1028 εἷς
1487 965 1626 1021 αἷδὼ
1687 987 1822 1040 προσ

163 1061 302 1132 φανῆ
361 1053 460 1108 τοῦ
521 1057 597 1128 μὴ
652 1057 1027 1130 περιγενέσθαι
1074 1055 1341 1133 φρουρίου
1417 1055 1505 1110 έπὶ
1562 1059 1819 1110 τοσοῦτον

166 1142 524 1218 μαχομένους
551 1144 711 1199 τόσον
741 1143 955 1209 πλῆθος
1004 1141 1156 1199 οὐδὲν
1218 1146 1415 1216 σεμνὸν
1473 1139 1700 1218 ἔχοντος
1731 1145 1818 1198 καί

164 1254 304 1287 τισιν
359 1231 574 1308 ὀλίγοις
631 1231 1160 1312 διαφυλαττομένου,
1191 1238 1309 1297 τοῖς
1357 1232 1403 1288 δ’
1453 1231 1685 1294 Ἰταλοῖς
1746 1233 1820 1295 είς

164 1320 491 1395 φιλοτιμίαν
549 1320 646 1376 τοῦ
702 1324 897 1385 τόσους
955 1325 1030 1395 μή
1081 1323 1449 1398 περιγενέσθαι
1490 1325 1823 1398 παρασκευά-

164 1433 251 1465 σαι
307 1411 506 1473 αὖτοῦς
559 1411 786 1486 ὀλίγους
845 1408 1005 1474 ὄντας
1064 1414 1138 1474 ὡς
1196 1410 1338 1485 μηδὲ
1365 1413 1578 1484 τολμᾷν
1608 1411 1820 1483 ἐξιέναι,

164 1504 277 1574 ἅμα
337 1499 396 1556 δὲ
447 1500 536 1556 καὶ
580 1506 679 1556 τοῦ
709 1503 872 1556 αὐτὸν
910 1501 1140 1576 βασιλέα
1167 1499 1318 1572 δόξαι
1367 1506 1518 1572 νικᾷν
1581 1501 1669 1555 καὶ
1726 1508 1822 1556 πᾶ-

163 1610 257 1642 σαν
290 1591 392 1657 τήν
422 1589 586 1645 αὐτοῦ
614 1588 842 1663 δύναμιν
902 1589 989 1644 ἐπὶ
1049 1591 1212 1644 ταυτὸ
1270 1591 1630 1645 συνελθοῦσαν
1687 1592 1820 1663 ἅμα.

163 1679 303 1733 Τότε
389 1683 517 1754 γοῦν
602 1678 830 1734 πολλῶν
905 1682 1024 1733 καθ’
1072 1679 1280 1752 ἡμέραν
1336 1677 1396 1734 ἐκ
1447 1683 1546 1733 τοῦ
1599 1677 1820 1753 τείχους

174 1765 545 1842 βαλλομένων
595 1789 652 1823 τε
707 1768 797 1823 καὶ
848 1768 1154 1823 πιπτόντων
1214 1763 1463 1829 ἴοόόλοις
1547 1769 1823 1842 μεγίστοις

172 1858 495 1932 μαγγάνοις,
547 1857 686 1913 ὥστε
751 1857 842 1912 καὶ
928 1856 1232 1926 οῗκτίζοντο
1282 1857 1821 1932 κατειρωνευόμενοι,

163 1949 240 2019 μὴ
277 1943 532 2010 θέλοντες
565 1945 815 2022 βάλλειν,
851 1945 977 2002 ἀλλ’
1010 1947 1360 2018 ἀποπέμπειν
1390 1947 1482 2000 τὸν
1537 1945 1686 2008 έντὸς
1727 1951 1824 2001 τοῦ

166 2034 365 2108 βέλους
421 2035 573 2090 ίόντα
633 2034 722 2090 διὰ
777 2038 877 2105 τὴν
937 2035 1234 2110 ἐγγύτητα,
1261 2037 1335 2098 ὡς
1365 2038 1433 2108 τῇ
1480 2035 1714 2109 γυναικὶ,
1751 2036 1824 2096 ὡς

159 2123 375 2200 ἔλεγον,
409 2123 754 2194 διασώζοιτο,
786 2127 872 2180 καὶ
924 2127 1037 2197 ἅμα
1089 2127 1283 2202 φήμης
1340 2122 1693 2199 διαχυθείσης
1748 2126 1822 2184 ὡς

160 2213 207 2285 ἐξ
259 2213 583 2282 ἀποστολῆς
635 2213 938 2283 ἐπέστησαν
988 2211 1153 2269 ἄλλοι
1204 2213 1456 2270 πλεῖστοι
1513 2214 1602 2268 καὶ
1664 2213 1820 2288 ἰσχυ-

159 2305 270 2378 ροὶ,
308 2304 697 2377 ὑπερπαθήσας
754 2305 869 2357 οἷον
928 2301 1015 2356 διά
1073 2324 1131 2358 τε
1171 2305 1234 2358 τὸ
1280 2307 1378 2358 τοῦ
1409 2302 1584 2357 κόπου
1641 2303 1818 2370 κενὸν,

156 2393 244 2445 καὶ
314 2392 449 2464 μετά
504 2394 605 2461 τήν
657 2397 767 2446 τῶν
815 2393 1090 2447 πεσόντων
1151 2387 1437 2462 ἀποϐολὴν
1497 2392 1542 2446 εί
1599 2393 1688 2446 καὶ
1739 2393 1821 2464 γέ-

162 2488 317 2537 λωτα
377 2479 554 2558 ὤφλει
619 2483 694 2554 μή
754 2481 1118 2556 καταπράξας,
1179 2477 1314 2556 ἔγνω
1384 2480 1670 2537 καταλύειν
1728 2481 1818 2534 τὸν

157 2571 436 2644 πόλεμον,
467 2570 614 2640 πλὴν
671 2571 731 2625 οὐ
789 2571 925 2626 κατὰ
985 2573 1276 2642 συνθήκας,
1333 2571 1406 2625 'iv'
1463 2573 1636 2642 έαυτῷ
1683 2571 1818 2625 ἀπο-

156 2792 274 2844 tur.
311 2789 574 2845 Audacia
609 2795 800 2846 tamen
831 2789 1106 2861 vigebant
1131 2789 1496 2861 quotidianis
1527 2787 1644 2844 alta
1681 2803 1815 2844 euc-

157 2879 430 2934 cessibus
452 2881 910 2950 oppugnationis
932 2880 1220 2935 hactenus
1237 2879 1365 2934 sine
1392 2895 1540 2934 noxa
1562 2879 1815 2933 toleratae

156 2969 376 3024 obnixa
409 2968 708 3040 utrimque
767 2970 966 3026 studia
1021 2969 1314 3037 vincendi,
1374 2985 1479 3040 spe
1537 2971 1819 3037 metuque

159 3056 538 3113 inflammata
559 3060 895 3127 contrariis,
921 3059 1295 3130 sperantibus
1315 3057 1581 3113 videlicet
1601 3058 1822 3112 nostris

154 3146 204 3202 si
230 3163 433 3202 arcem
463 3153 885 3220 expugnarent,
942 3149 1148 3204 urbem
1210 3147 1411 3204 statim
1469 3147 1818 3212 dedendam,

157 3235 406 3304 Latinis,
443 3238 598 3308 quod
632 3236 741 3293 hoc
794 3239 992 3310 ipsum
1025 3237 1322 3304 timerent,
1373 3235 1582 3291 ultimo
1613 3239 1823 3292 conatu

155 3325 531 3381 certantibus
562 3342 634 3382 ne
652 3327 792 3383 urbe
811 3327 868 3382 in
896 3344 1025 3382 arce
1041 3330 1362 3399 caperetur.
1386 3325 1814 3395 Longissimam

159 3431 300 3472 vero
331 3417 828 3487 perseverantiam
863 3422 1072 3472 neutra
1093 3433 1160 3472 ex
1193 3421 1356 3488 parte
1379 3414 1609 3470 remissi
1633 3413 1813 3487 praelii

156 3507 214 3560 in
250 3506 614 3577 imperatore
647 3507 885 3577 quidem
913 3507 1249 3562 obstinabat
1280 3505 1470 3578 pudor
1491 3521 1605 3560 non
1639 3510 1815 3574 captaa

161 3599 334 3650 tanto
355 3609 617 3666 tempore
639 3599 804 3650 atam
832 3595 1036 3650 multis
1069 3599 1191 3650 toto
1213 3595 1436 3666 impetu
1468 3597 1816 3666 oppugnatae

163 3683 324 3738 haud
355 3683 767 3740 famosissimas
799 3685 1184 3755 ejusdemque
1215 3701 1248 3738 a
1307 3685 1510 3755 paucis
1565 3683 1816 3738 defense

163 3771 542 3838 munitionis,
573 3773 632 3827 in
665 3772 828 3828 Italis
857 3789 992 3827 vero
1014 3772 1254 3828 ambitio
1277 3771 1593 3844 gloriaque
1622 3773 1814 3839 ardor,

158 3861 374 3932 ingens
409 3861 518 3916 sibi
547 3861 725 3917 decus
758 3862 878 3918 fore
911 3864 1065 3919 124
1119 3862 1515 3926 cernentibus,
1570 3876 1632 3917 se
1693 3865 1814 3916 tam

157 3967 377 4021 paucos
401 3955 467 4004 ut
488 3950 720 4021 prodire
739 3965 853 4006 non
873 3951 1179 4016 auderent,
1203 3950 1277 4006 ab
1297 3951 1606 4022 ingruente
1629 3950 1815 4004 unde-

157 4055 393 4110 cunque
428 4038 845 4094 innumerabili
875 4039 1258 4095 multitudine
1306 4039 1573 4112 superari
1608 4037 1814 4110 nequi-

157 4128 337 4192 visse,
372 4128 716 4183 blandiente
751 4133 1050 4198 praeterea,
1083 4129 1132 4184 si
1164 4130 1232 4183 ad
1265 4133 1588 4184 extremum
1615 4128 1814 4184 invicti

158 4218 471 4285 durarent,
507 4233 608 4288 spe
639 4233 750 4272 non
782 4233 925 4272 vane
947 4217 1232 4287 gloriandi
1258 4223 1603 4290 praesentem
1624 4218 1816 4288 ipsum

157 4310 499 4377 Augustum
534 4323 666 4361 cum
701 4309 922 4362 coactis
954 4308 1009 4362 in
1045 4324 1228 4362 unum
1262 4307 1554 4362 universis
1585 4307 1817 4379 imperii

157 4395 387 4450 viribus
411 4395 754 4450 Latinorum
777 4413 956 4467 parva
980 4413 1156 4452 manu
1183 4395 1522 4453 debellatos.
1541 4401 1818 4452 Czeterum

158 4485 640 4557 oppugnantium
673 4485 933 4556 quotidie
968 4486 1263 4556 plurimis,
1301 4486 1435 4542 telis
1482 4487 1818 4557 ingentibus

159 4573 602 4646 catapultarum
636 4591 700 4630 ex
723 4575 948 4631 crebris
971 4576 1124 4630 muri
1148 4576 1379 4631 ﬁssuris
1399 4576 1635 4632 assidue
1654 4577 1817 4647 jacu-

159 4642 445 4730 lantium,
480 4664 848 4730 cadentibus,
881 4666 1204 4721 addebatur
1229 4665 1549 4720 ludibrium
1583 4642 1818 4732 damno,
1851 4642 1893 4709 (ἶ

162 4753 334 4809 etiam
369 4751 760 4809 illudentibus
792 4771 860 4809 ex
886 4759 1016 4808 tuto
1049 4754 1452 4824 libratoribus,
1478 4759 1532 4809 et
1563 4771 1735 4827 quem
1760 4755 1820 4809 in

163 4848 252 4897 tra
274 4843 511 4913 jactum
548 4859 649 4914 per
679 4843 1016 4898 fenestellae
1036 4844 1371 4914 cernebant,
1397 4859 1466 4898 ex
1491 4844 1821 4915 propinquo

163 4930 590 5001 compellatum
626 4933 850 4988 ironica
881 4933 1284 4988 misericordia
1314 4933 1518 4988 timere
1571 4933 1822 4988 vetanti-

164 5020 310 5076 bus:
347 5020 507 5075 haud
543 5022 698 5076 enim
733 5038 862 5077 sese
894 5022 1090 5092 ipsum
1125 5027 1424 5093 utcunque
1481 5023 1822 5092 contiguum

160 5110 278 5165 telo
315 5110 627 5182 petituros,
652 5127 724 5166 ne
745 5117 863 5166 tam
891 5112 1080 5166 bellus
1104 5113 1194 5165 vir
1215 5111 1504 5166 uxorcula
1529 5129 1650 5166 suae
1671 5113 1825 5182 peri-

164 5207 272 5255 ret.
304 5199 499 5271 Super
530 5200 650 5254 hzec
682 5217 888 5272 sparsa
920 5202 1077 5256 fama
1105 5205 1194 5257 est
1226 5217 1359 5256 mox
1403 5201 1580 5256 aﬂ‘ore
1606 5218 1639 5256 a
1688 5202 1824 5256 sede

167 5290 390 5344 missas
423 5288 746 5360 apostolica
777 5290 957 5346 lectas
988 5289 1328 5360 validasque
1352 5291 1550 5361 copiae
1581 5291 1637 5344 in
1663 5291 1825 5345 auxi-

166 5379 318 5433 lium
334 5378 619 5433 obsessis.
639 5378 803 5433 Tunc
824 5379 1062 5434 demum
1081 5379 1400 5449 imperator
1415 5380 1582 5450 quasi
1608 5379 1827 5435 fractus

166 5467 394 5534 animo,
428 5468 582 5538 quod
622 5468 1079 5537 praeterirritum
1105 5466 1361 5522 laborem
1385 5474 1442 5522 et
1459 5472 1542 5522 tot
1564 5474 1828 5523 strenuo-

165 5573 300 5611 rum
325 5555 518 5610 militu
531 5573 582 5610 m
603 5559 763 5626 jaotu
774 5573 894 5611 ram
911 5556 1086 5611 etiam
1110 5562 1398 5612 metueret
1413 5574 1482 5612 ne
1498 5573 1706 5628 magno
1721 5575 1828 5613 suo

165 5646 386 5718 probro
421 5661 525 5715 per
547 5646 819 5700 viminde
854 5662 912 5700 re
961 5647 1178 5701 infecta
1231 5645 1562 5717 pelleretur,
1621 5651 1828 5718 sponte

166 5735 542 5792 obsidionem
623 5735 842 5792 solvere
921 5743 976 5791 et
1053 5736 1486 5807 oppugnatione
1546 5735 1830 5793 absistere

1941 607 2166 673 ἐλπίδας
2195 608 2615 682 ἐπιθησόμενος.

1941 716 2041 770 κα’.
2106 716 2233 789 Περῖ
2309 717 2404 770 τοῦ
2470 720 2662 788 νεκροῦ
2732 721 2838 792 ,τοῦ
2927 717 3203 792 βασιλείου
3264 724 3578 792 Βουλγαρο-

2649 789 2863 844 κτόνου.

2011 875 2140 930 Τότε
2199 873 2255 930 δέ
2309 896 2447 937 τινες
2502 880 2608 930 τῶν
2637 876 2851 932 οἰκείων
2881 881 2958 949 τῷ
2998 878 3212 952 βασιλεῖ
3263 879 3379 933 κατ’
3409 875 3582 933 ἄνεσιν

1942 961 2228 1040 διατριϐῆς
2288 964 2596 1034 έξεΑθόντες
2646 965 2945 1036 ἐπέστησαν
3001 971 3069 1040 τῇ
3100 967 3236 1021 κατά
3262 968 3356 1022 τὸν
3385 963 3584 1023 Ἕϐδοο

1944 1075 2043 1126 μον
2075 1059 2171 1108 τοῦ
2204 1052 2467 1129 θεολόγου
2502 1058 2665 1128 μονῇ,
2701 1052 2872 1128 ὄνομα
2909 1055 3096 1128 μόνον,
3129 1056 3188 1110 οὐ
3238 1063 3434 1130 σχῆμα
3482 1079 3590 1112 σω-

1943 1143 2106 1216 ζούσῃ
2187 1147 2382 1215 μονῆς,
2439 1144 2528 1197 καὶ
2610 1144 2700 1198 τὸν
2785 1144 2953 1198 ἐκεῖσε
3037 1144 3163 1198 ναὸν
3229 1144 3588 1212 εἰσελθόντες,

1940 1231 2276 1307 ἠρειμμένον
2325 1231 2413 1286 καὶ
2461 1236 2652 1287 τοῦτον
2711 1233 2800 1287 καὶ
2859 1232 2934 1294 εἷς
2988 1233 3315 1308 θρεμμάτων
3377 1237 3462 1307 [Ρ.
3496 1239 3588 1308 81]

1940 1319 2167 1378 ἔπαυλιν
2226 1320 2376 1392 ὄντα,
2422 1325 2508 1377 καὶ
2573 1320 2704 1396 τῇδε
2758 1325 2973 1377 κάκεῖσε
2997 1319 3464 1398 περιϐλεπόμενοι
3497 1327 3587 1380 καὶ

1939 1411 2000 1465 τό
2032 1433 2165 1466 ποτε
2212 1415 2308 1465 τοῦ
2364 1415 2496 1465 ναοῦ
2553 1409 2757 1472 κάλλος
2814 1410 2874 1466 ἐκ
2930 1415 3035 1466 τῶν
3069 1411 3344 1486 λειψάνων
3378 1417 3585 1486 θαυμά-

1943 1507 2120 1570 ζοντες
2153 1502 2311 1574 [ἦσαν
2336 1497 2381 1554 δ’
2414 1500 2564 1555 οὗτοι
2597 1502 2648 1554 οἱ
2705 1501 2830 1574 περὶ
2885 1499 2980 1555 τὸν
3041 1500 3426 1575 Ἰατρόπουλον
3479 1511 3586 1570 Δη-

1945 1592 2176 1664 μήτριον
2227 1589 2314 1643 καὶ
2366 1588 2665 1663 λογοθέτην
2713 1589 2836 1644 τότε
2882 1593 2989 1643 τῶν
3021 1589 3334 1661 οίκειακῶν)
3385 1593 3582 1665 ὁρῶσιν

1942 1676 2139 1752 αἴφνης
2216 1679 2352 1732 κατά
2420 1679 2621 1752 γωνίαν
2686 1679 2974 1750 ἱστάμενον
3036 1675 3230 1753 ἀνδρὸς
3276 1679 3447 1733 πάλαι
3502 1701 3584 1735 τε·

1941 1772 2176 1830 ονεῶτος
2208 1765 2461 1840 λείψονον
2493 1765 2806 1840 ὁλόκληρον
2865 1767 2955 1820 καὶ
3009 1768 3072 1821 τὸ
3127 1774 3230 1822 πᾶν
3285 1767 3581 1841 ὁλομελὶς,

1940 1857 2145 1931 γυμνὸν
2178 1856 2228 1918 ές
2258 1853 2430 1918 πόδας
2486 1854 2546 1910 ἐκ
2601 1854 2860 1931 κεφαλῆς.
2898 1857 3029 1931 Εἶχε
3083 1854 3140 1911 δὲ
3187 1859 3278 1912 καὶ
3337 1857 3424 1914 ἐπὶ
3465 1859 3584 1913 στό-

1938 1966 2104 2017 ματος
2162 1944 2418 2018 καλάμην
2493 1950 2820 2016 ποιμενικῆς
2905 1945 3183 2022 σύριγγος,
3231 1945 3305 2006 εἷς
3371 1945 3581 2020 χλεύην

1931 2038 2090 2088 τινῶν
2148 2032 2290 2088 οὕτω
2334 2036 2678 2103 ποιησάντων
2730 2036 2812 2095 οἷς
2875 2029 3038 2106 ἔμελε
3095 2033 3447 2109 θρεμμάτων.
3496 2039 3585 2098 Ὠς

1933 2121 1981 2177 δ’
2014 2120 2222 2185 ἰδόντες
2281 2121 2580 2195 ἐθαύμαζον
2644 2125 2738 2193 μὲν
2797 2123 2897 2191 τήν
2930 2123 3026 2177 τοῦ
3057 2122 3317 2196 λειψάνου
3378 2123 3581 2197 ὀλομέ-

1932 2210 2105 2281 λειαν,
2141 2209 2442 2286 διηπόρουν
2518 2207 2575 2264 δὲ
2619 2213 2830 2272 οὗτινος
2876 2209 2937 2265 ἂν
2987 2213 3076 2266 καὶ
3127 2209 3210 2282 εἷή
3258 2214 3286 2268 ὁ
3317 2216 3583 2288 πεπηγὼς

1931 2300 2132 2363 ἐκεῖνος
2167 2301 2254 2354 καὶ
2306 2294 2384 2354 ἔτι
2437 2301 2514 2361 εἷς
2558 2303 2717 2372 σῶμα
2760 2299 3145 2372 συνιστάμενος
3196 2305 3352 2375 χοῦς,
3383 2303 3583 2376 ὁρῶσιν

1929 2389 1987 2444 ἐκ
2037 2388 2224 2459 δεξιῶν
2282 2390 2345 2443 τὸ
2397 2392 2650 2463 κενήριον
2695 2391 2785 2444 καὶ
2836 2389 2923 2444 ἐπ’
2971 2390 3119 2462 αὖοῷ
3168 2392 3579 2467 γεγραμμένους

1930 2480 2152 2554 στίχους
2181 2477 2484 2551 δηλοῦντας
2517 2479 2608 2534 τὸν
2655 2479 2920 2552 κείμενον.
2960 2481 3057 2536 Ἦν
3109 2481 3289 2551 οὗτος,
3322 2481 3398 2544 ὡς
3451 2479 3576 2551 ἐδή-

1930 2569 2028 2624 λου
2083 2571 2150 2623 τά
2197 2568 2515 2642 γράμματα,
2550 2568 2582 2622 ἀ
2614 2567 3094 2643 Βουλγαροκτόνος
3147 2568 3453 2632 Βασίλειος.
3487 2573 3575 2633 Ὠς

1925 2786 2250 2855 constituit,
2284 2787 2384 2842 sed
2417 2786 2564 2842 citra
2620 2789 3064 2844 conventionem
3121 2804 3254 2843 cum
3313 2789 3573 2845 obsessis

1929 2876 2206 2942 ullam,id
2231 2877 2299 2930 ad
2321 2875 2797 2947 qualemcunque
2821 2876 3131 2932 valiturum
3149 2878 3579 2934 excusationem

1930 2969 2270 3030 autumans,
2300 2965 2466 3036 quasi
2492 2982 2606 3020 non
2625 2969 2743 3020 tam
2767 2966 3062 3021 omitteret
3084 2967 3379 3037 inceptum
3407 2983 3580 3037 quam

1930 3055 1989 3109 in
2011 3059 2245 3125 tempus
2267 3054 2658 3125 opportunius
2674 3053 2953 3123 differret,
2975 3070 3108 3110 cum
3133 3055 3212 3111 rei
3237 3056 3576 3127 prosperius

1930 3144 2224 3199 tentandae
2258 3159 2319 3198 se
2351 3143 2582 3198 offerret
2613 3144 2862 3200 occasio.

1859 3273 1906 3338 D
1985 3287 2074 3343 21.
2107 3288 2181 3341 De
2209 3285 2471 3343 cadavere
2502 3285 2856 3358 imperatoris
2883 3286 3080 3343 Basilii
3107 3287 3525 3359 Bulgaroctoni.

1992 3417 2274 3483 Tempore
2303 3412 2478 3468 istius
2505 3411 2715 3468 obsidii
2755 3412 2994 3484 quidam
3028 3430 3096 3469 ex
3127 3413 3357 3470 familia
3389 3414 3576 3486 impe-

1924 3502 2136 3558 ratoris
2159 3503 2640 3574 circumquaque,
2676 3507 2740 3558 ut
2770 3502 2855 3572 ﬁt,
2890 3508 3200 3574 evagantes
3231 3503 3413 3559 animi
3445 3520 3574 3576 gra-

1923 3592 2004 3646 tia
2033 3592 2393 3647 devenerunt
2423 3592 2480 3646 in
2513 3591 2767 3663 theologi
2798 3592 3240 3663 monasterium,
3270 3593 3330 3648 in
3362 3595 3570 3650 subur-

1922 3681 2021 3736 bio
2053 3681 2142 3735 cui
2165 3696 2374 3735 nomen
2401 3680 2767 3736 Hebdomum
2791 3681 2995 3736 situm.
3017 3682 3332 3752 Supererat
3355 3699 3570 3739 nomen

1924 3769 2115 3826 solum
2151 3769 2510 3836 monasterii,
2545 3769 2732 3825 forma
2761 3771 2890 3840 ejus
2922 3771 3115 3826 omnis
3144 3771 3336 3828 ruinis
3358 3771 3570 3828 deleta.

1926 3859 2017 3914 Illi
2057 3858 2344 3930 templum
2377 3860 2527 3930 quod
2561 3859 2640 3914 ibi
2674 3859 2863 3915 fuerat
2893 3860 3169 3932 ingressi,
3202 3862 3571 3918 destructum

1925 3953 1984 4004 et
2010 3950 2204 4020 ipsum
2235 3948 2362 4004 etin
2389 3948 3102 4006 stabulumarmentorum
3117 3954 3434 4015 mutatum,
3461 3951 3575 4008 huc

1924 4037 2180 4109 illucque
2202 4037 2693 4094 circumferebant
2714 4037 2938 4107 oculos,
2954 4042 3012 4094 et
3028 4039 3351 4096 miserabili
3382 4041 3575 4112 specie

1925 4126 2332 4199 reliquiarum,
2360 4131 2579 4199 quanta
2611 4127 2820 4182 fuisset
2846 4127 3002 4183 illius
3031 4145 3166 4183 cum
3185 4129 3376 4184 adhuc
3395 4133 3577 4186 staret

1926 4217 2067 4272 aedis
2100 4233 2276 4270 sacrae
2310 4215 2706 4287 pulchritudo,
2733 4233 2846 4272 non
2872 4217 2996 4274 sine
3019 4217 3458 4274 admirationeI
3476 4220 3571 4276 25

1927 4307 2181 4376 quadam
2215 4305 2590 4362 aestimantes.
2625 4311 2764 4362 Erat
2793 4306 2852 4360 in
2885 4307 2978 4362 his
3007 4307 3341 4379 latropulus
3372 4308 3576 4363 Deme-

1925 4395 2078 4449 trius
2117 4396 2412 4465 logotbeta
2450 4400 2591 4451 tunc
2648 4397 3129 4452 domesticorum.
3193 4399 3278 4452 Ita
3324 4398 3576 4452 circum-

1928 4485 2336 4554 spectantibus
2377 4489 2619 4555 apparet
2648 4485 2966 4556 improviso
2999 4485 3056 4539 in
3085 4487 3335 4555 quodam
3360 4487 3576 4557 angulo

1931 4577 2095 4628 etans
2126 4573 2230 4627 viri
2255 4572 2394 4628 olim
2429 4574 2644 4629 mortui
2677 4575 2942 4642 cadaver,
2973 4575 3262 4644 integrum
3313 4576 3484 4647 plane
3512 4593 3577 4632 ac

1932 4663 2218 4718 membris
2236 4663 2358 4718 suis
2383 4663 2655 4718 omnibus
2677 4668 2810 4735 apte
2832 4663 3258 4720 cohzerentibus
3275 4669 3578 4734 constans,

1933 4753 2158 4806 nudum
2197 4770 2228 4806 a
2267 4752 2453 4823 capite
2483 4753 2552 4806 ad
2587 4754 2782 4823 pedes.
2815 4753 3077 4808 Habebat
3107 4757 3304 4808 autem
3338 4754 3422 4809 ori
3454 4754 3580 4809 affi-

1931 4858 2063 4896 xam
2085 4858 2330 4896 cannam
2349 4843 2662 4912 pastoritiaa
2681 4842 2907 4906 ﬁstulas,
2925 4842 3174 4897 ludibrio
3189 4845 3580 4914 quorumdam

1933 4949 2139 5004 greges
2171 4932 2302 4986 istic
2330 4931 2629 4986 stabulare
2659 4931 2866 4986 solitos
2897 4933 3256 4987 curantium.
3285 4934 3582 4989 Miraban-

1931 5026 2032 5077 tur
2079 5021 2180 5092 qui
2239 5021 2361 5076 hmo
2409 5021 2685 5076 videbant
2740 5021 3133 5092 integritatem
3195 5025 3455 5095 corporis
3515 5042 3584 5080 ex

1933 5110 2124 5182 longo,
2160 5116 2224 5164 ut
2260 5110 2598 5181 apparebat,
2631 5110 2904 5164 exanimi.
2954 5111 3340 5183 Ambigebant
3387 5118 3580 5168 autem

1934 5201 2106 5270 cujus
2137 5203 2292 5254 esset
2311 5199 2455 5253 illud
2479 5199 2563 5253 sic
2590 5198 2775 5254 solide
2799 5205 3166 5278 compactum
3187 5205 3244 5255 et
3264 5199 3582 5258 humanam

1936 5290 2127 5344 adhuc
2162 5290 2404 5344 formam
2441 5288 2697 5343 retinens
2727 5287 2991 5344 cadaver.
3025 5290 3285 5345 Cernunt
3307 5306 3338 5346 a
3369 5292 3586 5346 dextris

1936 5377 2271 5449 sepulcrum
2321 5383 2378 5433 et
2433 5377 2752 5449 inscriptas
2809 5377 2919 5449 ipsi
2975 5376 3200 5434 litterae
3256 5380 3586 5436 indicantes

1937 5467 2070 5539 quis
2103 5468 2182 5522 ibi
2207 5467 2512 5537 jacuisset.
2541 5468 2679 5522 Erat
2728 5471 2925 5521 autem
2981 5466 3097 5535 hic,
3150 5474 3322 5539 prout
3380 5468 3586 5525 litterae

1938 5557 2372 5629 signiﬁcabant,
2407 5555 2657 5612 Basilius
2687 5555 3168 5628 Bulgaroctonus.
3207 5556 3278 5612 Ut
3329 5574 3464 5614 vero
3497 5576 3582 5615 re-

1937 5647 2109 5717 versi,
2143 5647 2282 5719 quid
2317 5647 2620 5712 vidissent,
2647 5645 2988 5717 imperatori
3021 5646 3364 5714 retulerunt,
3413 5649 3586 5705 mise-

1940 5737 2162 5793 ratione
2196 5737 2408 5792 ix.tima
2439 5742 2630 5792 tactus
2662 5736 2778 5803 ille,
2814 5737 3091 5791 continuo
3125 5736 3325 5792 missis
3383 5739 3586 5795 sericis
