4258 6438
669 388 778 444 563

1976 387 2278 443 GEORGII
2317 386 2778 442 PACHYKERB

3981 393 4092 447 564

670 511 716 566 δ’
748 509 1178 585 ὑποστρέψαντες
1213 507 1360 585 σφίσι
1416 508 1478 562 τὸ
1527 507 1708 572 θεαθὶν
1769 511 1847 578 τῷ
1902 504 2118 581 βασιλεῖ
2148 526 2316 582 προσο
2348 508 2406 575 Α
2435 506 2551 580 ρὸν,
2584 505 2642 560 ἐκ
2693 509 2790 575 τῆς
2843 510 2980 563 κατά
3009 511 3107 577 τήν
3135 506 3284 564 δύσιν
3315 515 3412 564 τοῦ
3443 513 3859 584 Ξηροποτάμου
3915 521 4095 585 μονῆς

673 596 952 676 ἀνέφερον,
987 597 1276 667 οἰκτίζεται
1336 596 1526 651 αὐτίκα
1568 598 1596 650 6
1631 595 1910 671 βασιλεὺς,
1961 595 2050 649 καὶ
2105 594 2325 668 πέμψας

673 687 874 762 σηρικὰ
913 687 1247 762 χρυσόσημα
1303 682 1508 754 πέπλα,
1534 683 1612 740 ἔτι
1658 683 1715 739 δέ
1769 684 2152 754 ἐξαποστείλας
2199 684 2326 744 τοὺς

668 774 1018 849 ὑμνοπόλους
1051 774 1143 829 σὺν
1173 775 1275 828 οὑκ
1297 772 1512 848 ὀλίγοις
1537 771 1824 848 ἄρχουσιν,
1847 772 1948 826 ὑπὸ
1975 769 2163 844 πολλῇ
2185 775 2322 844 τιμῇ

665 865 756 920 καὶ
791 861 1112 941 δορυφορίᾳ,
1146 859 1399 936 ψαλμοῖς
1448 860 1538 915 καὶ
1588 860 1806 933 ὕμνοις,
1837 858 2218 932 ἀνακομίζεται
2269 858 2320 912 ἐν

668 955 810 1028 θήκῃ
870 951 1031 1025 τιμίᾳ
1085 952 1224 1027 πρὸς
1270 951 1364 1004 τὸν
1410 949 1652 1004 Γαλατᾶν
1710 950 1773 1004 τὸ
1831 948 2109 1023 λείψανον,
2169 948 2324 1003 κάκεῖ

667 1041 990 1118 προστάττει
1048 1045 1131 1112 τῷ
1187 1037 1410 1116 ἀδελφῷ
1459 1033 1913 1114 σεϐαστοκράτορι
1974 1038 2198 1093 ἐνθεῖναι
2252 1042 2321 1111 τῇ

669 1132 898 1210 σφετέρᾳ
951 1133 1128 1203 σκηνῇ
1176 1130 1276 1198 τὴν
1333 1130 1527 1199 θήκην,
1564 1126 1798 1191 πέπλοις
1837 1148 1895 1182 τε
1949 1132 2178 1203 χρυσοῖς
2234 1128 2321 1182 ὑπ’

668 1223 961 1294 ἀκοιμήτῳ
991 1219 1131 1298 φωτὶ
1164 1218 1403 1293 ἐχόμενα
1449 1223 1549 1286 τῆς
1582 1216 1788 1272 ἐκείνου
1829 1223 2119 1292 στρωμνῆς
2170 1217 2323 1280 θέντα

663 1315 831 1384 τιμᾷν
873 1314 990 1370 τοῖς
1040 1310 1436 1382 προσήκουσιν,
1479 1302 1582 1367 ἕως
1634 1305 1833 1369 ἐκεῖθεν
1885 1305 2319 1381 ἀναχωρούντων

663 1401 843 1454 αὐτῶν
889 1397 966 1460 είς
1000 1391 1312 1472 Σηλυϐρίαν
1353 1395 1584 1467 ἐντίμως
1632 1395 1722 1448 καὶ
1764 1393 2036 1468 λαμπρῶς
2091 1415 2321 1466 μετακο-

671 1488 918 1560 μίσαντες
1005 1485 1056 1540 ἐν
1124 1487 1195 1558 τῇ
1275 1489 1372 1539 τοῦ
1454 1490 1715 1556 Σωτῆρος
1782 1488 2089 1547 καταθεῖναι
2154 1487 2316 1557 μονῇ.

668 1578 908 1634 Ἐκεῖθεν
964 1575 1145 1631 τοίνυν
1197 1573 1677 1646 ἐπανακάμπτουσι
1736 1574 1874 1646 πρὸς
1918 1573 1979 1627 τὸ
2031 1572 2322 1650 Νύμφαιον

667 1667 998 1722 καθιστῶντο
1029 1663 1096 1720 τά
1138 1664 1276 1718 κατά
1328 1661 1499 1733 δόσιν,
1534 1659 1663 1738 ἄχρι
1715 1662 1804 1716 καὶ
1837 1659 2179 1735 Ὀρεστιάδος
2228 1665 2315 1717 καὶ

664 1756 728 1810 τὸ
778 1754 1025 1809 ἐπέκεινα
1079 1752 1469 1829 προφθασάσης
1512 1757 1612 1820 τῆς
1667 1750 1934 1824 βασιλέως
1988 1753 2180 1829 φήμης
2229 1753 2318 1806 καὶ

661 1841 1142 1912 καταστελλούσης
1171 1840 1235 1895 τὸ
1263 1841 1563 1915 ἀνορμοῦν,

660 1952 764 2026 κβ’.
816 1951 1005 2010 Ὅπως
1150 1944 1570 2026 πατριάρχεύων
1630 1946 1950 2026 Νικηφόρος
2041 1946 2130 2000 σὺν
2211 1949 2321 2019 ἅμα

939 2017 1156 2096 βασιλεῖ
1187 2012 1600 2090 καταλαμϐάνει
1622 2018 1684 2071 τὸ
1715 2012 2032 2095 Νύμφαιον,

737 2105 1168 2166 Καταλαϐόντων
1204 2105 1262 2162 δὶ
1293 2106 1385 2160 σὺν
1435 2103 1636 2177 πολλῷ
1681 2105 1841 2181 τάχει
1889 2109 1953 2162 τὸ
2010 2107 2319 2182 Νύμφαιον,

665 2203 693 2256 ὁ
725 2198 1148 2275 πατριάρχεύων
1203 2197 1376 2252 συνὼν
1432 2200 1513 2267 τῷ
1559 2199 1867 2269 κρατοῦντι,
1921 2195 2086 2253 ἐπεὶὸ
2119 2206 2318 2256 Θεσσα-

665 2291 893 2359 λονίκης
949 2287 1040 2342 καὶ
1100 2287 1128 2341 6
1177 2289 1284 2340 τῶν
1317 2281 1570 2357 Σάρδεων
1629 2289 1749 2346 τοῖς
1798 2281 2080 2356 δοξάζουσι
2142 2289 2317 2366 σφίσιν

663 2378 1014 2452 ἀμεταθέτως
1073 2371 1402 2448 ἐμμένοντες
1452 2370 1697 2427 ἐκποδὼν
1756 2373 1892 2442 ἦσαν
1944 2374 2318 2450 ἐξωρισμένοι,

661 2468 1014 2536 ἀντικαθιστᾷ
1063 2463 1273 2519 τούτων
1347 2462 1563 2536 ἐτέρους
1621 2466 1739 2524 ταῖς
1799 2462 2177 2534 Ἐκκλησίαις,
2229 2467 2318 2522 καὶ

656 2558 749 2612 τὸν
811 2557 906 2630 μὶν
957 2551 1222 2624 Κυδώνην
1273 2552 1604 2611 Ἰωαννίκιον
1656 2558 1756 2621 τῆς
1813 2557 1923 2608 τῶν
1981 2553 2317 2632 Σωσάνδρων

667 2654 842 2722 μονῆς
890 2648 976 2718 [Ρ.
1029 2647 1116 2715 82]
1148 2642 1474 2720 ἐξάρχοντα
1529 2640 1954 2715 Θεσσαλονίκης,
2001 2645 2091 2698 τὸν
2153 2643 2210 2700 δέ
2257 2667 2320 2720 γε

657 2735 908 2804 Χαλαζᾶν
966 2728 1232 2788 Ἰάκωϐον
1308 2730 1368 2786 ἐκ
1435 2729 1638 2792 δύσεως
1712 2733 2190 2806 προσχωρήσαντα
2241 2732 2320 2805 τῷ

665 2827 951 2899 κρατοῦντι
1019 2819 1269 2894 Σάρδεων
1334 2818 1735 2876 ἀποδείκνυσιν.
1790 2820 1926 2895 Εἶχε
1978 2818 2034 2875 δέ
2091 2821 2179 2876 καὶ
2241 2822 2315 2884 εἷς

663 2919 846 2993 ψῆφον
898 2911 1156 2986 Σμύρνης
1203 2910 1294 2966 τὸν
1344 2909 1544 2979 Ἰσαὰκ,
1577 2907 1744 2984 ἄνδρα
1790 2910 1880 2964 καὶ
1942 2909 2099 2964 αὑτὸν
2156 2931 2316 2986 γερα-

672 3056 815 3096 auro
847 3038 1087 3095 intextis
1107 3037 1272 3107 velis,
1307 3035 1650 3093 cantoribus
1695 3052 1930 3107 quoque
1988 3053 2053 3092 ac
2103 3037 2319 3108 princi-

671 3145 812 3202 pum
846 3144 962 3185 non
1011 3127 1214 3199 paucis
1261 3127 1467 3200 eodem
1520 3142 1583 3181 se
1640 3126 1904 3181 conferre
1945 3126 2154 3195 jussis,
2184 3143 2318 3182 cum

662 3220 853 3276 multo
891 3217 1114 3274 honore
1145 3233 1212 3272 ac
1245 3214 1541 3283 satellitio,
1575 3214 1823 3286 psalmis
1854 3219 1910 3270 et
1941 3215 2175 3288 hymnis
2197 3233 2320 3288 per-

661 3307 1034 3376 sonantibus,
1065 3307 1124 3361 in
1181 3305 1349 3361 theca
1405 3303 1660 3376 pretiosa
1707 3305 1918 3360 deferri
1976 3306 2201 3360 curavit
2258 3306 2315 3362 id

665 3414 880 3472 corpus
912 3396 972 3453 in
1004 3399 1202 3452 castra
1231 3395 1301 3450 ad
1330 3393 1616 3461 Galatam,
1650 3398 1708 3450 et
1737 3393 1817 3450 ibi
1850 3395 2013 3450 fratri
2073 3412 2182 3451 suo
2221 3413 2318 3452 se-

663 3485 1054 3545 hastocratori
1086 3478 1384 3541 mandavit
1433 3487 1498 3539 ut
1530 3484 1758 3539 thecam
1791 3499 1909 3555 qua
1941 3487 2066 3540 erat
2113 3486 2319 3541 condi-

661 3584 790 3636 tum
824 3577 883 3632 in
917 3573 1297 3632 tabernaculo
1331 3589 1437 3630 suo
1469 3576 1726 3629 servaret
1753 3572 1896 3629 velis
1930 3574 2124 3630 aureis
2156 3592 2317 3646 oper-

661 3673 809 3736 tam,
839 3669 896 3722 et
927 3664 1156 3721 facibus
1185 3664 1405 3720 circum
1455 3666 1630 3718 noctu
1681 3663 1901 3735 diuque
1956 3663 2315 3736 lucentibus,

663 3773 842 3829 prope
874 3771 1048 3812 suum
1073 3752 1263 3825 ipsius
1289 3757 1645 3822 stratum,eo
1677 3753 1791 3823 quo
1823 3769 1929 3824 par
1955 3757 2046 3808 est
2071 3753 2312 3816 honore.

664 3846 924 3902 haberet.
957 3844 1169 3916 Sicque
1198 3841 1317 3898 illic
1349 3841 1479 3909 fuit,
1512 3842 1704 3913 quoad
1740 3841 1912 3897 motis
1940 3841 2073 3898 inde
2105 3846 2316 3901 castris

663 3935 1002 3992 recedentes
1033 3932 1118 3987 illi
1151 3930 1472 4004 Selybriam
1524 3931 1828 3987 honoratis
1861 3948 1928 3986 ac
1988 3931 2315 4004 splendidis

661 4023 955 4096 exsequiis
985 4025 1317 4094 portarunt,
1351 4019 1451 4076 ubi
1484 4020 1816 4092 depositum
1851 4026 1940 4076 est
1969 4021 2028 4076 in
2059 4022 2314 4080 Salvato-

661 4114 743 4170 ris
773 4111 1154 4169 monasterio.
1189 4109 1332 4166 Hinc
1373 4110 1660 4166 ﬂexerunt
1690 4126 1894 4166 versus
1925 4113 2311 4184 Nymphaeum

660 4204 792 4271 iter,
825 4201 956 4258 utili
990 4199 1236 4256 consilio
1269 4199 1550 4272 pacandis
1573 4203 1798 4255 tractus
1821 4199 2056 4256 Occidui
2090 4203 2314 4258 tumul-

661 4293 823 4349 tibus
853 4308 867 4348 :
898 4307 1035 4348 nam
1071 4305 1384 4362 progressa
1414 4305 1602 4361 usque
1633 4288 1995 4345 Orestiadem
2044 4297 2101 4346 et
2158 4293 2315 4349 ultra

661 4381 976 4455 propinqui
1011 4384 1068 4435 et
1097 4380 1251 4436 I26
1284 4379 1452 4450 quasi
1515 4379 1882 4434 adventantis
1941 4380 2314 4451 imperatoris

659 4459 818 4528 fama
847 4469 1096 4526 multum
1138 4469 1322 4524 valuit
1371 4469 1441 4524 ad
1495 4469 1970 4540 comprimendos
2019 4471 2314 4543 inquietos

661 4567 856 4617 motus
883 4560 1118 4615 illarum
1152 4559 1445 4632 gentium.

655 4717 745 4770 22.
774 4716 837 4772 Ut
865 4713 1182 4786 patriarcha
1214 4711 1554 4786 Nz'cephorus
1597 4711 1776 4786 simul
1807 4729 1931 4768 cum
1977 4715 2312 4786 imperatore

1155 4784 1368 4840 venerit
1425 4785 1807 4856 Nymphaeum.

728 4922 870 4977 Cum
906 4923 1105 4976 autem
1140 4933 1354 4990 magna
1385 4917 1676 4972 celeritate
1707 4917 2088 4989 Nymphaeum
2118 4938 2311 4992 pervc.

658 5012 908 5078 nissent,
937 5008 1272 5081 patriarcha
1304 5008 1404 5079 qui
1431 5024 1564 5062 cum
1590 5008 1937 5078 imperatore
1963 5009 2139 5064 simul
2163 5017 2307 5080 erat,

653 5103 864 5158 videns
892 5097 1476 5156 Thessalonicensem
1505 5103 1560 5152 et
1597 5098 1939 5153 Sardensem
1969 5099 2025 5153 in
2051 5099 2174 5155 suis
2199 5102 2309 5171 pri-

652 5193 801 5248 vatis
833 5189 1129 5248 obtinatos
1160 5187 1470 5243 sententiis
1491 5191 1717 5242 amotos
1749 5203 1779 5241 e
1804 5187 1997 5243 medio
2019 5191 2306 5260 exsulare,

652 5281 966 5338 substituit
996 5278 1143 5350 ipsis
1185 5277 1333 5332 alios
1363 5276 1421 5330 in
1473 5276 1709 5331 illarum
1770 5293 1970 5332 curam
2022 5278 2306 5335 Ecclesia-

651 5387 802 5440 rum,
837 5374 893 5426 et
926 5369 1222 5441 Cydonem
1253 5366 1489 5438 quidem
1521 5365 1918 5431 Joannicium,
1952 5369 2307 5424 monasterio

652 5459 1086 5516 Sosandrorum
1120 5461 1292 5511 antea
1318 5456 1718 5528 praepositum,
1770 5455 2306 5527 Thessalonicensi,

651 5549 937 5606 Jacobnm
971 5562 1106 5602 vero
1138 5545 1471 5611 Chalazam,
1507 5545 1606 5617 qui
1641 5560 1710 5600 ex
1740 5544 2052 5601 Occidente
2109 5563 2306 5602 acces-

653 5643 814 5694 serat
863 5637 1314 5709 imperatorem,
1363 5635 1640 5690 Sardensi
1714 5636 1953 5708 praeficit
2002 5636 2304 5692 Ecclesiae.

653 5727 1117 5800 Elegeratetiam
1139 5723 1198 5779 in
1231 5725 1647 5796 Smyrnensem
1673 5724 2012 5798 episcopum
2045 5726 2304 5781 Isaacum

2433 595 2782 668 ὁρμώμενον.
2813 596 2972 652 Ἀλλ’
3005 597 3057 652 ἐν
3087 599 3335 672 τοσούτῳ
3364 607 3465 668 τῆς
3497 600 3704 654 ἐκείνου
3742 601 4094 677 χειροτονίας

2432 685 2617 759 φθάνει
2677 687 2854 740 πεσὼν
2912 685 2988 750 είς
3026 687 3184 741 νόσον
3227 689 3255 742 6
3294 688 3666 764 πατριάρχης,
3701 690 3789 743 καὶ
3849 711 4094 764 προτρο-

2431 777 2558 834 παῖς
2594 771 2756 838 ἰδίαις
2781 777 2816 844 ἢ
2853 777 2960 847 μὴν
2987 776 3076 829 καὶ
3108 780 3204 830 τοῦ
3265 777 3720 849 ἐξυπηρετοῦντος
3777 777 3922 850 αὐτῷ
3976 780 4096 850 (καὶ

2429 865 2593 915 τοῦτο
2638 869 2739 937 γαρ
2788 861 2999 938 λέγεται
3035 884 3046 896 ·
3082 864 3288 927 ἐκεῖνος
3334 867 3435 941 γὰρ
3480 867 3800 936 ἠναισθήτει
3850 868 3918 922 τά
3977 867 4100 922 λοί-

2431 961 2553 1012 σθια
2582 952 2840 1024 πνέων)ὁ
2898 953 2955 1007 ἐκ
3014 953 3412 1024 Θεσσαλονίκης
3469 957 3716 1026 Νικήτας
3767 956 4088 1033 Δυῤῥαχίου

2429 1046 2845 1114 χειροτονεῖται.
2899 1040 3049 1098 Ἀλλ’
3082 1043 3115 1111 ἠ
3167 1043 3327 1116 κυρία
3368 1042 3493 1097 τότε
3521 1048 3617 1098 τοῦ
3677 1046 3908 1107 θανάτου
3970 1045 4087 1122 ἐφίς

2431 1148 2614 1182 σταται
2645 1134 2724 1201 τῷ
2746 1131 3224 1206 πατριαρχεύοντι,
3260 1130 3349 1184 καὶ
3381 1133 3409 1185 6
3443 1131 3502 1186 ἐκ
3532 1135 3630 1200 τῆς
3684 1137 3782 1188 τοῦ
3837 1133 4098 1196 Πέλοπος

2429 1215 2486 1270 ἐκ
2515 1217 2825 1292 πριγκίπων
2881 1219 3124 1293 μοναχὸς
3168 1217 3479 1288 Θεοδόσιος,
3511 1221 3648 1294 ἀνὴρ
3710 1217 3952 1291 εὐλαϐὴς
4000 1223 4096 1276 καὶ

2429 1305 2517 1359 ἐπὶ
2550 1305 2830 1369 πλείστοις
2881 1307 3108 1383 χρόνοις
3149 1308 3412 1380 ἀσκήσας,
3446 1307 3524 1364 ἔτι
3579 1307 3636 1363 δὲ
3680 1311 3770 1364 καὶ
3813 1314 3913 1380 τήν
3961 1333 4098 1366 συν-

2429 1393 2610 1448 ουσίαν
2645 1393 2780 1463 ἡδὺς
2819 1398 2908 1450 καί
2941 1397 3151 1471 χαρίεις
3207 1397 3297 1450 καὶ
3357 1396 3614 1459 ποίκίλος
3673 1400 3774 1466 τήν
3831 1398 4095 1472 ὁμιλίαν,

2430 1483 2502 1544 ὠς
2554 1484 2718 1556 μόνον
2773 1484 2975 1539 ἐκεῖνον
3037 1483 3224 1539 ἰδόντα
3251 1487 3392 1556 τινὰ,
3427 1484 3525 1540 κᾶν
3584 1487 3649 1540 τά
3701 1486 3928 1561 μέγιστα
3989 1489 4096 1544 λυ-

2427 1577 2612 1643 ποῖτο,
2647 1579 2822 1646 χαρᾶς
2851 1573 3106 1646 ἔμπλεων
3133 1573 3525 1646 ἀπαλλάττειν,
3559 1576 3650 1629 καὶ
3700 1577 3774 1638 ὡς
3836 1577 3891 1630 εὖ
3944 1575 4103 1652 ἔχων

2426 1665 2522 1715 τοῦ
2575 1663 2763 1735 γένους
2819 1668 2961 1726 θεῖος
3012 1667 3109 1717 τοῦ
3161 1668 3488 1737 κρατοῦντος
3529 1665 4090 1738 ὀνομαζόμενος,τ·ὶ,ν

2429 1750 2745 1823 οἰκονομίαν
2798 1756 2896 1805 τοῦ
2941 1751 3065 1806 ὅσον
3131 1751 3284 1806 οὔπω
3337 1753 3734 1825 τεθνηξομένου
3785 1756 3933 1828 παρά
3990 1761 4095 1810 τοῦ

2428 1836 2654 1901 ἄνακτος
2687 1839 3053 1914 ἐπιτρέπεται,
3087 1840 3202 1894 ἐπεί
3233 1840 3318 1894 τοί
3349 1862 3411 1915 γε
3440 1842 3529 1894 καὶ
3561 1845 3844 1916 χρήμασιν
3880 1842 4093 1898 ἐπλού-

2431 1948 2510 1981 τει
2569 1927 2628 1982 ἐκ
2673 1936 2772 1998 τῆς
2807 1930 3034 2006 Ἐφέσου
3097 1927 3357 1992 πολλοῖς.
3408 1928 3546 1985 Τότε
3602 1935 3731 2004 γοῦν
3792 1929 3938 2001 νύξαι
3991 1933 4090 1987 τὸν

2431 2016 2676 2088 κείμενον
2708 2016 2924 2091 λέγεται
2953 2019 3044 2072 τὸν
3077 2018 3392 2092 ἐπίτροπον,
3427 2015 3480 2071 εἶ’
3504 2039 3620 2080 πως
3665 2020 3877 2092 αἱροῖτο
3926 2019 4092 2074 ἐπεν-

2434 2104 2654 2175 δυθῆναι
2681 2107 2745 2161 τὰ
2774 2112 3034 2182 μοναχῶν
3072 2129 3083 2139 ·
3119 2108 3147 2162 ὁ
3180 2105 3237 2161 δέ
3287 2107 3396 2181 οὐχ
3453 2106 3601 2168 ὅπως
3661 2107 3904 2179 ἐπείσθη,
3938 2109 4096 2164 ἀλλὰ

2432 2197 2520 2250 καὶ
2575 2197 2784 2271 βαρέως
2837 2200 2938 2266 τὴν
2996 2197 3304 2269 ὑπόμνησιν
3360 2195 3582 2272 ἤνεγκεν
3633 2199 3706 2260 ὡς
3763 2200 4092 2270 τεθνηξείων

2431 2285 2739 2361 ἀρχιερεύς.
2774 2287 2877 2342 Καὶ
2926 2284 2992 2354 δὴ
3054 2287 3103 2358 ἐξ
3155 2285 3453 2358 ἀνθρώπων
3514 2287 3810 2362 γεγονότος
3865 2289 3939 2350 ὡς
3997 2290 4098 2342 τά·

2432 2394 2555 2448 χος,
2588 2377 2614 2428 ὁ
2666 2375 2856 2450 νεκρὸς
2911 2375 3116 2430 ἐκείνου
3172 2373 3547 2449 διακομίζεται
3605 2378 3743 2451 πρὸς
3799 2379 4100 2454 τήνἘφε-

2430 2484 2543 2534 σον,
2576 2464 2672 2517 κάν
2703 2468 2772 2536 τῇ
2819 2463 3162 2537 μητροπόλει
3211 2469 3292 2536 τῷ
3339 2466 3497 2542 τάφῳ
3547 2462 3776 2534 δίδοται,
3809 2465 3949 2538 ἀνὴρ
4002 2468 4104 2521 τὸν

2435 2553 2550 2627 βίον
2619 2554 2712 2624 μὶν
2764 2548 3021 2629 φοϐερὸς,
3073 2552 3493 2624 ἀκατάπληκτος
3551 2551 3607 2608 δὲ
3665 2560 3782 2616 τοῖς
3834 2552 4108 2630 ἄρχουσι,

2433 2644 2542 2694 τῶν
2606 2638 2662 2695 δέ
2712 2662 2770 2715 γε
2830 2637 3076 2716 φοϐερῶν
3133 2643 3468 2717 ὑπερόπτης,
3520 2645 3656 2697 κατά
3714 2643 3912 2718 ἀρετὴν
3972 2666 4106 2700 παι-

2435 2728 2610 2794 διόθεν
2646 2732 2899 2800 συνήθης,
2933 2727 3088 2802 δόξας
3119 2728 3176 2785 δὶ
3203 2730 3326 2786 τότε
3355 2737 3475 2795 τοῖς
3520 2729 3756 2794 πολλοῖς
3815 2733 4041 2809 ἐπαχθή
4059 2758 4108 2806 ς,

2433 2819 2494 2874 οὑ
2551 2817 2639 2873 διὰ
2685 2821 2782 2888 τήν
2848 2821 3128 2893 μετάθεσιν
3174 2820 3332 2875 τόσον
3386 2821 3512 2877 ὅσον
3545 2823 3605 2876 τὸ
3639 2827 3838 2892 ζῶντος
3899 2846 4106 2899 πατρι-

2430 2907 2609 2984 ἄρχου
2641 2908 2868 2984 γνησίου
2897 2908 3058 2964 κὺτὸν
3095 2909 3490 2984 μετατίθεσθαι.

2430 3036 2620 3092 virum
2654 3041 2710 3092 et
2737 3037 2931 3108 ipsum
2964 3036 3341 3104 honoratum,
3375 3039 3474 3110 qui
3507 3055 3536 3094 e
3579 3041 3942 3096 monasterio
3985 3043 4104 3098 Xe-

2431 3127 2739 3198 ropotami,
2795 3126 2906 3181 sito
2966 3127 3024 3181 in
3084 3127 3353 3197 partibus
3408 3127 3702 3193 Occiduis,
3767 3131 4098 3201 prodierat.

2433 3219 2543 3274 Sed
2571 3233 2703 3272 cum
2737 3222 2893 3272 esset
2923 3217 2980 3272 in
3005 3218 3309 3289 procinctu
3344 3218 3414 3272 ad
3448 3218 3603 3274 hunc
3657 3219 4099 3287 ordinandum,

2433 3305 2716 3361 inciditin
2767 3304 3038 3360 morbum
3099 3306 3456 3377 patriarcha,
3516 3308 3685 3378 cujus
3739 3309 3994 3365 consilio
4028 3328 4096 3365 ac

2426 3396 2748 3464 voluntate,
2771 3394 2859 3450 vel
2885 3395 3078 3467 potius
3110 3395 3367 3451 ministri
3395 3397 3524 3466 ejus
3552 3398 3710 3468 (nam
3743 3403 3801 3454 et
3833 3399 3948 3455 hoc
4000 3387 4094 3457 di-

2427 3486 2602 3554 citur)
2617 3487 2880 3554 cumjam
2901 3485 3022 3554 ipse
3037 3485 3348 3540 destitutus
3363 3485 3556 3540 officio
3585 3502 3871 3542 sensuum
3889 3497 4101 3560 ageret

2427 3575 2710 3640 animam,
2747 3573 3288 3630 Thessalonicensis
3318 3573 3547 3630 Nicetes
3575 3576 3630 3630 in
3655 3575 4098 3648 Dyrrhachien-

2427 3683 2550 3723 sem
2578 3669 2882 3736 promotus
2914 3664 3324 3720 estthronum.
3386 3665 3673 3720 Caeterum
3733 3667 4091 3736 patriarchae

2425 3755 2742 3812 constituta
2773 3754 2942 3809 morti
2975 3753 3098 3809 dies
3158 3752 3450 3822 illuxerat,
3509 3759 3567 3810 et
3622 3754 4093 3826 Peloponnesios

2427 3846 2750 3902 monachus
2776 3859 2845 3899 ex
2902 3843 3235 3915 principum
3288 3843 3366 3898 ibi
3400 3843 3836 3900 dominantium
3897 3847 4094 3920 stirpe

2425 3934 2812 4000 Theodosius,
2845 3933 2932 3987 vir
2962 3933 3116 4004 pius,
3149 3933 3370 4004 quique
3400 3933 3794 4004 exlongojam
3818 3940 4095 4008 tempore

2423 4024 2599 4079 vitam
2629 4021 2960 4093 religiosam
2988 4025 3324 4076 exercuerat
3346 4022 3773 4078 consuetudine
3793 4039 3934 4079 vero
3967 4031 4092 4081 tam

2425 4113 2575 4168 comi
2610 4127 2673 4166 ac
2697 4113 2879 4166 faceta
2895 4110 3556 4180 varietatequejucundi
3579 4113 3868 4168 sermonis
3890 4121 4092 4184 grata,

2426 4207 2489 4257 ut
2509 4201 2701 4272 quivis
2724 4200 3103 4272 quantumvis
3128 4203 3374 4254 moestus
3397 4215 3464 4254 eo
3496 4199 3617 4254 viso
3649 4201 4094 4259 exhilaratuset

2430 4291 2695 4363 gaudens
2730 4289 2917 4344 abiret
2948 4294 3226 4360 praeterea
3259 4289 3630 4344 nobilissimo
3660 4306 3892 4361 genere,
3928 4292 4097 4348 itaut

2423 4387 2669 4454 patruus
2684 4380 2760 4433 im
2773 4379 3053 4451 peratoris
3069 4380 3551 4434 nominareturad
3564 4381 3981 4438 ministrandis
4001 4385 4099 4440 bo-

2426 4475 2519 4529 nis
2535 4475 2679 4529 I21
2703 4472 3035 4527 moribundi
3055 4472 3400 4543 patriarcha:
3429 4474 4090 4543 przedivitis,utdictum

2425 4569 2532 4632 est,
2558 4561 3044 4634 pecuniaEpheso
3069 4565 3318 4632 portata,
3345 4563 3692 4632 prazpositus
3717 4562 3790 4617 ab
3819 4566 4092 4636 Augusto

2421 4657 2529 4708 est.
2565 4653 2666 4706 Hic
2701 4651 3073 4722 languentem
3108 4667 3228 4705 suae
3251 4667 3399 4705 cura:
3422 4652 3806 4706 commissum
3832 4657 4094 4712 tentavit

2421 4743 2627 4813 ecquid
2660 4741 2833 4797 vellet
2865 4740 3133 4796 monachi
3164 4745 3381 4796 vestem
3415 4741 3678 4798 induere.
3703 4745 3773 4797 At
3800 4742 3900 4798 ille
3936 4747 4092 4801 adeo

2422 4849 2534 4887 non
2568 4835 2658 4886 est
2688 4847 2988 4899 assensus,
3025 4834 3086 4884 ut
3115 4832 3290 4886 etiam
3325 4831 3502 4885 istam
3550 4832 3920 4888 mentionem
3957 4851 4093 4890 mo-

2421 4921 2564 4976 leste
2594 4919 2811 4989 tulerit,
2836 4922 3150 4975 ostendens
3167 4921 3482 4975 seomnino
3505 4921 3649 4975 velle
3681 4922 4092 4993 patriarcham

2423 5011 2592 5066 mori.
2628 5010 2802 5065 Porro
2834 5009 3357 5079 hujus,postquam
3386 5009 3662 5080 migravit
3683 5027 3751 5064 ex
3768 5011 4090 5086 humanis,

2421 5117 2632 5173 corpus
2665 5099 2929 5154 celeriter
2959 5100 3326 5169 deportatum
3381 5099 3675 5170 Ephesum
3738 5099 3859 5156 illic
3923 5107 4090 5174 apud

2420 5190 2934 5260 metropolitanum
2969 5187 3256 5259 templum
3292 5188 3608 5260 sepultum
3657 5190 3938 5247 traditur.
3982 5193 4095 5249 Vir

2421 5281 2533 5334 fuit
2562 5280 2680 5334 vita
2703 5294 2960 5347 severus,
2996 5277 3328 5347 intrepidus
3376 5277 3433 5330 in
3466 5278 3756 5333 obstando
3791 5279 4092 5352 principi-

2420 5370 2552 5436 bus,
2586 5366 2981 5439 periculorum
3017 5366 3433 5437 minarumque
3455 5372 3846 5437 eontemptor,
3874 5371 4090 5427 virtuti

2419 5477 2451 5514 a
2483 5461 2970 5530 pueroassuetus,
2994 5456 3362 5510 visusautem
3379 5461 3503 5510 tum
3538 5456 3742 5511 multis
3773 5458 4092 5517 instrusus

2417 5550 2475 5604 in
2510 5546 2956 5620 patriarcbalem
2991 5544 3289 5611 thronum,
3326 5561 3438 5599 non
3486 5549 3604 5600 tam
3639 5545 3791 5614 quod
3822 5548 4092 5604 lransla-

2419 5646 2510 5692 tus
2541 5653 2610 5691 ex
2641 5635 2933 5705 Ephesina
2965 5633 3122 5700 sede,
3155 5649 3327 5701 quam
3361 5634 3514 5704 quod
3565 5633 3829 5704 legitimo
3881 5635 4090 5693 adhuc

2417 5727 2646 5781 vivente
2674 5723 3005 5796 patriarcha
3033 5721 3356 5778 translatus
3391 5723 3618 5781 fuisset.
