4258 6438
183 390 288 445 565

1248 394 1345 448 DE
1385 393 1756 450 MICHAELE
1795 394 2242 452 PALBOLOGO
2278 397 2410 454 LIB.
2454 399 2523 454 II.

3487 401 3594 455 566

178 521 278 589 κγ⁴.
339 512 531 574 ’Όπως
585 514 612 568 6
677 511 931 586 βασιλεὺς
980 514 1090 596 Ᾱτόν
1167 516 1284 570 νέον
1362 511 1617 586 Ἰωᾶννην
1694 516 1824 570 ἀπε·
1857 519 1910 586 Α
1942 517 2030 571 καὶ
2092 517 2381 591 ἐμελῴδει,
2416 518 2596 576 οὐδενὶ
2655 518 2701 576 δ’
2758 519 2948 594 ἔθελγε
3003 522 3064 575 τὸ
3116 524 3386 596 παράπαν.
3433 523 3593 580 Ἀλλ’

839 586 1155 641 σκευᾶσατο.

247 694 304 745 Ὀ
338 691 523 764 μέντοι
556 712 618 766 γε
653 689 906 765 βασιλεὺς
937 690 1068 746 ὅσον
1100 693 1218 768 εἶχε
1245 692 1334 749 διὰ
1363 696 1595 770 γνώμης
1617 714 1830 767 κατωρ-

179 780 392 850 Θωκὼς,
429 778 664 853 μηδενὸς
699 780 1150 856 ἀντιπράττοντος
1181 784 1262 855 (τὸ
1313 784 1418 859 γὰρ
1449 781 1667 838 παιδίον
1717 785 1832 838 κατ’

181 868 370 944 ὀλίγον
405 869 742 946 παρέρῥιπτο
782 870 871 924 καὶ
919 871 1132 940 ἠσθένει
1178 872 1314 947 πρὸς
1361 873 1463 940 τὴν
1517 874 1718 947 ἀρχὴν,
1755 873 1828 934 ὡς

177 957 265 1012 καὶ
297 959 438 1014 αὐτᾶ
468 956 534 1028 δὴ
562 960 629 1013 τα
658 964 758 1028 τῆς
795 956 1070 1032 βασιλείας
1121 955 1377 1032 σύμϐολα
1425 959 1598 1036 ἄχθος
1649 961 1827 1037 φέρειν

177 1050 330 1104 κενόν
363 1070 376 1083 ο
409 1049 607 1123 ὥριστο
640 1050 742 1124 γὰρ
787 1051 875 1103 καί
933 1054 1101 1105 ταῦτα
1158 1046 1502 1124 ἀποϐαλεῖν),
1535 1050 1623 1107 διὰ
1672 1057 1828 1108 τοῦτο

176 1137 226 1192 ἐν
291 1139 608 1213 ἁνακωχαῖς
664 1139 730 1207 ἦν
785 1140 872 1192 καὶ
925 1137 1249 1215 έτρύφα,τῇ
1277 1141 1386 1194 τῶν
1415 1146 1686 1216 γυναικῶν
1744 1142 1833 1196 αύ-

174 1227 462 1306 ταδὲλφων
521 1227 778 1304 θεραπείᾳ
821 1229 1222 1303 θρυπτόμενος,
1278 1232 1364 1291 αἷς
1420 1231 1511 1285 καὶ
1558 1232 1634 1295 εἷς
1677 1233 1832 1287 πάντ’

181 1318 415 1393 ἐχρῆτο,
461 1321 530 1391 τῇ
579 1319 672 1390 μὶν
725 1319 925 1391 Μάρθα
977 1318 1053 1380 ὡς
1101 1318 1247 1390 αὐτῷ
1292 1319 1514 1393 φανείσῃ
1543 1322 1677 1375 κατὰ
1724 1343 1832 1393 μη-

172 1407 303 1480 τέρα
359 1409 450 1462 καί
507 1409 625 1462 κατ’
658 1408 802 1461 οἶκον
864 1409 945 1479 [Ρ.
986 1407 1080 1481 83]
1137 1408 1428 1482 ἀναγούσῃ,
1476 1407 1554 1480 τῷ
1605 1408 1831 1483 μεγάλῳ

175 1495 487 1570 δομεστίκῳ
516 1497 593 1559 εἰς
628 1499 908 1571 ὁμοζυγον
933 1494 1092 1571 οὔσῃ,
1122 1495 1339 1553 πολλοῦ
1385 1519 1530 1561 τινος
1582 1499 1831 1572 τιμωμέ-

172 1609 251 1658 νῳ
281 1591 361 1658 τῷ
418 1585 633 1661 βασιλεὶ
687 1586 737 1658 (6
777 1584 1107 1660 περίπυστος
1148 1583 1193 1640 δ’
1237 1586 1303 1654 ἢν
1350 1585 1555 1648 ἐκεῖνος
1604 1591 1830 1663 Ταρχα-

171 1676 449 1746 νειώτης),
481 1679 551 1748 τῇ
586 1672 633 1729 δ’
665 1672 908 1749 Εὐλογίᾳ
939 1673 1012 1736 ὠς
1061 1675 1150 1728 καὶ
1201 1674 1338 1748 αὐτῇ
1391 1674 1574 1738 καλῶς
1627 1676 1832 1752 ἐχούσῃ

167 1760 267 1819 τοῖ’)
297 1763 468 1834 ἤθους
496 1763 586 1818 καὶ
618 1763 786 1819 πλέον
818 1765 853 1834 ἢ
891 1761 1068 1834 ἐκείνη
1121 1759 1500 1838 τυρϐαζομένῃ
1550 1767 1684 1838 πρὸς
1731 1767 1829 1841 βα-

1941 605 2065 660 δταν
2123 607 2390 680 μεμυκόσι
2436 607 2678 684 χείλεσιν
2723 611 3158 684 ὑποκοριζομένη
3211 612 3271 665 τὸ
3321 613 3443 686 περὶ
3493 615 3593 681 τὴν

1939 692 2103 748 πόλιν
2157 693 2354 769 διεξῄει
2389 698 2472 768 (ἦν
2524 695 2581 752 δὶ
2627 699 2688 753 τὸ
2733 698 3024 772 λεγόμενον
3057 700 3130 759 ὡς
3185 698 3302 772 εὖγε
3356 704 3435 770 τῷ
3488 701 3590 774 βα-

1941 783 2087 838 σιλεῖ
2140 792 2239 854 τῆς
2269 785 2504 857 πόλεως,
2536 787 2625 841 καὶ
2680 789 2755 850 ὡς
2808 788 2945 842 κατὰ
2987 790 3222 862 χρυσέαν
3273 788 3453 859 πύλην
3484 789 3590 843 εἷσ-

1942 871 2118 936 ελθεῖν
2174 871 2396 946 μέλλοι,
2448 876 2536 929 καὶ
2587 877 2659 938 ὡς
2703 878 2763 931 τὸ
2813 877 2902 931 καὶ
2945 877 3010 932 τὸ
3058 875 3230 931 ἐκεῖσε
3282 877 3589 953 μεγαλυνό-

1945 982 2106 1034 μενος
2183 961 2555 1036 ἐκτελέσειεν),
2605 963 2797 1020 αὐτίκα
2852 965 3066 1026 τούτοις
3125 965 3302 1038 ὥσπερ
3363 970 3584 1041 Σειρῆσι

1937 1052 2002 1106 τὸ
2060 1049 2277 1105 παιδίον
2325 1051 2650 1126 θελγόμενον
2701 1055 2977 1127 κατεσὶγα,
3027 1053 3115 1107 καί
3158 1075 3274 1116 πως
3325 1054 3586 1124 μαλακῶς

1938 1138 2028 1194 καὶ
2059 1137 2237 1208 ἡδέως
2265 1141 2694 1211 κατεκοιμίζετο.
2727 1141 2909 1203 Οὕτως
2962 1143 3095 1210 ἦσαν
3156 1143 3208 1195 αἱ
3258 1141 3585 1219 αὐτάδελιραι

1938 1232 2019 1298 τῷ
2051 1226 2266 1301 βασιλεῖ
2294 1229 2382 1283 καὶ
2414 1228 2583 1284 πάλαι
2621 1231 2714 1302 μὶν
2749 1231 2826 1292 εἷς
2869 1234 3210 1302 προμήθειαν
3262 1232 3362 1299 τήν
3410 1253 3586 1305 προσ-

1940 1318 2200 1386 ἤκουσαν,
2232 1318 2320 1372 καὶ
2369 1318 2490 1373 τότε
2539 1317 2596 1374 δὲ
2636 1318 3022 1394 πολυωροῦσαί
3072 1341 3128 1373 τε
3175 1320 3264 1373 καὶ
3322 1318 3584 1390 κηδεύου-

1940 1426 2048 1473 σαι,
2094 1406 2180 1480 ὑφ’
2211 1409 2295 1467 αῖς
2339 1406 2694 1482 λιπαρούσαις
2738 1409 2830 1480 μὶν
2883 1406 3070 1462 πολλὰ
3109 1429 3249 1462 τισιν
3300 1409 3377 1469 εἰς
3435 1410 3586 1481 εὐερ-

1939 1495 2121 1569 γεσίας
2188 1493 2436 1569 ἔπραττε,
2487 1492 2990 1568 συμϐουλευούσαις
3059 1495 3114 1551 δὲ
3174 1503 3437 1571 προσεῖχε
3495 1499 3583 1551 καὶ

1941 1585 2292 1658 συγχατήνυε.
2353 1583 2573 1658 Λέγεται
2634 1583 2690 1639 δὲ
2756 1585 2845 1639 καὶ
2914 1586 2986 1646 ὡς
3044 1584 3220 1659 βουλῇ
3279 1591 3446 1662 σφῶν,
3497 1588 3583 1639 καὶ

1944 1669 2155 1740 μᾶλλον
2206 1677 2305 1738 τῆς
2366 1669 2633 1746 Εὐλογίας
2681 1673 2901 1743 (θατέρα
2930 1672 3029 1746 γὰρ
3079 1672 3202 1746 περὶ
3260 1672 3585 1726 τὰπλεῖστα

1943 1757 2327 1832 μαλακώτερον
2396 1761 2589 1833 εἶχαν),
2652 1758 2947 1815 ἰδιωτεύειν
3025 1761 3116 1814 τὸν
3175 1762 3426 1829 Ἰωάννην
3503 1762 3585 1814 α’ῑ-

171 1852 348 1923 σιλέα,
383 1855 486 1909 οὐκ
516 1850 637 1909 οἶδα
667 1849 725 1908 δὲ
757 1851 803 1906 εί
833 1851 922 1906 καὶ
955 1853 1016 1906 τὸ
1070 1850 1362 1907 ὑποτείνειν
1413 1851 1639 1916 ἐλπίδας
1685 1873 1826 1930 χρη.
1863 1888 1908 1953 Β
1941 1852 2113 1922 ροῖτο.

172 1943 301 2003 στὰς
331 1941 421 1997 έπὶ
447 1945 514 2014 τῇ
549 1936 927 2016 μεγαλοπόλει
969 1945 1053 2011 τῷ
1105 1938 1322 2016 βασιλεῖ
1372 1940 1447 2004 ὠς
1487 1942 1699 2013 ταύτην
1745 1945 1832 1997 αὶ-

170 2034 397 2106 ρήσοντι
445 2030 505 2085 ἐκ
548 2030 845 2104 μορσίμου.
880 2030 960 2087 Τὸ
1011 2027 1069 2085 δὲ
1117 2031 1412 2105 μόρσιμον,
1466 2032 1598 2103 μεθὸ
1653 2033 1745 2105 μὲν
1794 2036 1828 2102 ἡ

169 2118 337 2182 πόλις
369 2119 542 2188 ἑάλω,
577 2118 754 2188 ἐκείνη
787 2123 967 2194 τρανῷ
1014 2116 1263 2193 διηγεῖτο
1311 2120 1539 2192 στόματι
1587 2121 1675 2175 καθ
1709 2122 1834 2176 ἀπε-

169 2209 417 2281 θαύμαζε
447 2207 701 2284 λέγουσα,
735 2203 843 2263 ἔδει
878 2204 1049 2262 δὲκαὶ
1090 2210 1190 2277 τήν
1243 2210 1349 2282 πρὸ
1408 2213 1505 2264 τοῦ
1566 2209 1826 2283 Αέγουσαν

172 2298 406 2374 Θέλγειν.
437 2300 508 2353 Τὸ
540 2296 597 2353 δὶ
625 2299 718 2370 ἦν,
749 2299 822 2360 ὠς
861 2297 1310 2371 κατακοιμίζοιτο
1366 2301 1462 2372 μὶν
1510 2299 1539 2355 6
1574 2298 1825 2375 βασιλεὺς

171 2388 274 2441 ὑπὸ
324 2388 512 2457 τίτθης
580 2386 778 2462 βρέφος
855 2385 906 2440 έν
985 2385 1156 2459 Αίκνῳ
1227 2388 1384 2458 ποτὲ,
1439 2387 1713 2449 πολλάκις
1775 2385 1826 2442 δ’

168 2477 421 2552 ἠγρίαινέ
473 2497 532 2531 τε
580 2477 670 2532 καὶ
742 2476 1144 2554 ἐκλαυθμύριζε
1219 2479 1310 2533 τὸν
1375 2478 1542 2534 ὕπνον
1594 2476 1822 2534 ἀποδιο-

170 2565 594 2639 πομπούμενον,
628 2565 745 2621 ἐπεὶ
778 2563 823 2621 δ’
855 2565 1062 2636 ἐκείνην
1106 2561 1212 2622 ἔδει
1262 2568 1368 2622 τινὶ
1431 2567 1584 2641 μέλει
1626 2566 1716 2623 διὰ
1765 2567 1825 2622 τὸ

168 2657 454 2733 ἀγριαῖνον
502 2659 812 2732 κατασιγῷθ,
841 2653 1029 2710 πολΑᾶ
1079 2656 1173 2729 μὲν
1225 2655 1282 2711 ἰκ
1324 2655 1557 2730 μελέτης
1615 2661 1824 2732 συνεῖρε

213 2876 306 2930 23.
346 2877 415 2933 Ut
437 2877 746 2946 imperator
769 2888 1012 2945 puerum
1031 2875 1296 2931 Joannem
1325 2874 1775 2931 azauctoraverit

241 2964 651 3020 Succedebant
683 2980 854 3036 porro
884 2963 1224 3034 imperatori
1245 2964 1545 3035 negotium
1570 2963 1827 3019 trahenti

177 3055 248 3110 ad
283 3070 346 3110 se
379 3054 436 3109 in
459 3053 716 3110 solidum
741 3052 1224 3125 imperii,resque
1257 3053 1492 3109 nemine
1515 3054 1642 3124 jam
1660 3053 1827 3123 quid-

173 3159 355 3216 quam
387 3146 592 3200 contra
615 3141 889 3198 moliente
923 3142 1296 3212 procedebat.
1322 3143 1472 3198 Puer
1500 3141 1657 3199 enim
1685 3159 1829 3214 pau-

167 3233 336 3288 latim
384 3232 802 3288 removebatur
857 3230 1214 3303 principatu,
1278 3248 1383 3288 nec
1438 3233 1558 3302 iam
1607 3231 1719 3288 nisi
1750 3237 1828 3287 te-
1860 3272 1903 3339 Ε

169 3338 351 3378 nuem
384 3325 444 3377 et
472 3321 782 3378 evanidam
813 3320 944 3391 ejus
977 3321 1232 3392 speciem
1264 3320 1540 3389 habebat,
1573 3320 1829 3393 insignia

165 3411 334 3484 regni
363 3414 608 3483 gestans
625 3409 722 3466 ille
745 3409 985 3481 quidem
1011 3409 1336 3476 adhuc,sed
1357 3413 1639 3481 tanquam
1663 3409 1838 3465 inane

169 3500 566 3571 pondus;quae
582 3502 640 3554 et
661 3499 792 3569 ipsa
807 3497 860 3554 ei
886 3496 1336 3568 auferendajsm
1358 3497 1663 3554 decretum
1691 3501 1834 3552 erat.

168 3590 366 3654 Quare
399 3587 648 3644 Michael
682 3602 890 3643 securo
915 3587 1043 3658 jam
1075 3587 1381 3658 liberoque
1432 3586 1629 3643 animo
1682 3603 1743 3642 se
1776 3586 1836 3641 in

171 3680 438 3750 quietem
472 3676 834 3748 deliciasque
858 3675 1412 3748 relaxabat,prolixo
1435 3676 1495 3731 in
1519 3675 1611 3732 his
1641 3674 1835 3730 indul-

177 3767 466 3839 gentique
496 3766 858 3822 admittendo
892 3765 1222 3821 ministerio
1251 3781 1521 3822 sororum
1570 3764 1837 3821 certatim

176 3862 520 3930 Augustum
541 3855 785 3911 fratrem
809 3855 1107 3927 obsequiis
1123 3855 1314 3911 favore
1335 3853 1613 3912 mollibus
1635 3854 1842 3910 mulie-

173 3947 300 4004 ebri
334 3944 622 4002 sdulitate
643 3944 1064 4016 satagentium.
1085 3949 1264 4000 Porro
1294 3943 1392 3998 ille
1423 3959 1838 4016 germanarum

173 4051 354 4109 opera
389 4034 596 4090 nonin
639 4049 780 4090 cura
829 4031 1022 4089 solum
1084 4033 1367 4104 corporis,
1428 4033 1528 4088 sed
1587 4032 1647 4087 in
1708 4031 1839 4089 aliis

176 4142 343 4197 eque
376 4123 609 4180 cunctis
642 4122 941 4188 utebatur,
975 4120 1300 4193 plurimum
1334 4121 1572 4192 utrique
1600 4121 1837 4176 illarum

173 4218 238 4272 in
271 4214 437 4271 omni
470 4228 683 4285 genere
710 4212 900 4267 ﬁdens
929 4211 1340 4282 tribuensque,
1384 4210 1675 4266 Martham
1709 4211 1838 4284 qui-

177 4307 315 4362 dem
349 4303 551 4360 studio
586 4301 918 4372 ﬁduciaque
951 4300 1112 4356 filiali
1163 4299 1373 4357 solitus
1428 4300 1722 4371 amplecti,
1773 4318 1841 4356 ex

172 4410 293 4467 quo
327 4394 400 4449 ab
435 4409 503 4448 ea
534 4395 600 4447 ut
622 4395 812 4447 matre
843 4390 1130 4446 educatus
1173 4389 1588 4445 amantissime
1645 4389 1842 4445 fuerat

173 4484 438 4541 habente
462 4483 658 4553 ipsum
689 4495 892 4535 secum
925 4479 986 4535 in
1016 4479 1126 4533 viri
1161 4480 1253 4534 sui
1305 4480 1476 4534 domo
1510 4480 1710 4549 magni
1744 4480 1838 4534 do-

175 4571 519 4641 mestici,ab
549 4570 905 4641 imperatore
941 4573 1067 4623 tum
1097 4571 1378 4640 regnante
1410 4567 1597 4623 multo
1621 4568 1678 4622 in
1705 4584 1839 4640 pre-

1941 2005 2038 2062 κδ’.
2074 2007 2152 2065 Τὰ
2199 2009 2334 2063 κατὰ
2381 2009 2473 2063 τὸν
2526 2007 2782 2086 Χαλυφᾷν
2847 2009 2936 2086 καὶ
2987 2009 3111 2072 τοὺς
3162 2012 3389 2086 Πέρσας,
3439 2013 3586 2073 ὅπως

2427 2080 2704 2155 Τοχάροις
2734 2081 3096 2156 ὑπετάγησαν.

2008 2208 2312 2275 Τηνικαῦτα
2368 2204 2455 2258 καὶ
2513 2209 2621 2259 τῶν
2676 2206 2966 2280 Τοχάρων,
2998 2206 3089 2269 οὓς
3145 2209 3179 2276 ἡ
3235 2208 3389 2275 κοινὴ
3426 2210 3585 2265 Ἀτα-

1937 2295 2090 2366 ρίους
2149 2292 2298 2368 λέγει
2360 2295 2640 2364 συνήθεια,
2673 2291 2827 2364 δίκην
2880 2294 3287 2371 συρῥευσάντων
3347 2295 3583 2370 χειμάρ-

1939 2383 2035 2458 ῥου
2093 2384 2231 2437 κατὰ
2278 2380 2562 2456 Περσίδος,
2616 2384 2644 2437 6
2690 2385 2786 2456 μὲν
2854 2383 3108 2463 Χαλυφᾷς
3172 2390 3398 2460 χρυσοῖς
3457 2387 3585 2458 παρ’

1937 2471 2151 2526 ἐκείνων
2211 2471 2598 2546 ψωμιζόμενος
2675 2470 2951 2543 ἐτελεύτα,
3011 2473 3077 2527 οὐ
3158 2471 3370 2546 μᾶλλον
3451 2475 3585 2527 κατὰ

1939 2561 2124 2637 χρείαν
2159 2567 2372 2636 σφαγῆς
2401 2561 2435 2630 ἢ
2479 2562 2616 2616 κατά
2667 2560 2902 2636 χλεύην,
2934 2561 3007 2624 ὡς
3067 2561 3179 2633 ἐξὸν
3233 2562 3323 2616 τὸν
3385 2561 3585 2637 χρυσὸν

1936 2652 2142 2726 έκχέειν
2193 2651 2281 2704 καὶ
2329 2655 2474 2722 νικᾷν
2535 2650 2627 2705 τὸν
2689 2649 2911 2726 ἐχθρὸν,
2973 2653 3000 2706 6
3059 2649 3103 2706 δ’
3164 2652 3348 2726 ἠγάπα
3415 2650 3581 2707 πλέον

1933 2870 2116 2926 fuisse
2147 2869 2314 2924 illum
2347 2883 2500 2940 saepe
2531 2867 2958 2924 rabiosiuscule
2984 2867 3296 2939 querulum
3313 2871 3368 2923 et
3383 2869 3577 2924 somni

1936 2958 2285 3022 difficilis,se
2314 2973 2447 3012 vero
2477 2957 2699 3012 sororia
2729 2957 2972 3013 caritate
3012 2957 3340 3029 soporando
3380 2959 3585 3013 frater-

1940 3049 2071 3103 culo
2100 3048 2337 3103 dantem
2369 3061 2607 3118 operam
2668 3045 2884 3101 multas
2925 3051 2984 3101 et
3019 3045 3211 3100 varias
3250 3045 3482 3101 solitam
3521 3048 3591 3102 ad

1942 3153 2073 3192 eum
2106 3134 2564 3192 demulcendum
2598 3134 2902 3190 cantillare
2931 3135 3173 3201 naeniae,
3194 3135 3359 3189 nulla
3390 3151 3592 3191 earum

1947 3230 2188 3294 pacante
2220 3223 2691 3294 inquietudinem
2725 3222 2976 3295 pueruli,
3006 3224 3189 3278 donec
3222 3224 3593 3294 semiapertis

1942 3314 2124 3370 labris
2174 3314 2310 3368 data
2359 3329 2532 3384 opera
2575 3312 2910 3368 balbutiens
2969 3311 3259 3367 modulari
3319 3314 3593 3384 coepisset.

1941 3403 2301 3461 cantilenam
2330 3403 2400 3458 de
2432 3401 2576 3457 urbe
2600 3401 2781 3471 hujus
2802 3401 2921 3456 fere
2945 3401 3197 3458 formrezu
3222 3403 3381 3473 Euge
3403 3403 3588 3474 impe-

1944 3498 2104 3549 rator
2131 3492 2384 3560 urbis,in
2417 3508 2544 3547 eam
2579 3506 2758 3547 aurea
2787 3490 3081 3547 inveheris
3131 3495 3316 3562 porta,
3378 3507 3590 3563 resque

1945 3583 2051 3638 has
2083 3587 2140 3638 et
2161 3583 2268 3638 has
2291 3580 2466 3637 isthic
2490 3580 2832 3652 magnificas
2857 3580 3025 3650 plane
3057 3580 3340 3652 perficies.
3361 3583 3490 3636 »Ad
3523 3599 3591 3637 ea

1943 3672 2158 3742 quippe
2190 3670 2388 3726 statim
2411 3669 2588 3725 verba
2610 3668 2921 3741 puerulum
2947 3669 3107 3724 velut
3135 3669 3405 3725 Sirenum
3447 3687 3588 3742 quo-

1945 3762 2082 3816 dam
2116 3765 2289 3815 cantu
2323 3759 2633 3815 delinitum
2665 3758 2930 3826 siluisse,
2981 3758 3264 3830 mollique
3306 3775 3372 3813 ac
3425 3760 3593 3814 suavi

1946 3850 2239 3923 quievisse
2271 3847 2688 3905 somno.TaIes
2719 3851 2776 3902 et
2805 3847 2887 3902 sic
2918 3846 2977 3902 in
3009 3847 3207 3919 ipsum
3239 3848 3454 3904 affecta
3479 3848 3596 3903 im-

1946 3940 2230 4012 peratoris
2253 3953 2484 3994 sorores
2515 3941 2701 4008 erant;
2735 3953 2862 4008 quae
2894 3941 2952 3992 et
3007 3936 3203 4009 ipsum
3264 3936 3426 4008 olim,
3459 3954 3594 3994 cum

1945 4031 2073 4099 ejus
2104 4028 2192 4084 vel
2219 4032 2356 4083 setas
2387 4027 2476 4083 vel
2537 4027 2771 4082 fortuna
2829 4026 3093 4096 ipsarum
3152 4025 3369 4082 auxilio
3433 4028 3596 4099 eguit

1946 4117 2140 4174 studio
2165 4134 2230 4173 ac
2261 4116 2501 4172 caritate
2533 4115 3052 4188 providentissime
3070 4116 3350 4171 fovissent
3370 4121 3596 4172 etnunc

1946 4207 2210 4278 ejusdem
2233 4205 2581 4276 imperantis
2604 4203 2901 4259 securitati
2928 4220 2992 4259 ac
3025 4204 3450 4259 conversationi
3471 4220 3596 4276 per-

1945 4296 2102 4366 vigili
2137 4311 2278 4350 cura
2303 4293 2742 4365 prospicerent;
2794 4309 3041 4364 quarum
3088 4293 3596 4349 commendatione

1946 4401 2012 4440 ac
2045 4384 2316 4456 precibus
2348 4382 2535 4437 multa
2565 4381 2623 4436 in
2656 4384 2944 4453 quosdam
2988 4382 3271 4437 beneficia
3325 4382 3594 4453 contulit,

1946 4474 2192 4530 consilia
2249 4489 2383 4528 vero
2437 4487 2639 4528 earum
2695 4475 2750 4526 et
2807 4471 3055 4526 libenter
3102 4471 3329 4526 audivit
3373 4476 3429 4526 et
3481 4471 3598 4543 ple-

1948 4579 2197 4633 rumque
2229 4566 2468 4617 secutus
2498 4567 2607 4630 est,
2642 4560 2867 4616 Dicitur
2907 4560 3083 4615 etiam
3117 4560 3327 4615 harum
3390 4576 3597 4633 sugge-

173 4664 256 4720 tio
288 4660 722 4718 habitiJ-‘uerat
744 4659 792 4713 is
815 4657 1070 4730 inclytus
1091 4657 1190 4712 ille
1211 4657 1621 4713 Tarchaniota.
1648 4657 1841 4714 Altera
1870 4649 1918 4712 D
1949 4653 2140 4708 stione
2171 4653 2322 4708 129
2376 4652 2676 4717 inductus,
2711 4651 2963 4706 maxime
2993 4654 3189 4705 autem
3221 4649 3473 4722 Eulogiaa
3509 4651 3592 4722 (in

176 4757 308 4810 erat
337 4754 382 4807 ‘I
394 4749 495 4807 28
508 4764 791 4822 germana
807 4746 1181 4819 imperatoris
1196 4744 1839 4817 Eulogia,suavissimis

176 4849 235 4900 et
267 4844 402 4914 ipsa
424 4836 1207 4909 moribus,frequentiusque
1223 4834 1397 4892 solita
1420 4836 1562 4892 itare
1596 4837 1664 4891 ad
1689 4838 1841 4908 prin-

177 4933 375 5004 cipem
411 4930 646 4985 fratrem
678 4942 925 4998 seseque
973 4925 1308 4982 immiscere
1360 4925 1635 4997 negotiis,
1682 4926 1838 4983 haud

175 5021 304 5078 scio
338 5035 414 5075 an
449 5033 565 5074 non
589 5017 641 5072 ei
675 5014 1047 5088 peculiariter
1067 5015 1360 5085 jucunda,
1392 5015 1544 5085 quod
1580 5016 1840 5088 augurio

173 5109 291 5181 ipsi
327 5123 610 5180 prospero
645 5103 1151 5176 recuperationem
1185 5119 1416 5175 magna:
1464 5103 1627 5159 urbis
1677 5104 1840 5161 fratri

178 5198 556 5255 ominaretur
586 5199 653 5251 ut
680 5194 801 5250 fato
828 5193 1107 5249 debitam.
1144 5192 1308 5248 Unde
1348 5197 1545 5248 autem
1595 5194 1654 5248 in
1711 5211 1839 5250 eam

179 5303 352 5360 spem
385 5289 546 5342 esset
573 5284 863 5356 ingressa,
889 5283 972 5337 sic
1005 5281 1129 5345 illa,
1163 5285 1480 5353 postquam
1509 5287 1600 5338 est
1630 5284 1842 5340 deinde

172 5380 351 5449 capta
377 5375 606 5444 civitas,
635 5388 894 5438 narrare,
929 5375 1334 5438 consueverat,
1369 5372 1668 5428 admirans
1697 5373 1838 5427 divi-

174 5483 318 5523 nam
351 5467 415 5521 in
446 5481 515 5521 eo
545 5462 995 5536 providentiam.
1031 5460 1349 5532 Oportebat
1383 5465 1582 5516 autem
1609 5478 1708 5518 eos
1740 5464 1840 5534 qui

174 5556 290 5612 hoc
325 5553 538 5611 audire
561 5552 773 5623 exipsa
806 5550 1042 5618 vellent,
1075 5549 1324 5605 delinire
1365 5550 1555 5622 ipsam
1590 5552 1756 5623 prius
1785 5558 1842 5608 et

169 5660 408 5716 rogare.
428 5643 735 5699 Referebat
765 5656 935 5714 porro
963 5640 1023 5694 in
1059 5639 1214 5694 hunc
1247 5639 1490 5695 modum
1517 5657 1528 5694 :
1564 5657 1696 5696 cum
1733 5642 1838 5696 im-

171 5739 415 5806 perator
449 5731 642 5790 adhuc
669 5732 867 5788 infans
907 5731 1016 5786 sub
1065 5729 1242 5785 ubere
1290 5730 1512 5800 jacerct
1545 5731 1599 5784 in
1635 5732 1835 5797 cunis,

1948 4742 2100 4797 hanc
2149 4741 2304 4797 enim
2349 4740 2626 4795 teneriori
2685 4739 2803 4796 fere
2863 4739 3172 4793 videbatur
3229 4742 3592 4810 propendere

1950 4831 2204 4902 affectu),
2240 4831 2500 4902 redigere
2539 4829 2599 4884 in
2633 4830 2897 4884 ordinem
2924 4836 2977 4884 et
3001 4827 3334 4900 insignibus
3365 4830 3595 4901 imperii

1949 4937 2158 4978 exuere
2186 4921 2469 4976 Joannem
2492 4918 2790 4975 statuisse.

1948 5030 2037 5084 24,
2075 5030 2147 5084 De
2193 5028 2477 5100 Chalypha
2509 5035 2557 5083 et
2612 5028 2823 5107 Persis,
2875 5034 2934 5081 ut
2989 5025 3242 5082 Tochari:
3292 5026 3406 5081 sint
3465 5027 3600 5081 sub.

2687 5109 2843 5168 μέση.

2023 5191 2143 5246 129.
2173 5191 2335 5244 Tunc
2364 5187 2663 5253 Tocharis,
2727 5204 2875 5259 quos
2919 5187 3148 5242 Atarios
3192 5186 3599 5264 vulgusgsolet

1951 5279 2244 5336 vocarein
2299 5277 2592 5333 Persidem
2626 5277 2907 5337 torrentis
2966 5277 3082 5330 ritu
3135 5277 3595 5348 confluentibus,

1952 5368 2282 5440 Chalyphas
2308 5383 2450 5423 auro
2480 5364 2795 5437 liquefacto
2824 5366 2880 5419 in
2898 5364 3174 5420 osintuso
3207 5365 3598 5438 interemptus

1953 5460 2025 5514 ab
2055 5459 2173 5513 illis
2203 5461 2433 5522 est,non
2468 5461 2584 5510 tam
2619 5456 2775 5526 quod
2810 5471 2923 5509 non
2958 5453 3136 5508 alium
3170 5456 3594 5526 expeditiorem

1951 5548 2227 5604 haberent
2250 5548 2378 5617 ejus
2402 5545 2642 5601 tollendi
2661 5544 3107 5615 modum,quam
3127 5544 3183 5598 in
3201 5545 3598 5613 exprobratio-

1950 5638 2166 5693 tionem
2201 5654 2356 5691 czecc'e
2391 5636 2580 5707 ipsius
2609 5633 2992 5704 ενοι-κὴρ,ᾳυί
3025 5649 3158 5687 cum
3191 5633 3355 5688 facile
3379 5636 3599 5704 potuis-

1953 5733 2041 5785 set
2059 5744 2266 5783 aurum
2288 5726 2638 5782 eil‘undcndo
2662 5725 2863 5780 hostes
2887 5723 3432 5794 vincere,malucrat
3459 5741 3600 5780 auro
