4188 6442
617 402 723 457 567

1923 402 2223 459 GEORGII
2262 403 2721 457 PACHYMBRE

3910 405 4004 461 568

621 525 796 581 ἐκεῖνο
854 526 888 593 ἢ
951 524 1162 595 ἑαυτὸν,
1194 523 1269 585 ὠς
1317 523 1406 577 καὶ
1467 525 1929 598 χρυσοτραγήσων
1991 520 2256 598 ἄντικρυς.
2291 522 2709 599 Αᾶπορρήτοις
2763 525 3082 598 βασιλικῶν,
3115 524 3205 578 καὶ
3249 524 3313 579 τὰ
3361 527 3474 580 κατ’
3526 524 3717 589 αὐτοὺς
3777 527 3831 583 εὖ
3890 527 4003 583 δια-

624 617 718 687 [Ρ.
754 617 844 686 84]
879 614 976 667 Καὶ
1036 614 1062 667 ὁ
1116 613 1209 685 μὲν
1266 611 1408 666 οὕτω
1455 613 1571 666 κατ’
1619 611 1816 666 οἰκείαν
1884 611 2056 686 κρίσιν
2113 610 2272 676 δῆθεν

625 704 894 776 ἐπνίγετο,
923 703 988 757 τὰ
1046 700 1102 756 δὲ
1157 709 1256 770 τῆς
1313 699 1574 774 Περσίδος
1606 699 1715 770 ἤδη
1758 700 1926 754 ἐνόσει
1973 701 2063 754 καὶ
2094 705 2274 762 κακῶς

625 791 903 867 εἶχεν,ὠς
940 789 1079 863 μηδὶ
1106 788 1233 864 δίχα
1292 785 1463 868 φόϐου
1521 791 1607 843 καὶ
1672 790 1829 843 αὐτὸν
1892 791 1978 844 τὸν
2038 788 2268 845 σουλταν

632 880 888 950 ’Δζατίην
950 879 1152 934 ἐᾶσθαι.
1209 877 1618 954 Κατωῤῥώὸουν
1696 879 1796 954 γὰρ
1866 880 1928 933 τὸ
2004 879 2156 943 ἔθνος
2219 881 2271 932 o't

622 970 819 1044 Πέρσαι
870 968 958 1022 καὶ
1022 968 1387 1041 κατημέλουν,
1441 971 1726 1037 ζητοῦντες
1787 969 1904 1031 καθ’
1964 968 2122 1022 αὐτὸν
2194 968 2265 1029 ὠς

623 1060 766 1132 εἶχεν
789 1055 1010 1119 ἕκαστος
1059 1061 1155 1111 τοῦ
1204 1058 1490 1124 σώζεσθαι.
1523 1057 1620 1110 Καὶ
1679 1057 1813 1111 κατὰ
1867 1059 1966 1125 τὴν
2000 1058 2176 1132 ἀρχὴν
2214 1054 2270 1110 δὲ

618 1149 684 1202 τὰ
712 1154 811 1217 τῆς
847 1144 1113 1222 Περσίδος
1148 1143 1539 1214 ἐκλυδωνίζετο
1587 1150 1694 1199 τῶν
1747 1150 2030 1219 σατραπῶν
2082 1145 2270 1200 ἐπανι-

620 1239 918 1305 σταμένων,
968 1234 1103 1290 ὥστε
1178 1238 1266 1289 καὶ
1346 1233 1440 1289 δύο
1495 1239 1603 1288 τῶν
1683 1239 2012 1309 μεγιστάνων
2072 1235 2271 1290 ἐκεῖθεν

620 1332 1021 1401 προσχωρῆσαι
1051 1329 1129 1396 τῷ
1163 1323 1397 1399 βασιλεῖ,
1431 1329 1528 1378 τοῦ
1580 1323 1830 1396 σουλτάν,
1866 1325 1937 1385 ὠς
1990 1323 2270 1399 βλακικῶς

624 1414 778 1490 διῆγε
807 1415 895 1469 καὶ
927 1416 1044 1469 κατ’
1078 1411 1301 1482 ἰδιώτην
1332 1414 1669 1484 ἀκόλαστον,
1704 1414 1762 1469 ὲκ
1816 1420 1912 1469 τοῦ
1968 1415 2269 1490 προχείρου

625 1502 998 1578 ὑπεριδόντας.
1029 1505 1091 1557 Οἱ
1152 1501 1438 1559 Βασιλικοὶ
1501 1502 1545 1558 δ’
1579 1505 1727 1558 οὗτοι
1781 1504 1938 1574 ἦσαν,
1973 1502 2161 1577 ἄνδρες
2214 1503 2270 1557 ἐκ

621 1591 816 1648 Ῥόδου
865 1595 960 1665 μὶν
1009 1592 1257 1655 ἀνέκαθεν
1319 1592 1490 1665 ὅντες,
1524 1593 1581 1647 ἐκ
1629 1591 1930 1665 θυμελικῆς
1983 1591 2028 1646 δ’
2079 1594 2271 1662 ἐπιτη-

624 1680 856 1744 δεύσεως
909 1687 988 1751 τῷ
1042 1680 1275 1736 ’σουλτάν
1335 1684 1844 1756 προσῳκειωμένοι,
1906 1682 1966 1736 οὐ
2045 1684 2150 1754 μήν
2213 1681 2269 1736 δὲ

623 1769 768 1825 ἀλλά
808 1771 897 1824 καὶ
930 1771 1004 1831 ὠς
1039 1769 1093 1822 εὖ
1126 1769 1346 1843 ⁴ἔχοντες
1397 1775 1493 1824 τοῦ
1534 1777 1749 1847 φρονεῖν
1809 1771 1874 1824 τὰ
1928 1775 2120 1846 πρῶτα
2177 1774 2268 1849 φέ-

1560 1859 1601 1878 βε

2384 613 2617 684 Οέμενοι,
2679 612 2794 685 ὅλῳ
2853 612 3044 688 ῥυτῆρι
3125 613 3258 686 πρὸς
3305 615 3394 668 τὸν
3461 613 3688 689 βασιλέα
3742 622 4001 691 χωροῦσιν

2378 703 2429 755 ἐν
2490 701 2815 775 αὐτομόλων
2877 705 3148 776 σχήματι.
3180 703 3242 759 Ὁ
3296 700 3352 757 δὲ
3402 700 3618 778 δέχεταί
3671 725 3728 759 τε
3772 706 4005 779 ἀσμένως

2376 789 2462 844 καὶ
2512 796 2647 862 τιμᾷ
2693 797 2810 853 τοῖς
2862 794 3227 866 προσήκουσι,
3278 791 3372 846 τὸν
3429 793 3522 864 μὲν
3580 796 4002 869 παρακοιμώμε-

2374 901 2464 933 νον
2536 883 2631 934 τοῦ
2708 884 2970 941 κοιτῶνος
3030 879 3506 953 καταστησάμενος
3561 884 3654 937 τὸν
3710 884 4007 956 Βασίλειον,

2377 967 2596 1042 Θάτερον
2650 966 2707 1022 δὲ
2745 969 2837 1022 τὸν
2887 968 3180 1023 Βασιλικὸν
3244 971 3410 1045 μέγαν
3443 970 3824 1047 ἰταιρειάρχην
3884 975 4012 1027 ἀπο-

2380 1055 2570 1127 δείξας.
2606 1058 2707 1114 Καὶ
2758 1056 2959 1132 ἐχρᾶτο
3013 1058 3227 1120 τούτοις
3280 1059 3473 1130 δεξιοῖς
3530 1059 3582 1122 ἐς
3643 1059 3724 1115 δτι
3791 1061 4016 1132 μάλιστα

2379 1147 2452 1207 εἰς
2509 1146 2574 1200 τὰ
2628 1148 2918 1221 πράγματα
2977 1149 3349 1220 φαινομένοις,
3400 1150 3488 1202 καὶ
3547 1152 3581 1218 ἡ
3642 1151 3776 1223 πρὸς
3829 1150 4018 1214 αὐτοὺς

2377 1235 2534 1310 φιλία
2555 1240 2652 1288 τοῦ
2689 1237 2955 1310 βασιλέως
2987 1243 3219 1309 προσῆν.
3254 1238 3321 1293 Οἱ
3355 1234 3411 1291 δὲ
3439 1237 3628 1293 πολλᾶ
3670 1241 3764 1312 μὲν
3812 1238 4013 1304 οἴκοθεν

2376 1321 2615 1401 ἔχοντες,
2649 1325 2746 1379 οὐκ
2787 1323 2952 1398 ὀλίγα
3012 1323 3066 1379 δὲ
3114 1325 3202 1379 καὶ
3263 1326 3408 1400 παρὰ
3462 1332 3561 1382 τοῦ
3619 1329 3887 1403 βασιλέως
3942 1329 4016 1390 είς

2377 1415 2693 1487 οἰκονομίαν
2753 1410 3032 1484 λαϐόντες,
3090 1421 3297 1478 πιστῶς
3370 1416 3518 1489 μάλα
3588 1419 3677 1472 καὶ

2373 1505 2508 1558 κατὰ
2563 1504 2870 1575 Ῥωμαίους

3769 1421 3988 1473 εὖνοῒκῶ
4000 1441 4023 1480 ς

2961 1525 3206 1578 μετασχη
3220 1526 3321 1577 ματ
3333 1507 3564 1568 ισθέντες
3651 1509 3754 1576 ὑπη
3767 1513 4013 1582 ρετοῦντο

2372 1599 2451 1663 τῶ
2486 1591 2702 1666 βασιλεῖ
2734 1612 2745 1624 ·
2783 1591 3066 1668 οὐδὲνγὰρ
3118 1593 3260 1648 οὕτω
3312 1594 3591 1665 συνίστησι
3649 1596 3744 1657 τὰς
3796 1596 3870 1657 εἰς
3925 1598 4023 1664 τὴν

2379 1681 2652 1743 βασιλείαν
2711 1682 2918 1742 εὐνοίας
2979 1670 3118 1751 ὠςῆ
3160 1685 3278 1736 κατ’
3311 1683 3460 1753 ἀξίαν
3514 1684 3677 1758 χάρις
3725 1689 3839 1745 τοῖς
3870 1685 4028 1758 ἇξίως

2375 1771 2686 1841 οἰσομένοις
2762 1771 2812 1841 ἐξ
2883 1769 3108 1842 ἑτοίμου
3190 1754 3611 1844 προτεινομένην.
3670 1773 3798 1827 Τότε
3848 1754 4027 1827 καὶοὸ

625 1880 807 1935 ροντες
863 1861 913 1914 ἐν
972 1859 1176 1930 ἐκείνῳ,
1243 1859 1495 1934 βρύοντες
1557 1859 1613 1914 δὲ
1653 1862 1740 1913 καὶ
1799 1866 1990 1935 χρυσῷ
2047 1858 2266 1931 πολλῷ,
2302 1860 2611 1959 Βσουλτᾶν
2669 1855 2745 1914 ἔτι
2806 1859 3018 1934 μᾶλλον
3069 1866 3174 1914 τῶν
3208 1861 3535 1939 ἆμφάὐτὸν
3596 1860 4032 1937 κραδαινομένων

625 1948 750 2013 ὅσος
792 1950 857 2018 ἦν
911 1949 961 2003 ἐν
1014 1949 1296 2020 ἐκπώμασι
1347 1950 1434 2003 καὶ
1490 1952 1614 2010 ὅσος
1677 1950 2131 2024 κατειργασμένος
2190 1953 2264 2012 εἰς

625 2035 939 2115 Χαλυιρικὸν
971 2038 1232 2109 νόμισμα.
1269 2038 1345 2093 Τὸ
1382 2036 1436 2091 δὲ
1492 2042 1598 2091 τῶν
1636 2036 1848 2113 βήλων,
1880 2035 1956 2092 ἔτι
1989 2035 2047 2092 δὲ
2101 2037 2264 2093 λίθων

620 2128 711 2180 καὶ
746 2126 1038 2201 μαργάρων
1091 2124 1350 2199 αὔταρκες
1395 2128 1459 2194 ἦν
1523 2126 1644 2188 τοὺς
1705 2124 1918 2188 εἰδότας
1975 2130 2262 2199 θαυμάσαι.

621 2215 866 2276 Παλαιᾶς
901 2220 1030 2288 γοῦν
1065 2215 1246 2290 φιλίας
1276 2222 1373 2283 τῆς
1425 2215 1560 2290 πρὸς
1610 2217 1702 2270 τὸν
1757 2215 1980 2290 βασιλέα
2017 2218 2271 2288 ὑπομνη-

623 2304 855 2376 σθέντες,
889 2305 1076 2358 ἱκανοῦ
1108 2301 1398 2365 δοκοῦντος
1448 2305 1594 2380 σφίσι
1654 2306 1743 2357 καὶ
1798 2308 1895 2359 τοῦ
1943 2309 2269 2380 κρατοῦντος

625 2390 680 2447 εὖ
716 2395 841 2467 παρ’
869 2393 1080 2447 ἐκείνων
1111 2393 1374 2455 παθόντος
1423 2393 1592 2448 πάλαι
1652 2395 1786 2449 κατά
1841 2394 2062 2449 τούπιὸν
2122 2394 2266 2449 ἀπο-

625 2482 986 2555 μνημονεύειν
1019 2484 1119 2550 τήν
1175 2486 1360 2556 χάριν,
1423 2480 1692 2558 βασιλέως
1751 2485 2110 2544 καταστάντος
2180 2486 2267 2536 καί

630 2569 951 2643 δυναμένου,
1003 2572 1067 2625 τὰ
1131 2571 1294 2626 πιστὰ
1362 2567 1620 2632 λαϐόντες
1686 2570 1774 2626 διὰ
1832 2572 2170 2647 γραμμάτων
2217 2572 2268 2626 ἐν

622 2808 860 2865 parcere
892 2809 1062 2863 quam
1109 2792 1236 2847 vitae
1270 2808 1335 2846 ac
1380 2790 1556 2846 saluti
1608 2791 1858 2862 propria:
1917 2791 2266 2862 prospicere,

611 2885 750 2954 jure
783 2882 854 2936 ab
884 2881 983 2936 illo
1017 2883 1168 2954 quod
1203 2882 1348 2937 adeo
1380 2880 1606 2952 perdite
1637 2880 2010 2936 deamaverat
2037 2879 2272 2936 metallo

613 2971 903 3043 tragicum
937 2971 1155 3026 exitum
1188 2974 1414 3026 nactus.
1451 2974 1516 3024 Et
1565 2969 1657 3024 hic
1707 2970 1946 3040 quidem
1997 2970 2055 3024 in
2118 2970 2274 3025 hunc

616 3059 859 3114 modum
895 3062 1119 3114 statuta
1156 3059 1268 3130 ipsi
1301 3058 1534 3130 proprie
1575 3075 1607 3112 a
1641 3057 2080 3129 divinojudicio
2106 3075 2277 3129 poena

619 3149 943 3203 sullocatus
967 3148 1195 3203 est.Res
1217 3164 1350 3203 vero
1375 3147 1628 3202 Persidis
1657 3146 1912 3217 graviter
1932 3146 2280 3202 laborabant

2380 1953 2491 2021 ἅμα
2526 1952 2618 2022 μὲν
2646 1948 2734 2004 διὰ
2763 1951 2823 2004 τὸ
2855 1951 3012 2025 (pava
3043 1954 3149 2004 τῶν
3183 1949 3442 2026 Τοχάρων
3497 1948 3646 2012 ἔθνος
3689 1953 3801 2024 ἅμα
3853 1949 3910 2006 δί
3939 1952 4031 2004 καὶ

2380 2037 2534 2093 ἰδίων
2594 2041 2924 2114 πραγμάτων
2984 2036 3276 2109 ἓνεκα,καὶ
3333 2038 3499 2113 μηδὲν
3546 2036 3690 2114 ἔχων
3749 2042 3777 2094 δ
3836 2061 3887 2094 τι
3940 2040 4033 2094 καὶ

2380 2127 2593 2203 δράσειε
2675 2133 2783 2183 τῶν
2869 2129 3116 2184 ἁπάντων
3185 2127 3640 2203 διεγηγερμένων,
3705 2128 3837 2204 ἔγνω
3919 2132 4032 2201 ἅμα

2378 2219 2581 2291 γυναιξὶ
2635 2219 2724 2271 καὶ
2774 2218 3006 2288 τέκνοις,
3040 2220 3177 2294 πρὸς
3256 2215 3312 2272 δέ
3390 2219 3478 2271 καὶ
3554 2223 3754 2293 γηραιᾷ
3834 2220 4027 2294 μητρῖ,

2381 2307 2679 2381 Χριστιανῇ
2738 2307 2814 2368 εἰς
2870 2309 2934 2361 τὰ
2996 2308 3229 2379 μάλιστα
3283 2304 3556 2380 οὔσῃ,καί
3605 2305 3841 2383 ἀδελφῇ,
3870 2328 4034 2362 κατα-

2383 2397 2597 2472 φεύγειν
2661 2397 2738 2457 εἷς
2801 2396 3045 2470 βασιλέα,
3109 2397 3182 2457 ὠς
3261 2396 3460 2450 ἐκεῖθεν
3511 2398 3600 2450 καὶ
3661 2398 3840 2469 μόνως
3899 2393 4031 2468 ἕξων

2389 2486 2646 2558 βοήθειαν
2720 2486 2808 2540 καὶ
2893 2488 3026 2541 κατά
3104 2485 3291 2558 καιρὸν
3383 2485 3662 2557 ἐπανήξων
3741 2484 3892 2550 αὖθις
3980 2485 4035 2556 ἐξ

2389 2575 2679 2649 ὑπερτέρας
2743 2577 2931 2650 χειρὸς
2998 2577 3085 2630 καί
3166 2576 3374 2649 ἰσχύος.
3428 2579 3513 2645 [Ρ.
3573 2577 3665 2647 85]
3723 2573 3878 2644 Μηδὲ
3931 2575 4037 2650 γὰρ

2385 2795 2574 2857 Quare
2608 2811 2738 2851 cum
2775 2795 2844 2850 ab
2877 2795 2975 2850 illo
3008 2797 3237 2850 arcanis
3270 2797 3436 2868 prius
3468 2801 3750 2853 convento
3805 2796 4042 2850 nuntiis

2387 2883 2576 2954 regias
2608 2883 2759 2939 clam
2791 2884 3044 2955 perlatas
3079 2883 3708 2958 litteras,quibusipsis
3739 2885 3909 2958 plene
3942 2901 4044 2940 ca-

2385 2973 2651 3036 vebatur,
2713 2973 3096 3044 accepissent,
3131 2974 3254 3029 suis
3294 2974 3414 3029 illic
3473 2975 3655 3031 otiose
3707 2976 4046 3032 convasatis

2390 3066 2445 3116 et
2503 3066 2627 3116 tuto
2678 3061 2994 3134 asportatis
3053 3063 3250 3130 rebus,
3313 3079 3552 3119 summa
3612 3063 3912 3119 celeritate
3975 3079 4043 3118 se

2391 3153 2460 3206 ad
2496 3152 2909 3222 imperatorem
2951 3153 3259 3207 conferunt
3317 3153 3509 3224 specie
3565 3153 4040 3223 transfugarum.

622 3237 794 3292 malis
827 3241 884 3293 et
915 3236 1194 3309 periculis
1227 3237 1458 3307 magnis
1492 3237 1862 3307 urgentibus,
1887 3254 2012 3308 quae
2045 3252 2148 3291 nec
2179 3237 2266 3307 ip-
2305 3256 2348 3323 ρ
2385 3241 2491 3295 Eos
2520 3240 2616 3295 ille
2647 3257 2779 3296 cum
2817 3241 3066 3296 libenter
3086 3258 3154 3297 ae
3186 3242 3567 3313 perbenevole
3627 3241 3870 3314 excepit,
3907 3245 4042 3296 tum

621 3344 752 3383 sum
786 3327 1086 3382 sultanum
1119 3327 1419 3381 Azatinem
1456 3328 1615 3380 metu
1659 3340 1908 3381 vacuum
1971 3325 2267 3381 sinebant.

621 3418 952 3473 Horrebant
981 3416 1137 3472 enim
1169 3416 1356 3471 Persae
1389 3414 1761 3470 vehementer
1792 3419 2024 3486 gentem
2085 3415 2270 3482 illam,

623 3511 679 3562 et
708 3506 873 3577 quasi
909 3506 1217 3577 desperato
1250 3504 1561 3559 resistendi
1595 3521 1867 3560 successu
1901 3505 2272 3577 negligentes

631 3597 690 3650 in
711 3611 1023 3651 commune
1044 3594 1350 3649 consulere
1373 3593 1654 3665 privatam
1680 3594 1994 3665 sibi,prout
2024 3594 2277 3665 quisque

627 3689 880 3757 poterat,
927 3684 1241 3739 nundinari
1276 3683 1524 3738 salutem
1573 3682 1717 3738 satis
1750 3683 2064 3750 habebant,
2099 3684 2276 3739 etiam

624 3775 864 3830 aliunde
880 3774 1125 3845 imperio
1142 3773 1394 3828 Persidis
1409 3773 2124 3844 nutante,insurgentibus
2148 3791 2277 3844 pas-

624 3866 739 3921 sim
772 3869 828 3919 et
853 3880 944 3919 res
978 3862 1111 3918 aliis
1143 3862 1256 3918 alio
1303 3862 1673 3918 trahentibus
1728 3863 2000 3935 satrapis,
2036 3864 2179 3918 adeo
2214 3868 2278 3918 ut

625 3970 695 4011 ex
730 3953 1119 4025 optimatibus
1152 3953 1264 4008 duo
1298 3951 1459 4007 illinc
1491 3953 1559 4007 ad
1593 3953 2003 4024 imperatorem
2034 3955 2274 4009 accede-

625 4047 777 4112 rent,
807 4046 1001 4115 spreto
1017 4043 1251 4097 sultano
1285 4041 1788 4097 uthomineinerti
1817 4042 2055 4098 desidia‘
2081 4042 2275 4098 dedito

628 4136 685 4188 et
715 4131 952 4187 omissis
985 4131 1352 4202 principatus
1383 4131 1562 4201 curis,
1595 4134 1875 4201 tanquam
1927 4131 1974 4186 si
2009 4131 2276 4203 privatus

622 4222 921 4292 quispiam
950 4236 1130 4291 nepos
1158 4219 1644 4287 esset,luxuriose
1675 4237 1740 4275 ac
1774 4220 2004 4276 moliter
2026 4220 2272 4275 vivente.

620 4311 688 4365 Hi
723 4309 959 4364 Basilici
989 4310 1367 4378 vocabantur,
1399 4310 1630 4363 oriundi
1665 4326 1732 4364 ex
1778 4309 2004 4376 Rhodo,
2063 4310 2273 4376 lyrices

624 4399 764 4460 olim
797 4416 862 4454 ac
895 4398 1101 4454 ﬁdium
1137 4399 1382 4453 artiﬁcio
1433 4399 1495 4453 in
1556 4398 1775 4454 sultani
1827 4399 2079 4470 gratiam
2135 4399 2276 4454 insi-

622 4489 810 4556 nuati,
845 4489 1054 4543 deinde
1085 4489 1236 4559 quod
1271 4487 1516 4543 consilio
1549 4487 1979 4559 prudentiaque
2033 4487 2274 4543 excelle-

624 4582 775 4646 rent,
805 4579 875 4633 ab
909 4594 974 4632 eo
1007 4578 1064 4632 in
1098 4577 1301 4648 primis
1326 4577 1706 4632 familiarium
1740 4577 1903 4643 culti,
1925 4577 2098 4632 iidem
2130 4594 2275 4649 prae-

623 4667 832 4722 divites
865 4683 1005 4722 auro
1038 4666 1223 4721 multo
1256 4666 1340 4721 vel
1375 4667 1530 4721 130
1586 4667 1643 4720 in
1705 4667 1957 4737 scyphos
2014 4682 2271 4737 vasaque

622 4756 840 4811 similia
873 4757 1144 4823 formato,
1178 4757 1263 4811 vel
1298 4773 1439 4810 cuso
1475 4758 1531 4811 in
1569 4762 1860 4810 monetam
1893 4761 2027 4827 typo
2061 4755 2269 4828 Chaly-

623 4847 749 4918 phaa
782 4845 1388 4917 signatam.Velorum
1410 4862 1937 4916 vero,gemmarum
1965 4853 2022 4900 et
2048 4863 2272 4916 marga-

625 4938 867 4991 ritarum
902 4941 1134 4991 tantum
1163 4937 1222 4990 in
1255 4936 1556 4990 recondito
1606 4936 1920 5004 habebant,
1982 4940 2268 5006 quantum

626 5027 674 5081 si
707 5026 798 5080 cui
828 5026 1346 5094 ostenderentjure
1379 5025 1713 5081 miraretur.
1747 5023 1814 5079 Hi
1847 5041 1983 5096 ergo
2015 5024 2268 5096 antiquas

626 5115 913 5169 recordati
949 5115 1217 5169 amicitia:
1251 5131 1427 5184 quam
1481 5130 1595 5168 tum
1635 5114 2006 5185 imperatore,
2032 5116 2267 5184 quando

623 5202 675 5258 is
708 5203 896 5257 adhuc
929 5204 1190 5273 privatus
1232 5205 1304 5258 ad
1338 5208 1544 5258 Persas
1604 5203 1778 5274 fugit,
1836 5209 2265 5274 contraxerant,

623 5308 913 5347 memores
945 5294 1117 5348 etiam
1151 5309 1212 5347 se
1245 5294 1302 5346 in
1337 5308 1402 5347 eo
1437 5293 1607 5363 signa
1647 5293 1987 5348 observasse
2047 5297 2266 5348 mutuae

622 5382 678 5434 in
713 5381 872 5451 ipsos
905 5382 1343 5447 benevolentim,
1379 5398 1491 5436 non
1527 5381 1874 5436 dubitarunt
1912 5398 2041 5437 esse
2098 5381 2264 5436 illum

622 5470 922 5525 hominem
944 5471 1014 5525 iis
1035 5471 1299 5525 moribus
1321 5487 1494 5542 quem
1519 5487 1635 5525 non
1666 5471 1884 5525 frustra
1905 5471 2268 5526 conﬁderent

620 5565 917 5630 acceptam
952 5559 1008 5614 in
1041 5561 1267 5630 privata
1319 5561 1552 5615 fortuna
1600 5561 1848 5631 gratiam
1901 5561 1958 5614 in
2020 5561 2264 5631 imperio

622 5649 818 5714 etiam,
850 5655 1162 5721 postquam
1198 5651 1268 5704 ad
1301 5650 1444 5705 illud
1481 5651 1866 5721 ascendisset,
1901 5651 2260 5721 agniturum,

624 5744 680 5793 et
712 5757 823 5813 quo
857 5739 989 5810 plus
1016 5740 1138 5811 jam
1170 5746 1384 5812 posset,
1421 5758 1485 5797 eo
1516 5739 1816 5797 liberalius
1851 5755 2259 5812 repensurum.

2383 3337 2446 3384 ut
2478 3330 2640 3402 digni
2676 3334 2842 3385 erant
2874 3331 3199 3397 honoravit,
3235 3329 3486 3386 alterum
3538 3330 3774 3401 quidem
3829 3346 4043 3385 eorum

2383 3419 2663 3474 Basilium
2696 3419 2931 3474 nomine
2962 3419 3355 3475 excubitorem
3372 3419 3626 3475 cubiculi
3644 3418 4046 3486 lacicns,alte-

2384 3527 2514 3564 rum
2571 3526 2704 3564 vero
2762 3508 3078 3564 Basilicum
3135 3526 3414 3580 magnum
3478 3514 3534 3564 et
3591 3508 4044 3564 heteriarcham

2384 3608 2609 3647 ereans.
2644 3592 3047 3662 Expertusque
3079 3606 3211 3645 mox
3261 3607 3358 3646 eos
3391 3591 3463 3646 ad
3523 3591 3722 3646 omnia
3779 3589 3850 3645 ad
3905 3605 4048 3661 qua

2384 3681 2817 3737 adhibebantur
2890 3682 3123 3735 dextros
3178 3685 3354 3751 atque
3425 3681 3769 3748 industrios,
3826 3695 4046 3735 eorum

2383 3788 2559 3843 opera
2591 3772 2921 3842 frequenter
2979 3771 3271 3836 utebatur,
3332 3785 3700 3842 pronamque
3757 3770 3817 3823 in
3863 3768 4041 3841 ipsos

2383 3877 2550 3916 suam
2607 3861 2853 3931 gratiam
2913 3860 3066 3915 haud
3125 3858 3321 3914 dubiis
3380 3859 3717 3914 declarabat
3773 3858 4046 3914 indiciis.

2381 3956 2560 4006 Porro
2592 3951 2675 4005 illi
2709 3951 2896 4006 multa
2927 3969 2995 4006 ex
3018 3969 3078 4007 se
3111 3949 3548 4020 habentes,non
3567 3966 3750 4022 pauca
3779 3949 3931 4022 ipsis
3965 3951 4045 4004 ab

2381 4042 2731 4112 imperatore
2764 4040 3232 4096 administranda
3288 4040 3609 4095 commissa
3652 4054 3888 4094 summa
3920 4039 4046 4094 fide

2381 4129 2895 4200 benevolentiaque
2925 4134 3273 4196 tractarunt,
3309 4129 3644 4201 gratissime
3661 4144 3896 4200 semper
3923 4129 4053 4183 uti-

2382 4221 2726 4290 lissimeque
2759 4218 3286 4274 servientes.Plane
3314 4217 3714 4273 transformati
3741 4217 3800 4272 in
3837 4233 4052 4274 mores

2383 4310 2774 4380 habitumque
2808 4310 3206 4364 Romanorum
3233 4307 3647 4362 fidelissimum
3681 4306 4052 4377 obsequium

2379 4399 2719 4469 imperatori
2752 4398 3152 4469 praestiterunt
3186 4415 3198 4452 :
3234 4397 3378 4451 nihil
3413 4396 3668 4451 enimita
3689 4394 3949 4450 subditis
3984 4397 4053 4451 in

2385 4487 2708 4560 principem
2740 4503 2942 4542 verum
2993 4502 3255 4542 amorem
3280 4486 3693 4556 sinceramque
3741 4485 3921 4539 fidem
3959 4487 4056 4540 in-

2383 4579 2568 4649 spirat
2605 4582 2668 4632 ut
2698 4578 2883 4648 gratia
2914 4577 3138 4632 meritis
3160 4580 3432 4648 prompte
3464 4574 3692 4630 reddita
3721 4578 3778 4630 et
3811 4574 4053 4629 beneﬁ-

2382 4667 2538 4722 cium
2574 4666 2765 4737 dignis
2823 4683 2889 4721 ac
2951 4665 3162 4721 referre
3223 4664 3550 4719 scientibus
3611 4661 3759 4718 ultro
3821 4676 4056 4733 reprae—

2384 4757 2877 4811 sentatum.Tunc
2907 4760 2965 4810 et
2994 4753 3690 4824 sullanus,magisadhuc
3723 4753 4058 4823 magisque

2382 4845 2796 4900 vacillantibus
2855 4845 2956 4916 qui
3006 4844 3162 4900 circa
3213 4843 3410 4916 ipsum
3466 4847 3652 4910 erant,
3714 4841 3896 4897 simul
3969 4843 4058 4896 ob

2383 4952 2512 4991 sese
2581 4938 2973 4990 ostentantem
3044 4933 3296 4989 terribili
3365 4932 3557 5003 specie
3631 4930 4058 4987 Tocharorum

2380 5029 2639 5097 gentem,
2713 5023 2889 5078 simul
2959 5023 3031 5078 ob
3112 5021 3465 5095 peculiarem
3529 5036 3723 5075 rerum
3784 5035 4056 5075 suarum

2381 5116 2529 5169 131
2571 5119 2790 5169 statum
2819 5113 3084 5168 nesciens
3132 5129 3248 5183 quo
3283 5128 3344 5167 se
3371 5114 3617 5166 verteret
3648 5109 3810 5163 cuive
3840 5109 4057 5163 conti»

2380 5204 2800 5275 deret,cunctis
2825 5204 3067 5258 arrectis
3099 5203 3156 5256 in
3191 5218 3323 5272 spes
3381 5206 3646 5255 metusve
3688 5213 3887 5253 rerum
3925 5197 4063 5253 im-

2380 5294 2735 5348 minentium
2753 5309 2855 5348 nec
2872 5292 3014 5347 satis
3032 5292 3258 5363 uspiam
3286 5288 4028 5356 consistentibus,decrevi
4043 5295 4070 5343 t

2382 5401 2515 5439 cum
2542 5383 2822 5438 uxoribus
2845 5388 2900 5436 et
2932 5382 3066 5437 ﬁliis
3090 5397 3342 5452 cumque
3374 5385 3558 5434 matre
3579 5376 3776 5433 vetula
3806 5377 4066 5448 optima.

2378 5473 2732 5538 Christiana,
2787 5477 3067 5543 praeterea
3098 5488 3231 5526 cum
3269 5487 3468 5525 sorore
3501 5469 3570 5524 ad
3615 5469 4061 5539 imperatorem

2383 5563 2714 5634 confugere,
2749 5579 2780 5616 a
2807 5579 2922 5633 quo
2947 5561 3069 5617 solo
3101 5561 3204 5616 tali
3237 5559 3484 5615 articulo
3529 5574 3724 5613 rerum
3785 5572 4060 5613 suarum

2371 5653 2570 5725 juvari
2597 5656 2822 5724 poterat
2843 5656 2900 5706 et
2919 5652 2974 5705 in
2991 5656 3292 5721 posterum
3319 5647 3601 5704 auxilium
3624 5661 4060 5718 sperarc,quo,

2379 5745 2426 5798 si
2462 5759 2722 5814 unquam
2759 5742 3068 5797 resedisset
3101 5739 3199 5795 illa
3230 5738 3838 5811 tempestas,tentaret
3874 5736 4060 5792 redi-
