4258 6438
173 391 280 446 569

1245 394 1341 446 DE
1380 393 1752 448 MICHABLB
1789 394 2232 450 PALEOLOGO
2270 396 2398 450 LIB.
2447 401 2517 452 II.

3480 399 3587 453 570

171 514 444 568 πιστεύειν
523 512 668 587 ἔχειν
745 512 914 587 ὶτέρῳ
965 513 1062 581 τήν
1125 512 1416 584 σωτηρίαν,
1478 512 1589 567 ὶπεῖ
1649 515 1737 567 καὶ
1796 515 1822 568 ὁ
1855 522 1906 586 Α
1938 517 1999 583 ἣν
2058 517 2192 569 κατά
2241 518 2427 590 καιρὸν
2480 515 2662 580 διδοὺς
2693 519 2895 590 ἤλπιζε
2927 521 3070 595 παρὰ
3100 526 3195 576 τοῦ
3228 514 3492 583 λαϐόντος
3520 521 3586 574 τὰ

170 602 506 678 προῤῥηοεὶς
569 601 770 669 Μελήκ
817 603 922 675 πρὸ
964 600 1181 676 χρόνων
1245 600 1630 673 αὐτομολήσας
1685 604 1830 671 παρά

174 691 449 764 βασιλέως
508 690 836 765 κατείχετο,
897 691 953 744 ὃν
1016 687 1081 757 δὴ
1142 690 1230 743 καὶ
1290 690 1448 743 αὐτὸν
1520 690 1830 745 ὑπώπτευεν

169 781 442 852 ὁσημέραι
505 781 581 851 μὴ
645 778 828 842 λυθεὶς
884 779 1075 852 ἐπιστῇ
1138 780 1275 850 μετά
1327 779 1574 847 πλήθους
1631 779 1720 832 καὶ
1771 777 1832 833 ού

168 868 360 930 καλῶς
419 867 564 942 ἔχειν
623 869 686 922 τὸ
747 867 821 929 είς
883 868 1063 941 ἀρχῆς
1119 868 1314 940 κράτος
1346 865 1587 922 ἐντεῦθεν
1621 867 1831 940 γένοιτό

170 959 244 1014 οἱ.
331 958 609 1014 Ἑπίστευε
667 955 724 1011 δὲ
793 958 880 1010 καὶ
950 962 1071 1018 ταῖς
1131 957 1206 1017 εἷς
1271 956 1498 1030 βασιλέα
1570 956 1831 1017 παλαιαῖς

168 1045 401 1108 ἐκείναις
444 1047 870 1123 φιλοφρονήσεσι
911 1091 923 1114 ,
981 1047 1070 1099 καὶ
1133 1045 1345 1120 ἐθάρρει
1404 1047 1589 1114 φανεὶς
1645 1046 1830 1100 ἀνύσαι

170 1137 235 1189 τὰ
297 1138 435 1210 πρὸς
487 1139 683 1207 θυμοῦο
721 1138 1092 1212 Συμφορήσας
1124 1139 1417 1210 τοιγαροῦν
1450 1135 1661 1203 πλῆθος
1697 1154 1832 1210 χρυ-

177 1226 308 1278 σίων
358 1227 422 1279 οὐ
475 1223 672 1300 ῥᾳδίως
720 1225 1046 1298 ἀριθμητὸν,
1094 1225 1305 1279 καὶτὸν
1342 1227 1558 1298 Περσῶν
1589 1224 1829 1279 πλοῦτον

170 1309 633 1386 περιϐαλόμενος,
668 1316 778 1386 ἅμα
828 1314 1038 1388 γυναιξὶ
1066 1316 1152 1367 καὶ
1207 1312 1438 1380 τέκνοις,
1498 1311 1595 1366 τοῦ
1643 1319 1834 1367 Ilicet-

170 1401 290 1463 δίας
323 1407 775 1477 προαγωγοῦντος
828 1403 902 1464 ὡς
957 1403 1184 1477 βασιλέα
1248 1407 1440 1476 χωρεῖ.
1503 1404 1562 1459 Ὀ
1621 1401 1698 1470 δὲ,
1758 1403 1833 1464 ὡς

171 1493 338 1562 εἰκὸς,
404 1492 647 1562 ἀσμένως
679 1489 966 1563 δεξάμενος
1021 1493 1123 1545 οὐκ
1166 1492 1311 1564 εἶχεν
1375 1492 1402 1544 ὅ
1446 1513 1500 1545 τι
1562 1493 1830 1565 χρήσαιτο

170 1581 374 1651 τούτῳ,
410 1579 556 1648 πλὴν
591 1580 741 1652 μάλα
795 1579 1345 1657 φιλοφρονησάμενος
1401 1584 1539 1654 πρὸς
1603 1579 1831 1645 ἐκεῖνον,

172 1671 260 1724 καὶ
325 1669 540 1744 θαρρεῖν
602 1667 787 1730 διδοὺς
847 1671 921 1730 ὡς
985 1669 1122 1724 κατά
1175 1671 1363 1742 καιρὸν
1427 1668 1683 1738 ἐπανήῖοι
1742 1670 1830 1722 καὶ

170 1761 274 1825 τὴν
337 1760 517 1833 ἀρχὴν
546 1754 808 1812 ἀναλάϐοι
839 1757 1003 1812 αὐτοῦ
1055 1763 1460 1831 συνεργοῦντος,
1514 1757 1680 1834 ἐφῆκε
1713 1755 1828 1811 δια-

1941 605 2191 675 κρείττω.
2254 606 2328 661 Τὸ
2388 602 2443 659 δὲ
2500 610 2564 674 ἦν
2626 609 2726 679 ἄρα
2784 609 2845 663 ού
2906 609 3132 684 σταθερά
3163 631 3243 671 τις
3286 607 3441 670 ἐλπὶς
3471 615 3585 669 τοῖς

1942 697 2125 746 νοοῦσι
2179 693 2490 768 βαθύτερον.
2527 695 2701 751 Ἀλλά
2747 697 2868 752 τότε
2923 701 3014 753 τὸν
3057 698 3242 773 καιρὸν
3276 697 3582 771 θεραπεύων

1944 782 1971 833 ὁ
2007 781 2261 854 βασιλεὺς
2292 781 2418 845 τοὺς
2453 785 2545 854 μὲν
2595 787 2716 860 περὶ
2768 787 2953 859 αὐτὸν,
3000 788 3090 841 καὶ
3135 786 3346 860 μᾶλλον
3395 792 3585 860 γυναῖ-

1942 890 2037 930 κας
2117 870 2205 922 καὶ
2279 871 2460 937 τέκνα,
2544 873 2679 927 κατά
2750 877 3076 948 συντήρησιν
3152 876 3287 949 πρὸς
3357 875 3581 930 Νίκαιαν

1944 957 2168 1029 πέμπει,
2200 963 2277 1030 τῷ
2312 961 2404 1031 μὲν
2436 958 2612 1015 δοκεῖν
2672 963 2733 1016 τὸ
2783 963 3018 1040 ἀσφαλὲς
3074 963 3298 1024 ἐκείνοις
3327 964 3582 1038 παρέχων

1943 1045 2024 1118 ἐφ’
2081 1045 2126 1117 ᾧ
2174 1050 2249 1119 μὴ
2286 1044 2536 1121 βλαϐεῖεν
2568 1051 2866 1121 ἀφύλακτοι
2898 1053 3068 1114 ὅντες·
3117 1049 3366 1126 οὐδὲγὰρ
3415 1055 3584 1106 καλὸν

1943 1132 2113 1189 ἐδόκει
2156 1141 2621 1213 συνεκστρατεύειν
2671 1145 2748 1211 τῷ
2800 1141 3013 1215 βασιλεῖ
3066 1141 3248 1212 ἀήθεις
3300 1139 3455 1204 ὄντας
3496 1142 3580 1194 καὶ

1940 1231 2039 1292 τῆς
2096 1225 2582 1298 γυναικωνίτιδοςο
2641 1231 2703 1283 τὸ
2757 1229 2812 1284 δὲ
2875 1231 3038 1284 πάλιν
3107 1236 3240 1306 σφᾶς
3293 1227 3584 1304 διατρίϐειν

1943 1311 2023 1366 ἐπ’
2057 1315 2325 1383 ἀνατολῆς
2356 1319 2776 1392 ἀναχωροῦντος
2805 1323 2900 1372 τοῦ
2949 1318 3239 1393 βασιλέως,
3279 1319 3353 1391 μὴ
3385 1319 3473 1372 καὶ
3509 1319 3585 1379 εἷς

1941 1401 2187 1457 κίνδυνον
2244 1403 2474 1480 γένοιτο.
2533 1407 2640 1463 Τὸν
2697 1407 2752 1462 δέ.
2799 1429 2863 1482 γε
2920 1407 3151 1462 σουλτάν
3202 1407 3583 1483 συμπεριάγων

1942 1492 2087 1562 αύτῷ
2148 1493 2237 1546 σὺν
2299 1495 2651 1567 προσηκούσῃ
2702 1501 2840 1570 τιμῇ
2898 1498 2995 1563 τὴν
3056 1497 3140 1549 ἐπὶ
3197 1502 3312 1557 τοῖς
3379 1496 3585 1550 ἐκείνου

1943 1582 2246 1649 συνεσκίαζε
2277 1584 2488 1654 πρᾶξιν,
2550 1586 2614 1651 ἣν
2675 1590 2752 1656 τῷ
2813 1587 2906 1656 μὲν
2967 1582 3168 1657 δοκεῖν,
3220 1587 3293 1646 ὡς
3353 1584 3585 1657 εἴρηται,

1945 1670 2072 1744 ὑπὲρ
2131 1669 2425 1747 ἀσφαλείας
2475 1673 2694 1727 ἐκείνων
2749 1674 3098 1749 προσέταττε,
3157 1678 3225 1746 τῇ
3285 1672 3330 1727 δ’
3365 1674 3590 1744 ἀληθείᾳ

1941 1758 2010 1813 δι’
2055 1760 2268 1814 ἐκείνων
2326 1762 2388 1816 τὸ
2421 1762 2656 1838 ἀσφαλες
2709 1762 2945 1837 ἐχόντων
3004 1764 3064 1816 τὸ
3123 1763 3174 1817 ἐν
3209 1761 3438 1840 ἀσφαλεῖ
3496 1764 3586 1816 τὸν

170 1869 283 1922 γειν
318 1847 384 1916 ὦ,
418 1849 469 1902 οἱ
518 1847 743 1917 σύνηθες
775 1848 840 1916 ἦν
892 1847 1040 1919 αὐτῷ
1071 1846 1214 1902 οἿκοι
1263 1854 1363 1915 τῆς
1416 1845 1670 1920 Περσίδος
1730 1847 1825 1923 ἄρ·
1863 1887 1908 1951 Β
1941 1849 2170 1904 σουλτάν
2230 1851 2362 1904 εἶναι
2413 1853 2502 1904 καὶ
2556 1853 2630 1923 μή
2684 1850 3080 1925 συνισχημὲνον
3132 1851 3591 1926 πραγματευόμε-

433 1938 531 1951 ..ηλ
719 1938 879 1951 ..ς
1105 1935 1829 1951 κς..-ηκ-
2087 1943 2124 1951 --
2333 1935 3467 1951 ,,ο....--.

171 1959 374 2013 χοντι.
433 1938 592 1995 ’Ὁθεν
647 1938 734 1992 καὶ
798 1938 1030 2009 σέλμασι
1104 1935 1416 2011 βασιλικοῖς
1473 1942 1552 2008 τῷ
1615 1936 1829 2012 βασιλεῖ

170 2025 522 2100 παρεδρίαζε,
570 2021 956 2103 καὶφοϐεροὺς
1011 2027 1135 2099 περὶ
1194 2026 1352 2079 αὐτὸν
1406 2028 1520 2099 εἶχε
1575 2027 1828 2098 σώματος

172 2117 422 2191 φύλακας
456 2162 470 2185 ,
528 2116 615 2169 καὶ
673 2121 788 2176 τοῖς
843 2118 942 2183 τῆς
1019 2115 1198 2190 ἀρχῆς
1267 2110 1567 2186 συμϐόλοις
1622 2114 1829 2189 ἐχρῆτο

173 2199 542 2279 ἐρυθροϐαφὶς
575 2202 797 2258 πέδιλον
836 2202 1231 2276 ὑποδούμενος.
1291 2204 1363 2257 Τὰ
1416 2205 1579 2258 πιστά
1629 2201 1684 2257 δὲ
1742 2205 1830 2258 καὶ

176 2296 313 2368 πρὸς
333 2295 397 2348 τὸ
430 2294 484 2349 εὖ
511 2295 728 2369 πράξειν
784 2294 900 2368 εἶχε
932 2291 1020 2348 διὰ
1064 2296 1160 2363 τὴν
1213 2293 1262 2366 ἐξ
1324 2293 1583 2366 ὑπογυίου
1647 2296 1829 2367 χάριν,

178 2517 304 2566 tum
338 2510 399 2566 in
434 2511 829 2582 principatum
863 2508 1074 2564 validis
1099 2509 1371 2564 Romanis
1397 2509 1666 2579 potentia
1699 2512 1832 2564 sub-

177 2605 354 2660 nixus
377 2603 808 2675 cepiis.Cuncta
831 2602 987 2656 enim
1015 2600 1515 2672 circumspiciens,
1539 2600 1830 2655 neminem

174 2701 321 2749 tunc
354 2693 683 2765 reperiebat
703 2692 798 2747 cui
827 2696 978 2748 recte
1001 2692 1367 2747 committere
1389 2690 1639 2746 salutem
1664 2708 1832 2746 suam

176 2789 233 2838 et
257 2784 438 2838 fidere
456 2782 602 2837 satis
627 2786 843 2852 posset,
861 2779 1341 2853 quandoquidem
1360 2784 1416 2835 et
1439 2780 1600 2850 prius
1620 2795 1834 2835 memo-

178 2879 348 2929 ratus
397 2871 642 2941 Melech,
676 2887 809 2926 eum
859 2870 1154 2942 aliquanto
1205 2873 1376 2924 antea
1424 2869 1550 2940 ipse
1601 2884 1834 2941 quoque

177 2962 622 3033 transfugisset,
665 2961 736 3015 ab
791 2961 1143 3030 imperatore
1193 2959 1591 3025 detinebatur;
1643 2976 1676 3014 a
1723 2975 1835 3029 quo

182 3051 413 3108 scilicet
442 3051 708 3123 quotidie
741 3051 1040 3106 metuebat
1073 3065 1144 3104 ne
1174 3065 1292 3120 qua
1319 3052 1526 3104 naetus
1555 3049 1773 3104 exitum
1807 3065 1837 3104 e

179 3141 451 3197 custodia
476 3155 857 3196 numerosum
881 3139 939 3194 in
965 3156 1025 3195 se
1053 3139 1294 3194 duceret
1313 3138 1655 3205 exercitum,
1675 3142 1732 3192 et
1754 3137 1837 3192 sic

178 3232 236 3286 in
270 3231 503 3286 irritum
539 3231 862 3286 reciderent
890 3245 1025 3300 spes
1048 3233 1434 3299 conatusque,
1461 3243 1609 3298 quos
1641 3228 1832 3281 inten-

179 3322 359 3376 debat
390 3320 448 3375 in
499 3320 812 3375 statuendo
857 3318 968 3374 sibi
1022 3318 1430 3388 ﬁrmandoque
1481 3316 1832 3388 principatu.

181 3409 534 3481 Magnopere
554 3411 752 3464 autem
779 3407 1078 3462 nitebatur
1093 3410 1283 3462 vetere
1306 3405 1680 3477 imperatoris
1701 3405 1840 3460 ami-

178 3500 332 3566 citia,
371 3498 606 3569 magnis
653 3497 760 3552 sibi
797 3496 1026 3562 ofﬁciis,
1061 3511 1192 3551 cum
1247 3500 1404 3550 esset
1435 3495 1576 3550 olim
1609 3496 1666 3549 in
1699 3499 1838 3549 Per-

181 3589 330 3655 side,
392 3592 637 3654 testata;
690 3587 1166 3654 confidebatque,
1227 3583 1402 3640 simul
1455 3586 1582 3655 ejus
1639 3599 1838 3640 coram

173 3677 391 3734 affandi
438 3676 783 3748 contigisset
833 3675 1019 3746 copia,
1055 3691 1116 3730 se
1159 3675 1316 3745 quod
1364 3678 1602 3746 cuperet
1650 3674 1722 3729 ab
1772 3689 1838 3729 eo

171 3768 651 3839 impetraturum.
682 3766 972 3837 Congesta
1019 3765 1200 3836 igitur
1233 3764 1289 3817 in
1324 3779 1534 3836 capsas
1567 3779 1714 3834 quas
1747 3779 1841 3818 se—

173 3873 307 3914 cum
340 3856 550 3912 extulit
587 3871 899 3912 aureorum
946 3853 1329 3909 multitudine
1379 3870 1494 3908 non
1529 3853 1697 3909 facile
1729 3869 1838 3907 nu-

173 3947 464 4014 merabili,
499 3951 558 4002 et
590 3947 905 4002 ditissimis
936 3945 1073 4000 luxu
1109 3945 1340 4000 Persice
1373 3943 1634 4000 vestibus
1667 3943 1836 3998 indu-

172 4045 290 4105 tus,
337 4053 477 4093 cum
529 4035 884 4106 conjugibus
934 4039 991 4090 et
1039 4033 1264 4101 liberis,
1311 4033 1545 4089 Pisidiae
1589 4033 1836 4103 preside

173 4130 318 4184 duce
349 4127 606 4191 itineris,
642 4125 713 4180 ad
746 4125 1163 4196 imperatorem
1197 4139 1258 4178 se
1290 4123 1533 4186 confert,
1564 4122 1663 4192 qui
1696 4137 1830 4176 eum

173 4217 612 4273 humanissime
660 4214 906 4286 excepit.
952 4213 1018 4268 Et
1073 4227 1410 4283 quanquam
1463 4227 1577 4266 non
1629 4211 1838 4267 habuit

172 4313 313 4363 tune
344 4308 405 4361 in
434 4322 550 4377 quo
574 4305 703 4375 ejus
727 4320 906 4374 Opera
929 4307 1207 4370 uteretur,
1232 4301 1392 4356 omni
1429 4307 1626 4356 tamen
1658 4300 1837 4372 signi-

173 4397 443 4453 ficatione
503 4393 916 4449 benevolentiae
969 4391 1313 4447 consolatus
1365 4393 1488 4458 est;
1549 4405 1836 4461 spemque

171 4487 278 4558 ipsi
331 4487 471 4541 fecit
523 4483 876 4539 auxiliorum
912 4498 945 4537 a
987 4496 1048 4537 se
1095 4480 1742 4536 subministrandorum
1775 4479 1834 4533 in

171 4581 456 4648 tempore,
482 4588 740 4646 quorum
775 4587 884 4644 ope
929 4575 1058 4626 tuto
1091 4569 1309 4625 rediret
1339 4569 1397 4623 in
1430 4568 1752 4636 Persidem,
1779 4573 1836 4624 et

1941 1959 2048 2001 νος.
2087 1935 2576 2012 Προκατελάμϐανε
2605 1940 2705 2014 γὰρ
2737 1943 2834 2009 τήν
2869 1943 3006 2015 πρὸς
3038 1941 3127 1993 τὸν
3159 1946 3264 1994 τῶν
3316 1941 3586 2016 Τοχάρων

1940 2027 2182 2102 ἄρχοντα
2251 2028 2474 2083 Χαλαοῦ
2532 2029 2774 2102 εἰρήνην,
2832 2030 2906 2090 ὡς
2965 2030 3440 2102 ἐνευκαιρήσοντος
3511 2029 3589 2083 ἐν·

1937 2119 2115 2171 τεῦθεν
2151 2116 2355 2171 ἐκείνου
2382 2124 2495 2178 τοῖς
2528 2126 2626 2187 τῆς
2663 2116 2942 2192 Περσίδος,
2999 2116 3126 2191 μηδ’
3178 2119 3588 2191 ὀνομαζομένου

1938 2211 2033 2259 τοῦ
2092 2205 2323 2260 σουλταν
2381 2206 2429 2260 ἐν
2489 2207 2679 2280 ταύτῃ.
2735 2208 2830 2261 Καὶ
2895 2205 2984 2260 διὰ
3029 2212 3189 2260 τοῦτο
3238 2210 3459 2280 ἡμερῶν
3508 2207 3586 2284 ἐφ’

1942 2295 2172 2369 ἡμέραις
2227 2291 2568 2369 τριϐομένων
2627 2298 2690 2350 τὰ
2743 2301 2850 2350 τῶν
2930 2300 3146 2370 Περσῶν
3233 2296 3586 2352 ὑπεκλίνοντο

1946 2511 2238 2566 modicum
2265 2527 2376 2583 quo
2409 2528 2564 2567 nunc
2595 2517 2788 2584 egeret
2811 2516 3187 2584 accepturum
3223 2512 3390 2583 plane
3417 2510 3590 2566 conﬁ-

1945 2600 2135 2655 debat.
2164 2602 2299 2656 Erat
2330 2605 2526 2657 autem
2569 2617 2635 2656 ea
2667 2617 2802 2674 spes
2835 2619 2947 2658 non
2982 2617 3404 2673 usquequaque
3437 2604 3592 2656 certa

1945 2690 2334 2762 fundataque,
2376 2691 2599 2761 judicio
2648 2707 2852 2746 eorum
2896 2690 2996 2762 qui
3051 2708 3166 2746 non
3216 2691 3498 2745 haerentes
3530 2691 3590 2744 in

1945 2779 2350 2851 superficiaria
2394 2781 2586 2852 specie
2627 2797 2718 2836 res
2750 2780 2985 2852 penitus
3034 2780 3194 2851 ipsas
3243 2779 3591 2850 introspice-

1945 2875 2074 2925 rent
2105 2887 2168 2925 ac
2201 2871 2581 2942 profundiore
2620 2872 2932 2942 prudentia
2964 2871 3384 2926 examinarent.
3415 2874 3590 2926 Caete-

1947 2975 2076 3014 rum
2110 2964 2249 3015 tunc
2281 2961 2521 3032 quidem
2553 2960 2871 3032 imperator
2901 2962 2958 3015 in
2991 2961 3356 3016 occasionem
3391 2960 3593 3014 immi-

1947 3066 2091 3105 nens
2125 3050 2402 3106 familiam
2450 3050 2690 3116 sultani,
2726 3052 3048 3122 praesertim
3085 3065 3293 3106 uxores
3343 3065 3408 3104 ac
3449 3049 3592 3104 libc-

1945 3153 2061 3204 res,
2093 3138 2340 3194 Nicaeam
2385 3138 2568 3204 misit,
2599 3143 2874 3210 praetextu
2917 3137 3212 3210 plausibili
3248 3138 3590 3193 necessariae

1949 3226 2303 3294 securitatis,
2337 3231 2402 3282 ut
2434 3228 2492 3282 in
2525 3232 2653 3284 tuto
2696 3228 2775 3283 ibi
2815 3232 3189 3284 servarentur
3219 3244 3360 3284 neve
3391 3229 3593 3300 cujus-

1948 3332 2125 3386 quam
2149 3316 2376 3386 injuriaa
2401 3320 2666 3388 paterent
2683 3316 2741 3372 in
2763 3317 2885 3372 loco
2910 3316 3106 3372 minus
3126 3317 3353 3372 munito
3371 3317 3598 3388 deposi-

1945 3407 2129 3475 ti,aut
2150 3405 2501 3461 militantem
2527 3407 2936 3476 imperatorem
2972 3423 3104 3460 eum
3138 3406 3370 3461 sultane
3404 3421 3593 3462 assec-

1944 3500 2139 3551 tantes
2172 3496 2450 3551 itinerum
2478 3497 2707 3551 insueto
2731 3495 2927 3551 labore
2949 3495 3174 3567 parvuli
3199 3495 3592 3567 mulieresque

1943 3590 2310 3655 vexarentur,
2344 3602 2551 3642 rursus
2599 3600 2670 3640 ne
2722 3585 2770 3640 si
2819 3586 3292 3654 relinquerentur
3342 3585 3399 3639 in
3451 3585 3596 3641 urbe

1945 3675 2224 3731 Orientali
2259 3677 2446 3747 magis
2477 3677 2711 3730 admota
2730 3674 2929 3739 limiti,
2955 3691 3087 3730 cum
3117 3675 3188 3729 ab
3212 3690 3279 3730 ea
3301 3674 3602 3746 continge-

1945 3773 2029 3821 ret
2061 3766 2476 3837 imperatorem
2525 3765 2964 3836 expeditionum
2998 3765 3303 3819 occasione
3357 3763 3595 3833 distare,

1945 3872 2061 3911 non
2095 3856 2239 3910 satis
2286 3855 2492 3910 remoti
2525 3859 2723 3910 essent
2753 3853 2824 3910 ab
2859 3853 3018 3909 omni
3067 3852 3408 3909 discrimine
3441 3854 3595 3924 quod

1944 3945 2080 4000 inde
2103 3946 2230 4015 iure
2252 3944 2576 4000 timeretur.
2600 3945 2774 4000 Porro
2797 3944 3099 4000 sultanum
3127 3943 3319 4015 ipsum
3343 3943 3597 3998 circum-

1944 4036 2164 4091 ducens
2197 4050 2390 4090 secum
2425 4049 2778 4105 quocunque
2802 4033 2931 4097 iret,
2956 4050 3021 4088 ac
3044 4031 3349 4103 exquisitis
3375 4031 3595 4102 ubique

1943 4141 2175 4196 semper
2223 4123 2487 4180 afficiens
2534 4123 2881 4192 honoribus,
2913 4123 3028 4178 ista
3061 4121 3482 4177 familiaritatis
3531 4137 3597 4176 ac

1943 4214 2275 4269 reverentia!
2307 4214 2499 4284 specie
2541 4212 2598 4267 id
2642 4211 3114 4283 consequebatur
3160 4210 3498 4281 imperator,
3534 4216 3598 4266 ut

1943 4303 2040 4358 ille
2071 4302 2217 4357 nihil
2249 4301 2473 4357 sinistri
2503 4301 2684 4357 latere
2705 4299 3108 4372 suspicaretur
3131 4299 3188 4353 in
3213 4298 3314 4354 illa
3337 4298 3594 4354 filiorum

1942 4396 1999 4447 et
2029 4407 2276 4446 uxorum
2301 4392 2428 4462 ejus
2455 4390 2739 4446 Nicasensi
2771 4389 3071 4456 custodia;
3105 4389 3277 4459 quasi
3311 4388 3369 4442 in
3403 4387 3596 4444 solum

1941 4480 2132 4551 ipsius
2163 4481 2534 4535 commodum
2569 4485 2625 4535 et
2655 4479 3028 4534 securitatem
3064 4479 3194 4548 ejus
3227 4477 3462 4532 familia:
3495 4478 3598 4532 de-

1941 4575 2121 4626 creta.
2156 4571 2374 4626 Revera
2405 4574 2596 4625 tamen
2647 4568 2804 4625 aliud
2841 4568 3143 4639 spectabat
3174 4571 3405 4622 astutus
3438 4566 3596 4637 prin-

169 4645 878 4738 prinicipatureeuperato
897 4661 1199 4717 florentem
1227 4660 1305 4714 ibi
1330 4667 1389 4714 ut
1413 4659 1578 4730 prius
1599 4663 1657 4714 et
1681 4664 1836 4713 tran-
1868 4645 1910 4712 C
1951 4677 2110 4731 ccps,
2143 4661 2234 4715 cui
2282 4664 2406 4714 erat
2452 4659 2819 4731 propositum
2852 4656 3260 4713 custodiendis
3290 4663 3446 4710 certe
3481 4654 3593 4710 sibi

170 4755 418 4828 quillam
451 4754 609 4808 domi
641 4769 764 4808 suae
795 4752 975 4806 vitam
1009 4751 1069 4806 in
1102 4753 1384 4806 consueta
1414 4748 1700 4820 dignitate
1733 4749 1834 4803 de-

171 4849 348 4918 geret.
376 4846 584 4913 Itaque
617 4842 676 4897 in
705 4839 1085 4912 suggestibus
1109 4837 1288 4910 regiis
1320 4836 1656 4906 imperatori
1681 4836 1833 4892 132

169 4934 416 4999 assedit,
450 4936 509 4987 et
538 4931 806 4986 minaces
857 4931 983 5001 ipse
1014 4943 1251 5000 quoque
1299 4927 1452 4981 circa
1483 4941 1543 4980 se
1575 4925 1836 4996 corporis

169 5024 446 5080 custodes
495 5020 726 5086 habuit,
769 5024 825 5074 et
870 5017 1202 5087 insignibus
1251 5014 1482 5087 imperii
1535 5014 1832 5082 utebatur,

169 5116 383 5170 rubros
417 5111 673 5166 indusns
712 5109 958 5165 calceos.
994 5112 1125 5164 Haec
1166 5107 1363 5163 autem
1395 5104 1635 5161 honoris
1667 5121 1829 5161 amo-

169 5205 371 5274 risque
423 5203 592 5272 signa
622 5217 737 5256 non
769 5214 916 5255 vane
965 5199 1269 5268 ostentari,
1303 5197 1402 5252 sed
1438 5211 1504 5251 ex
1534 5211 1663 5250 vere
1695 5212 1832 5266 pre-

169 5311 352 5366 penso
385 5292 447 5347 in
480 5291 692 5362 ipsum.
737 5306 800 5344 ac
850 5290 1074 5344 sincere
1125 5288 1373 5356 favente,
1407 5301 1654 5357 quaeque
1707 5284 1830 5356 pol-

167 5385 454 5440 liceretur
503 5380 855 5452 praestituro,
894 5378 1266 5450 imperatoris
1299 5378 1494 5430 animo
1538 5374 1827 5446 proficisci

165 5471 474 5547 persuasit
525 5470 636 5542 ipsi
669 5469 901 5524 conseia
934 5468 1219 5524 memoria
1256 5482 1499 5522 suorum
1551 5465 1608 5519 in
1658 5463 1825 5520 illum

167 5563 544 5625 meritorum,
571 5576 687 5631 quo
719 5564 976 5632 tempore
1021 5557 1347 5630 supplicem
1381 5570 1515 5609 eum
1549 5553 1826 5610 benevolo

165 5655 476 5725 exceperat
522 5649 802 5722 hospitio,
836 5649 1005 5720 cujus
1036 5648 1232 5720 gratiae
1263 5648 1447 5700 vicem
1491 5647 1757 5699 mutuam
1792 5662 1825 5699 a

166 5760 282 5800 non
333 5744 701 5808 immemore,
736 5745 792 5795 ct
844 5740 915 5795 ab
965 5755 1030 5796 eo
1078 5737 1169 5793 cui
1203 5736 1334 5810 plus
1383 5734 1727 5805 contulerat,
1763 5735 1819 5790 id

1947 4756 2003 4805 et
2036 4754 2159 4805 tuto
2195 4750 2312 4804 loco
2343 4761 2462 4804 tam
2505 4749 2656 4803 caris
2706 4747 2938 4803 sultano
2970 4745 3261 4818 capitibus
3293 4744 3595 4800 sultanum

1945 4839 2143 4911 ipsum
2162 4844 2245 4894 tot
2263 4838 2571 4909 pignorum
2593 4837 2835 4892 caritate
2851 4835 3020 4907 quasi
3042 4835 3422 4890 constrictum
3440 4834 3595 4905 apud

1945 4946 2007 4984 se
2039 4929 2308 4993 retinere,
2333 4945 2402 4984 ne
2427 4945 2540 4999 quo
2568 4928 2761 4982 subito
2788 4929 2934 4982 forte
2965 4931 3135 4996 capto
3169 4925 3320 4996 fugae
3349 4923 3596 4978 consilio

1944 5021 2258 5075 recederet.
2286 5019 2407 5082 Quo
2441 5017 2538 5073 ille
2570 5018 2831 5073 faciendo
2859 5015 3270 5071 demerebatur
3299 5013 3595 5068 Tocharo-

1943 5125 2075 5164 rum
2100 5109 2425 5181 principem
2451 5107 2755 5174 Cbalaum,
2781 5105 3018 5177 quicum
3053 5103 3229 5160 certis
3251 5103 3376 5172 jam
3403 5103 3602 5157 condi-
3650 5140 3651 5143 η

1941 5199 2207 5254 tionibus
2228 5199 2297 5253 de
2321 5213 2458 5268 pace
2481 5201 2882 5269 transegerat:
2910 5195 3004 5250 hic
3029 5193 3184 5249 enim
3211 5191 3445 5247 sultano
3471 5207 3599 5262 pron

1939 5290 2031 5344 cul
2057 5289 2192 5343 alibi
2219 5290 2476 5354 detento,
2500 5296 2551 5343 et
2579 5288 2705 5356 ejus
2735 5287 2808 5342 ob
2840 5284 3119 5341 absentia
3147 5282 3596 5336 diuturnitatem

1940 5380 2094 5435 183
2142 5378 2427 5434 memoria
2475 5379 2694 5432 sensim
2746 5375 3112 5430 exolescente
3162 5372 3316 5442 apud
3371 5375 3597 5439 Persas,

1937 5473 2099 5524 tanto
2135 5468 2362 5524 facilius
2419 5466 2764 5535 feliciusque
2799 5465 3087 5520 universae
3120 5461 3290 5533 potiri
3343 5459 3598 5515 Persidis

1938 5563 2202 5630 poterat,
2263 5562 2438 5627 prout
2497 5555 2690 5627 reipsa
2752 5554 2904 5610 fecit.
2964 5555 3322 5624 lmperatore
3381 5549 3601 5620 quippe

1936 5649 2238 5704 sultanum
2303 5661 2660 5718 suspensum
2721 5645 2938 5716 spebus
2995 5642 3275 5698 inanibus
3332 5643 3598 5715 tenente,

1934 5737 2138 5810 sicque
2161 5737 2315 5792 diem
2344 5753 2407 5792 ex
2443 5735 2533 5791 die
2559 5736 2823 5790 ducendo
2849 5749 3039 5789 meras
3063 5731 3301 5788 assidue
3327 5733 3597 5785 nectente
