4188 6442
623 399 725 453 571

1934 396 2236 454 GEORGII
2274 398 2738 454 PACHYIERB

3929 399 4035 453 572

630 526 743 582 τοῖς
798 520 1092 595 Τοχάροις,
1150 522 1225 583 ὼς
1281 519 1369 574 καί
1398 539 1545 580 τινας
1590 518 1682 581 οὕς
1715 517 1773 573 ἂν
1808 516 1949 573 ε’ίποι
1979 538 2060 578 τις
2092 518 2275 587 σκηνί-
2303 521 2356 588 Α
2387 521 2479 575 κε’.
2522 522 2713 583 ’Όπως
2774 527 2924 596 εἶχον
2985 523 3038 598 οξ
3096 522 3250 598 πρὶν.
3281 519 3524 594 βασιλεῖς
3565 517 3687 592 περῖ
3745 523 4031 595 Τυχάρους

627 630 721 671 τας
752 609 838 663 καὶ
873 612 940 681 τῇ
972 608 1225 678 πολιτείᾳ
1252 607 1705 682 ἀπηχθημένους,
1741 608 1815 678 μὴ
1850 604 2105 669 θέλοντας
2138 607 2272 660 ὑπο-

628 697 926 752 τάττεσθαι.
964 698 1043 769 [Ρ.
1070 698 1160 769 86]
1193 697 1310 751 καθ’
1359 694 1556 756 αὐτοὺς
1617 695 1774 764 εἶναι,
1833 693 2273 767 ἐπειλημμένους

3015 594 3183 648 ἀκουο
3192 594 3405 665 μένους.

2457 700 2655 773 Πρώην
2692 700 2786 772 μὲν
2835 702 2937 774 γὰρ
2989 701 3017 755 ὁ
3066 702 3271 761 Δούκας
3330 696 3587 768 Ἰωάννης
3640 697 3802 759 κλέος
3865 698 4028 771 μόνον

628 791 736 841 τῶν
797 784 1078 859 ἡμετέρων
1140 784 1545 860 ὀχυρωμάτων,
1603 781 1751 851 πλὴν
1783 785 1870 838 καὶ
1913 784 2002 838 τὸν
2037 782 2276 847 ἐντεῦθεν
2384 786 2601 842 ἐκείνων
2631 786 2819 860 ἤκουε,
2850 790 2941 843 καὶ
2988 788 3315 864 κατωχύρου
3368 788 3435 843 τὰ
3464 787 3700 864 φρούρια
3758 786 3888 858 σίτῳ
3937 788 4030 841 καὶ

632 876 1070 944 ὑποτοπάζοντας
1150 870 1421 941 κίνδυνον,
1497 872 1542 927 εἰ
1608 877 1851 948 φανερῶς
1925 870 2276 943 ἐπιτιθοῖντο,

2386 877 2645 950 ἅρμασιν,
2696 878 2769 932 ῶν
2822 878 2913 933 τὸν
2978 879 3071 950 μὶν
3116 880 3206 932 καὶ
3263 876 3338 938 είς
3398 876 3632 951 χρόνους
3674 875 4030 952 προσέταττεν

628 963 763 1018 καιτᾶ
814 965 909 1036 μὶν
957 965 1020 1018 τὸ
1066 963 1247 1018 κοινὸν
1294 962 1383 1017 καὶ
1413 961 1657 1025 καθόλου
1688 958 2004 1023 ἐνσπόνδους
2038 962 2277 1033 εἶναιτῷ
2384 966 2764 1035 ἀποτίθεσθαι,
2825 966 3092 1041 βούλλαις
3138 961 3492 1040 μολυϐδίναις
3544 965 3635 1020 τὸν
3683 963 3868 1019 ἐνόντα
3912 970 4033 1024 τοῖς

636 1047 873 1123 βασιλεῖ,
934 1050 1051 1114 καθ’
1094 1049 1189 1103 ’ἐνα
1231 1045 1288 1102 δὶ
1343 1048 1535 1108 νυκτὸς
1569 1046 1857 1121 λοχῶντας
1905 1052 2022 1109 τοῖς
2082 1046 2140 1102 ἐκ
2168 1053 2273 1102 τῶν

631 1135 915 1211 ἡμετέρων
968 1135 1251 1211 κλέμμασι
1299 1143 1561 1212 χρῆσθαι.
1618 1139 1695 1192 ’Ἃ
1748 1133 1814 1204 δὴ
1871 1136 2095 1191 καὶτῶν
2137 1139 2279 1208 ἡμε-

627 1227 796 1300 τέρων
852 1225 903 1297 ἐξ
958 1224 1082 1280 ’ίσου
1112 1228 1247 1301 πρὸς
1280 1225 1514 1286 ἐκείνους
1544 1224 1849 1281 ποιούντων
1880 1224 1940 1279 οὐ
1967 1227 2135 1287 πόνος
2187 1226 2277 1293 ἦν.

632 1316 724 1371 Ἐκ
752 1316 951 1378 παντὸς
984 1313 1039 1371 δέ
1068 1312 1275 1391 τρόπου
1314 1315 1376 1369 τὸ
1424 1313 1576 1378 ἔθνος
1615 1319 1721 1369 τῶν
1764 1314 2026 1389 Τοχάρων
2077 1312 2147 1368 δι’
2196 1314 2277 1369 ἐν·

629 1405 781 1467 νοίας
831 1401 974 1479 ἔχων
1032 1406 1059 1459 ὁ
1112 1402 1368 1480 βασιλεὺς
1420 1406 1493 1466 ὡς
1541 1402 1911 1458 ἀνυπόστατον
1972 1404 2069 1471 τήν
2100 1405 2277 1478 ὁρμήν

629 1496 853 1549 κατὰτὸ
886 1494 1027 1556 εἰκὸς
1083 1493 1275 1549 δοκοῦν
1310 1490 1457 1569 ἔχειν
1507 1491 1649 1568 ἄρτι,
1696 1502 1943 1563 κινῆσαν,
2002 1492 2132 1557 τοὺς
2187 1494 2282 1566 μὶν

632 1585 767 1637 κατά
822 1585 889 1637 τὰ
951 1583 1289 1658 ὀχυρώματα
1327 1583 1536 1657 Πέρσας
1568 1582 1658 1638 καὶ
1693 1582 1812 1638 λίαν
1847 1583 2182 1651 ὑπεποιεῖτο,
2208 1584 2281 1644 ὡς

630 1677 876 1748 θριγγοῖς
945 1672 1179 1741 ἐλπίζων
1248 1674 1483 1748 χρᾶσθαι
1564 1672 1609 1727 εἰ
1665 1667 1995 1748 ἐπιϐρίσειαν
2058 1673 2278 1739 ἐκεῖνοι,

633 1760 861 1823 ἐκείνοις
914 1759 961 1816 δ’
1010 1762 1125 1837 εἶχε
1182 1759 1270 1817 διὰ
1331 1761 1565 1834 μελέτης
1602 1762 1693 1816 καὶ
1747 1760 1933 1823 ἄλλως
1966 1759 2281 1816 σπένδεσθαι

2387 1055 2629 1117 ἐποίκοις
2682 1056 3015 1134 σφραγίζων,
3075 1058 3331 1134 φέροντας
3386 1053 3432 1110 δ’
3487 1052 3680 1125 ἔξωθεν
3739 1053 4040 1108 ἐπιτάττων

2389 1144 2699 1216 σιτίζεσθαι,
2756 1146 2825 1200 τὰ
2873 1143 2930 1201 δὲ
2984 1145 3075 1201 καὶ
3135 1146 3397 1221 ἀναγκαῖα
3453 1143 3611 1199 ἐτίθει
3667 1148 3781 1204 τοῖς
3834 1163 4040 1211 κτησο-

2393 1235 2599 1306 μένοις,
2658 1234 2731 1296 ὡς
2789 1233 3004 1289 ἐκείνων
3064 1240 3167 1289 πᾶν
3225 1235 3286 1288 τὸ
3345 1233 3420 1294 είς
3452 1231 3763 1307 περιουσίαν
3797 1230 3856 1285 ὅν
3886 1231 4045 1285 ὑστε-

2392 1327 2520 1398 ρεῖν.
2606 1320 3103 1396 Ηροικοδοτεῦντας
3171 1322 3275 1397 γὰρ
3363 1322 3499 1393 μετὰ
3571 1322 3670 1389 τήν
3746 1314 4047 1392 σεϐασμίαν

2392 1410 2574 1466 εῗκόνα
2599 1411 2667 1465 τὰ
2697 1411 2842 1467 ὅπλα
2871 1413 3198 1485 προσέταττε
3246 1411 3693 1487 καταγράφεσθαιο
3753 1406 3893 1481 μηδέ
3939 1411 4045 1483 γὰρ

2389 1494 2540 1574 ἔχειν
2574 1498 2771 1555 εἰδέναι
2801 1499 2855 1555 τί
2885 1502 2946 1554 τὸ
2978 1500 3280 1575 ἐξορμῆσαν
3302 1504 3412 1553 τῶν
3434 1503 3580 1568 σφῶν
3604 1497 3832 1575 φωλεῶν
3857 1496 4043 1569 ἔθνος,

2390 1589 2481 1643 καὶ
2515 1590 2731 1652 ὁποίοις
2758 1594 2874 1649 τοῖς
2921 1586 3075 1656 ἤθεσι
3119 1592 3343 1661 χρᾶται,
3396 1585 3494 1641 κᾶν
3545 1585 3840 1657 εἰρηνεύειν
3886 1584 4045 1649 θέλοι

2389 1674 2485 1730 κᾶν
2512 1677 2801 1751 μάχεσθαι.
2822 1676 2988 1731 Τόσον
3010 1675 3077 1745 ἦν
3107 1673 3313 1745 ἄδηλον
3332 1672 3438 1738 ἕως
3452 1673 3575 1729 τότε
3598 1674 3661 1730 τὸ
3684 1672 3855 1735 ἔθνος.
3890 1674 4048 1748 Παρὰ

2389 1763 2625 1827 πολλοῖς
2656 1762 2702 1820 δ’
2732 1763 2990 1841 ἐλέγοντο
3019 1763 3404 1841 κυνοκέφαλοι,
3428 1762 3516 1818 καί
3538 1783 3601 1836 γε
3632 1759 3862 1823 διαίταις
3890 1761 4050 1816 ἀπει-

636 1848 724 1905 διὰ
755 1848 977 1920 κήδους.
1028 1852 1150 1907 Ἐπὶ
1206 1855 1464 1905 τοσοῦτον
1522 1851 1623 1924 γὰρ
1683 1845 1911 1927 φοϐερὸν
1967 1847 2141 1905 ἐδόκει
2190 1850 2279 1904 καὶ
2315 1893 2361 1957 Β
2392 1852 2653 1928 ρημέναις
2685 1852 2954 1924 ἠκούοντο
3006 1854 3307 1928 χρώμενοι,
3356 1851 3494 1908 ὥστε
3538 1851 3630 1905 καὶ
3680 1850 4050 1928 ἀνθρωποφα-

698 1940 708 1957 Ι
950 1941 962 1956 ι
1055 1938 1068 1957 Ί
1146 1940 1157 1957 1
1390 1938 1430 1957 I‘
1618 1938 1630 1957 9
1762 1944 1784 1954 υ
1907 1937 1932 1957 ιι
2135 1940 2148 1956 \
2180 1936 2204 1957 υ
2454 1947 2477 1957 -ι
2540 1941 2554 1957 9
2733 1943 2747 1957 Ι
2945 1948 2972 1957 Α
3047 1940 3071 1957 ι
3100 1944 3110 1957 ι
3252 1940 3294 1957 ιλ
3378 1942 3391 1957 a
3482 1940 3496 1957 9
3597 1940 3612 1957 ι
3688 1939 3717 1957 Λ
3816 1938 3837 1957 ‘
3892 1938 3908 1957 Ι

642 1940 805 2012 μόνον
866 1941 1003 2014 πρὸς
1051 1938 1288 2001 ἐκείνους
1333 1938 1581 2011 πόλεμον
1612 1938 1833 2008 ἐννοεῖν,
1895 1937 2034 1994 ὥστε
2061 1940 2150 1993 καὶ
2180 1936 2285 2001 ἓως
2316 1936 2361 1957 ³⁵³
2392 1947 2505 2018 γεῖν
2536 1941 2904 2000 ἐπιστεύοντο.
2939 1940 3223 2017 Θεοδώρνυ
3248 1940 3305 1996 δὲ
3332 1942 3433 2011 τὴν
3471 1940 3654 2016 ἀρχὴν
3688 1938 4053 2015 βασιλεύσαν-

640 2028 848 2084 ἐκείνου
925 2028 1013 2083 καὶ
1087 2028 1331 2102 τοῦνομα
1409 2028 1574 2101 μόνον
1648 2027 1724 2091 εἰς
1784 2022 1951 2105 φόϐον
2034 2030 2284 2103 ἡγεῖσθαι

640 2122 722 2193 [Ρ.
756 2122 848 2193 87]
881 2119 968 2173 καὶ
1002 2116 1252 2174 δεδιέναι.

645 2355 717 2394 ne
763 2336 978 2393 rediret
1009 2338 1163 2393 unde
1192 2340 1449 2404 venerat,
1482 2352 1575 2391 res
1610 2336 1917 2392 Persarum
1967 2336 2129 2392 omni
2177 2336 2291 2394 alio

643 2428 935 2484 destitute
978 2426 1249 2499 presidio
1296 2427 1533 2482 tandem
1582 2427 1653 2481 ad
1703 2424 1995 2481 Tocharos
2043 2425 2291 2483 inclina-

643 2522 802 2587 runt,
835 2521 955 2573 tam
1001 2515 1312 2573 universali
1343 2532 1658 2578 consensu.
1694 2520 1758 2571 ut
1787 2515 2030 2587 quidam
2060 2516 2139 2572 ibi
2171 2518 2290 2589 iam

644 2610 817 2664 antea
866 2621 1162 2678 segreges,
1195 2620 1343 2677 quos
1394 2605 1531 2676 jure
1580 2604 1713 2676 quis
1760 2605 2013 2660 scenitas
2062 2605 2291 2676 dixerit,

643 2712 877 2768 semper
927 2694 1085 2751 soliti
1126 2711 1159 2750 a
1204 2693 1617 2749 communibus
1669 2693 1983 2750 abhorrere
2029 2693 2293 2750 consiliis

643 2791 701 2841 et
731 2800 823 2841 res
872 2782 985 2840 sibi
1017 2799 1157 2840 suas
1188 2782 1404 2839 habere
1448 2781 1743 2853 privatim,
1776 2798 1908 2838 cum
1941 2781 2074 2837 aliis
2106 2783 2294 2838 omni-

646 2876 759 2930 bus
816 2876 1025 2945 sponte
1083 2871 1478 2928 subeuntibus
1528 2871 1844 2943 imperium
1893 2872 2291 2928 Tocharorum

644 2963 730 3018 illi
762 2962 862 3017 uni
894 2960 1184 3033 subjicere
1216 2977 1279 3017 se
1322 2960 1438 3032 ipsi
1468 2964 1828 3027 recusarent,
1862 2960 2044 3017 coacti
2076 2961 2295 3017 fuerint

644 3052 703 3106 in
750 3067 934 3118 arces,
967 3051 1037 3105 de
1086 3050 1305 3122 quibus
1333 3049 1612 3117 diximus,
1646 3048 1832 3105 nostri
1879 3047 2087 3105 limitis
2136 3065 2292 3106 rece-

646 3141 802 3196 dere.
833 3139 941 3195 Ubi
996 3138 1140 3195 satis
1172 3137 1567 3209 intelligentes
1597 3152 1658 3193 se
1689 3137 1848 3193 haud
1881 3138 2008 3194 sine
2056 3154 2162 3195 suo
2195 3154 2293 3209 pe-

2392 2053 2509 2103 τος,
2560 2030 2675 2087 ἐπεὶ
2720 2030 2976 2106 ἐλέγοντο
3022 2028 3110 2086 διὰ
3149 2028 3412 2104 Περσίδος
3454 2030 3590 2104 πρὸς
3638 2027 3844 2083 ἐκεῖνον
3889 2049 4057 2105 πρεσ-

2397 2116 2665 2192 ϐεύεσθαι,
2698 2123 2787 2176 καὶ
2819 2122 2846 2176 ὁ
2880 2120 3043 2198 λόγος
3072 2119 3359 2192 ἀληθινὸς,
3392 2113 3559 2197 φόϐος
3595 2115 3652 2173 δὶ
3681 2117 3770 2172 καὶ
3801 2116 4052 2193 τάραχος

2401 2342 2890 2399 consternationis
2912 2357 3027 2398 non
3061 2337 3538 2412 reprehensibilis
3568 2335 3939 2409 experiundae
3975 2335 4056 2390 fa-

2402 2431 2723 2503 tendeque.

2402 2540 2557 2596 184
2583 2540 2672 2594 25.
2711 2540 2772 2596 Ut
2802 2554 2860 2593 se
2890 2537 3191 2593 habuerint
3221 2536 3433 2605 priore:
3469 2533 3824 2605 imperatore:
3852 2529 4056 2585 audita

2929 2612 3083 2681 fama
3122 2606 3507 2664 Tocharorum.

2473 2704 2541 2755 Et
2564 2699 2810 2755 antehae
2835 2699 3073 2770 quidem
3104 2698 3364 2753 Joannes
3386 2695 3597 2761 Ducas,
3622 2692 3824 2748 audita
3854 2690 4055 2747 solum

2402 2791 2638 2846 illorum
2672 2790 2848 2856 fama,
2874 2788 3126 2844 munivit
3152 2802 3316 2843 arces
3341 2786 3636 2840 frumento
3665 2787 3722 2839 et
3740 2782 3946 2837 armis.
3975 2787 4060 2837 Ac

2403 2879 2764 2934 frumentum
2788 2877 3028 2948 quidem
3050 2893 3118 2933 ea
3139 2874 3309 2947 capia
3321 2890 3449 2944 quas
3473 2871 3773 2928 sufﬁceret
3791 2870 3851 2925 in
3874 2885 4059 2924 usum

2402 2984 2576 3039 quam
2609 2965 2940 3038 longissimi
2972 2964 3258 3037 temporis
3289 2960 3522 3031 congeri
3547 2958 3753 3031 jussit,
3775 2956 4058 3028 obsigna-

2403 3056 2571 3128 rique
2601 3055 2837 3127 singula
2866 3054 3077 3111 horrea
3107 3052 3288 3109 bullis
3332 3050 3626 3123 plumbeis
3655 3046 4065 3105 indicantibus

2402 3150 2686 3216 quantum
2717 3146 2775 3200 in
2808 3159 3045 3218 quoque
3070 3142 3375 3200 conditum
3406 3142 3757 3196 servaretur.
3782 3141 3975 3207 Atque
3999 3140 4071 3191 ut

646 3229 832 3286 τίουιο
862 3228 967 3284 tali
1009 3225 1508 3333 ίθωΡοεεξῬειῙεω
1536 3226 1695 3333 "inde
1740 3227 2145 3326 ίξιουηᾶῐυτοε
2178 3228 2292 3283 ΗΟ·
2323 3264 2367 3333 c
2404 3237 2624 3294 certius
2671 3235 2720 3292 is
2751 3250 3035 3291 numerus
3076 3234 3397 3300 constaret,
3443 3231 3798 3301 preceperat
3826 3242 3928 3282 eos
3961 3226 4069 3296 qui

646 3335 850 3375 manas
897 3321 1106 3387 terras,
1139 3316 1344 3372 callido
1388 3314 1632 3372 consilio
1680 3314 2000 3372 universim
2050 3316 2291 3387 quidem

645 3424 713 3465 ac
753 3407 1145 3466 communiter
1192 3405 1503 3461 fcederatos
1552 3422 1615 3460 se
1662 3406 2001 3477 imperatori
2055 3406 2291 3478 proﬁte-

644 3499 884 3563 bantur,
934 3494 1281 3567 singillatim
1323 3509 1457 3549 vero
1486 3494 1958 3565 grassationibus
1990 3496 2291 3552 nocturnis

644 3602 739 3643 res
791 3588 1125 3641 nostrorum
1176 3582 1684 3655 depraedabantur,
1728 3581 1788 3638 in
1840 3599 1953 3653 quo
2006 3584 2290 3639 damnum

646 3679 911 3731 nostrum
961 3673 1115 3729 haud
1159 3688 1442 3744 magnum
1494 3676 1644 3733 erat;
1690 3688 1829 3728 nam
1876 3672 1959 3727 illi
2008 3672 2292 3729 limitanei

646 3770 883 3821 strenue
940 3779 1047 3835 par
1102 3762 1227 3834 pari
1284 3762 1602 3817 referentes
1646 3760 2029 3818 clandestinis
2077 3767 2134 3818 et
2180 3763 2293 3835 ipsi

646 3852 872 3926 rapinis
929 3851 1144 3907 infidos
1200 3850 1470 3923 hospites
1528 3849 1966 3907 ulciscebantur
2019 3855 2077 3908 et
2128 3852 2294 3909 facile

646 3942 868 3999 amissa
898 3941 1276 4014 reponebant.
1309 3940 1481 3997 Omni
1521 3945 1717 3996 autem
1750 3940 1975 3996 ratione
2004 3940 2116 3996 sibi
2148 3957 2294 3997 con-

644 4031 958 4087 ciliandam
1001 4033 1287 4087 statuerat
1316 4030 1636 4102 imperator
1678 4032 1911 4101 gentem
1963 4030 2290 4087 Tocharum

643 4128 785 4179 tunc
814 4137 960 4177 novo
992 4120 1215 4191 impetu
1259 4123 1317 4174 et
1361 4119 1623 4191 potentia
1653 4118 2011 4175 ineluctabili
2045 4124 2285 4191 motam,

645 4216 711 4267 ut
742 4211 835 4267 cui
869 4209 1163 4265 hostiliter
1192 4207 1543 4280 irrumpenti
1575 4208 1721 4263 nihil
1756 4213 1952 4280 posset
1982 4208 2285 4281 obsistere,

645 4319 774 4357 eam
806 4300 1105 4357 beneficiis
1156 4303 1621 4372 praeoccupatam
1646 4299 1721 4354 ab
1751 4300 1983 4355 infestis
2030 4300 2290 4357 consiliis

646 4393 949 4452 averteret.
983 4389 1212 4443 Putavit
1263 4388 1441 4443 etiam
1485 4387 1802 4458 prudenter
1832 4389 2119 4456 utendum
2167 4389 2288 4457 illo,

644 4495 820 4549 quem
863 4477 1203 4543 memoravi,
1238 4477 1491 4532 adventu
1544 4492 1851 4548 segregum
1886 4483 2197 4533 Persarum
2232 4478 2292 4533 in

647 4585 807 4624 arces
856 4568 1105 4623 Romani
1153 4567 1381 4623 limitis.
1430 4568 1498 4621 Et
1545 4566 1653 4623 hos
1702 4566 1857 4622 enim
1908 4567 2293 4624 blandissime

646 4660 909 4716 definivit
963 4659 1174 4715 officiis
1244 4657 1703 4730 promissisque,
1764 4658 1986 4714 scilicet
2051 4676 2294 4731 sperans
2330 4633 2378 4696 θ

646 4750 777 4807 istis
832 4766 917 4816 se,
966 4748 1133 4821 quasi
1185 4765 1325 4821 sepe
1370 4748 1614 4820 objecta,
1662 4748 1869 4804 mediis
1919 4765 2166 4805 usurum
2220 4750 2291 4805 ad

645 4840 957 4895 arcendam
1008 4838 1403 4895 Tocharorum
1435 4838 1601 4908 {vim,
1652 4838 1701 4894 si
1750 4839 2005 4908 quando,
2060 4840 2209 4910 quod
2261 4856 2295 4894 a

646 4934 816 5002 gente
847 4928 1124 4985 bellicosa
1170 4929 1417 4983 barbara
1448 4928 1637 4983 timeri
1673 4927 1983 4997 prudentia
2022 4928 2290 4999 jubebat,

646 5019 861 5076 bellum
895 5035 1026 5075 cum
1053 5018 1335 5074 Romanis
1358 5034 1535 5088 quam
1571 5033 1769 5088 pacem
1803 5016 2057 5073 mallent.
2084 5018 2293 5073 Stude-

645 5110 743 5165 bat
774 5114 969 5164 autem
1004 5110 1322 5181 imperator
1348 5107 1723 5162 vehementer
1752 5123 1928 5178 quam
1962 5107 2295 5163 arctissima

647 5199 1083 5256 necessitudine
1108 5197 1345 5254 foederis
1366 5195 1658 5252 Tocharos
1689 5196 1802 5251 sibi
1825 5197 2136 5263 devincire,
2157 5214 2295 5268 quo-

647 5290 802 5345 niam
838 5288 1019 5344 armis
1051 5304 1187 5343 cum
1218 5304 1285 5343 ea
1314 5290 1486 5358 gente
1509 5286 1817 5341 decernere
1850 5302 1968 5341 rem
2003 5287 2146 5343 adeo
2179 5292 2292 5342 ter-

645 5378 877 5434 ribilem
908 5379 1172 5449 putabat,
1207 5380 1272 5432 ut
1315 5392 1385 5431 ne
1429 5374 1784 5446 cogitatione
1813 5376 2052 5447 quidem
2103 5375 2293 5447 prima

645 5471 817 5523 tenus
847 5467 984 5524 belli
1016 5484 1149 5523 cum
1182 5466 1253 5521 iis
1285 5463 1649 5537 suscipiendi
1687 5464 2045 5520 mentionem
2079 5465 2289 5521 admit-

645 5558 873 5615 tendam
909 5558 1165 5613 duceret.
1203 5555 1573 5625 Omninoque
1608 5554 1750 5609 adeo
1783 5554 1838 5609 id
1873 5552 2149 5610 horribile
2180 5571 2292 5627 pu-

642 5650 823 5718 tabat,
857 5651 921 5703 ut
953 5647 1037 5703 vel
1070 5645 1193 5703 solo
1237 5644 1462 5718 prolato
1493 5644 1737 5700 istorum
1774 5643 2009 5699 nomine
2048 5660 2291 5701 causam

643 5754 705 5793 se
735 5737 951 5794 habere
1002 5738 1269 5793 idoneam
1318 5736 1556 5792 duceret
1607 5739 1797 5790 metus
1846 5751 1959 5790 non
2011 5734 2201 5806 ignavi
2236 5739 2292 5789 et

2405 3327 2464 3383 id
2488 3326 2849 3380 frumentum
2871 3321 3322 3394 comportabant
3347 3333 3465 3375 non
3496 3318 3634 3372 inde
3652 3317 3724 3371 ad
3752 3315 4066 3387 proprium

2398 3417 2622 3472 victum
2644 3429 2897 3480 sumere,
2914 3414 3016 3469 sed
3039 3410 3186 3485 ipsis
3207 3409 3447 3467 aliunde
3468 3404 4066 3477 subministrari,quo

2401 3505 2659 3573 interim,
2709 3504 2850 3559 dum
2912 3502 2963 3559 ei
3021 3498 3385 3557 convectioni
3446 3496 3741 3554 navabant
3790 3510 4065 3565 operam,

2400 3600 2794 3653 vescerentur.
2839 3600 3153 3650 Armorum
3210 3608 3345 3647 vero
3399 3588 3827 3645 redundantem
3874 3587 4066 3642 etiam

2404 3701 2716 3742 numerum
2751 3682 3145 3741 necessarium
3178 3680 3444 3753 putabat,
3466 3678 3587 3735 tale
3615 3678 3674 3733 id
3711 3692 3837 3733 esse
3866 3691 4069 3748 genus

2402 3791 2601 3832 rerum
2633 3778 2920 3841 statuens,
2955 3772 3125 3842 cujus
3156 3784 3464 3841 nunquam
3497 3766 3720 3823 affatim
3751 3765 4069 3821 utentibus

2403 3865 2501 3933 sit,
2526 3864 2744 3935 quippe
2763 3877 3013 3934 quorum
3036 3859 3216 3917 etiam
3238 3860 3380 3914 dum
3412 3854 3864 3912 innumerabilis
3895 3854 4068 3909 vide-

2401 3954 2577 4010 batur
2623 3952 2864 4008 afﬂuere
2910 3950 3100 4021 copia,
3134 3964 3287 4019 saepe
3339 3947 3397 4001 in
3451 3944 3757 4001 occasione
3808 3943 4069 4015 penuria

2401 4042 2714 4099 sentiatur.
2743 4043 2930 4107 Quare
2961 4037 3095 4095 illos
3128 4037 3343 4108 quibus
3369 4034 3754 4090 incumbebat
3772 4048 3840 4088 ex
3865 4032 4073 4087 officio

2407 4132 2591 4205 gratis
2622 4132 2888 4202 quadam
2922 4128 3297 4201 suppeditare
3320 4123 3612 4180 militibus
3636 4123 3820 4193 jussit
3837 4121 4073 4177 adscri-

2407 4222 2543 4277 bere
2572 4219 2852 4291 catalogis
2902 4215 3407 4289 suggerendarum
3438 4228 3469 4267 e
3500 4213 3643 4268 ﬁsco
3675 4227 3893 4277 rerum,
3930 4216 4076 4283 post

2402 4326 2632 4368 sacram
2684 4309 2933 4374 iconem,
2968 4322 3134 4361 arma
3184 4304 3470 4374 cujusque
3518 4300 3752 4372 generis
3782 4303 3840 4355 et
3885 4316 4069 4355 usus.

2403 4399 2581 4455 Istius
2612 4403 2732 4453 tam
2759 4404 3039 4452 accuratas
3063 4391 3417 4465 provisionis
3446 4389 3721 4463 prudenti
3744 4388 3878 4445 huic
3903 4389 4074 4461 prin-

2402 4488 2515 4559 cipi
2545 4502 2785 4542 causam
2814 4484 3060 4555 praebuit
3081 4498 3283 4537 rumor
3304 4478 3506 4553 procul
3534 4478 3771 4534 auditus
3795 4478 4074 4549 parantis

2404 4592 2712 4647 erumpere
2750 4574 2943 4648 gentis
2992 4572 3255 4628 barbarae
3306 4583 3634 4625 numerosa;
3672 4567 4071 4637 vehementis,

2404 4666 2579 4722 etiam
2605 4681 2738 4722 cum
2763 4664 3027 4720 nondum
3056 4659 3484 4731 intelligeretur
3501 4656 3641 4729 quid
3668 4661 3847 4723 esset,
3869 4672 4071 4727 quan-

2402 4761 2529 4811 tum
2563 4757 2892 4827 posset,cur
2909 4752 3035 4807 suis
3057 4748 3324 4805 latibulis
3345 4746 3779 4817 exiret,quibus
3800 4750 4078 4801 uteretur

2404 4843 2690 4910 moribus,
2715 4857 3037 4914 pacemque
3070 4856 3142 4894 an
3176 4836 3397 4893 bellum
3423 4838 3817 4907 praeoptatura
3835 4833 4073 4891 videre-

2403 4937 2519 4989 tur.
2543 4934 2686 4989 Tam
2718 4931 2891 5002 vulgo
2921 4928 3079 4985 enim
3107 4926 3479 4983 increbuerat
3512 4940 3645 4979 cum
3678 4924 3918 4979 horrore
3950 4928 4074 4979 tero

2404 5039 2651 5093 roreque
2682 5022 2753 5078 ad
2782 5019 3183 5077 Tocharorum
3238 5014 3596 5071 mentionem
3629 5013 3800 5084 quasi
3848 5013 4071 5084 panico

2403 5113 2578 5169 istius
2621 5111 2888 5181 ejusdem
2932 5124 3081 5164 caeca
3113 5105 3379 5178 quedam
3411 5102 3702 5175 ignoratio
3734 5102 3963 5174 populi,
3997 5109 4073 5158 ut

2402 5217 2501 5257 eos
2534 5200 2798 5272 plerique
2845 5196 3075 5254 caninis
3107 5196 3400 5251 deformes
3448 5191 3744 5264 capitibus
3774 5192 4070 5259 dicerent,

2403 5288 2749 5361 passimque
2778 5287 3083 5344 audiretur
3102 5285 3174 5340 de
3200 5281 3443 5339 immani
3469 5296 3672 5337 eorum
3704 5297 3914 5353 genere
3945 5284 4073 5338 vic-

2401 5382 2519 5443 tus,
2554 5393 2619 5432 ac
2650 5376 3030 5433 crederentur
3072 5371 3354 5428 humanis
3402 5370 3684 5427 carnibus
3733 5369 4072 5441 ingluviem

2402 5464 2655 5536 eXplere.
2679 5467 2824 5520 Cum
2848 5478 2981 5517 vero
3006 5461 3077 5516 ad
3097 5458 3467 5515 Theodorum
3488 5456 3549 5511 in
3582 5456 3828 5529 imperio
3851 5472 4072 5513 recen-

2401 5558 2521 5610 tem
2554 5552 2889 5609 dicerentur
2918 5550 2957 5605 ii
3002 5566 3070 5605 ex
3100 5546 3338 5603 Perside
3385 5545 3613 5617 legatos
3664 5546 3893 5601 mittere
3927 5550 4073 5615 (nec

2403 5644 2559 5699 fama
2602 5639 3035 5709 mentiebatur),
3067 5651 3349 5710 magnum
3385 5634 3468 5689 illi
3500 5651 3568 5693 ea
3599 5650 3692 5691 res
3741 5640 3967 5691 metum
4001 5642 4069 5691 et

2404 5732 2900 5806 perturbationem
2929 5727 3207 5787 admovit.
3226 5726 3491 5783 Decrevit
3515 5729 3705 5781 tamen
3735 5724 4069 5797 imperator
