4258 6438
157 432 266 488 573

1233 425 1327 477 DE
1365 422 1739 479 MICHABLE
1777 421 2220 481 PALBOLOGO
2256 422 2390 477 LIB.
2432 426 2502 476 II.

3464 424 3572 479 574

156 557 247 623 ἦν⁸
285 556 470 628 Ἔγνω
522 548 751 622 δ’δμως
804 550 831 602 ὁ
868 545 1121 621 βασιλεὺς
1177 546 1241 600 τὸ
1308 539 1537 621 φοϐερὸν
1597 540 1807 597 πλασα-
1836 544 1889 611 Α
1918 541 1988 595 Τὸ
2040 538 2096 596 δέ
2144 564 2207 615 γε
2254 549 2351 612 τῆς
2400 544 2684 618 γερουσίας
2738 544 2824 598 καὶ
2881 544 3003 599 ὅσον
3051 547 3113 613 ἦν
3144 549 3251 599 τῶν
3285 544 3336 600 ἐν
3368 548 3450 619 [Ρ.
3481 549 3571 622 88]

162 663 322 717 μενος
410 639 644 699 ἐκείνους
730 636 1209 701 κατασοφίσασθαι.
1273 635 1367 687 Καὶ
1438 637 1653 707 πρῶτον
1718 633 1810 702 μὶν

162 726 608 809 προαπέστελλεν
671 726 747 787 ὠς
797 722 956 792 δῆθεν
986 722 1349 799 ἀγγελοῦντας
1408 720 1498 809 ἐπί
1554 717 1815 794 Περσίδος

161 807 235 881 ὠς
293 816 606 877 ὲπάὖτοὺς
654 814 1047 888 εὖτρεπίζοιτο,
1079 812 1168 866 καὶ
1228 813 1280 866 οἱ
1334 807 1811 885 ταγυδρομοῦντες

160 908 496 981 ἐπέμποντο.
530 904 739 967 Μισθὸς
800 900 845 957 δ’
902 903 968 971 ἦν
1026 906 1144 964 τοῖς
1200 896 1491 974 ἀγγελοῦσι
1548 896 1814 965 ταῦτα,εἰ

159 995 524 1053 κινδυνεύοιεν
601 992 935 1063 ἐνιστάμενοι
1019 991 1105 1044 καὶ
1182 990 1281 1057 τήν
1368 991 1475 1041 τῶν
1529 985 1813 1058 Ῥωμαίων

159 1087 341 1161 ἀρχὴν
392 1084 761 1138 ἀνυπόστατον
804 1085 963 1134 πᾶσιν
1012 1077 1418 1153 ὁμολογοῦντες
1474 1071 1667 1144 ἔθνεσι,
1720 1072 1815 1128 δα-

156 1176 300 1248 ψιλῆ
358 1174 573 1232 τεκνοις
631 1169 909 1246 σφετέροις
968 1168 1058 1221 καὶ
1104 1167 1306 1240 γυναιξὶ
1351 1165 1650 1239 σιτηρέσια.
1686 1164 1815 1219 Εἶτα

157 1262 214 1318 δὲ
242 1268 363 1324 τοῖς
415 1254 671 1336 πρέσϐεσι
721 1254 1149 1332 προσελαύνουσι
1203 1255 1423 1327 πέμψας
1480 1252 1604 1312 τοὺς
1655 1252 1812 1305 ὑπαν-

157 1355 429 1423 τήσοντας
491 1350 563 1410 ὠς
614 1344 771 1416 δῆθεν
820 1346 909 1399 καὶ
960 1344 1105 1417 σφίσι
1150 1343 1245 1404 τὰς
1297 1340 1454 1403 ὁδοὺς
1516 1339 1811 1414 ὁδηγῆσαι,

158 1440 227 1496 δι’
259 1440 342 1495 ὅτι
396 1437 695 1512 δυσχώρων
754 1432 1068 1505 ἐξεπίτηδες
1116 1433 1300 1487 τόπων
1355 1430 1590 1491 ἐκείνους
1644 1424 1815 1483 διαϐι-

161 1525 345 1598 ϐάζειν
398 1527 751 1601 προσέταττε,
784 1521 879 1578 κᾶν
936 1543 1019 1585 τις
1071 1520 1383 1575 ἆποκναίων
1433 1518 1657 1593 ἐρωτῴη
1716 1519 1814 1585 τὴν

159 1614 502 1692 δυσχωρίαν,
534 1611 679 1668 οὕτω
737 1616 908 1666 πᾶσαν
970 1607 1117 1683 ἔχειν
1178 1611 1276 1676 τὴν
1356 1614 1457 1677 τῆς
1512 1604 1815 1679 Ῥωμαίδος

151 1715 255 1783 γῆν
307 1705 720 1777 ἀποκρίνεσθαι,
755 1700 829 1761 ὠς
890 1698 1125 1771 ἑτοίμως
1176 1696 1415 1772 ἐχόντων
1452 1700 1531 1768 τῷ
1566 1697 1640 1769 μὴ
1675 1692 1813 1783 εἶδε-

156 1782 242 1851 ναι
302 1792 598 1850 πιστεύειν.
654 1790 805 1847 Ἐπεὶ
862 1786 919 1843 δὲ
964 1788 1054 1843 καὶ
1120 1788 1258 1860 πρὸς
1335 1784 1561 1861 βασιλέα
1629 1782 1816 1839 πολλὰ

1922 628 2069 685 τέλει
2099 632 2187 685 καὶ
2220 636 2297 702 τῷ
2335 631 2552 706 βασιλεῖ
2600 631 2740 705 πρὸς
2790 631 3043 706 αἳματος,
3077 633 3276 696 πάντας
3322 637 3457 707 πρὸς
3512 638 3573 690 τὸ

1928 718 2346 794 μεγαλειότερον
2399 720 2819 793 ἐσκευασμένους
2886 724 2974 777 καὶ
3032 722 3257 785 στολαῖς
3324 724 3410 778 καὶ
3462 746 3573 798 γεν-

1923 808 2056 880 ναίῳ
2102 816 2199 877 τῆς
2248 812 2438 883 ψυχῆς
2488 813 2893 883 παραστήματι,
2938 812 3012 872 ὡς
3062 812 3251 866 αὐτίκα
3296 813 3390 866 τὸν
3435 816 3571 867 κατᾶ

1923 894 2093 958 πόδας
2153 895 2511 967 λαπαξοντας,
2542 896 2814 962 πολλάκις
2864 897 3099 961 διιόντας
3149 900 3200 971 ἐξ
3252 900 3469 976 ἀφανῶν
3516 901 3568 963 ἐς

1921 988 2084 1041 ταυτὸ
2145 986 2597 1059 ξυμπίπτειν,ὠς
2653 987 2779 1049 τοὺς
2838 987 3037 1049 αὐτοὺς
3118 990 3210 1061 μὲν
3273 989 3401 1044 εἶναι
3454 997 3571 1051 ταῖς

1923 1074 2229 1145 ἀληθείαις,
2262 1072 2437 1130 δοκεῖν
2471 1073 2516 1129 δ’
2548 1074 2752 1137 ἄλλους
2785 1076 2873 1131 καὶ
2908 1075 3115 1138 ἄλλους
3167 1077 3259 1131 καὶ
3297 1077 3570 1150 μηδέποτε

1922 1164 2049 1225 τοὺς
2126 1164 2345 1234 αὐτοὺς,
2401 1165 2603 1239 τρόπον
2685 1163 3034 1220 δακτυλιδίου
3112 1165 3409 1241 σφενδόνην
3493 1171 3567 1239 μή

1924 1251 2173 1328 ἔχοντος,
2205 1250 2269 1322 ἤν
2304 1274 2386 1315 τις
2412 1252 2672 1327 βούλοιτο
2706 1253 2787 1309 ἐπ’
2819 1254 3023 1309 ἐκείνου
3078 1256 3139 1309 τὸ
3185 1256 3445 1329 πρότερον
3478 1259 3566 1310 καὶ

1921 1343 1983 1396 τὸ
2032 1340 2250 1417 ὕστερον
2303 1344 2547 1417 θεωρεῖν,
2575 1343 2650 1405 ὡς
2693 1342 2754 1397 τὸ
2804 1343 2933 1398 αὐτὸ
2980 1345 3073 1416 μὲν
3108 1342 3381 1409 πολλᾶκις
3426 1345 3567 1419 λαμ-

1924 1426 2221 1504 ϐανόμενον
2278 1433 2438 1501 εἶναι,
2500 1429 2677 1487 δοκεῖν
2731 1430 2777 1487 δ’
2833 1430 3017 1505 ἕτερον
3090 1432 3160 1507 τῇ
3228 1432 3546 1509 μεταλλαγῇ

1922 1520 2093 1577 Αὐτὸν
2132 1518 2187 1575 δὲ
2222 1520 2518 1594 βασιλικῶς
2577 1520 2923 1593 ἐσταλμένον,
2962 1522 3131 1593 μηδὲν
3165 1523 3271 1577 τῶν
3322 1518 3567 1600 φοϐερῶν

1922 1606 2268 1675 ἐλλείποντα,
2297 1607 2406 1663 ἅνω
2436 1630 2543 1663 που
2582 1611 2849 1679 καθῆσθαι
2898 1608 3107 1680 σπᾶοην
3159 1610 3390 1686 φὲροντα
3446 1617 3565 1673 ταῖς

1923 1697 2104 1773 χερσὶ,
2155 1696 2353 1771 βήλοις
2398 1719 2457 1752 τε
2504 1694 2831 1752 πολυτελέσι
2883 1694 3419 1774 περικεκλεισμὲνον,
3475 1698 3571 1757 ἅλ-

1925 1784 2037 1841 λων
2083 1786 2170 1840 καὶ
2224 1788 2402 1841 αὐτῶν
2444 1782 2697 1865 φοϐερῶν
2750 1784 3202 1862 περιισταμένων,
3234 1789 3432 1843 ἱκανῶν
3486 1786 3570 1844 ὅν-

150 1885 480 1943 πονὲσαντες
557 1879 981 1955 παραγίνοιντος
1064 1874 1263 1945 τηνίκα
1336 1875 1427 1929 καὶ
1502 1872 1626 1929 ἄλλ’
1686 1872 1815 1928 ἄττα
1846 1893 1892 1959 Β
1921 1896 2029 1931 των
2062 1874 2150 1929 καὶ
2180 1874 2389 1929 τούτων
2420 1875 2759 1946 καταπλῆξαι
2790 1877 2881 1931 τὸν
2938 1878 3149 1951 ὁρῶντα
3178 1879 3295 1931 καθ’
3320 1878 3566 1939 ἑαυτοὺς.

155 1968 369 2051 φοϐερὰ
401 1968 613 2026 ὑπενόει
647 1968 723 2031 ὠς
770 1964 962 2021 αὐτίκα
1003 1964 1094 2020 καὶ
1143 1963 1203 2019 ἐκ
1248 1969 1347 2033 τῆς
1377 1963 1500 2051 θέας
1530 1957 1809 2051 φοϐήσων.

151 2050 447 2117 Ἐπέταττε
506 2058 610 2134 γὰρ
667 2058 765 2119 τὰς
820 2053 1077 2127 δυνάμεις
1141 2053 1192 2108 ἐν
1256 2050 1436 2124 ταυτῷ
1514 2050 1810 2123 συνελθεῖν;

153 2152 246 2207 καὶ
279 2147 641 2208 ὁπλισθὲντας
687 2146 825 2200 κατὰ
875 2145 1119 2222 φρήτρας
1164 2142 1253 2197 καὶ
1307 2139 1452 2217 φῦλα
1493 2140 1583 2195 καὶ
1614 2140 1811 2211 τάξεις,

150 2242 203 2296 ὲν
261 2243 460 2299 ποσοῖς
517 2257 629 2291 τισι
680 2255 788 2289 των
849 2230 993 2287 ὁδῶν
1060 2230 1419 2304 διαστήμασιν
1495 2230 1814 2302 ἱσταμένους

149 2328 571 2407 καταφράκτους
604 2321 835 2396 σιδήρῳ,
869 2316 1037 2399 φόϐον
1069 2321 1208 2375 κατὰ
1254 2316 1478 2381 παιδιὰς
1538 2318 1809 2391 ἐμποιεῖν.

150 2518 532 2579 dissimulata
583 2514 895 2571 formidine
947 2514 1103 2585 ipsos
1153 2512 1372 2567 fallere.
1426 2513 1502 2567 Ac
1556 2512 1813 2583 primum

153 2610 321 2667 misit
363 2612 552 2664 certos
584 2604 857 2661 homines
889 2603 990 2675 qui
1022 2601 1366 2657 nuntiarent
1410 2601 1469 2655 in
1517 2601 1815 2656 Persidem

155 2702 562 2757 Romanorum
594 2696 1007 2767 imperatorem
1039 2707 1382 2764 comparare
1421 2692 1571 2747 185
1610 2691 1708 2745 sed
1745 2691 1815 2745 ad

160 2786 523 2845 movendum
542 2784 602 2839 in
624 2799 725 2839 eos
745 2782 977 2837 infestis
1000 2778 1206 2852 signis.
1234 2779 1303 2835 Hi
1336 2778 1435 2835 alii
1469 2794 1645 2850 super
1670 2777 1817 2834 alios

154 2878 317 2933 varie
348 2874 737 2932 mittebantur
762 2886 942 2943 quam
960 2868 1351 2938 velocissime,
1370 2884 1502 2923 cum
1523 2868 1819 2923 mandatis

164 2978 528 3037 magnopere
540 2959 855 3017 extollendi
874 2957 1121 3015 Romani
1145 2956 1377 3028 imperii
1404 2954 1822 3027 potentiam,ut

162 3056 443 3111 resistere
466 3049 631 3107 nulla
653 3048 924 3121 quamvis
952 3048 1072 3102 tera
1092 3050 1150 3102 et
1171 3061 1489 3101 numerosa
1517 3060 1662 3116 gens
1685 3060 1818 3116 pos-

160 3145 263 3209 sit,
300 3144 359 3197 in
381 3156 567 3212 eaque
585 3137 977 3195 afﬁrmatione
1002 3151 1178 3207 quam
1198 3134 1609 3190 efﬁcacissime
1631 3132 1817 3188 inculo

160 3227 715 3293 candainsistendi,
761 3226 952 3297 quoad
997 3224 1172 3279 ﬁdem
1218 3223 1495 3279 facerent.
1528 3222 1710 3293 Cujus
1735 3221 1816 3278 rei

159 3319 427 3394 periculo
459 3335 531 3374 ne
563 3318 1016 3382 deterrerentur,
1042 3314 1342 3385 provisum
1366 3318 1492 3368 erat
1523 3312 1817 3384 magnitu-

160 3412 301 3467 dine
324 3408 625 3483 promissae
643 3401 1707 3474 mercedis.Constituebanturquippe
1728 3402 1819 3457 bis

159 3503 262 3575 qui
295 3500 475 3557 istam
508 3513 745 3571 operam
779 3494 1112 3567 reipublicae
1148 3493 1447 3551 navabant
1480 3491 1681 3564 ampla
1727 3493 1822 3548 de-

160 3605 372 3647 mensa
401 3592 455 3644 et
488 3583 722 3659 publiCo
749 3589 806 3641 et
826 3587 992 3640 stata
1017 3588 1413 3655 perpetuoque
1435 3581 1730 3636 duratura:
1761 3581 1819 3636 in

162 3680 452 3737 alimenta
484 3677 821 3750 pensiones,
856 3674 1075 3746 quibus
1106 3674 1154 3729 si
1188 3672 1326 3743 quid
1362 3671 1732 3737 humanitus,
1758 3676 1823 3727 ut

160 3772 221 3827 in
249 3769 586 3843 periculoso
613 3766 965 3835 ministerio,
1009 3763 1129 3837 pati
1162 3762 1529 3835 contingeret
1575 3778 1675 3818 eos
1720 3763 1820 3833 qui

165 3860 531 3923 meruerant,
565 3870 774 3911 uxores
825 3854 1089 3923 ipsorum
1133 3850 1420 3922 liberique
1466 3849 1818 3905 fruerentur.

168 3946 327 4001 Alios
354 3930 533 4000 etiam
556 3939 873 3997 destinavit
907 3940 966 3994 in
1006 3954 1323 3995 occursum
1354 3936 1685 4010 legatorum
1719 3939 1821 4010 qui

166 4035 570 4091 monstrarent
599 4032 711 4086 iter
764 4046 776 4083 :
828 4030 928 4085 sed
976 4027 1069 4084 his
1114 4028 1390 4101 praecepit
1415 4032 1478 4083 ut
1509 4044 1606 4084 eos
1639 4030 1709 4083 de
1739 4028 1824 4085 in-

162 4125 401 4182 dustria
431 4140 534 4196 per
564 4122 689 4177 loca
722 4120 976 4176 maxime
998 4135 1201 4189 aspera
1221 4119 1497 4190 inviaque
1519 4119 1820 4192 ducerent,

162 4218 518 4271 excusantes
542 4210 646 4267 soli
678 4215 948 4266 naturam
972 4212 1028 4264 et
1046 4208 1451 4264 difﬁcultatem
1476 4208 1822 4271 situs,inde-

165 4322 283 4378 que
314 4306 552 4375 captata
583 4300 889 4357 occasione
919 4300 1405 4355 commendantes
1437 4298 1595 4354 istud
1626 4300 1820 4371 ipsum

163 4395 315 4467 ipsis
336 4391 621 4449 exibitum
658 4389 918 4446 ofﬁcium
952 4393 1232 4459 tanquam
1275 4388 1822 4460 videlicetimperac

161 4493 255 4541 tor
286 4482 494 4541 audito
533 4479 771 4536 illorum
804 4479 1079 4544 adventu,
1112 4482 1169 4533 et
1197 4478 1469 4534 conscius
1489 4478 1822 4549 asperitatis

163 4575 470 4639 itinerum,
498 4569 687 4625 multa
706 4567 1065 4640 benignitate
1091 4567 1292 4623 obvios
1315 4568 1423 4623 ded
1436 4573 1661 4623 uctores
1682 4568 1821 4622 via:-

169 4678 283 4735 que
307 4661 539 4716 indices
558 4656 805 4713 miserit.
825 4639 1342 4728 Admonueratque
1365 4664 1430 4711 ut
1451 4657 1498 4711 si
1519 4656 1652 4727 quis
1672 4657 1820 4713 forte
1852 4639 1900 4701 D

166 4756 499 4826 legatorum
523 4748 674 4803 inter
692 4762 842 4819 aegre
868 4747 1204 4817 superanda
1228 4747 1552 4818 praecipitia
1589 4747 1825 4818 rupium

161 4849 221 4899 et
250 4842 522 4898 saltuum
546 4837 821 4910 perplexa
840 4837 1101 4893 offensus
1120 4840 1586 4909 percontaretur,
1620 4837 1824 4908 ecquis

162 4933 252 4989 vel
303 4932 483 5001 longo
526 4928 779 4984 circuitu
831 4927 1012 4999 quaeri
1063 4931 1259 4999 posset
1286 4927 1427 4982 alibi
1459 4930 1824 4982 commodior

162 5022 729 5091 transitus,constan
739 5023 827 5073 tes
849 5020 1291 5090 concordesque
1306 5022 1707 5073 asseverarent
1721 5034 1824 5072 nu-

162 5128 381 5186 squam
396 5108 722 5182 quidquam
752 5106 1121 5163 tolerabilius
1152 5108 1511 5178 sperandum
1558 5124 1570 5162 :
1604 5107 1823 5179 ubique

161 5202 324 5259 enim
378 5197 659 5255 similiter
684 5200 1036 5269 praeruptam
1090 5197 1555 5269 impeditamque
1603 5202 1820 5254 terram

160 5293 500 5349 Romanam
556 5302 705 5353 esse,
770 5285 878 5341 hoc
930 5285 1227 5358 siquidem
1280 5286 1449 5343 facile
1496 5287 1821 5343 credituros

158 5380 448 5437 audacter
474 5373 1236 5479 indigenis/afﬁrmantibus
1274 5391 1515 5448 peregre
1538 5376 1822 5447 appulsos

163 5472 457 5528 barbaros
477 5467 552 5522 ob
576 5465 971 5521 neces’sariam
990 5465 1414 5543 ignorationem
1437 5471 1559 5521 tam
1583 5466 1820 5537 longin-

156 5577 291 5628 quae
330 5554 614 5628 regionis.
638 5555 1121 5625 Quandocunque
1158 5559 1355 5610 autem
1403 5560 1535 5627 post
1566 5554 1819 5610 multum

164 5648 432 5719 denique
463 5644 721 5700 laborem
750 5644 822 5698 ad
862 5642 1277 5715 imperatorem
1302 5645 1692 5716 pervenirent,
1724 5661 1821 5700 ex-

159 5737 529 5809 cogitaverat
588 5732 827 5787 modum
883 5732 1217 5804 objectandi
1276 5734 1361 5789 eis
1410 5734 1530 5790 illic
1582 5750 1819 5791 scenam

1926 1964 2067 2019 οὕτω
2090 1969 2265 2019 ποιεῖν
2301 1964 2661 2039 χρηματίζειν
2721 1971 2836 2027 τοῖς
2894 1960 3169 2037 πρέσϐεσι,
3206 1967 3411 2041 μακρὰν
3474 1968 3567 2040 μὶν

1925 2050 2254 2126 ἱσταμένοις,
2296 2053 2419 2108 ὅσον
2481 2052 2710 2123 εἰκάζειν
2759 2055 2849 2108 τὸν
2905 2050 3133 2129 βασιλέα
3181 2055 3272 2109 καὶ
3322 2056 3449 2128 ὁρᾷν
3501 2058 3569 2111 τὰ

1926 2141 2195 2217 δρώμενα,
2226 2142 2473 2219 ἐξαίφνης
2529 2141 2576 2197 δ’
2626 2142 2677 2212 ἐξ
2722 2140 2931 2213 ἀδήλου
2977 2148 3083 2199 τῶν
3134 2146 3567 2219 παραπετασμά-

1922 2252 2029 2285 των
2090 2226 2508 2305 διανοιχθέντων
2561 2230 2733 2293 οὕτως
2794 2230 3092 2308 ἐγγενέσθαι
3153 2232 3297 2308 σφίσι
3346 2228 3567 2307 βλέπειν

1921 2322 2012 2375 τὸν
2077 2318 2302 2395 βασιλέα
2350 2320 2437 2375 ἐπὶ
2493 2325 2590 2375 τοῦ
2650 2322 2847 2396 θρύνου
2907 2319 3055 2394 μάλα
3114 2316 3568 2397 σοϐαρευόμενον,

1926 2513 2097 2583 plane
2136 2513 2475 2581 terriﬁcam,
2530 2528 2777 2585 quisque
2826 2513 2987 2585 ipsos
3035 2513 3361 2585 quamlibet
3416 2517 3569 2572 feros

1930 2602 2116 2673 primo
2140 2606 2375 2673 aspectu
2402 2601 2757 2671 percelleret.
2781 2606 3135 2673 Praeceperat
3158 2602 3313 2658 enim
3352 2605 3570 2660 exerci-

1926 2694 2051 2745 tum
2077 2690 2382 2746 convenire
2405 2690 2771 2760 universum,
2805 2707 3127 2763 omnesque
3153 2690 3366 2747 milites
3388 2709 3573 2750 arma-

1928 2785 2021 2837 tos
2058 2796 2162 2853 per
2202 2780 2556 2852 manipulos,
2598 2781 2894 2850 cohortes,
2924 2782 3208 2854 legiones,
3244 2784 3486 2840 structis
3516 2787 3573 2840 et

1931 2870 2176 2941 digestis
2206 2869 2531 2936 ordinibus,
2556 2871 2626 2926 ad
2648 2874 2805 2927 certa
2830 2871 3058 2928 viarum
3103 2872 3411 2929 intervalla
3449 2878 3569 2929 sta-

1928 2958 2189 3015 tionibus
2221 2959 2549 3032 descriptis,
2590 2977 2871 3033 apparere
2897 2962 3305 3033 cataphractos
3327 2966 3386 3019 et
3415 2967 3570 3020 totos

1931 3049 2190 3121 rigentes
2212 3050 2385 3118 ferro,
2420 3050 2664 3122 insuper
2680 3051 2935 3107 monitos
2965 3055 3033 3107 ut
3058 3056 3244 3108 artem
3294 3053 3577 3109 adderent

1933 3140 2185 3210 negotio,
2214 3139 2625 3212 eil‘erandaque
2665 3140 2799 3195 daia
2827 3156 3005 3212 opera
3035 3142 3413 3197 contumacia
3430 3159 3573 3213 qua-

1928 3228 2061 3284 dam
2082 3228 2200 3285 oris
2231 3244 2297 3284 ac
2326 3228 2777 3300 superciliorum
2810 3228 2984 3284 minis
3015 3230 3186 3301 quasi
3226 3246 3329 3303 per
3359 3228 3568 3286 ludum

1930 3319 2311 3375 formidinem
2339 3322 2639 3391 augerent.
2654 3320 2964 3376 Senatores
2991 3336 3225 3393 quoque
3242 3329 3479 3377 cunctos
3507 3338 3573 3377 ac

1928 3411 2219 3479 quotquot
2242 3410 2277 3462 1
2292 3408 2395 3463 86
2418 3408 2475 3463 in
2504 3408 2797 3480 praecipua
2818 3407 3107 3481 dignitate
3140 3412 3308 3465 erant
3327 3425 3570 3481 preser-

1928 3497 2036 3554 tim
2060 3497 2401 3568 imperatori
2424 3497 2734 3569 sanguinis
2756 3497 3073 3570 principes,
3106 3500 3363 3570 jusserat
3393 3516 3572 3571 quam

1933 3586 2242 3658 magniﬁce
2268 3602 2334 3643 ac
2364 3586 2800 3659 speciosissime
2828 3588 3072 3644 vestitos
3104 3587 3414 3660 perculiari
3436 3605 3578 3645 cura

1932 3677 2305 3747 majestatem
2338 3692 2403 3731 ac
2418 3676 2635 3732 fastum
2655 3676 2948 3746 affectare,
2972 3677 3089 3733 imo
3112 3678 3575 3734 trucibusoculis

1931 3765 2213 3838 vultuque
2234 3764 2384 3821 irato
2410 3765 2564 3821 feros
2594 3765 2842 3838 spiritus
2866 3783 2981 3839 prie
3005 3783 3069 3823 se
3093 3766 3241 3823 ferre
3262 3767 3421 3823 velut
3442 3784 3574 3823 mox

1933 3855 2262 3911 obtrituros
2326 3871 2742 3927 quemcunque
2771 3860 3200 3923 occurrentem,
3234 3856 3437 3929 sicque
3494 3857 3579 3913 ire

1936 3945 2240 4015 redireque
2253 3945 2795 4016 saepius,ostentare
2826 3959 2887 4000 se
2905 3960 3230 4017 rursusque
3256 3945 3573 4013 occultare,

1932 4035 2255 4107 statimque
2285 4036 2476 4091 denuo
2515 4034 2757 4105 intrare,
2782 4040 2847 4091 ut
2868 4035 2967 4091 alii
2990 4036 3205 4107 aliique
3238 4038 3576 4093 viderentur

1931 4131 1989 4183 et
2010 4142 2293 4182 numerus
2313 4126 2369 4181 in
2400 4126 2656 4198 speciem
2681 4130 2986 4183 cresceret.
3020 4126 3184 4183 Sicut
3204 4126 3359 4183 enim
3384 4144 3571 4182 annu-

1933 4221 2054 4271 lum
2090 4215 2223 4288 pala
2245 4220 2536 4271 carentem
2558 4216 2657 4288 qui
2677 4216 2933 4271 secundo
2953 4216 3115 4272 videt
3132 4216 3297 4272 facile
3323 4216 3574 4272 alterum

1933 4304 2138 4373 credit,
2171 4303 2389 4375 quippe
2430 4319 2544 4359 non
2576 4303 2888 4359 habentem
2921 4320 3035 4374 quo
3067 4303 3440 4360 discernatur
3471 4307 3575 4359 aut

1933 4392 2090 4448 unde
2137 4391 2367 4462 judicet
2432 4396 2726 4463 spectator
2755 4392 3028 4447 eumdem
3080 4408 3263 4447 unum
3322 4392 3580 4449 secundo

1933 4483 2176 4538 tertiove
2206 4481 2384 4551 sumi,
2419 4496 2600 4553 quare
2632 4480 2716 4536 illi
2742 4480 2907 4537 facile
2939 4483 3330 4553 persuadetur
3361 4483 3578 4540 multos

1932 4588 2059 4630 esse
2093 4573 2264 4643 plane
2308 4570 2530 4627 similes
2572 4571 2685 4627 sibi
2734 4572 3137 4640 succedentes,
3188 4572 3271 4628 ita
3319 4590 3574 4645 pronum

1930 4664 2055 4718 erat
2074 4665 2301 4717 exteros
2332 4659 2649 4714 intrantem
2684 4659 2743 4714 in
2776 4658 2972 4715 aulam
3017 4660 3472 4732 oﬁ'erentsmque
3514 4676 3576 4717 se

1932 4750 2182 4806 subinde
2226 4754 2557 4805 senatorem
2606 4753 2709 4805 aut
2757 4748 3085 4821 principem
3134 4750 3412 4806 eumdem
3470 4768 3574 4823 pro

1929 4837 2174 4893 diversis
2205 4852 2457 4891 sumere.
2492 4836 2667 4892 Porro
2714 4836 2842 4909 ipse
2890 4836 3283 4908 imperatoriis
3314 4838 3578 4895 vestibus

1932 4928 2182 4984 maxime
2215 4928 2485 4999 augustis
2516 4926 3000 4999 splendidissime
3031 4931 3277 4985 ornatus
3304 4928 3580 5000 praecelsa

1931 5018 2194 5073 residens
2225 5016 2392 5087 solio,
2426 5016 2734 5072 minaciter
2763 5017 3035 5089 supinus,
3063 5016 3227 5074 vultu
3279 5034 3348 5075 ac
3391 5020 3577 5075 fronte

1929 5123 2213 5164 terrorem
2241 5106 2629 5179 spirantibus,
2661 5122 2862 5162 ensem
2914 5107 3250 5164 districtum
3280 5125 3461 5165 manu
3492 5108 3574 5164 vi-
3646 5150 3650 5154 Α

1930 5199 2106 5254 brans
2138 5197 2355 5253 latebat
2376 5198 2531 5253 intra
2556 5201 2785 5269 septum
2809 5197 2952 5253 velis
2975 5198 3235 5271 undique
3274 5200 3578 5272 pretiosis-

1931 5289 2098 5345 simis
2121 5287 2399 5360 oppansis
2422 5288 2709 5352 clausum,
2730 5304 2842 5343 non
2877 5289 3074 5344 statim
3095 5293 3452 5362 conspicuus
3475 5292 3577 5346 ad-

1933 5378 2239 5433 mittendis
2260 5378 2318 5432 in
2334 5377 2552 5441 aulam,
2570 5394 2697 5449 qua:
2719 5376 2852 5432 aliis
2873 5379 3031 5435 varie
3052 5380 3244 5435 cincta
3282 5380 3576 5438 terriculis

1934 5468 2086 5524 haud
2112 5468 2292 5523 dubia
2317 5467 2628 5523 formidine
2660 5468 2971 5540 perfusura
2995 5472 3577 5544 eratquantumlibet

1896 5554 1897 5559 “
1933 5563 2305 5615 constantem
2361 5559 2762 5630 audacemque
2806 5565 3215 5630 spectatorem.
3251 5562 3580 5620 Traductos

1938 5665 2039 5719 per
2062 5648 2234 5703 istam
2259 5653 2547 5703 terrorum
2576 5664 2851 5719 pompam
2877 5649 2934 5703 in
2960 5649 3086 5722 ipso
3114 5656 3432 5724 conspectu
3464 5652 3575 5708 veli

1932 5738 2213 5794 thronum
2246 5739 2469 5811 regium
2520 5739 2773 5811 tegentis
2822 5756 2986 5796 mora
3019 5741 3387 5815 longiuscula
3427 5744 3578 5801 dcti-

2746 5824 2772 5845 ⁸
