4258 6438
679 370 790 427 575

1986 375 2288 431 GEORGII
2327 374 2788 432 PACHYMERB

3979 381 4084 437 576

680 493 841 570 ὀλίγα
866 515 925 548 τε
951 492 1120 548 εἰπεῖν
1148 493 1236 548 καὶ
1288 493 1511 548 ἀκοῦσαι
1573 494 2084 570 μεταξυλογούντων
2136 502 2323 570 τινῶν,
2355 499 2407 566 Α
2438 497 2572 552 σάτα
2602 494 2860 568 λαϐόντα,
2893 498 3218 574 προσέταττε
3263 501 3353 555 τὸν
3386 500 3634 574 πόλεμον
3680 503 3816 575 πρὸς
3877 501 4080 559 ἐκεῖνον

675 580 884 661 φοϐερὰ
932 581 989 638 δέ
1035 584 1124 638 καὶ
1173 588 1342 639 ταῦτα
1388 582 1674 654 δοκοῦντα,
1709 587 1782 648 ὡς
1836 588 2001 658 μόνον
2055 587 2324 662 λεγόμενα

675 672 1041 745 καταπλῆξαι.
1103 674 1197 727 Καὶ
1261 672 1432 735 οὕτως
1490 673 1574 728 ἐπ’
1631 673 1818 748 ὀλίγον
1878 674 2325 749 ἀφοσιωσάμενον

673 762 768 817 τὸν
836 762 1253 837 χρηματισμὸν,
1305 763 1620 834 ἀποπέμπει
1673 761 1762 817 διὰ
1816 768 1924 818 τῶν
1993 763 2170 819 αὐτῶν
2232 765 2321 819 καὶ

674 850 841 906 πάλιν
901 847 1228 926 δυσχωριῶν
1287 856 1402 914 τοῖς
1459 849 1687 925 ὁδηγοῖς
1746 852 2206 929 έπαναγομένους.
2242 853 2324 911 Τὰ

671 947 805 1018 γοῦν
854 941 1092 1018 πρότερα
1136 943 1287 997 ταῦτ’
1337 945 1492 1012 ἦσαν,
1538 944 1628 997 καὶ
1687 942 1827 998 οὕτω
1898 942 2142 1006 δεδιότας
2203 946 2322 1016 ξυν-

670 1025 878 1085 έϐαινεν
928 1025 1240 1108 ἀντιφοϐεῖν
1289 1030 1348 1085 tu
1396 1029 1658 1092 συνέσεως
1694 1049 1706 1063 ⁸
1740 1032 1862 1088 τότε
1888 1031 1934 1086 δ’
1965 1031 2192 1105 ὁμαλῶς
2231 1035 2321 1088 καὶ

666 1120 849 1190 ἠπίως
878 1121 1015 1174 πάνυ
1045 1119 1368 1196 ἐπεχείρουν
1397 1116 1782 1193 πρεσϐεύεσθαι
1820 1123 1915 1194 μέν
1947 1121 2030 1176 ἐπ’
2061 1121 2321 1192 ἐκείνους,

668 1207 869 1272 ἐκεῖθεν
903 1207 959 1263 δὶ
989 1204 1242 1284 πρέσϐεις
1276 1207 1548 1284 δέχεσθαι,
1575 1211 1651 1272 ὡς
1671 1209 1863 1266 αὐτίκα
1893 1210 1980 1265 καὶ
2012 1213 2148 1265 κατά
2175 1209 2320 1281 κήδη

670 1295 984 1352 σπένδεσθαι
1021 1297 1268 1370 μελετᾷν.

671 1411 770 1469 κς¹.
807 1405 934 1479 Περὶ
987 1408 1123 1482 τῶνῃ
1145 1406 1299 1482 κατὰ-
1328 1403 1476 1460 δύσιν
1513 1406 1644 1482 ’.καὶ
1695 1405 1844 1482 ὅπως
1893 1411 2103 1482 Καῖσαρ
2154 1427 2324 1482 προσ-

1064 1472 1254 1531 έϐαλεν
1282 1476 1342 1532 ὲκ
1370 1475 1614 1551 παρόδου
1639 1482 1707 1552 τῇ
1733 1479 1918 1534 πόλει.

736 1563 896 1622 Οὕτω
954 1563 1012 1620 δὲ
1059 1570 1169 1620 τῶν
1218 1572 1322 1634 τῆς
1368 1564 1642 1636 ἀνατολῆς
1677 1572 1858 1642 μερῶν
1905 1569 2318 1642 κρατυνομένων

662 1657 750 1710 καὶ
801 1656 922 1710 κατ’
952 1653 1180 1718 ἐλπίδας
1231 1656 1452 1730 ἀγαθὰς,
1499 1654 1784 1724 ὄντων,τά
1823 1659 1959 1712 κατὰ
2020 1656 2171 1713 δύσιν
2227 1659 2318 1714 καὶ

661 1744 814 1806 αὖθις
848 1743 1165 1817 έκύμαινον.
1199 1747 1261 1803 Ὀ
1288 1747 1390 1822 γὰρ
1423 1743 1692 1816 δεσπότης
1732 1747 1965 1822 Μιχαὴλ
1998 1749 2080 1820 [Ρ.
2112 1750 2203 1820 89]
2239 1749 2314 1820 μή

2432 585 2673 662 έκφέρειν
2711 607 2722 619 ·
2757 587 2872 643 ἐπεὶ
2905 587 2962 644 δὲ
2991 591 3078 644 καὶ
3114 592 3166 644 οἱ
3199 591 3303 645 ἀπὸ
3351 597 3451 658 τῆς
3500 589 3796 660 Σικελικῆς
3848 592 4085 667 ῥηγικῆς

2435 675 2674 746 ἐξουσίας
2706 675 2891 732 πολλὰ
2922 682 3028 732 τῶν
3058 678 3344 755 Ἱλλυριῶν
3395 681 3484 734 καί
3533 687 3633 748 τῆς
3676 682 3798 744 νέας
3829 681 4089 758 Ἠπείρου

2432 767 3004 842 προσεσφετερίσαντο,
3046 769 3252 840 πέμπει
3298 768 3515 824 κάκεῖσε
3561 769 3690 831 τοὺς
3740 771 4088 843 ἀντιταξομέ-

2431 874 2574 916 νους.
2591 857 2695 912 Καὶ
2725 854 2791 925 δὴ
2814 863 2895 930 τῷ
2916 857 3142 932 Καίσαρι
3179 859 3404 932 Ἀλεξίῳ
3434 861 3494 914 τὸ
3520 861 3783 924 Σκυθικὸν
3809 859 4089 936 παραδοὺς

2433 946 2527 998 σὺν
2560 944 2621 999 οὐ
2651 945 2888 1009 πολλοῖς
2921 946 3118 1011 ἄλλοις
3147 953 3365 1024 πρῶτον
3397 951 3534 1025 πρὸς
3580 949 3793 1023 Θρᾴκην
3844 949 4090 1024 έξώρμα,

2430 1035 2498 1088 τὰ
2546 1036 2682 1090 κατά
2727 1037 2826 1103 τήν
2857 1035 3176 1112 Ὀρεστιάδα
3227 1037 3411 1101 καλῶς
3463 1040 3538 1100 ὡς
3581 1040 3697 1113 εἶχε
3757 1037 4088 1112 διαθησόμε-

2430 1145 2545 1197 νον,
2596 1124 2650 1178 έν
2709 1123 2945 1200 δευτέρῳ
2997 1127 3220 1182 κάκεῖνα
3275 1129 3578 1198 τιθέμενος.
3636 1129 3714 1185 Τὸ
3755 1129 3855 1204 γὰρ
3905 1128 4088 1186 Βουλ-

2432 1215 2658 1288 γαρικὸν
2699 1213 2797 1269 οὐκ
2840 1213 3035 1283 ἤθελεν
3095 1217 3348 1290 ἠρεμεῖν,
3396 1216 3487 1271 καὶ
3549 1215 3764 1289 μᾶλλον
3823 1219 3942 1272 κατ’
3995 1213 4090 1293 ἔχ·

2431 1306 2561 1380 θραν
2601 1303 2691 1358 καὶ
2745 1308 2901 1376 μῖσος
2951 1305 3012 1358 τὸ
3062 1305 3198 1374 πρὸς
3253 1303 3504 1378 βασιλέα,
3535 1311 3638 1376 τῆς
3687 1309 3914 1381 πρώτης
3965 1312 4080 1361 τῶν

2433 1394 2738 1467 θυγατέρων
2797 1397 2894 1447 τοῦ
2952 1392 3190 1469 Λάσκαρι
3270 1391 3558 1470 Θεοδώρου
3637 1395 3728 1450 καὶ
3807 1393 4082 1470 βασιλέως

2430 1483 2672 1557 Εἰρήνης
2699 1483 2792 1537 τὸν
2842 1482 3072 1557 σύζυγον
3117 1488 3552 1551 Κωνσταντῖνον,
3585 1485 3643 1538 ’ὀν
3704 1486 3794 1539 καὶ
3850 1482 4087 1559 βασιλέα

2430 1573 2766 1648 Βουλγάρων
2813 1575 2842 1628 6
2892 1571 3058 1646 λόγος
3106 1570 3336 1642 ἐδείκνυ,
3389 1573 3538 1646 μάλα
3586 1576 3805 1648 Θερμῶς
3860 1574 4087 1650 έξοτρυο

2427 1662 2628 1732 νούσης
2678 1666 2882 1717 κακοῦν
2951 1664 3052 1731 τὴν
3122 1663 3330 1738 χώραν,
3380 1662 3668 1717 ἀντίποινα
3721 1661 3881 1732 δῆθεν
3936 1664 4013 1716 ὧν
4057 1664 4086 1717 6

2427 1749 2661 1824 ἀδελφός
2712 1753 2972 1820 Ἰωάννης
3023 1748 3250 1826 ἔπασχε.
3302 1754 3398 1824 Τῷ
3442 1756 3569 1826 γοῦν
3627 1754 3850 1826 Καίσαρι
3910 1773 4082 1826 προσ-

666 1834 909 1910 εὐχερῶς
957 1834 1133 1929 φέρων
1185 1829 1543 1908 στερούμενος
1595 1841 1703 1890 τῶν
1757 1837 2029 1913 φρουρίων
2075 1838 2165 1892 καὶ
2212 1844 2312 1905 τῆς
2349 1838 2752 1929 Βτεταγμένον
2811 1841 2878 1909 ἦν
2936 1841 3072 1915 πρὸς
3127 1840 3397 1916 βασιλέως
3470 1840 3741 1896 έπιστάντι
3803 1847 3922 1904 τοῖς
3980 1849 4087 1911 τῆς

667 1924 857 2000 ’χώρας
907 1922 1351 1997 ἀπεληλαμένος,
1383 1926 1445 1993 ἣν
1507 1927 1535 1980 6
1575 1927 1718 1986 Θεῖος
1768 1925 1932 1981 αὐτοῦ
1985 1927 2075 1981 καὶ
2133 1927 2315 2002 πατὴρ

669 2014 697 2067 6
756 2011 1058 2088 Θεόδωρος,
1120 2014 1179 2076 ’ὸς
1255 2014 1345 2068 καὶ
1431 2013 1722 2089 βασιλικῆς
1779 2014 2128 2091 ἀναρρήσεως
2183 2016 2319 2071 κατὰ

668 2100 820 2156 δύσιν
869 2104 1080 2174 ἠξιώθη
1131 2103 1227 2158 τοῦ
1260 2101 1539 2179 Ἀρχιδῶν
1590 2105 1980 2166 ταινιώσαντος
2028 2100 2317 2176 Ἰακώϐου,

664 2189 856 2266 ἱδρῶσι
908 2191 1188 2247 πλείστοις
1240 2193 1331 2246 καὶ
1379 2194 1554 2267 σπάθῃ
1615 2191 1881 2256 έκσπάσας
1924 2198 2032 2249 τῶν
2085 2193 2314 2250 Ἰταλῶν

660 2287 778 2343 τοῖς
829 2279 990 2342 ἰδίοις
1044 2283 1510 2356 προσεποιήσατο,
1539 2283 1746 2338 τούτων
1809 2286 1884 2356 μὴ
1939 2286 2115 2361 φέρων
2151 2286 2178 2339 6
2209 2290 2316 2340 Μι-

660 2372 816 2448 χαὴλ
870 2371 1229 2446 στερούμενος
1315 2368 1655 2444 ἀνελάμϐανέ
1735 2394 1794 2428 τε
1868 2374 1963 2436 τὰς
2031 2375 2169 2448 πρὸς
2223 2377 2313 2430 τὸν

670 2460 904 2538 βασιλέα
944 2462 1240 2534 συνθήκας,
1267 2462 1357 2516 καὶ
1406 2463 1472 2516 τὰ
1527 2462 1665 2516 κατὰ
1694 2459 1842 2517 δύσιν
1877 2463 2314 2537 ὑποποιούμενος

665 2551 912 2627 εὐχερῶς
960 2551 1102 2626 πρὸς
1150 2549 1339 2621 ἑαυτὸν
1392 2548 1478 2604 διὰ
1517 2551 1579 2606 τὸ
1609 2552 1697 2606 καὶ
1729 2550 1914 2614 ἄλλως
1942 2558 2049 2607 τῶν
2084 2552 2314 2627 δυτικῶν

666 2639 981 2714 εύρίπιστον
1027 2637 1234 2702 ἔπειθεν
1287 2637 1601 2694 ἀποκλίνειν
1650 2639 1821 2702 αὗθις,
1857 2640 1956 2694 Διά
2000 2625 2166 2697 ταῦτα
2223 2643 2314 2698 τὸν

669 2730 766 2803 μὶν
821 2725 1088 2798 δεσπότην
1142 2728 1169 2781 6
1205 2726 1461 2802 βασιλεὺς
1489 2727 1772 2802 Ἰωάννην,
1805 2727 2014 2802 σπουδῇ
2059 2729 2124 2784 τὰ
2167 2753 2315 2808 φωσ-

662 2953 828 3008 nuit:
855 2955 978 3006 tum
1005 2967 1334 3022 suspensus
1355 2948 1754 3020 expectatione
1790 2950 2047 3006 sollicita
2078 2956 2314 3022 repente

660 3040 862 3097 aulaeis
885 3039 1143 3109 undique
1169 3038 1428 3094 reductis
1454 3042 1710 3109 angusta
1731 3037 1832 3093 illa
1855 3043 1911 3094 et
1939 3041 2214 3107 verenda,
2241 3041 2312 3096 de

660 3145 778 3201 qua
808 3129 947 3194 dixi,
983 3128 1296 3198 majestate
1331 3126 1612 3198 perculit;
1639 3127 1845 3197 jussos
1876 3127 2089 3184 dehinc
2119 3129 2312 3186 dicere

661 3236 788 3292 quae
819 3219 1034 3274 vellent
1063 3216 1453 3288 contemptim
1511 3215 1670 3272 aliud
1710 3234 1886 3286 agens
1918 3217 2162 3285 audivit,
2186 3218 2311 3274 cui-

659 3310 796 3364 dam
826 3300 1151 3363 identidem
1183 3305 1406 3378 aliquid
1436 3306 1498 3361 in
1531 3323 1733 3361 aurem
1763 3305 2163 3363 insusurranti
2184 3325 2311 3380 par-

659 3403 778 3455 tem
824 3396 1168 3454 attentionis
1199 3395 1604 3451 commodans.
1641 3395 1748 3451 Ubi
1782 3401 2148 3468 perorarunt,
2177 3414 2309 3469 per-

655 3505 844 3562 pauca
873 3503 1057 3559 eaque
1089 3485 1342 3541 minacia
1361 3485 1683 3556 respondit.
1711 3488 1798 3541 Ita
1818 3486 2100 3543 dimissos
2121 3486 2309 3559 impe-

656 3582 747 3634 rat
767 3582 930 3632 extra
969 3575 1222 3631 limitem
1252 3592 1354 3647 per
1374 3575 1606 3630 easdem
1656 3575 2033 3647 confragosas
2070 3577 2218 3631 187
2256 3582 2313 3632 et

658 3670 981 3740 praeruptas
1013 3665 1138 3720 vias
1171 3664 1326 3719 duci.
1363 3664 1424 3718 In
1460 3667 1616 3718 hunc
1649 3665 1892 3721 modum
1926 3669 2066 3720 tunc
2097 3664 2196 3721 ille
2218 3682 2313 3720 su-

658 3759 922 3829 spectam
947 3753 1344 3825 arrogantiam
1369 3753 1562 3824 gentis
1585 3753 1848 3808 barbara;
1868 3753 2148 3809 simulata
2170 3771 2312 3824 pru-

659 3846 868 3900 denter
900 3843 1178 3916 superbia
1198 3842 1510 3898 retundere
1534 3843 1769 3914 sategit,
1794 3842 1923 3897 utili
1967 3847 2096 3898 tum
2121 3843 2311 3899 consi-

659 3935 758 3992 lio.
792 3934 903 3991 Sed
936 3933 1098 3990 aliud
1155 3936 1361 3988 secuta
1410 3937 1545 4004 post
1593 3936 1861 4003 tempora
1894 3938 2310 4004 poposcerunt.

661 4025 849 4089 Quare
880 4039 994 4079 non
1030 4023 1228 4078 minus
1251 4021 1550 4094 sapienter
1573 4021 1675 4093 qui
1699 4026 1899 4093 postea
1923 4022 2313 4094 imperarunt,

658 4115 948 4169 Tocharos
965 4111 1703 4184 etexceperuntvenientes
1725 4111 2047 4166 humanius
2061 4116 2117 4166 et
2142 4112 2311 4167 vicis-

663 4204 774 4260 sim
799 4201 1140 4259 honoriticis
1164 4201 1554 4272 legationibus
1576 4203 1998 4269 convenerunt,
2033 4200 2191 4256 omni
2215 4217 2314 4256 eos

661 4296 884 4350 ratione
920 4293 1030 4349 sibi
1063 4291 1376 4348 consiliare
1400 4295 1736 4361 satagcntes
1768 4294 1826 4345 et
1878 4291 2092 4346 (uadere
2133 4307 2311 4361 quam

659 4383 993 4442 arctissimo
1024 4384 1402 4453 conjungere.

657 4486 729 4540 26
785 4485 860 4542 De
916 4485 1077 4540 rebus
1127 4481 1442 4608 Occidui“,
1467 4489 1522 4534 et
1571 4485 1630 4606 att
1667 4480 1861 4536 Caesar
1892 4479 2070 4535 obiter
2121 4480 2314 4536 urbem

1349 4569 1414 4608 en
1448 4568 1596 4607 aven
1630 4592 1644 4606 .

1349 4568 1644 4610 entaveru.

2429 1929 2642 2003 Θρᾴκης
2695 1929 2876 2003 μέρεσι
2925 1931 3012 1984 καὶ
3172 1928 3332 1984 πόλει
3377 1936 3677 2006 προσσχεῖν
3709 1929 3768 1985 έκ
3811 1929 4085 2005 παρόδου,

2427 2018 2516 2073 καὶ
2547 2018 2810 2073 ἐπισεῖσαι
2860 2018 2956 2092 μὶν
3011 2018 3343 2074 ἀπειλοῦντα
3379 2020 3442 2074 τὸ
3493 2020 3645 2093 ξίφος
3672 2025 3788 2081 τοῖς
3819 2019 4085 2091 Ἰταλοῖς,

2433 2111 2509 2180 μή
2571 2109 2678 2181 μὴν
2735 2106 2791 2163 δὶ
2847 2108 2934 2162 καὶ
2993 2110 3199 2177 ὁτιοῦν,
3226 2111 3481 2184 πράττειν
3513 2126 3526 2139 ⁸
3581 2111 3651 2164 ού
3707 2109 3809 2184 γὰρ
3873 2111 4084 2170 ἱκανῶς

2428 2199 2544 2274 εἶχε
2591 2202 2697 2252 τῶν
2750 2199 3188 2270 στρατευμάτων.
3237 2200 3325 2259 Ὠς
3380 2203 3506 2274 γοῦν
3571 2199 3670 2266 τὴν
3745 2196 4000 2254 Καλλίου
4053 2200 4082 2252 6

2427 2293 2636 2364 Καῖσαρ
2715 2287 3041 2363 περαιωθεὶς
3107 2283 3424 2359 κατέλαϐεν,
3484 2283 3627 2362 ἔγνω
3715 2289 3986 2363 πρότερον
4049 2288 4085 2356 ἢ

2425 2383 2541 2439 τοῖς
2575 2377 2866 2448 κατωτέρω
2897 2381 3218 2450 προσσχεῖν,
3251 2375 3387 2431 κατᾶ
3443 2373 3754 2447 Σηλυϐρίαν
3807 2376 4089 2450 γενέσθαι,

2425 2467 2515 2522 καὶ
2546 2469 2613 2539 τῇ
2646 2464 2809 2520 πόλει
2841 2463 2901 2519 έκ
2924 2469 3031 2518 τῶν
3085 2462 3316 2520 δυτικῶν
3371 2469 3552 2541 μερῶν
3585 2467 3668 2538 [Ρ.
3703 2467 3795 2537 90]
3845 2486 4088 2538 προσεγ-

2424 2564 2578 2632 γίσας
2624 2552 2788 2628 (μηδὲ
2839 2556 2941 2628 γὰρ
2994 2554 3128 2608 εἶναι
3177 2553 3447 2628 κωλύμην
3499 2554 3745 2610 ἁπάντων
3805 2553 3913 2609 τῶν
3967 2555 4087 2610 έκεῖ

2425 2647 2504 2717 τῷ
2564 2644 2778 2720 βασιλεῖ
2851 2645 3320 2718 ὑποτεταγμένων)
3383 2649 3740 2701 κατοπτεῦσαι
3821 2646 3914 2716 μὶν
3991 2646 4087 2699 καὶ

2424 2735 2628 2804 ταύτην
2660 2735 2734 2797 ὡς
2764 2734 2879 2808 εἶχε
2923 2734 3047 2788 τότε
3095 2734 3181 2787 καὶ
3239 2739 3429 2806 μαθεῖν
3479 2735 3543 2788 τὰ
3591 2738 3697 2789 τῶν
3747 2732 3900 2795 ἐντὸς
3959 2738 4086 2798 πῶς

2423 2954 2726 3025 despotam
2760 2953 3042 3008 Joannem
3069 2953 3308 3022 jussum
3341 2952 3541 3008 statim
3575 2951 3899 3008 exercitum
3931 2952 4086 3008 edu-

2423 3058 2553 3098 cere
2584 3042 2653 3097 ad
2675 3039 3017 3097 Michaelem
3041 3039 3194 3096 bello
3227 3041 3559 3112 urgendum
3583 3041 3766 3096 misit.
3795 3041 4088 3097 Praaterea

2422 3131 2700 3204 quoniam
2725 3131 2918 3186 missas
2940 3130 3121 3201 copia:
3153 3147 3186 3184 a
3216 3145 3349 3202 rege
3389 3128 3598 3184 Siciliae
3641 3128 3828 3185 multa
3861 3129 4089 3202 Illyrici

2426 3225 2484 3276 et
2529 3236 2686 3276 novae
2744 3218 2903 3291 Epiri
2959 3218 3085 3275 loca
3135 3217 3248 3274 sibi
3299 3218 3698 3290 subjecerant,
3750 3218 4084 3274 destinavit

2426 3310 2605 3366 etiam
2636 3308 2776 3365 illuc
2807 3308 2910 3379 qui
2943 3306 3089 3379 ipsis
3119 3307 3489 3364 obstiterant.
3521 3306 3792 3366 Alexium
3825 3307 4084 3378 insuper

2427 3403 2740 3468 Cesarem,
2799 3397 3033 3471 Scythis
3087 3401 3147 3452 et
3203 3396 3590 3453 auxiliaribus
3631 3413 3768 3452 cum
3798 3396 3931 3453 aliis
3965 3413 4090 3453 non

2433 3488 2638 3544 multis
2662 3487 2845 3560 copiis
2878 3485 3130 3555 traditis,
3154 3486 3413 3558 primum
3445 3485 3506 3541 in
3535 3485 3842 3542 Thraciam
3875 3486 4090 3540 immi-

2424 3578 2522 3648 sit,
2553 3594 2686 3633 cum
2719 3576 3017 3632 mandatis
3051 3579 3114 3631 ut
3145 3574 3479 3648 invigilaret
3505 3574 3794 3631 Orestiadi
3816 3575 4075 3646 ejusque

2422 3668 2723 3724 securitati
2773 3684 2946 3738 quam
2976 3666 3129 3722 188
3164 3669 3364 3738 posset
3415 3664 3635 3738 optime
3684 3665 4080 3736 prospiceret.

2425 3759 2488 3813 In
2513 3774 2629 3830 quo
2659 3761 2861 3812 tamen
2895 3755 3054 3812 aliud
3107 3755 3397 3827 praecipue
3453 3753 3777 3825 spectabat.
3830 3754 4093 3810 Videbat

2422 3847 2578 3902 enim
2610 3845 2893 3915 Bulgaros
2924 3844 2982 3899 in
3011 3847 3298 3916 apparatu
3339 3859 3467 3899 esse
3518 3858 3802 3899 novarum
3853 3859 4085 3912 rerum,

2421 3937 2586 3992 Irene
2602 3933 2871 3990 videlicet
2891 3932 3182 3989 Theodori
3207 3932 3495 4002 Lascaris,
3518 3932 3621 4003 qui
3654 3947 3846 4004 nuper
3888 3933 4084 4004 impe-

2423 4029 2668 4092 raverat,
2695 4024 2816 4079 ﬁlia
2832 4023 3235 4090 Constantino,
3262 4039 3435 4094 quem
3465 4037 3659 4093 regem
3683 4022 4086 4092 Bulgarorum

2424 4117 2644 4170 factum
2671 4113 2947 4185 superius
2977 4113 3261 4180 diximus,
3285 4116 3490 4185 nupta,
3521 4112 3712 4167 virum
3747 4111 4087 4183 instigante

2425 4205 2486 4260 in
2519 4203 2906 4276 Palreologum
2942 4219 3098 4258 nunc
3144 4202 3556 4273 imperantem,
3590 4205 3646 4256 et
3674 4201 3954 4256 ardenter
3987 4219 4092 4257 ur-

2423 4299 2596 4367 gente
2628 4295 2698 4348 ad
2732 4293 3181 4365 irrumpendum
3218 4292 3274 4346 in
3309 4297 3494 4347 terras
3513 4291 3758 4346 ditionis
3781 4292 3934 4361 ejus,
3964 4291 4096 4347 sic-

2424 4401 2537 4456 que
2570 4383 2948 4456 repetendam
3001 4380 3287 4437 ultionem
3346 4381 3575 4450 injurize
3628 4397 3808 4451 quam
3845 4380 3918 4436 ab
3953 4380 4095 4453 ipso

2424 4475 2755 4546 patiebatur
2791 4472 3049 4528 Joannes
3104 4471 3280 4525 frater
3309 4471 3576 4542 ejusdem
3630 4473 3825 4524 Irenes
3871 4474 4098 4525 contra

2424 4565 2512 4620 fas
2543 4569 2598 4619 et
2631 4567 2799 4634 pacta
2831 4560 3180 4617 redactusin
3207 4559 3884 4616 ordinem.Mandaverat
3906 4575 4096 4631 porro

731 4657 825 4714 Sic
867 4654 1253 4712 Orientalium
1280 4652 1716 4726 provinciarum
1759 4655 1918 4707 statu
1942 4668 2059 4722 qua
2082 4668 2224 4723 pace
2250 4652 2308 4706 in
2345 4636 2388 4701 D
2421 4652 2740 4725 imperator
2760 4650 2973 4708 Czesari
3000 4655 3224 4715 ut,cum
3250 4649 3544 4719 attigisset
3565 4652 3760 4720 partes
3779 4647 4084 4715 Thracia,

662 4764 923 4821 praesens
980 4762 1098 4818 qua
1156 4760 1260 4816 spe
1305 4744 1459 4798 bona
1490 4743 1548 4796 in
1583 4746 1880 4814 posterum
1938 4741 2189 4806 ﬁrmato,
2226 4758 2319 4797 res

661 4837 1054 4894 Occiduorum
1078 4839 1374 4889 tractuum
1397 4832 1680 4886 ﬂuctuare
1701 4831 1890 4886 denuo
1908 4846 2151 4904 cmpere.
2171 4831 2316 4887 Nam

663 4925 912 4982 Michael
944 4925 1188 4995 despota
1219 4923 1423 4993 iniquo
1473 4920 1673 4975 animo
1707 4921 1898 4975 ferens
1932 4921 2221 4991 privatum
2257 4939 2320 4975 se

675 5015 912 5069 arcibus
934 5018 989 5068 et
1021 5010 1332 5082 expulsum
1362 5009 1616 5081 regione,
1643 5025 1818 5079 quam
1845 5013 2094 5080 patruus
2113 5010 2241 5080 ejus
2263 5015 2320 5064 et

664 5103 1183 5174 paterTheodorus
1204 5100 1324 5170 (qui
1350 5099 1526 5154 etiam
1544 5097 1906 5153 acclamatus
1928 5098 1985 5152 in
2005 5097 2318 5154 Occidente

661 5195 982 5264 imperator
1004 5191 1539 5255 fuerat,coronante
1561 5187 1759 5258 ipsum
1795 5187 2014 5243 Jacobo
2038 5188 2315 5259 episcopo

659 5281 1031 5351 Achridensi)
1067 5279 1254 5334 multo
1297 5279 1512 5332 sudore
1556 5282 1775 5332 armata
1813 5293 1989 5331 manu
2022 5282 2311 5332 extortam

661 5371 823 5427 Italis
859 5388 977 5425 sua:
1010 5369 1217 5424 dilioni
1249 5369 1566 5438 adjecerat,
1604 5366 1715 5432 his,
1747 5367 2008 5436 inquam,
2056 5383 2117 5421 se
2176 5384 2314 5438 spo-

659 5462 870 5517 liatum
894 5458 1142 5515 Michael
1167 5474 1280 5512 non
1305 5460 1495 5511 ferens
1521 5456 1806 5511 revocavit
1836 5473 1963 5526 qua:
1990 5455 2163 5527 paulo
2179 5464 2314 5512 ante

660 5550 1002 5623 imperatori
1050 5548 1420 5620 promiserat,
1450 5551 1506 5600 et
1538 5546 1823 5600 Occiduas
1864 5552 2071 5616 gentes
2103 5564 2311 5601 rursus

657 5643 728 5698 ad
764 5658 826 5696 se
858 5639 1088 5694 trahere
1122 5654 1442 5707 aggressus
1477 5635 1642 5689 facile
1667 5635 1735 5689 ad
1780 5636 2164 5690 defectionem
2199 5637 2307 5690 im-

655 5731 805 5805 pulit
858 5729 1011 5786 leves
1071 5744 1136 5784 ac
1198 5725 1396 5782 faciles
1443 5724 1722 5799 populos.
1757 5724 1840 5779 Oh
1873 5741 1937 5780 ea
1993 5725 2312 5797 imperator

2432 4739 2560 4795 urbi
2595 4756 2661 4794 ex
2706 4737 3036 4810 propinquo
3070 4737 3418 4802 minaretur,
3453 4735 3640 4790 obiter
3664 4736 3721 4790 id
3756 4736 4004 4806 quidem
4041 4743 4106 4792 et

2428 4828 2692 4884 tentandi
2727 4826 2922 4898 potius
2955 4825 3333 4897 terrendique
3363 4823 3537 4880 Italos
3565 4825 3757 4895 gratia
3784 4840 3968 4894 quam
3989 4843 4101 4881 ex-

2430 4916 2731 4990 pugnandi
2767 4932 2868 4988 spe
2905 4933 2918 4970 :
2951 4933 3067 4970 non
3101 4915 3255 4991 enim
3308 4913 3563 4968 habebat
3596 4914 3874 4968 idoneum
3905 4917 4105 4971 tanta

2428 5009 2507 5063 rei
2542 5011 2892 5079 apparatum
2953 5010 3057 5061 aut
3113 5005 3458 5060 exercitum.
3499 5003 3568 5058 Ut
3603 5002 3785 5074 igitur
3832 5006 4103 5076 trajecto

2428 5099 2618 5153 Caesar
2643 5097 2788 5151 freto
2810 5094 3179 5166 Calliopolim
3221 5093 3429 5161 tenuit,
3453 5094 3712 5148 decrevit
3729 5094 4100 5165 priusquam

2426 5187 2671 5244 inferius
2700 5187 3103 5251 descenderet,
3138 5183 3410 5239 accedere
3440 5182 3764 5254 Selybriam
3803 5187 3864 5238 et
3886 5183 4037 5241 inde
4069 5204 4105 5242 a

2426 5277 2694 5347 partibus
2725 5273 2997 5330 Occiduis
3031 5289 3210 5344 prope
3242 5289 3303 5328 se
3334 5272 3646 5326 admovere
3670 5273 4103 5332 Constantino-

2426 5366 2541 5438 poli
2573 5365 2744 5436 (nihil
2767 5365 2924 5420 enim
2956 5363 3256 5434 eratquod
3283 5361 3337 5416 id
3371 5365 3611 5428 vetaret,
3641 5361 3970 5418 cunctisah
3997 5365 4108 5421 illa

2425 5460 2586 5527 parte
2619 5453 2958 5526 imperatori
3014 5452 3342 5521 subjectis),
3393 5455 3450 5504 et
3481 5449 3566 5506 sic
3621 5467 3652 5505 e
3700 5451 3894 5506 vicino
3949 5470 4108 5510 con-

2423 5544 2692 5617 temptari
2713 5561 2828 5615 quo
2851 5549 2992 5598 tunc
3011 5542 3129 5596 illic
3147 5547 3300 5596 statu
3327 5557 3419 5596 res
3444 5546 3638 5596 essent
3659 5541 4106 5616 explorareque

2423 5635 2661 5690 Latinos
2721 5635 2925 5690 urbem
2979 5637 3267 5697 tenentes,
3303 5630 3441 5700 quid
3506 5631 3687 5684 animi
3748 5636 3806 5685 et
3862 5632 4100 5691 virium

2424 5727 2724 5794 haberent,
2751 5721 3113 5780 voluntarios
3148 5736 3404 5793 quoque,
3437 5720 3507 5775 de
3540 5720 3761 5792 quibus
3791 5721 4102 5793 diximus,
