  <div class='ocr_page' id='page_1' title='image "/cluster/home/n/w/nwhite01/storage/ocr_20150623/143/nnc1.0046980733/296.png"; bbox 0 0 4258 6438; ppageno 0'>
   <div class='ocr_carea' id='block_1_1' title="bbox 219 407 325 463">
    <p class='ocr_par' dir='ltr' id='par_1_1' title="bbox 219 407 325 463">
     <span class='ocr_line' id='line_1_1' title="bbox 219 407 325 463; baseline -0.038 0"><span class='ocrx_word' id='word_1_1' title='bbox 219 407 325 463; x_wconf 85' lang='grc'><strong>577</strong></span> 
     </span>
    </p>
   </div>
   <div class='ocr_carea' id='block_1_2' title="bbox 1287 409 2556 469">
    <p class='ocr_par' dir='ltr' id='par_1_2' title="bbox 1287 409 2556 469">
     <span class='ocr_line' id='line_1_2' title="bbox 1287 409 2556 469; baseline 0.002 -4"><span class='ocrx_word' id='word_1_2' title='bbox 1287 412 1381 465; x_wconf 78' lang='lat' dir='ltr'><strong>DE</strong></span> <span class='ocrx_word' id='word_1_3' title='bbox 1427 412 1791 467; x_wconf 73' lang='lat' dir='ltr'><strong>MICHAELE</strong></span> <span class='ocrx_word' id='word_1_4' title='bbox 1833 409 2271 469; x_wconf 66' lang='lat' dir='ltr'><strong>PALEOLOGO</strong></span> <span class='ocrx_word' id='word_1_5' title='bbox 2311 415 2443 468; x_wconf 82' lang='lat' dir='ltr'><strong>LIB.</strong></span> <span class='ocrx_word' id='word_1_6' title='bbox 2487 416 2556 469; x_wconf 88' lang='lat' dir='ltr'><strong>Il.</strong></span> 
     </span>
    </p>
   </div>
   <div class='ocr_carea' id='block_1_3' title="bbox 3519 414 3626 471">
    <p class='ocr_par' dir='ltr' id='par_1_3' title="bbox 3519 414 3626 471">
     <span class='ocr_line' id='line_1_3' title="bbox 3519 414 3626 471; baseline 0 -1"><span class='ocrx_word' id='word_1_7' title='bbox 3519 414 3626 471; x_wconf 84' lang='lat'><strong>578</strong></span> 
     </span>
    </p>
   </div>
   <div class='ocr_carea' id='block_1_4' title="bbox 220 530 3625 615">
    <p class='ocr_par' dir='ltr' id='par_1_4' title="bbox 220 530 3625 615">
     <span class='ocr_line' id='line_1_4' title="bbox 220 530 3625 615; baseline 0.002 -27"><span class='ocrx_word' id='word_1_8' title='bbox 220 530 425 607; x_wconf 72' lang='grc' dir='ltr'>ἔχοιεν,</span> <span class='ocrx_word' id='word_1_9' title='bbox 460 532 590 588; x_wconf 84' lang='grc' dir='ltr'>ἰδεῖν</span> <span class='ocrx_word' id='word_1_10' title='bbox 625 530 682 588; x_wconf 73' lang='grc' dir='ltr'><strong>δὲ</strong></span> <span class='ocrx_word' id='word_1_11' title='bbox 712 534 800 587; x_wconf 81' lang='grc' dir='ltr'><strong>καὶ</strong></span> <span class='ocrx_word' id='word_1_12' title='bbox 846 533 974 595; x_wconf 69' lang='grc' dir='ltr'>τοὺς</span> <span class='ocrx_word' id='word_1_13' title='bbox 1029 532 1490 610; x_wconf 77' lang='grc' dir='ltr'>Θεληματαρίους,</span> <span class='ocrx_word' id='word_1_14' title='bbox 1551 534 1642 595; x_wconf 74' lang='grc' dir='ltr'><strong>οῧς</strong></span> <span class='ocrx_word' id='word_1_15' title='bbox 1692 536 1780 589; x_wconf 72' lang='grc' dir='ltr'><strong>καὶ</strong></span> <span class='ocrx_word' id='word_1_16' title='bbox 1839 536 1867 589; x_wconf 84' lang='grc' dir='ltr'>ὁ</span> <span class='ocrx_word' id='word_1_17' title='bbox 1897 541 1950 608; x_wconf 75' lang='grc' dir='ltr'>Α</span> <span class='ocrx_word' id='word_1_18' title='bbox 1980 534 2138 604; x_wconf 80' lang='grc' dir='ltr'>πειδὴ</span> <span class='ocrx_word' id='word_1_19' title='bbox 2175 538 2201 590; x_wconf 89' lang='grc' dir='ltr'>ὁ</span> <span class='ocrx_word' id='word_1_20' title='bbox 2248 536 2465 611; x_wconf 75' lang='grc' dir='ltr'>ἀνεψιὸς</span> <span class='ocrx_word' id='word_1_21' title='bbox 2511 537 2716 593; x_wconf 82' lang='grc' dir='ltr'>ἐκείνου</span> <span class='ocrx_word' id='word_1_22' title='bbox 2761 537 2999 609; x_wconf 80' lang='grc' dir='ltr'>Ἀλέξιος</span> <span class='ocrx_word' id='word_1_23' title='bbox 3054 537 3295 594; x_wconf 81' lang='grc' dir='ltr'>ἐπέκειτο</span> <span class='ocrx_word' id='word_1_24' title='bbox 3354 537 3625 615; x_wconf 81' lang='grc' dir='ltr'>προσϐια-</span> 
     </span>
    </p>
   </div>
   <div class='ocr_carea' id='block_1_5' title="bbox 220 620 1867 700">
    <p class='ocr_par' dir='ltr' id='par_1_5' title="bbox 220 620 1867 700">
     <span class='ocr_line' id='line_1_5' title="bbox 220 620 1867 700; baseline 0.001 -24"><span class='ocrx_word' id='word_1_25' title='bbox 220 621 382 696; x_wconf 76' lang='grc' dir='ltr'>λόγος</span> <span class='ocrx_word' id='word_1_26' title='bbox 413 623 739 697; x_wconf 78' lang='grc' dir='ltr'>προέγραφε,</span> <span class='ocrx_word' id='word_1_27' title='bbox 796 623 885 677; x_wconf 78' lang='grc' dir='ltr'><strong>καὶ</strong></span> <span class='ocrx_word' id='word_1_28' title='bbox 947 621 1214 695; x_wconf 81' lang='grc' dir='ltr'>ὁμιλῆσαι</span> <span class='ocrx_word' id='word_1_29' title='bbox 1274 622 1339 678; x_wconf 73' lang='grc' dir='ltr'><strong>τά</strong></span> <span class='ocrx_word' id='word_1_30' title='bbox 1370 624 1421 677; x_wconf 81' lang='lat' dir='ltr'><strong>o&#39;t</strong></span> <span class='ocrx_word' id='word_1_31' title='bbox 1454 620 1714 679; x_wconf 77' lang='grc' dir='ltr'>δοκοῦντα</span> <span class='ocrx_word' id='word_1_32' title='bbox 1745 624 1867 700; x_wconf 83' lang='grc' dir='ltr'>περὶ</span> 
     </span>
    </p>
   </div>
   <div class='ocr_carea' id='block_1_6' title="bbox 218 706 1869 787">
    <p class='ocr_par' dir='ltr' id='par_1_6' title="bbox 218 706 1869 787">
     <span class='ocr_line' id='line_1_6' title="bbox 218 706 1869 787; baseline 0.003 -24"><span class='ocrx_word' id='word_1_33' title='bbox 218 716 318 779; x_wconf 86' lang='grc' dir='ltr'><strong>τῆς</strong></span> <span class='ocrx_word' id='word_1_34' title='bbox 348 706 593 772; x_wconf 82' lang='grc' dir='ltr'>πόλεως.</span> <span class='ocrx_word' id='word_1_35' title='bbox 636 709 839 774; x_wconf 80' lang='grc' dir='ltr'>Ἐλθπν</span> <span class='ocrx_word' id='word_1_36' title='bbox 900 711 989 765; x_wconf 74' lang='grc' dir='ltr'><strong>οὗν</strong></span> <span class='ocrx_word' id='word_1_37' title='bbox 1019 712 1107 766; x_wconf 81' lang='grc' dir='ltr'><strong>καὶ</strong></span> <span class='ocrx_word' id='word_1_38' title='bbox 1157 716 1430 783; x_wconf 60' lang='grc' dir='ltr'>σκηνῆσας</span> <span class='ocrx_word' id='word_1_39' title='bbox 1464 713 1514 766; x_wconf 89' lang='grc' dir='ltr'><strong>ἐν</strong></span> <span class='ocrx_word' id='word_1_40' title='bbox 1546 718 1663 774; x_wconf 83' lang='grc' dir='ltr'>τοῖς</span> <span class='ocrx_word' id='word_1_41' title='bbox 1712 734 1869 787; x_wconf 88' lang='grc' dir='ltr'>περι-</span> 
     </span>
    </p>
   </div>
   <div class='ocr_carea' id='block_1_7' title="bbox 219 796 1870 880">
    <p class='ocr_par' dir='ltr' id='par_1_7' title="bbox 219 796 1870 880">
     <span class='ocr_line' id='line_1_7' title="bbox 219 796 1870 880; baseline 0.002 -28"><span class='ocrx_word' id='word_1_42' title='bbox 219 796 440 861; x_wconf 85' lang='grc' dir='ltr'>πολίοις</span> <span class='ocrx_word' id='word_1_43' title='bbox 525 797 921 874; x_wconf 74' lang='grc' dir='ltr'><strong>προσεκαλεῖτο</strong></span> <span class='ocrx_word' id='word_1_44' title='bbox 1004 798 1281 880; x_wconf 74' lang='grc' dir='ltr'>κρυφηδὸν</span> <span class='ocrx_word' id='word_1_45' title='bbox 1366 806 1493 865; x_wconf 83' lang='grc' dir='ltr'>τοὺς</span> <span class='ocrx_word' id='word_1_46' title='bbox 1576 800 1870 864; x_wconf 77' lang='grc' dir='ltr'><strong>δοκοῦντας</strong></span> 
     </span>
    </p>
   </div>
   <div class='ocr_carea' id='block_1_8' title="bbox 218 884 1871 969">
    <p class='ocr_par' dir='ltr' id='par_1_8' title="bbox 218 884 1871 969">
     <span class='ocr_line' id='line_1_8' title="bbox 218 884 1871 969; baseline 0.002 -27"><span class='ocrx_word' id='word_1_47' title='bbox 218 887 437 943; x_wconf 77' lang='grc' dir='ltr'><strong>ἐκείνων</strong></span> <span class='ocrx_word' id='word_1_48' title='bbox 474 933 491 960; x_wconf 91' lang='grc'><strong>,</strong></span> <span class='ocrx_word' id='word_1_49' title='bbox 546 888 635 943; x_wconf 87' lang='grc' dir='ltr'><strong>καί</strong></span> <span class='ocrx_word' id='word_1_50' title='bbox 688 910 751 964; x_wconf 80' lang='grc' dir='ltr'><strong>γε</strong></span> <span class='ocrx_word' id='word_1_51' title='bbox 808 889 1155 945; x_wconf 80' lang='grc' dir='ltr'>κατεπίστευε</span> <span class='ocrx_word' id='word_1_52' title='bbox 1215 893 1365 969; x_wconf 78' lang='grc' dir='ltr'>σφίσι</span> <span class='ocrx_word' id='word_1_53' title='bbox 1416 884 1480 946; x_wconf 76' lang='grc' dir='ltr'><strong>τὰ</strong></span> <span class='ocrx_word' id='word_1_54' title='bbox 1532 893 1668 946; x_wconf 69' lang='grc' dir='ltr'>κατὰ</span> <span class='ocrx_word' id='word_1_55' title='bbox 1722 896 1871 963; x_wconf 81' lang='grc' dir='ltr'>νοῦν,</span> 
     </span>
    </p>
   </div>
   <div class='ocr_carea' id='block_1_9' title="bbox 221 976 1874 1057">
    <p class='ocr_par' dir='ltr' id='par_1_9' title="bbox 221 976 1874 1057">
     <span class='ocr_line' id='line_1_9' title="bbox 221 976 1874 1057; baseline 0.002 -27"><span class='ocrx_word' id='word_1_56' title='bbox 221 976 516 1033; x_wconf 78' lang='grc' dir='ltr'><strong>ὑποτείνων</strong></span> <span class='ocrx_word' id='word_1_57' title='bbox 575 978 845 1040; x_wconf 79' lang='grc' dir='ltr'>κάκείνοις</span> <span class='ocrx_word' id='word_1_58' title='bbox 905 976 1132 1041; x_wconf 87' lang='grc' dir='ltr'>ἐλπίδας</span> <span class='ocrx_word' id='word_1_59' title='bbox 1168 1024 1185 1047; x_wconf 85' lang='grc'><strong>,</strong></span> <span class='ocrx_word' id='word_1_60' title='bbox 1258 980 1306 1035; x_wconf 76' lang='grc' dir='ltr'><strong>εἴ</strong></span> <span class='ocrx_word' id='word_1_61' title='bbox 1356 986 1659 1057; x_wconf 86' lang='grc' dir='ltr'>συνεργοῖεν</span> <span class='ocrx_word' id='word_1_62' title='bbox 1693 1025 1708 1049; x_wconf 93' lang='grc'><strong>,</strong></span> <span class='ocrx_word' id='word_1_63' title='bbox 1781 980 1874 1041; x_wconf 68' lang='grc' dir='ltr'><strong>τὰς</strong></span> 
     </span>
    </p>
   </div>
   <div class='ocr_carea' id='block_1_10' title="bbox 220 1064 1875 1145">
    <p class='ocr_par' dir='ltr' id='par_1_10' title="bbox 220 1064 1875 1145">
     <span class='ocr_line' id='line_1_10' title="bbox 220 1064 1875 1145; baseline 0.002 -25"><span class='ocrx_word' id='word_1_64' title='bbox 220 1066 462 1139; x_wconf 81' lang='grc' dir='ltr'>μείζους.</span> <span class='ocrx_word' id='word_1_65' title='bbox 522 1072 641 1124; x_wconf 81' lang='grc' dir='ltr'><strong>Τῶν</strong></span> <span class='ocrx_word' id='word_1_66' title='bbox 678 1064 735 1122; x_wconf 74' lang='grc' dir='ltr'><strong>δὲ</strong></span> <span class='ocrx_word' id='word_1_67' title='bbox 762 1068 951 1144; x_wconf 88' lang='grc' dir='ltr'>καιρὸν</span> <span class='ocrx_word' id='word_1_68' title='bbox 1008 1066 1152 1143; x_wconf 81' lang='grc' dir='ltr'>ἔχειν</span> <span class='ocrx_word' id='word_1_69' title='bbox 1184 1069 1444 1124; x_wconf 75' lang='grc' dir='ltr'>εἱπόντων</span> <span class='ocrx_word' id='word_1_70' title='bbox 1487 1070 1562 1132; x_wconf 86' lang='grc' dir='ltr'><strong>ὡς</strong></span> <span class='ocrx_word' id='word_1_71' title='bbox 1609 1068 1875 1145; x_wconf 81' lang='grc' dir='ltr'>ἐγκαίρως</span> 
     </span>
    </p>
   </div>
   <div class='ocr_carea' id='block_1_11' title="bbox 217 1152 1869 1233">
    <p class='ocr_par' dir='ltr' id='par_1_11' title="bbox 217 1152 1869 1233">
     <span class='ocr_line' id='line_1_11' title="bbox 217 1152 1869 1233; baseline 0.002 -24"><span class='ocrx_word' id='word_1_72' title='bbox 217 1152 634 1229; x_wconf 77' lang='grc' dir='ltr'>ἐπιθησομένων</span> <span class='ocrx_word' id='word_1_73' title='bbox 692 1158 776 1230; x_wconf 86' lang='grc' dir='ltr'>(τὸ</span> <span class='ocrx_word' id='word_1_74' title='bbox 835 1158 939 1233; x_wconf 71' lang='grc' dir='ltr'><strong>γὰρ</strong></span> <span class='ocrx_word' id='word_1_75' title='bbox 986 1162 1093 1212; x_wconf 78' lang='grc' dir='ltr'><strong>τῶν</strong></span> <span class='ocrx_word' id='word_1_76' title='bbox 1152 1160 1379 1215; x_wconf 81' lang='grc' dir='ltr'>Ἰταλῶν</span> <span class='ocrx_word' id='word_1_77' title='bbox 1438 1157 1696 1231; x_wconf 84' lang='grc' dir='ltr'>πλώϊμον</span> <span class='ocrx_word' id='word_1_78' title='bbox 1746 1157 1869 1213; x_wconf 76' lang='grc' dir='ltr'>ὅσον</span> 
     </span>
    </p>
   </div>
   <div class='ocr_carea' id='block_1_12' title="bbox 218 1244 1873 1323">
    <p class='ocr_par' dir='ltr' id='par_1_12' title="bbox 218 1244 1873 1323">
     <span class='ocr_line' id='line_1_12' title="bbox 218 1244 1873 1323; baseline 0.002 -25"><span class='ocrx_word' id='word_1_79' title='bbox 218 1244 284 1312; x_wconf 77' lang='grc' dir='ltr'><strong>ἧν</strong></span> <span class='ocrx_word' id='word_1_80' title='bbox 316 1244 369 1299; x_wconf 89' lang='grc' dir='ltr'><strong>ἐν</strong></span> <span class='ocrx_word' id='word_1_81' title='bbox 423 1250 492 1319; x_wconf 78' lang='grc' dir='ltr'><strong>τῇ</strong></span> <span class='ocrx_word' id='word_1_82' title='bbox 523 1245 683 1300; x_wconf 80' lang='grc' dir='ltr'>πόλει</span> <span class='ocrx_word' id='word_1_83' title='bbox 716 1244 803 1300; x_wconf 75' lang='grc' dir='ltr'><strong>ἐπὶ</strong></span> <span class='ocrx_word' id='word_1_84' title='bbox 837 1246 1167 1323; x_wconf 78' lang='grc' dir='ltr'>Δαφνουσίας</span> <span class='ocrx_word' id='word_1_85' title='bbox 1202 1248 1275 1310; x_wconf 84' lang='grc' dir='ltr'><strong>ὡς</strong></span> <span class='ocrx_word' id='word_1_86' title='bbox 1306 1247 1517 1303; x_wconf 77' lang='grc' dir='ltr'>ἆλῶσνν</span> <span class='ocrx_word' id='word_1_87' title='bbox 1558 1249 1659 1317; x_wconf 76' lang='grc' dir='ltr'>τήν</span> <span class='ocrx_word' id='word_1_88' title='bbox 1708 1254 1873 1317; x_wconf 81' lang='grc' dir='ltr'>νῆσον</span> 
     </span>
    </p>
   </div>
   <div class='ocr_carea' id='block_1_13' title="bbox 220 1334 1874 1412">
    <p class='ocr_par' dir='ltr' id='par_1_13' title="bbox 220 1334 1874 1412">
     <span class='ocr_line' id='line_1_13' title="bbox 220 1334 1874 1412; baseline 0.001 -23"><span class='ocrx_word' id='word_1_89' title='bbox 220 1339 451 1411; x_wconf 77' lang='grc' dir='ltr'><strong>χωρεῖν,</strong></span> <span class='ocrx_word' id='word_1_90' title='bbox 509 1335 596 1389; x_wconf 79' lang='grc' dir='ltr'><strong>καί</strong></span> <span class='ocrx_word' id='word_1_91' title='bbox 656 1337 708 1409; x_wconf 82' lang='grc' dir='ltr'>γ’</span> <span class='ocrx_word' id='word_1_92' title='bbox 776 1334 861 1389; x_wconf 72' lang='grc' dir='ltr'><strong>ἐπὶ</strong></span> <span class='ocrx_word' id='word_1_93' title='bbox 917 1334 1200 1397; x_wconf 72' lang='grc' dir='ltr'>πλείσταις</span> <span class='ocrx_word' id='word_1_94' title='bbox 1256 1336 1491 1411; x_wconf 74' lang='grc' dir='ltr'>ἡμέραις</span> <span class='ocrx_word' id='word_1_95' title='bbox 1537 1337 1874 1412; x_wconf 84' lang='grc' dir='ltr'>προσταλαι-</span> 
     </span>
    </p>
   </div>
   <div class='ocr_carea' id='block_1_14' title="bbox 216 1420 1877 1501">
    <p class='ocr_par' dir='ltr' id='par_1_14' title="bbox 216 1420 1877 1501">
     <span class='ocr_line' id='line_1_14' title="bbox 216 1420 1877 1501; baseline 0.001 -24"><span class='ocrx_word' id='word_1_96' title='bbox 216 1425 517 1499; x_wconf 80' lang='grc' dir='ltr'>πωρεῖσθαι</span> <span class='ocrx_word' id='word_1_97' title='bbox 575 1426 911 1498; x_wconf 78' lang='grc' dir='ltr'>καθήμενον,</span> <span class='ocrx_word' id='word_1_98' title='bbox 970 1420 1147 1501; x_wconf 79' lang='grc' dir='ltr'>ὄχλον</span> <span class='ocrx_word' id='word_1_99' title='bbox 1180 1422 1226 1479; x_wconf 83' lang='grc' dir='ltr'><strong>δ’</strong></span> <span class='ocrx_word' id='word_1_100' title='bbox 1252 1423 1439 1487; x_wconf 77' lang='grc' dir='ltr'>ἄλλως</span> <span class='ocrx_word' id='word_1_101' title='bbox 1494 1426 1623 1479; x_wconf 76' lang='grc' dir='ltr'>εἶναι</span> <span class='ocrx_word' id='word_1_102' title='bbox 1653 1426 1714 1479; x_wconf 89' lang='grc' dir='ltr'>τὸ</span> <span class='ocrx_word' id='word_1_103' title='bbox 1740 1425 1877 1479; x_wconf 70' lang='grc' dir='ltr'>κατὰ</span> 
     </span>
    </p>
   </div>
   <div class='ocr_carea' id='block_1_15' title="bbox 214 1510 1871 1587">
    <p class='ocr_par' dir='ltr' id='par_1_15' title="bbox 214 1510 1871 1587">
     <span class='ocr_line' id='line_1_15' title="bbox 214 1510 1871 1587; baseline 0.001 -20"><span class='ocrx_word' id='word_1_104' title='bbox 214 1514 382 1567; x_wconf 82' lang='grc' dir='ltr'>πόλιν</span> <span class='ocrx_word' id='word_1_105' title='bbox 436 1512 526 1568; x_wconf 77' lang='grc' dir='ltr'><strong>καὶ</strong></span> <span class='ocrx_word' id='word_1_106' title='bbox 576 1510 839 1585; x_wconf 88' lang='grc' dir='ltr'>πολέμων</span> <span class='ocrx_word' id='word_1_107' title='bbox 882 1512 1218 1587; x_wconf 77' lang='grc' dir='ltr'>ἀπείρατον),</span> <span class='ocrx_word' id='word_1_108' title='bbox 1275 1515 1425 1569; x_wconf 79' lang='grc' dir='ltr'>ταῦτ’</span> <span class='ocrx_word' id='word_1_109' title='bbox 1474 1512 1735 1569; x_wconf 68' lang='grc' dir='ltr'>εἶπόντων</span> <span class='ocrx_word' id='word_1_110' title='bbox 1784 1516 1871 1568; x_wconf 78' lang='grc' dir='ltr'><strong>καὶ</strong></span> 
     </span>
    </p>
   </div>
   <div class='ocr_carea' id='block_1_16' title="bbox 214 1600 1872 1679">
    <p class='ocr_par' dir='ltr' id='par_1_16' title="bbox 214 1600 1872 1679">
     <span class='ocr_line' id='line_1_16' title="bbox 214 1600 1872 1679; baseline 0.001 -23"><span class='ocrx_word' id='word_1_111' title='bbox 214 1604 283 1657; x_wconf 72' lang='grc' dir='ltr'><strong>τὰ</strong></span> <span class='ocrx_word' id='word_1_112' title='bbox 340 1603 507 1657; x_wconf 81' lang='grc' dir='ltr'>πιστᾶ</span> <span class='ocrx_word' id='word_1_113' title='bbox 567 1600 827 1657; x_wconf 83' lang='grc' dir='ltr'>διδόντων</span> <span class='ocrx_word' id='word_1_114' title='bbox 891 1603 964 1664; x_wconf 85' lang='grc' dir='ltr'>ὡς</span> <span class='ocrx_word' id='word_1_115' title='bbox 1040 1606 1462 1679; x_wconf 77' lang='grc' dir='ltr'>συνεργήσουσιν</span> <span class='ocrx_word' id='word_1_116' title='bbox 1524 1605 1872 1677; x_wconf 71' lang='grc' dir='ltr'>(ὁμονοήσειν</span> 
     </span>
    </p>
   </div>
   <div class='ocr_carea' id='block_1_17' title="bbox 212 1690 1873 1770">
    <p class='ocr_par' dir='ltr' id='par_1_17' title="bbox 212 1690 1873 1770">
     <span class='ocr_line' id='line_1_17' title="bbox 212 1690 1873 1770; baseline 0.001 -25"><span class='ocrx_word' id='word_1_117' title='bbox 212 1692 320 1767; x_wconf 73' lang='grc' dir='ltr'><strong>γὰρ</strong></span> <span class='ocrx_word' id='word_1_118' title='bbox 378 1691 527 1770; x_wconf 73' lang='grc' dir='ltr'>σφίσι</span> <span class='ocrx_word' id='word_1_119' title='bbox 585 1692 675 1746; x_wconf 80' lang='grc' dir='ltr'><strong>καὶ</strong></span> <span class='ocrx_word' id='word_1_120' title='bbox 744 1690 860 1755; x_wconf 72' lang='grc' dir='ltr'>.οὒς</span> <span class='ocrx_word' id='word_1_121' title='bbox 917 1691 1147 1754; x_wconf 75' lang='grc' dir='ltr'>λοιποὺς</span> <span class='ocrx_word' id='word_1_122' title='bbox 1204 1692 1291 1747; x_wconf 80' lang='grc' dir='ltr'><strong>ἐπὶ</strong></span> <span class='ocrx_word' id='word_1_123' title='bbox 1348 1696 1555 1767; x_wconf 82' lang='grc' dir='ltr'>τοῦτο),</span> <span class='ocrx_word' id='word_1_124' title='bbox 1606 1693 1633 1746; x_wconf 82' lang='grc' dir='ltr'><strong>ὁ</strong></span> <span class='ocrx_word' id='word_1_125' title='bbox 1668 1697 1873 1766; x_wconf 85' lang='grc' dir='ltr'>Καῖσαρ</span> 
     </span>
    </p>
   </div>
   <div class='ocr_carea' id='block_1_18' title="bbox 214 1779 1873 1857">
    <p class='ocr_par' dir='ltr' id='par_1_18' title="bbox 214 1779 1873 1857">
     <span class='ocr_line' id='line_1_18' title="bbox 214 1779 1873 1857; baseline 0.001 -22"><span class='ocrx_word' id='word_1_126' title='bbox 214 1781 433 1850; x_wconf 75' lang='grc' dir='ltr'>αὐτίκα,</span> <span class='ocrx_word' id='word_1_127' title='bbox 464 1780 553 1835; x_wconf 80' lang='grc' dir='ltr'><strong>ὅτε</strong></span> <span class='ocrx_word' id='word_1_128' title='bbox 588 1783 681 1853; x_wconf 78' lang='grc' dir='ltr'>μὲν</span> <span class='ocrx_word' id='word_1_129' title='bbox 713 1781 849 1855; x_wconf 87' lang='grc' dir='ltr'>πρὸς</span> <span class='ocrx_word' id='word_1_130' title='bbox 876 1780 1003 1843; x_wconf 65' lang='grc' dir='ltr'>τοὺς</span> <span class='ocrx_word' id='word_1_131' title='bbox 1056 1783 1147 1836; x_wconf 81' lang='grc' dir='ltr'><strong>ἀπ’</strong></span> <span class='ocrx_word' id='word_1_132' title='bbox 1176 1780 1392 1837; x_wconf 76' lang='grc' dir='ltr'>ἐκείνων</span> <span class='ocrx_word' id='word_1_133' title='bbox 1443 1781 1641 1857; x_wconf 88' lang='grc' dir='ltr'>λόγους</span> <span class='ocrx_word' id='word_1_134' title='bbox 1687 1779 1873 1836; x_wconf 80' lang='grc' dir='ltr'>ἆπεῖδε</span> 
     </span>
    </p>
   </div>
   <div class='ocr_carea' id='block_1_19' title="bbox 1982 624 3624 702">
    <p class='ocr_par' dir='ltr' id='par_1_19' title="bbox 1982 624 3624 702">
     <span class='ocr_line' id='line_1_19' title="bbox 1982 624 3624 702; baseline 0.005 -26"><span class='ocrx_word' id='word_1_135' title='bbox 1982 629 2108 692; x_wconf 85' lang='grc' dir='ltr'>ζων,</span> <span class='ocrx_word' id='word_1_136' title='bbox 2171 624 2259 679; x_wconf 78' lang='grc' dir='ltr'><strong>καί</strong></span> <span class='ocrx_word' id='word_1_137' title='bbox 2290 645 2371 686; x_wconf 87' lang='grc' dir='ltr'><strong>τις</strong></span> <span class='ocrx_word' id='word_1_138' title='bbox 2400 631 2507 680; x_wconf 80' lang='grc' dir='ltr'><strong>τῶν</strong></span> <span class='ocrx_word' id='word_1_139' title='bbox 2539 625 2959 702; x_wconf 79' lang='grc' dir='ltr'>θεληματαρίων</span> <span class='ocrx_word' id='word_1_140' title='bbox 2990 629 3397 702; x_wconf 80' lang='grc' dir='ltr'>Κουτριῖζακης</span> <span class='ocrx_word' id='word_1_141' title='bbox 3426 629 3624 683; x_wconf 74' lang='grc' dir='ltr'>τούπί-</span> 
     </span>
    </p>
   </div>
   <div class='ocr_carea' id='block_1_20' title="bbox 1980 713 3619 793">
    <p class='ocr_par' dir='ltr' id='par_1_20' title="bbox 1980 713 3619 793">
     <span class='ocr_line' id='line_1_20' title="bbox 1980 713 3619 793; baseline 0.003 -26"><span class='ocrx_word' id='word_1_142' title='bbox 1980 713 2116 783; x_wconf 87' lang='grc' dir='ltr'>κλην</span> <span class='ocrx_word' id='word_1_143' title='bbox 2154 713 2287 787; x_wconf 67' lang='grc' dir='ltr'>μετὰ</span> <span class='ocrx_word' id='word_1_144' title='bbox 2339 715 2567 790; x_wconf 76' lang='grc' dir='ltr'>Θαρῥους</span> <span class='ocrx_word' id='word_1_145' title='bbox 2599 714 2747 778; x_wconf 73' lang='grc' dir='ltr'>ὅπως</span> <span class='ocrx_word' id='word_1_146' title='bbox 2796 717 3069 792; x_wconf 76' lang='grc' dir='ltr'>πραχθείη</span> <span class='ocrx_word' id='word_1_147' title='bbox 3124 716 3294 789; x_wconf 85' lang='grc' dir='ltr'>Λέγων</span> <span class='ocrx_word' id='word_1_148' title='bbox 3350 717 3414 772; x_wconf 88' lang='grc' dir='ltr'>τὸ</span> <span class='ocrx_word' id='word_1_149' title='bbox 3466 716 3619 793; x_wconf 82' lang='grc' dir='ltr'>ἔργον</span> 
     </span>
    </p>
   </div>
   <div class='ocr_carea' id='block_1_21' title="bbox 1985 803 3627 884">
    <p class='ocr_par' dir='ltr' id='par_1_21' title="bbox 1985 803 3627 884">
     <span class='ocr_line' id='line_1_21' title="bbox 1985 803 3627 884; baseline 0.003 -26"><span class='ocrx_word' id='word_1_150' title='bbox 1985 804 2241 881; x_wconf 73' lang='grc' dir='ltr'>ὑφίστατο</span> <span class='ocrx_word' id='word_1_151' title='bbox 2270 807 2351 879; x_wconf 89' lang='grc' dir='ltr'><strong>(τὸ</strong></span> <span class='ocrx_word' id='word_1_152' title='bbox 2380 809 2481 881; x_wconf 70' lang='grc' dir='ltr'><strong>γὰρ</strong></span> <span class='ocrx_word' id='word_1_153' title='bbox 2515 806 2844 882; x_wconf 84' lang='grc' dir='ltr'>εἶμαρμένον</span> <span class='ocrx_word' id='word_1_154' title='bbox 2878 803 3111 884; x_wconf 65' lang='grc' dir='ltr'>ἄφυκτον</span> <span class='ocrx_word' id='word_1_155' title='bbox 3142 806 3321 883; x_wconf 78' lang='grc' dir='ltr'>ὥσπερ</span> <span class='ocrx_word' id='word_1_156' title='bbox 3354 807 3627 883; x_wconf 69' lang='grc' dir='ltr'>ἐμψύχοις</span> 
     </span>
    </p>
   </div>
   <div class='ocr_carea' id='block_1_22' title="bbox 1984 892 3627 973">
    <p class='ocr_par' dir='ltr' id='par_1_22' title="bbox 1984 892 3627 973">
     <span class='ocr_line' id='line_1_22' title="bbox 1984 892 3627 973; baseline 0.003 -25"><span class='ocrx_word' id='word_1_157' title='bbox 1984 892 2125 949; x_wconf 69' lang='grc' dir='ltr'>οὕτω</span> <span class='ocrx_word' id='word_1_158' title='bbox 2155 895 2243 949; x_wconf 81' lang='grc' dir='ltr'><strong>καὶ</strong></span> <span class='ocrx_word' id='word_1_159' title='bbox 2275 894 2545 969; x_wconf 85' lang='grc' dir='ltr'>πόλεσιν),</span> <span class='ocrx_word' id='word_1_160' title='bbox 2576 894 2863 971; x_wconf 68' lang='grc' dir='ltr'><strong>ἀναοαρῥεῗ</strong></span> <span class='ocrx_word' id='word_1_161' title='bbox 2888 917 2945 950; x_wconf 89' lang='grc' dir='ltr'><strong>τε</strong></span> <span class='ocrx_word' id='word_1_162' title='bbox 2976 896 3248 967; x_wconf 78' lang='grc' dir='ltr'>κάκεῖνος,</span> <span class='ocrx_word' id='word_1_163' title='bbox 3278 898 3365 951; x_wconf 82' lang='grc' dir='ltr'>καὶ</span> <span class='ocrx_word' id='word_1_164' title='bbox 3398 897 3533 973; x_wconf 84' lang='grc' dir='ltr'>πρὸς</span> <span class='ocrx_word' id='word_1_165' title='bbox 3565 901 3627 953; x_wconf 87' lang='grc' dir='ltr'>τὸ</span> 
     </span>
    </p>
   </div>
   <div class='ocr_carea' id='block_1_23' title="bbox 1984 982 3628 1059">
    <p class='ocr_par' dir='ltr' id='par_1_23' title="bbox 1984 982 3628 1059">
     <span class='ocr_line' id='line_1_23' title="bbox 1984 982 3628 1059; baseline 0.004 -25"><span class='ocrx_word' id='word_1_166' title='bbox 1984 988 2246 1055; x_wconf 79' lang='grc' dir='ltr'>κρατῆσαι</span> <span class='ocrx_word' id='word_1_167' title='bbox 2300 983 2573 1057; x_wconf 80' lang='grc' dir='ltr'>μετέωρος</span> <span class='ocrx_word' id='word_1_168' title='bbox 2632 984 2720 1052; x_wconf 74' lang='grc' dir='ltr'><strong>ἦν.</strong></span> <span class='ocrx_word' id='word_1_169' title='bbox 2776 985 2937 1048; x_wconf 79' lang='grc' dir='ltr'>Ὅθεν</span> <span class='ocrx_word' id='word_1_170' title='bbox 2992 982 3081 1038; x_wconf 77' lang='grc' dir='ltr'><strong>καὶ</strong></span> <span class='ocrx_word' id='word_1_171' title='bbox 3126 988 3233 1039; x_wconf 81' lang='grc' dir='ltr'><strong>τῶν</strong></span> <span class='ocrx_word' id='word_1_172' title='bbox 3281 983 3465 1040; x_wconf 77' lang='grc' dir='ltr'>ἄλλων</span> <span class='ocrx_word' id='word_1_173' title='bbox 3528 1008 3628 1059; x_wconf 88' lang='grc' dir='ltr'>μα-</span> 
     </span>
    </p>
   </div>
   <div class='ocr_carea' id='block_1_24' title="bbox 1986 1067 3625 1149">
    <p class='ocr_par' dir='ltr' id='par_1_24' title="bbox 1986 1067 3625 1149">
     <span class='ocr_line' id='line_1_24' title="bbox 1986 1067 3625 1149; baseline 0.004 -26"><span class='ocrx_word' id='word_1_174' title='bbox 1986 1067 2188 1123; x_wconf 84' lang='grc' dir='ltr'>θόντων</span> <span class='ocrx_word' id='word_1_175' title='bbox 2243 1091 2302 1125; x_wconf 82' lang='grc' dir='ltr'><strong>τε</strong></span> <span class='ocrx_word' id='word_1_176' title='bbox 2357 1073 2447 1125; x_wconf 79' lang='grc' dir='ltr'><strong>καὶ</strong></span> <span class='ocrx_word' id='word_1_177' title='bbox 2514 1074 2988 1149; x_wconf 74' lang='grc' dir='ltr'>συμφωνησάντων</span> <span class='ocrx_word' id='word_1_178' title='bbox 3058 1072 3295 1146; x_wconf 79' lang='grc' dir='ltr'>ἑτοίμως</span> <span class='ocrx_word' id='word_1_179' title='bbox 3364 1095 3625 1147; x_wconf 78' lang='grc' dir='ltr'>συγκατα-</span> 
     </span>
    </p>
   </div>
   <div class='ocr_carea' id='block_1_25' title="bbox 1985 1158 3625 1239">
    <p class='ocr_par' dir='ltr' id='par_1_25' title="bbox 1985 1158 3625 1239">
     <span class='ocr_line' id='line_1_25' title="bbox 1985 1158 3625 1239; baseline 0.005 -28"><span class='ocrx_word' id='word_1_180' title='bbox 1985 1158 2179 1233; x_wconf 79' lang='grc' dir='ltr'>πρᾶξαί</span> <span class='ocrx_word' id='word_1_181' title='bbox 2211 1159 2265 1213; x_wconf 71' lang='grc' dir='ltr'>οἳ</span> <span class='ocrx_word' id='word_1_182' title='bbox 2295 1160 2384 1215; x_wconf 75' lang='grc' dir='ltr'><strong>τὸν</strong></span> <span class='ocrx_word' id='word_1_183' title='bbox 2418 1161 2613 1237; x_wconf 80' lang='grc' dir='ltr'>λόχον,</span> <span class='ocrx_word' id='word_1_184' title='bbox 2648 1160 2804 1223; x_wconf 74' lang='grc' dir='ltr'>αὐτὸς</span> <span class='ocrx_word' id='word_1_185' title='bbox 2862 1163 2954 1235; x_wconf 78' lang='grc' dir='ltr'><strong>μὶν</strong></span> <span class='ocrx_word' id='word_1_186' title='bbox 3016 1161 3217 1217; x_wconf 82' lang='grc' dir='ltr'>ἄλλοτε</span> <span class='ocrx_word' id='word_1_187' title='bbox 3266 1163 3361 1237; x_wconf 77' lang='grc' dir='ltr'>μὶν</span> <span class='ocrx_word' id='word_1_188' title='bbox 3411 1165 3625 1239; x_wconf 75' lang='grc' dir='ltr'>περιῄει</span> 
     </span>
    </p>
   </div>
   <div class='ocr_carea' id='block_1_26' title="bbox 1984 1248 3627 1322">
    <p class='ocr_par' dir='ltr' id='par_1_26' title="bbox 1984 1248 3627 1322">
     <span class='ocr_line' id='line_1_26' title="bbox 1984 1248 3627 1322; baseline 0.002 -20"><span class='ocrx_word' id='word_1_189' title='bbox 1984 1249 2194 1303; x_wconf 75' lang='grc' dir='ltr'>καὶτὸν</span> <span class='ocrx_word' id='word_1_190' title='bbox 2241 1248 2406 1303; x_wconf 83' lang='grc' dir='ltr'>τόπον</span> <span class='ocrx_word' id='word_1_191' title='bbox 2456 1251 2529 1311; x_wconf 83' lang='grc' dir='ltr'>ὡς</span> <span class='ocrx_word' id='word_1_192' title='bbox 2582 1248 2725 1311; x_wconf 78' lang='grc' dir='ltr'>εἷ’κὸς</span> <span class='ocrx_word' id='word_1_193' title='bbox 2774 1252 3181 1322; x_wconf 68' lang='grc' dir='ltr'>κατεσκέπτετο,</span> <span class='ocrx_word' id='word_1_194' title='bbox 3238 1251 3360 1306; x_wconf 85' lang='grc' dir='ltr'>τότε</span> <span class='ocrx_word' id='word_1_195' title='bbox 3418 1249 3475 1306; x_wconf 73' lang='grc' dir='ltr'><strong>δὲ</strong></span> <span class='ocrx_word' id='word_1_196' title='bbox 3530 1254 3627 1321; x_wconf 73' lang='grc' dir='ltr'>τήν</span> 
     </span>
    </p>
   </div>
   <div class='ocr_carea' id='block_1_27' title="bbox 1989 1334 3633 1415">
    <p class='ocr_par' dir='ltr' id='par_1_27' title="bbox 1989 1334 3633 1415">
     <span class='ocr_line' id='line_1_27' title="bbox 1989 1334 3633 1415; baseline 0.002 -24"><span class='ocrx_word' id='word_1_197' title='bbox 1989 1337 2220 1409; x_wconf 77' lang='grc' dir='ltr'>ὑποψίαν</span> <span class='ocrx_word' id='word_1_198' title='bbox 2272 1334 2774 1415; x_wconf 61' lang='grc' dir='ltr'>διαφυλαττόμενος</span> <span class='ocrx_word' id='word_1_199' title='bbox 2824 1336 3068 1394; x_wconf 86' lang='grc' dir='ltr'>ἐκποδὼν</span> <span class='ocrx_word' id='word_1_200' title='bbox 3104 1339 3198 1412; x_wconf 77' lang='grc' dir='ltr'><strong>ὢν,</strong></span> <span class='ocrx_word' id='word_1_201' title='bbox 3228 1346 3346 1402; x_wconf 88' lang='grc' dir='ltr'>τοῖς</span> <span class='ocrx_word' id='word_1_202' title='bbox 3394 1335 3633 1395; x_wconf 79' lang='grc' dir='ltr'>ὑποϐαλ-</span> 
     </span>
    </p>
   </div>
   <div class='ocr_carea' id='block_1_28' title="bbox 1986 1423 3630 1503">
    <p class='ocr_par' dir='ltr' id='par_1_28' title="bbox 1986 1423 3630 1503">
     <span class='ocr_line' id='line_1_28' title="bbox 1986 1423 3630 1503; baseline 0.003 -24"><span class='ocrx_word' id='word_1_203' title='bbox 1986 1423 2242 1499; x_wconf 84' lang='grc' dir='ltr'>λομένοις</span> <span class='ocrx_word' id='word_1_204' title='bbox 2275 1426 2587 1503; x_wconf 80' lang='grc' dir='ltr'>προσέχων,</span> <span class='ocrx_word' id='word_1_205' title='bbox 2622 1427 2677 1482; x_wconf 79' lang='grc' dir='ltr'><strong>εὗ</strong></span> <span class='ocrx_word' id='word_1_206' title='bbox 2711 1426 2869 1490; x_wconf 73' lang='grc' dir='ltr'>εἲδὼς</span> <span class='ocrx_word' id='word_1_207' title='bbox 2906 1427 3015 1483; x_wconf 82' lang='grc' dir='ltr'><strong>τῶν</strong></span> <span class='ocrx_word' id='word_1_208' title='bbox 3063 1428 3244 1483; x_wconf 90' lang='grc' dir='ltr'>τόπων</span> <span class='ocrx_word' id='word_1_209' title='bbox 3286 1429 3493 1503; x_wconf 77' lang='grc' dir='ltr'>συνῄει,</span> <span class='ocrx_word' id='word_1_210' title='bbox 3540 1429 3630 1484; x_wconf 84' lang='grc' dir='ltr'><strong>καὶ</strong></span> 
     </span>
    </p>
   </div>
   <div class='ocr_carea' id='block_1_29' title="bbox 1984 1512 3631 1591">
    <p class='ocr_par' dir='ltr' id='par_1_29' title="bbox 1984 1512 3631 1591">
     <span class='ocr_line' id='line_1_29' title="bbox 1984 1512 3631 1591; baseline 0.003 -23"><span class='ocrx_word' id='word_1_211' title='bbox 1984 1514 2411 1588; x_wconf 81' lang='grc' dir='ltr'>προσεσκέπτετο</span> <span class='ocrx_word' id='word_1_212' title='bbox 2461 1515 2607 1577; x_wconf 76' lang='grc' dir='ltr'>ὅπως</span> <span class='ocrx_word' id='word_1_213' title='bbox 2658 1512 2848 1591; x_wconf 77' lang='grc' dir='ltr'>ἄριστα</span> <span class='ocrx_word' id='word_1_214' title='bbox 2894 1518 3107 1590; x_wconf 87' lang='grc' dir='ltr'>γένοιτο</span> <span class='ocrx_word' id='word_1_215' title='bbox 3150 1518 3239 1571; x_wconf 84' lang='grc' dir='ltr'><strong>καὶ</strong></span> <span class='ocrx_word' id='word_1_216' title='bbox 3292 1518 3426 1590; x_wconf 84' lang='grc' dir='ltr'><strong>μετά</strong></span> <span class='ocrx_word' id='word_1_217' title='bbox 3463 1539 3631 1573; x_wconf 87' lang='grc' dir='ltr'>σπου-</span> 
     </span>
    </p>
   </div>
   <div class='ocr_carea' id='block_1_30' title="bbox 1985 1600 3629 1683">
    <p class='ocr_par' dir='ltr' id='par_1_30' title="bbox 1985 1600 3629 1683">
     <span class='ocr_line' id='line_1_30' title="bbox 1985 1600 3629 1683; baseline 0.002 -26"><span class='ocrx_word' id='word_1_218' title='bbox 1985 1600 2082 1672; x_wconf 81' lang='grc' dir='ltr'>δῆς</span> <span class='ocrx_word' id='word_1_219' title='bbox 2112 1604 2173 1659; x_wconf 89' lang='grc' dir='ltr'>τὸ</span> <span class='ocrx_word' id='word_1_220' title='bbox 2208 1604 2589 1677; x_wconf 80' lang='grc' dir='ltr'>μελετώμενον</span> <span class='ocrx_word' id='word_1_221' title='bbox 2622 1604 2793 1683; x_wconf 67' lang='grc' dir='ltr'>σφίσι,</span> <span class='ocrx_word' id='word_1_222' title='bbox 2826 1608 2900 1679; x_wconf 85' lang='grc' dir='ltr'><strong>μή</strong></span> <span class='ocrx_word' id='word_1_223' title='bbox 2933 1626 3051 1667; x_wconf 91' lang='grc' dir='ltr'><strong>πως</strong></span> <span class='ocrx_word' id='word_1_224' title='bbox 3083 1607 3168 1660; x_wconf 78' lang='grc' dir='ltr'><strong>καὶ</strong></span> <span class='ocrx_word' id='word_1_225' title='bbox 3196 1604 3629 1677; x_wconf 71' lang='grc' dir='ltr'>ἀντιλλαξσὶντων</span> 
     </span>
    </p>
   </div>
   <div class='ocr_carea' id='block_1_31' title="bbox 1982 1692 2898 1771">
    <p class='ocr_par' dir='ltr' id='par_1_31' title="bbox 1982 1692 2898 1771">
     <span class='ocr_line' id='line_1_31' title="bbox 1982 1692 2898 1771; baseline 0.005 -26"><span class='ocrx_word' id='word_1_226' title='bbox 1982 1696 2146 1746; x_wconf 78' lang='grc' dir='ltr'>τινῶν</span> <span class='ocrx_word' id='word_1_227' title='bbox 2175 1693 2236 1749; x_wconf 86' lang='grc' dir='ltr'>τὸ</span> <span class='ocrx_word' id='word_1_228' title='bbox 2270 1692 2321 1747; x_wconf 87' lang='grc' dir='ltr'><strong>ἐν</strong></span> <span class='ocrx_word' id='word_1_229' title='bbox 2349 1698 2572 1768; x_wconf 87' lang='grc' dir='ltr'>κρυπτῷ</span> <span class='ocrx_word' id='word_1_230' title='bbox 2598 1695 2898 1771; x_wconf 74' lang='grc' dir='ltr'>φωραθείη.</span> 
     </span>
    </p>
   </div>
   <div class='ocr_carea' id='block_1_32' title="bbox 2184 1781 3423 1858">
    <p class='ocr_par' dir='ltr' id='par_1_32' title="bbox 2184 1781 3423 1858">
     <span class='ocr_line' id='line_1_32' title="bbox 2184 1781 3423 1858; baseline 0.003 -22"><span class='ocrx_word' id='word_1_231' title='bbox 2184 1788 2262 1851; x_wconf 78' lang='grc' dir='ltr'>κζ’</span> <span class='ocrx_word' id='word_1_232' title='bbox 2289 1783 2476 1845; x_wconf 80' lang='grc' dir='ltr'>’Ὀπως</span> <span class='ocrx_word' id='word_1_233' title='bbox 2512 1781 2659 1838; x_wconf 78' lang='grc' dir='ltr'>ἐάλω</span> <span class='ocrx_word' id='word_1_234' title='bbox 2689 1786 2723 1853; x_wconf 82' lang='grc' dir='ltr'>ἡ</span> <span class='ocrx_word' id='word_1_235' title='bbox 2770 1783 2932 1846; x_wconf 77' lang='grc' dir='ltr'>πόλις</span> <span class='ocrx_word' id='word_1_236' title='bbox 2962 1789 3079 1847; x_wconf 88' lang='grc' dir='ltr'>τοῖς</span> <span class='ocrx_word' id='word_1_237' title='bbox 3106 1784 3423 1858; x_wconf 83' lang='grc' dir='ltr'>Ῥωμαίοις.</span> 
     </span>
    </p>
   </div>
   <div class='ocr_carea' id='block_1_33' title="bbox 215 1868 3631 1976">
    <p class='ocr_par' dir='ltr' id='par_1_33' title="bbox 215 1868 3631 1976">
     <span class='ocr_line' id='line_1_33' title="bbox 215 1868 3631 1976; baseline 0.001 -51"><span class='ocrx_word' id='word_1_238' title='bbox 215 1872 311 1925; x_wconf 75' lang='grc' dir='ltr'>καὶ</span> <span class='ocrx_word' id='word_1_239' title='bbox 343 1871 443 1939; x_wconf 71' lang='grc' dir='ltr'>τήν</span> <span class='ocrx_word' id='word_1_240' title='bbox 494 1871 804 1946; x_wconf 78' lang='grc' dir='ltr'>προθυμίαν</span> <span class='ocrx_word' id='word_1_241' title='bbox 836 1871 977 1945; x_wconf 85' lang='grc' dir='ltr'>ἐώρα</span> <span class='ocrx_word' id='word_1_242' title='bbox 1027 1870 1101 1935; x_wconf 83' lang='grc' dir='ltr'><strong>ὡς</strong></span> <span class='ocrx_word' id='word_1_243' title='bbox 1148 1870 1385 1944; x_wconf 79' lang='grc' dir='ltr'>ἐτοίμως</span> <span class='ocrx_word' id='word_1_244' title='bbox 1430 1870 1670 1945; x_wconf 80' lang='grc' dir='ltr'>ἐχόντων</span> <span class='ocrx_word' id='word_1_245' title='bbox 1704 1892 1870 1946; x_wconf 85' lang='grc' dir='ltr'>προσ·</span> <span class='ocrx_word' id='word_1_246' title='bbox 1910 1912 1952 1976; x_wconf 71' lang='grc' dir='ltr'><strong>Β</strong></span> <span class='ocrx_word' id='word_1_247' title='bbox 2056 1873 2135 1941; x_wconf 85' lang='grc' dir='ltr'><strong>[Ρ.</strong></span> <span class='ocrx_word' id='word_1_248' title='bbox 2168 1873 2258 1945; x_wconf 82' lang='grc'><strong>91]</strong></span> <span class='ocrx_word' id='word_1_249' title='bbox 2318 1873 2404 1933; x_wconf 85' lang='grc' dir='ltr'>Ὠς</span> <span class='ocrx_word' id='word_1_250' title='bbox 2452 1875 2576 1947; x_wconf 78' lang='grc' dir='ltr'>γοῦν</span> <span class='ocrx_word' id='word_1_251' title='bbox 2617 1868 2744 1943; x_wconf 66' lang='grc' dir='ltr'>ἔστη</span> <span class='ocrx_word' id='word_1_252' title='bbox 2776 1872 2838 1926; x_wconf 78' lang='grc' dir='ltr'>τὸ</span> <span class='ocrx_word' id='word_1_253' title='bbox 2890 1877 2992 1927; x_wconf 82' lang='grc' dir='ltr'><strong>πᾶν</strong></span> <span class='ocrx_word' id='word_1_254' title='bbox 3024 1879 3123 1942; x_wconf 76' lang='grc' dir='ltr'><strong>τῆς</strong></span> <span class='ocrx_word' id='word_1_255' title='bbox 3180 1872 3410 1948; x_wconf 79' lang='grc' dir='ltr'>βουλῆς,</span> <span class='ocrx_word' id='word_1_256' title='bbox 3454 1875 3540 1929; x_wconf 74' lang='grc' dir='ltr'><strong>καὶ</strong></span> <span class='ocrx_word' id='word_1_257' title='bbox 3604 1876 3631 1929; x_wconf 81' lang='grc' dir='ltr'>ὁ</span> 
     </span>
    </p>
   </div>
   <div class='ocr_carea' id='block_1_34' title="bbox 217 1955 3632 2037">
    <p class='ocr_par' dir='ltr' id='par_1_34' title="bbox 217 1955 3632 2037">
     <span class='ocr_line' id='line_1_34' title="bbox 217 1955 3632 2037; baseline 0.001 -22"><span class='ocrx_word' id='word_1_258' title='bbox 217 1956 470 2030; x_wconf 80' lang='grc' dir='ltr'>ϐοηθεῖν,</span> <span class='ocrx_word' id='word_1_259' title='bbox 503 1958 715 2037; x_wconf 68' lang='grc' dir='ltr'>ἐθάρρει</span> <span class='ocrx_word' id='word_1_260' title='bbox 746 1961 844 2029; x_wconf 78' lang='grc' dir='ltr'>τὴν</span> <span class='ocrx_word' id='word_1_261' title='bbox 878 1955 1222 2035; x_wconf 68' lang='grc' dir='ltr'>προσϐολὴν,</span> <span class='ocrx_word' id='word_1_262' title='bbox 1258 1959 1347 2015; x_wconf 77' lang='grc' dir='ltr'><strong>ὅτε</strong></span> <span class='ocrx_word' id='word_1_263' title='bbox 1378 1958 1435 2015; x_wconf 67' lang='grc' dir='ltr'><strong>δὲ</strong></span> <span class='ocrx_word' id='word_1_264' title='bbox 1466 1962 1602 2037; x_wconf 85' lang='grc' dir='ltr'>πρὸς</span> <span class='ocrx_word' id='word_1_265' title='bbox 1659 1963 1721 2016; x_wconf 86' lang='grc' dir='ltr'>τὸ</span> <span class='ocrx_word' id='word_1_266' title='bbox 1773 1968 1871 2032; x_wconf 84' lang='grc' dir='ltr'><strong>τῆς</strong></span> <span class='ocrx_word' id='word_1_267' title='bbox 1910 1955 1952 1976; x_wconf 82' lang='grc'><strong>¹¹</strong></span> <span class='ocrx_word' id='word_1_268' title='bbox 1982 1962 2167 2035; x_wconf 82' lang='grc' dir='ltr'>καιρὸς</span> <span class='ocrx_word' id='word_1_269' title='bbox 2238 1960 2484 2015; x_wconf 77' lang='grc' dir='ltr'>ἐτάττετο</span> <span class='ocrx_word' id='word_1_270' title='bbox 2552 1962 2744 2023; x_wconf 84' lang='grc' dir='ltr'>νυκτὸς</span> <span class='ocrx_word' id='word_1_271' title='bbox 2790 1962 2890 2037; x_wconf 76' lang='grc' dir='ltr'><strong>γὰρ</strong></span> <span class='ocrx_word' id='word_1_272' title='bbox 2947 1962 3045 2029; x_wconf 77' lang='grc' dir='ltr'>τὴν</span> <span class='ocrx_word' id='word_1_273' title='bbox 3097 1957 3401 2032; x_wconf 75' lang='grc' dir='ltr'>ἐπιϐουλὴν</span> <span class='ocrx_word' id='word_1_274' title='bbox 3454 1963 3632 2018; x_wconf 86' lang='grc' dir='ltr'>συνοί-</span> 
     </span>
    </p>
   </div>
   <div class='ocr_carea' id='block_1_35' title="bbox 218 2044 1871 2125">
    <p class='ocr_par' dir='ltr' id='par_1_35' title="bbox 218 2044 1871 2125">
     <span class='ocr_line' id='line_1_35' title="bbox 218 2044 1871 2125; baseline 0.002 -23"><span class='ocrx_word' id='word_1_275' title='bbox 218 2048 593 2125; x_wconf 78' lang='grc' dir='ltr'>ἐγχειρήσεως</span> <span class='ocrx_word' id='word_1_276' title='bbox 638 2046 895 2125; x_wconf 74' lang='grc' dir='ltr'>δυσχερὲς</span> <span class='ocrx_word' id='word_1_277' title='bbox 948 2049 1101 2111; x_wconf 80' lang='grc' dir='ltr'>αὖθις</span> <span class='ocrx_word' id='word_1_278' title='bbox 1133 2044 1406 2105; x_wconf 76' lang='grc' dir='ltr'>ἀπέϐλεπε</span> <span class='ocrx_word' id='word_1_279' title='bbox 1458 2052 1544 2105; x_wconf 83' lang='grc' dir='ltr'><strong>καὶ</strong></span> <span class='ocrx_word' id='word_1_280' title='bbox 1594 2050 1655 2106; x_wconf 80' lang='grc' dir='ltr'><strong>τό</strong></span> <span class='ocrx_word' id='word_1_281' title='bbox 1696 2047 1871 2105; x_wconf 83' lang='grc' dir='ltr'>κινδυ-</span> 
     </span>
    </p>
   </div>
   <div class='ocr_carea' id='block_1_36' title="bbox 216 2136 1874 2215">
    <p class='ocr_par' dir='ltr' id='par_1_36' title="bbox 216 2136 1874 2215">
     <span class='ocr_line' id='line_1_36' title="bbox 216 2136 1874 2215; baseline 0.002 -24"><span class='ocrx_word' id='word_1_282' title='bbox 216 2136 393 2201; x_wconf 79' lang='grc' dir='ltr'>νῶδες</span> <span class='ocrx_word' id='word_1_283' title='bbox 446 2141 541 2193; x_wconf 76' lang='grc' dir='ltr'><strong>τοῦ</strong></span> <span class='ocrx_word' id='word_1_284' title='bbox 572 2138 909 2213; x_wconf 77' lang='grc' dir='ltr'>πράγματος,</span> <span class='ocrx_word' id='word_1_285' title='bbox 971 2138 1017 2193; x_wconf 75' lang='grc' dir='ltr'><strong>εἴ</strong></span> <span class='ocrx_word' id='word_1_286' title='bbox 1076 2136 1217 2195; x_wconf 69' lang='grc' dir='ltr'>οὕτω</span> <span class='ocrx_word' id='word_1_287' title='bbox 1280 2142 1394 2213; x_wconf 86' lang='grc' dir='ltr'>μετ’</span> <span class='ocrx_word' id='word_1_288' title='bbox 1428 2138 1631 2215; x_wconf 84' lang='grc' dir='ltr'>ὀλίγων</span> <span class='ocrx_word' id='word_1_289' title='bbox 1679 2140 1766 2194; x_wconf 84' lang='grc' dir='ltr'><strong>καὶ</strong></span> <span class='ocrx_word' id='word_1_290' title='bbox 1816 2140 1874 2195; x_wconf 80' lang='grc' dir='ltr'><strong>ἐκ</strong></span> 
     </span>
    </p>
   </div>
   <div class='ocr_carea' id='block_1_37' title="bbox 222 2226 1874 2302">
    <p class='ocr_par' dir='ltr' id='par_1_37' title="bbox 222 2226 1874 2302">
     <span class='ocr_line' id='line_1_37' title="bbox 222 2226 1874 2302; baseline 0.001 -22"><span class='ocrx_word' id='word_1_291' title='bbox 222 2226 503 2302; x_wconf 85' lang='grc' dir='ltr'>παρέργου</span> <span class='ocrx_word' id='word_1_292' title='bbox 555 2226 718 2281; x_wconf 91' lang='grc' dir='ltr'>πόλιν</span> <span class='ocrx_word' id='word_1_293' title='bbox 768 2226 1047 2299; x_wconf 77' lang='grc' dir='ltr'>τοιαύτην,</span> <span class='ocrx_word' id='word_1_294' title='bbox 1092 2231 1153 2298; x_wconf 78' lang='grc' dir='ltr'>ἢν</span> <span class='ocrx_word' id='word_1_295' title='bbox 1207 2230 1295 2283; x_wconf 85' lang='grc' dir='ltr'><strong>καὶ</strong></span> <span class='ocrx_word' id='word_1_296' title='bbox 1354 2228 1561 2284; x_wconf 74' lang='grc' dir='ltr'>πολλαὶ</span> <span class='ocrx_word' id='word_1_297' title='bbox 1621 2226 1874 2301; x_wconf 72' lang='grc' dir='ltr'>δυνάμεις</span> 
     </span>
    </p>
   </div>
   <div class='ocr_carea' id='block_1_38' title="bbox 220 2315 1873 2395">
    <p class='ocr_par' dir='ltr' id='par_1_38' title="bbox 220 2315 1873 2395">
     <span class='ocr_line' id='line_1_38' title="bbox 220 2315 1873 2395; baseline 0.002 -24"><span class='ocrx_word' id='word_1_298' title='bbox 220 2316 335 2392; x_wconf 74' lang='grc' dir='ltr'>οὐχ</span> <span class='ocrx_word' id='word_1_299' title='bbox 384 2315 927 2389; x_wconf 48' lang='grc' dir='ltr'>ὲλεῖνᾌδυνήθησω,</span> <span class='ocrx_word' id='word_1_300' title='bbox 980 2319 1140 2381; x_wconf 78' lang='grc' dir='ltr'>αὐτὸς</span> <span class='ocrx_word' id='word_1_301' title='bbox 1191 2318 1243 2373; x_wconf 84' lang='grc' dir='ltr'><strong>ἐν</strong></span> <span class='ocrx_word' id='word_1_302' title='bbox 1296 2319 1484 2395; x_wconf 84' lang='grc' dir='ltr'>ἀκαρεῖ</span> <span class='ocrx_word' id='word_1_303' title='bbox 1535 2322 1873 2395; x_wconf 77' lang='grc' dir='ltr'>παραστήσε-</span> 
     </span>
    </p>
   </div>
   <div class='ocr_carea' id='block_1_39' title="bbox 220 2402 1874 2481">
    <p class='ocr_par' dir='ltr' id='par_1_39' title="bbox 220 2402 1874 2481">
     <span class='ocr_line' id='line_1_39' title="bbox 220 2402 1874 2481; baseline 0.002 -21"><span class='ocrx_word' id='word_1_304' title='bbox 220 2427 338 2477; x_wconf 88' lang='grc' dir='ltr'>ται,</span> <span class='ocrx_word' id='word_1_305' title='bbox 387 2406 650 2461; x_wconf 83' lang='grc' dir='ltr'>κατώκνει</span> <span class='ocrx_word' id='word_1_306' title='bbox 699 2407 789 2462; x_wconf 84' lang='grc' dir='ltr'><strong>καὶ</strong></span> <span class='ocrx_word' id='word_1_307' title='bbox 840 2402 1193 2464; x_wconf 78' lang='grc' dir='ltr'>ἀνεϐάλλετο,</span> <span class='ocrx_word' id='word_1_308' title='bbox 1239 2410 1427 2481; x_wconf 86' lang='grc' dir='ltr'>Ὅμως</span> <span class='ocrx_word' id='word_1_309' title='bbox 1480 2409 1570 2463; x_wconf 80' lang='grc' dir='ltr'><strong>γαὶ</strong></span> <span class='ocrx_word' id='word_1_310' title='bbox 1610 2409 1734 2471; x_wconf 82' lang='grc' dir='ltr'>τοὺς</span> <span class='ocrx_word' id='word_1_311' title='bbox 1779 2407 1874 2463; x_wconf 89' lang='grc' dir='ltr'>λό-</span> 
     </span>
    </p>
   </div>
   <div class='ocr_carea' id='block_1_40' title="bbox 214 2489 1874 2571">
    <p class='ocr_par' dir='ltr' id='par_1_40' title="bbox 214 2489 1874 2571">
     <span class='ocr_line' id='line_1_40' title="bbox 214 2489 1874 2571; baseline 0.001 -22"><span class='ocrx_word' id='word_1_312' title='bbox 214 2516 354 2569; x_wconf 84' lang='grc' dir='ltr'>γους</span> <span class='ocrx_word' id='word_1_313' title='bbox 402 2489 694 2569; x_wconf 76' lang='grc' dir='ltr'>λαμϐἄνων</span> <span class='ocrx_word' id='word_1_314' title='bbox 746 2495 799 2551; x_wconf 79' lang='grc' dir='ltr'><strong>ἐν</strong></span> <span class='ocrx_word' id='word_1_315' title='bbox 851 2502 1021 2569; x_wconf 82' lang='grc' dir='ltr'>κοινῷ</span> <span class='ocrx_word' id='word_1_316' title='bbox 1070 2497 1132 2552; x_wconf 86' lang='grc' dir='ltr'>τὸ</span> <span class='ocrx_word' id='word_1_317' title='bbox 1180 2498 1447 2571; x_wconf 83' lang='grc' dir='ltr'>πρακτέον</span> <span class='ocrx_word' id='word_1_318' title='bbox 1499 2496 1682 2562; x_wconf 84' lang='grc' dir='ltr'>ἐτίθει.</span> <span class='ocrx_word' id='word_1_319' title='bbox 1730 2498 1874 2555; x_wconf 81' lang='grc' dir='ltr'><strong>Κάν-</strong></span> 
     </span>
    </p>
   </div>
   <div class='ocr_carea' id='block_1_41' title="bbox 212 2714 1869 2789">
    <p class='ocr_par' dir='ltr' id='par_1_41' title="bbox 212 2714 1869 2789">
     <span class='ocr_line' id='line_1_41' title="bbox 212 2714 1869 2789; baseline 0 -17"><span class='ocrx_word' id='word_1_320' title='bbox 212 2716 436 2788; x_wconf 86' lang='lat' dir='ltr'><strong>videre,</strong></span> <span class='ocrx_word' id='word_1_321' title='bbox 459 2731 749 2789; x_wconf 88' lang='lat' dir='ltr'><strong>agereque</strong></span> <span class='ocrx_word' id='word_1_322' title='bbox 772 2732 907 2772; x_wconf 92' lang='lat' dir='ltr'><strong>cum</strong></span> <span class='ocrx_word' id='word_1_323' title='bbox 931 2714 1049 2771; x_wconf 90' lang='lat' dir='ltr'><strong>illis</strong></span> <span class='ocrx_word' id='word_1_324' title='bbox 1071 2732 1198 2788; x_wconf 62' lang='lat' dir='ltr'><strong>qua</strong></span> <span class='ocrx_word' id='word_1_325' title='bbox 1229 2720 1563 2789; x_wconf 77' lang='lat' dir='ltr'><strong>Opportuna</strong></span> <span class='ocrx_word' id='word_1_326' title='bbox 1591 2716 1869 2773; x_wconf 91' lang='lat' dir='ltr'><strong>videban-</strong></span> 
     </span>
    </p>
   </div>
   <div class='ocr_carea' id='block_1_42' title="bbox 213 2804 1868 2878">
    <p class='ocr_par' dir='ltr' id='par_1_42' title="bbox 213 2804 1868 2878">
     <span class='ocr_line' id='line_1_42' title="bbox 213 2804 1868 2878; baseline 0 -17"><span class='ocrx_word' id='word_1_327' title='bbox 213 2811 318 2862; x_wconf 90' lang='lat' dir='ltr'><strong>tur</strong></span> <span class='ocrx_word' id='word_1_328' title='bbox 356 2805 427 2861; x_wconf 91' lang='lat' dir='ltr'><strong>ad</strong></span> <span class='ocrx_word' id='word_1_329' title='bbox 468 2821 632 2878; x_wconf 91' lang='lat' dir='ltr'><strong>spem</strong></span> <span class='ocrx_word' id='word_1_330' title='bbox 679 2804 844 2862; x_wconf 81' lang='lat' dir='ltr'><strong>urbis</strong></span> <span class='ocrx_word' id='word_1_331' title='bbox 892 2805 1208 2877; x_wconf 82' lang='lat' dir='ltr'><strong>aliquando</strong></span> <span class='ocrx_word' id='word_1_332' title='bbox 1258 2807 1692 2878; x_wconf 70' lang='lat' dir='ltr'><strong>recuperandae.</strong></span> <span class='ocrx_word' id='word_1_333' title='bbox 1726 2805 1868 2861; x_wconf 88' lang='lat' dir='ltr'><strong>Cum</strong></span> 
     </span>
    </p>
   </div>
   <div class='ocr_carea' id='block_1_43' title="bbox 216 2893 1873 2967">
    <p class='ocr_par' dir='ltr' id='par_1_43' title="bbox 216 2893 1873 2967">
     <span class='ocr_line' id='line_1_43' title="bbox 216 2893 1873 2967; baseline 0 -17"><span class='ocrx_word' id='word_1_334' title='bbox 216 2895 406 2967; x_wconf 89' lang='lat' dir='ltr'><strong>igitur</strong></span> <span class='ocrx_word' id='word_1_335' title='bbox 433 2893 781 2951; x_wconf 78' lang='lat' dir='ltr'><strong>accessisset</strong></span> <span class='ocrx_word' id='word_1_336' title='bbox 812 2898 868 2951; x_wconf 93' lang='lat' dir='ltr'><strong>et</strong></span> <span class='ocrx_word' id='word_1_337' title='bbox 897 2894 955 2949; x_wconf 90' lang='lat' dir='ltr'><strong>iu</strong></span> <span class='ocrx_word' id='word_1_338' title='bbox 987 2894 1134 2967; x_wconf 83' lang='lat' dir='ltr'>ipsis</span> <span class='ocrx_word' id='word_1_339' title='bbox 1165 2894 1466 2951; x_wconf 90' lang='lat' dir='ltr'><strong>suburbiis</strong></span> <span class='ocrx_word' id='word_1_340' title='bbox 1494 2894 1873 2951; x_wconf 89' lang='lat' dir='ltr'><strong>tabernacula</strong></span> 
     </span>
    </p>
   </div>
   <div class='ocr_carea' id='block_1_44' title="bbox 218 2981 1873 3056">
    <p class='ocr_par' dir='ltr' id='par_1_44' title="bbox 218 2981 1873 3056">
     <span class='ocr_line' id='line_1_44' title="bbox 218 2981 1873 3056; baseline 0 -17"><span class='ocrx_word' id='word_1_341' title='bbox 218 2983 465 3051; x_wconf 79' lang='lat' dir='ltr'><strong>ﬁxisset,</strong></span> <span class='ocrx_word' id='word_1_342' title='bbox 517 2981 667 3038; x_wconf 89' lang='lat' dir='ltr'><strong>clam</strong></span> <span class='ocrx_word' id='word_1_343' title='bbox 714 2982 941 3038; x_wconf 90' lang='lat' dir='ltr'><strong>vocavit</strong></span> <span class='ocrx_word' id='word_1_344' title='bbox 988 2982 1313 3055; x_wconf 72' lang='lat' dir='ltr'><strong>praecipuos</strong></span> <span class='ocrx_word' id='word_1_345' title='bbox 1361 2999 1584 3053; x_wconf 87' lang='lat' dir='ltr'><strong>eorum,</strong></span> <span class='ocrx_word' id='word_1_346' title='bbox 1626 2988 1684 3039; x_wconf 91' lang='lat' dir='ltr'><strong>et</strong></span> <span class='ocrx_word' id='word_1_347' title='bbox 1731 2982 1873 3056; x_wconf 88' lang='lat' dir='ltr'>ipsis</span> 
     </span>
    </p>
   </div>
   <div class='ocr_carea' id='block_1_45' title="bbox 218 3071 1874 3146">
    <p class='ocr_par' dir='ltr' id='par_1_45' title="bbox 218 3071 1874 3146">
     <span class='ocr_line' id='line_1_45' title="bbox 218 3071 1874 3146; baseline -0.001 -17"><span class='ocrx_word' id='word_1_348' title='bbox 218 3072 588 3129; x_wconf 90' lang='lat' dir='ltr'><strong>conﬁdenter</strong></span> <span class='ocrx_word' id='word_1_349' title='bbox 615 3071 756 3145; x_wconf 91' lang='lat' dir='ltr'><strong>quid</strong></span> <span class='ocrx_word' id='word_1_350' title='bbox 790 3072 849 3127; x_wconf 93' lang='lat' dir='ltr'><strong>in</strong></span> <span class='ocrx_word' id='word_1_351' title='bbox 881 3072 1079 3128; x_wconf 92' lang='lat' dir='ltr'><strong>animo</strong></span> <span class='ocrx_word' id='word_1_352' title='bbox 1114 3072 1352 3128; x_wconf 91' lang='lat' dir='ltr'><strong>haberet</strong></span> <span class='ocrx_word' id='word_1_353' title='bbox 1396 3072 1646 3146; x_wconf 87' lang='lat' dir='ltr'><strong>aperuit,</strong></span> <span class='ocrx_word' id='word_1_354' title='bbox 1680 3077 1874 3129; x_wconf 85' lang='lat' dir='ltr'><strong>osten-</strong></span> 
     </span>
    </p>
   </div>
   <div class='ocr_carea' id='block_1_46' title="bbox 218 3159 1877 3233">
    <p class='ocr_par' dir='ltr' id='par_1_46' title="bbox 218 3159 1877 3233">
     <span class='ocr_line' id='line_1_46' title="bbox 218 3159 1877 3233; baseline -0.001 -16"><span class='ocrx_word' id='word_1_355' title='bbox 218 3167 355 3217; x_wconf 90' lang='lat' dir='ltr'><strong>taus</strong></span> <span class='ocrx_word' id='word_1_356' title='bbox 377 3161 461 3218; x_wconf 91' lang='lat' dir='ltr'><strong>eis</strong></span> <span class='ocrx_word' id='word_1_357' title='bbox 488 3176 623 3233; x_wconf 90' lang='lat' dir='ltr'><strong>spes</strong></span> <span class='ocrx_word' id='word_1_358' title='bbox 659 3159 898 3217; x_wconf 79' lang='lat' dir='ltr'><strong>maximi</strong></span> <span class='ocrx_word' id='word_1_359' title='bbox 933 3160 1271 3233; x_wconf 89' lang='lat' dir='ltr'><strong>proventuri</strong></span> <span class='ocrx_word' id='word_1_360' title='bbox 1302 3159 1447 3233; x_wconf 89' lang='lat' dir='ltr'>ipsis</span> <span class='ocrx_word' id='word_1_361' title='bbox 1478 3160 1793 3228; x_wconf 87' lang='lat' dir='ltr'><strong>commodi,</strong></span> <span class='ocrx_word' id='word_1_362' title='bbox 1828 3160 1877 3217; x_wconf 89' lang='lat' dir='ltr'><strong>si</strong></span> 
     </span>
    </p>
   </div>
   <div class='ocr_carea' id='block_1_47' title="bbox 1987 2046 3630 2126">
    <p class='ocr_par' dir='ltr' id='par_1_47' title="bbox 1987 2046 3630 2126">
     <span class='ocr_line' id='line_1_47' title="bbox 1987 2046 3630 2126; baseline 0.002 -23"><span class='ocrx_word' id='word_1_363' title='bbox 1987 2070 2094 2103; x_wconf 87' lang='grc' dir='ltr'>σειν</span> <span class='ocrx_word' id='word_1_364' title='bbox 2127 2048 2216 2104; x_wconf 83' lang='grc' dir='ltr'><strong>καὶ</strong></span> <span class='ocrx_word' id='word_1_365' title='bbox 2247 2048 2307 2104; x_wconf 79' lang='grc' dir='ltr'><strong>ἐκ</strong></span> <span class='ocrx_word' id='word_1_366' title='bbox 2347 2053 2443 2104; x_wconf 72' lang='grc' dir='ltr'><strong>τοῦ</strong></span> <span class='ocrx_word' id='word_1_367' title='bbox 2476 2048 2748 2125; x_wconf 68' lang='grc' dir='ltr'>αἲφνιδίου</span> <span class='ocrx_word' id='word_1_368' title='bbox 2784 2051 2859 2123; x_wconf 79' lang='grc' dir='ltr'>μὴ</span> <span class='ocrx_word' id='word_1_369' title='bbox 2891 2048 3320 2125; x_wconf 81' lang='grc' dir='ltr'>προσδοκώντων</span> <span class='ocrx_word' id='word_1_370' title='bbox 3367 2046 3630 2126; x_wconf 65' lang='grc' dir='ltr'>ἔγνωσαν.</span> 
     </span>
    </p>
   </div>
   <div class='ocr_carea' id='block_1_48' title="bbox 1986 2134 3631 2216">
    <p class='ocr_par' dir='ltr' id='par_1_48' title="bbox 1986 2134 3631 2216">
     <span class='ocr_line' id='line_1_48' title="bbox 1986 2134 3631 2216; baseline -0.001 -23"><span class='ocrx_word' id='word_1_371' title='bbox 1986 2138 2269 2200; x_wconf 82' lang='grc' dir='ltr'>Κάκείνοις</span> <span class='ocrx_word' id='word_1_372' title='bbox 2322 2140 2415 2212; x_wconf 74' lang='grc' dir='ltr'>μὲν</span> <span class='ocrx_word' id='word_1_373' title='bbox 2469 2138 2634 2212; x_wconf 82' lang='grc' dir='ltr'>μέλον</span> <span class='ocrx_word' id='word_1_374' title='bbox 2685 2141 2750 2208; x_wconf 82' lang='grc' dir='ltr'>ἦν</span> <span class='ocrx_word' id='word_1_375' title='bbox 2813 2134 3285 2210; x_wconf 83' lang='grc' dir='ltr'>ἐπαναϐεϐηκότας</span> <span class='ocrx_word' id='word_1_376' title='bbox 3331 2141 3393 2195; x_wconf 86' lang='grc' dir='ltr'>τὸ</span> <span class='ocrx_word' id='word_1_377' title='bbox 3440 2146 3631 2216; x_wconf 85' lang='grc' dir='ltr'>τεῖχος</span> 
     </span>
    </p>
   </div>
   <div class='ocr_carea' id='block_1_49' title="bbox 1987 2226 3627 2306">
    <p class='ocr_par' dir='ltr' id='par_1_49' title="bbox 1987 2226 3627 2306">
     <span class='ocr_line' id='line_1_49' title="bbox 1987 2226 3627 2306; baseline 0.002 -25"><span class='ocrx_word' id='word_1_378' title='bbox 1987 2226 2073 2281; x_wconf 73' lang='grc' dir='ltr'><strong>διὰ</strong></span> <span class='ocrx_word' id='word_1_379' title='bbox 2123 2227 2407 2302; x_wconf 71' lang='grc' dir='ltr'>κλιμάκων</span> <span class='ocrx_word' id='word_1_380' title='bbox 2458 2228 2699 2305; x_wconf 75' lang='grc' dir='ltr'>ἀψοφητὶ</span> <span class='ocrx_word' id='word_1_381' title='bbox 2747 2230 2873 2291; x_wconf 81' lang='grc' dir='ltr'>τοὺς</span> <span class='ocrx_word' id='word_1_382' title='bbox 2925 2227 3211 2306; x_wconf 78' lang='grc' dir='ltr'>φυλαττειν</span> <span class='ocrx_word' id='word_1_383' title='bbox 3262 2251 3318 2285; x_wconf 90' lang='grc' dir='ltr'><strong>τε</strong></span> <span class='ocrx_word' id='word_1_384' title='bbox 3364 2230 3627 2305; x_wconf 81' lang='grc' dir='ltr'>τεταγμέ-</span> 
     </span>
    </p>
   </div>
   <div class='ocr_carea' id='block_1_50' title="bbox 1983 2315 3626 2395">
    <p class='ocr_par' dir='ltr' id='par_1_50' title="bbox 1983 2315 3626 2395">
     <span class='ocr_line' id='line_1_50' title="bbox 1983 2315 3626 2395; baseline 0 -23"><span class='ocrx_word' id='word_1_385' title='bbox 1983 2339 2105 2379; x_wconf 79' lang='grc' dir='ltr'>νους</span> <span class='ocrx_word' id='word_1_386' title='bbox 2134 2317 2514 2395; x_wconf 80' lang='grc' dir='ltr'>καταῤῥιπτεῖν</span> <span class='ocrx_word' id='word_1_387' title='bbox 2546 2315 2745 2373; x_wconf 74' lang='grc' dir='ltr'>ἄνωθεν</span> <span class='ocrx_word' id='word_1_388' title='bbox 2794 2319 2881 2373; x_wconf 84' lang='grc' dir='ltr'><strong>καὶ</strong></span> <span class='ocrx_word' id='word_1_389' title='bbox 2923 2319 3022 2388; x_wconf 79' lang='grc' dir='ltr'>τὴν</span> <span class='ocrx_word' id='word_1_390' title='bbox 3072 2325 3171 2389; x_wconf 78' lang='grc' dir='ltr'><strong>τῆς</strong></span> <span class='ocrx_word' id='word_1_391' title='bbox 3214 2326 3397 2394; x_wconf 82' lang='grc' dir='ltr'>πηγῆς</span> <span class='ocrx_word' id='word_1_392' title='bbox 3446 2318 3626 2390; x_wconf 73' lang='grc' dir='ltr'>πύλην</span> 
     </span>
    </p>
   </div>
   <div class='ocr_carea' id='block_1_51' title="bbox 1984 2402 3628 2483">
    <p class='ocr_par' dir='ltr' id='par_1_51' title="bbox 1984 2402 3628 2483">
     <span class='ocr_line' id='line_1_51' title="bbox 1984 2402 3628 2483; baseline 0.001 -22"><span class='ocrx_word' id='word_1_393' title='bbox 1984 2406 2218 2483; x_wconf 82' lang='grc' dir='ltr'>ἀνοίγειν</span> <span class='ocrx_word' id='word_1_394' title='bbox 2278 2410 2481 2483; x_wconf 76' lang='grc' dir='ltr'>σφῆνας</span> <span class='ocrx_word' id='word_1_395' title='bbox 2539 2402 2916 2481; x_wconf 87' lang='grc' dir='ltr'>ἐμϐαλόντας,</span> <span class='ocrx_word' id='word_1_396' title='bbox 2978 2409 3070 2464; x_wconf 85' lang='grc' dir='ltr'><strong>τὸν</strong></span> <span class='ocrx_word' id='word_1_397' title='bbox 3131 2408 3189 2463; x_wconf 90' lang='grc' dir='ltr'><strong>ἐκ</strong></span> <span class='ocrx_word' id='word_1_398' title='bbox 3238 2408 3404 2464; x_wconf 74' lang='grc' dir='ltr'>λίθων</span> <span class='ocrx_word' id='word_1_399' title='bbox 3450 2409 3628 2481; x_wconf 87' lang='grc' dir='ltr'>μόνων</span> 
     </span>
    </p>
   </div>
   <div class='ocr_carea' id='block_1_52' title="bbox 1984 2495 3629 2574">
    <p class='ocr_par' dir='ltr' id='par_1_52' title="bbox 1984 2495 3629 2574">
     <span class='ocr_line' id='line_1_52' title="bbox 1984 2495 3629 2574; baseline 0.001 -23"><span class='ocrx_word' id='word_1_400' title='bbox 1984 2495 2438 2572; x_wconf 72' lang='grc' dir='ltr'>προσαρμόζοντα</span> <span class='ocrx_word' id='word_1_401' title='bbox 2481 2498 2649 2570; x_wconf 82' lang='grc' dir='ltr'>ταύτῃ</span> <span class='ocrx_word' id='word_1_402' title='bbox 2698 2502 2892 2573; x_wconf 87' lang='grc' dir='ltr'>τοῖχον</span> <span class='ocrx_word' id='word_1_403' title='bbox 2950 2498 3381 2574; x_wconf 68' lang='grc' dir='ltr'>κατερηριφότας</span> <span class='ocrx_word' id='word_1_404' title='bbox 3436 2497 3629 2571; x_wconf 81' lang='grc' dir='ltr'>πρότε-</span> 
     </span>
    </p>
   </div>
   <div class='ocr_carea' id='block_1_53' title="bbox 1985 2714 3631 2781">
    <p class='ocr_par' dir='ltr' id='par_1_53' title="bbox 1985 2714 3631 2781">
     <span class='ocr_line' id='line_1_53' title="bbox 1985 2714 3631 2781; baseline 0.002 -10"><span class='ocrx_word' id='word_1_405' title='bbox 1985 2714 2386 2781; x_wconf 63' lang='lat' dir='ltr'><strong>Providentia,</strong></span> <span class='ocrx_word' id='word_1_406' title='bbox 2420 2732 2534 2772; x_wconf 92' lang='lat' dir='ltr'><strong>non</strong></span> <span class='ocrx_word' id='word_1_407' title='bbox 2576 2718 2768 2772; x_wconf 90' lang='lat' dir='ltr'><strong>solum</strong></span> <span class='ocrx_word' id='word_1_408' title='bbox 2798 2715 2857 2771; x_wconf 89' lang='lat' dir='ltr'><strong>in</strong></span> <span class='ocrx_word' id='word_1_409' title='bbox 2884 2715 3124 2771; x_wconf 90' lang='lat' dir='ltr'><strong>interitu</strong></span> <span class='ocrx_word' id='word_1_410' title='bbox 3174 2720 3276 2771; x_wconf 90' lang='lat' dir='ltr'><strong>aut</strong></span> <span class='ocrx_word' id='word_1_411' title='bbox 3326 2715 3441 2772; x_wconf 90' lang='lat' dir='ltr'><strong>alio</strong></span> <span class='ocrx_word' id='word_1_412' title='bbox 3491 2733 3631 2774; x_wconf 89' lang='lat' dir='ltr'><strong>casu</strong></span> 
     </span>
    </p>
   </div>
   <div class='ocr_carea' id='block_1_54' title="bbox 1981 2802 3634 2877">
    <p class='ocr_par' dir='ltr' id='par_1_54' title="bbox 1981 2802 3634 2877">
     <span class='ocr_line' id='line_1_54' title="bbox 1981 2802 3634 2877; baseline 0.001 -18"><span class='ocrx_word' id='word_1_413' title='bbox 1981 2802 2349 2877; x_wconf 89' lang='lat' dir='ltr'><strong>singulorum</strong></span> <span class='ocrx_word' id='word_1_414' title='bbox 2381 2804 2719 2872; x_wconf 77' lang='lat' dir='ltr'><strong>viventium,</strong></span> <span class='ocrx_word' id='word_1_415' title='bbox 2772 2805 2871 2862; x_wconf 90' lang='lat' dir='ltr'><strong>sed</strong></span> <span class='ocrx_word' id='word_1_416' title='bbox 2906 2805 3079 2861; x_wconf 89' lang='lat' dir='ltr'><strong>etiam</strong></span> <span class='ocrx_word' id='word_1_417' title='bbox 3112 2804 3170 2861; x_wconf 91' lang='lat' dir='ltr'><strong>in</strong></span> <span class='ocrx_word' id='word_1_418' title='bbox 3206 2804 3634 2862; x_wconf 86' lang='lat' dir='ltr'><strong>mutationibus</strong></span> 
     </span>
    </p>
   </div>
   <div class='ocr_carea' id='block_1_55' title="bbox 1982 2892 3630 2966">
    <p class='ocr_par' dir='ltr' id='par_1_55' title="bbox 1982 2892 3630 2966">
     <span class='ocr_line' id='line_1_55' title="bbox 1982 2892 3630 2966; baseline 0.002 -18"><span class='ocrx_word' id='word_1_419' title='bbox 1982 2893 2351 2966; x_wconf 90' lang='lat' dir='ltr'><strong>fortunisque</strong></span> <span class='ocrx_word' id='word_1_420' title='bbox 2381 2892 2724 2965; x_wconf 84' lang='lat' dir='ltr'><strong>civitatum),</strong></span> <span class='ocrx_word' id='word_1_421' title='bbox 2747 2894 2982 2951; x_wconf 89' lang='lat' dir='ltr'><strong>tandem</strong></span> <span class='ocrx_word' id='word_1_422' title='bbox 3007 2899 3064 2951; x_wconf 90' lang='lat' dir='ltr'><strong>et</strong></span> <span class='ocrx_word' id='word_1_423' title='bbox 3085 2894 3210 2966; x_wconf 90' lang='lat' dir='ltr'><strong>ipse</strong></span> <span class='ocrx_word' id='word_1_424' title='bbox 3240 2895 3530 2951; x_wconf 88' lang='lat' dir='ltr'><strong>adductus</strong></span> <span class='ocrx_word' id='word_1_425' title='bbox 3560 2896 3630 2951; x_wconf 90' lang='lat' dir='ltr'><strong>ad</strong></span> 
     </span>
    </p>
   </div>
   <div class='ocr_carea' id='block_1_56' title="bbox 1984 2982 3631 3055">
    <p class='ocr_par' dir='ltr' id='par_1_56' title="bbox 1984 2982 3631 3055">
     <span class='ocr_line' id='line_1_56' title="bbox 1984 2982 3631 3055; baseline 0.001 -16"><span class='ocrx_word' id='word_1_426' title='bbox 1984 2983 2323 3039; x_wconf 89' lang='lat' dir='ltr'><strong>audendum</strong></span> <span class='ocrx_word' id='word_1_427' title='bbox 2356 2985 2464 3052; x_wconf 86' lang='lat' dir='ltr'><strong>est,</strong></span> <span class='ocrx_word' id='word_1_428' title='bbox 2498 2987 2556 3039; x_wconf 93' lang='lat' dir='ltr'><strong>et</strong></span> <span class='ocrx_word' id='word_1_429' title='bbox 2584 2982 2734 3040; x_wconf 85' lang='lat' dir='ltr'><strong>nihil</strong></span> <span class='ocrx_word' id='word_1_430' title='bbox 2774 2982 2902 3055; x_wconf 91' lang='lat' dir='ltr'><strong>jam</strong></span> <span class='ocrx_word' id='word_1_431' title='bbox 2952 2982 3113 3039; x_wconf 85' lang='lat' dir='ltr'><strong>aliud</strong></span> <span class='ocrx_word' id='word_1_432' title='bbox 3167 2982 3281 3039; x_wconf 90' lang='lat' dir='ltr'><strong>nisi</strong></span> <span class='ocrx_word' id='word_1_433' title='bbox 3328 2983 3631 3041; x_wconf 80' lang='lat' dir='ltr'><strong>victoriam</strong></span> 
     </span>
    </p>
   </div>
   <div class='ocr_carea' id='block_1_57' title="bbox 1984 3071 3633 3146">
    <p class='ocr_par' dir='ltr' id='par_1_57' title="bbox 1984 3071 3633 3146">
     <span class='ocr_line' id='line_1_57' title="bbox 1984 3071 3633 3146; baseline 0.001 -18"><span class='ocrx_word' id='word_1_434' title='bbox 1984 3072 2250 3145; x_wconf 88' lang='lat' dir='ltr'><strong>cogitans</strong></span> <span class='ocrx_word' id='word_1_435' title='bbox 2282 3078 2439 3129; x_wconf 86' lang='lat' dir='ltr'><strong>totus</strong></span> <span class='ocrx_word' id='word_1_436' title='bbox 2459 3073 2517 3128; x_wconf 89' lang='lat' dir='ltr'><strong>in</strong></span> <span class='ocrx_word' id='word_1_437' title='bbox 2542 3072 2842 3145; x_wconf 83' lang='lat' dir='ltr'><strong>negotium</strong></span> <span class='ocrx_word' id='word_1_438' title='bbox 2873 3071 3160 3129; x_wconf 88' lang='lat' dir='ltr'><strong>incubuit.</strong></span> <span class='ocrx_word' id='word_1_439' title='bbox 3188 3072 3388 3146; x_wconf 87' lang='lat' dir='ltr'><strong>Itaque</strong></span> <span class='ocrx_word' id='word_1_440' title='bbox 3409 3074 3633 3130; x_wconf 68' lang='lat' dir='ltr'><strong>caeteris</strong></span> 
     </span>
    </p>
   </div>
   <div class='ocr_carea' id='block_1_58' title="bbox 1986 3160 3633 3235">
    <p class='ocr_par' dir='ltr' id='par_1_58' title="bbox 1986 3160 3633 3235">
     <span class='ocr_line' id='line_1_58' title="bbox 1986 3160 3633 3235; baseline 0.002 -19"><span class='ocrx_word' id='word_1_441' title='bbox 1986 3160 2261 3218; x_wconf 88' lang='lat' dir='ltr'><strong>similiter</strong></span> <span class='ocrx_word' id='word_1_442' title='bbox 2308 3178 2410 3235; x_wconf 91' lang='lat' dir='ltr'><strong>per</strong></span> <span class='ocrx_word' id='word_1_443' title='bbox 2450 3162 2769 3218; x_wconf 82' lang='lat' dir='ltr'><strong>exercitum</strong></span> <span class='ocrx_word' id='word_1_444' title='bbox 2817 3164 3047 3219; x_wconf 89' lang='lat' dir='ltr'><strong>cunctis</strong></span> <span class='ocrx_word' id='word_1_445' title='bbox 3077 3161 3421 3231; x_wconf 89' lang='lat' dir='ltr'><strong>consilium,</strong></span> <span class='ocrx_word' id='word_1_446' title='bbox 3454 3163 3633 3219; x_wconf 90' lang='lat' dir='ltr'><strong>simul</strong></span> 
     </span>
    </p>
   </div>
   <div class='ocr_carea' id='block_1_59' title="bbox 216 3248 3633 3324">
    <p class='ocr_par' dir='ltr' id='par_1_59' title="bbox 216 3248 3633 3324">
     <span class='ocr_line' id='line_1_59' title="bbox 216 3248 3633 3324; baseline 0 -17"><span class='ocrx_word' id='word_1_447' title='bbox 216 3249 483 3307; x_wconf 88' lang='lat' dir='ltr'><strong>conferre</strong></span> <span class='ocrx_word' id='word_1_448' title='bbox 504 3265 741 3323; x_wconf 87' lang='lat' dir='ltr'><strong>cperam</strong></span> <span class='ocrx_word' id='word_1_449' title='bbox 764 3248 1703 3315; x_wconf 85' lang='lat' dir='ltr'><strong>vellent.Quibusadmonentibus</strong></span> <span class='ocrx_word' id='word_1_450' title='bbox 1727 3268 1871 3306; x_wconf 88' lang='lat' dir='ltr'><strong>nun-</strong></span> <span class='ocrx_word' id='word_1_451' title='bbox 1902 3252 1946 3320; x_wconf 82' lang='lat' dir='ltr'><strong><em>C</em></strong></span> <span class='ocrx_word' id='word_1_452' title='bbox 1984 3251 2686 3324; x_wconf 83' lang='lat' dir='ltr'><strong>cognoverunt,impense</strong></span> <span class='ocrx_word' id='word_1_453' title='bbox 2718 3250 3125 3324; x_wconf 82' lang='lat' dir='ltr'><strong>probantibus,</strong></span> <span class='ocrx_word' id='word_1_454' title='bbox 3159 3250 3633 3324; x_wconf 85' lang='lat' dir='ltr'><strong>expedientibus-</strong></span> 
     </span>
    </p>
   </div>
   <div class='ocr_carea' id='block_1_60' title="bbox 215 3340 1877 3415">
    <p class='ocr_par' dir='ltr' id='par_1_60' title="bbox 215 3340 1877 3415">
     <span class='ocr_line' id='line_1_60' title="bbox 215 3340 1877 3415; baseline 0.002 -20"><span class='ocrx_word' id='word_1_455' title='bbox 215 3357 395 3413; x_wconf 91' lang='lat' dir='ltr'><strong>quam</strong></span> <span class='ocrx_word' id='word_1_456' title='bbox 418 3340 899 3414; x_wconf 90' lang='lat' dir='ltr'><strong>opportuniorem</strong></span> <span class='ocrx_word' id='word_1_457' title='bbox 918 3356 1095 3412; x_wconf 91' lang='lat' dir='ltr'><strong>quam</strong></span> <span class='ocrx_word' id='word_1_458' title='bbox 1117 3358 1272 3397; x_wconf 89' lang='lat' dir='ltr'><strong>nunc</strong></span> <span class='ocrx_word' id='word_1_459' title='bbox 1296 3346 1452 3398; x_wconf 88' lang='lat' dir='ltr'><strong>esset</strong></span> <span class='ocrx_word' id='word_1_460' title='bbox 1481 3341 1673 3398; x_wconf 77' lang='lat' dir='ltr'><strong>offerri</strong></span> <span class='ocrx_word' id='word_1_461' title='bbox 1704 3359 1877 3415; x_wconf 89' lang='lat' dir='ltr'><strong>posse</strong></span> 
     </span>
    </p>
   </div>
   <div class='ocr_carea' id='block_1_61' title="bbox 214 3420 1874 3503">
    <p class='ocr_par' dir='ltr' id='par_1_61' title="bbox 214 3420 1874 3503">
     <span class='ocr_line' id='line_1_61' title="bbox 214 3420 1874 3503; baseline 0.001 -17"><span class='ocrx_word' id='word_1_462' title='bbox 214 3420 591 3486; x_wconf 86' lang='lat' dir='ltr'><strong>occasionem</strong></span> <span class='ocrx_word' id='word_1_463' title='bbox 624 3429 922 3502; x_wconf 77' lang='lat' dir='ltr'><strong>capiendas</strong></span> <span class='ocrx_word' id='word_1_464' title='bbox 956 3429 1141 3502; x_wconf 89' lang='lat' dir='ltr'><strong>urbis,</strong></span> <span class='ocrx_word' id='word_1_465' title='bbox 1176 3431 1454 3503; x_wconf 89' lang='lat' dir='ltr'><strong>quoniam</strong></span> <span class='ocrx_word' id='word_1_466' title='bbox 1487 3435 1775 3503; x_wconf 91' lang='lat' dir='ltr'><strong>quantum</strong></span> <span class='ocrx_word' id='word_1_467' title='bbox 1814 3432 1874 3488; x_wconf 90' lang='lat' dir='ltr'><strong>in</strong></span> 
     </span>
    </p>
   </div>
   <div class='ocr_carea' id='block_1_62' title="bbox 216 3518 1878 3591">
    <p class='ocr_par' dir='ltr' id='par_1_62' title="bbox 216 3518 1878 3591">
     <span class='ocr_line' id='line_1_62' title="bbox 216 3518 1878 3591; baseline 0.001 -16"><span class='ocrx_word' id='word_1_468' title='bbox 216 3535 289 3575; x_wconf 90' lang='lat' dir='ltr'><strong>ea</strong></span> <span class='ocrx_word' id='word_1_469' title='bbox 316 3518 483 3590; x_wconf 90' lang='lat' dir='ltr'><strong>prius</strong></span> <span class='ocrx_word' id='word_1_470' title='bbox 512 3519 667 3575; x_wconf 71' lang='lat'><strong>189</strong></span> <span class='ocrx_word' id='word_1_471' title='bbox 698 3518 994 3575; x_wconf 89' lang='lat' dir='ltr'><strong>navalium</strong></span> <span class='ocrx_word' id='word_1_472' title='bbox 1023 3520 1323 3591; x_wconf 89' lang='lat' dir='ltr'><strong>copiarum</strong></span> <span class='ocrx_word' id='word_1_473' title='bbox 1375 3520 1501 3576; x_wconf 91' lang='lat' dir='ltr'><strong>ltali</strong></span> <span class='ocrx_word' id='word_1_474' title='bbox 1548 3520 1878 3577; x_wconf 84' lang='lat' dir='ltr'><strong>habuerant</strong></span> 
     </span>
    </p>
   </div>
   <div class='ocr_carea' id='block_1_63' title="bbox 214 3606 1877 3683">
    <p class='ocr_par' dir='ltr' id='par_1_63' title="bbox 214 3606 1877 3683">
     <span class='ocr_line' id='line_1_63' title="bbox 214 3606 1877 3683; baseline 0 -18"><span class='ocrx_word' id='word_1_475' title='bbox 214 3612 409 3665; x_wconf 89' lang='lat' dir='ltr'><strong>totum</strong></span> <span class='ocrx_word' id='word_1_476' title='bbox 433 3606 866 3681; x_wconf 86' lang='lat' dir='ltr'><strong>abcrat,procul</strong></span> <span class='ocrx_word' id='word_1_477' title='bbox 890 3608 1023 3664; x_wconf 90' lang='lat' dir='ltr'><strong>inde</strong></span> <span class='ocrx_word' id='word_1_478' title='bbox 1036 3614 1389 3682; x_wconf 90' lang='lat' dir='ltr'><strong>occupatum</strong></span> <span class='ocrx_word' id='word_1_479' title='bbox 1404 3609 1462 3665; x_wconf 92' lang='lat' dir='ltr'><strong>in</strong></span> <span class='ocrx_word' id='word_1_480' title='bbox 1478 3611 1877 3683; x_wconf 88' lang='lat' dir='ltr'><strong>oppugnanda</strong></span> 
     </span>
    </p>
   </div>
   <div class='ocr_carea' id='block_1_64' title="bbox 213 3696 1877 3771">
    <p class='ocr_par' dir='ltr' id='par_1_64' title="bbox 213 3696 1877 3771">
     <span class='ocr_line' id='line_1_64' title="bbox 213 3696 1877 3771; baseline 0.001 -17"><span class='ocrx_word' id='word_1_481' title='bbox 213 3698 415 3754; x_wconf 88' lang='lat' dir='ltr'><strong>insula</strong></span> <span class='ocrx_word' id='word_1_482' title='bbox 444 3696 813 3769; x_wconf 80' lang='lat' dir='ltr'><strong>Daphnusia,</strong></span> <span class='ocrx_word' id='word_1_483' title='bbox 848 3713 1024 3769; x_wconf 89' lang='lat' dir='ltr'><strong>quam</strong></span> <span class='ocrx_word' id='word_1_484' title='bbox 1061 3699 1265 3754; x_wconf 87' lang='lat' dir='ltr'><strong>multis</strong></span> <span class='ocrx_word' id='word_1_485' title='bbox 1290 3699 1415 3771; x_wconf 86' lang='lat' dir='ltr'><strong>jam</strong></span> <span class='ocrx_word' id='word_1_486' title='bbox 1448 3698 1657 3755; x_wconf 90' lang='lat' dir='ltr'><strong>diebus</strong></span> <span class='ocrx_word' id='word_1_487' title='bbox 1689 3698 1877 3755; x_wconf 89' lang='lat' dir='ltr'><strong>multa</strong></span> 
     </span>
    </p>
   </div>
   <div class='ocr_carea' id='block_1_65' title="bbox 215 3786 1874 3861">
    <p class='ocr_par' dir='ltr' id='par_1_65' title="bbox 215 3786 1874 3861">
     <span class='ocr_line' id='line_1_65' title="bbox 215 3786 1874 3861; baseline 0 -17"><span class='ocrx_word' id='word_1_488' title='bbox 215 3805 326 3845; x_wconf 89' lang='lat' dir='ltr'><strong>sua</strong></span> <span class='ocrx_word' id='word_1_489' title='bbox 355 3803 624 3844; x_wconf 68' lang='lat' dir='ltr'><strong>aerumna</strong></span> <span class='ocrx_word' id='word_1_490' title='bbox 654 3786 992 3844; x_wconf 88' lang='lat' dir='ltr'><strong>obsiderent</strong></span> <span class='ocrx_word' id='word_1_491' title='bbox 1022 3787 1355 3861; x_wconf 88' lang='lat' dir='ltr'><strong>(superesse</strong></span> <span class='ocrx_word' id='word_1_492' title='bbox 1386 3790 1793 3846; x_wconf 86' lang='lat' dir='ltr'><strong>tantummodo</strong></span> <span class='ocrx_word' id='word_1_493' title='bbox 1816 3789 1874 3845; x_wconf 91' lang='lat' dir='ltr'><strong>in</strong></span> 
     </span>
    </p>
   </div>
   <div class='ocr_carea' id='block_1_66' title="bbox 216 3874 1876 3950">
    <p class='ocr_par' dir='ltr' id='par_1_66' title="bbox 216 3874 1876 3950">
     <span class='ocr_line' id='line_1_66' title="bbox 216 3874 1876 3950; baseline 0.001 -17"><span class='ocrx_word' id='word_1_494' title='bbox 216 3878 363 3935; x_wconf 90' lang='lat' dir='ltr'><strong>urbe</strong></span> <span class='ocrx_word' id='word_1_495' title='bbox 384 3874 601 3949; x_wconf 89' lang='lat' dir='ltr'><strong>vulgus</strong></span> <span class='ocrx_word' id='word_1_496' title='bbox 622 3874 907 3949; x_wconf 88' lang='lat' dir='ltr'><strong>imbelle),</strong></span> <span class='ocrx_word' id='word_1_497' title='bbox 930 3876 1023 3932; x_wconf 89' lang='lat' dir='ltr'><strong>bis</strong></span> <span class='ocrx_word' id='word_1_498' title='bbox 1046 3876 1141 3933; x_wconf 89' lang='lat' dir='ltr'><strong>ille</strong></span> <span class='ocrx_word' id='word_1_499' title='bbox 1166 3876 1406 3945; x_wconf 86' lang='lat' dir='ltr'><strong>auditis,</strong></span> <span class='ocrx_word' id='word_1_500' title='bbox 1428 3881 1485 3934; x_wconf 92' lang='lat' dir='ltr'><strong>et</strong></span> <span class='ocrx_word' id='word_1_501' title='bbox 1505 3882 1742 3950; x_wconf 90' lang='lat' dir='ltr'><strong>accepta</strong></span> <span class='ocrx_word' id='word_1_502' title='bbox 1763 3878 1876 3935; x_wconf 89' lang='lat' dir='ltr'><strong>ﬁde</strong></span> 
     </span>
    </p>
   </div>
   <div class='ocr_carea' id='block_1_67' title="bbox 215 3964 1875 4041">
    <p class='ocr_par' dir='ltr' id='par_1_67' title="bbox 215 3964 1875 4041">
     <span class='ocr_line' id='line_1_67' title="bbox 215 3964 1875 4041; baseline 0.001 -18"><span class='ocrx_word' id='word_1_503' title='bbox 215 3968 639 4041; x_wconf 88' lang='lat' dir='ltr'><strong>cooperaturos</strong></span> <span class='ocrx_word' id='word_1_504' title='bbox 675 3982 775 4038; x_wconf 91' lang='lat' dir='ltr'><strong>pro</strong></span> <span class='ocrx_word' id='word_1_505' title='bbox 797 3964 949 4021; x_wconf 87' lang='lat' dir='ltr'><strong>virili</strong></span> <span class='ocrx_word' id='word_1_506' title='bbox 982 3966 1051 4021; x_wconf 88' lang='lat' dir='ltr'><strong>ad</strong></span> <span class='ocrx_word' id='word_1_507' title='bbox 1086 3966 1574 4040; x_wconf 83' lang='lat' dir='ltr'><strong>expugnationem</strong></span> <span class='ocrx_word' id='word_1_508' title='bbox 1607 3968 1875 4024; x_wconf 85' lang='lat' dir='ltr'><strong>volunta-</strong></span> 
     </span>
    </p>
   </div>
   <div class='ocr_carea' id='block_1_68' title="bbox 216 4054 1875 4128">
    <p class='ocr_par' dir='ltr' id='par_1_68' title="bbox 216 4054 1875 4128">
     <span class='ocr_line' id='line_1_68' title="bbox 216 4054 1875 4128; baseline 0 -15"><span class='ocrx_word' id='word_1_509' title='bbox 216 4057 338 4113; x_wconf 89' lang='lat' dir='ltr'><strong>rios</strong></span> <span class='ocrx_word' id='word_1_510' title='bbox 363 4055 822 4127; x_wconf 87' lang='lat' dir='ltr'><strong>(consentientes</strong></span> <span class='ocrx_word' id='word_1_511' title='bbox 854 4055 1011 4111; x_wconf 93' lang='lat' dir='ltr'><strong>enim</strong></span> <span class='ocrx_word' id='word_1_512' title='bbox 1043 4054 1157 4112; x_wconf 89' lang='lat' dir='ltr'><strong>sibi</strong></span> <span class='ocrx_word' id='word_1_513' title='bbox 1182 4062 1423 4113; x_wconf 72' lang='lat' dir='ltr'><strong>caeteros</strong></span> <span class='ocrx_word' id='word_1_514' title='bbox 1453 4055 1749 4112; x_wconf 85' lang='lat' dir='ltr'><strong>habebant</strong></span> <span class='ocrx_word' id='word_1_515' title='bbox 1776 4057 1875 4128; x_wconf 88' lang='lat' dir='ltr'><strong>qui</strong></span> 
     </span>
    </p>
   </div>
   <div class='ocr_carea' id='block_1_69' title="bbox 211 4144 1876 4217">
    <p class='ocr_par' dir='ltr' id='par_1_69' title="bbox 211 4144 1876 4217">
     <span class='ocr_line' id='line_1_69' title="bbox 211 4144 1876 4217; baseline 0 -15"><span class='ocrx_word' id='word_1_516' title='bbox 211 4144 663 4217; x_wconf 84' lang='lat' dir='ltr'><strong>loquebantur),</strong></span> <span class='ocrx_word' id='word_1_517' title='bbox 688 4160 801 4199; x_wconf 89' lang='lat' dir='ltr'><strong>non</strong></span> <span class='ocrx_word' id='word_1_518' title='bbox 836 4144 1208 4201; x_wconf 88' lang='lat' dir='ltr'><strong>mediocriter</strong></span> <span class='ocrx_word' id='word_1_519' title='bbox 1238 4145 1533 4201; x_wconf 89' lang='lat' dir='ltr'><strong>animatus</strong></span> <span class='ocrx_word' id='word_1_520' title='bbox 1556 4146 1627 4201; x_wconf 92' lang='lat' dir='ltr'><strong>ad</strong></span> <span class='ocrx_word' id='word_1_521' title='bbox 1650 4146 1876 4202; x_wconf 89' lang='lat' dir='ltr'><strong>auden-</strong></span> 
     </span>
    </p>
   </div>
   <div class='ocr_carea' id='block_1_70' title="bbox 212 4232 1876 4307">
    <p class='ocr_par' dir='ltr' id='par_1_70' title="bbox 212 4232 1876 4307">
     <span class='ocr_line' id='line_1_70' title="bbox 212 4232 1876 4307; baseline 0 -16"><span class='ocrx_word' id='word_1_522' title='bbox 212 4236 358 4291; x_wconf 91' lang='lat' dir='ltr'><strong>dum</strong></span> <span class='ocrx_word' id='word_1_523' title='bbox 390 4236 485 4291; x_wconf 89' lang='lat' dir='ltr'><strong>est</strong></span> <span class='ocrx_word' id='word_1_524' title='bbox 534 4250 548 4291; x_wconf 90' lang='lat'>:</span> <span class='ocrx_word' id='word_1_525' title='bbox 602 4232 855 4290; x_wconf 80' lang='lat' dir='ltr'><strong>faciebat</strong></span> <span class='ocrx_word' id='word_1_526' title='bbox 906 4232 1127 4307; x_wconf 88' lang='lat' dir='ltr'><strong>quippe</strong></span> <span class='ocrx_word' id='word_1_527' title='bbox 1175 4234 1424 4291; x_wconf 89' lang='lat' dir='ltr'><strong>istorum</strong></span> <span class='ocrx_word' id='word_1_528' title='bbox 1456 4239 1514 4290; x_wconf 91' lang='lat' dir='ltr'><strong>et</strong></span> <span class='ocrx_word' id='word_1_529' title='bbox 1542 4232 1876 4307; x_wconf 86' lang='lat' dir='ltr'><strong>signiﬁcata</strong></span> 
     </span>
    </p>
   </div>
   <div class='ocr_carea' id='block_1_71' title="bbox 210 4321 1874 4397">
    <p class='ocr_par' dir='ltr' id='par_1_71' title="bbox 210 4321 1874 4397">
     <span class='ocr_line' id='line_1_71' title="bbox 210 4321 1874 4397; baseline 0.001 -19"><span class='ocrx_word' id='word_1_530' title='bbox 210 4322 413 4380; x_wconf 88' lang='lat' dir='ltr'><strong>verbis</strong></span> <span class='ocrx_word' id='word_1_531' title='bbox 443 4326 504 4379; x_wconf 91' lang='lat' dir='ltr'><strong>et</strong></span> <span class='ocrx_word' id='word_1_532' title='bbox 528 4321 825 4379; x_wconf 87' lang='lat' dir='ltr'><strong>declarata</strong></span> <span class='ocrx_word' id='word_1_533' title='bbox 854 4322 1015 4379; x_wconf 89' lang='lat' dir='ltr'><strong>vultu</strong></span> <span class='ocrx_word' id='word_1_534' title='bbox 1048 4322 1355 4397; x_wconf 83' lang='lat' dir='ltr'><strong>signisque</strong></span> <span class='ocrx_word' id='word_1_535' title='bbox 1385 4322 1611 4379; x_wconf 68' lang='lat' dir='ltr'><strong>caeteris</strong></span> <span class='ocrx_word' id='word_1_536' title='bbox 1668 4322 1874 4381; x_wconf 88' lang='lat' dir='ltr'><strong>alacri-</strong></span> 
     </span>
    </p>
   </div>
   <div class='ocr_carea' id='block_1_72' title="bbox 209 4412 1877 4487">
    <p class='ocr_par' dir='ltr' id='par_1_72' title="bbox 209 4412 1877 4487">
     <span class='ocr_line' id='line_1_72' title="bbox 209 4412 1877 4487; baseline 0 -17"><span class='ocrx_word' id='word_1_537' title='bbox 209 4418 328 4484; x_wconf 88' lang='lat' dir='ltr'><strong>tas,</strong></span> <span class='ocrx_word' id='word_1_538' title='bbox 354 4412 921 4487; x_wconf 88' lang='lat' dir='ltr'><strong>procinctorumque</strong></span> <span class='ocrx_word' id='word_1_539' title='bbox 963 4413 1036 4469; x_wconf 91' lang='lat' dir='ltr'><strong>ad</strong></span> <span class='ocrx_word' id='word_1_540' title='bbox 1083 4416 1323 4470; x_wconf 90' lang='lat' dir='ltr'><strong>strenue</strong></span> <span class='ocrx_word' id='word_1_541' title='bbox 1342 4414 1669 4485; x_wconf 87' lang='lat' dir='ltr'><strong>juvandum</strong></span> <span class='ocrx_word' id='word_1_542' title='bbox 1702 4414 1877 4470; x_wconf 90' lang='lat' dir='ltr'><strong>ardor</strong></span> 
     </span>
    </p>
   </div>
   <div class='ocr_carea' id='block_1_73' title="bbox 208 4502 1873 4576">
    <p class='ocr_par' dir='ltr' id='par_1_73' title="bbox 208 4502 1873 4576">
     <span class='ocr_line' id='line_1_73' title="bbox 208 4502 1873 4576; baseline -0.001 -16"><span class='ocrx_word' id='word_1_543' title='bbox 208 4503 514 4571; x_wconf 87' lang='lat' dir='ltr'><strong>eminens,</strong></span> <span class='ocrx_word' id='word_1_544' title='bbox 575 4504 639 4557; x_wconf 90' lang='lat' dir='ltr'><strong>ut</strong></span> <span class='ocrx_word' id='word_1_545' title='bbox 696 4517 810 4559; x_wconf 92' lang='lat' dir='ltr'><strong>non</strong></span> <span class='ocrx_word' id='word_1_546' title='bbox 869 4518 1299 4576; x_wconf 89' lang='lat' dir='ltr'><strong>usquequaque</strong></span> <span class='ocrx_word' id='word_1_547' title='bbox 1367 4502 1747 4559; x_wconf 88' lang='lat' dir='ltr'><strong>temerarium</strong></span> <span class='ocrx_word' id='word_1_548' title='bbox 1814 4502 1873 4558; x_wconf 90' lang='lat' dir='ltr'><strong>id</strong></span> 
     </span>
    </p>
   </div>
   <div class='ocr_carea' id='block_1_74' title="bbox 206 4589 1872 4666">
    <p class='ocr_par' dir='ltr' id='par_1_74' title="bbox 206 4589 1872 4666">
     <span class='ocr_line' id='line_1_74' title="bbox 206 4589 1872 4666; baseline -0.001 -16"><span class='ocrx_word' id='word_1_549' title='bbox 206 4596 474 4666; x_wconf 69' lang='lat' dir='ltr'><strong>coeptum</strong></span> <span class='ocrx_word' id='word_1_550' title='bbox 495 4591 809 4647; x_wconf 84' lang='lat' dir='ltr'><strong>videretur.</strong></span> <span class='ocrx_word' id='word_1_551' title='bbox 834 4589 967 4648; x_wconf 80' lang='lat' dir='ltr'><strong>Mox</strong></span> <span class='ocrx_word' id='word_1_552' title='bbox 995 4594 1191 4649; x_wconf 90' lang='lat' dir='ltr'><strong>tamen</strong></span> <span class='ocrx_word' id='word_1_553' title='bbox 1218 4608 1352 4647; x_wconf 91' lang='lat' dir='ltr'><strong>cum</strong></span> <span class='ocrx_word' id='word_1_554' title='bbox 1372 4592 1443 4647; x_wconf 92' lang='lat' dir='ltr'><strong>ad</strong></span> <span class='ocrx_word' id='word_1_555' title='bbox 1468 4590 1872 4650; x_wconf 81' lang='lat' dir='ltr'><strong>difﬁcultatem</strong></span> 
     </span>
    </p>
   </div>
   <div class='ocr_carea' id='block_1_75' title="bbox 206 4681 1869 4757">
    <p class='ocr_par' dir='ltr' id='par_1_75' title="bbox 206 4681 1869 4757">
     <span class='ocr_line' id='line_1_75' title="bbox 206 4681 1869 4757; baseline -0.001 -17"><span class='ocrx_word' id='word_1_556' title='bbox 206 4681 437 4757; x_wconf 90' lang='lat' dir='ltr'><strong>negotii</strong></span> <span class='ocrx_word' id='word_1_557' title='bbox 453 4684 711 4738; x_wconf 90' lang='lat' dir='ltr'><strong>mentem</strong></span> <span class='ocrx_word' id='word_1_558' title='bbox 735 4682 1340 4754; x_wconf 89' lang='lat' dir='ltr'><strong>adverteret,cumque</strong></span> <span class='ocrx_word' id='word_1_559' title='bbox 1360 4686 1657 4755; x_wconf 89' lang='lat' dir='ltr'><strong>reputaret</strong></span> <span class='ocrx_word' id='word_1_560' title='bbox 1670 4699 1869 4739; x_wconf 90' lang='lat' dir='ltr'><strong>secum</strong></span> 
     </span>
    </p>
   </div>
   <div class='ocr_carea' id='block_1_76' title="bbox 208 4769 1868 4848">
    <p class='ocr_par' dir='ltr' id='par_1_76' title="bbox 208 4769 1868 4848">
     <span class='ocr_line' id='line_1_76' title="bbox 208 4769 1868 4848; baseline -0.001 -18"><span class='ocrx_word' id='word_1_561' title='bbox 208 4770 426 4848; x_wconf 87' lang='lat' dir='ltr'><strong>quanti</strong></span> <span class='ocrx_word' id='word_1_562' title='bbox 460 4769 706 4846; x_wconf 90' lang='lat' dir='ltr'><strong>periculi</strong></span> <span class='ocrx_word' id='word_1_563' title='bbox 736 4770 924 4827; x_wconf 91' lang='lat' dir='ltr'><strong>aleam</strong></span> <span class='ocrx_word' id='word_1_564' title='bbox 950 4772 1193 4844; x_wconf 88' lang='lat' dir='ltr'><strong>jaceret,</strong></span> <span class='ocrx_word' id='word_1_565' title='bbox 1227 4772 1277 4829; x_wconf 89' lang='lat' dir='ltr'><strong>si</strong></span> <span class='ocrx_word' id='word_1_566' title='bbox 1327 4788 1459 4827; x_wconf 88' lang='lat' dir='ltr'><strong>cum</strong></span> <span class='ocrx_word' id='word_1_567' title='bbox 1492 4776 1612 4828; x_wconf 89' lang='lat' dir='ltr'><strong>tam</strong></span> <span class='ocrx_word' id='word_1_568' title='bbox 1644 4773 1868 4845; x_wconf 78' lang='lat' dir='ltr'><strong>paucis,</strong></span> 
     </span>
    </p>
   </div>
   <div class='ocr_carea' id='block_1_77' title="bbox 208 4858 1868 4934">
    <p class='ocr_par' dir='ltr' id='par_1_77' title="bbox 208 4858 1868 4934">
     <span class='ocr_line' id='line_1_77' title="bbox 208 4858 1868 4934; baseline -0.002 -14"><span class='ocrx_word' id='word_1_569' title='bbox 208 4860 409 4920; x_wconf 90' lang='lat' dir='ltr'><strong>obiter</strong></span> <span class='ocrx_word' id='word_1_570' title='bbox 436 4863 496 4917; x_wconf 87' lang='lat' dir='ltr'><strong>et</strong></span> <span class='ocrx_word' id='word_1_571' title='bbox 520 4858 766 4918; x_wconf 89' lang='lat' dir='ltr'><strong>consilio</strong></span> <span class='ocrx_word' id='word_1_572' title='bbox 796 4859 942 4917; x_wconf 90' lang='lat' dir='ltr'><strong>citra</strong></span> <span class='ocrx_word' id='word_1_573' title='bbox 972 4860 1242 4934; x_wconf 67' lang='lat' dir='ltr'><strong>praeviam</strong></span> <span class='ocrx_word' id='word_1_574' title='bbox 1296 4860 1777 4918; x_wconf 89' lang='lat' dir='ltr'><strong>deliberationem</strong></span> <span class='ocrx_word' id='word_1_575' title='bbox 1810 4862 1868 4917; x_wconf 91' lang='lat' dir='ltr'><strong>in</strong></span> 
     </span>
    </p>
   </div>
   <div class='ocr_carea' id='block_1_78' title="bbox 208 4948 1870 5025">
    <p class='ocr_par' dir='ltr' id='par_1_78' title="bbox 208 4948 1870 5025">
     <span class='ocr_line' id='line_1_78' title="bbox 208 4948 1870 5025; baseline -0.001 -16"><span class='ocrx_word' id='word_1_576' title='bbox 208 4966 399 5009; x_wconf 84' lang='lat' dir='ltr'><strong>arena</strong></span> <span class='ocrx_word' id='word_1_577' title='bbox 450 4953 644 5022; x_wconf 87' lang='lat' dir='ltr'><strong>capto,</strong></span> <span class='ocrx_word' id='word_1_578' title='bbox 688 4949 894 5007; x_wconf 87' lang='lat' dir='ltr'><strong>urbem</strong></span> <span class='ocrx_word' id='word_1_579' title='bbox 944 4954 1172 5007; x_wconf 87' lang='lat' dir='ltr'><strong>tantam</strong></span> <span class='ocrx_word' id='word_1_580' title='bbox 1221 4948 1658 5024; x_wconf 87' lang='lat' dir='ltr'><strong>aggrederetur,</strong></span> <span class='ocrx_word' id='word_1_581' title='bbox 1692 4968 1870 5025; x_wconf 91' lang='lat' dir='ltr'><strong>quam</strong></span> 
     </span>
    </p>
   </div>
   <div class='ocr_carea' id='block_1_79' title="bbox 205 5038 1873 5115">
    <p class='ocr_par' dir='ltr' id='par_1_79' title="bbox 205 5038 1873 5115">
     <span class='ocr_line' id='line_1_79' title="bbox 205 5038 1873 5115; baseline -0.002 -16"><span class='ocrx_word' id='word_1_582' title='bbox 205 5038 395 5115; x_wconf 87' lang='lat' dir='ltr'><strong>paulo</strong></span> <span class='ocrx_word' id='word_1_583' title='bbox 419 5042 557 5097; x_wconf 90' lang='lat' dir='ltr'><strong>ante</strong></span> <span class='ocrx_word' id='word_1_584' title='bbox 574 5038 856 5096; x_wconf 72' lang='lat' dir='ltr'><strong>universa:</strong></span> <span class='ocrx_word' id='word_1_585' title='bbox 877 5039 1029 5097; x_wconf 88' lang='lat' dir='ltr'><strong>vires</strong></span> <span class='ocrx_word' id='word_1_586' title='bbox 1052 5038 1284 5113; x_wconf 89' lang='lat' dir='ltr'><strong>imperii</strong></span> <span class='ocrx_word' id='word_1_587' title='bbox 1306 5040 1524 5097; x_wconf 89' lang='lat' dir='ltr'><strong>frustra</strong></span> <span class='ocrx_word' id='word_1_588' title='bbox 1544 5057 1873 5115; x_wconf 87' lang='lat' dir='ltr'><strong>oppugnas-</strong></span> 
     </span>
    </p>
   </div>
   <div class='ocr_carea' id='block_1_80' title="bbox 207 5128 1875 5204">
    <p class='ocr_par' dir='ltr' id='par_1_80' title="bbox 207 5128 1875 5204">
     <span class='ocr_line' id='line_1_80' title="bbox 207 5128 1875 5204; baseline 0 -16"><span class='ocrx_word' id='word_1_589' title='bbox 207 5133 369 5199; x_wconf 89' lang='lat' dir='ltr'><strong>sent,</strong></span> <span class='ocrx_word' id='word_1_590' title='bbox 405 5128 817 5200; x_wconf 87' lang='lat' dir='ltr'><strong>cunctabatur,</strong></span> <span class='ocrx_word' id='word_1_591' title='bbox 840 5133 897 5186; x_wconf 88' lang='lat' dir='ltr'><strong>et</strong></span> <span class='ocrx_word' id='word_1_592' title='bbox 929 5130 1310 5203; x_wconf 65' lang='lat' dir='ltr'><strong>quaerendum</strong></span> <span class='ocrx_word' id='word_1_593' title='bbox 1344 5129 1599 5204; x_wconf 89' lang='lat' dir='ltr'><strong>amplius</strong></span> <span class='ocrx_word' id='word_1_594' title='bbox 1628 5131 1875 5203; x_wconf 84' lang='lat' dir='ltr'><strong>putabat</strong></span> 
     </span>
    </p>
   </div>
   <div class='ocr_carea' id='block_1_81' title="bbox 208 5217 1870 5296">
    <p class='ocr_par' dir='ltr' id='par_1_81' title="bbox 208 5217 1870 5296">
     <span class='ocr_line' id='line_1_81' title="bbox 208 5217 1870 5296; baseline 0.001 -20"><span class='ocrx_word' id='word_1_595' title='bbox 208 5219 361 5296; x_wconf 87' lang='lat' dir='ltr'><strong>quid</strong></span> <span class='ocrx_word' id='word_1_596' title='bbox 416 5217 519 5276; x_wconf 83' lang='lat' dir='ltr'><strong>tali</strong></span> <span class='ocrx_word' id='word_1_597' title='bbox 565 5218 872 5275; x_wconf 88' lang='lat' dir='ltr'><strong>occasione</strong></span> <span class='ocrx_word' id='word_1_598' title='bbox 920 5221 1077 5276; x_wconf 89' lang='lat' dir='ltr'><strong>esset</strong></span> <span class='ocrx_word' id='word_1_599' title='bbox 1130 5220 1447 5293; x_wconf 87' lang='lat' dir='ltr'><strong>agendum.</strong></span> <span class='ocrx_word' id='word_1_600' title='bbox 1481 5223 1625 5276; x_wconf 91' lang='lat' dir='ltr'><strong>Cum</strong></span> <span class='ocrx_word' id='word_1_601' title='bbox 1675 5225 1870 5278; x_wconf 83' lang='lat' dir='ltr'><strong>autem</strong></span> 
     </span>
    </p>
   </div>
   <div class='ocr_carea' id='block_1_82' title="bbox 205 5308 1871 5382">
    <p class='ocr_par' dir='ltr' id='par_1_82' title="bbox 205 5308 1871 5382">
     <span class='ocr_line' id='line_1_82' title="bbox 205 5308 1871 5382; baseline 0 -15"><span class='ocrx_word' id='word_1_602' title='bbox 205 5308 441 5367; x_wconf 87' lang='lat' dir='ltr'><strong>vocatis</strong></span> <span class='ocrx_word' id='word_1_603' title='bbox 473 5324 653 5382; x_wconf 88' lang='lat' dir='ltr'><strong>super</strong></span> <span class='ocrx_word' id='word_1_604' title='bbox 680 5326 748 5366; x_wconf 86' lang='lat' dir='ltr'><strong>ea</strong></span> <span class='ocrx_word' id='word_1_605' title='bbox 779 5325 842 5366; x_wconf 91' lang='lat' dir='ltr'><strong>re</strong></span> <span class='ocrx_word' id='word_1_606' title='bbox 889 5308 949 5365; x_wconf 92' lang='lat' dir='ltr'><strong>in</strong></span> <span class='ocrx_word' id='word_1_607' title='bbox 1000 5308 1319 5365; x_wconf 89' lang='lat' dir='ltr'><strong>concilium</strong></span> <span class='ocrx_word' id='word_1_608' title='bbox 1354 5308 1604 5367; x_wconf 91' lang='lat' dir='ltr'><strong>ducibus</strong></span> <span class='ocrx_word' id='word_1_609' title='bbox 1634 5310 1871 5367; x_wconf 83' lang='lat' dir='ltr'><strong>Alexius</strong></span> 
     </span>
    </p>
   </div>
   <div class='ocr_carea' id='block_1_83' title="bbox 206 5397 1871 5472">
    <p class='ocr_par' dir='ltr' id='par_1_83' title="bbox 206 5397 1871 5472">
     <span class='ocr_line' id='line_1_83' title="bbox 206 5397 1871 5472; baseline 0 -15"><span class='ocrx_word' id='word_1_610' title='bbox 206 5400 344 5472; x_wconf 87' lang='lat' dir='ltr'><strong>ejus</strong></span> <span class='ocrx_word' id='word_1_611' title='bbox 397 5397 686 5471; x_wconf 89' lang='lat' dir='ltr'><strong>patruelis</strong></span> <span class='ocrx_word' id='word_1_612' title='bbox 729 5398 801 5453; x_wconf 91' lang='lat' dir='ltr'><strong>ad</strong></span> <span class='ocrx_word' id='word_1_613' title='bbox 850 5399 1321 5471; x_wconf 72' lang='lat' dir='ltr'><strong>persuadendum</strong></span> <span class='ocrx_word' id='word_1_614' title='bbox 1374 5401 1871 5472; x_wconf 85' lang='lat' dir='ltr'><strong>oppugnationem</strong></span> 
     </span>
    </p>
   </div>
   <div class='ocr_carea' id='block_1_84' title="bbox 205 5487 1873 5561">
    <p class='ocr_par' dir='ltr' id='par_1_84' title="bbox 205 5487 1873 5561">
     <span class='ocr_line' id='line_1_84' title="bbox 205 5487 1873 5561; baseline 0.002 -17"><span class='ocrx_word' id='word_1_615' title='bbox 205 5488 595 5545; x_wconf 87' lang='lat' dir='ltr'><strong>vehementer</strong></span> <span class='ocrx_word' id='word_1_616' title='bbox 648 5487 1037 5559; x_wconf 90' lang='lat' dir='ltr'><strong>incumberet,</strong></span> <span class='ocrx_word' id='word_1_617' title='bbox 1069 5493 1126 5544; x_wconf 91' lang='lat' dir='ltr'><strong>et</strong></span> <span class='ocrx_word' id='word_1_618' title='bbox 1155 5488 1395 5561; x_wconf 89' lang='lat' dir='ltr'><strong>quidam</strong></span> <span class='ocrx_word' id='word_1_619' title='bbox 1430 5506 1497 5546; x_wconf 81' lang='lat' dir='ltr'><strong>ex</strong></span> <span class='ocrx_word' id='word_1_620' title='bbox 1528 5488 1873 5547; x_wconf 89' lang='lat' dir='ltr'><strong>voluntariis</strong></span> 
     </span>
    </p>
   </div>
   <div class='ocr_carea' id='block_1_85' title="bbox 209 5576 1873 5651">
    <p class='ocr_par' dir='ltr' id='par_1_85' title="bbox 209 5576 1873 5651">
     <span class='ocr_line' id='line_1_85' title="bbox 209 5576 1873 5651; baseline 0 -16"><span class='ocrx_word' id='word_1_621' title='bbox 209 5581 610 5651; x_wconf 88' lang='lat' dir='ltr'><strong>cognomento</strong></span> <span class='ocrx_word' id='word_1_622' title='bbox 629 5576 818 5633; x_wconf 87' lang='lat' dir='ltr'><strong>Cutrit</strong></span> <span class='ocrx_word' id='word_1_623' title='bbox 834 5594 1000 5635; x_wconf 90' lang='lat' dir='ltr'><strong>zaccs</strong></span> <span class='ocrx_word' id='word_1_624' title='bbox 1034 5578 1355 5635; x_wconf 88' lang='lat' dir='ltr'><strong>fortissime</strong></span> <span class='ocrx_word' id='word_1_625' title='bbox 1387 5578 1445 5633; x_wconf 89' lang='lat' dir='ltr'><strong>in</strong></span> <span class='ocrx_word' id='word_1_626' title='bbox 1473 5596 1603 5635; x_wconf 90' lang='lat' dir='ltr'><strong>eam</strong></span> <span class='ocrx_word' id='word_1_627' title='bbox 1635 5584 1873 5636; x_wconf 90' lang='lat' dir='ltr'><strong>senten-</strong></span> 
     </span>
    </p>
   </div>
   <div class='ocr_carea' id='block_1_86' title="bbox 208 5666 1873 5740">
    <p class='ocr_par' dir='ltr' id='par_1_86' title="bbox 208 5666 1873 5740">
     <span class='ocr_line' id='line_1_86' title="bbox 208 5666 1873 5740; baseline 0 -15"><span class='ocrx_word' id='word_1_628' title='bbox 208 5670 362 5725; x_wconf 85' lang='lat' dir='ltr'><strong>tiam</strong></span> <span class='ocrx_word' id='word_1_629' title='bbox 405 5666 652 5739; x_wconf 90' lang='lat' dir='ltr'><strong>loquens</strong></span> <span class='ocrx_word' id='word_1_630' title='bbox 701 5668 895 5740; x_wconf 88' lang='lat' dir='ltr'><strong>operis</strong></span> <span class='ocrx_word' id='word_1_631' title='bbox 942 5666 1120 5724; x_wconf 89' lang='lat' dir='ltr'><strong>etiam</strong></span> <span class='ocrx_word' id='word_1_632' title='bbox 1170 5684 1515 5725; x_wconf 89' lang='lat' dir='ltr'><strong>successum</strong></span> <span class='ocrx_word' id='word_1_633' title='bbox 1548 5669 1605 5725; x_wconf 91' lang='lat' dir='ltr'><strong>in</strong></span> <span class='ocrx_word' id='word_1_634' title='bbox 1640 5686 1701 5726; x_wconf 89' lang='lat' dir='ltr'><strong>se</strong></span> <span class='ocrx_word' id='word_1_635' title='bbox 1732 5668 1873 5726; x_wconf 81' lang='lat' dir='ltr'><strong>reci-</strong></span> 
     </span>
    </p>
   </div>
   <div class='ocr_carea' id='block_1_87' title="bbox 210 5755 1872 5835">
    <p class='ocr_par' dir='ltr' id='par_1_87' title="bbox 210 5755 1872 5835">
     <span class='ocr_line' id='line_1_87' title="bbox 210 5755 1872 5835; baseline 0.001 -19"><span class='ocrx_word' id='word_1_636' title='bbox 210 5762 381 5835; x_wconf 89' lang='lat' dir='ltr'><strong>peret</strong></span> <span class='ocrx_word' id='word_1_637' title='bbox 413 5755 789 5829; x_wconf 77' lang='lat' dir='ltr'><strong>(inevitabilis</strong></span> <span class='ocrx_word' id='word_1_638' title='bbox 829 5756 1103 5815; x_wconf 73' lang='lat' dir='ltr'><strong>efﬁcacia:</strong></span> <span class='ocrx_word' id='word_1_639' title='bbox 1132 5757 1404 5816; x_wconf 90' lang='lat' dir='ltr'><strong>videlicet</strong></span> <span class='ocrx_word' id='word_1_640' title='bbox 1453 5763 1594 5816; x_wconf 89' lang='lat' dir='ltr'><strong>sunt</strong></span> <span class='ocrx_word' id='word_1_641' title='bbox 1640 5759 1872 5818; x_wconf 89' lang='lat' dir='ltr'><strong>decreta</strong></span> 
     </span>
    </p>
   </div>
   <div class='ocr_carea' id='block_1_88' title="bbox 1905 4638 1955 4702">
    <p class='ocr_par' dir='ltr' id='par_1_88' title="bbox 1905 4638 1955 4702">
     <span class='ocr_line' id='line_1_88' title="bbox 1905 4638 1955 4702; baseline 0 0"><span class='ocrx_word' id='word_1_642' title='bbox 1905 4638 1955 4702; x_wconf 91' lang='lat' dir='ltr'><strong>D</strong></span> 
     </span>
    </p>
   </div>
   <div class='ocr_carea' id='block_1_89' title="bbox 1995 3338 3631 3413">
    <p class='ocr_par' dir='ltr' id='par_1_89' title="bbox 1995 3338 3631 3413">
     <span class='ocr_line' id='line_1_89' title="bbox 1995 3338 3631 3413; baseline 0 -17"><span class='ocrx_word' id='word_1_643' title='bbox 1995 3357 2109 3413; x_wconf 91' lang='lat' dir='ltr'><strong>que</strong></span> <span class='ocrx_word' id='word_1_644' title='bbox 2138 3357 2241 3413; x_wconf 91' lang='lat' dir='ltr'><strong>pro</strong></span> <span class='ocrx_word' id='word_1_645' title='bbox 2268 3357 2331 3397; x_wconf 87' lang='lat' dir='ltr'><strong>se</strong></span> <span class='ocrx_word' id='word_1_646' title='bbox 2362 3356 2595 3413; x_wconf 90' lang='lat' dir='ltr'><strong>quoque</strong></span> <span class='ocrx_word' id='word_1_647' title='bbox 2626 3340 2913 3411; x_wconf 87' lang='lat' dir='ltr'><strong>impetum</strong></span> <span class='ocrx_word' id='word_1_648' title='bbox 2958 3340 3030 3396; x_wconf 91' lang='lat' dir='ltr'><strong>ad</strong></span> <span class='ocrx_word' id='word_1_649' title='bbox 3064 3356 3299 3409; x_wconf 88' lang='lat' dir='ltr'><strong>omnem</strong></span> <span class='ocrx_word' id='word_1_650' title='bbox 3331 3338 3452 3397; x_wconf 86' lang='lat' dir='ltr'><strong>sive</strong></span> <span class='ocrx_word' id='word_1_651' title='bbox 3485 3340 3631 3396; x_wconf 86' lang='lat' dir='ltr'><strong>insi—</strong></span> 
     </span>
    </p>
   </div>
   <div class='ocr_carea' id='block_1_90' title="bbox 1984 3428 3633 3503">
    <p class='ocr_par' dir='ltr' id='par_1_90' title="bbox 1984 3428 3633 3503">
     <span class='ocr_line' id='line_1_90' title="bbox 1984 3428 3633 3503; baseline 0.001 -18"><span class='ocrx_word' id='word_1_652' title='bbox 1984 3429 2183 3486; x_wconf 90' lang='lat' dir='ltr'><strong>diandi</strong></span> <span class='ocrx_word' id='word_1_653' title='bbox 2242 3429 2362 3487; x_wconf 89' lang='lat' dir='ltr'><strong>sive</strong></span> <span class='ocrx_word' id='word_1_654' title='bbox 2417 3428 2679 3485; x_wconf 89' lang='lat' dir='ltr'><strong>irrueudi</strong></span> <span class='ocrx_word' id='word_1_655' title='bbox 2733 3428 3130 3485; x_wconf 91' lang='lat' dir='ltr'><strong>necessariam</strong></span> <span class='ocrx_word' id='word_1_656' title='bbox 3190 3445 3451 3501; x_wconf 88' lang='lat' dir='ltr'><strong>operam,</strong></span> <span class='ocrx_word' id='word_1_657' title='bbox 3507 3428 3633 3503; x_wconf 82' lang='lat' dir='ltr'><strong>ipse</strong></span> 
     </span>
    </p>
   </div>
   <div class='ocr_carea' id='block_1_91' title="bbox 1984 3515 3635 3591">
    <p class='ocr_par' dir='ltr' id='par_1_91' title="bbox 1984 3515 3635 3591">
     <span class='ocr_line' id='line_1_91' title="bbox 1984 3515 3635 3591; baseline 0.001 -17"><span class='ocrx_word' id='word_1_658' title='bbox 1984 3519 2140 3575; x_wconf 72' lang='lat'><strong>140</strong></span> <span class='ocrx_word' id='word_1_659' title='bbox 2170 3518 2405 3591; x_wconf 91' lang='lat' dir='ltr'><strong>quidem</strong></span> <span class='ocrx_word' id='word_1_660' title='bbox 2447 3518 2745 3574; x_wconf 89' lang='lat' dir='ltr'><strong>interdum</strong></span> <span class='ocrx_word' id='word_1_661' title='bbox 2796 3515 3084 3573; x_wconf 92' lang='lat' dir='ltr'><strong>circuibat</strong></span> <span class='ocrx_word' id='word_1_662' title='bbox 3127 3515 3391 3573; x_wconf 90' lang='lat' dir='ltr'><strong>lustrans</strong></span> <span class='ocrx_word' id='word_1_663' title='bbox 3438 3524 3635 3590; x_wconf 82' lang='lat' dir='ltr'><strong>explo-</strong></span> 
     </span>
    </p>
   </div>
   <div class='ocr_carea' id='block_1_92' title="bbox 1983 3605 3635 3681">
    <p class='ocr_par' dir='ltr' id='par_1_92' title="bbox 1983 3605 3635 3681">
     <span class='ocr_line' id='line_1_92' title="bbox 1983 3605 3635 3681; baseline -0.001 -17"><span class='ocrx_word' id='word_1_664' title='bbox 1983 3623 2256 3680; x_wconf 87' lang='lat' dir='ltr'><strong>ransque,</strong></span> <span class='ocrx_word' id='word_1_665' title='bbox 2289 3611 2354 3663; x_wconf 84' lang='lat' dir='ltr'><strong>ut</strong></span> <span class='ocrx_word' id='word_1_666' title='bbox 2383 3624 2488 3681; x_wconf 89' lang='lat' dir='ltr'><strong>par</strong></span> <span class='ocrx_word' id='word_1_667' title='bbox 2517 3610 2661 3675; x_wconf 89' lang='lat' dir='ltr'><strong>erat,</strong></span> <span class='ocrx_word' id='word_1_668' title='bbox 2696 3611 2931 3675; x_wconf 91' lang='lat' dir='ltr'><strong>cuncta,</strong></span> <span class='ocrx_word' id='word_1_669' title='bbox 2965 3605 3286 3663; x_wconf 90' lang='lat' dir='ltr'><strong>identidem</strong></span> <span class='ocrx_word' id='word_1_670' title='bbox 3318 3610 3539 3669; x_wconf 84' lang='lat' dir='ltr'><strong>autem.</strong></span> <span class='ocrx_word' id='word_1_671' title='bbox 3564 3623 3635 3663; x_wconf 89' lang='lat' dir='ltr'><strong>ne</strong></span> 
     </span>
    </p>
   </div>
   <div class='ocr_carea' id='block_1_93' title="bbox 1984 3694 3634 3770">
    <p class='ocr_par' dir='ltr' id='par_1_93' title="bbox 1984 3694 3634 3770">
     <span class='ocr_line' id='line_1_93' title="bbox 1984 3694 3634 3770; baseline 0 -18"><span class='ocrx_word' id='word_1_672' title='bbox 1984 3696 2383 3770; x_wconf 91' lang='lat' dir='ltr'><strong>suspicionem</strong></span> <span class='ocrx_word' id='word_1_673' title='bbox 2436 3694 2661 3753; x_wconf 88' lang='lat' dir='ltr'><strong>Latinis</strong></span> <span class='ocrx_word' id='word_1_674' title='bbox 2712 3696 2917 3752; x_wconf 90' lang='lat' dir='ltr'><strong>urbem</strong></span> <span class='ocrx_word' id='word_1_675' title='bbox 2966 3695 3308 3752; x_wconf 85' lang='lat' dir='ltr'><strong>tenentibus</strong></span> <span class='ocrx_word' id='word_1_676' title='bbox 3354 3701 3634 3765; x_wconf 88' lang='lat' dir='ltr'><strong>moveret,</strong></span> 
     </span>
    </p>
   </div>
   <div class='ocr_carea' id='block_1_94' title="bbox 1984 3786 3637 3859">
    <p class='ocr_par' dir='ltr' id='par_1_94' title="bbox 1984 3786 3637 3859">
     <span class='ocr_line' id='line_1_94' title="bbox 1984 3786 3637 3859; baseline 0 -16"><span class='ocrx_word' id='word_1_677' title='bbox 1984 3786 2263 3844; x_wconf 87' lang='lat' dir='ltr'><strong>recedens</strong></span> <span class='ocrx_word' id='word_1_678' title='bbox 2292 3800 2716 3858; x_wconf 90' lang='lat' dir='ltr'><strong>removeusque</strong></span> <span class='ocrx_word' id='word_1_679' title='bbox 2764 3802 2826 3843; x_wconf 90' lang='lat' dir='ltr'><strong>se</strong></span> <span class='ocrx_word' id='word_1_680' title='bbox 2867 3802 2899 3841; x_wconf 94' lang='lat' dir='ltr'><strong>a</strong></span> <span class='ocrx_word' id='word_1_681' title='bbox 2929 3787 3265 3858; x_wconf 84' lang='lat' dir='ltr'><strong>conspectu,</strong></span> <span class='ocrx_word' id='word_1_682' title='bbox 3298 3800 3534 3859; x_wconf 91' lang='lat' dir='ltr'><strong>semper</strong></span> <span class='ocrx_word' id='word_1_683' title='bbox 3563 3786 3637 3843; x_wconf 89' lang='lat' dir='ltr'>iis</span> 
     </span>
    </p>
   </div>
   <div class='ocr_carea' id='block_1_95' title="bbox 1983 3873 3635 3949">
    <p class='ocr_par' dir='ltr' id='par_1_95' title="bbox 1983 3873 3635 3949">
     <span class='ocr_line' id='line_1_95' title="bbox 1983 3873 3635 3949; baseline -0.001 -17"><span class='ocrx_word' id='word_1_684' title='bbox 1983 3892 2117 3949; x_wconf 73' lang='lat' dir='ltr'><strong>qua:</strong></span> <span class='ocrx_word' id='word_1_685' title='bbox 2141 3875 2613 3949; x_wconf 89' lang='lat' dir='ltr'><strong>suggerebantur</strong></span> <span class='ocrx_word' id='word_1_686' title='bbox 2644 3874 2984 3932; x_wconf 89' lang='lat' dir='ltr'><strong>attendens:</strong></span> <span class='ocrx_word' id='word_1_687' title='bbox 3012 3873 3135 3931; x_wconf 89' lang='lat' dir='ltr'><strong>ibat</strong></span> <span class='ocrx_word' id='word_1_688' title='bbox 3162 3874 3318 3931; x_wconf 88' lang='lat' dir='ltr'><strong>enim</strong></span> <span class='ocrx_word' id='word_1_689' title='bbox 3352 3891 3472 3931; x_wconf 90' lang='lat' dir='ltr'><strong>una</strong></span> <span class='ocrx_word' id='word_1_690' title='bbox 3502 3890 3635 3931; x_wconf 90' lang='lat' dir='ltr'><strong>cum</strong></span> 
     </span>
    </p>
   </div>
   <div class='ocr_carea' id='block_1_96' title="bbox 1983 3962 3635 4040">
    <p class='ocr_par' dir='ltr' id='par_1_96' title="bbox 1983 3962 3635 4040">
     <span class='ocr_line' id='line_1_96' title="bbox 1983 3962 3635 4040; baseline -0.001 -19"><span class='ocrx_word' id='word_1_691' title='bbox 1983 3967 2113 4040; x_wconf 91' lang='lat' dir='ltr'><strong>ipso</strong></span> <span class='ocrx_word' id='word_1_692' title='bbox 2146 3966 2301 4022; x_wconf 89' lang='lat' dir='ltr'><strong>idem</strong></span> <span class='ocrx_word' id='word_1_693' title='bbox 2352 3963 2449 4022; x_wconf 90' lang='lat' dir='ltr'><strong>ille</strong></span> <span class='ocrx_word' id='word_1_694' title='bbox 2498 3964 2853 4022; x_wconf 84' lang='lat' dir='ltr'><strong>Cutritzaces</strong></span> <span class='ocrx_word' id='word_1_695' title='bbox 2899 3962 3299 4037; x_wconf 87' lang='lat' dir='ltr'><strong>peritissimus</strong></span> <span class='ocrx_word' id='word_1_696' title='bbox 3347 3963 3635 4033; x_wconf 88' lang='lat' dir='ltr'><strong>locorum,</strong></span> 
     </span>
    </p>
   </div>
   <div class='ocr_carea' id='block_1_97' title="bbox 1983 4052 3632 4128">
    <p class='ocr_par' dir='ltr' id='par_1_97' title="bbox 1983 4052 3632 4128">
     <span class='ocr_line' id='line_1_97' title="bbox 1983 4052 3632 4128; baseline -0.001 -18"><span class='ocrx_word' id='word_1_697' title='bbox 1983 4056 2202 4128; x_wconf 86' lang='lat' dir='ltr'><strong>pariter</strong></span> <span class='ocrx_word' id='word_1_698' title='bbox 2230 4058 2441 4111; x_wconf 89' lang='lat' dir='ltr'><strong>cuncta</strong></span> <span class='ocrx_word' id='word_1_699' title='bbox 2469 4053 2978 4127; x_wconf 88' lang='lat' dir='ltr'><strong>circumspiciens.</strong></span> <span class='ocrx_word' id='word_1_700' title='bbox 3012 4052 3407 4110; x_wconf 89' lang='lat' dir='ltr'><strong>Providebaut</strong></span> <span class='ocrx_word' id='word_1_701' title='bbox 3436 4060 3632 4110; x_wconf 86' lang='lat' dir='ltr'><strong>autem</strong></span> 
     </span>
    </p>
   </div>
   <div class='ocr_carea' id='block_1_98' title="bbox 1983 4140 3635 4215">
    <p class='ocr_par' dir='ltr' id='par_1_98' title="bbox 1983 4140 3635 4215">
     <span class='ocr_line' id='line_1_98' title="bbox 1983 4140 3635 4215; baseline 0 -15"><span class='ocrx_word' id='word_1_702' title='bbox 1983 4143 2157 4201; x_wconf 92' lang='lat' dir='ltr'><strong>ambo</strong></span> <span class='ocrx_word' id='word_1_703' title='bbox 2188 4142 2367 4200; x_wconf 89' lang='lat' dir='ltr'><strong>simul</strong></span> <span class='ocrx_word' id='word_1_704' title='bbox 2399 4147 2667 4215; x_wconf 89' lang='lat' dir='ltr'><strong>utquam</strong></span> <span class='ocrx_word' id='word_1_705' title='bbox 2714 4140 2933 4215; x_wconf 90' lang='lat' dir='ltr'><strong>optime</strong></span> <span class='ocrx_word' id='word_1_706' title='bbox 2980 4157 3283 4215; x_wconf 86' lang='lat' dir='ltr'><strong>quamque</strong></span> <span class='ocrx_word' id='word_1_707' title='bbox 3329 4141 3635 4200; x_wconf 86' lang='lat' dir='ltr'><strong>celerrime</strong></span> 
     </span>
    </p>
   </div>
   <div class='ocr_carea' id='block_1_99' title="bbox 1983 4229 3631 4307">
    <p class='ocr_par' dir='ltr' id='par_1_99' title="bbox 1983 4229 3631 4307">
     <span class='ocr_line' id='line_1_99' title="bbox 1983 4229 3631 4307; baseline -0.002 -17"><span class='ocrx_word' id='word_1_708' title='bbox 1983 4233 2138 4307; x_wconf 93' lang='lat' dir='ltr'><strong>quod</strong></span> <span class='ocrx_word' id='word_1_709' title='bbox 2172 4231 2608 4289; x_wconf 88' lang='lat' dir='ltr'><strong>meditabantur</strong></span> <span class='ocrx_word' id='word_1_710' title='bbox 2628 4231 2794 4287; x_wconf 83' lang='lat' dir='ltr'><strong>fleret</strong></span> <span class='ocrx_word' id='word_1_711' title='bbox 2818 4245 2831 4285; x_wconf 92' lang='lat'><strong>:</strong></span> <span class='ocrx_word' id='word_1_712' title='bbox 2858 4229 3189 4303; x_wconf 89' lang='lat' dir='ltr'><strong>periculum</strong></span> <span class='ocrx_word' id='word_1_713' title='bbox 3222 4230 3383 4287; x_wconf 89' lang='lat' dir='ltr'><strong>enim</strong></span> <span class='ocrx_word' id='word_1_714' title='bbox 3416 4235 3541 4289; x_wconf 89' lang='lat' dir='ltr'><strong>erat</strong></span> <span class='ocrx_word' id='word_1_715' title='bbox 3571 4231 3631 4288; x_wconf 90' lang='lat' dir='ltr'><strong>in</strong></span> 
     </span>
    </p>
   </div>
   <div class='ocr_carea' id='block_1_100' title="bbox 1985 4318 3634 4394">
    <p class='ocr_par' dir='ltr' id='par_1_100' title="bbox 1985 4318 3634 4394">
     <span class='ocr_line' id='line_1_100' title="bbox 1985 4318 3634 4394; baseline -0.002 -15"><span class='ocrx_word' id='word_1_716' title='bbox 1985 4339 2168 4394; x_wconf 91' lang='lat' dir='ltr'><strong>mora,</strong></span> <span class='ocrx_word' id='word_1_717' title='bbox 2192 4338 2263 4377; x_wconf 90' lang='lat' dir='ltr'><strong>ne</strong></span> <span class='ocrx_word' id='word_1_718' title='bbox 2285 4319 2505 4393; x_wconf 89' lang='lat' dir='ltr'><strong>aliquid</strong></span> <span class='ocrx_word' id='word_1_719' title='bbox 2540 4318 2810 4376; x_wconf 90' lang='lat' dir='ltr'><strong>alicunde</strong></span> <span class='ocrx_word' id='word_1_720' title='bbox 2841 4318 3164 4376; x_wconf 87' lang='lat' dir='ltr'><strong>sentientes</strong></span> <span class='ocrx_word' id='word_1_721' title='bbox 3193 4320 3468 4377; x_wconf 89' lang='lat' dir='ltr'><strong>custodes</strong></span> <span class='ocrx_word' id='word_1_722' title='bbox 3492 4336 3634 4376; x_wconf 74' lang='lat' dir='ltr'><strong>mu:-</strong></span> 
     </span>
    </p>
   </div>
   <div class='ocr_carea' id='block_1_101' title="bbox 1984 4406 3633 4482">
    <p class='ocr_par' dir='ltr' id='par_1_101' title="bbox 1984 4406 3633 4482">
     <span class='ocr_line' id='line_1_101' title="bbox 1984 4406 3633 4482; baseline 0 -15"><span class='ocrx_word' id='word_1_723' title='bbox 1984 4410 2147 4467; x_wconf 90' lang='lat' dir='ltr'><strong>uium</strong></span> <span class='ocrx_word' id='word_1_724' title='bbox 2169 4408 2631 4467; x_wconf 85' lang='lat' dir='ltr'><strong>vociferarentur</strong></span> <span class='ocrx_word' id='word_1_725' title='bbox 2651 4413 2707 4465; x_wconf 89' lang='lat' dir='ltr'><strong>et</strong></span> <span class='ocrx_word' id='word_1_726' title='bbox 2728 4407 2883 4481; x_wconf 91' lang='lat' dir='ltr'><strong>quod</strong></span> <span class='ocrx_word' id='word_1_727' title='bbox 2918 4406 3067 4465; x_wconf 88' lang='lat' dir='ltr'><strong>clam</strong></span> <span class='ocrx_word' id='word_1_728' title='bbox 3098 4408 3422 4481; x_wconf 88' lang='lat' dir='ltr'><strong>parabatur</strong></span> <span class='ocrx_word' id='word_1_729' title='bbox 3441 4407 3633 4482; x_wconf 87' lang='lat' dir='ltr'><strong>palam</strong></span> 
     </span>
    </p>
   </div>
   <div class='ocr_carea' id='block_1_102' title="bbox 1984 4500 2317 4573">
    <p class='ocr_par' dir='ltr' id='par_1_102' title="bbox 1984 4500 2317 4573">
     <span class='ocr_line' id='line_1_102' title="bbox 1984 4500 2317 4573; baseline 0 -17"><span class='ocrx_word' id='word_1_730' title='bbox 1984 4500 2317 4573; x_wconf 91' lang='lat' dir='ltr'><strong>proderent.</strong></span> 
     </span>
    </p>
   </div>
   <div class='ocr_carea' id='block_1_103' title="bbox 2303 4642 3307 4717">
    <p class='ocr_par' dir='ltr' id='par_1_103' title="bbox 2303 4642 3307 4717">
     <span class='ocr_line' id='line_1_103' title="bbox 2303 4642 3307 4717; baseline 0.001 -16"><span class='ocrx_word' id='word_1_731' title='bbox 2303 4646 2394 4703; x_wconf 89' lang='lat'><strong>27.</strong></span> <span class='ocrx_word' id='word_1_732' title='bbox 2430 4647 2492 4703; x_wconf 81' lang='lat' dir='ltr'><strong>Ut</strong></span> <span class='ocrx_word' id='word_1_733' title='bbox 2518 4645 2649 4701; x_wconf 75' lang='lat' dir='ltr'><strong>urb:</strong></span> <span class='ocrx_word' id='word_1_734' title='bbox 2676 4651 2833 4717; x_wconf 77' lang='lat' dir='ltr'><strong>capta</strong></span> <span class='ocrx_word' id='word_1_735' title='bbox 2859 4642 2934 4701; x_wconf 72' lang='lat' dir='ltr'><strong>sit</strong></span> <span class='ocrx_word' id='word_1_736' title='bbox 2963 4660 2998 4699; x_wconf 87' lang='lat' dir='ltr'><strong>a</strong></span> <span class='ocrx_word' id='word_1_737' title='bbox 3028 4646 3307 4702; x_wconf 72' lang='lat' dir='ltr'><strong>Romanis.</strong></span> 
     </span>
    </p>
   </div>
   <div class='ocr_carea' id='block_1_104' title="bbox 2053 4768 3635 4847">
    <p class='ocr_par' dir='ltr' id='par_1_104' title="bbox 2053 4768 3635 4847">
     <span class='ocr_line' id='line_1_104' title="bbox 2053 4768 3635 4847; baseline -0.001 -17"><span class='ocrx_word' id='word_1_738' title='bbox 2053 4772 2127 4830; x_wconf 91' lang='lat' dir='ltr'><strong>Ut</strong></span> <span class='ocrx_word' id='word_1_739' title='bbox 2155 4772 2336 4847; x_wconf 89' lang='lat' dir='ltr'><strong>igitur</strong></span> <span class='ocrx_word' id='word_1_740' title='bbox 2365 4773 2435 4829; x_wconf 92' lang='lat' dir='ltr'><strong>de</strong></span> <span class='ocrx_word' id='word_1_741' title='bbox 2471 4772 2749 4829; x_wconf 90' lang='lat' dir='ltr'><strong>omnibus</strong></span> <span class='ocrx_word' id='word_1_742' title='bbox 2777 4768 3050 4827; x_wconf 88' lang='lat' dir='ltr'><strong>convenit</strong></span> <span class='ocrx_word' id='word_1_743' title='bbox 3078 4786 3204 4843; x_wconf 72' lang='lat' dir='ltr'><strong>quas</strong></span> <span class='ocrx_word' id='word_1_744' title='bbox 3236 4769 3635 4828; x_wconf 89' lang='lat' dir='ltr'><strong>conducibilia</strong></span> 
     </span>
    </p>
   </div>
   <div class='ocr_carea' id='block_1_105' title="bbox 1982 4857 3636 4935">
    <p class='ocr_par' dir='ltr' id='par_1_105' title="bbox 1982 4857 3636 4935">
     <span class='ocr_line' id='line_1_105' title="bbox 1982 4857 3636 4935; baseline -0.002 -15"><span class='ocrx_word' id='word_1_745' title='bbox 1982 4863 2053 4920; x_wconf 92' lang='lat' dir='ltr'><strong>ad</strong></span> <span class='ocrx_word' id='word_1_746' title='bbox 2077 4878 2421 4920; x_wconf 88' lang='lat' dir='ltr'><strong>successum</strong></span> <span class='ocrx_word' id='word_1_747' title='bbox 2445 4859 2659 4935; x_wconf 89' lang='lat' dir='ltr'><strong>negotii</strong></span> <span class='ocrx_word' id='word_1_748' title='bbox 2683 4862 2823 4916; x_wconf 91' lang='lat' dir='ltr'><strong>sunt</strong></span> <span class='ocrx_word' id='word_1_749' title='bbox 2844 4859 3057 4929; x_wconf 89' lang='lat' dir='ltr'><strong>visa,et</strong></span> <span class='ocrx_word' id='word_1_750' title='bbox 3075 4857 3468 4917; x_wconf 90' lang='lat' dir='ltr'><strong>constitutum</strong></span> <span class='ocrx_word' id='word_1_751' title='bbox 3490 4863 3636 4917; x_wconf 87' lang='lat' dir='ltr'><strong>tem-</strong></span> 
     </span>
    </p>
   </div>
   <div class='ocr_carea' id='block_1_106' title="bbox 1981 4948 3639 5026">
    <p class='ocr_par' dir='ltr' id='par_1_106' title="bbox 1981 4948 3639 5026">
     <span class='ocr_line' id='line_1_106' title="bbox 1981 4948 3639 5026; baseline -0.002 -17"><span class='ocrx_word' id='word_1_752' title='bbox 1981 4969 2094 5026; x_wconf 91' lang='lat' dir='ltr'><strong>pus</strong></span> <span class='ocrx_word' id='word_1_753' title='bbox 2137 4956 2227 5009; x_wconf 88' lang='lat' dir='ltr'><strong>eat</strong></span> <span class='ocrx_word' id='word_1_754' title='bbox 2276 4952 2477 5025; x_wconf 84' lang='lat' dir='ltr'><strong>(noctu</strong></span> <span class='ocrx_word' id='word_1_755' title='bbox 2526 4950 2684 5008; x_wconf 91' lang='lat' dir='ltr'><strong>enim</strong></span> <span class='ocrx_word' id='word_1_756' title='bbox 2716 4958 2769 5006; x_wconf 84' lang='lat' dir='ltr'><strong>et</strong></span> <span class='ocrx_word' id='word_1_757' title='bbox 2795 4964 2864 5006; x_wconf 81' lang='lat' dir='ltr'><strong>ex</strong></span> <span class='ocrx_word' id='word_1_758' title='bbox 2895 4948 3213 5022; x_wconf 87' lang='lat' dir='ltr'><strong>improviso</strong></span> <span class='ocrx_word' id='word_1_759' title='bbox 3260 4948 3639 5023; x_wconf 89' lang='lat' dir='ltr'><strong>supervenire</strong></span> 
     </span>
    </p>
   </div>
   <div class='ocr_carea' id='block_1_107' title="bbox 1982 5039 3639 5117">
    <p class='ocr_par' dir='ltr' id='par_1_107' title="bbox 1982 5039 3639 5117">
     <span class='ocr_line' id='line_1_107' title="bbox 1982 5039 3639 5117; baseline -0.001 -18"><span class='ocrx_word' id='word_1_760' title='bbox 1982 5043 2227 5101; x_wconf 90' lang='lat' dir='ltr'><strong>minime</strong></span> <span class='ocrx_word' id='word_1_761' title='bbox 2257 5041 2639 5117; x_wconf 90' lang='lat' dir='ltr'><strong>opinantibus</strong></span> <span class='ocrx_word' id='word_1_762' title='bbox 2670 5039 3093 5111; x_wconf 86' lang='lat' dir='ltr'><strong>decreverant),</strong></span> <span class='ocrx_word' id='word_1_763' title='bbox 3117 5040 3243 5097; x_wconf 91' lang='lat' dir='ltr'><strong>suis</strong></span> <span class='ocrx_word' id='word_1_764' title='bbox 3266 5039 3488 5113; x_wconf 89' lang='lat' dir='ltr'><strong>quique</strong></span> <span class='ocrx_word' id='word_1_765' title='bbox 3509 5057 3639 5113; x_wconf 87' lang='lat' dir='ltr'><strong>par-</strong></span> 
     </span>
    </p>
   </div>
   <div class='ocr_carea' id='block_1_108' title="bbox 1981 5128 3655 5203">
    <p class='ocr_par' dir='ltr' id='par_1_108' title="bbox 1981 5128 3655 5203">
     <span class='ocr_line' id='line_1_108' title="bbox 1981 5128 3655 5203; baseline -0.003 -13"><span class='ocrx_word' id='word_1_766' title='bbox 1981 5132 2141 5191; x_wconf 91' lang='lat' dir='ltr'><strong>tibus</strong></span> <span class='ocrx_word' id='word_1_767' title='bbox 2193 5136 2433 5189; x_wconf 89' lang='lat' dir='ltr'><strong>strenue</strong></span> <span class='ocrx_word' id='word_1_768' title='bbox 2482 5128 2874 5203; x_wconf 88' lang='lat' dir='ltr'><strong>defungendis</strong></span> <span class='ocrx_word' id='word_1_769' title='bbox 2907 5128 3115 5186; x_wconf 90' lang='lat' dir='ltr'><strong>intenti</strong></span> <span class='ocrx_word' id='word_1_770' title='bbox 3144 5130 3528 5202; x_wconf 82' lang='lat' dir='ltr'><strong>expectabant</strong></span> <span class='ocrx_word' id='word_1_771' title='bbox 3558 5128 3655 5185; x_wconf 76' lang='grc' dir='ltr'><strong>εἰ·-</strong></span> 
     </span>
    </p>
   </div>
   <div class='ocr_carea' id='block_1_109' title="bbox 1982 5218 3634 5297">
    <p class='ocr_par' dir='ltr' id='par_1_109' title="bbox 1982 5218 3634 5297">
     <span class='ocr_line' id='line_1_109' title="bbox 1982 5218 3634 5297; baseline -0.003 -18"><span class='ocrx_word' id='word_1_772' title='bbox 1982 5239 2186 5297; x_wconf 88' lang='lat' dir='ltr'><strong>gnum.</strong></span> <span class='ocrx_word' id='word_1_773' title='bbox 2204 5220 2349 5280; x_wconf 82' lang='lat' dir='ltr'><strong>Aliis</strong></span> <span class='ocrx_word' id='word_1_774' title='bbox 2372 5220 2528 5279; x_wconf 90' lang='lat' dir='ltr'><strong>enim</strong></span> <span class='ocrx_word' id='word_1_775' title='bbox 2552 5237 2694 5277; x_wconf 91' lang='lat' dir='ltr'><strong>cura</strong></span> <span class='ocrx_word' id='word_1_776' title='bbox 2714 5219 3068 5276; x_wconf 88' lang='lat' dir='ltr'><strong>demandata</strong></span> <span class='ocrx_word' id='word_1_777' title='bbox 3088 5223 3179 5276; x_wconf 89' lang='lat' dir='ltr'><strong>est</strong></span> <span class='ocrx_word' id='word_1_778' title='bbox 3200 5218 3634 5276; x_wconf 89' lang='lat' dir='ltr'><strong>conscendendi</strong></span> 
     </span>
    </p>
   </div>
   <div class='ocr_carea' id='block_1_110' title="bbox 1982 5309 3634 5385">
    <p class='ocr_par' dir='ltr' id='par_1_110' title="bbox 1982 5309 3634 5385">
     <span class='ocr_line' id='line_1_110' title="bbox 1982 5309 3634 5385; baseline -0.003 -15"><span class='ocrx_word' id='word_1_779' title='bbox 1982 5313 2110 5370; x_wconf 89' lang='lat' dir='ltr'><strong>sine</strong></span> <span class='ocrx_word' id='word_1_780' title='bbox 2142 5311 2391 5385; x_wconf 88' lang='lat' dir='ltr'><strong>strepitu</strong></span> <span class='ocrx_word' id='word_1_781' title='bbox 2423 5310 2596 5369; x_wconf 89' lang='lat' dir='ltr'><strong>scalis</strong></span> <span class='ocrx_word' id='word_1_782' title='bbox 2626 5309 2883 5367; x_wconf 87' lang='lat' dir='ltr'><strong>admotis</strong></span> <span class='ocrx_word' id='word_1_783' title='bbox 2916 5325 3106 5377; x_wconf 91' lang='lat' dir='ltr'><strong>muro,</strong></span> <span class='ocrx_word' id='word_1_784' title='bbox 3138 5323 3324 5381; x_wconf 89' lang='lat' dir='ltr'><strong>eoque</strong></span> <span class='ocrx_word' id='word_1_785' title='bbox 3356 5314 3634 5383; x_wconf 88' lang='lat' dir='ltr'><strong>superato</strong></span> 
     </span>
    </p>
   </div>
   <div class='ocr_carea' id='block_1_111' title="bbox 1983 5398 3635 5476">
    <p class='ocr_par' dir='ltr' id='par_1_111' title="bbox 1983 5398 3635 5476">
     <span class='ocr_line' id='line_1_111' title="bbox 1983 5398 3635 5476; baseline -0.002 -18"><span class='ocrx_word' id='word_1_786' title='bbox 1983 5419 2132 5476; x_wconf 91' lang='lat' dir='ltr'><strong>quos</strong></span> <span class='ocrx_word' id='word_1_787' title='bbox 2162 5401 2242 5458; x_wconf 90' lang='lat' dir='ltr'><strong>ibi</strong></span> <span class='ocrx_word' id='word_1_788' title='bbox 2276 5401 2550 5459; x_wconf 87' lang='lat' dir='ltr'><strong>custodes</strong></span> <span class='ocrx_word' id='word_1_789' title='bbox 2601 5398 2928 5472; x_wconf 86' lang='lat' dir='ltr'><strong>reperirent</strong></span> <span class='ocrx_word' id='word_1_790' title='bbox 2975 5414 3229 5472; x_wconf 90' lang='lat' dir='ltr'><strong>superne</strong></span> <span class='ocrx_word' id='word_1_791' title='bbox 3276 5402 3440 5455; x_wconf 81' lang='lat' dir='ltr'><strong>extra</strong></span> <span class='ocrx_word' id='word_1_792' title='bbox 3488 5398 3635 5471; x_wconf 84' lang='lat' dir='ltr'><strong>deji-</strong></span> 
     </span>
    </p>
   </div>
   <div class='ocr_carea' id='block_1_112' title="bbox 1984 5488 3639 5565">
    <p class='ocr_par' dir='ltr' id='par_1_112' title="bbox 1984 5488 3639 5565">
     <span class='ocr_line' id='line_1_112' title="bbox 1984 5488 3639 5565; baseline -0.004 -16"><span class='ocrx_word' id='word_1_793' title='bbox 1984 5492 2199 5562; x_wconf 89' lang='lat' dir='ltr'><strong>ciendi,</strong></span> <span class='ocrx_word' id='word_1_794' title='bbox 2229 5508 2295 5549; x_wconf 92' lang='lat' dir='ltr'><strong>ac</strong></span> <span class='ocrx_word' id='word_1_795' title='bbox 2328 5495 2561 5565; x_wconf 88' lang='lat' dir='ltr'><strong>portam</strong></span> <span class='ocrx_word' id='word_1_796' title='bbox 2606 5488 2701 5547; x_wconf 90' lang='lat' dir='ltr'><strong>cui</strong></span> <span class='ocrx_word' id='word_1_797' title='bbox 2732 5506 2765 5545; x_wconf 92' lang='lat' dir='ltr'><strong>a</strong></span> <span class='ocrx_word' id='word_1_798' title='bbox 2797 5488 2954 5544; x_wconf 87' lang='lat' dir='ltr'><strong>fonte</strong></span> <span class='ocrx_word' id='word_1_799' title='bbox 3007 5504 3219 5544; x_wconf 87' lang='lat' dir='ltr'><strong>nomen</strong></span> <span class='ocrx_word' id='word_1_800' title='bbox 3272 5492 3361 5545; x_wconf 90' lang='lat' dir='ltr'><strong>est</strong></span> <span class='ocrx_word' id='word_1_801' title='bbox 3408 5488 3639 5561; x_wconf 89' lang='lat' dir='ltr'><strong>patefa-</strong></span> 
     </span>
    </p>
   </div>
   <div class='ocr_carea' id='block_1_113' title="bbox 1982 5577 3635 5654">
    <p class='ocr_par' dir='ltr' id='par_1_113' title="bbox 1982 5577 3635 5654">
     <span class='ocr_line' id='line_1_113' title="bbox 1982 5577 3635 5654; baseline -0.003 -16"><span class='ocrx_word' id='word_1_802' title='bbox 1982 5580 2194 5654; x_wconf 84' lang='lat' dir='ltr'><strong>ciendi,</strong></span> <span class='ocrx_word' id='word_1_803' title='bbox 2217 5582 2422 5637; x_wconf 91' lang='lat' dir='ltr'><strong>cuneis</strong></span> <span class='ocrx_word' id='word_1_804' title='bbox 2450 5578 2743 5652; x_wconf 89' lang='lat' dir='ltr'><strong>impactis,</strong></span> <span class='ocrx_word' id='word_1_805' title='bbox 2778 5577 2877 5634; x_wconf 90' lang='lat' dir='ltr'><strong>ubi</strong></span> <span class='ocrx_word' id='word_1_806' title='bbox 2912 5577 3226 5634; x_wconf 89' lang='lat' dir='ltr'><strong>obductam</strong></span> <span class='ocrx_word' id='word_1_807' title='bbox 3261 5577 3410 5634; x_wconf 89' lang='lat' dir='ltr'><strong>ostio</strong></span> <span class='ocrx_word' id='word_1_808' title='bbox 3432 5582 3635 5633; x_wconf 86' lang='lat' dir='ltr'><strong>mace-</strong></span> 
     </span>
    </p>
   </div>
   <div class='ocr_carea' id='block_1_114' title="bbox 1981 5666 3638 5744">
    <p class='ocr_par' dir='ltr' id='par_1_114' title="bbox 1981 5666 3638 5744">
     <span class='ocr_line' id='line_1_114' title="bbox 1981 5666 3638 5744; baseline -0.003 -17"><span class='ocrx_word' id='word_1_809' title='bbox 1981 5672 2129 5727; x_wconf 89' lang='lat' dir='ltr'><strong>riam</strong></span> <span class='ocrx_word' id='word_1_810' title='bbox 2154 5671 2321 5744; x_wconf 89' lang='lat' dir='ltr'><strong>prius</strong></span> <span class='ocrx_word' id='word_1_811' title='bbox 2347 5670 2689 5727; x_wconf 89' lang='lat' dir='ltr'><strong>diruissent.</strong></span> <span class='ocrx_word' id='word_1_812' title='bbox 2706 5666 2920 5723; x_wconf 64' lang='lat' dir='ltr'><strong>Casari</strong></span> <span class='ocrx_word' id='word_1_813' title='bbox 2944 5681 3077 5723; x_wconf 81' lang='lat' dir='ltr'><strong>vero</strong></span> <span class='ocrx_word' id='word_1_814' title='bbox 3101 5674 3462 5723; x_wconf 84' lang='lat' dir='ltr'><strong>reservatum</strong></span> <span class='ocrx_word' id='word_1_815' title='bbox 3487 5666 3638 5724; x_wconf 83' lang='lat' dir='ltr'><strong>exci-</strong></span> 
     </span>
    </p>
   </div>
   <div class='ocr_carea' id='block_1_115' title="bbox 1981 5755 3639 5834">
    <p class='ocr_par' dir='ltr' id='par_1_115' title="bbox 1981 5755 3639 5834">
     <span class='ocr_line' id='line_1_115' title="bbox 1981 5755 3639 5834; baseline -0.003 -16"><span class='ocrx_word' id='word_1_816' title='bbox 1981 5764 2134 5818; x_wconf 88' lang='lat' dir='ltr'><strong>tatos</strong></span> <span class='ocrx_word' id='word_1_817' title='bbox 2164 5775 2267 5834; x_wconf 90' lang='lat' dir='ltr'><strong>per</strong></span> <span class='ocrx_word' id='word_1_818' title='bbox 2296 5766 2525 5818; x_wconf 87' lang='lat' dir='ltr'><strong>noctem</strong></span> <span class='ocrx_word' id='word_1_819' title='bbox 2550 5763 2607 5816; x_wconf 92' lang='lat' dir='ltr'><strong>et</strong></span> <span class='ocrx_word' id='word_1_820' title='bbox 2630 5773 2877 5833; x_wconf 86' lang='lat' dir='ltr'><strong>pransos</strong></span> <span class='ocrx_word' id='word_1_821' title='bbox 2910 5760 3149 5830; x_wconf 89' lang='lat' dir='ltr'><strong>paratos</strong></span> <span class='ocrx_word' id='word_1_822' title='bbox 3172 5772 3373 5814; x_wconf 84' lang='lat' dir='ltr'><strong>secum</strong></span> <span class='ocrx_word' id='word_1_823' title='bbox 3405 5755 3639 5813; x_wconf 91' lang='lat' dir='ltr'><strong>trahere</strong></span> 
     </span>
    </p>
   </div>
  </div>
