4258 6438
636 379 742 434 579

1947 371 2249 426 GEORGII
2287 370 2750 425 PACHYMERE

3936 372 4044 426 580

635 524 728 576 ρον
763 548 778 573 ,
835 505 916 572 τῷ
973 496 1030 554 δὲ
1085 495 1315 572 Καίσαρι
1369 495 1498 558 τοὺς
1557 494 1890 570 στρατιώτας
1947 489 2037 546 διὰ
2090 492 2280 552 νυκτὸς
2312 501 2363 566 Α
2394 497 2511 554 τοῖς
2565 492 2716 555 ἐντὸς
2743 493 2842 561 τήν
2875 487 3201 563 ἐπιϐουλήν.
3233 497 3388 558 Ὅθεν
3439 493 3528 549 καὶ
3561 493 3765 550 συνέδει
3801 493 4048 556 διδόντος

635 589 1000 668 ἐφελκόμενον
1046 586 1282 658 ἐτοίμως
1333 579 1643 638 εἰσϐάλλειν
1697 582 1785 636 καὶ
1828 581 1964 636 κατὰ
2008 582 2107 649 τήν
2139 579 2286 634 ἀνοι-

634 680 850 734 λθεῖσαν
905 677 1087 744 πύλην
1147 674 1515 749 είσέρχεσθαι.
1580 669 1754 734 Εὐθὺς
1813 676 1913 740 τῆς
1973 669 2286 744 ὡρισμένης

631 767 824 830 νυκτὸς
881 765 1175 834 ἐπιστάσης
1224 764 1274 818 οἱ
1339 763 1433 835 μὶν
1488 762 1624 830 ἦσαν
1679 760 1815 836 πρὸς
1873 755 2136 833 τούργῳ,
2196 757 2285 812 καὶ

629 858 797 913 τόπον
857 854 1068 920 εὔθετον
1139 851 1540 927 στοχασάμενοι
1619 849 1793 904 ἐκεῖσε
1850 855 2127 923 προσῆγον
2184 849 2283 915 τήν

631 945 898 1019 κλίμακα,
953 941 1305 1020 εὐφυλάκτως
1351 941 1414 995 τὸ
1473 939 1688 1012 σύμπαν
1744 935 1985 1012 ἔχοντες,
2039 938 2114 1007 μή
2171 957 2288 1000 πιυς

630 1040 747 1096 τοῖς
801 1032 999 1111 φύλαξι
1047 1033 1345 1109 φωραθεῖεν
1393 1028 1482 1083 καὶ
1511 1028 1611 1096 τήν
1665 1029 1832 1102 θήραν
1878 1020 2284 1095 άνασοϐήσωσε,

637 1121 850 1196 μᾶλλον
911 1123 1004 1195 μὲν
1059 1124 1151 1174 οὖν
1203 1119 1291 1173 καὶ
1348 1118 1604 1192 μέγιστος
1655 1115 1840 1176 αὐτοῖς
1888 1112 2133 1176 κίνδυνος
2165 1112 2282 1167 ἐπι-

634 1216 755 1286 στῇ,
787 1211 836 1266 εἲ
864 1209 1039 1283 άλῷεν
1074 1203 1547 1267 ἐπιϐουλεύοντες.
1587 1207 1793 1278 Καῖσαρ
1845 1201 1902 1258 δὲ
1948 1210 2049 1272 τῆς
2092 1203 2285 1265 νυκτὸς

631 1301 844 1370 ἐκείνης
873 1301 935 1354 τὸ
967 1297 1228 1362 Σκυθικὸν
1283 1295 1373 1350 καὶ
1424 1293 1546 1348 ὅσον
1595 1294 1660 1361 ἦν
1713 1290 1854 1348 ἄλλο
1896 1287 2080 1347 λαϐὼν
2127 1291 2284 1360 ἠπεί-

631 1410 758 1464 γετο
817 1390 952 1463 πρὸς
1011 1388 1109 1455 τὴν
1169 1383 1372 1453 πόλιν,
1432 1384 1520 1437 καὶ
1579 1381 1695 1437 ἐπεὶ
1763 1381 2025 1456 πρότερον
2085 1383 2120 1450 ἢ
2188 1383 2286 1434 τοῦ

633 1478 891 1554 πράττειν
949 1476 1191 1537 ἐκείνους
1247 1472 1480 1548 ἔφθασαν
1539 1471 1627 1525 καὶ
1688 1473 1722 1538 ἡ
1776 1469 1866 1542 νὺξ
1897 1469 2124 1544 ἀργοῦσι
2181 1489 2287 1522 πα·-

632 1567 871 1642 ρώχετο,
921 1562 1186 1624 περιδεῶς
1237 1561 1353 1636 εἶχε
1379 1561 1515 1635 πρὸς
1559 1561 1657 1628 τήν
1687 1558 1879 1635 ἀργίαν
1927 1557 2016 1612 καὶ
2067 1558 2286 1612 ἀντεπιο

630 1651 839 1724 ϐουλὴν
900 1654 1213 1709 ὑπώτευεν.
1286 1648 1442 1707 Ἀλλ’
1505 1651 1532 1703 6
1588 1649 1995 1720 Κουτριτζάκης
2045 1645 2284 1718 ἀνελάμ-

630 1741 756 1799 ϐανέ
797 1764 856 1798 τε
904 1749 1004 1812 τῆς
1057 1739 1266 1801 δειλίας
1325 1738 1529 1793 ἐκεῖνον
1578 1737 1666 1791 καὶ
1727 1735 1966 1804 ἐλπίζειν
2012 1734 2284 1810 εὐθαρσῶς

629 1838 892 1909 παρεῖχεν
942 1831 1016 1893 ὡς
1063 1829 1279 1884 ἐκείνων
1329 1849 1381 1882 τι
1431 1825 1776 1901 πραττόντων
1822 1824 1992 1886 ἐντός.
2052 1823 2125 1878 Οὐ
2177 1825 2284 1896 μὴν

631 1920 688 1977 δὲ
763 1923 853 1976 καὶ
933 1919 1168 1993 ὑποψίας
1237 1919 1264 1972 6
1325 1922 1528 1991 Καῖσαρ
1589 1915 1811 1991 ὐφίετο·
1869 1918 1974 1969 ποῦ
2031 1913 2134 1990 γὰρ
2192 1914 2279 1968 καὶ

627 2011 921 2081 ὑπενόησεν
997 2009 1182 2085 ἀργεῖν
1243 2007 1475 2067 ἐκείνους
1532 2005 1617 2081 ἐφ’
1688 2005 1733 2075 ᾧ
1791 2004 2126 2075 κατερείπειν
2185 2004 2277 2058 τὸν

624 2099 712 2154 ἐπὶ
768 2104 836 2173 τῇ
895 2096 1045 2172 πύλῃ
1103 2103 1203 2166 τῆς
1261 2102 1445 2170 πηγῆς
1497 2093 1557 2148 ἐκ
1609 2093 1774 2148 λίθων
1809 2092 1987 2168 ξηρῶν
2019 2091 2281 2166 ἐπιτειχιο

625 2189 805 2262 σμόνς
866 2187 986 2252 ὅθεν
1033 2187 1123 2242 καὶ
1175 2186 1433 2263 ἐμφανεῖς
1480 2179 1870 2257 προεξεδέχετο
1920 2183 2046 2243 τοὺς
2100 2179 2279 2236 κινδύ-

621 2300 772 2348 νους,
821 2278 911 2333 καὶ
944 2274 1115 2346 δῆλος
1146 2273 1206 2340 ἦν
1239 2271 1562 2349 χλευασθεὶς
1609 2269 1814 2328 ἀλύων.
1861 2271 1922 2327 Ὀ
1971 2270 2074 2344 γὰρ
2122 2282 2276 2344 θερα-

622 2367 805 2422 πεύειν
855 2363 1196 2438 ἠλπισμένος
1244 2357 1540 2423 ἐπίϐουλος
1594 2359 1963 2430 ὑπωπτεύετο,
2013 2360 2100 2414 καὶ
2154 2380 2279 2413 συν-

623 2453 762 2511 δέειν
821 2453 1109 2527 ἐδοκίμαζε
1164 2451 1255 2507 τὸν
1335 2443 1784 2523 ἀναλαμϐάνοντα
1855 2448 1929 2509 ὡς
1999 2444 2279 2502 συνειδότα

623 2673 863 2742 milites,
891 2686 1037 2742 quos
1064 2672 1389 2742 opportune
1417 2666 1763 2724 immitteret
1784 2673 1835 2721 et
1870 2681 1973 2737 per
2003 2668 2267 2738 apertum

621 2763 837 2819 ostium
860 2776 996 2816 cum
1019 2757 1166 2831 ipsis
1190 2758 1560 2829 irrumperet.
1586 2755 1792 2811 Statim
1812 2771 1948 2828 ergo
1973 2759 2040 2810 ut
2069 2754 2270 2810 condi-

620 2858 713 2908 cta
761 2867 876 2907 nox
933 2848 1146 2915 adfuit,
1179 2846 1264 2902 illi
1299 2846 1540 2918 quidem
1586 2845 1645 2900 in
1697 2860 1869 2915 opere
1927 2844 2270 2916 pra-scripto

616 2941 1025 3007 versabantur,
1059 2937 1210 2992 clam
1243 2933 1417 2992 scalis
1447 2933 1658 2991 erectis
1690 2934 1897 2990 idoneo
1929 2949 1994 2988 ac
2027 2931 2271 2988 solerter

617 3030 842 3087 delecto
883 3027 1031 3096 loco,
1063 3025 1395 3082 cautionem
1447 3024 1795 3080 adhibentes
1843 3037 2164 3093 summam,
2197 3038 2268 3078 ne

618 3120 964 3178 custodibus
995 3117 1280 3173 indicium
1313 3115 1406 3171 sui
1429 3116 1660 3185 darent,
1691 3120 1750 3171 et
1779 3131 1956 3186 quam
1987 3117 2266 3169 venatum

616 3211 782 3265 ibant
811 3207 1066 3281 praedam
1098 3204 1348 3277 strepitu
1382 3204 1792 3277 intempestivo
1824 3207 2110 3260 terrerent
2130 3219 2268 3274 prae-

619 3302 848 3353 mature
866 3296 1302 3365 moverentque.
1329 3292 1406 3347 Ad
1432 3309 1610 3365 quam
1636 3291 2004 3348 sedulitatem
2029 3291 2266 3347 cavendi

616 3387 1021 3444 excitabantur
1069 3381 1479 3455 magnitudine
1512 3380 1733 3454 proprii
1766 3379 2032 3454 periculi,
2068 3380 2270 3452 utique

614 3477 828 3547 quibus
859 3479 1020 3530 certa
1050 3471 1338 3544 pernicies
1361 3470 1760 3543 impendebat,
1785 3471 1835 3526 si
1858 3469 2270 3541 interciperen-

614 3571 710 3622 tur
733 3567 792 3621 in
821 3564 951 3637 ipsa
966 3562 1266 3618 molitione
1287 3559 1556 3616 insidiosi
1581 3558 1864 3616 assultus.
1888 3560 2079 3616 Caesar
2097 3576 2269 3631 porro

613 3671 719 3727 per
747 3671 877 3712 eam
910 3656 1141 3709 noctem
1175 3650 1434 3721 sumptis
1466 3665 1668 3705 secum
1701 3647 1932 3720 Scythis
1954 3653 2012 3704 et
2040 3649 2268 3703 cunctis

613 3743 746 3800 aliis
778 3742 964 3816 copiis
996 3742 1145 3796 141
1183 3737 1502 3795 festinabat
1532 3736 1738 3792 urbem
1770 3751 1994 3793 versus.
2029 3736 2096 3792 Et
2124 3753 2268 3808 quo-

613 3834 772 3890 niam
804 3834 874 3888 ad
905 3829 1179 3886 viciniam
1214 3830 1391 3900 porte
1424 3843 1555 3883 cum
1615 3826 1740 3882 suis
1789 3825 1957 3898 prius
2005 3825 2271 3898 pervenit

612 3939 790 3996 quam
823 3921 921 3978 alii
956 3919 1342 3992 perfecissent
1371 3915 1430 3971 id
1463 3915 1619 3988 quod
1653 3915 1909 3971 facturos
1939 3915 2101 3988 ipsos
2130 3931 2268 3971 con-

609 4016 872 4078 venerat,
891 4014 949 4066 et
972 4026 1084 4065 nox
1106 4007 1252 4080 ipsis
1275 4005 1650 4063 cessantibus
1675 4004 1894 4072 abibat,
1923 4004 2075 4060 male
2095 4005 2271 4076 coepit

611 4106 873 4158 metuere
894 4115 968 4155 ne
985 4099 1156 4170 cujus
1175 4095 1375 4168 magni
1418 4094 1558 4150 mali
1582 4098 1684 4150 aut
1704 4109 1884 4150 causa
1904 4097 2006 4150 aut
2027 4095 2269 4151 etl‘ectus

611 4196 768 4250 esset
797 4191 912 4247 ista
940 4187 1211 4246 cessatio.
1245 4184 1582 4242 Contrarias
1630 4183 1903 4240 videlicet
1934 4183 2184 4240 insidias
2213 4189 2271 4240 et

610 4279 927 4353 ancipitem
959 4275 1354 4351 proditionem
1388 4272 1782 4346 suspectabat.
1807 4272 2022 4329 Verum
2049 4272 2268 4330 Cutrit—

613 4386 778 4428 zaces
801 4367 1111 4425 revocabat
1130 4381 1267 4422 eum
1291 4365 1362 4420 ab
1387 4361 1487 4419 illo
1511 4367 1670 4419 metu
1702 4365 1993 4434 quantum
2019 4365 2266 4435 poterat,

608 4465 666 4515 et
695 4475 861 4533 spom
893 4457 1182 4530 optimam
1214 4458 1279 4510 ut
1308 4453 1644 4525 conciperet
1700 4452 1929 4522 orabat,
1961 4451 2270 4509 afﬁrmans

606 4550 825 4623 aliquid
851 4547 1094 4606 omnino
1116 4546 1304 4602 facere
1325 4544 1488 4600 intus
1503 4559 1602 4600 eos
1616 4543 1719 4616 qui
1737 4559 1973 4598 murum
1992 4559 2269 4600 conscen-

2396 579 2600 634 ἐκείνου
2657 582 2743 635 καὶ
2805 578 3025 653 ἕτοιμον
3081 582 3267 637 ἐαυτὸν
3326 584 3711 658 παρεχομένου
3769 588 3958 647 παθεῖν
4017 582 4046 636 6'

2393 689 2444 722 τι
2512 668 2792 744 βούλοιτο,
2857 669 2906 723 εἲ
2959 668 3157 725 ἐκεῖνοι
3216 666 3648 726 ἐπιϐουλεύοιεν.
3709 671 4045 745 Συγκατῄνει

2398 754 2454 811 δὲ
2481 762 2600 819 τοῖς
2651 757 2976 832 λεγομένοις
3019 759 3109 813 καὶ
3159 761 3187 814 6
3234 757 3480 830 Ἀλέξιος
3529 759 3897 836 ἐπιθαῤῥύνων
3953 761 4047 814 τὸν

2397 851 2541 909 θεῖον
2585 848 2674 901 καὶ
2730 848 2793 901 τὸ
2852 845 2972 909 δέος
3031 844 3494 924 ἆποκρουὸμενος.
3555 849 3657 906 Καὶ
3712 851 3739 904 6
3793 849 3888 922 μὶν
3921 849 4047 923 περὶ

2394 936 2494 1004 τὴν
2566 937 2738 1008 μονήν
2796 943 2894 1006 τῆς
2969 943 3147 1012 πυγῆς
3209 939 3606 1013 προσεκάθητο,
3664 937 3756 992 τὸν
3819 937 4046 1010 στρατὸν

2395 1025 2641 1100 κατέχων
2687 1029 2815 1098 σιγῇ
2863 1027 2952 1080 καὶ
3007 1028 3276 1101 μετέωρος
3330 1026 3402 1082 ὥν
3464 1027 3599 1103 πρὸς
3647 1029 3709 1082 τὸ
3758 1022 4046 1099 σύμϐολον

2397 1115 2480 1186 (τὸ
2513 1113 2560 1169 δ’
2589 1114 2651 1181 ἦν
2689 1118 2723 1184 ἠ
2775 1120 2882 1169 τῶν
2947 1115 3215 1189 βασιλέων
3263 1116 3506 1194 εὐφημία
3553 1115 3643 1171 ἐπὶ
3689 1121 3785 1171 τοῦ
3827 1115 4050 1190 τείχους

2402 1202 2880 1278 ὑψηλοφωνεῖσθαι
2943 1202 3269 1277 μὲλλουσα)⁶
3326 1209 3416 1275 [Ρ.
3457 1205 3550 1276 92]
3609 1207 3660 1259 οἱ
3714 1203 3771 1260 δέ
3813 1204 4049 1277 ἡσύχως

2397 1293 2514 1354 καθ’
2557 1290 2648 1345 ἕνα
2717 1288 3081 1356 ὑπαναϐάντες
3149 1294 3243 1354 τὰς
3309 1292 3588 1366 κλίμακας
3649 1293 4048 1368 προσπαίουσιν

2396 1379 2550 1442 εὐθὺς
2605 1386 2721 1442 τοῖς
2782 1387 3042 1457 φρουροῖς
3101 1381 3497 1456 κοιμωμένοις,
3535 1381 3763 1443 Ἰταλοῖς
3791 1403 3854 1456 γε
3903 1379 4050 1447 οὖσι,

2393 1470 2483 1523 καί
2569 1491 2689 1546 σφιν
2778 1472 2830 1524 οἱ
2917 1469 3157 1533 ἐπιόντες
3226 1467 3353 1545 ὄναρ
3430 1471 3726 1541 ἐπέστησαν
3788 1465 4047 1544 φοϐερόν·

2396 1558 2551 1622 εὐθὺς
2576 1559 2676 1633 γάρ
2723 1558 2850 1622 τοὺς
2896 1561 2990 1632 μὲν
3047 1558 3178 1633 μηδ’
3224 1560 3583 1634 αἰσθομένους
3642 1557 3888 1615 ἐκποδὼν
3948 1581 4049 1613 κα-

2393 1647 2686 1722 τασχόντες
2761 1646 3072 1724 ἐρῥίπτουν,
3155 1651 3478 1726 σφάττοντες
3550 1651 3839 1725 πρότερον,
3914 1648 4046 1710 τοὺς

2395 1734 2450 1790 δὲ
2519 1736 2608 1791 καὶ
2683 1744 2784 1806 τῆς
2859 1745 3108 1812 ταραχῆς
3175 1737 3458 1801 ἐπαΐοντας
3516 1740 3605 1793 καὶ
3670 1739 3807 1812 πρὸς
3863 1739 4046 1816 φυγήν

2391 1827 2760 1899 τρεπομὲνους
2841 1828 3128 1903 φθάνοντες
3215 1829 3657 1898 κατεσπάθιζον,
3745 1828 3821 1892 ὡς
3912 1825 4050 1900 μηδ’

2391 1912 2626 1989 ἄγγελον
2683 1920 2790 1969 τῶν
2846 1913 3143 1989 δρωμένων
3204 1913 3619 1992 ὑπολελεῖφθαι,
3682 1919 3820 1971 ὅπου
3847 1937 3908 1990 γε
3953 1917 4050 1970 καὶ

2389 2004 2478 2057 τὸν
2535 2003 2640 2057 ἀπὸ
2697 2008 2794 2058 τοῦ
2854 2003 3205 2066 κωλύσοντος
3259 2000 3428 2080 φόϐον
3486 2005 3674 2060 ἐνίκων
3727 2007 3781 2059 αἱ
3839 2007 4050 2079 προθυ-

2395 2092 2532 2164 μίαι,
2591 2093 2679 2146 καὶ
2712 2090 2874 2161 δῆλοι
2901 2093 3059 2163 ἦσαν,
3119 2095 3180 2162 ἣν
3211 2115 3292 2156 τις
3323 2095 3626 2165 ἀντισταίη,
3675 2094 4049 2168 μαχούμενοι.

2391 2179 2676 2245 Ἐλθόντες
2729 2180 2786 2236 δὲ
2831 2183 2968 2256 πρὸς
3005 2184 3105 2252 τήν
3164 2187 3266 2252 τῆς
3310 2190 3496 2257 πηγῆς
3542 2183 3723 2253 πύλην
3784 2183 3874 2238 καὶ
3922 2184 4052 2238 ταύ-

2391 2291 2490 2338 την
2546 2269 3041 2346 ἀναπεφραγμένην
3100 2272 3347 2348 εὐρόντες
3398 2271 3575 2336 λίθοις
3621 2272 3902 2328 κατέσπων
3955 2275 4050 2328 εὐ-

2390 2358 2548 2432 θέως,
2608 2362 2710 2415 κάκ
2762 2362 2928 2434 μὲσου
2985 2366 3271 2424 ποιοῦντες
3327 2361 3459 2425 τοὺς
3502 2359 3691 2424 λίθους
3749 2359 3929 2417 δίοδον
3976 2365 4050 2435 τῇ

2388 2454 2611 2522 στρατιᾷ
2639 2450 2939 2523 ἡτοίμαζον
3003 2451 3238 2526 εὐμαρῆ,
3298 2451 3410 2506 εἶτα
3464 2449 3520 2506 δέ
3576 2452 3665 2506 καὶ
3698 2451 3865 2529 σφησὶ
3901 2449 4049 2526 χαλ-

2385 2665 2576 2723 fallaci
2608 2684 2878 2724 sermone
2909 2673 3346 2741 promoventem
3378 2670 3426 2725 ei
3462 2669 4045 2741 euspectumredde-

2384 2759 2490 2809 ret.
2515 2757 2704 2821 Quare
2736 2758 2944 2814 statuit
2974 2776 3108 2815 eum
3134 2759 3310 2815 veluti
3345 2759 3653 2815 conscium
3685 2758 4046 2815 insidiarum

2383 2845 2785 2918 constringere
2839 2848 3413 2920 custodiendumque
3443 2848 3570 2904 suis
3601 2848 3762 2917 dare,
3795 2849 3951 2920 quod
3988 2852 4049 2903 et

2381 2932 2518 2989 fecit
2539 2933 2768 2992 volente
2797 2936 2924 3008 ipso
2947 2954 3011 2993 ac
3045 2954 3107 2994 se
3129 2941 3400 3009 paratum
3425 2937 3735 2993 exhibente
3762 2937 3833 2993 ad
3865 2937 4046 3008 quid-

2379 3021 2464 3077 vis
2496 3023 2770 3096 supplicii
2805 3027 3206 3096 subeundum,
3240 3026 3289 3082 si
3320 3025 3648 3099 quidquam
3681 3025 4044 3082 insidiarum

2379 3111 2450 3167 ab
2481 3112 2555 3168 iis
2585 3113 2686 3184 qui
2704 3115 2831 3186 jam
2864 3116 3071 3172 urbem
3107 3115 3468 3172 intraverant
3493 3119 3838 3172 strueretur.
3865 3117 4045 3171 Com-

2380 3201 2666 3273 prohabat
2695 3220 2822 3276 quas
2849 3222 2883 3260 a
2907 3206 3236 3261 Cutritzace
3267 3205 3515 3261 ﬁdenter
3533 3221 3602 3260 ea
3623 3206 3928 3261 occasione
3949 3205 4048 3260 di-

2380 3291 2666 3347 cebantur
2684 3292 2940 3364 Alexius,
2963 3295 3320 3350 confirmans
3343 3293 3621 3350 similiter
3641 3298 3947 3365 patruum,
3984 3299 4045 3350 et

2379 3384 2446 3436 ut
2467 3385 2689 3437 metum
2723 3382 3039 3456 deponeret
3069 3383 3411 3440 adhortans.
3435 3383 3587 3456 Ergo
3604 3381 3702 3439 ille
3725 3382 3882 3440 circa
3905 3400 4038 3439 mo-

2381 3470 2700 3526 nasterium
2734 3473 2802 3527 ad
2855 3473 3076 3529 fontem
3109 3473 3290 3530 situm
3322 3472 3685 3546 quiescebat,
3717 3473 4041 3529 continens

2379 3559 2699 3616 exercitum
2731 3559 3065 3628 silentio,et
3087 3562 3351 3619 intentus
3382 3561 3747 3618 observando
3770 3561 3940 3635 signo
3965 3563 4042 3619 de

2380 3664 2496 3719 quo
2527 3654 2896 3706 convenerat.
2943 3651 3082 3707 Erat
3132 3655 3330 3708 autem
3360 3651 3418 3706 id
3450 3649 3812 3718 acclamatio,
3842 3650 4046 3723 qualis

2380 3735 2505 3792 ﬁeri
2537 3737 2993 3810 imperatoribus
3024 3739 3196 3808 solet,
3219 3757 3401 3812 supra
3432 3756 3673 3796 murum
3703 3739 3868 3795 edita
3901 3757 4051 3798 voce

2380 3825 2612 3882 sublata
2628 3831 2686 3883 et
2705 3826 2821 3883 late
2852 3827 3235 3902 intelligibili.
3263 3828 3349 3884 llli
3370 3845 3543 3902 porro
3569 3827 3890 3900 tranquille
3923 3846 4052 3885 ma-

2379 3931 2614 3989 gnaque
2638 3918 2790 3974 142
2813 3919 3034 3974 vitandi
3059 3919 3344 3991 strepitus
3367 3917 3887 3991 cura,singillatim
3903 3936 4050 3976 con-

2379 4005 2603 4061 scensis
2630 4007 2826 4077 scalis,
2847 4008 3364 4065 oﬂ‘enduntstatim
3378 4009 3654 4064 custodes
3677 4008 4050 4066 dormientes

2379 4094 2532 4166 (ltali
2555 4095 2828 4165 bierunt)
2866 4104 2924 4152 et
2973 4097 3236 4154 terribile
3267 4097 3386 4154 illis
3417 4096 3718 4154 somnium
3751 4102 3990 4169 portant
4029 4115 4046 4153 :

2378 4183 2575 4241 subito
2605 4185 2761 4241 enim
2785 4202 2885 4242 eos
2909 4203 3015 4243 nec
3037 4187 3358 4243 sentientes
3391 4185 3718 4258 corripiunt
3743 4202 3809 4242 ac
3832 4187 4046 4243 detur-

2379 4272 2524 4329 bant
2546 4274 3150 4348 deorsum,jugulatos
3168 4275 3564 4347 prius.Socios
3588 4290 3720 4331 vero
3741 4275 4044 4346 quosdam

2377 4361 2668 4435 ipsorum,
2698 4364 2796 4436 qui
2830 4363 3095 4420 tumultu
3141 4363 3315 4422 exciti
3363 4363 3566 4437 fugam
3619 4363 4048 4436 expediebant,

2379 4459 2852 4526 praeoccupantes
2882 4455 3204 4510 concidunt
3232 4453 3470 4526 gladiis,
3489 4458 3744 4509 utnemo
3768 4468 4056 4525 superes-

2377 4545 2468 4597 set
2498 4543 2600 4615 qui
2631 4544 2927 4600 nuntiaret
2958 4560 3087 4616 qua:
3114 4543 3494 4617 gerebantur.
3519 4542 3742 4615 Nempe
3766 4543 3896 4614 jam
3921 4559 4054 4600 me-

607 4642 837 4698 derant.
865 4638 982 4696 Nec
1009 4642 1208 4694 tamen
1241 4634 1413 4691 illum
1445 4633 1697 4690 audiens
1720 4650 1754 4690 a
1779 4632 2118 4705 suspicione
2135 4649 2268 4690 con-
2298 4623 2345 4690 D
2378 4637 2530 4700 tum,
2552 4649 2668 4706 quo
2700 4634 2916 4690 moenia
2947 4634 3153 4691 timide
3185 4633 3510 4690 subeuntes
3534 4637 4060 4701 aestuaverant,ne

607 4730 950 4804 quiescebat
979 4728 1214 4784 Casar:
1248 4723 1617 4782 comminisci
1662 4723 1819 4779 enim
1878 4739 1994 4779 non
2045 4727 2275 4795 poterat

609 4819 710 4875 ubi
732 4823 789 4875 et.
810 4818 1198 4891 quamobrem
1245 4819 1367 4870 tam
1411 4813 1514 4868 diu
1569 4813 1949 4879 feriarentur,
1976 4827 2082 4868 nec
2113 4813 2271 4885 quod

605 4906 806 4964 statim
839 4907 1097 4963 facturos
1129 4904 1589 4977 spoponderant,
1622 4900 1816 4956 adhuc
1876 4901 2273 4974 dissipassent

606 5013 842 5054 murum
859 4995 1216 5052 subitarium
1231 4991 1574 5065 elapidibus
1588 4994 1811 5046 temere
1835 4991 2133 5063 congestis
2145 4991 2271 5048 sine

607 5091 896 5144 caemento
922 5089 1074 5141 retro
1104 5086 1332 5155 portam
1365 5079 1540 5136 fontis
1564 5081 1992 5146 erectum.0us3
2016 5080 2270 5138 maxime

607 5193 701 5233 res
732 5172 1250 5247 inquietissimum
1274 5168 1360 5225 illi
1379 5173 1668 5225 terrorem
1693 5168 2047 5226 admovebat
2067 5170 2268 5242 magni

606 5284 639 5322 a
661 5283 794 5322 mox
815 5263 1115 5335 erupturis
1136 5259 1410 5317 hostibus
1427 5256 1695 5331 periculi.
1721 5257 2095 5330 ltaquevultu
2114 5260 2266 5316 haud

604 5353 1025 5412 dissimulabat
1044 5365 1350 5407 maerorem
1369 5347 1538 5422 quasi
1564 5364 1705 5404 seras
1729 5345 2266 5422 pcenitentia,quod

606 5445 777 5502 illudi
802 5443 918 5500 sibi
943 5459 1010 5499 ac
1034 5443 1235 5498 t‘ucum
1261 5438 1383 5495 ﬁeri
1409 5453 1590 5510 seque
1620 5454 1687 5494 ac
1719 5436 2039 5494 exercitum
2062 5439 2268 5498 fraude

603 5535 661 5590 in
689 5532 940 5590 insidias
965 5530 1118 5587 trahi
1141 5545 1356 5602 passus
1379 5528 1753 5592 csset.Qucm
1780 5525 1862 5581 illi
1887 5543 2140 5584 errorem
2164 5530 2262 5600 qui

599 5625 832 5681 demere
854 5620 1211 5680 consolando
1234 5618 1742 5687 conabatur,adeo
1767 5634 1974 5689 parum
2006 5619 2266 5690 proficie-

600 5716 719 5782 bat,
745 5720 810 5770 ut
841 5729 967 5771 sese
1001 5711 1194 5785 potius
1226 5709 1417 5780 ipsum
1453 5713 1738 5779 tanquam
1774 5706 1892 5762 doli
1921 5724 2263 5768 successum

2383 4741 2500 4797 qua
2519 4723 2575 4779 vi
2605 4723 2824 4795 majore
2847 4724 2920 4780 ab
2942 4723 3174 4796 incepto
3205 4722 3684 4797 prohiberentur,
3708 4739 3869 4778 nunc
3883 4723 4061 4779 deni-

2384 4831 2499 4886 que
2557 4813 2853 4870 alacritate
2897 4813 3232 4870 animorum
3277 4829 3343 4869 ac
3391 4811 3733 4868 fortitudine
3787 4829 4059 4870 sucessu

2382 4907 2553 4960 aucta
2597 4903 2860 4960 vicerant
2907 4903 3447 4974 exstinxerantque,
3481 4903 3774 4974 planeque
3815 4919 3935 4974 prae
3982 4920 4059 4960 se

2381 4992 2649 5050 ferebant
2668 5009 2731 5050 se
2752 4993 3040 5064 quemvis,
3067 4992 3168 5064 qui
3187 4993 3606 5047 adversaturus
3638 5007 3699 5047 se
3729 4990 4057 5063 objiceret,

2331 5120 2336 5126 η
2380 5083 2563 5140 armis
2593 5083 2748 5139 ultro
2781 5081 3001 5139 adoriri
3046 5099 3161 5138 non
3209 5082 3605 5138 dubitaturos.
3630 5079 3933 5152 Progressi
3967 5083 4058 5136 ad

2379 5177 2608 5244 portam
2636 5171 2836 5243 fontis,
2869 5176 2928 5229 et
2958 5171 3111 5228 hanc
3162 5171 3417 5228 maceria
3465 5174 3621 5227 retro
3665 5169 4057 5228 obstructam

2379 5261 2756 5334 reperientes,
2779 5261 3026 5317 diruunt
3041 5277 3171 5317 eam
3195 5259 3394 5317 statim
3411 5258 3727 5315 abstractis
3749 5257 4064 5330 disjectis-

2379 5367 2493 5424 que
2523 5350 2823 5424 lapidibus
2856 5350 3068 5423 raptim
3102 5349 3400 5421 congestis
3450 5365 3517 5404 ac
3563 5351 3782 5403 temere
3833 5363 4066 5419 super-

2378 5439 2865 5512 structis,quibus
2888 5440 3197 5496 constabat
3210 5441 3564 5512 ,ingressum
3587 5437 3894 5509 irrupturo
3909 5454 3970 5492 m
3983 5456 4072 5496 οι

2375 5532 2656 5588 exercitui
2687 5530 2873 5586 latum
2906 5535 2962 5587 et
2993 5530 3347 5586 inoffensum
3382 5546 3450 5584 ca
3481 5544 3658 5602 opera
3688 5527 4063 5600 pandentes.

2379 5620 2594 5677 Deinde
2627 5624 2824 5676 autem
2858 5620 3064 5677 cuneis
3093 5611 3275 5676 uineis
3305 5618 3578 5675 cardines
3605 5617 3910 5674 valvarum
3947 5619 4066 5676 de-

2375 5709 2685 5767 molientes
2718 5708 3228 5768 revellunt.Florte
3260 5724 3518 5783 presens
3551 5706 3744 5766 adfuit
3773 5705 3886 5764 hoc
3915 5705 4065 5767 illis
