4258 6438
190 422 298 475 581

1253 423 1350 474 DE
1388 421 1758 476 MICHAELB
1797 417 2240 474 PALBOLOGO
2277 420 2410 472 LIB.
2453 422 2522 472 Il.

3501 425 3608 477 582

195 543 344 603 κέοις
401 542 528 602 τοὺς
577 543 796 614 θαιροὺς
849 547 956 596 τῶν
1007 543 1196 597 πυλῶν
1250 543 1630 618 ἐκκρούσαντες
1687 561 1852 593 κατα-
1883 547 1936 613 Α
1968 539 2150 601 λαγὼς
2211 543 2294 594 καὶ
2353 539 2510 602 εἰδὼς
2557 539 2621 594 τὶ
2677 544 2782 594 τῶν
2829 539 3086 595 ἀλώσεων
3117 539 3378 616 δυσχερῆ,
3414 542 3605 610 δεδιὼς

195 635 398 686 σπῶσι.
459 629 560 686 Καὶ
630 629 811 698 εὐθὺς,
872 626 1034 704 ἔτυχε
1103 631 1205 706 γάρ
1284 633 1469 707 παρὼν
1531 630 1701 684 ἐκεῖσε
1756 628 1845 682 καὶ

192 725 304 774 τῶν
366 718 678 791 ἱερωμένων
745 722 772 774 ὁ
834 725 1098 794 Λακερᾶς,
1145 719 1204 775 ἐκ
1260 725 1368 774 τῶν
1426 718 1844 792 Θεληματαρίων

195 807 278 861 ὢν
321 808 410 861 καὶ
465 807 624 871 αὐτὸς
671 810 755 862 καὶ
823 813 1091 882 συνεργῶν
1147 807 1438 884 ἀνδρικῶς,
1500 802 1847 862 ὑπαναὸαίνει

193 898 260 950 τὸ
292 902 480 971 τεῖχος
513 896 724 969 σύναμα
758 892 1026 968 Γλαϐἀτῳ
1054 895 1161 950 τινὶ
1208 897 1295 951 καὶ
1348 897 1566 957 λοιποῖς
1624 893 1845 968 ὶτέροις.

197 983 346 1042 Οὐδὶ
401 985 498 1060 γὰρ
560 982 635 1040 ἔτι
696 984 928 1057 ἐτόλμα,
959 986 1050 1040 καὶ
1110 988 1144 1055 ἠ
1205 987 1358 1064 φωνή
1424 979 1845 1047 ωναπεσὸέσθαι

192 1079 278 1146 τῷ
326 1071 432 1129 δέει
491 1072 650 1149 ἐγγὺς
708 1071 1060 1142 ἐκινδύνευεν,
1097 1076 1235 1128 ὅπου
1291 1095 1350 1151 γε
1408 1073 1497 1128 καὶ
1554 1075 1615 1128 τὸ
1662 1077 1850 1146 τεῖχος

198 1161 381 1217 δοκεῖν
437 1163 465 1217 ὁ
522 1157 692 1239 φόϐος
748 1159 928 1217 ἐδίδου
985 1160 1349 1237 κραδαίνεθαι,
1408 1163 1482 1226 ὡς
1540 1162 1630 1216 καὶ
1686 1183 1847 1216 καταο

197 1252 420 1306 πίπτειν
473 1253 564 1306 τὸν
628 1250 762 1326 μέγα
818 1253 1137 1328 φωνήσοντα
1191 1255 1290 1320 τὴν
1343 1257 1454 1306 τῶν
1510 1252 1848 1326 κρατούντων

198 1342 502 1413 εὐφημίαν.
533 1342 726 1412 Ὅμως
756 1341 1275 1416 παρακρατούμενος
1319 1346 1437 1402 τοῖς
1487 1340 1689 1415 ἑτέροις
1729 1361 1852 1415 τρε-

201 1428 384 1503 μούσῃ
445 1431 601 1505 φωνῇ
656 1429 758 1496 τήν
817 1428 1108 1504 βασιλικὴν
1172 1431 1527 1501 ὑπεσήμαινε,
1585 1429 1673 1482 καὶ
1729 1450 1851 1482 συν-

203 1520 384 1591 ήχουν
417 1519 468 1572 οἱ
500 1519 648 1572 κάτω
676 1523 792 1580 τοῖς
821 1516 956 1584 ἄνω,
990 1518 1078 1572 καὶ
1128 1520 1162 1586 ἡ
1216 1519 1369 1594 φωνή
1420 1515 1642 1592 διῄρετο
1692 1519 1855 1572 καθό-

197 1627 294 1661 σον
327 1607 393 1676 ἧν
445 1606 806 1682 ὑψηλότερον.
838 1607 970 1662 Τότε
1024 1607 1114 1661 καὶ
1173 1609 1224 1661 οἱ
1282 1607 1421 1683 ἀμφὶ
1478 1608 1568 1661 τὸν
1618 1608 1852 1682 Καίσαρα

195 1695 299 1762 τήν
364 1695 547 1770 φωνήν
609 1692 1033 1770 καραδοκοῦντες
1093 1694 1414 1756 ἀκούσαντες
1448 1691 1852 1764 ἐκπηδῶσιτοῦ

202 1783 409 1858 λόχου,
437 1782 526 1836 καὶ
561 1785 672 1854 ἅμα
700 1785 859 1857 τάχει
893 1783 1111 1857 ἀπτέρῳ
1167 1783 1254 1837 ἐπὶ
1310 1789 1411 1852 τῆς
1469 1781 1650 1852 πύλης
1706 1781 1850 1857 ἐχώ-

199 1893 355 1947 ρουν,
409 1871 501 1927 καὶ
554 1867 1068 1947 προκαταλνιϐόντες
1131 1871 1432 1947 εἰσχέονται
1505 1869 1848 1944 παμπληθεί.

198 1964 324 2018 Ἔτι
377 1959 421 2015 δ’
470 1960 558 2016 ὑπ’
588 1960 776 2036 αύγαῖς
822 1965 940 2024 ταῖς
987 1961 1230 2034 πρώταις
1287 1964 1387 2025 τῆς
1429 1961 1639 2035 ἡμέρας
1689 1957 1857 2029 οὔσης

199 2050 458 2125 ἐξαίφνης
500 2051 601 2118 τὴν
638 2050 823 2123 χώραν
851 2048 1103 2113 κατέθεον
1135 2052 1223 2104 καὶ
1267 2048 1530 2124 ἐπόρθουν
1583 2051 1645 2103 τὸ
1696 2069 1863 2122 προσ-

198 2140 375 2214 τυχὸν
411 2137 787 2200 σκυλεύοντες.
822 2139 891 2193 Τὸ
924 2136 981 2194 δέ
1011 2160 1073 2214 γε
1117 2140 1382 2193 Σκυθικὸν
1441 2138 1734 2202 εύσυνέτως
1786 2140 1861 2211 μὴ

206 2225 640 2300 σκεδαννύμενον
693 2229 875 2303 εἶργον
922 2230 984 2282 τὸ
1028 2227 1456 2303 προσγινόμενον
1517 2228 1575 2282 ἐκ
1619 2235 1717 2297 τῆς
1760 2229 1865 2282 πό·

208 2315 354 2379 λεως
387 2316 628 2386 πλῆθος,
661 2315 716 2372 εἴ
739 2337 845 2371 που
877 2319 1122 2371 συσταῖέν
1167 2337 1309 2378 τινες
1367 2317 1745 2388 μαθησείοντες
1802 2318 1864 2371 τὸ

208 2407 505 2481 γινόμενον
556 2404 838 2478 πλάσματι
883 2406 986 2480 γάρ
1029 2407 1092 2460 τὸ
1139 2407 1380 2481 πραχθὶν
1435 2406 1589 2478 ἐῴκει
1634 2405 1865 2480 λεγόμε·

211 2516 327 2551 νον.
362 2496 424 2552 Ὀ
460 2495 642 2568 μέντοι
689 2516 752 2570 γε
807 2498 1013 2568 Καῖσαρ
1056 2495 1356 2570 στρατείαις
1386 2494 1657 2556 πολλακις
1718 2495 1870 2570 ἐσχο-

207 2715 521 2787 agentibus
545 2715 816 2770 acerdos
840 2715 1081 2786 quidam
1100 2715 1333 2771 nomine
1358 2719 1620 2784 Laceras,
1647 2731 1675 2772 ε
1693 2720 1863 2788 gente

207 2808 261 2858 et
292 2803 419 2876 ipse
448 2802 946 2869 voluntariorum;
983 2802 1084 2875 qui
1107 2803 1205 2859 ubi
1230 2804 1299 2859 ad
1325 2809 1505 2876 portas
1529 2803 1862 2860 demolitio—

209 2909 339 2948 nem
372 2891 622 2948 viriliter
649 2896 994 2964 cooperatus
1025 2891 1171 2964 ipsis
1206 2897 1380 2965 esset,
1440 2910 1678 2950 murum
1721 2909 1859 2950 con-

207 2981 439 3036 scendit
470 2996 604 3036 cum
628 2981 883 3053 quodam
915 2979 1158 3036 Glabato
1187 2981 1424 3038 nomine
1450 2986 1508 3038 et
1565 2981 1695 3039 aliis
1726 2982 1860 3038 reli-

207 3071 357 3141 quis.
388 3071 501 3126 Sed
534 3073 721 3125 terror
751 3085 885 3125 cum
915 3072 1113 3126 tantus
1164 3070 1592 3128 constrinxerat
1649 3077 1710 3126 ut
1769 3072 1860 3127 vix

210 3159 487 3232 expedire
512 3163 710 3232 posset
739 3175 974 3228 vocem;
1010 3176 1337 3232 parumque
1367 3161 1567 3217 aberat
1622 3161 1764 3233 quin
1795 3178 1860 3217 ea

208 3247 267 3303 in
303 3249 578 3306 faucibus
618 3253 776 3304 metu
808 3249 1093 3305 exstincta
1124 3249 1402 3306 condicta:
1419 3251 1865 3307 acclamationis

208 3341 452 3410 signum
489 3340 658 3396 edere
688 3339 995 3410 nequiret:
1031 3356 1165 3395 nam
1199 3340 1375 3396 etiam
1409 3358 1638 3411 murus,
1698 3345 1862 3414 post-

205 3446 388 3501 quam
423 3429 482 3483 in
516 3443 649 3484 eum
682 3427 965 3490 ascendit.
999 3433 1246 3484 tremere
1276 3429 1387 3501 ipsi
1413 3430 1864 3502 utiqueturbato

202 3519 516 3576 videbatur
533 3522 590 3574 et
610 3523 770 3574 totus
791 3518 1040 3574 concuti.
1066 3519 1252 3583 Quare
1277 3525 1641 3592 opportunus
1660 3520 1710 3576 ei
1734 3537 1865 3575 con-

201 3607 502 3664 ﬁrmando
534 3606 646 3662 fuit
673 3606 990 3663 comitatus
1020 3605 1292 3675 aliorum,
1315 3608 1416 3679 qui
1441 3608 1649 3665 misere
1668 3608 1864 3666 formi-

200 3701 447 3755 dantem
484 3713 578 3767 ne,
611 3695 789 3752 simul
821 3712 1020 3752 vocem
1051 3696 1342 3753 attolleret
1374 3697 1433 3752 in
1485 3698 1861 3755 constitutam

202 3788 692 3845 acclamationem
723 3789 1145 3858 Augustorum,
1178 3787 1250 3842 de
1283 3803 1452 3843 muro
1484 3789 1684 3844 statim
1717 3805 1861 3861 prie-

202 3894 338 3949 ceps
365 3876 622 3942 caderet,
643 3874 727 3930 sic
752 3874 1268 3930 adhortationibus
1292 3876 1553 3948 undique
1571 3876 1862 3933 instantes

204 3967 579 4030 animarunt,
603 3963 802 4035 sicque
833 3962 1224 4034 amplexando
1255 3965 1624 4037 tenendoque
1653 3982 1686 4022 a
1715 3982 1862 4022 vano

205 4055 474 4128 periculo
508 4052 714 4108 ruendi
745 4067 812 4108 ex
835 4050 955 4107 alto
977 4067 1250 4107 securum
1279 4053 1543 4109 fecerunt
1563 4059 1627 4109 ut
1664 4060 1866 4111 conari

203 4145 451 4200 tandem
485 4142 748 4209 auderet,
784 4157 850 4197 ac
877 4145 1162 4197 tremente
1185 4141 1418 4214 quidem
1456 4144 1866 4200 intermortua-

205 4250 322 4306 que
353 4249 521 4302 voce,
555 4230 880 4287 solemnem
905 4229 1217 4286 formulam
1245 4231 1391 4287 bene
1434 4234 1710 4305 precandi
1744 4237 1864 4289 Au-

205 4324 405 4397 gustis
426 4326 728 4393 utcunque
751 4320 1176 4393 pronuntiaret.
1195 4319 1642 4392 Responderunt
1663 4323 1866 4380 statim

205 4413 307 4486 qui
333 4412 493 4468 148
518 4410 670 4466 infra
700 4425 937 4465 murum
967 4413 1154 4476 erant,
1184 4414 1240 4466 et
1269 4427 1466 4466 vocen:
1491 4428 1744 4484 superne
1766 4429 1866 4469 ac-

206 4507 446 4576 ceptam
482 4498 874 4572 multiplicam
902 4499 1204 4555 robustius
1239 4499 1709 4572 frequentarunt,
1738 4519 1865 4574 quae

206 4593 322 4649 late
345 4593 476 4664 jam
501 4590 772 4662 clareque
804 4589 1004 4646 audita
1034 4588 1134 4644 ubi
1165 4589 1451 4645 Cassarem
1484 4607 1616 4646 cum
1652 4592 1775 4648 suis
1806 4593 1863 4647 id

1961 627 2147 702 οχολῇ
2196 624 2555 703 προσέϐαλεν,
2609 627 2711 689 ἓως
2764 635 2864 697 τῆς
2935 631 3146 703 ἡμέρας
3222 632 3605 707 ὑπαυγασάσης

1954 717 2140 772 τέλεον
2195 720 2354 790 μάϐοι
2404 721 2502 786 τὴν
2536 717 2685 779 ἐντὸς
2724 716 2951 790 δύναμιν
2987 714 3385 794 ἀκριϐέστερον.
3420 729 3604 778 Μετα-

1959 801 2229 877 λαμϐάνει
2256 804 2312 860 δὲ
2342 808 2441 874 τὴν
2476 805 2682 860 δειλίαν
2714 805 2913 874 ταύτην
2964 803 3146 881 ἕτερος
3197 803 3454 882 θόρυϐος,
3485 811 3606 864 ἱκα-

1958 899 2062 948 νῶν
2099 895 2322 950 Ἰταλῶν
2358 896 2627 972 φανέντων
2661 894 2711 949 ἐν
2741 894 2938 956 ὅπλοις
2984 895 3072 949 καὶ
3121 897 3366 970 ἱσχυρῶς
3418 921 3605 972 φαινο·

1962 981 2136 1056 μένων
2196 981 2344 1058 ἔχειν
2420 984 2662 1057 ἀμύνειν.
2719 983 2906 1059 Ἐγγὺς
2965 982 3010 1038 δ’
3069 983 3244 1039 ἐλθεῖν
3311 985 3612 1042 ἐκινδύνευε

1960 1069 2049 1126 διά
2092 1077 2258 1127 ταῦτα
2313 1071 2480 1127 πάλιν
2529 1074 2822 1148 τραπέσθαι
2867 1094 2924 1127 τε
2972 1073 3060 1127 καὶ
3106 1075 3206 1142 τὴν
3250 1076 3438 1149 πρᾶξιν
3482 1076 3609 1131 ἀνα-

1959 1156 2217 1225 ϐαλέσθαι
2253 1180 2264 1192 ·
2301 1159 2425 1216 οὐδὲ
2472 1161 2576 1238 γάρ
2622 1161 2699 1223 εἷς
2752 1167 2938 1236 μάχην
2990 1161 3040 1216 οἱ
3084 1161 3414 1227 εἰσελθόντες
3467 1165 3612 1235 ἀξιό-

1960 1269 2109 1324 χρεῳ
2139 1249 2449 1324 ἐνομίζοντό
2482 1251 2555 1320 οἱ,
2591 1249 2754 1323 μόλις
2788 1250 2864 1311 εἷς
2913 1256 3101 1326 πεῖραν
3153 1253 3240 1306 καὶ
3291 1252 3461 1328 λόχον
3517 1254 3611 1328 ἀρ·

1959 1341 2228 1401 κέσοντες.
2262 1342 2342 1413 [Ρ.
2379 1342 2471 1412 93]
2517 1339 2694 1395 Ἀλλά
2742 1340 3110 1399 προστίθενται
3164 1339 3384 1404 τούτοις
3427 1342 3514 1397 καὶ
3561 1344 3612 1397 οὶ

1959 1425 2379 1500 Θεληματάριοι,
2412 1430 2503 1482 καὶ
2534 1425 2721 1490 ἄλλως
2772 1429 2866 1501 μὲν
2911 1428 3204 1504 θαρραλέοι
3256 1425 3426 1499 ὅντες,
3461 1432 3614 1504 ὅμως

1962 1511 2018 1568 δὲ
2060 1517 2149 1568 καὶ
2188 1518 2215 1570 ὁ
2247 1517 2368 1589 περὶ
2401 1521 2508 1570 τῶν
2561 1517 2706 1571 ὅλων
2758 1515 3008 1579 κίνδυνος
3038 1519 3160 1572 τότε
3211 1519 3299 1572 καὶ
3350 1520 3494 1593 παρά
3551 1521 3613 1575 τὸ

1962 1603 2104 1664 εἰκὸς
2139 1611 2271 1680 σφᾶς
2320 1604 2492 1659 ἐποίει
2545 1603 2907 1678 ἀνδρίζεσθαι,
2942 1607 3014 1666 ὡς
3073 1608 3148 1677 μὴ
3195 1606 3614 1680 περιεσομένους

1966 1694 2023 1745 ἂν
2071 1699 2315 1766 κρατοῖεν
2377 1693 2675 1751 οἱἸταλοί.
2708 1698 2794 1766 Τῷ
2849 1715 2934 1748 τοι
2986 1695 3073 1748 καὶ
3123 1697 3471 1758 συσταθέντες
3524 1697 3613 1750 καὶ

1964 1780 2185 1842 ἑαυτοὺς
2247 1782 2568 1856 ἀρτύναντες
2619 1784 2867 1857 ἀντεῖχον
2919 1783 3006 1837 καὶ
3057 1791 3342 1857 περιῆσαν,
3395 1785 3616 1858 ὀλίγους

1969 1871 2061 1941 μὲν
2117 1867 2511 1944 ἀποϐαλόντες,
2551 1871 2740 1926 ἐνίκων
2794 1871 2850 1926 δὲ
2899 1872 2990 1928 καὶ
3042 1878 3494 1948 κατετροποῦντο,
3527 1877 3616 1929 καὶ

1965 1963 2105 2014 νῶτα
2180 1958 2421 2022 διδόντας
2491 1966 2569 2033 τῷ
2628 1961 2702 2023 εἷς
2761 1962 2933 2038 φυγὴν
3001 1963 3294 2036 τραπέσθαι
3358 1960 3614 2018 ὑποδῦναι

1972 2049 2164 2110 σκότος
2221 2049 2458 2118 ἐποίουν,
2491 2048 2614 2114 ἔνθα
2671 2049 2731 2104 ἂν
2790 2050 2878 2104 καὶ
2933 2055 3174 2113 σωθεῖεν.
3209 2052 3347 2108 Τότε
3397 2073 3617 2128 τοιγαρ-

1973 2144 2063 2193 οὖν
2112 2139 2173 2192 τὸ
2225 2139 2318 2210 μὶν
2369 2140 2630 2193 Σκυθικὸν
2680 2137 2875 2209 ἀνέδην
2924 2145 3043 2200 ταῖς
3102 2139 3444 2195 σκυλεύσεσιν
3493 2141 3619 2197 ἐπε-

1975 2226 2266 2295 ϐάλοντος,
2296 2229 2385 2281 καὶ
2417 2227 2719 2298 ἀποθήκαις
2750 2233 2856 2282 τῶν
2903 2226 3188 2304 χρειωδῶν
3226 2231 3617 2303 προσπαίοντες

1975 2317 2328 2394 ἐνεφοροῦντο
2375 2322 2481 2372 τῶν
2531 2317 2854 2392 ἀναγκαίων.
2888 2320 3080 2389 ’Όμως
3115 2315 3170 2371 δέ
3221 2339 3282 2391 γε
3311 2319 3400 2373 καὶ
3451 2320 3616 2374 πάλιν

1973 2407 2110 2482 ἀμφῖ
2144 2407 2234 2459 τὸν
2267 2405 2510 2478 Καίσαρα
2542 2402 2890 2480 συνελέγοντο
2917 2413 3014 2474 τῆς
3035 2406 3266 2480 ,ἡμέρας
3318 2406 3616 2477 πολλάκις,

1977 2495 2064 2550 καὶ
2094 2495 2591 2570 περιτειχιζόμενοι
2621 2499 2812 2550 τοῦτον
2848 2495 3143 2572 ἐφρούρουν
3185 2515 3242 2548 τε
3284 2498 3368 2550 καὶ
3421 2496 3615 2572 ἐφρου-

1972 2716 2480 2787 oppugnationum
2505 2715 2799 2788 periculis,
2833 2717 3086 2789 indeque
3109 2719 3389 2788 reputans
3437 2733 3616 2788 quam

1973 2805 2049 2858 sit
2078 2820 2290 2877 anceps
2321 2809 2378 2860 et
2407 2804 2705 2861 erroribus
2733 2804 3080 2878 perniciosis
3110 2805 3362 2861 obnoxia
3395 2820 3487 2862 res
3518 2822 3615 2862 ex-

1970 2894 2254 2965 gugnatio
2287 2893 2546 2963 urbium,
2563 2893 2812 2965 sapienti
2829 2894 3279 2950 cunctabundus
3297 2899 3451 2949 metu
3471 2911 3614 2950 non-

1972 2982 2086 3036 nisi
2117 2986 2284 3037 caute
2314 2998 2379 3037 ac
2429 2982 2792 3054 pedetentim
2840 2983 3214 3054 procedebat,
3273 2987 3620 3055 exspectans

1970 3070 2112 3125 dum
2161 3070 2360 3126 adulta
2399 3071 2524 3141 jam
2563 3071 2654 3127 die
2704 3071 2872 3141 plene
2923 3087 2988 3126 ac
3039 3074 3196 3126 certo
3247 3076 3622 3143 cognosceret

1969 3164 2251 3231 quantum
2278 3161 2437 3217 intus
2467 3165 2622 3217 esset
2652 3160 2974 3232 copiarum.
3009 3159 3192 3223 Quam
3225 3161 3353 3231 ejus
3379 3177 3615 3233 progre-

1979 3249 2176 3304 diendi
2201 3250 2569 3306 timiditatem
2594 3250 2747 3306 alius
2765 3251 3038 3306 continuo
3063 3249 3353 3306 tumultus
3371 3251 3616 3323 excepit.

1980 3337 2140 3394 Italis
2170 3337 2437 3395 videlicet
2463 3344 2554 3395 sat
2581 3355 2793 3411 magno
2825 3354 3069 3394 numero
3100 3339 3521 3409 apparentibus
3559 3339 3620 3393 in

1975 3427 2154 3482 armis
2186 3444 2251 3483 ea
2282 3427 2475 3500 specie
2524 3433 2588 3485 ut
2618 3427 2934 3484 fortissime
2979 3427 3316 3483 viderentur
3344 3445 3446 3498 pro
3479 3429 3621 3484 urbe

1973 3516 2274 3572 liberanda
2305 3517 2642 3590 pugnaturi.
2677 3517 2744 3572 Hi
2776 3534 2909 3573 cum
2942 3533 3004 3572 se
3044 3515 3444 3572 admovissent
3486 3534 3620 3589 pro-

1975 3605 2107 3678 pius
2137 3606 2343 3662 (Σεδετὶ
2375 3624 2581 3679 parum
2605 3607 2793 3664 abfuit
2821 3608 2964 3679 quin
2996 3606 3096 3662 ille
3140 3606 3396 3678 receptui
3443 3624 3618 3664 cane-

1975 3699 2065 3750 ret
2084 3711 2347 3768 opusque
2377 3695 2732 3768 relinqueret
2758 3697 3088 3768 inceptum:
3145 3711 3260 3751 non
3316 3695 3471 3751 enim
3505 3696 3618 3767 ipsi

1975 3785 2340 3841 videbantur.
2375 3803 2521 3859 quos
2550 3786 2608 3842 in
2642 3787 2848 3842 urbem
2899 3785 3234 3855 induxerat,
3293 3785 3618 3842 resistendo

1978 3890 2168 3946 pares.
2197 3875 2411 3947 quippe
2440 3892 2589 3948 quos
2614 3875 2705 3931 vix
2730 3877 2800 3931 ad
2824 3875 3170 3931 tentandum
3195 3889 3263 3929 ex
3282 3873 3516 3931 insidiis
3539 3875 3624 3930 in-

1975 3961 2197 4018 sultum
2221 3964 2489 4020 sufficere
2510 3965 2776 4037 putabat.
2796 3964 3012 4019 Verum
3035 3963 3107 4019 iis
3138 3978 3199 4018 se
3226 3963 3626 4033 adjunxerunt

1973 4051 2283 4110 voluntarii
2315 4053 2494 4110 fortes
2519 4053 2780 4126 alioquin
2809 4057 2867 4110 et
2887 4053 3037 4109 bello
3068 4051 3225 4120 boni,
3259 4056 3398 4108 tunc
3427 4057 3621 4108 autem

1975 4143 2316 4200 audaciores
2347 4143 2483 4200 facti
2515 4143 2867 4199 certitudine
2897 4140 3293 4215 impendentis
3345 4141 3492 4214 ipsis
3522 4157 3624 4197 ex-

1975 4231 2148 4288 tremi
2184 4233 2458 4305 periculi,
2489 4235 2643 4289 144
2675 4233 2724 4288 si
2758 4249 2852 4289 res
2882 4249 2948 4288 eo
2979 4230 3088 4288 loci
3111 4231 3365 4287 deducta
3391 4231 3624 4287 omitte-

1976 4324 2176 4377 retur:
2211 4338 2400 4394 neque
2430 4321 2586 4378 enim
2613 4325 2737 4378 erat
2766 4321 3012 4377 dubium
3045 4320 3210 4392 quin,
3252 4320 3301 4375 si
3349 4335 3415 4375 eo
3473 4320 3625 4392 peri-

1975 4409 2107 4466 culo
2138 4409 2465 4467 incolumes
2497 4410 2627 4467 Itali
2660 4411 3140 4483 defungerentur,
3189 4412 3424 4481 gentem
3483 4407 3629 4464 sibi-

1975 4500 2310 4568 obnoxiam,
2343 4517 2470 4574 quae
2505 4500 2665 4573 ipsos
2696 4505 2853 4556 esset
2913 4500 3154 4572 perdere
3212 4502 3441 4565 conata,
3500 4498 3627 4570 pari

1975 4589 2260 4660 exigenda
2289 4594 2409 4645 tam
2442 4590 2592 4646 acris
2610 4589 2836 4662 injuriae
2857 4588 3115 4645 vindicta
3138 4587 3403 4643 funditus
3427 4587 3625 4660 perde-

207 4683 415 4754 ipsum
447 4683 852 4752 exspectantes
879 4678 1211 4746 admonuit,
1236 4678 1517 4735 exsiliunt
1546 4697 1613 4736 ex
1635 4680 1868 4738 insidiis
1899 4674 1947 4738 ι)
1978 4682 2126 4734 rent.
2150 4683 2438 4736 Coeuntes
2462 4679 2867 4752 igiturmagno
2886 4677 3627 4747 numeroinstruentesque

210 4776 267 4829 et
295 4769 524 4827 volucri
555 4768 846 4825 celeritate
869 4771 1106 4824 ruentes
1136 4767 1206 4823 ad
1240 4772 1466 4839 portam
1501 4785 1603 4840 per
1622 4786 1750 4825 eam
1775 4787 1869 4827 oc-

213 4867 492 4934 cupatam
515 4857 684 4915 densi
702 4858 980 4915 subeunt.
1003 4861 1158 4913 Hora
1179 4861 1304 4913 erat
1321 4856 1735 4916 dilucescentis
1757 4861 1877 4932 pri-

217 4949 453 5006 mulum
487 4947 866 5021 diei,qnando
892 4946 1139 5020 ingressi
1160 4945 1365 5002 urbem
1389 4947 1606 5004 milites
1624 4951 1872 5006 Caesaris

215 5041 524 5096 incursare
544 5037 842 5111 regionem
868 5036 1124 5110 primum
1151 5035 1378 5092 obviam
1402 5053 1466 5093 ac
1488 5037 1738 5110 diripere
1759 5057 1870 5096 cm-

216 5133 457 5202 perunt,
491 5126 811 5199 spoliantes
843 5130 1134 5199 quotquot
1163 5131 1554 5183 occurrerent.
1606 5130 1675 5184 At
1729 5130 1870 5202 Scy-

214 5219 390 5276 thica
412 5217 612 5290 cepis,
637 5217 914 5290 prudenti
936 5233 1079 5272 sane
1091 5215 1354 5282 consilio,
1373 5216 1709 5274 militariter
1723 5220 1874 5275 ordi-

213 5315 368 5368 nata
391 5310 790 5383 perstiterunt,
814 5310 1227 5366 submoventes
1246 5307 1587 5364 afﬂuentem
1605 5327 1635 5366 e
1649 5311 1874 5384 reliqua

212 5401 360 5456 urbe
393 5397 860 5464 multitudinem,
887 5396 1076 5454 sicubi
1105 5400 1381 5453 coeuntes
1413 5397 1655 5469 quidam
1679 5400 1870 5456 consi-

211 5486 659 5558 sterentcupidi
709 5486 1100 5560 cognoscendi
1150 5485 1294 5558 quid
1355 5490 1692 5558 gereretur:
1753 5505 1869 5546 non

209 5578 372 5635 enim
407 5577 581 5632 ﬁdem
617 5576 910 5634 faciebant
939 5576 1041 5648 qui
1089 5591 1210 5631 rem
1253 5579 1317 5630 ut
1348 5580 1473 5631 erat
1532 5578 1868 5635 narrabant.

211 5675 501 5726 Ceterum
533 5667 726 5724 Caesar
748 5667 922 5740 longo
953 5684 1061 5723 usu
1113 5682 1308 5723 rerum
1340 5666 1682 5725 bellicarum
1737 5672 1869 5727 edo-

214 5765 373 5830 ctus,
411 5773 681 5830 sazpequc
712 5775 778 5814 ac
810 5756 908 5813 diu
942 5761 1208 5814 versatus
1233 5754 1290 5812 in
1324 5757 1764 5829 expeditionum
1817 5766 1875 5818 et

1981 4785 2108 4825 sese
2139 4769 2198 4825 in
2222 4771 2404 4826 aciem
2424 4769 2655 4842 egregie
2681 4770 3062 4835 restiterumt,
3084 4768 3436 4838 tandemque
3460 4783 3631 4838 supe-

1982 4858 2188 4924 riores,
2202 4858 2407 4931 paucis
2425 4874 2664 4915 suorum
2681 4858 2940 4928 amissis,
2955 4857 3216 4914 vicerunt
3236 4856 3633 4927 fuderuntque

1981 4949 2205 5014 hostes,
2228 4952 2283 5004 et
2298 4953 2460 5021 tergo
2480 4953 2700 5004 vertere
2722 4947 3129 5020 compulsosin
3151 4945 3396 5001 latibula
3417 4946 3629 5015 cuique

1983 5042 2120 5094 nota
2151 5037 2584 5111 compulerunt,
2618 5039 2716 5094 ubi
2743 5038 3118 5094 tenebrarum
3151 5035 3431 5092 beneﬁcio
3452 5035 3631 5090 vitam

1983 5131 2303 5184 servarent.
2345 5127 2505 5184 Tunc
2532 5128 2769 5183 demum
2821 5143 3023 5183 secure
3056 5143 3119 5182 ac
3152 5125 3344 5198 palam
3406 5124 3631 5197 Scythas

1981 5218 2368 5290 congerendis
2394 5234 2463 5274 ex
2483 5218 2648 5273 hoste
2681 5216 2894 5290 praedis
2916 5215 3238 5289 spoliisque
3262 5231 3498 5288 operam
3529 5215 3631 5269 de-

1983 5307 2214 5376 derunt,
2234 5311 2291 5363 et
2310 5308 2368 5362 in
2392 5306 2704 5379 apothecas
2727 5322 2921 5362 rerum
2957 5306 3027 5361 ad
3047 5305 3264 5360 victum
3289 5310 3630 5376 paratarum

1979 5395 2349 5453 incurrentes
2383 5396 2758 5469 expleverunt
2788 5412 2849 5452 se
2870 5395 2999 5452 cibo
3022 5398 3303 5468 potuque,
3327 5393 3410 5449 sic
3434 5397 3631 5449 tamen

1982 5489 2048 5541 ut
2077 5502 2283 5541 rursus
2314 5485 2469 5541 circa
2499 5487 2782 5542 Caesarem
2821 5500 2882 5540 se
2914 5484 3168 5540 subinde
3217 5487 3638 5554 congregarent

1983 5576 2297 5649 ipsumque
2327 5575 2632 5643 vallarent,
2664 5591 2729 5631 ac
2752 5574 3012 5631 vicissim
3049 5574 3117 5630 ab
3149 5573 3279 5646 ipso
3330 5572 3635 5644 copiisque

1983 5681 2133 5738 quas
2164 5667 2412 5722 ducebat
2444 5669 2905 5738 protegerentur,
2939 5681 3004 5720 ac
3037 5665 3122 5720 sic
3147 5679 3373 5732 omnes,
3422 5660 3470 5716 si
3531 5663 3631 5732 qui

1983 5759 2054 5816 de
2085 5773 2231 5814 novo
2263 5755 2730 5814 adversariorum
2778 5760 3148 5828 apparerent,
3208 5771 3305 5810 eos
3364 5752 3636 5810 alacriter
