  <div class='ocr_page' id='page_1' title='image "/cluster/home/n/w/nwhite01/storage/ocr_20150623/143/nnc1.0046980733/299.png"; bbox 0 0 4188 6442; ppageno 0'>
   <div class='ocr_carea' id='block_1_1' title="bbox 604 364 711 420">
    <p class='ocr_par' dir='ltr' id='par_1_1' title="bbox 604 364 711 420">
     <span class='ocr_line' id='line_1_1' title="bbox 604 364 711 420; baseline -0.009 0"><span class='ocrx_word' id='word_1_1' title='bbox 604 364 711 420; x_wconf 80' lang='lat'><strong>583</strong></span> 
     </span>
    </p>
   </div>
   <div class='ocr_carea' id='block_1_2' title="bbox 1910 352 3991 417">
    <p class='ocr_par' dir='ltr' id='par_1_2' title="bbox 1910 352 3991 417">
     <span class='ocr_line' id='line_1_2' title="bbox 1910 352 3991 417; baseline -0.004 -4"><span class='ocrx_word' id='word_1_2' title='bbox 1910 352 2211 414; x_wconf 72' lang='lat' dir='ltr'><strong>GEORGII</strong></span> <span class='ocrx_word' id='word_1_3' title='bbox 2249 352 2709 411; x_wconf 65' lang='lat' dir='ltr'><strong>PACHYMERE</strong></span> <span class='ocrx_word' id='word_1_4' title='bbox 3896 362 3991 417; x_wconf 74' lang='grc'>584</span> 
     </span>
    </p>
   </div>
   <div class='ocr_carea' id='block_1_3' title="bbox 607 464 3989 563">
    <p class='ocr_par' dir='ltr' id='par_1_3' title="bbox 607 464 3989 563">
     <span class='ocr_line' id='line_1_3' title="bbox 607 464 3989 563; baseline 0.001 -21"><span class='ocrx_word' id='word_1_5' title='bbox 607 490 817 563; x_wconf 69' lang='grc' dir='ltr'>ροῦντο,</span> <span class='ocrx_word' id='word_1_6' title='bbox 851 487 946 557; x_wconf 85' lang='grc' dir='ltr'><strong>ὡς,</strong></span> <span class='ocrx_word' id='word_1_7' title='bbox 979 481 1033 540; x_wconf 78' lang='grc' dir='ltr'><strong>εἷ’</strong></span> <span class='ocrx_word' id='word_1_8' title='bbox 1055 503 1195 544; x_wconf 86' lang='grc' dir='ltr'>τινες</span> <span class='ocrx_word' id='word_1_9' title='bbox 1230 486 1459 559; x_wconf 89' lang='grc' dir='ltr'>φανεῖεν.</span> <span class='ocrx_word' id='word_1_10' title='bbox 1494 464 1874 542; x_wconf 69' lang='grc' dir='ltr'>εἴσϐαλοῦντες</span> <span class='ocrx_word' id='word_1_11' title='bbox 1928 480 2245 553; x_wconf 81' lang='grc' dir='ltr'>προθύμως.</span> <span class='ocrx_word' id='word_1_12' title='bbox 2278 489 2331 554; x_wconf 71' lang='grc' dir='ltr'>Α</span> <span class='ocrx_word' id='word_1_13' title='bbox 2363 480 2641 556; x_wconf 70' lang='grc' dir='ltr'><strong>σφετέραις</strong></span> <span class='ocrx_word' id='word_1_14' title='bbox 2694 477 2898 553; x_wconf 78' lang='grc' dir='ltr'>γυναιξὶ</span> <span class='ocrx_word' id='word_1_15' title='bbox 2977 477 3065 530; x_wconf 78' lang='grc' dir='ltr'><strong>καὶ</strong></span> <span class='ocrx_word' id='word_1_16' title='bbox 3147 476 3357 538; x_wconf 69' lang='grc' dir='ltr'>τέκνοις</span> <span class='ocrx_word' id='word_1_17' title='bbox 3443 477 3943 555; x_wconf 75' lang='grc' dir='ltr'>κατορῥωδήσαντες</span> <span class='ocrx_word' id='word_1_18' title='bbox 3974 505 3989 517; x_wconf 92' lang='grc'>·</span> 
     </span>
    </p>
   </div>
   <div class='ocr_carea' id='block_1_4' title="bbox 605 566 2255 649">
    <p class='ocr_par' dir='ltr' id='par_1_4' title="bbox 605 566 2255 649">
     <span class='ocr_line' id='line_1_4' title="bbox 605 566 2255 649; baseline -0.007 -18"><span class='ocrx_word' id='word_1_19' title='bbox 605 579 666 634; x_wconf 87' lang='lat'><strong>&#39;0</strong></span> <span class='ocrx_word' id='word_1_20' title='bbox 724 574 781 630; x_wconf 81' lang='grc' dir='ltr'>δέ</span> <span class='ocrx_word' id='word_1_21' title='bbox 826 596 887 649; x_wconf 89' lang='grc' dir='ltr'><strong>γε</strong></span> <span class='ocrx_word' id='word_1_22' title='bbox 940 571 1196 649; x_wconf 83' lang='grc' dir='ltr'>βασιλεὺς</span> <span class='ocrx_word' id='word_1_23' title='bbox 1238 569 1456 625; x_wconf 84' lang='grc' dir='ltr'>ἐκείνων</span> <span class='ocrx_word' id='word_1_24' title='bbox 1513 572 1541 624; x_wconf 86' lang='grc' dir='ltr'>ὁ</span> <span class='ocrx_word' id='word_1_25' title='bbox 1586 567 1936 638; x_wconf 86' lang='grc' dir='ltr'>ΒαΛδουῖνος,</span> <span class='ocrx_word' id='word_1_26' title='bbox 1968 566 2255 643; x_wconf 74' lang='grc' dir='ltr'>ἐκπλαγεὶς</span> 
     </span>
    </p>
   </div>
   <div class='ocr_carea' id='block_1_5' title="bbox 607 655 2257 737">
    <p class='ocr_par' dir='ltr' id='par_1_5' title="bbox 607 655 2257 737">
     <span class='ocr_line' id='line_1_5' title="bbox 607 655 2257 737; baseline -0.005 -17"><span class='ocrx_word' id='word_1_27' title='bbox 607 668 722 719; x_wconf 80' lang='grc' dir='ltr'>οῖον</span> <span class='ocrx_word' id='word_1_28' title='bbox 763 662 997 724; x_wconf 87' lang='grc' dir='ltr'>ἀκούσας</span> <span class='ocrx_word' id='word_1_29' title='bbox 1047 661 1136 715; x_wconf 75' lang='grc' dir='ltr'><strong>καὶ</strong></span> <span class='ocrx_word' id='word_1_30' title='bbox 1194 664 1300 714; x_wconf 83' lang='grc' dir='ltr'><strong>τῶν</strong></span> <span class='ocrx_word' id='word_1_31' title='bbox 1352 663 1559 737; x_wconf 79' lang='grc' dir='ltr'>φρενῶν</span> <span class='ocrx_word' id='word_1_32' title='bbox 1606 655 1706 730; x_wconf 77' lang='grc' dir='ltr'><strong>ἔξω</strong></span> <span class='ocrx_word' id='word_1_33' title='bbox 1756 658 2068 732; x_wconf 83' lang='grc' dir='ltr'>γενόμενος,</span> <span class='ocrx_word' id='word_1_34' title='bbox 2102 655 2257 712; x_wconf 71' lang='grc' dir='ltr'>οὐδὲν</span> 
     </span>
    </p>
   </div>
   <div class='ocr_carea' id='block_1_6' title="bbox 606 744 2254 827">
    <p class='ocr_par' dir='ltr' id='par_1_6' title="bbox 606 744 2254 827">
     <span class='ocr_line' id='line_1_6' title="bbox 606 744 2254 827; baseline -0.005 -18"><span class='ocrx_word' id='word_1_35' title='bbox 606 754 734 809; x_wconf 82' lang='grc' dir='ltr'>ἀλλ’</span> <span class='ocrx_word' id='word_1_36' title='bbox 764 752 798 821; x_wconf 74' lang='grc' dir='ltr'><strong>ἢ</strong></span> <span class='ocrx_word' id='word_1_37' title='bbox 831 751 971 826; x_wconf 88' lang='grc' dir='ltr'>πρὸς</span> <span class='ocrx_word' id='word_1_38' title='bbox 999 754 1078 821; x_wconf 80' lang='grc' dir='ltr'>τῷ</span> <span class='ocrx_word' id='word_1_39' title='bbox 1108 753 1301 827; x_wconf 78' lang='grc' dir='ltr'>φυγεῖν</span> <span class='ocrx_word' id='word_1_40' title='bbox 1332 748 1419 817; x_wconf 78' lang='grc' dir='ltr'><strong>ἦν.</strong></span> <span class='ocrx_word' id='word_1_41' title='bbox 1454 748 1551 802; x_wconf 85' lang='grc' dir='ltr'><strong>Καὶ</strong></span> <span class='ocrx_word' id='word_1_42' title='bbox 1586 744 1651 816; x_wconf 82' lang='grc' dir='ltr'><strong>δὴ</strong></span> <span class='ocrx_word' id='word_1_43' title='bbox 1685 745 2004 802; x_wconf 84' lang='grc' dir='ltr'>καταλιπὼν</span> <span class='ocrx_word' id='word_1_44' title='bbox 2045 746 2111 801; x_wconf 79' lang='grc' dir='ltr'>τὰ</span> <span class='ocrx_word' id='word_1_45' title='bbox 2147 751 2254 801; x_wconf 82' lang='grc' dir='ltr'>τῶν</span> 
     </span>
    </p>
   </div>
   <div class='ocr_carea' id='block_1_7' title="bbox 605 833 2258 917">
    <p class='ocr_par' dir='ltr' id='par_1_7' title="bbox 605 833 2258 917">
     <span class='ocr_line' id='line_1_7' title="bbox 605 833 2258 917; baseline -0.006 -18"><span class='ocrx_word' id='word_1_46' title='bbox 605 842 933 917; x_wconf 82' lang='grc' dir='ltr'>Βλαχερνῶν</span> <span class='ocrx_word' id='word_1_47' title='bbox 968 837 1237 912; x_wconf 78' lang='grc' dir='ltr'>ἀνάκτορα</span> <span class='ocrx_word' id='word_1_48' title='bbox 1283 838 1356 898; x_wconf 87' lang='grc' dir='ltr'><strong>ὡς</strong></span> <span class='ocrx_word' id='word_1_49' title='bbox 1404 835 1465 891; x_wconf 88' lang='grc' dir='ltr'><strong>ού</strong></span> <span class='ocrx_word' id='word_1_50' title='bbox 1516 833 1743 901; x_wconf 82' lang='grc' dir='ltr'>δυνατῆς</span> <span class='ocrx_word' id='word_1_51' title='bbox 1797 834 2065 905; x_wconf 72' lang='grc' dir='ltr'>δοκούσης</span> <span class='ocrx_word' id='word_1_52' title='bbox 2117 835 2258 907; x_wconf 84' lang='grc' dir='ltr'>ἀμύ-</span> 
     </span>
    </p>
   </div>
   <div class='ocr_carea' id='block_1_8' title="bbox 601 924 2257 1004">
    <p class='ocr_par' dir='ltr' id='par_1_8' title="bbox 601 924 2257 1004">
     <span class='ocr_line' id='line_1_8' title="bbox 601 924 2257 1004; baseline -0.004 -19"><span class='ocrx_word' id='word_1_53' title='bbox 601 952 711 985; x_wconf 87' lang='grc' dir='ltr'>νειν</span> <span class='ocrx_word' id='word_1_54' title='bbox 768 934 871 994; x_wconf 82' lang='grc' dir='ltr'>τῆς</span> <span class='ocrx_word' id='word_1_55' title='bbox 927 935 1052 1004; x_wconf 83' lang='grc' dir='ltr'>γῆς,</span> <span class='ocrx_word' id='word_1_56' title='bbox 1104 925 1298 1001; x_wconf 81' lang='grc' dir='ltr'>δρόμῳ</span> <span class='ocrx_word' id='word_1_57' title='bbox 1356 931 1533 1001; x_wconf 82' lang='grc' dir='ltr'>χωρεῖ</span> <span class='ocrx_word' id='word_1_58' title='bbox 1581 924 1849 998; x_wconf 73' lang='grc' dir='ltr'>(έπίστευε</span> <span class='ocrx_word' id='word_1_59' title='bbox 1891 926 1995 1000; x_wconf 79' lang='grc' dir='ltr'>γὰρ</span> <span class='ocrx_word' id='word_1_60' title='bbox 2043 928 2112 998; x_wconf 75' lang='grc' dir='ltr'>τῇ</span> <span class='ocrx_word' id='word_1_61' title='bbox 2164 936 2257 988; x_wconf 83' lang='grc' dir='ltr'><strong>θα-</strong></span> 
     </span>
    </p>
   </div>
   <div class='ocr_carea' id='block_1_9' title="bbox 602 1012 2256 1093">
    <p class='ocr_par' dir='ltr' id='par_1_9' title="bbox 602 1012 2256 1093">
     <span class='ocr_line' id='line_1_9' title="bbox 602 1012 2256 1093; baseline -0.005 -19"><span class='ocrx_word' id='word_1_62' title='bbox 602 1019 777 1093; x_wconf 71' lang='grc' dir='ltr'>λάσσῃ</span> <span class='ocrx_word' id='word_1_63' title='bbox 805 1017 997 1091; x_wconf 76' lang='grc' dir='ltr'>πλέον)</span> <span class='ocrx_word' id='word_1_64' title='bbox 1030 1018 1169 1091; x_wconf 85' lang='grc' dir='ltr'>πρὸς</span> <span class='ocrx_word' id='word_1_65' title='bbox 1208 1016 1272 1069; x_wconf 84' lang='grc' dir='ltr'>τὸ</span> <span class='ocrx_word' id='word_1_66' title='bbox 1305 1016 1442 1089; x_wconf 82' lang='grc' dir='ltr'>μέγα</span> <span class='ocrx_word' id='word_1_67' title='bbox 1484 1012 1773 1083; x_wconf 80' lang='grc' dir='ltr'>παλάτιον,</span> <span class='ocrx_word' id='word_1_68' title='bbox 1815 1014 1904 1068; x_wconf 79' lang='grc' dir='ltr'><strong>καί</strong></span> <span class='ocrx_word' id='word_1_69' title='bbox 1962 1014 2036 1076; x_wconf 82' lang='grc' dir='ltr'>ὡς</span> <span class='ocrx_word' id='word_1_70' title='bbox 2086 1015 2256 1089; x_wconf 84' lang='grc' dir='ltr'>εἶχεν,</span> 
     </span>
    </p>
   </div>
   <div class='ocr_carea' id='block_1_10' title="bbox 600 1101 2259 1185">
    <p class='ocr_par' dir='ltr' id='par_1_10' title="bbox 600 1101 2259 1185">
     <span class='ocr_line' id='line_1_10' title="bbox 600 1101 2259 1185; baseline -0.005 -21"><span class='ocrx_word' id='word_1_71' title='bbox 600 1109 755 1185; x_wconf 83' lang='grc' dir='ltr'>ἀφεὶς</span> <span class='ocrx_word' id='word_1_72' title='bbox 808 1108 901 1180; x_wconf 76' lang='grc' dir='ltr'><strong>μὶν</strong></span> <span class='ocrx_word' id='word_1_73' title='bbox 953 1103 1290 1179; x_wconf 73' lang='grc' dir='ltr'><strong>καλύπτραν,</strong></span> <span class='ocrx_word' id='word_1_74' title='bbox 1326 1104 1481 1182; x_wconf 85' lang='grc' dir='ltr'>ἀφεὶς</span> <span class='ocrx_word' id='word_1_75' title='bbox 1529 1101 1588 1158; x_wconf 69' lang='grc' dir='ltr'><strong>δὲ</strong></span> <span class='ocrx_word' id='word_1_76' title='bbox 1634 1105 1724 1157; x_wconf 77' lang='grc' dir='ltr'><strong>καὶ</strong></span> <span class='ocrx_word' id='word_1_77' title='bbox 1776 1101 2013 1173; x_wconf 83' lang='grc' dir='ltr'><strong>σπάθην,</strong></span> <span class='ocrx_word' id='word_1_78' title='bbox 2044 1102 2112 1157; x_wconf 81' lang='grc' dir='ltr'>τὰ</span> <span class='ocrx_word' id='word_1_79' title='bbox 2159 1109 2259 1171; x_wconf 88' lang='grc' dir='ltr'>τῆς</span> 
     </span>
    </p>
   </div>
   <div class='ocr_carea' id='block_1_11' title="bbox 602 1188 2256 1271">
    <p class='ocr_par' dir='ltr' id='par_1_11' title="bbox 602 1188 2256 1271">
     <span class='ocr_line' id='line_1_11' title="bbox 602 1188 2256 1271; baseline -0.005 -18"><span class='ocrx_word' id='word_1_80' title='bbox 602 1197 767 1253; x_wconf 79' lang='grc' dir='ltr'>αὐτοῦ</span> <span class='ocrx_word' id='word_1_81' title='bbox 802 1193 1082 1271; x_wconf 76' lang='grc' dir='ltr'><strong>βασιλείας</strong></span> <span class='ocrx_word' id='word_1_82' title='bbox 1120 1188 1398 1267; x_wconf 74' lang='grc' dir='ltr'>σύμϐολα,</span> <span class='ocrx_word' id='word_1_83' title='bbox 1429 1194 1524 1263; x_wconf 74' lang='grc' dir='ltr'>νηῒ</span> <span class='ocrx_word' id='word_1_84' title='bbox 1572 1188 1808 1253; x_wconf 78' lang='grc' dir='ltr'>καταϐὰς</span> <span class='ocrx_word' id='word_1_85' title='bbox 1860 1192 2100 1247; x_wconf 84' lang='grc' dir='ltr'>πιστεύει</span> <span class='ocrx_word' id='word_1_86' title='bbox 2157 1192 2256 1259; x_wconf 79' lang='grc' dir='ltr'>τήν</span> 
     </span>
    </p>
   </div>
   <div class='ocr_carea' id='block_1_12' title="bbox 604 1280 2258 1362">
    <p class='ocr_par' dir='ltr' id='par_1_12' title="bbox 604 1280 2258 1362">
     <span class='ocr_line' id='line_1_12' title="bbox 604 1280 2258 1362; baseline -0.004 -20"><span class='ocrx_word' id='word_1_87' title='bbox 604 1285 898 1362; x_wconf 80' lang='grc' dir='ltr'><strong>σωτηρίαν.</strong></span> <span class='ocrx_word' id='word_1_88' title='bbox 932 1285 1047 1354; x_wconf 78' lang='grc' dir='ltr'><strong>Τῆς</strong></span> <span class='ocrx_word' id='word_1_89' title='bbox 1096 1282 1305 1359; x_wconf 75' lang='grc' dir='ltr'>ἡμέρας</span> <span class='ocrx_word' id='word_1_90' title='bbox 1357 1280 1415 1336; x_wconf 81' lang='grc' dir='ltr'><strong>δὶ</strong></span> <span class='ocrx_word' id='word_1_91' title='bbox 1462 1281 1665 1352; x_wconf 79' lang='grc' dir='ltr'><strong>ταύτης</strong></span> <span class='ocrx_word' id='word_1_92' title='bbox 1714 1282 1768 1335; x_wconf 79' lang='lat' dir='ltr'><strong>bi</strong></span> <span class='ocrx_word' id='word_1_93' title='bbox 1798 1287 1897 1351; x_wconf 84' lang='grc' dir='ltr'>τῆς</span> <span class='ocrx_word' id='word_1_94' title='bbox 1946 1282 2258 1353; x_wconf 73' lang='grc' dir='ltr'>Ῥωμαϊκῆς</span> 
     </span>
    </p>
   </div>
   <div class='ocr_carea' id='block_1_13' title="bbox 602 1370 2257 1451">
    <p class='ocr_par' dir='ltr' id='par_1_13' title="bbox 602 1370 2257 1451">
     <span class='ocr_line' id='line_1_13' title="bbox 602 1370 2257 1451; baseline -0.004 -21"><span class='ocrx_word' id='word_1_95' title='bbox 602 1374 911 1436; x_wconf 74' lang='grc' dir='ltr'><strong>ἐπιστάντες</strong></span> <span class='ocrx_word' id='word_1_96' title='bbox 952 1372 1233 1451; x_wconf 75' lang='grc' dir='ltr'>φάλαγγος</span> <span class='ocrx_word' id='word_1_97' title='bbox 1272 1370 1353 1449; x_wconf 70' lang='grc' dir='ltr'>έφ’</span> <span class='ocrx_word' id='word_1_98' title='bbox 1385 1372 1534 1444; x_wconf 87' lang='grc' dir='ltr'>ᾧπερ</span> <span class='ocrx_word' id='word_1_99' title='bbox 1581 1370 1830 1444; x_wconf 84' lang='grc' dir='ltr'>εὐρήσειν</span> <span class='ocrx_word' id='word_1_100' title='bbox 1880 1372 1970 1425; x_wconf 81' lang='grc' dir='ltr'><strong>καὶ</strong></span> <span class='ocrx_word' id='word_1_101' title='bbox 2018 1373 2257 1442; x_wconf 73' lang='grc' dir='ltr'><strong>καθέξειν</strong></span> 
     </span>
    </p>
   </div>
   <div class='ocr_carea' id='block_1_14' title="bbox 599 1454 2255 1538">
    <p class='ocr_par' dir='ltr' id='par_1_14' title="bbox 599 1454 2255 1538">
     <span class='ocr_line' id='line_1_14' title="bbox 599 1454 2255 1538; baseline -0.004 -19"><span class='ocrx_word' id='word_1_102' title='bbox 599 1465 690 1519; x_wconf 84' lang='grc' dir='ltr'>τὸν</span> <span class='ocrx_word' id='word_1_103' title='bbox 731 1461 1108 1538; x_wconf 70' lang='grc' dir='ltr'><strong>βασιλεύοντα,</strong></span> <span class='ocrx_word' id='word_1_104' title='bbox 1139 1467 1239 1530; x_wconf 84' lang='grc' dir='ltr'>τῆς</span> <span class='ocrx_word' id='word_1_105' title='bbox 1278 1464 1459 1536; x_wconf 81' lang='grc' dir='ltr'>φυγῆς</span> <span class='ocrx_word' id='word_1_106' title='bbox 1504 1458 1751 1535; x_wconf 72' lang='grc' dir='ltr'>ἐχρῶντο</span> <span class='ocrx_word' id='word_1_107' title='bbox 1803 1454 2133 1533; x_wconf 75' lang='grc' dir='ltr'>συμϐόλοις,</span> <span class='ocrx_word' id='word_1_108' title='bbox 2166 1461 2255 1513; x_wconf 74' lang='grc' dir='ltr'>καὶ</span> 
     </span>
    </p>
   </div>
   <div class='ocr_carea' id='block_1_15' title="bbox 602 1545 2257 1627">
    <p class='ocr_par' dir='ltr' id='par_1_15' title="bbox 602 1545 2257 1627">
     <span class='ocr_line' id='line_1_15' title="bbox 602 1545 2257 1627; baseline -0.004 -20"><span class='ocrx_word' id='word_1_109' title='bbox 602 1551 940 1627; x_wconf 75' lang='grc' dir='ltr'>ἀπεθαῤῥουν</span> <span class='ocrx_word' id='word_1_110' title='bbox 990 1547 1161 1605; x_wconf 92' lang='grc' dir='ltr'>πλέον</span> <span class='ocrx_word' id='word_1_111' title='bbox 1210 1548 1455 1606; x_wconf 82' lang='grc' dir='ltr'>ἐντεῦθεν</span> <span class='ocrx_word' id='word_1_112' title='bbox 1509 1545 1778 1620; x_wconf 74' lang='grc' dir='ltr'><strong>δραπέτου</strong></span> <span class='ocrx_word' id='word_1_113' title='bbox 1824 1548 2112 1624; x_wconf 76' lang='grc' dir='ltr'>γεγονότος</span> <span class='ocrx_word' id='word_1_114' title='bbox 2159 1552 2257 1602; x_wconf 80' lang='grc' dir='ltr'>τοῦ</span> 
     </span>
    </p>
   </div>
   <div class='ocr_carea' id='block_1_16' title="bbox 600 1634 2253 1716">
    <p class='ocr_par' dir='ltr' id='par_1_16' title="bbox 600 1634 2253 1716">
     <span class='ocr_line' id='line_1_16' title="bbox 600 1634 2253 1716; baseline -0.004 -20"><span class='ocrx_word' id='word_1_115' title='bbox 600 1639 690 1696; x_wconf 68' lang='grc' dir='ltr'>ἰπὶ</span> <span class='ocrx_word' id='word_1_116' title='bbox 740 1644 819 1713; x_wconf 80' lang='grc' dir='ltr'>τῷ</span> <span class='ocrx_word' id='word_1_117' title='bbox 867 1638 1158 1716; x_wconf 71' lang='grc' dir='ltr'>φυλάσσειν</span> <span class='ocrx_word' id='word_1_118' title='bbox 1208 1638 1564 1712; x_wconf 78' lang='grc' dir='ltr'>τεταγμένου,</span> <span class='ocrx_word' id='word_1_119' title='bbox 1595 1638 1693 1705; x_wconf 73' lang='grc' dir='ltr'>τὴν</span> <span class='ocrx_word' id='word_1_120' title='bbox 1744 1634 1801 1691; x_wconf 83' lang='grc' dir='ltr'>δέ</span> <span class='ocrx_word' id='word_1_121' title='bbox 1848 1657 1912 1712; x_wconf 91' lang='grc' dir='ltr'><strong>γε</strong></span> <span class='ocrx_word' id='word_1_122' title='bbox 1940 1636 2253 1712; x_wconf 83' lang='grc' dir='ltr'>καλύπτραν</span> 
     </span>
    </p>
   </div>
   <div class='ocr_carea' id='block_1_17' title="bbox 599 1722 2257 1807">
    <p class='ocr_par' dir='ltr' id='par_1_17' title="bbox 599 1722 2257 1807">
     <span class='ocr_line' id='line_1_17' title="bbox 599 1722 2257 1807; baseline -0.004 -21"><span class='ocrx_word' id='word_1_123' title='bbox 599 1731 691 1786; x_wconf 78' lang='grc' dir='ltr'>καὶ</span> <span class='ocrx_word' id='word_1_124' title='bbox 747 1729 810 1785; x_wconf 87' lang='grc' dir='ltr'>τὸ</span> <span class='ocrx_word' id='word_1_125' title='bbox 859 1729 1008 1807; x_wconf 77' lang='grc' dir='ltr'>ξίφος</span> <span class='ocrx_word' id='word_1_126' title='bbox 1053 1722 1417 1789; x_wconf 78' lang='grc' dir='ltr'>ἀναλαϐόντες</span> <span class='ocrx_word' id='word_1_127' title='bbox 1466 1726 1724 1803; x_wconf 77' lang='grc' dir='ltr'>ἀπαρχήν</span> <span class='ocrx_word' id='word_1_128' title='bbox 1788 1726 2029 1802; x_wconf 78' lang='grc' dir='ltr'>αὐτάρκη</span> <span class='ocrx_word' id='word_1_129' title='bbox 2088 1730 2257 1781; x_wconf 79' lang='grc' dir='ltr'>ταῦτα</span> 
     </span>
    </p>
   </div>
   <div class='ocr_carea' id='block_1_18' title="bbox 599 1814 2248 1895">
    <p class='ocr_par' dir='ltr' id='par_1_18' title="bbox 599 1814 2248 1895">
     <span class='ocr_line' id='line_1_18' title="bbox 599 1814 2248 1895; baseline -0.002 -21"><span class='ocrx_word' id='word_1_130' title='bbox 599 1823 707 1874; x_wconf 81' lang='grc' dir='ltr'>τῶν</span> <span class='ocrx_word' id='word_1_131' title='bbox 740 1818 876 1874; x_wconf 85' lang='grc' dir='ltr'><strong>κατά</strong></span> <span class='ocrx_word' id='word_1_132' title='bbox 925 1817 1091 1873; x_wconf 84' lang='grc' dir='ltr'>πόλιν</span> <span class='ocrx_word' id='word_1_133' title='bbox 1140 1816 1398 1895; x_wconf 79' lang='grc' dir='ltr'>λαφύρων</span> <span class='ocrx_word' id='word_1_134' title='bbox 1449 1815 1539 1871; x_wconf 85' lang='grc' dir='ltr'><strong>καὶ</strong></span> <span class='ocrx_word' id='word_1_135' title='bbox 1590 1816 1901 1891; x_wconf 73' lang='grc' dir='ltr'>ἀκροθίνιον</span> <span class='ocrx_word' id='word_1_136' title='bbox 1946 1814 2248 1870; x_wconf 80' lang='grc' dir='ltr'>ἐποιοῦντο.</span> 
     </span>
    </p>
   </div>
   <div class='ocr_carea' id='block_1_19' title="bbox 600 1880 2329 1982">
    <p class='ocr_par' dir='ltr' id='par_1_19' title="bbox 600 1880 2329 1982">
     <span class='ocr_line' id='line_1_19' title="bbox 600 1880 2329 1982; baseline -0.006 -15"><span class='ocrx_word' id='word_1_137' title='bbox 600 1908 703 1967; x_wconf 83' lang='grc' dir='ltr'>Καὶ</span> <span class='ocrx_word' id='word_1_138' title='bbox 752 1909 866 1982; x_wconf 74' lang='grc' dir='ltr'>ἅμα</span> <span class='ocrx_word' id='word_1_139' title='bbox 914 1911 1144 1981; x_wconf 82' lang='grc' dir='ltr'>σημεῖον</span> <span class='ocrx_word' id='word_1_140' title='bbox 1290 1880 1411 1969; x_wconf 66' lang='grc' dir='ltr'>τοῖς</span> <span class='ocrx_word' id='word_1_141' title='bbox 1454 1904 1538 1960; x_wconf 70' lang='grc' dir='ltr'><strong>ἐπ’</strong></span> <span class='ocrx_word' id='word_1_142' title='bbox 1582 1880 1775 1977; x_wconf 63' lang='grc' dir='ltr'>ἑκείνῳ</span> <span class='ocrx_word' id='word_1_143' title='bbox 1834 1902 2127 1980; x_wconf 72' lang='grc' dir='ltr'>θαρροῦσιν</span> <span class='ocrx_word' id='word_1_144' title='bbox 2178 1905 2253 1969; x_wconf 85' lang='grc' dir='ltr'>ὡς</span> <span class='ocrx_word' id='word_1_145' title='bbox 2283 1880 2329 1947; x_wconf 80' lang='grc' dir='ltr'>Β</span> 
     </span>
    </p>
   </div>
   <div class='ocr_carea' id='block_1_20' title="bbox 600 1991 2249 2071">
    <p class='ocr_par' dir='ltr' id='par_1_20' title="bbox 600 1991 2249 2071">
     <span class='ocr_line' id='line_1_20' title="bbox 600 1991 2249 2071; baseline -0.003 -18"><span class='ocrx_word' id='word_1_146' title='bbox 600 1995 759 2053; x_wconf 58' lang='grc' dir='ltr'>οὐδέν</span> <span class='ocrx_word' id='word_1_147' title='bbox 805 1996 1007 2052; x_wconf 74' lang='grc' dir='ltr'>ἐκεῖθεν</span> <span class='ocrx_word' id='word_1_148' title='bbox 1063 1995 1445 2071; x_wconf 87' lang='grc' dir='ltr'>ἀγαπήσαντος</span> <span class='ocrx_word' id='word_1_149' title='bbox 1501 1993 1719 2071; x_wconf 84' lang='grc' dir='ltr'>φεύγειν</span> <span class='ocrx_word' id='word_1_150' title='bbox 1766 1992 1970 2069; x_wconf 71' lang='grc' dir='ltr'>ἔχοιεν.</span> <span class='ocrx_word' id='word_1_151' title='bbox 2001 1994 2151 2049; x_wconf 72' lang='grc' dir='ltr'>Ἐπεὶ</span> <span class='ocrx_word' id='word_1_152' title='bbox 2202 1991 2249 2048; x_wconf 84' lang='grc' dir='ltr'><strong>δ’</strong></span> 
     </span>
    </p>
   </div>
   <div class='ocr_carea' id='block_1_21' title="bbox 598 2078 2252 2161">
    <p class='ocr_par' dir='ltr' id='par_1_21' title="bbox 598 2078 2252 2161">
     <span class='ocr_line' id='line_1_21' title="bbox 598 2078 2252 2161; baseline -0.004 -19"><span class='ocrx_word' id='word_1_153' title='bbox 598 2082 863 2143; x_wconf 78' lang='grc' dir='ltr'>ἔκπυστον</span> <span class='ocrx_word' id='word_1_154' title='bbox 897 2083 1104 2161; x_wconf 72' lang='grc' dir='ltr'>ἐγένετο</span> <span class='ocrx_word' id='word_1_155' title='bbox 1133 2088 1197 2138; x_wconf 76' lang='grc' dir='ltr'>τῦ</span> <span class='ocrx_word' id='word_1_156' title='bbox 1228 2084 1495 2160; x_wconf 65' lang='grc' dir='ltr'>πραχθὲν,</span> <span class='ocrx_word' id='word_1_157' title='bbox 1528 2082 1703 2137; x_wconf 84' lang='grc' dir='ltr'>αὐτῶν</span> <span class='ocrx_word' id='word_1_158' title='bbox 1751 2104 1813 2159; x_wconf 88' lang='grc' dir='ltr'><strong>γε</strong></span> <span class='ocrx_word' id='word_1_159' title='bbox 1853 2082 1945 2137; x_wconf 81' lang='grc' dir='ltr'><strong>καὶ</strong></span> <span class='ocrx_word' id='word_1_160' title='bbox 1991 2078 2068 2137; x_wconf 84' lang='grc' dir='ltr'><strong>ἔτι</strong></span> <span class='ocrx_word' id='word_1_161' title='bbox 2120 2103 2252 2137; x_wconf 88' lang='grc' dir='ltr'>κατ-</span> 
     </span>
    </p>
   </div>
   <div class='ocr_carea' id='block_1_22' title="bbox 600 2168 2255 2253">
    <p class='ocr_par' dir='ltr' id='par_1_22' title="bbox 600 2168 2255 2253">
     <span class='ocr_line' id='line_1_22' title="bbox 600 2168 2255 2253; baseline -0.004 -20"><span class='ocrx_word' id='word_1_162' title='bbox 600 2176 926 2253; x_wconf 86' lang='grc' dir='ltr'>επτηχότων</span> <span class='ocrx_word' id='word_1_163' title='bbox 976 2174 1066 2229; x_wconf 82' lang='grc' dir='ltr'><strong>καὶ</strong></span> <span class='ocrx_word' id='word_1_164' title='bbox 1121 2176 1197 2247; x_wconf 80' lang='grc' dir='ltr'>μὴ</span> <span class='ocrx_word' id='word_1_165' title='bbox 1242 2174 1494 2248; x_wconf 82' lang='grc' dir='ltr'>καθαρῶς</span> <span class='ocrx_word' id='word_1_166' title='bbox 1543 2173 1906 2227; x_wconf 83' lang='grc' dir='ltr'>πιστευόντων</span> <span class='ocrx_word' id='word_1_167' title='bbox 1984 2168 2129 2247; x_wconf 74' lang='grc' dir='ltr'>ἔχειν</span> <span class='ocrx_word' id='word_1_168' title='bbox 2188 2172 2255 2227; x_wconf 80' lang='grc' dir='ltr'>τὰ</span> 
     </span>
    </p>
   </div>
   <div class='ocr_carea' id='block_1_23' title="bbox 599 2258 2253 2341">
    <p class='ocr_par' dir='ltr' id='par_1_23' title="bbox 599 2258 2253 2341">
     <span class='ocr_line' id='line_1_23' title="bbox 599 2258 2253 2341; baseline -0.004 -20"><span class='ocrx_word' id='word_1_169' title='bbox 599 2266 652 2321; x_wconf 84' lang='grc' dir='ltr'>ἐν</span> <span class='ocrx_word' id='word_1_170' title='bbox 718 2265 875 2341; x_wconf 80' lang='grc' dir='ltr'>χερσὶ</span> <span class='ocrx_word' id='word_1_171' title='bbox 944 2264 1317 2340; x_wconf 85' lang='grc' dir='ltr'>κρατούμενα,</span> <span class='ocrx_word' id='word_1_172' title='bbox 1366 2262 1667 2337; x_wconf 74' lang='grc' dir='ltr'>ἀφικνεῖται</span> <span class='ocrx_word' id='word_1_173' title='bbox 1752 2261 1966 2335; x_wconf 83' lang='grc' dir='ltr'>ταχέως</span> <span class='ocrx_word' id='word_1_174' title='bbox 2017 2260 2105 2315; x_wconf 84' lang='grc' dir='ltr'><strong>καὶ</strong></span> <span class='ocrx_word' id='word_1_175' title='bbox 2164 2258 2253 2315; x_wconf 79' lang='grc' dir='ltr'>ἐπὶ</span> 
     </span>
    </p>
   </div>
   <div class='ocr_carea' id='block_1_24' title="bbox 595 2349 2251 2430">
    <p class='ocr_par' dir='ltr' id='par_1_24' title="bbox 595 2349 2251 2430">
     <span class='ocr_line' id='line_1_24' title="bbox 595 2349 2251 2430; baseline -0.003 -21"><span class='ocrx_word' id='word_1_176' title='bbox 595 2354 724 2418; x_wconf 80' lang='grc' dir='ltr'>τοὺς</span> <span class='ocrx_word' id='word_1_177' title='bbox 754 2355 876 2430; x_wconf 85' lang='grc' dir='ltr'>περὶ</span> <span class='ocrx_word' id='word_1_178' title='bbox 909 2355 1008 2423; x_wconf 76' lang='grc' dir='ltr'>τὴν</span> <span class='ocrx_word' id='word_1_179' title='bbox 1044 2350 1378 2427; x_wconf 83' lang='grc' dir='ltr'>Δαφνουσίαν</span> <span class='ocrx_word' id='word_1_180' title='bbox 1428 2352 1585 2427; x_wconf 85' lang='grc' dir='ltr'>φήμη</span> <span class='ocrx_word' id='word_1_181' title='bbox 1635 2371 1693 2425; x_wconf 90' lang='grc' dir='ltr'><strong>γε</strong></span> <span class='ocrx_word' id='word_1_182' title='bbox 1742 2354 1874 2405; x_wconf 76' lang='grc' dir='ltr'>οὖσα</span> <span class='ocrx_word' id='word_1_183' title='bbox 1910 2351 1997 2405; x_wconf 85' lang='grc' dir='ltr'><strong>καὶ</strong></span> <span class='ocrx_word' id='word_1_184' title='bbox 2050 2349 2180 2413; x_wconf 86' lang='grc' dir='ltr'>Θεὸς</span> <span class='ocrx_word' id='word_1_185' title='bbox 2217 2352 2251 2418; x_wconf 83' lang='grc' dir='ltr'>ἡ</span> 
     </span>
    </p>
   </div>
   <div class='ocr_carea' id='block_1_25' title="bbox 597 2439 2252 2522">
    <p class='ocr_par' dir='ltr' id='par_1_25' title="bbox 597 2439 2252 2522">
     <span class='ocr_line' id='line_1_25' title="bbox 597 2439 2252 2522; baseline -0.002 -25"><span class='ocrx_word' id='word_1_186' title='bbox 597 2446 781 2522; x_wconf 80' lang='grc' dir='ltr'>φήμη,</span> <span class='ocrx_word' id='word_1_187' title='bbox 816 2443 904 2497; x_wconf 86' lang='grc' dir='ltr'><strong>καὶ</strong></span> <span class='ocrx_word' id='word_1_188' title='bbox 966 2443 1061 2515; x_wconf 77' lang='grc' dir='ltr'><strong>ἅμ’</strong></span> <span class='ocrx_word' id='word_1_189' title='bbox 1118 2440 1354 2511; x_wconf 77' lang='grc' dir='ltr'>ἤκουσαν</span> <span class='ocrx_word' id='word_1_190' title='bbox 1408 2439 1917 2518; x_wconf 78' lang='grc' dir='ltr'>διαπεφωνήκεσαν,</span> <span class='ocrx_word' id='word_1_191' title='bbox 1953 2439 2076 2515; x_wconf 81' lang='grc' dir='ltr'>περὶ</span> <span class='ocrx_word' id='word_1_192' title='bbox 2135 2444 2252 2500; x_wconf 86' lang='grc' dir='ltr'>ταῖς</span> 
     </span>
    </p>
   </div>
   <div class='ocr_carea' id='block_1_26' title="bbox 594 2658 2217 2732">
    <p class='ocr_par' dir='ltr' id='par_1_26' title="bbox 594 2658 2217 2732">
     <span class='ocr_line' id='line_1_26' title="bbox 594 2658 2217 2732; baseline -0.004 -13"><span class='ocrx_word' id='word_1_193' title='bbox 594 2663 987 2719; x_wconf 79' lang='lat' dir='ltr'><strong>adorirentur.</strong></span> <span class='ocrx_word' id='word_1_194' title='bbox 1006 2662 1291 2717; x_wconf 65' lang='lat' dir='ltr'><strong>Caeterum</strong></span> <span class='ocrx_word' id='word_1_195' title='bbox 1308 2662 1628 2732; x_wconf 81' lang='lat' dir='ltr'><strong>imperator</strong></span> <span class='ocrx_word' id='word_1_196' title='bbox 1649 2659 1989 2715; x_wconf 91' lang='lat' dir='ltr'><strong>Latinorum</strong></span> <span class='ocrx_word' id='word_1_197' title='bbox 2014 2658 2217 2714; x_wconf 90' lang='lat' dir='ltr'><strong>Baldui</strong></span> 
     </span>
    </p>
   </div>
   <div class='ocr_carea' id='block_1_27' title="bbox 594 2749 2245 2820">
    <p class='ocr_par' dir='ltr' id='par_1_27' title="bbox 594 2749 2245 2820">
     <span class='ocr_line' id='line_1_27' title="bbox 594 2749 2245 2820; baseline -0.002 -12"><span class='ocrx_word' id='word_1_198' title='bbox 594 2770 707 2808; x_wconf 89' lang='lat' dir='ltr'><strong>nus</strong></span> <span class='ocrx_word' id='word_1_199' title='bbox 738 2755 1151 2807; x_wconf 79' lang='lat' dir='ltr'><strong>consternatus</strong></span> <span class='ocrx_word' id='word_1_200' title='bbox 1182 2750 1384 2806; x_wconf 89' lang='lat' dir='ltr'><strong>audito</strong></span> <span class='ocrx_word' id='word_1_201' title='bbox 1416 2749 1581 2806; x_wconf 86' lang='lat' dir='ltr'><strong>urbis</strong></span> <span class='ocrx_word' id='word_1_202' title='bbox 1612 2753 1793 2820; x_wconf 67' lang='lat' dir='ltr'><strong>captis</strong></span> <span class='ocrx_word' id='word_1_203' title='bbox 1816 2764 1979 2815; x_wconf 88' lang='lat' dir='ltr'><strong>casu,</strong></span> <span class='ocrx_word' id='word_1_204' title='bbox 2002 2753 2059 2803; x_wconf 91' lang='lat' dir='ltr'><strong>et</strong></span> <span class='ocrx_word' id='word_1_205' title='bbox 2082 2764 2245 2804; x_wconf 88' lang='lat' dir='ltr'><strong>men-</strong></span> 
     </span>
    </p>
   </div>
   <div class='ocr_carea' id='block_1_28' title="bbox 592 2838 2247 2913">
    <p class='ocr_par' dir='ltr' id='par_1_28' title="bbox 592 2838 2247 2913">
     <span class='ocr_line' id='line_1_28' title="bbox 592 2838 2247 2913; baseline -0.002 -16"><span class='ocrx_word' id='word_1_206' title='bbox 592 2843 671 2898; x_wconf 87' lang='lat' dir='ltr'><strong>tis</strong></span> <span class='ocrx_word' id='word_1_207' title='bbox 701 2841 891 2913; x_wconf 86' lang='lat' dir='ltr'><strong>impos</strong></span> <span class='ocrx_word' id='word_1_208' title='bbox 922 2840 1133 2909; x_wconf 89' lang='lat' dir='ltr'><strong>factus,</strong></span> <span class='ocrx_word' id='word_1_209' title='bbox 1161 2838 1310 2894; x_wconf 86' lang='lat' dir='ltr'><strong>nihil</strong></span> <span class='ocrx_word' id='word_1_210' title='bbox 1339 2839 1453 2894; x_wconf 78' lang='lat' dir='ltr'><strong>nisi</strong></span> <span class='ocrx_word' id='word_1_211' title='bbox 1477 2840 1676 2911; x_wconf 90' lang='lat' dir='ltr'><strong>fugam</strong></span> <span class='ocrx_word' id='word_1_212' title='bbox 1737 2839 2158 2895; x_wconf 77' lang='lat' dir='ltr'><strong>meditabatur:</strong></span> <span class='ocrx_word' id='word_1_213' title='bbox 2192 2846 2247 2893; x_wconf 86' lang='lat' dir='ltr'><strong>et</strong></span> 
     </span>
    </p>
   </div>
   <div class='ocr_carea' id='block_1_29' title="bbox 2364 564 3981 645">
    <p class='ocr_par' dir='ltr' id='par_1_29' title="bbox 2364 564 3981 645">
     <span class='ocr_line' id='line_1_29' title="bbox 2364 564 3981 645; baseline 0.004 -25"><span class='ocrx_word' id='word_1_214' title='bbox 2364 570 2560 639; x_wconf 77' lang='grc' dir='ltr'>’Όμως</span> <span class='ocrx_word' id='word_1_215' title='bbox 2621 566 2884 640; x_wconf 80' lang='grc' dir='ltr'>ἐτάχυναν</span> <span class='ocrx_word' id='word_1_216' title='bbox 2944 564 3223 635; x_wconf 72' lang='grc' dir='ltr'>ἐπιστῆναι</span> <span class='ocrx_word' id='word_1_217' title='bbox 3280 568 3368 622; x_wconf 81' lang='grc' dir='ltr'><strong>καὶ</strong></span> <span class='ocrx_word' id='word_1_218' title='bbox 3428 568 3504 631; x_wconf 80' lang='grc' dir='ltr'><strong>ὠς</strong></span> <span class='ocrx_word' id='word_1_219' title='bbox 3557 569 3704 645; x_wconf 83' lang='grc' dir='ltr'>ε’ίχον</span> <span class='ocrx_word' id='word_1_220' title='bbox 3748 572 3981 645; x_wconf 80' lang='grc' dir='ltr'>ἀμῦναι·</span> 
     </span>
    </p>
   </div>
   <div class='ocr_carea' id='block_1_30' title="bbox 2364 656 3993 741">
    <p class='ocr_par' dir='ltr' id='par_1_30' title="bbox 2364 656 3993 741">
     <span class='ocr_line' id='line_1_30' title="bbox 2364 656 3993 741; baseline 0.006 -31"><span class='ocrx_word' id='word_1_221' title='bbox 2364 657 2485 731; x_wconf 83' lang='grc' dir='ltr'>περὶ</span> <span class='ocrx_word' id='word_1_222' title='bbox 2540 656 2641 731; x_wconf 85' lang='grc' dir='ltr'>γὰρ</span> <span class='ocrx_word' id='word_1_223' title='bbox 2698 657 2988 729; x_wconf 80' lang='grc' dir='ltr'>τριάκοντα</span> <span class='ocrx_word' id='word_1_224' title='bbox 3022 656 3115 711; x_wconf 88' lang='grc' dir='ltr'>καὶ</span> <span class='ocrx_word' id='word_1_225' title='bbox 3163 658 3322 731; x_wconf 85' lang='grc' dir='ltr'>πρὸς,</span> <span class='ocrx_word' id='word_1_226' title='bbox 3356 657 3525 733; x_wconf 86' lang='grc' dir='ltr'>λόγος</span> <span class='ocrx_word' id='word_1_227' title='bbox 3572 658 3711 739; x_wconf 78' lang='grc' dir='ltr'>ἔχει,</span> <span class='ocrx_word' id='word_1_228' title='bbox 3771 672 3993 741; x_wconf 82' lang='grc' dir='ltr'>μακραῖς</span> 
     </span>
    </p>
   </div>
   <div class='ocr_carea' id='block_1_31' title="bbox 2370 744 3995 831">
    <p class='ocr_par' dir='ltr' id='par_1_31' title="bbox 2370 744 3995 831">
     <span class='ocr_line' id='line_1_31' title="bbox 2370 744 3995 831; baseline 0.008 -34"><span class='ocrx_word' id='word_1_229' title='bbox 2370 745 2524 799; x_wconf 80' lang='grc' dir='ltr'>ναυσὶ</span> <span class='ocrx_word' id='word_1_230' title='bbox 2580 744 2837 818; x_wconf 82' lang='grc' dir='ltr'>μονήρέσί</span> <span class='ocrx_word' id='word_1_231' title='bbox 2891 766 2949 799; x_wconf 88' lang='grc' dir='ltr'><strong>τε</strong></span> <span class='ocrx_word' id='word_1_232' title='bbox 2992 744 3079 799; x_wconf 72' lang='grc' dir='ltr'><strong>καὶ</strong></span> <span class='ocrx_word' id='word_1_233' title='bbox 3135 748 3382 822; x_wconf 78' lang='grc' dir='ltr'>τριήρεσι</span> <span class='ocrx_word' id='word_1_234' title='bbox 3459 749 3598 804; x_wconf 70' lang='grc' dir='ltr'>κατὰ</span> <span class='ocrx_word' id='word_1_235' title='bbox 3675 756 3995 831; x_wconf 78' lang='grc' dir='ltr'>Δαφνουσίας</span> 
     </span>
    </p>
   </div>
   <div class='ocr_carea' id='block_1_32' title="bbox 2374 834 3997 913">
    <p class='ocr_par' dir='ltr' id='par_1_32' title="bbox 2374 834 3997 913">
     <span class='ocr_line' id='line_1_32' title="bbox 2374 834 3997 913; baseline 0.007 -27"><span class='ocrx_word' id='word_1_236' title='bbox 2374 835 2701 909; x_wconf 81' lang='grc' dir='ltr'>χρήσασθαι.</span> <span class='ocrx_word' id='word_1_237' title='bbox 2752 834 2978 896; x_wconf 88' lang='grc' dir='ltr'>Ταύταὶς</span> <span class='ocrx_word' id='word_1_238' title='bbox 3046 834 3275 897; x_wconf 83' lang='grc' dir='ltr'>ἁπάσαις</span> <span class='ocrx_word' id='word_1_239' title='bbox 3347 840 3808 912; x_wconf 79' lang='grc' dir='ltr'>ταχυναυτούσαις</span> <span class='ocrx_word' id='word_1_240' title='bbox 3850 845 3997 913; x_wconf 77' lang='grc' dir='ltr'>ἠπεί-</span> 
     </span>
    </p>
   </div>
   <div class='ocr_carea' id='block_1_33' title="bbox 2363 921 4003 1004">
    <p class='ocr_par' dir='ltr' id='par_1_33' title="bbox 2363 921 4003 1004">
     <span class='ocr_line' id='line_1_33' title="bbox 2363 921 4003 1004; baseline 0.008 -29"><span class='ocrx_word' id='word_1_241' title='bbox 2363 943 2525 996; x_wconf 89' lang='grc' dir='ltr'>γοντο</span> <span class='ocrx_word' id='word_1_242' title='bbox 2573 922 2711 997; x_wconf 84' lang='grc' dir='ltr'>πρὸς</span> <span class='ocrx_word' id='word_1_243' title='bbox 2768 924 2869 991; x_wconf 77' lang='grc' dir='ltr'>τὴν</span> <span class='ocrx_word' id='word_1_244' title='bbox 2918 921 3105 993; x_wconf 87' lang='grc' dir='ltr'>πόλιν,</span> <span class='ocrx_word' id='word_1_245' title='bbox 3154 925 3265 995; x_wconf 79' lang='grc' dir='ltr'>ἅμα</span> <span class='ocrx_word' id='word_1_246' title='bbox 3316 924 3638 1001; x_wconf 79' lang='grc' dir='ltr'>θαῤῥοῢντες</span> <span class='ocrx_word' id='word_1_247' title='bbox 3692 930 3780 984; x_wconf 76' lang='grc' dir='ltr'>καὶ</span> <span class='ocrx_word' id='word_1_248' title='bbox 3824 936 3900 1004; x_wconf 83' lang='grc' dir='ltr'>τῷ</span> <span class='ocrx_word' id='word_1_249' title='bbox 3945 933 4003 987; x_wconf 77' lang='grc' dir='ltr'>ἐκ</span> 
     </span>
    </p>
   </div>
   <div class='ocr_carea' id='block_1_34' title="bbox 2368 1008 4005 1089">
    <p class='ocr_par' dir='ltr' id='par_1_34' title="bbox 2368 1008 4005 1089">
     <span class='ocr_line' id='line_1_34' title="bbox 2368 1008 4005 1089; baseline 0.007 -24"><span class='ocrx_word' id='word_1_250' title='bbox 2368 1010 2620 1074; x_wconf 87' lang='grc' dir='ltr'>Σικελίας</span> <span class='ocrx_word' id='word_1_251' title='bbox 2652 1013 2888 1084; x_wconf 81' lang='grc' dir='ltr'>μεγίστῳ</span> <span class='ocrx_word' id='word_1_252' title='bbox 2916 1009 3101 1084; x_wconf 81' lang='grc' dir='ltr'>πλοίῳ</span> <span class='ocrx_word' id='word_1_253' title='bbox 3131 1010 3377 1075; x_wconf 84' lang='grc' dir='ltr'>πολλοὺς</span> <span class='ocrx_word' id='word_1_254' title='bbox 3423 1008 3612 1089; x_wconf 74' lang='grc' dir='ltr'>ἔχοντι</span> <span class='ocrx_word' id='word_1_255' title='bbox 3658 1018 3785 1083; x_wconf 80' lang='grc' dir='ltr'>τοὺς</span> <span class='ocrx_word' id='word_1_256' title='bbox 3824 1017 4005 1075; x_wconf 64' lang='grc' dir='ltr'><strong>ἐπιϐά-</strong></span> 
     </span>
    </p>
   </div>
   <div class='ocr_carea' id='block_1_35' title="bbox 2362 1099 3999 1181">
    <p class='ocr_par' dir='ltr' id='par_1_35' title="bbox 2362 1099 3999 1181">
     <span class='ocr_line' id='line_1_35' title="bbox 2362 1099 3999 1181; baseline 0.005 -28"><span class='ocrx_word' id='word_1_257' title='bbox 2362 1120 2481 1168; x_wconf 86' lang='grc' dir='ltr'>τας,</span> <span class='ocrx_word' id='word_1_258' title='bbox 2526 1099 2602 1161; x_wconf 86' lang='grc' dir='ltr'>ὠς</span> <span class='ocrx_word' id='word_1_259' title='bbox 2664 1100 2754 1155; x_wconf 82' lang='grc' dir='ltr'><strong>καὶ</strong></span> <span class='ocrx_word' id='word_1_260' title='bbox 2803 1101 3000 1162; x_wconf 80' lang='grc' dir='ltr'>αὐτοὺς</span> <span class='ocrx_word' id='word_1_261' title='bbox 3065 1101 3381 1175; x_wconf 88' lang='grc' dir='ltr'>συναμύνειν</span> <span class='ocrx_word' id='word_1_262' title='bbox 3439 1109 3520 1177; x_wconf 84' lang='grc' dir='ltr'>τῷ</span> <span class='ocrx_word' id='word_1_263' title='bbox 3565 1104 3705 1181; x_wconf 86' lang='grc' dir='ltr'>γένει</span> <span class='ocrx_word' id='word_1_264' title='bbox 3754 1110 3839 1163; x_wconf 75' lang='grc' dir='ltr'><strong>καὶ</strong></span> <span class='ocrx_word' id='word_1_265' title='bbox 3887 1116 3999 1171; x_wconf 77' lang='grc' dir='ltr'>τοῖς</span> 
     </span>
    </p>
   </div>
   <div class='ocr_carea' id='block_1_36' title="bbox 2364 1189 4001 1267">
    <p class='ocr_par' dir='ltr' id='par_1_36' title="bbox 2364 1189 4001 1267">
     <span class='ocr_line' id='line_1_36' title="bbox 2364 1189 4001 1267; baseline 0.007 -24"><span class='ocrx_word' id='word_1_266' title='bbox 2364 1189 2605 1244; x_wconf 78' lang='grc' dir='ltr'>ἐπιοῦσιν</span> <span class='ocrx_word' id='word_1_267' title='bbox 2664 1190 2836 1262; x_wconf 85' lang='grc' dir='ltr'>ὁμόσε</span> <span class='ocrx_word' id='word_1_268' title='bbox 2892 1197 3117 1267; x_wconf 80' lang='grc' dir='ltr'>χωρεῖν.</span> <span class='ocrx_word' id='word_1_269' title='bbox 3176 1190 3281 1248; x_wconf 79' lang='grc' dir='ltr'>Καὶ</span> <span class='ocrx_word' id='word_1_270' title='bbox 3333 1194 3384 1247; x_wconf 79' lang='lat' dir='ltr'><strong>oi.</strong></span> <span class='ocrx_word' id='word_1_271' title='bbox 3431 1195 3527 1267; x_wconf 72' lang='grc' dir='ltr'>μὲν</span> <span class='ocrx_word' id='word_1_272' title='bbox 3575 1194 3664 1251; x_wconf 69' lang='grc' dir='ltr'><strong>ἐπὶ</strong></span> <span class='ocrx_word' id='word_1_273' title='bbox 3730 1201 4001 1262; x_wconf 78' lang='grc' dir='ltr'>τοιιύταις</span> 
     </span>
    </p>
   </div>
   <div class='ocr_carea' id='block_1_37' title="bbox 2364 1276 4005 1361">
    <p class='ocr_par' dir='ltr' id='par_1_37' title="bbox 2364 1276 4005 1361">
     <span class='ocr_line' id='line_1_37' title="bbox 2364 1276 4005 1361; baseline 0.008 -30"><span class='ocrx_word' id='word_1_274' title='bbox 2364 1276 2578 1334; x_wconf 74' lang='grc' dir='ltr'>ἐλπίσιν</span> <span class='ocrx_word' id='word_1_275' title='bbox 2602 1278 2920 1354; x_wconf 80' lang='grc' dir='ltr'>ἠπείγοντο,</span> <span class='ocrx_word' id='word_1_276' title='bbox 2946 1282 3030 1354; x_wconf 83' lang='grc' dir='ltr'><strong>[Ρ.</strong></span> <span class='ocrx_word' id='word_1_277' title='bbox 3051 1282 3141 1353; x_wconf 74' lang='grc'><strong>94]</strong></span> <span class='ocrx_word' id='word_1_278' title='bbox 3183 1282 3211 1334; x_wconf 86' lang='grc' dir='ltr'>ὁ</span> <span class='ocrx_word' id='word_1_279' title='bbox 3260 1279 3316 1336; x_wconf 73' lang='grc' dir='ltr'><strong>δὲ</strong></span> <span class='ocrx_word' id='word_1_280' title='bbox 3349 1289 3549 1359; x_wconf 78' lang='grc' dir='ltr'>Καῖσαρ</span> <span class='ocrx_word' id='word_1_281' title='bbox 3580 1288 4005 1361; x_wconf 82' lang='grc' dir='ltr'>προαισθόμενος</span> 
     </span>
    </p>
   </div>
   <div class='ocr_carea' id='block_1_38' title="bbox 2363 1364 4003 1451">
    <p class='ocr_par' dir='ltr' id='par_1_38' title="bbox 2363 1364 4003 1451">
     <span class='ocr_line' id='line_1_38' title="bbox 2363 1364 4003 1451; baseline 0.006 -30"><span class='ocrx_word' id='word_1_282' title='bbox 2363 1367 2570 1422; x_wconf 88' lang='grc' dir='ltr'>τούτων</span> <span class='ocrx_word' id='word_1_283' title='bbox 2600 1370 2698 1436; x_wconf 80' lang='grc' dir='ltr'>τὴν</span> <span class='ocrx_word' id='word_1_284' title='bbox 2730 1364 2923 1444; x_wconf 77' lang='grc' dir='ltr'>ἔφοδον</span> <span class='ocrx_word' id='word_1_285' title='bbox 2964 1368 3095 1433; x_wconf 84' lang='grc' dir='ltr'>τοὺς</span> <span class='ocrx_word' id='word_1_286' title='bbox 3144 1370 3547 1443; x_wconf 78' lang='grc' dir='ltr'>Ῥωμαΐζοντας</span> <span class='ocrx_word' id='word_1_287' title='bbox 3592 1376 4003 1451; x_wconf 80' lang='grc' dir='ltr'>προσκαλεῖται,</span> 
     </span>
    </p>
   </div>
   <div class='ocr_carea' id='block_1_39' title="bbox 2366 1456 4004 1540">
    <p class='ocr_par' dir='ltr' id='par_1_39' title="bbox 2366 1456 4004 1540">
     <span class='ocr_line' id='line_1_39' title="bbox 2366 1456 4004 1540; baseline 0.008 -31"><span class='ocrx_word' id='word_1_288' title='bbox 2366 1456 2417 1509; x_wconf 84' lang='grc' dir='ltr'>οἳ</span> <span class='ocrx_word' id='word_1_289' title='bbox 2447 1456 2535 1510; x_wconf 80' lang='grc' dir='ltr'><strong>καὶ</strong></span> <span class='ocrx_word' id='word_1_290' title='bbox 2568 1456 2642 1518; x_wconf 85' lang='grc' dir='ltr'>ὡς</span> <span class='ocrx_word' id='word_1_291' title='bbox 2674 1459 2941 1530; x_wconf 82' lang='grc' dir='ltr'>Ῥωμαῖοι</span> <span class='ocrx_word' id='word_1_292' title='bbox 2974 1457 3184 1521; x_wconf 67' lang='grc' dir='ltr'>ἐνόντες</span> <span class='ocrx_word' id='word_1_293' title='bbox 3216 1457 3432 1523; x_wconf 78' lang='grc' dir='ltr'>ἄκοντές</span> <span class='ocrx_word' id='word_1_294' title='bbox 3463 1482 3523 1516; x_wconf 89' lang='grc' dir='ltr'><strong>τε</strong></span> <span class='ocrx_word' id='word_1_295' title='bbox 3554 1466 3855 1540; x_wconf 77' lang='grc' dir='ltr'>συνήργουν</span> <span class='ocrx_word' id='word_1_296' title='bbox 3888 1474 4004 1529; x_wconf 90' lang='grc' dir='ltr'>τοῖς</span> 
     </span>
    </p>
   </div>
   <div class='ocr_carea' id='block_1_40' title="bbox 2363 1545 4003 1632">
    <p class='ocr_par' dir='ltr' id='par_1_40' title="bbox 2363 1545 4003 1632">
     <span class='ocr_line' id='line_1_40' title="bbox 2363 1545 4003 1632; baseline 0.007 -33"><span class='ocrx_word' id='word_1_297' title='bbox 2363 1547 2677 1620; x_wconf 74' lang='grc' dir='ltr'>ἡμετέροις.</span> <span class='ocrx_word' id='word_1_298' title='bbox 2710 1548 2811 1603; x_wconf 85' lang='grc' dir='ltr'>Ἦν</span> <span class='ocrx_word' id='word_1_299' title='bbox 2844 1545 2936 1601; x_wconf 78' lang='grc' dir='ltr'>οὖν</span> <span class='ocrx_word' id='word_1_300' title='bbox 2967 1547 3091 1603; x_wconf 90' lang='grc' dir='ltr'>τότε</span> <span class='ocrx_word' id='word_1_301' title='bbox 3121 1548 3322 1611; x_wconf 78' lang='grc' dir='ltr'>οἰκεῖος</span> <span class='ocrx_word' id='word_1_302' title='bbox 3351 1552 3429 1622; x_wconf 78' lang='grc' dir='ltr'>τῷ</span> <span class='ocrx_word' id='word_1_303' title='bbox 3486 1550 3806 1626; x_wconf 76' lang='grc' dir='ltr'>Βαλδουΐνῳ</span> <span class='ocrx_word' id='word_1_304' title='bbox 3853 1558 4003 1632; x_wconf 77' lang='grc' dir='ltr'>θερά·</span> 
     </span>
    </p>
   </div>
   <div class='ocr_carea' id='block_1_41' title="bbox 2362 1634 4004 1719">
    <p class='ocr_par' dir='ltr' id='par_1_41' title="bbox 2362 1634 4004 1719">
     <span class='ocr_line' id='line_1_41' title="bbox 2362 1634 4004 1719; baseline 0.008 -32"><span class='ocrx_word' id='word_1_305' title='bbox 2362 1655 2479 1688; x_wconf 91' lang='grc' dir='ltr'><strong>πων</strong></span> <span class='ocrx_word' id='word_1_306' title='bbox 2521 1635 2549 1687; x_wconf 85' lang='grc' dir='ltr'>ὁ</span> <span class='ocrx_word' id='word_1_307' title='bbox 2605 1634 2790 1705; x_wconf 78' lang='grc' dir='ltr'>Φύλαξ</span> <span class='ocrx_word' id='word_1_308' title='bbox 2846 1635 3137 1710; x_wconf 86' lang='grc' dir='ltr'>λεγόμενος</span> <span class='ocrx_word' id='word_1_309' title='bbox 3192 1640 3471 1711; x_wconf 78' lang='grc' dir='ltr'>Ἰωᾶννης,</span> <span class='ocrx_word' id='word_1_310' title='bbox 3505 1640 3641 1717; x_wconf 78' lang='grc' dir='ltr'>ἀνὴρ</span> <span class='ocrx_word' id='word_1_311' title='bbox 3699 1644 3860 1719; x_wconf 85' lang='grc' dir='ltr'>βαθὺς</span> <span class='ocrx_word' id='word_1_312' title='bbox 3917 1646 4004 1700; x_wconf 81' lang='grc' dir='ltr'><strong>καὶ</strong></span> 
     </span>
    </p>
   </div>
   <div class='ocr_carea' id='block_1_42' title="bbox 2361 1724 4003 1810">
    <p class='ocr_par' dir='ltr' id='par_1_42' title="bbox 2361 1724 4003 1810">
     <span class='ocr_line' id='line_1_42' title="bbox 2361 1724 4003 1810; baseline 0.007 -32"><span class='ocrx_word' id='word_1_313' title='bbox 2361 1728 2457 1778; x_wconf 78' lang='grc' dir='ltr'><strong>τοῦ</strong></span> <span class='ocrx_word' id='word_1_314' title='bbox 2506 1729 2725 1801; x_wconf 86' lang='grc' dir='ltr'>φρονεῖν</span> <span class='ocrx_word' id='word_1_315' title='bbox 2774 1724 2830 1779; x_wconf 78' lang='grc' dir='ltr'><strong>εὖ</strong></span> <span class='ocrx_word' id='word_1_316' title='bbox 2878 1726 3029 1795; x_wconf 79' lang='grc' dir='ltr'>ἥκων</span> <span class='ocrx_word' id='word_1_317' title='bbox 3081 1727 3157 1789; x_wconf 88' lang='grc' dir='ltr'><strong>είς</strong></span> <span class='ocrx_word' id='word_1_318' title='bbox 3185 1727 3248 1782; x_wconf 89' lang='grc' dir='ltr'>τὸ</span> <span class='ocrx_word' id='word_1_319' title='bbox 3276 1728 3594 1804; x_wconf 77' lang='grc' dir='ltr'>ἀκρότατον,</span> <span class='ocrx_word' id='word_1_320' title='bbox 3627 1732 3687 1793; x_wconf 85' lang='grc' dir='ltr'>ὃς</span> <span class='ocrx_word' id='word_1_321' title='bbox 3735 1734 3823 1788; x_wconf 84' lang='grc' dir='ltr'><strong>καὶ</strong></span> <span class='ocrx_word' id='word_1_322' title='bbox 3877 1736 4003 1810; x_wconf 86' lang='grc' dir='ltr'>βου-</span> 
     </span>
    </p>
   </div>
   <div class='ocr_carea' id='block_1_43' title="bbox 2365 1812 4007 1899">
    <p class='ocr_par' dir='ltr' id='par_1_43' title="bbox 2365 1812 4007 1899">
     <span class='ocr_line' id='line_1_43' title="bbox 2365 1812 4007 1899; baseline 0.007 -32"><span class='ocrx_word' id='word_1_323' title='bbox 2365 1812 2468 1882; x_wconf 81' lang='grc' dir='ltr'>λὴν</span> <span class='ocrx_word' id='word_1_324' title='bbox 2520 1813 2715 1889; x_wconf 82' lang='grc' dir='ltr'>εἰσᾶγει</span> <span class='ocrx_word' id='word_1_325' title='bbox 2763 1816 2885 1870; x_wconf 86' lang='grc' dir='ltr'>τότε</span> <span class='ocrx_word' id='word_1_326' title='bbox 2936 1816 3083 1889; x_wconf 83' lang='grc' dir='ltr'>μάλα</span> <span class='ocrx_word' id='word_1_327' title='bbox 3132 1818 3343 1890; x_wconf 79' lang='grc' dir='ltr'>καιρίαν</span> <span class='ocrx_word' id='word_1_328' title='bbox 3389 1818 3477 1872; x_wconf 81' lang='grc' dir='ltr'><strong>καὶ</strong></span> <span class='ocrx_word' id='word_1_329' title='bbox 3520 1823 3599 1891; x_wconf 79' lang='grc' dir='ltr'>τῷ</span> <span class='ocrx_word' id='word_1_330' title='bbox 3643 1827 3817 1897; x_wconf 80' lang='grc' dir='ltr'>καιρῷ</span> <span class='ocrx_word' id='word_1_331' title='bbox 3846 1823 4007 1899; x_wconf 85' lang='grc' dir='ltr'>πρόσ-</span> 
     </span>
    </p>
   </div>
   <div class='ocr_carea' id='block_1_44' title="bbox 2361 1902 4006 1987">
    <p class='ocr_par' dir='ltr' id='par_1_44' title="bbox 2361 1902 4006 1987">
     <span class='ocr_line' id='line_1_44' title="bbox 2361 1902 4006 1987; baseline 0.007 -30"><span class='ocrx_word' id='word_1_332' title='bbox 2361 1923 2551 1981; x_wconf 93' lang='grc' dir='ltr'>φορον,</span> <span class='ocrx_word' id='word_1_333' title='bbox 2584 1905 2646 1973; x_wconf 81' lang='grc' dir='ltr'>ἣν</span> <span class='ocrx_word' id='word_1_334' title='bbox 2676 1902 2771 1959; x_wconf 78' lang='grc' dir='ltr'>κᾶν</span> <span class='ocrx_word' id='word_1_335' title='bbox 2806 1904 2982 1969; x_wconf 72' lang='grc' dir='ltr'>ἄλλος</span> <span class='ocrx_word' id='word_1_336' title='bbox 3011 1904 3237 1983; x_wconf 72' lang='grc' dir='ltr'>εἷσᾶγειν</span> <span class='ocrx_word' id='word_1_337' title='bbox 3290 1908 3580 1979; x_wconf 58' lang='grc' dir='ltr'>ἀπώκνησε</span> <span class='ocrx_word' id='word_1_338' title='bbox 3629 1912 3763 1987; x_wconf 88' lang='grc' dir='ltr'>πρὸς</span> <span class='ocrx_word' id='word_1_339' title='bbox 3808 1914 3869 1966; x_wconf 85' lang='grc' dir='ltr'>τὸ</span> <span class='ocrx_word' id='word_1_340' title='bbox 3912 1918 4006 1967; x_wconf 76' lang='grc' dir='ltr'>τοῦ</span> 
     </span>
    </p>
   </div>
   <div class='ocr_carea' id='block_1_45' title="bbox 2360 1990 4007 2075">
    <p class='ocr_par' dir='ltr' id='par_1_45' title="bbox 2360 1990 4007 2075">
     <span class='ocr_line' id='line_1_45' title="bbox 2360 1990 4007 2075; baseline 0.006 -29"><span class='ocrx_word' id='word_1_341' title='bbox 2360 1994 2683 2069; x_wconf 71' lang='grc' dir='ltr'>πράγματος</span> <span class='ocrx_word' id='word_1_342' title='bbox 2712 1993 2964 2070; x_wconf 72' lang='grc' dir='ltr'>ὀλέθριον</span> <span class='ocrx_word' id='word_1_343' title='bbox 3027 1990 3369 2070; x_wconf 79' lang='grc' dir='ltr'>ἀποϐλέψας.</span> <span class='ocrx_word' id='word_1_344' title='bbox 3404 1995 3581 2061; x_wconf 74' lang='grc' dir='ltr'><strong>Εἰδὼς</strong></span> <span class='ocrx_word' id='word_1_345' title='bbox 3622 2000 3722 2075; x_wconf 80' lang='grc' dir='ltr'>γὰρ</span> <span class='ocrx_word' id='word_1_346' title='bbox 3773 1999 4007 2063; x_wconf 75' lang='grc' dir='ltr'>ἐκείνους</span> 
     </span>
    </p>
   </div>
   <div class='ocr_carea' id='block_1_46' title="bbox 2366 2082 4009 2165">
    <p class='ocr_par' dir='ltr' id='par_1_46' title="bbox 2366 2082 4009 2165">
     <span class='ocr_line' id='line_1_46' title="bbox 2366 2082 4009 2165; baseline 0.005 -28"><span class='ocrx_word' id='word_1_347' title='bbox 2366 2084 2715 2158; x_wconf 79' lang='grc' dir='ltr'>μαχομένους</span> <span class='ocrx_word' id='word_1_348' title='bbox 2745 2083 2796 2154; x_wconf 69' lang='grc' dir='ltr'><strong>ἐξ</strong></span> <span class='ocrx_word' id='word_1_349' title='bbox 2828 2082 3064 2160; x_wconf 76' lang='grc' dir='ltr'>ἀνᾶγκης</span> <span class='ocrx_word' id='word_1_350' title='bbox 3105 2086 3192 2141; x_wconf 86' lang='grc' dir='ltr'><strong>καὶ</strong></span> <span class='ocrx_word' id='word_1_351' title='bbox 3229 2087 3360 2161; x_wconf 75' lang='grc' dir='ltr'>ὑπὶρ</span> <span class='ocrx_word' id='word_1_352' title='bbox 3392 2082 3619 2160; x_wconf 86' lang='grc' dir='ltr'>δύναμιν</span> <span class='ocrx_word' id='word_1_353' title='bbox 3666 2089 3799 2164; x_wconf 83' lang='grc' dir='ltr'>ὑπέρ</span> <span class='ocrx_word' id='word_1_354' title='bbox 3828 2112 3885 2145; x_wconf 91' lang='grc' dir='ltr'><strong>τε</strong></span> <span class='ocrx_word' id='word_1_355' title='bbox 3913 2114 4009 2165; x_wconf 86' lang='grc' dir='ltr'>γυ-</span> 
     </span>
    </p>
   </div>
   <div class='ocr_carea' id='block_1_47' title="bbox 2362 2170 4007 2249">
    <p class='ocr_par' dir='ltr' id='par_1_47' title="bbox 2362 2170 4007 2249">
     <span class='ocr_line' id='line_1_47' title="bbox 2362 2170 4007 2249; baseline 0.005 -26"><span class='ocrx_word' id='word_1_356' title='bbox 2362 2175 2561 2226; x_wconf 84' lang='grc' dir='ltr'>ναικῶν</span> <span class='ocrx_word' id='word_1_357' title='bbox 2591 2172 2681 2225; x_wconf 85' lang='grc' dir='ltr'><strong>καὶ</strong></span> <span class='ocrx_word' id='word_1_358' title='bbox 2713 2173 2951 2243; x_wconf 80' lang='grc' dir='ltr'>γνησίων</span> <span class='ocrx_word' id='word_1_359' title='bbox 2986 2170 3150 2227; x_wconf 70' lang='grc' dir='ltr'>οἴκων</span> <span class='ocrx_word' id='word_1_360' title='bbox 3181 2193 3240 2227; x_wconf 89' lang='grc' dir='ltr'><strong>τε</strong></span> <span class='ocrx_word' id='word_1_361' title='bbox 3269 2174 3357 2228; x_wconf 81' lang='grc' dir='ltr'><strong>καὶ</strong></span> <span class='ocrx_word' id='word_1_362' title='bbox 3408 2176 3719 2249; x_wconf 73' lang='grc' dir='ltr'>περιουσίας</span> <span class='ocrx_word' id='word_1_363' title='bbox 3773 2176 4007 2248; x_wconf 73' lang='grc' dir='ltr'>ἁπᾶσης,</span> 
     </span>
    </p>
   </div>
   <div class='ocr_carea' id='block_1_48' title="bbox 2362 2260 4009 2336">
    <p class='ocr_par' dir='ltr' id='par_1_48' title="bbox 2362 2260 4009 2336">
     <span class='ocr_line' id='line_1_48' title="bbox 2362 2260 4009 2336; baseline 0.005 -23"><span class='ocrx_word' id='word_1_364' title='bbox 2362 2260 2451 2314; x_wconf 89' lang='grc' dir='ltr'><strong>καὶ</strong></span> <span class='ocrx_word' id='word_1_365' title='bbox 2510 2260 2633 2322; x_wconf 76' lang='grc' dir='ltr'>συὸς</span> <span class='ocrx_word' id='word_1_366' title='bbox 2692 2263 2893 2335; x_wconf 89' lang='grc' dir='ltr'>τρόπον</span> <span class='ocrx_word' id='word_1_367' title='bbox 2936 2261 3426 2333; x_wconf 82' lang='grc' dir='ltr'>ἐπιτεθησομένους</span> <span class='ocrx_word' id='word_1_368' title='bbox 3478 2264 3609 2336; x_wconf 69' lang='grc' dir='ltr'>ὑπὲρ</span> <span class='ocrx_word' id='word_1_369' title='bbox 3655 2265 3827 2320; x_wconf 80' lang='grc' dir='ltr'>αὐτῶν</span> <span class='ocrx_word' id='word_1_370' title='bbox 3871 2267 4009 2322; x_wconf 78' lang='grc' dir='ltr'>ὥστε</span> 
     </span>
    </p>
   </div>
   <div class='ocr_carea' id='block_1_49' title="bbox 2363 2351 4003 2429">
    <p class='ocr_par' dir='ltr' id='par_1_49' title="bbox 2363 2351 4003 2429">
     <span class='ocr_line' id='line_1_49' title="bbox 2363 2351 4003 2429; baseline 0.005 -27"><span class='ocrx_word' id='word_1_371' title='bbox 2363 2351 2396 2419; x_wconf 75' lang='grc' dir='ltr'><strong>ἢ</strong></span> <span class='ocrx_word' id='word_1_372' title='bbox 2424 2351 2803 2425; x_wconf 75' lang='grc' dir='ltr'>περιγενέσθαι</span> <span class='ocrx_word' id='word_1_373' title='bbox 2835 2353 2869 2422; x_wconf 74' lang='grc' dir='ltr'><strong>ἢ</strong></span> <span class='ocrx_word' id='word_1_374' title='bbox 2906 2352 3012 2425; x_wconf 82' lang='grc' dir='ltr'>μὴν</span> <span class='ocrx_word' id='word_1_375' title='bbox 3053 2359 3231 2407; x_wconf 87' lang='grc' dir='ltr'>πεσεῖν</span> <span class='ocrx_word' id='word_1_376' title='bbox 3286 2353 3549 2421; x_wconf 76' lang='grc' dir='ltr'>εὐκλεῶς,</span> <span class='ocrx_word' id='word_1_377' title='bbox 3584 2351 3866 2418; x_wconf 77' lang='grc' dir='ltr'>εὐϐούλως</span> <span class='ocrx_word' id='word_1_378' title='bbox 3911 2379 4003 2429; x_wconf 84' lang='grc' dir='ltr'>με·</span> 
     </span>
    </p>
   </div>
   <div class='ocr_carea' id='block_1_50' title="bbox 2369 2438 4013 2518">
    <p class='ocr_par' dir='ltr' id='par_1_50' title="bbox 2369 2438 4013 2518">
     <span class='ocr_line' id='line_1_50' title="bbox 2369 2438 4013 2518; baseline 0.006 -26"><span class='ocrx_word' id='word_1_379' title='bbox 2369 2438 2507 2512; x_wconf 83' lang='grc' dir='ltr'>ρίζει</span> <span class='ocrx_word' id='word_1_380' title='bbox 2556 2440 2654 2508; x_wconf 83' lang='grc' dir='ltr'>τήν</span> <span class='ocrx_word' id='word_1_381' title='bbox 2699 2440 2914 2514; x_wconf 89' lang='grc' dir='ltr'>χρείαν,</span> <span class='ocrx_word' id='word_1_382' title='bbox 2953 2443 3043 2496; x_wconf 86' lang='grc' dir='ltr'><strong>καὶ</strong></span> <span class='ocrx_word' id='word_1_383' title='bbox 3093 2446 3198 2518; x_wconf 83' lang='grc' dir='ltr'>πῦρ</span> <span class='ocrx_word' id='word_1_384' title='bbox 3248 2444 3340 2515; x_wconf 77' lang='grc' dir='ltr'><strong>μὶν</strong></span> <span class='ocrx_word' id='word_1_385' title='bbox 3376 2439 3634 2516; x_wconf 76' lang='grc' dir='ltr'>ἐμϐαλεῖν</span> <span class='ocrx_word' id='word_1_386' title='bbox 3673 2446 4013 2515; x_wconf 75' lang='grc' dir='ltr'>ὑποτίθεται,</span> 
     </span>
    </p>
   </div>
   <div class='ocr_carea' id='block_1_51' title="bbox 2358 2660 4014 2735">
    <p class='ocr_par' dir='ltr' id='par_1_51' title="bbox 2358 2660 4014 2735">
     <span class='ocr_line' id='line_1_51' title="bbox 2358 2660 4014 2735; baseline 0.005 -22"><span class='ocrx_word' id='word_1_387' title='bbox 2358 2660 2643 2731; x_wconf 87' lang='lat' dir='ltr'><strong>fractique</strong></span> <span class='ocrx_word' id='word_1_388' title='bbox 2674 2660 2889 2716; x_wconf 89' lang='lat' dir='ltr'><strong>animis</strong></span> <span class='ocrx_word' id='word_1_389' title='bbox 2921 2665 3061 2716; x_wconf 89' lang='lat' dir='ltr'><strong>sunt</strong></span> <span class='ocrx_word' id='word_1_390' title='bbox 3095 2661 3331 2718; x_wconf 90' lang='lat' dir='ltr'><strong>horrore</strong></span> <span class='ocrx_word' id='word_1_391' title='bbox 3353 2662 3715 2722; x_wconf 90' lang='lat' dir='ltr'><strong>discriminis</strong></span> <span class='ocrx_word' id='word_1_392' title='bbox 3737 2669 4014 2735; x_wconf 80' lang='lat' dir='ltr'><strong>extremi,</strong></span> 
     </span>
    </p>
   </div>
   <div class='ocr_carea' id='block_1_52' title="bbox 2356 2748 4014 2827">
    <p class='ocr_par' dir='ltr' id='par_1_52' title="bbox 2356 2748 4014 2827">
     <span class='ocr_line' id='line_1_52' title="bbox 2356 2748 4014 2827; baseline 0.007 -25"><span class='ocrx_word' id='word_1_393' title='bbox 2356 2748 2414 2803; x_wconf 92' lang='lat' dir='ltr'><strong>in</strong></span> <span class='ocrx_word' id='word_1_394' title='bbox 2448 2765 2563 2821; x_wconf 90' lang='lat' dir='ltr'><strong>quo</strong></span> <span class='ocrx_word' id='word_1_395' title='bbox 2592 2750 2812 2805; x_wconf 87' lang='lat' dir='ltr'><strong>versari</strong></span> <span class='ocrx_word' id='word_1_396' title='bbox 2844 2750 3147 2806; x_wconf 89' lang='lat' dir='ltr'><strong>carissima</strong></span> <span class='ocrx_word' id='word_1_397' title='bbox 3178 2750 3427 2823; x_wconf 86' lang='lat' dir='ltr'><strong>pignora</strong></span> <span class='ocrx_word' id='word_1_398' title='bbox 3448 2751 3769 2811; x_wconf 90' lang='lat' dir='ltr'><strong>liberorum</strong></span> <span class='ocrx_word' id='word_1_399' title='bbox 3801 2757 4014 2827; x_wconf 88' lang='lat' dir='ltr'><strong>conju-</strong></span> 
     </span>
    </p>
   </div>
   <div class='ocr_carea' id='block_1_53' title="bbox 2356 2840 4013 2915">
    <p class='ocr_par' dir='ltr' id='par_1_53' title="bbox 2356 2840 4013 2915">
     <span class='ocr_line' id='line_1_53' title="bbox 2356 2840 4013 2915; baseline 0.004 -23"><span class='ocrx_word' id='word_1_400' title='bbox 2356 2852 2614 2911; x_wconf 88' lang='lat' dir='ltr'><strong>gumqua</strong></span> <span class='ocrx_word' id='word_1_401' title='bbox 2635 2840 2990 2896; x_wconf 82' lang='lat' dir='ltr'><strong>sentiebant.</strong></span> <span class='ocrx_word' id='word_1_402' title='bbox 3022 2840 3211 2904; x_wconf 83' lang='lat' dir='ltr'><strong>Quare</strong></span> <span class='ocrx_word' id='word_1_403' title='bbox 3243 2856 3449 2897; x_wconf 89' lang='lat' dir='ltr'><strong>omnes</strong></span> <span class='ocrx_word' id='word_1_404' title='bbox 3482 2857 3597 2898; x_wconf 91' lang='lat' dir='ltr'><strong>uno</strong></span> <span class='ocrx_word' id='word_1_405' title='bbox 3623 2843 3845 2915; x_wconf 84' lang='lat' dir='ltr'><strong>impetu</strong></span> <span class='ocrx_word' id='word_1_406' title='bbox 3891 2846 4013 2900; x_wconf 85' lang='lat' dir='ltr'><strong>sol-</strong></span> 
     </span>
    </p>
   </div>
   <div class='ocr_carea' id='block_1_54' title="bbox 591 2926 4017 3002">
    <p class='ocr_par' dir='ltr' id='par_1_54' title="bbox 591 2926 4017 3002">
     <span class='ocr_line' id='line_1_54' title="bbox 591 2926 4017 3002; baseline 0 -15"><span class='ocrx_word' id='word_1_407' title='bbox 591 2931 794 2987; x_wconf 89' lang='lat' dir='ltr'><strong>relicta</strong></span> <span class='ocrx_word' id='word_1_408' title='bbox 823 2929 982 3002; x_wconf 91' lang='lat' dir='ltr'><strong>regia</strong></span> <span class='ocrx_word' id='word_1_409' title='bbox 1029 2928 1506 2996; x_wconf 87' lang='lat' dir='ltr'><strong>Blachernarum,</strong></span> <span class='ocrx_word' id='word_1_410' title='bbox 1560 2926 1825 3000; x_wconf 81' lang='lat' dir='ltr'><strong>nihilque</strong></span> <span class='ocrx_word' id='word_1_411' title='bbox 1872 2927 1944 2983; x_wconf 91' lang='lat' dir='ltr'><strong>ad</strong></span> <span class='ocrx_word' id='word_1_412' title='bbox 1993 2927 2245 2983; x_wconf 86' lang='lat' dir='ltr'><strong>salutem</strong></span> <span class='ocrx_word' id='word_1_413' title='bbox 2353 2931 2521 2999; x_wconf 89' lang='lat' dir='ltr'><strong>vunt,</strong></span> <span class='ocrx_word' id='word_1_414' title='bbox 2553 2943 2855 2985; x_wconf 83' lang='lat' dir='ltr'><strong>occurrere</strong></span> <span class='ocrx_word' id='word_1_415' title='bbox 2877 2930 2947 2984; x_wconf 91' lang='lat' dir='ltr'><strong>ad</strong></span> <span class='ocrx_word' id='word_1_416' title='bbox 2980 2929 3382 2986; x_wconf 83' lang='lat' dir='ltr'><strong>defensionem</strong></span> <span class='ocrx_word' id='word_1_417' title='bbox 3415 2934 3517 2987; x_wconf 86' lang='lat' dir='ltr'><strong>aut</strong></span> <span class='ocrx_word' id='word_1_418' title='bbox 3537 2930 3820 2989; x_wconf 86' lang='lat' dir='ltr'><strong>ultionem</strong></span> <span class='ocrx_word' id='word_1_419' title='bbox 3847 2934 4017 2989; x_wconf 87' lang='lat' dir='ltr'><strong>festi-</strong></span> 
     </span>
    </p>
   </div>
   <div class='ocr_carea' id='block_1_55' title="bbox 595 3016 2248 3092">
    <p class='ocr_par' dir='ltr' id='par_1_55' title="bbox 595 3016 2248 3092">
     <span class='ocr_line' id='line_1_55' title="bbox 595 3016 2248 3092; baseline -0.003 -15"><span class='ocrx_word' id='word_1_420' title='bbox 595 3021 720 3092; x_wconf 91' lang='lat' dir='ltr'><strong>spei</strong></span> <span class='ocrx_word' id='word_1_421' title='bbox 751 3018 1010 3091; x_wconf 88' lang='lat' dir='ltr'><strong>amplius</strong></span> <span class='ocrx_word' id='word_1_422' title='bbox 1039 3018 1098 3074; x_wconf 91' lang='lat' dir='ltr'><strong>in</strong></span> <span class='ocrx_word' id='word_1_423' title='bbox 1129 3023 1288 3075; x_wconf 92' lang='lat' dir='ltr'><strong>terra</strong></span> <span class='ocrx_word' id='word_1_424' title='bbox 1317 3016 1700 3083; x_wconf 88' lang='lat' dir='ltr'><strong>constituens,</strong></span> <span class='ocrx_word' id='word_1_425' title='bbox 1734 3031 1910 3074; x_wconf 87' lang='lat' dir='ltr'><strong>cursu</strong></span> <span class='ocrx_word' id='word_1_426' title='bbox 1944 3017 2248 3073; x_wconf 90' lang='lat' dir='ltr'><strong>contendit</strong></span> 
     </span>
    </p>
   </div>
   <div class='ocr_carea' id='block_1_56' title="bbox 596 3106 2249 3182">
    <p class='ocr_par' dir='ltr' id='par_1_56' title="bbox 596 3106 2249 3182">
     <span class='ocr_line' id='line_1_56' title="bbox 596 3106 2249 3182; baseline -0.003 -16"><span class='ocrx_word' id='word_1_427' title='bbox 596 3112 667 3166; x_wconf 90' lang='lat' dir='ltr'><strong>ad</strong></span> <span class='ocrx_word' id='word_1_428' title='bbox 694 3125 977 3182; x_wconf 87' lang='lat' dir='ltr'><strong>magnum</strong></span> <span class='ocrx_word' id='word_1_429' title='bbox 1005 3108 1287 3182; x_wconf 87' lang='lat' dir='ltr'><strong>palatium</strong></span> <span class='ocrx_word' id='word_1_430' title='bbox 1308 3122 1322 3162; x_wconf 90' lang='lat'><strong>:</strong></span> <span class='ocrx_word' id='word_1_431' title='bbox 1343 3106 1490 3163; x_wconf 91' lang='lat' dir='ltr'><strong>mari</strong></span> <span class='ocrx_word' id='word_1_432' title='bbox 1513 3107 1667 3163; x_wconf 88' lang='lat' dir='ltr'><strong>enim</strong></span> <span class='ocrx_word' id='word_1_433' title='bbox 1690 3106 1824 3179; x_wconf 93' lang='lat' dir='ltr'><strong>pius</strong></span> <span class='ocrx_word' id='word_1_434' title='bbox 1850 3106 2160 3175; x_wconf 85' lang='lat' dir='ltr'><strong>fidebat,et</strong></span> <span class='ocrx_word' id='word_1_435' title='bbox 2184 3110 2249 3161; x_wconf 93' lang='lat' dir='ltr'><strong>ut</strong></span> 
     </span>
    </p>
   </div>
   <div class='ocr_carea' id='block_1_57' title="bbox 2357 3018 4014 3094">
    <p class='ocr_par' dir='ltr' id='par_1_57' title="bbox 2357 3018 4014 3094">
     <span class='ocr_line' id='line_1_57' title="bbox 2357 3018 4014 3094; baseline 0.005 -23"><span class='ocrx_word' id='word_1_436' title='bbox 2357 3020 2586 3073; x_wconf 87' lang='lat' dir='ltr'><strong>nantes.</strong></span> <span class='ocrx_word' id='word_1_437' title='bbox 2620 3018 2803 3074; x_wconf 79' lang='lat' dir='ltr'><strong>Aiunt</strong></span> <span class='ocrx_word' id='word_1_438' title='bbox 2828 3018 3077 3075; x_wconf 82' lang='lat' dir='ltr'><strong>classem</strong></span> <span class='ocrx_word' id='word_1_439' title='bbox 3112 3019 3455 3076; x_wconf 87' lang='lat' dir='ltr'><strong>Latinorum</strong></span> <span class='ocrx_word' id='word_1_440' title='bbox 3486 3022 3560 3077; x_wconf 86' lang='lat' dir='ltr'><strong>ad</strong></span> <span class='ocrx_word' id='word_1_441' title='bbox 3602 3020 4014 3094; x_wconf 90' lang='lat' dir='ltr'><strong>Daphnusiam</strong></span> 
     </span>
    </p>
   </div>
   <div class='ocr_carea' id='block_1_58' title="bbox 2358 3104 4016 3181">
    <p class='ocr_par' dir='ltr' id='par_1_58' title="bbox 2358 3104 4016 3181">
     <span class='ocr_line' id='line_1_58' title="bbox 2358 3104 4016 3181; baseline 0.005 -21"><span class='ocrx_word' id='word_1_442' title='bbox 2358 3104 2539 3161; x_wconf 82' lang='lat' dir='ltr'><strong>fuisse</strong></span> <span class='ocrx_word' id='word_1_443' title='bbox 2565 3108 2799 3162; x_wconf 88' lang='lat' dir='ltr'><strong>navium</strong></span> <span class='ocrx_word' id='word_1_444' title='bbox 2816 3105 3122 3181; x_wconf 89' lang='lat' dir='ltr'><strong>longarum</strong></span> <span class='ocrx_word' id='word_1_445' title='bbox 3138 3108 3624 3181; x_wconf 85' lang='lat' dir='ltr'><strong>circitertriginta</strong></span> <span class='ocrx_word' id='word_1_446' title='bbox 3648 3109 4016 3169; x_wconf 90' lang='lat' dir='ltr'><strong>unircmium</strong></span> 
     </span>
    </p>
   </div>
   <div class='ocr_carea' id='block_1_59' title="bbox 591 3194 4020 3271">
    <p class='ocr_par' dir='ltr' id='par_1_59' title="bbox 591 3194 4020 3271">
     <span class='ocr_line' id='line_1_59' title="bbox 591 3194 4020 3271; baseline -0 -14"><span class='ocrx_word' id='word_1_447' title='bbox 591 3204 734 3269; x_wconf 89' lang='lat' dir='ltr'><strong>erat,</strong></span> <span class='ocrx_word' id='word_1_448' title='bbox 756 3200 977 3255; x_wconf 89' lang='lat' dir='ltr'><strong>amisso</strong></span> <span class='ocrx_word' id='word_1_449' title='bbox 1001 3199 1212 3271; x_wconf 89' lang='lat' dir='ltr'><strong>capitis</strong></span> <span class='ocrx_word' id='word_1_450' title='bbox 1232 3198 1490 3269; x_wconf 84' lang='lat' dir='ltr'><strong>tegmine</strong></span> <span class='ocrx_word' id='word_1_451' title='bbox 1516 3197 1861 3270; x_wconf 88' lang='lat' dir='ltr'><strong>abjectoqus</strong></span> <span class='ocrx_word' id='word_1_452' title='bbox 1880 3197 2247 3269; x_wconf 88' lang='lat' dir='ltr'><strong>ense,ipsius</strong></span> <span class='ocrx_word' id='word_1_453' title='bbox 2278 3200 2321 3269; x_wconf 74' lang='grc' dir='ltr'>α</span> <span class='ocrx_word' id='word_1_454' title='bbox 2359 3198 2460 3249; x_wconf 92' lang='lat' dir='ltr'><strong>aut</strong></span> <span class='ocrx_word' id='word_1_455' title='bbox 2488 3194 2838 3251; x_wconf 85' lang='lat' dir='ltr'><strong>triremium.</strong></span> <span class='ocrx_word' id='word_1_456' title='bbox 2872 3196 3095 3260; x_wconf 74' lang='lat' dir='ltr'><strong>Quibus</strong></span> <span class='ocrx_word' id='word_1_457' title='bbox 3128 3196 3355 3253; x_wconf 84' lang='lat' dir='ltr'><strong>cunctis</strong></span> <span class='ocrx_word' id='word_1_458' title='bbox 3385 3201 3504 3253; x_wconf 87' lang='lat' dir='ltr'><strong>toto</strong></span> <span class='ocrx_word' id='word_1_459' title='bbox 3536 3196 3755 3270; x_wconf 84' lang='lat' dir='ltr'><strong>impetu</strong></span> <span class='ocrx_word' id='word_1_460' title='bbox 3782 3200 3853 3255; x_wconf 89' lang='lat' dir='ltr'><strong>ad</strong></span> <span class='ocrx_word' id='word_1_461' title='bbox 3913 3217 4020 3255; x_wconf 82' lang='lat' dir='ltr'><strong>ur-</strong></span> 
     </span>
    </p>
   </div>
   <div class='ocr_carea' id='block_1_60' title="bbox 591 3285 2246 3361">
    <p class='ocr_par' dir='ltr' id='par_1_60' title="bbox 591 3285 2246 3361">
     <span class='ocr_line' id='line_1_60' title="bbox 591 3285 2246 3361; baseline -0.001 -18"><span class='ocrx_word' id='word_1_462' title='bbox 591 3288 929 3361; x_wconf 82' lang='lat' dir='ltr'><strong>insignibus</strong></span> <span class='ocrx_word' id='word_1_463' title='bbox 959 3288 1212 3359; x_wconf 90' lang='lat' dir='ltr'><strong>imperii.</strong></span> <span class='ocrx_word' id='word_1_464' title='bbox 1240 3287 1369 3342; x_wconf 89' lang='lat' dir='ltr'><strong>navi</strong></span> <span class='ocrx_word' id='word_1_465' title='bbox 1402 3288 1616 3358; x_wconf 86' lang='lat' dir='ltr'><strong>raptim</strong></span> <span class='ocrx_word' id='word_1_466' title='bbox 1641 3303 1973 3343; x_wconf 65' lang='lat' dir='ltr'><strong>conscensis</strong></span> <span class='ocrx_word' id='word_1_467' title='bbox 1995 3285 2246 3342; x_wconf 85' lang='lat' dir='ltr'><strong>salutem</strong></span> 
     </span>
    </p>
   </div>
   <div class='ocr_carea' id='block_1_61' title="bbox 590 3375 2247 3449">
    <p class='ocr_par' dir='ltr' id='par_1_61' title="bbox 590 3375 2247 3449">
     <span class='ocr_line' id='line_1_61' title="bbox 590 3375 2247 3449; baseline -0.002 -15"><span class='ocrx_word' id='word_1_468' title='bbox 590 3378 857 3434; x_wconf 81' lang='lat' dir='ltr'><strong>credidit.</strong></span> <span class='ocrx_word' id='word_1_469' title='bbox 880 3378 960 3433; x_wconf 87' lang='lat' dir='ltr'><strong>Ea</strong></span> <span class='ocrx_word' id='word_1_470' title='bbox 983 3394 1153 3448; x_wconf 87' lang='lat' dir='ltr'><strong>porro</strong></span> <span class='ocrx_word' id='word_1_471' title='bbox 1177 3376 1271 3431; x_wconf 90' lang='lat' dir='ltr'><strong>die</strong></span> <span class='ocrx_word' id='word_1_472' title='bbox 1293 3377 1473 3432; x_wconf 90' lang='lat' dir='ltr'><strong>duces</strong></span> <span class='ocrx_word' id='word_1_473' title='bbox 1498 3375 2247 3449; x_wconf 53' lang='lat' dir='ltr'><strong>Romanaephaiangisquo</strong></span> 
     </span>
    </p>
   </div>
   <div class='ocr_carea' id='block_1_62' title="bbox 591 3465 2246 3537">
    <p class='ocr_par' dir='ltr' id='par_1_62' title="bbox 591 3465 2246 3537">
     <span class='ocr_line' id='line_1_62' title="bbox 591 3465 2246 3537; baseline -0.002 -13"><span class='ocrx_word' id='word_1_474' title='bbox 591 3468 848 3524; x_wconf 78' lang='lat' dir='ltr'><strong>militum</strong></span> <span class='ocrx_word' id='word_1_475' title='bbox 882 3465 1478 3522; x_wconf 89' lang='lat' dir='ltr'><strong>studiaincenderent</strong></span> <span class='ocrx_word' id='word_1_476' title='bbox 1508 3466 1579 3520; x_wconf 91' lang='lat' dir='ltr'><strong>ad</strong></span> <span class='ocrx_word' id='word_1_477' title='bbox 1630 3465 2103 3537; x_wconf 78' lang='lat' dir='ltr'><strong>investigandum</strong></span> <span class='ocrx_word' id='word_1_478' title='bbox 2149 3482 2246 3521; x_wconf 90' lang='lat' dir='ltr'><strong>ca-</strong></span> 
     </span>
    </p>
   </div>
   <div class='ocr_carea' id='block_1_63' title="bbox 589 3554 2246 3629">
    <p class='ocr_par' dir='ltr' id='par_1_63' title="bbox 589 3554 2246 3629">
     <span class='ocr_line' id='line_1_63' title="bbox 589 3554 2246 3629; baseline 0 -18"><span class='ocrx_word' id='word_1_479' title='bbox 589 3557 992 3629; x_wconf 90' lang='lat' dir='ltr'><strong>piendumque</strong></span> <span class='ocrx_word' id='word_1_480' title='bbox 1015 3555 1354 3611; x_wconf 90' lang='lat' dir='ltr'><strong>Latinorum</strong></span> <span class='ocrx_word' id='word_1_481' title='bbox 1375 3556 1812 3626; x_wconf 85' lang='lat' dir='ltr'><strong>imperatorem,</strong></span> <span class='ocrx_word' id='word_1_482' title='bbox 1838 3554 2032 3627; x_wconf 84' lang='lat' dir='ltr'><strong>palam</strong></span> <span class='ocrx_word' id='word_1_483' title='bbox 2056 3558 2246 3612; x_wconf 90' lang='lat' dir='ltr'><strong>osten-</strong></span> 
     </span>
    </p>
   </div>
   <div class='ocr_carea' id='block_1_64' title="bbox 590 3643 2243 3715">
    <p class='ocr_par' dir='ltr' id='par_1_64' title="bbox 590 3643 2243 3715">
     <span class='ocr_line' id='line_1_64' title="bbox 590 3643 2243 3715; baseline -0.001 -14"><span class='ocrx_word' id='word_1_484' title='bbox 590 3650 789 3701; x_wconf 90' lang='lat' dir='ltr'><strong>tarunt</strong></span> <span class='ocrx_word' id='word_1_485' title='bbox 810 3643 1042 3715; x_wconf 89' lang='lat' dir='ltr'><strong>imperii</strong></span> <span class='ocrx_word' id='word_1_486' title='bbox 1072 3644 1205 3714; x_wconf 84' lang='lat' dir='ltr'><strong>ejus</strong></span> <span class='ocrx_word' id='word_1_487' title='bbox 1238 3643 1515 3715; x_wconf 86' lang='lat' dir='ltr'><strong>insignia,</strong></span> <span class='ocrx_word' id='word_1_488' title='bbox 1547 3659 1677 3715; x_wconf 67' lang='lat' dir='ltr'><strong>quas</strong></span> <span class='ocrx_word' id='word_1_489' title='bbox 1701 3645 1856 3715; x_wconf 88' lang='lat' dir='ltr'><strong>quod</strong></span> <span class='ocrx_word' id='word_1_490' title='bbox 1890 3644 1949 3699; x_wconf 90' lang='lat' dir='ltr'><strong>in</strong></span> <span class='ocrx_word' id='word_1_491' title='bbox 1982 3644 2243 3701; x_wconf 89' lang='lat' dir='ltr'><strong>hostium</strong></span> 
     </span>
    </p>
   </div>
   <div class='ocr_carea' id='block_1_65' title="bbox 589 3730 2246 3805">
    <p class='ocr_par' dir='ltr' id='par_1_65' title="bbox 589 3730 2246 3805">
     <span class='ocr_line' id='line_1_65' title="bbox 589 3730 2246 3805; baseline -0.001 -15"><span class='ocrx_word' id='word_1_492' title='bbox 589 3751 799 3790; x_wconf 83' lang='lat' dir='ltr'><strong>manus</strong></span> <span class='ocrx_word' id='word_1_493' title='bbox 824 3733 1126 3790; x_wconf 86' lang='lat' dir='ltr'><strong>venissent</strong></span> <span class='ocrx_word' id='word_1_494' title='bbox 1147 3730 1373 3804; x_wconf 80' lang='lat' dir='ltr'><strong>judicio</strong></span> <span class='ocrx_word' id='word_1_495' title='bbox 1406 3737 1575 3789; x_wconf 90' lang='lat' dir='ltr'><strong>erant</strong></span> <span class='ocrx_word' id='word_1_496' title='bbox 1596 3732 1821 3805; x_wconf 82' lang='lat' dir='ltr'><strong>fugisse</strong></span> <span class='ocrx_word' id='word_1_497' title='bbox 1852 3733 2075 3805; x_wconf 82' lang='lat' dir='ltr'><strong>ipsum.</strong></span> <span class='ocrx_word' id='word_1_498' title='bbox 2110 3732 2246 3796; x_wconf 63' lang='lat' dir='ltr'><strong>Quae</strong></span> 
     </span>
    </p>
   </div>
   <div class='ocr_carea' id='block_1_66' title="bbox 587 3820 2243 3895">
    <p class='ocr_par' dir='ltr' id='par_1_66' title="bbox 587 3820 2243 3895">
     <span class='ocr_line' id='line_1_66' title="bbox 587 3820 2243 3895; baseline -0.002 -14"><span class='ocrx_word' id='word_1_499' title='bbox 587 3840 681 3881; x_wconf 88' lang='lat' dir='ltr'><strong>res</strong></span> <span class='ocrx_word' id='word_1_500' title='bbox 712 3820 888 3881; x_wconf 85' lang='lat' dir='ltr'><strong>etiam</strong></span> <span class='ocrx_word' id='word_1_501' title='bbox 920 3821 1153 3878; x_wconf 89' lang='lat' dir='ltr'><strong>valebat</strong></span> <span class='ocrx_word' id='word_1_502' title='bbox 1181 3823 1255 3878; x_wconf 90' lang='lat' dir='ltr'><strong>ad</strong></span> <span class='ocrx_word' id='word_1_503' title='bbox 1286 3824 1591 3895; x_wconf 88' lang='lat' dir='ltr'><strong>augendos</strong></span> <span class='ocrx_word' id='word_1_504' title='bbox 1624 3823 1773 3879; x_wconf 71' lang='lat'><strong>145</strong></span> <span class='ocrx_word' id='word_1_505' title='bbox 1809 3822 2088 3879; x_wconf 81' lang='lat' dir='ltr'><strong>Romanis</strong></span> <span class='ocrx_word' id='word_1_506' title='bbox 2114 3823 2243 3879; x_wconf 89' lang='lat' dir='ltr'><strong>ani-</strong></span> 
     </span>
    </p>
   </div>
   <div class='ocr_carea' id='block_1_67' title="bbox 590 3911 2242 3985">
    <p class='ocr_par' dir='ltr' id='par_1_67' title="bbox 590 3911 2242 3985">
     <span class='ocr_line' id='line_1_67' title="bbox 590 3911 2242 3985; baseline -0.002 -15"><span class='ocrx_word' id='word_1_507' title='bbox 590 3929 740 3980; x_wconf 89' lang='lat' dir='ltr'><strong>mos,</strong></span> <span class='ocrx_word' id='word_1_508' title='bbox 775 3913 978 3985; x_wconf 87' lang='lat' dir='ltr'><strong>utique</strong></span> <span class='ocrx_word' id='word_1_509' title='bbox 1010 3911 1111 3983; x_wconf 89' lang='lat' dir='ltr'><strong>qui</strong></span> <span class='ocrx_word' id='word_1_510' title='bbox 1144 3911 1411 3967; x_wconf 89' lang='lat' dir='ltr'><strong>viderent</strong></span> <span class='ocrx_word' id='word_1_511' title='bbox 1441 3911 1578 3967; x_wconf 87' lang='lat' dir='ltr'><strong>inde</strong></span> <span class='ocrx_word' id='word_1_512' title='bbox 1610 3928 1726 3969; x_wconf 90' lang='lat' dir='ltr'><strong>non</strong></span> <span class='ocrx_word' id='word_1_513' title='bbox 1779 3912 2020 3968; x_wconf 78' lang='lat' dir='ltr'><strong>difficile</strong></span> <span class='ocrx_word' id='word_1_514' title='bbox 2067 3927 2242 3984; x_wconf 90' lang='lat' dir='ltr'><strong>nego-</strong></span> 
     </span>
    </p>
   </div>
   <div class='ocr_carea' id='block_1_68' title="bbox 585 3998 2241 4073">
    <p class='ocr_par' dir='ltr' id='par_1_68' title="bbox 585 3998 2241 4073">
     <span class='ocr_line' id='line_1_68' title="bbox 585 3998 2241 4073; baseline -0.002 -13"><span class='ocrx_word' id='word_1_515' title='bbox 585 4006 739 4061; x_wconf 84' lang='lat' dir='ltr'><strong>tium</strong></span> <span class='ocrx_word' id='word_1_516' title='bbox 771 4005 993 4058; x_wconf 83' lang='lat' dir='ltr'><strong>rcstare</strong></span> <span class='ocrx_word' id='word_1_517' title='bbox 1022 3998 1388 4057; x_wconf 64' lang='lat' dir='ltr'><strong>absolvenda:</strong></span> <span class='ocrx_word' id='word_1_518' title='bbox 1408 4001 1857 4073; x_wconf 79' lang='lat' dir='ltr'><strong>expugnationis</strong></span> <span class='ocrx_word' id='word_1_519' title='bbox 1880 4001 2043 4057; x_wconf 90' lang='lat' dir='ltr'><strong>urbis</strong></span> <span class='ocrx_word' id='word_1_520' title='bbox 2064 4017 2241 4073; x_wconf 90' lang='lat' dir='ltr'><strong>quam</strong></span> 
     </span>
    </p>
   </div>
   <div class='ocr_carea' id='block_1_69' title="bbox 588 4086 2243 4162">
    <p class='ocr_par' dir='ltr' id='par_1_69' title="bbox 588 4086 2243 4162">
     <span class='ocr_line' id='line_1_69' title="bbox 588 4086 2243 4162; baseline -0.001 -16"><span class='ocrx_word' id='word_1_521' title='bbox 588 4090 638 4146; x_wconf 89' lang='lat' dir='ltr'><strong>is</strong></span> <span class='ocrx_word' id='word_1_522' title='bbox 669 4090 764 4146; x_wconf 92' lang='lat' dir='ltr'><strong>cui</strong></span> <span class='ocrx_word' id='word_1_523' title='bbox 795 4087 1031 4162; x_wconf 90' lang='lat' dir='ltr'><strong>proprie</strong></span> <span class='ocrx_word' id='word_1_524' title='bbox 1060 4088 1439 4145; x_wconf 89' lang='lat' dir='ltr'><strong>incumbebat</strong></span> <span class='ocrx_word' id='word_1_525' title='bbox 1458 4104 1527 4145; x_wconf 83' lang='lat' dir='ltr'><strong>ex</strong></span> <span class='ocrx_word' id='word_1_526' title='bbox 1547 4089 1740 4145; x_wconf 84' lang='lat' dir='ltr'><strong>officio</strong></span> <span class='ocrx_word' id='word_1_527' title='bbox 1762 4086 1913 4145; x_wconf 88' lang='lat' dir='ltr'><strong>tueri</strong></span> <span class='ocrx_word' id='word_1_528' title='bbox 1938 4104 2005 4144; x_wconf 93' lang='lat' dir='ltr'><strong>ac</strong></span> <span class='ocrx_word' id='word_1_529' title='bbox 2024 4104 2243 4160; x_wconf 85' lang='lat' dir='ltr'><strong>propu-</strong></span> 
     </span>
    </p>
   </div>
   <div class='ocr_carea' id='block_1_70' title="bbox 581 4176 2244 4251">
    <p class='ocr_par' dir='ltr' id='par_1_70' title="bbox 581 4176 2244 4251">
     <span class='ocr_line' id='line_1_70' title="bbox 581 4176 2244 4251; baseline -0.001 -16"><span class='ocrx_word' id='word_1_530' title='bbox 581 4194 763 4251; x_wconf 83' lang='lat' dir='ltr'><strong>gnara</strong></span> <span class='ocrx_word' id='word_1_531' title='bbox 796 4178 1153 4234; x_wconf 85' lang='lat' dir='ltr'><strong>deseruerat.</strong></span> <span class='ocrx_word' id='word_1_532' title='bbox 1188 4176 1447 4249; x_wconf 89' lang='lat' dir='ltr'><strong>Tegmen</strong></span> <span class='ocrx_word' id='word_1_533' title='bbox 1478 4192 1617 4249; x_wconf 86' lang='lat' dir='ltr'><strong>ergo</strong></span> <span class='ocrx_word' id='word_1_534' title='bbox 1647 4177 1875 4249; x_wconf 88' lang='lat' dir='ltr'><strong>regium</strong></span> <span class='ocrx_word' id='word_1_535' title='bbox 1919 4176 2131 4249; x_wconf 82' lang='lat' dir='ltr'><strong>capitis</strong></span> <span class='ocrx_word' id='word_1_536' title='bbox 2184 4182 2244 4233; x_wconf 87' lang='lat' dir='ltr'><strong>et</strong></span> 
     </span>
    </p>
   </div>
   <div class='ocr_carea' id='block_1_71' title="bbox 582 4264 2244 4340">
    <p class='ocr_par' dir='ltr' id='par_1_71' title="bbox 582 4264 2244 4340">
     <span class='ocr_line' id='line_1_71' title="bbox 582 4264 2244 4340; baseline -0.001 -15"><span class='ocrx_word' id='word_1_537' title='bbox 582 4283 783 4325; x_wconf 90' lang='lat' dir='ltr'><strong>ensem</strong></span> <span class='ocrx_word' id='word_1_538' title='bbox 806 4266 1184 4339; x_wconf 89' lang='lat' dir='ltr'><strong>imperatoris</strong></span> <span class='ocrx_word' id='word_1_539' title='bbox 1198 4264 1477 4339; x_wconf 86' lang='lat' dir='ltr'><strong>fugientis</strong></span> <span class='ocrx_word' id='word_1_540' title='bbox 1497 4269 1783 4337; x_wconf 89' lang='lat' dir='ltr'><strong>tanquam</strong></span> <span class='ocrx_word' id='word_1_541' title='bbox 1798 4266 2094 4339; x_wconf 81' lang='lat' dir='ltr'><strong>primitias</strong></span> <span class='ocrx_word' id='word_1_542' title='bbox 2115 4284 2244 4340; x_wconf 85' lang='lat' dir='ltr'><strong>spo-</strong></span> 
     </span>
    </p>
   </div>
   <div class='ocr_carea' id='block_1_72' title="bbox 586 4355 2244 4427">
    <p class='ocr_par' dir='ltr' id='par_1_72' title="bbox 586 4355 2244 4427">
     <span class='ocr_line' id='line_1_72' title="bbox 586 4355 2244 4427; baseline -0.002 -10"><span class='ocrx_word' id='word_1_543' title='bbox 586 4360 801 4417; x_wconf 90' lang='lat' dir='ltr'><strong>liorum</strong></span> <span class='ocrx_word' id='word_1_544' title='bbox 834 4357 999 4413; x_wconf 86' lang='lat' dir='ltr'><strong>urbis</strong></span> <span class='ocrx_word' id='word_1_545' title='bbox 1030 4360 1210 4427; x_wconf 71' lang='lat' dir='ltr'><strong>capta</strong></span> <span class='ocrx_word' id='word_1_546' title='bbox 1237 4360 1296 4412; x_wconf 83' lang='lat' dir='ltr'><strong>et</strong></span> <span class='ocrx_word' id='word_1_547' title='bbox 1322 4357 1581 4412; x_wconf 83' lang='lat' dir='ltr'><strong>votivum</strong></span> <span class='ocrx_word' id='word_1_548' title='bbox 1605 4355 1923 4413; x_wconf 87' lang='lat' dir='ltr'><strong>anathema</strong></span> <span class='ocrx_word' id='word_1_549' title='bbox 1944 4372 2244 4413; x_wconf 83' lang='lat' dir='ltr'><strong>consecra-</strong></span> 
     </span>
    </p>
   </div>
   <div class='ocr_carea' id='block_1_73' title="bbox 584 4445 2244 4519">
    <p class='ocr_par' dir='ltr' id='par_1_73' title="bbox 584 4445 2244 4519">
     <span class='ocr_line' id='line_1_73' title="bbox 584 4445 2244 4519; baseline -0.002 -14"><span class='ocrx_word' id='word_1_550' title='bbox 584 4452 726 4505; x_wconf 88' lang='lat' dir='ltr'><strong>runt</strong></span> <span class='ocrx_word' id='word_1_551' title='bbox 739 4446 935 4519; x_wconf 88' lang='lat' dir='ltr'><strong>palam</strong></span> <span class='ocrx_word' id='word_1_552' title='bbox 968 4446 1389 4517; x_wconf 81' lang='lat' dir='ltr'><strong>appendentes,</strong></span> <span class='ocrx_word' id='word_1_553' title='bbox 1424 4445 1481 4500; x_wconf 90' lang='lat' dir='ltr'><strong>id</strong></span> <span class='ocrx_word' id='word_1_554' title='bbox 1511 4460 1747 4517; x_wconf 87' lang='lat' dir='ltr'><strong>quoque</strong></span> <span class='ocrx_word' id='word_1_555' title='bbox 1777 4446 2151 4502; x_wconf 89' lang='lat' dir='ltr'><strong>consecuturi</strong></span> <span class='ocrx_word' id='word_1_556' title='bbox 2178 4450 2244 4502; x_wconf 90' lang='lat' dir='ltr'><strong>ut</strong></span> 
     </span>
    </p>
   </div>
   <div class='ocr_carea' id='block_1_74' title="bbox 585 4535 2241 4611">
    <p class='ocr_par' dir='ltr' id='par_1_74' title="bbox 585 4535 2241 4611">
     <span class='ocr_line' id='line_1_74' title="bbox 585 4535 2241 4611; baseline -0.002 -16"><span class='ocrx_word' id='word_1_557' title='bbox 585 4540 698 4596; x_wconf 88' lang='lat' dir='ltr'><strong>isto</strong></span> <span class='ocrx_word' id='word_1_558' title='bbox 732 4535 1068 4611; x_wconf 90' lang='lat' dir='ltr'><strong>spectaculo</strong></span> <span class='ocrx_word' id='word_1_559' title='bbox 1101 4535 1316 4591; x_wconf 85' lang='lat' dir='ltr'><strong>fiducia</strong></span> <span class='ocrx_word' id='word_1_560' title='bbox 1344 4536 1540 4591; x_wconf 91' lang='lat' dir='ltr'><strong>omnis</strong></span> <span class='ocrx_word' id='word_1_561' title='bbox 1580 4535 1914 4608; x_wconf 79' lang='lat' dir='ltr'><strong>Byzantinis</strong></span> <span class='ocrx_word' id='word_1_562' title='bbox 1945 4539 2241 4592; x_wconf 87' lang='lat' dir='ltr'><strong>excutere-</strong></span> 
     </span>
    </p>
   </div>
   <div class='ocr_carea' id='block_1_75' title="bbox 587 4624 2237 4699">
    <p class='ocr_par' dir='ltr' id='par_1_75' title="bbox 587 4624 2237 4699">
     <span class='ocr_line' id='line_1_75' title="bbox 587 4624 2237 4699; baseline -0.002 -15"><span class='ocrx_word' id='word_1_563' title='bbox 587 4636 702 4699; x_wconf 87' lang='lat' dir='ltr'><strong>tur,</strong></span> <span class='ocrx_word' id='word_1_564' title='bbox 735 4627 783 4683; x_wconf 89' lang='lat' dir='ltr'><strong>si</strong></span> <span class='ocrx_word' id='word_1_565' title='bbox 810 4641 989 4698; x_wconf 91' lang='lat' dir='ltr'><strong>quam</strong></span> <span class='ocrx_word' id='word_1_566' title='bbox 1009 4624 1070 4680; x_wconf 91' lang='lat' dir='ltr'><strong>in</strong></span> <span class='ocrx_word' id='word_1_567' title='bbox 1093 4624 1434 4681; x_wconf 84' lang='lat' dir='ltr'><strong>Latinorum</strong></span> <span class='ocrx_word' id='word_1_568' title='bbox 1459 4625 1670 4697; x_wconf 89' lang='lat' dir='ltr'><strong>opibus</strong></span> <span class='ocrx_word' id='word_1_569' title='bbox 1692 4628 1974 4697; x_wconf 90' lang='lat' dir='ltr'><strong>tanquam</strong></span> <span class='ocrx_word' id='word_1_570' title='bbox 2008 4625 2237 4681; x_wconf 89' lang='lat' dir='ltr'><strong>idoneis</strong></span> 
     </span>
    </p>
   </div>
   <div class='ocr_carea' id='block_1_76' title="bbox 587 4712 2241 4789">
    <p class='ocr_par' dir='ltr' id='par_1_76' title="bbox 587 4712 2241 4789">
     <span class='ocr_line' id='line_1_76' title="bbox 587 4712 2241 4789; baseline -0.002 -15"><span class='ocrx_word' id='word_1_571' title='bbox 587 4719 659 4774; x_wconf 90' lang='lat' dir='ltr'><strong>ad</strong></span> <span class='ocrx_word' id='word_1_572' title='bbox 692 4716 854 4789; x_wconf 82' lang='lat' dir='ltr'><strong>ipsos</strong></span> <span class='ocrx_word' id='word_1_573' title='bbox 881 4714 1281 4771; x_wconf 88' lang='lat' dir='ltr'><strong>defendendos</strong></span> <span class='ocrx_word' id='word_1_574' title='bbox 1312 4712 1743 4771; x_wconf 89' lang='lat' dir='ltr'><strong>collocassent:</strong></span> <span class='ocrx_word' id='word_1_575' title='bbox 1801 4714 1901 4786; x_wconf 88' lang='lat' dir='ltr'><strong>qui</strong></span> <span class='ocrx_word' id='word_1_576' title='bbox 1960 4715 2117 4770; x_wconf 90' lang='lat' dir='ltr'><strong>enim</strong></span> <span class='ocrx_word' id='word_1_577' title='bbox 2170 4715 2241 4770; x_wconf 90' lang='lat' dir='ltr'><strong>ab</strong></span> 
     </span>
    </p>
   </div>
   <div class='ocr_carea' id='block_1_77' title="bbox 594 4803 2241 4878">
    <p class='ocr_par' dir='ltr' id='par_1_77' title="bbox 594 4803 2241 4878">
     <span class='ocr_line' id='line_1_77' title="bbox 594 4803 2241 4878; baseline -0.002 -15"><span class='ocrx_word' id='word_1_578' title='bbox 594 4807 668 4863; x_wconf 92' lang='lat' dir='ltr'><strong>iis</strong></span> <span class='ocrx_word' id='word_1_579' title='bbox 686 4806 815 4878; x_wconf 85' lang='lat' dir='ltr'><strong>jam</strong></span> <span class='ocrx_word' id='word_1_580' title='bbox 845 4803 961 4861; x_wconf 92' lang='lat' dir='ltr'><strong>tale</strong></span> <span class='ocrx_word' id='word_1_581' title='bbox 992 4816 1227 4876; x_wconf 88' lang='lat' dir='ltr'><strong>sperare</strong></span> <span class='ocrx_word' id='word_1_582' title='bbox 1255 4807 1496 4875; x_wconf 84' lang='lat' dir='ltr'><strong>possent</strong></span> <span class='ocrx_word' id='word_1_583' title='bbox 1524 4819 1657 4859; x_wconf 91' lang='lat' dir='ltr'><strong>cum</strong></span> <span class='ocrx_word' id='word_1_584' title='bbox 1686 4819 1887 4859; x_wconf 92' lang='lat' dir='ltr'><strong>eorum</strong></span> <span class='ocrx_word' id='word_1_585' title='bbox 1914 4803 2241 4876; x_wconf 88' lang='lat' dir='ltr'><strong>principem</strong></span> 
     </span>
    </p>
   </div>
   <div class='ocr_carea' id='block_1_78' title="bbox 592 4892 2245 4969">
    <p class='ocr_par' dir='ltr' id='par_1_78' title="bbox 592 4892 2245 4969">
     <span class='ocr_line' id='line_1_78' title="bbox 592 4892 2245 4969; baseline -0.002 -16"><span class='ocrx_word' id='word_1_586' title='bbox 592 4911 756 4969; x_wconf 87' lang='lat' dir='ltr'><strong>spem</strong></span> <span class='ocrx_word' id='word_1_587' title='bbox 790 4910 909 4950; x_wconf 63' lang='lat' dir='ltr'><strong>sua</strong></span> <span class='ocrx_word' id='word_1_588' title='bbox 940 4892 1132 4964; x_wconf 88' lang='lat' dir='ltr'><strong>ipsius</strong></span> <span class='ocrx_word' id='word_1_589' title='bbox 1163 4892 1375 4949; x_wconf 89' lang='lat' dir='ltr'><strong>salutis</strong></span> <span class='ocrx_word' id='word_1_590' title='bbox 1406 4894 1561 4949; x_wconf 88' lang='lat' dir='ltr'><strong>uitro</strong></span> <span class='ocrx_word' id='word_1_591' title='bbox 1588 4892 1648 4947; x_wconf 91' lang='lat' dir='ltr'><strong>in</strong></span> <span class='ocrx_word' id='word_1_592' title='bbox 1680 4892 1818 4965; x_wconf 91' lang='lat' dir='ltr'><strong>fuga</strong></span> <span class='ocrx_word' id='word_1_593' title='bbox 1866 4893 2245 4949; x_wconf 88' lang='lat' dir='ltr'><strong>constituisse</strong></span> 
     </span>
    </p>
   </div>
   <div class='ocr_carea' id='block_1_79' title="bbox 584 4980 2240 5054">
    <p class='ocr_par' dir='ltr' id='par_1_79' title="bbox 584 4980 2240 5054">
     <span class='ocr_line' id='line_1_79' title="bbox 584 4980 2240 5054; baseline -0.003 -12"><span class='ocrx_word' id='word_1_594' title='bbox 584 4988 891 5043; x_wconf 89' lang='lat' dir='ltr'><strong>cernerent</strong></span> <span class='ocrx_word' id='word_1_595' title='bbox 917 4982 944 5036; x_wconf 82' lang='lat'><strong>?</strong></span> <span class='ocrx_word' id='word_1_596' title='bbox 974 4980 1202 5037; x_wconf 86' lang='lat' dir='ltr'><strong>Accidit</strong></span> <span class='ocrx_word' id='word_1_597' title='bbox 1232 4986 1427 5038; x_wconf 89' lang='lat' dir='ltr'><strong>autem</strong></span> <span class='ocrx_word' id='word_1_598' title='bbox 1458 4998 1526 5038; x_wconf 90' lang='lat' dir='ltr'><strong>ea</strong></span> <span class='ocrx_word' id='word_1_599' title='bbox 1549 4999 1643 5039; x_wconf 88' lang='lat' dir='ltr'><strong>res</strong></span> <span class='ocrx_word' id='word_1_600' title='bbox 1699 4985 1821 5038; x_wconf 87' lang='lat' dir='ltr'><strong>tam</strong></span> <span class='ocrx_word' id='word_1_601' title='bbox 1880 4981 2051 5054; x_wconf 89' lang='lat' dir='ltr'><strong>mira,</strong></span> <span class='ocrx_word' id='word_1_602' title='bbox 2107 4998 2240 5037; x_wconf 91' lang='lat' dir='ltr'><strong>cum</strong></span> 
     </span>
    </p>
   </div>
   <div class='ocr_carea' id='block_1_80' title="bbox 585 5070 2245 5145">
    <p class='ocr_par' dir='ltr' id='par_1_80' title="bbox 585 5070 2245 5145">
     <span class='ocr_line' id='line_1_80' title="bbox 585 5070 2245 5145; baseline 0 -18"><span class='ocrx_word' id='word_1_603' title='bbox 585 5074 821 5145; x_wconf 88' lang='lat' dir='ltr'><strong>vulgata</strong></span> <span class='ocrx_word' id='word_1_604' title='bbox 853 5075 964 5141; x_wconf 89' lang='lat' dir='ltr'><strong>est,</strong></span> <span class='ocrx_word' id='word_1_605' title='bbox 995 5074 1059 5125; x_wconf 89' lang='lat' dir='ltr'><strong>ut</strong></span> <span class='ocrx_word' id='word_1_606' title='bbox 1088 5070 1199 5142; x_wconf 89' lang='lat' dir='ltr'><strong>ipsi</strong></span> <span class='ocrx_word' id='word_1_607' title='bbox 1232 5071 1475 5127; x_wconf 82' lang='lat' dir='ltr'><strong>Romani</strong></span> <span class='ocrx_word' id='word_1_608' title='bbox 1498 5071 1743 5127; x_wconf 84' lang='lat' dir='ltr'><strong>victores</strong></span> <span class='ocrx_word' id='word_1_609' title='bbox 1766 5071 2245 5143; x_wconf 89' lang='lat' dir='ltr'><strong>inopinatissima</strong></span> 
     </span>
    </p>
   </div>
   <div class='ocr_carea' id='block_1_81' title="bbox 584 5159 2239 5233">
    <p class='ocr_par' dir='ltr' id='par_1_81' title="bbox 584 5159 2239 5233">
     <span class='ocr_line' id='line_1_81' title="bbox 584 5159 2239 5233; baseline -0.001 -15"><span class='ocrx_word' id='word_1_610' title='bbox 584 5176 894 5218; x_wconf 88' lang='lat' dir='ltr'><strong>successus</strong></span> <span class='ocrx_word' id='word_1_611' title='bbox 918 5160 1170 5215; x_wconf 87' lang='lat' dir='ltr'><strong>novitate</strong></span> <span class='ocrx_word' id='word_1_612' title='bbox 1188 5160 1501 5233; x_wconf 71' lang='lat' dir='ltr'><strong>stupefacti</strong></span> <span class='ocrx_word' id='word_1_613' title='bbox 1523 5159 1614 5215; x_wconf 79' lang='lat' dir='ltr'><strong>vix</strong></span> <span class='ocrx_word' id='word_1_614' title='bbox 1636 5160 1888 5232; x_wconf 86' lang='lat' dir='ltr'><strong>propriis</strong></span> <span class='ocrx_word' id='word_1_615' title='bbox 1911 5159 2095 5216; x_wconf 88' lang='lat' dir='ltr'><strong>oculis</strong></span> <span class='ocrx_word' id='word_1_616' title='bbox 2117 5177 2239 5217; x_wconf 83' lang='lat' dir='ltr'><strong>crs-</strong></span> 
     </span>
    </p>
   </div>
   <div class='ocr_carea' id='block_1_82' title="bbox 584 5250 2239 5323">
    <p class='ocr_par' dir='ltr' id='par_1_82' title="bbox 584 5250 2239 5323">
     <span class='ocr_line' id='line_1_82' title="bbox 584 5250 2239 5323; baseline 0 -16"><span class='ocrx_word' id='word_1_617' title='bbox 584 5252 810 5319; x_wconf 89' lang='lat' dir='ltr'><strong>derent,</strong></span> <span class='ocrx_word' id='word_1_618' title='bbox 836 5266 903 5307; x_wconf 89' lang='lat' dir='ltr'><strong>ac</strong></span> <span class='ocrx_word' id='word_1_619' title='bbox 924 5266 986 5306; x_wconf 89' lang='lat' dir='ltr'><strong>se</strong></span> <span class='ocrx_word' id='word_1_620' title='bbox 1010 5266 1138 5322; x_wconf 72' lang='lat' dir='ltr'><strong>qua:</strong></span> <span class='ocrx_word' id='word_1_621' title='bbox 1158 5250 1435 5306; x_wconf 89' lang='lat' dir='ltr'><strong>manibus</strong></span> <span class='ocrx_word' id='word_1_622' title='bbox 1457 5250 1735 5306; x_wconf 86' lang='lat' dir='ltr'><strong>tenebant</strong></span> <span class='ocrx_word' id='word_1_623' title='bbox 1754 5265 1905 5323; x_wconf 65' lang='lat' dir='ltr'><strong>egre</strong></span> <span class='ocrx_word' id='word_1_624' title='bbox 1926 5252 2239 5321; x_wconf 85' lang='lat' dir='ltr'><strong>persuade-</strong></span> 
     </span>
    </p>
   </div>
   <div class='ocr_carea' id='block_1_83' title="bbox 582 5339 2237 5415">
    <p class='ocr_par' dir='ltr' id='par_1_83' title="bbox 582 5339 2237 5415">
     <span class='ocr_line' id='line_1_83' title="bbox 582 5339 2237 5415; baseline 0.001 -17"><span class='ocrx_word' id='word_1_625' title='bbox 582 5346 786 5398; x_wconf 89' lang='lat' dir='ltr'><strong>rentur</strong></span> <span class='ocrx_word' id='word_1_626' title='bbox 815 5341 1138 5415; x_wconf 88' lang='lat' dir='ltr'><strong>possidere.</strong></span> <span class='ocrx_word' id='word_1_627' title='bbox 1176 5340 1501 5398; x_wconf 86' lang='lat' dir='ltr'><strong>Pervolavit</strong></span> <span class='ocrx_word' id='word_1_628' title='bbox 1551 5345 1749 5397; x_wconf 90' lang='lat' dir='ltr'><strong>autem</strong></span> <span class='ocrx_word' id='word_1_629' title='bbox 1804 5339 2109 5397; x_wconf 89' lang='lat' dir='ltr'><strong>celerrime</strong></span> <span class='ocrx_word' id='word_1_630' title='bbox 2164 5343 2237 5399; x_wconf 90' lang='lat' dir='ltr'><strong>ad</strong></span> 
     </span>
    </p>
   </div>
   <div class='ocr_carea' id='block_1_84' title="bbox 583 5429 2237 5504">
    <p class='ocr_par' dir='ltr' id='par_1_84' title="bbox 583 5429 2237 5504">
     <span class='ocr_line' id='line_1_84' title="bbox 583 5429 2237 5504; baseline 0.001 -17"><span class='ocrx_word' id='word_1_631' title='bbox 583 5432 820 5489; x_wconf 90' lang='lat' dir='ltr'><strong>Latinos</strong></span> <span class='ocrx_word' id='word_1_632' title='bbox 841 5429 1237 5503; x_wconf 84' lang='lat' dir='ltr'><strong>Daphnusiam</strong></span> <span class='ocrx_word' id='word_1_633' title='bbox 1258 5434 1665 5504; x_wconf 87' lang='lat' dir='ltr'><strong>oppugnantes</strong></span> <span class='ocrx_word' id='word_1_634' title='bbox 1682 5434 1865 5504; x_wconf 67' lang='lat' dir='ltr'><strong>capta</strong></span> <span class='ocrx_word' id='word_1_635' title='bbox 1880 5430 2046 5487; x_wconf 89' lang='lat' dir='ltr'><strong>urbis</strong></span> <span class='ocrx_word' id='word_1_636' title='bbox 2059 5432 2237 5502; x_wconf 86' lang='lat' dir='ltr'><strong>fama,</strong></span> 
     </span>
    </p>
   </div>
   <div class='ocr_carea' id='block_1_85' title="bbox 2357 3284 4023 3360">
    <p class='ocr_par' dir='ltr' id='par_1_85' title="bbox 2357 3284 4023 3360">
     <span class='ocr_line' id='line_1_85' title="bbox 2357 3284 4023 3360; baseline 0.004 -22"><span class='ocrx_word' id='word_1_637' title='bbox 2357 3284 2486 3339; x_wconf 90' lang='lat' dir='ltr'><strong>bem</strong></span> <span class='ocrx_word' id='word_1_638' title='bbox 2521 3285 2876 3354; x_wconf 88' lang='lat' dir='ltr'><strong>ferebantur,</strong></span> <span class='ocrx_word' id='word_1_639' title='bbox 2913 3285 3157 3341; x_wconf 84' lang='lat' dir='ltr'><strong>fidentes</strong></span> <span class='ocrx_word' id='word_1_640' title='bbox 3187 3287 3360 3341; x_wconf 83' lang='lat' dir='ltr'><strong>etiam</strong></span> <span class='ocrx_word' id='word_1_641' title='bbox 3378 3288 3645 3343; x_wconf 89' lang='lat' dir='ltr'><strong>oneraria</strong></span> <span class='ocrx_word' id='word_1_642' title='bbox 3665 3304 3792 3360; x_wconf 64' lang='lat' dir='ltr'><strong>que</strong></span> <span class='ocrx_word' id='word_1_643' title='bbox 3814 3290 4023 3345; x_wconf 89' lang='lat' dir='ltr'><strong>aderat</strong></span> 
     </span>
    </p>
   </div>
   <div class='ocr_carea' id='block_1_86' title="bbox 2355 3374 4024 3451">
    <p class='ocr_par' dir='ltr' id='par_1_86' title="bbox 2355 3374 4024 3451">
     <span class='ocr_line' id='line_1_86' title="bbox 2355 3374 4024 3451; baseline 0.004 -23"><span class='ocrx_word' id='word_1_644' title='bbox 2355 3389 2422 3428; x_wconf 83' lang='lat' dir='ltr'><strong>ex</strong></span> <span class='ocrx_word' id='word_1_645' title='bbox 2437 3374 2637 3429; x_wconf 89' lang='lat' dir='ltr'><strong>Sicilia</strong></span> <span class='ocrx_word' id='word_1_646' title='bbox 2651 3374 2926 3444; x_wconf 83' lang='lat' dir='ltr'><strong>maxima,</strong></span> <span class='ocrx_word' id='word_1_647' title='bbox 2952 3374 3223 3447; x_wconf 91' lang='lat' dir='ltr'><strong>plurimis</strong></span> <span class='ocrx_word' id='word_1_648' title='bbox 3245 3380 3458 3432; x_wconf 89' lang='lat' dir='ltr'><strong>onusta</strong></span> <span class='ocrx_word' id='word_1_649' title='bbox 3487 3378 3842 3447; x_wconf 88' lang='lat' dir='ltr'><strong>vectoribus,</strong></span> <span class='ocrx_word' id='word_1_650' title='bbox 3870 3396 4024 3451; x_wconf 87' lang='lat' dir='ltr'><strong>quo-</strong></span> 
     </span>
    </p>
   </div>
   <div class='ocr_carea' id='block_1_87' title="bbox 2354 3462 4027 3539">
    <p class='ocr_par' dir='ltr' id='par_1_87' title="bbox 2354 3462 4027 3539">
     <span class='ocr_line' id='line_1_87' title="bbox 2354 3462 4027 3539; baseline 0.005 -22"><span class='ocrx_word' id='word_1_651' title='bbox 2354 3479 2486 3518; x_wconf 90' lang='lat' dir='ltr'><strong>rum</strong></span> <span class='ocrx_word' id='word_1_652' title='bbox 2520 3462 2787 3519; x_wconf 80' lang='lat' dir='ltr'><strong>auxiliari</strong></span> <span class='ocrx_word' id='word_1_653' title='bbox 2818 3479 2993 3535; x_wconf 89' lang='lat' dir='ltr'><strong>opera</strong></span> <span class='ocrx_word' id='word_1_654' title='bbox 3025 3481 3128 3535; x_wconf 89' lang='lat' dir='ltr'><strong>pro</strong></span> <span class='ocrx_word' id='word_1_655' title='bbox 3160 3466 3593 3522; x_wconf 85' lang='lat' dir='ltr'><strong>necessitudine</strong></span> <span class='ocrx_word' id='word_1_656' title='bbox 3612 3468 3847 3539; x_wconf 88' lang='lat' dir='ltr'><strong>generis</strong></span> <span class='ocrx_word' id='word_1_657' title='bbox 3874 3486 4027 3524; x_wconf 84' lang='lat' dir='ltr'><strong>usu-</strong></span> 
     </span>
    </p>
   </div>
   <div class='ocr_carea' id='block_1_88' title="bbox 2356 3552 4031 3627">
    <p class='ocr_par' dir='ltr' id='par_1_88' title="bbox 2356 3552 4031 3627">
     <span class='ocr_line' id='line_1_88' title="bbox 2356 3552 4031 3627; baseline 0.002 -19"><span class='ocrx_word' id='word_1_658' title='bbox 2356 3568 2450 3608; x_wconf 90' lang='lat' dir='ltr'><strong>ros</strong></span> <span class='ocrx_word' id='word_1_659' title='bbox 2482 3566 2544 3607; x_wconf 91' lang='lat' dir='ltr'><strong>se</strong></span> <span class='ocrx_word' id='word_1_660' title='bbox 2577 3569 2691 3608; x_wconf 91' lang='lat' dir='ltr'><strong>non</strong></span> <span class='ocrx_word' id='word_1_661' title='bbox 2728 3553 3080 3609; x_wconf 85' lang='lat' dir='ltr'><strong>dubitabant</strong></span> <span class='ocrx_word' id='word_1_662' title='bbox 3110 3552 3169 3609; x_wconf 88' lang='lat' dir='ltr'><strong>in</strong></span> <span class='ocrx_word' id='word_1_663' title='bbox 3202 3554 3423 3627; x_wconf 67' lang='lat' dir='ltr'><strong>proelio,</strong></span> <span class='ocrx_word' id='word_1_664' title='bbox 3483 3556 3531 3611; x_wconf 91' lang='lat' dir='ltr'><strong>si</strong></span> <span class='ocrx_word' id='word_1_665' title='bbox 3582 3556 4031 3613; x_wconf 89' lang='lat' dir='ltr'><strong>decernendum</strong></span> 
     </span>
    </p>
   </div>
   <div class='ocr_carea' id='block_1_89' title="bbox 2354 3641 4035 3715">
    <p class='ocr_par' dir='ltr' id='par_1_89' title="bbox 2354 3641 4035 3715">
     <span class='ocr_line' id='line_1_89' title="bbox 2354 3641 4035 3715; baseline 0.004 -20"><span class='ocrx_word' id='word_1_666' title='bbox 2354 3642 2521 3697; x_wconf 88' lang='lat' dir='ltr'><strong>foret.</strong></span> <span class='ocrx_word' id='word_1_667' title='bbox 2563 3642 2660 3697; x_wconf 90' lang='lat' dir='ltr'><strong>llis</strong></span> <span class='ocrx_word' id='word_1_668' title='bbox 2682 3641 2767 3696; x_wconf 89' lang='lat' dir='ltr'><strong>iiii</strong></span> <span class='ocrx_word' id='word_1_669' title='bbox 2795 3641 3013 3713; x_wconf 77' lang='lat' dir='ltr'><strong>spcbu&#39;s</strong></span> <span class='ocrx_word' id='word_1_670' title='bbox 3035 3642 3280 3698; x_wconf 90' lang='lat' dir='ltr'><strong>animati</strong></span> <span class='ocrx_word' id='word_1_671' title='bbox 3305 3646 3716 3715; x_wconf 89' lang='lat' dir='ltr'><strong>procedebant.</strong></span> <span class='ocrx_word' id='word_1_672' title='bbox 3742 3647 4035 3702; x_wconf 68' lang='lat' dir='ltr'><strong>AtCaasar</strong></span> 
     </span>
    </p>
   </div>
   <div class='ocr_carea' id='block_1_90' title="bbox 2353 3730 4023 3803">
    <p class='ocr_par' dir='ltr' id='par_1_90' title="bbox 2353 3730 4023 3803">
     <span class='ocr_line' id='line_1_90' title="bbox 2353 3730 4023 3803; baseline 0.005 -19"><span class='ocrx_word' id='word_1_673' title='bbox 2353 3730 2634 3786; x_wconf 84' lang='lat' dir='ltr'><strong>infestum</strong></span> <span class='ocrx_word' id='word_1_674' title='bbox 2670 3746 2871 3785; x_wconf 90' lang='lat' dir='ltr'><strong>eorum</strong></span> <span class='ocrx_word' id='word_1_675' title='bbox 2902 3732 3215 3787; x_wconf 89' lang='lat' dir='ltr'><strong>adventum</strong></span> <span class='ocrx_word' id='word_1_676' title='bbox 3276 3733 3657 3803; x_wconf 66' lang='lat' dir='ltr'><strong>praesentiens</strong></span> <span class='ocrx_word' id='word_1_677' title='bbox 3715 3735 4023 3792; x_wconf 81' lang='lat' dir='ltr'><strong>Romanos</strong></span> 
     </span>
    </p>
   </div>
   <div class='ocr_carea' id='block_1_91' title="bbox 2354 3819 4023 3894">
    <p class='ocr_par' dir='ltr' id='par_1_91' title="bbox 2354 3819 4023 3894">
     <span class='ocr_line' id='line_1_91' title="bbox 2354 3819 4023 3894; baseline 0.005 -22"><span class='ocrx_word' id='word_1_678' title='bbox 2354 3819 2453 3889; x_wconf 93' lang='lat' dir='ltr'><strong>qui</strong></span> <span class='ocrx_word' id='word_1_679' title='bbox 2486 3819 2597 3876; x_wconf 89' lang='lat' dir='ltr'><strong>sub</strong></span> <span class='ocrx_word' id='word_1_680' title='bbox 2631 3819 2793 3875; x_wconf 91' lang='lat' dir='ltr'><strong>italis</strong></span> <span class='ocrx_word' id='word_1_681' title='bbox 2824 3820 2882 3875; x_wconf 90' lang='lat' dir='ltr'><strong>in</strong></span> <span class='ocrx_word' id='word_1_682' title='bbox 2917 3821 3061 3877; x_wconf 91' lang='lat' dir='ltr'><strong>urbe</strong></span> <span class='ocrx_word' id='word_1_683' title='bbox 3091 3822 3477 3877; x_wconf 87' lang='lat' dir='ltr'><strong>constiterant</strong></span> <span class='ocrx_word' id='word_1_684' title='bbox 3506 3828 3805 3894; x_wconf 82' lang='lat' dir='ltr'><strong>convocat,</strong></span> <span class='ocrx_word' id='word_1_685' title='bbox 3826 3828 3887 3878; x_wconf 91' lang='lat' dir='ltr'><strong>et</strong></span> <span class='ocrx_word' id='word_1_686' title='bbox 3910 3826 4023 3880; x_wconf 89' lang='lat' dir='ltr'><strong>ad-</strong></span> 
     </span>
    </p>
   </div>
   <div class='ocr_carea' id='block_1_92' title="bbox 2355 3909 4025 3985">
    <p class='ocr_par' dir='ltr' id='par_1_92' title="bbox 2355 3909 4025 3985">
     <span class='ocr_line' id='line_1_92' title="bbox 2355 3909 4025 3985; baseline 0.003 -21"><span class='ocrx_word' id='word_1_687' title='bbox 2355 3909 2608 3965; x_wconf 90' lang='lat' dir='ltr'><strong>monitos</strong></span> <span class='ocrx_word' id='word_1_688' title='bbox 2630 3910 2876 3982; x_wconf 89' lang='lat' dir='ltr'><strong>originis</strong></span> <span class='ocrx_word' id='word_1_689' title='bbox 2898 3910 3157 3966; x_wconf 85' lang='lat' dir='ltr'><strong>volentes</strong></span> <span class='ocrx_word' id='word_1_690' title='bbox 3177 3909 3443 3967; x_wconf 88' lang='lat' dir='ltr'><strong>nolentes</strong></span> <span class='ocrx_word' id='word_1_691' title='bbox 3470 3911 3667 3985; x_wconf 88' lang='lat' dir='ltr'><strong>adegit</strong></span> <span class='ocrx_word' id='word_1_692' title='bbox 3687 3911 3757 3968; x_wconf 92' lang='lat' dir='ltr'><strong>ad</strong></span> <span class='ocrx_word' id='word_1_693' title='bbox 3784 3921 4025 3970; x_wconf 73' lang='lat' dir='ltr'><strong>nostras</strong></span> 
     </span>
    </p>
   </div>
   <div class='ocr_carea' id='block_1_93' title="bbox 2354 3999 4025 4071">
    <p class='ocr_par' dir='ltr' id='par_1_93' title="bbox 2354 3999 4025 4071">
     <span class='ocr_line' id='line_1_93' title="bbox 2354 3999 4025 4071; baseline 0.003 -18"><span class='ocrx_word' id='word_1_694' title='bbox 2354 4014 2458 4071; x_wconf 83' lang='lat' dir='ltr'><strong>pro</strong></span> <span class='ocrx_word' id='word_1_695' title='bbox 2488 3999 2640 4054; x_wconf 90' lang='lat' dir='ltr'><strong>virili</strong></span> <span class='ocrx_word' id='word_1_696' title='bbox 2667 4000 2959 4070; x_wconf 85' lang='lat' dir='ltr'><strong>juvandas</strong></span> <span class='ocrx_word' id='word_1_697' title='bbox 2992 4004 3206 4071; x_wconf 91' lang='lat' dir='ltr'><strong>partes.</strong></span> <span class='ocrx_word' id='word_1_698' title='bbox 3242 4002 3397 4057; x_wconf 74' lang='lat'><strong>146</strong></span> <span class='ocrx_word' id='word_1_699' title='bbox 3421 4001 3550 4057; x_wconf 87' lang='lat' dir='ltr'><strong>Erat</strong></span> <span class='ocrx_word' id='word_1_700' title='bbox 3581 4006 3724 4058; x_wconf 86' lang='lat' dir='ltr'><strong>tunc</strong></span> <span class='ocrx_word' id='word_1_701' title='bbox 3756 4003 4025 4059; x_wconf 88' lang='lat' dir='ltr'><strong>familia-</strong></span> 
     </span>
    </p>
   </div>
   <div class='ocr_carea' id='block_1_94' title="bbox 2354 4088 4034 4164">
    <p class='ocr_par' dir='ltr' id='par_1_94' title="bbox 2354 4088 4034 4164">
     <span class='ocr_line' id='line_1_94' title="bbox 2354 4088 4034 4164; baseline 0.004 -21"><span class='ocrx_word' id='word_1_702' title='bbox 2354 4090 2437 4145; x_wconf 88' lang='lat' dir='ltr'><strong>ris</strong></span> <span class='ocrx_word' id='word_1_703' title='bbox 2465 4088 2737 4144; x_wconf 86' lang='lat' dir='ltr'><strong>Balduini</strong></span> <span class='ocrx_word' id='word_1_704' title='bbox 2771 4089 3042 4145; x_wconf 86' lang='lat' dir='ltr'><strong>minister</strong></span> <span class='ocrx_word' id='word_1_705' title='bbox 3085 4090 3344 4147; x_wconf 84' lang='lat' dir='ltr'><strong>Joannes</strong></span> <span class='ocrx_word' id='word_1_706' title='bbox 3399 4089 3608 4164; x_wconf 77' lang='lat' dir='ltr'><strong>Phylax</strong></span> <span class='ocrx_word' id='word_1_707' title='bbox 3638 4091 3756 4148; x_wconf 90' lang='lat' dir='ltr'><strong>sive</strong></span> <span class='ocrx_word' id='word_1_708' title='bbox 3814 4097 4034 4149; x_wconf 88' lang='lat' dir='ltr'><strong>custos</strong></span> 
     </span>
    </p>
   </div>
   <div class='ocr_carea' id='block_1_95' title="bbox 2352 4178 4031 4253">
    <p class='ocr_par' dir='ltr' id='par_1_95' title="bbox 2352 4178 4031 4253">
     <span class='ocr_line' id='line_1_95' title="bbox 2352 4178 4031 4253; baseline 0.004 -21"><span class='ocrx_word' id='word_1_709' title='bbox 2352 4178 2569 4247; x_wconf 90' lang='lat' dir='ltr'><strong>dictus,</strong></span> <span class='ocrx_word' id='word_1_710' title='bbox 2604 4179 2879 4251; x_wconf 89' lang='lat' dir='ltr'><strong>profundi</strong></span> <span class='ocrx_word' id='word_1_711' title='bbox 2924 4179 3015 4234; x_wconf 88' lang='lat' dir='ltr'><strong>vir</strong></span> <span class='ocrx_word' id='word_1_712' title='bbox 3072 4180 3315 4252; x_wconf 83' lang='lat' dir='ltr'><strong>ingenii,</strong></span> <span class='ocrx_word' id='word_1_713' title='bbox 3370 4182 3725 4253; x_wconf 85' lang='lat' dir='ltr'><strong>solertiaque</strong></span> <span class='ocrx_word' id='word_1_714' title='bbox 3773 4199 4031 4238; x_wconf 89' lang='lat' dir='ltr'><strong>summa</strong></span> 
     </span>
    </p>
   </div>
   <div class='ocr_carea' id='block_1_96' title="bbox 2352 4268 4029 4343">
    <p class='ocr_par' dir='ltr' id='par_1_96' title="bbox 2352 4268 4029 4343">
     <span class='ocr_line' id='line_1_96' title="bbox 2352 4268 4029 4343; baseline 0.002 -20"><span class='ocrx_word' id='word_1_715' title='bbox 2352 4268 2657 4340; x_wconf 69' lang='lat' dir='ltr'><strong>praeditus.</strong></span> <span class='ocrx_word' id='word_1_716' title='bbox 2684 4270 2737 4325; x_wconf 90' lang='lat' dir='ltr'><strong>is</strong></span> <span class='ocrx_word' id='word_1_717' title='bbox 2759 4268 3072 4326; x_wconf 90' lang='lat' dir='ltr'><strong>consilium</strong></span> <span class='ocrx_word' id='word_1_718' title='bbox 3098 4269 3803 4343; x_wconf 87' lang='lat' dir='ltr'><strong>suggessitopportunum</strong></span> <span class='ocrx_word' id='word_1_719' title='bbox 3827 4277 3889 4328; x_wconf 90' lang='lat' dir='ltr'><strong>et</strong></span> <span class='ocrx_word' id='word_1_720' title='bbox 3912 4272 4029 4327; x_wconf 89' lang='lat' dir='ltr'><strong>tali</strong></span> 
     </span>
    </p>
   </div>
   <div class='ocr_carea' id='block_1_97' title="bbox 2354 4358 4027 4433">
    <p class='ocr_par' dir='ltr' id='par_1_97' title="bbox 2354 4358 4027 4433">
     <span class='ocr_line' id='line_1_97' title="bbox 2354 4358 4027 4433; baseline 0.002 -20"><span class='ocrx_word' id='word_1_721' title='bbox 2354 4373 2549 4414; x_wconf 88' lang='lat' dir='ltr'><strong>rerum</strong></span> <span class='ocrx_word' id='word_1_722' title='bbox 2582 4358 2829 4414; x_wconf 92' lang='lat' dir='ltr'><strong>articulo</strong></span> <span class='ocrx_word' id='word_1_723' title='bbox 2860 4358 3266 4428; x_wconf 89' lang='lat' dir='ltr'><strong>utilissimum,</strong></span> <span class='ocrx_word' id='word_1_724' title='bbox 3299 4360 3590 4430; x_wconf 86' lang='lat' dir='ltr'><strong>ejusmodi</strong></span> <span class='ocrx_word' id='word_1_725' title='bbox 3623 4364 3814 4417; x_wconf 83' lang='lat' dir='ltr'><strong>tamen</strong></span> <span class='ocrx_word' id='word_1_726' title='bbox 3854 4364 4027 4433; x_wconf 90' lang='lat' dir='ltr'><strong>quod</strong></span> 
     </span>
    </p>
   </div>
   <div class='ocr_carea' id='block_1_98' title="bbox 2356 4448 4031 4521">
    <p class='ocr_par' dir='ltr' id='par_1_98' title="bbox 2356 4448 4031 4521">
     <span class='ocr_line' id='line_1_98' title="bbox 2356 4448 4031 4521; baseline 0.003 -19"><span class='ocrx_word' id='word_1_727' title='bbox 2356 4463 2528 4503; x_wconf 88' lang='lat' dir='ltr'><strong>nemo</strong></span> <span class='ocrx_word' id='word_1_728' title='bbox 2561 4448 2713 4504; x_wconf 88' lang='lat' dir='ltr'><strong>alius</strong></span> <span class='ocrx_word' id='word_1_729' title='bbox 2743 4452 2981 4521; x_wconf 91' lang='lat' dir='ltr'><strong>propter</strong></span> <span class='ocrx_word' id='word_1_730' title='bbox 3010 4450 3139 4520; x_wconf 89' lang='lat' dir='ltr'><strong>ejus</strong></span> <span class='ocrx_word' id='word_1_731' title='bbox 3190 4449 3586 4521; x_wconf 88' lang='lat' dir='ltr'><strong>perniciosam</strong></span> <span class='ocrx_word' id='word_1_732' title='bbox 3645 4450 4031 4507; x_wconf 87' lang='lat' dir='ltr'><strong>atrocitatem</strong></span> 
     </span>
    </p>
   </div>
   <div class='ocr_carea' id='block_1_99' title="bbox 2353 4537 4035 4613">
    <p class='ocr_par' dir='ltr' id='par_1_99' title="bbox 2353 4537 4035 4613">
     <span class='ocr_line' id='line_1_99' title="bbox 2353 4537 4035 4613; baseline 0.002 -20"><span class='ocrx_word' id='word_1_733' title='bbox 2353 4537 2735 4593; x_wconf 86' lang='lat' dir='ltr'><strong>sustinuisset</strong></span> <span class='ocrx_word' id='word_1_734' title='bbox 2760 4554 3102 4608; x_wconf 89' lang='lat' dir='ltr'><strong>proponere.</strong></span> <span class='ocrx_word' id='word_1_735' title='bbox 3139 4538 3530 4595; x_wconf 89' lang='lat' dir='ltr'><strong>Considerans</strong></span> <span class='ocrx_word' id='word_1_736' title='bbox 3560 4539 3715 4595; x_wconf 88' lang='lat' dir='ltr'><strong>enim</strong></span> <span class='ocrx_word' id='word_1_737' title='bbox 3764 4556 3866 4596; x_wconf 89' lang='lat' dir='ltr'><strong>eos</strong></span> <span class='ocrx_word' id='word_1_738' title='bbox 3916 4543 4035 4613; x_wconf 91' lang='lat' dir='ltr'><strong>qui</strong></span> 
     </span>
    </p>
   </div>
   <div class='ocr_carea' id='block_1_100' title="bbox 2351 4625 4033 4701">
    <p class='ocr_par' dir='ltr' id='par_1_100' title="bbox 2351 4625 4033 4701">
     <span class='ocr_line' id='line_1_100' title="bbox 2351 4625 4033 4701; baseline 0.002 -19"><span class='ocrx_word' id='word_1_739' title='bbox 2351 4643 2421 4682; x_wconf 84' lang='lat' dir='ltr'><strong>ex</strong></span> <span class='ocrx_word' id='word_1_740' title='bbox 2450 4625 2793 4698; x_wconf 89' lang='lat' dir='ltr'><strong>Daphnusia</strong></span> <span class='ocrx_word' id='word_1_741' title='bbox 2825 4626 3119 4698; x_wconf 87' lang='lat' dir='ltr'><strong>desperati</strong></span> <span class='ocrx_word' id='word_1_742' title='bbox 3167 4643 3364 4683; x_wconf 91' lang='lat' dir='ltr'><strong>serum</strong></span> <span class='ocrx_word' id='word_1_743' title='bbox 3415 4627 3546 4683; x_wconf 91' lang='lat' dir='ltr'><strong>urbi</strong></span> <span class='ocrx_word' id='word_1_744' title='bbox 3600 4630 3726 4701; x_wconf 79' lang='lat' dir='ltr'><strong>jam</strong></span> <span class='ocrx_word' id='word_1_745' title='bbox 3767 4630 4033 4701; x_wconf 69' lang='lat' dir='ltr'><strong>perditae</strong></span> 
     </span>
    </p>
   </div>
   <div class='ocr_carea' id='block_1_101' title="bbox 2354 4716 4033 4790">
    <p class='ocr_par' dir='ltr' id='par_1_101' title="bbox 2354 4716 4033 4790">
     <span class='ocr_line' id='line_1_101' title="bbox 2354 4716 4033 4790; baseline 0.002 -18"><span class='ocrx_word' id='word_1_746' title='bbox 2354 4716 2636 4772; x_wconf 84' lang='lat' dir='ltr'><strong>auxilium</strong></span> <span class='ocrx_word' id='word_1_747' title='bbox 2669 4716 2957 4787; x_wconf 89' lang='lat' dir='ltr'><strong>ferebant,</strong></span> <span class='ocrx_word' id='word_1_748' title='bbox 2988 4717 3227 4773; x_wconf 81' lang='lat' dir='ltr'><strong>caritate</strong></span> <span class='ocrx_word' id='word_1_749' title='bbox 3257 4717 3461 4790; x_wconf 88' lang='lat' dir='ltr'><strong>utique</strong></span> <span class='ocrx_word' id='word_1_750' title='bbox 3484 4717 3801 4774; x_wconf 89' lang='lat' dir='ltr'><strong>liberorum</strong></span> <span class='ocrx_word' id='word_1_751' title='bbox 3834 4736 3909 4775; x_wconf 92' lang='lat' dir='ltr'><strong>ac</strong></span> <span class='ocrx_word' id='word_1_752' title='bbox 3932 4718 4033 4775; x_wconf 89' lang='lat' dir='ltr'><strong>ia-</strong></span> 
     </span>
    </p>
   </div>
   <div class='ocr_carea' id='block_1_102' title="bbox 2354 4804 4035 4895">
    <p class='ocr_par' dir='ltr' id='par_1_102' title="bbox 2354 4804 4035 4895">
     <span class='ocr_line' id='line_1_102' title="bbox 2354 4804 4035 4895; baseline 0.003 -36"><span class='ocrx_word' id='word_1_753' title='bbox 2354 4806 2529 4872; x_wconf 89' lang='lat' dir='ltr'><strong>rium,</strong></span> <span class='ocrx_word' id='word_1_754' title='bbox 2564 4804 2784 4860; x_wconf 69' lang='lat' dir='ltr'><strong>ultima</strong></span> <span class='ocrx_word' id='word_1_755' title='bbox 2814 4807 3025 4895; x_wconf 65' lang='lat' dir='ltr'><strong>adactp</strong></span> <span class='ocrx_word' id='word_1_756' title='bbox 3051 4807 3417 4863; x_wconf 81' lang='lat' dir='ltr'><strong>necessitatis</strong></span> <span class='ocrx_word' id='word_1_757' title='bbox 3438 4823 3622 4880; x_wconf 89' lang='lat' dir='ltr'><strong>supra</strong></span> <span class='ocrx_word' id='word_1_758' title='bbox 3640 4807 3813 4875; x_wconf 88' lang='lat' dir='ltr'><strong>vires,</strong></span> <span class='ocrx_word' id='word_1_759' title='bbox 3839 4825 4035 4881; x_wconf 86' lang='lat' dir='ltr'><strong>apro-</strong></span> 
     </span>
    </p>
   </div>
   <div class='ocr_carea' id='block_1_103' title="bbox 2353 4895 4034 4968">
    <p class='ocr_par' dir='ltr' id='par_1_103' title="bbox 2353 4895 4034 4968">
     <span class='ocr_line' id='line_1_103' title="bbox 2353 4895 4034 4968; baseline 0.004 -19"><span class='ocrx_word' id='word_1_760' title='bbox 2353 4910 2487 4949; x_wconf 91' lang='lat' dir='ltr'><strong>rum</strong></span> <span class='ocrx_word' id='word_1_761' title='bbox 2521 4895 2707 4951; x_wconf 88' lang='lat' dir='ltr'><strong>instar</strong></span> <span class='ocrx_word' id='word_1_762' title='bbox 2738 4896 2892 4951; x_wconf 90' lang='lat' dir='ltr'><strong>intra</strong></span> <span class='ocrx_word' id='word_1_763' title='bbox 2921 4911 3120 4953; x_wconf 88' lang='lat' dir='ltr'><strong>casses</strong></span> <span class='ocrx_word' id='word_1_764' title='bbox 3153 4897 3374 4953; x_wconf 89' lang='lat' dir='ltr'><strong>frustra</strong></span> <span class='ocrx_word' id='word_1_765' title='bbox 3404 4896 3822 4968; x_wconf 88' lang='lat' dir='ltr'><strong>frendentium,</strong></span> <span class='ocrx_word' id='word_1_766' title='bbox 3859 4899 4034 4955; x_wconf 83' lang='lat' dir='ltr'><strong>fero-</strong></span> 
     </span>
    </p>
   </div>
   <div class='ocr_carea' id='block_1_104' title="bbox 2355 4984 4034 5058">
    <p class='ocr_par' dir='ltr' id='par_1_104' title="bbox 2355 4984 4034 5058">
     <span class='ocr_line' id='line_1_104' title="bbox 2355 4984 4034 5058; baseline 0.002 -18"><span class='ocrx_word' id='word_1_767' title='bbox 2355 4984 2443 5040; x_wconf 89' lang='lat' dir='ltr'><strong>cia</strong></span> <span class='ocrx_word' id='word_1_768' title='bbox 2473 4984 2621 5041; x_wconf 90' lang='lat' dir='ltr'><strong>nihil</strong></span> <span class='ocrx_word' id='word_1_769' title='bbox 2652 4984 2767 5042; x_wconf 92' lang='lat' dir='ltr'><strong>nisi</strong></span> <span class='ocrx_word' id='word_1_770' title='bbox 2799 4986 2857 5041; x_wconf 91' lang='lat' dir='ltr'><strong>in</strong></span> <span class='ocrx_word' id='word_1_771' title='bbox 2890 4986 3075 5042; x_wconf 88' lang='lat' dir='ltr'><strong>cladis</strong></span> <span class='ocrx_word' id='word_1_772' title='bbox 3108 4985 3411 5042; x_wconf 87' lang='lat' dir='ltr'><strong>cumulum</strong></span> <span class='ocrx_word' id='word_1_773' title='bbox 3444 5001 3578 5042; x_wconf 89' lang='lat' dir='ltr'><strong>cum</strong></span> <span class='ocrx_word' id='word_1_774' title='bbox 3604 4986 3781 5042; x_wconf 81' lang='lat' dir='ltr'><strong>exitio</strong></span> <span class='ocrx_word' id='word_1_775' title='bbox 3811 4988 4034 5058; x_wconf 85' lang='lat' dir='ltr'><strong>gentis</strong></span> 
     </span>
    </p>
   </div>
   <div class='ocr_carea' id='block_1_105' title="bbox 2353 5075 4037 5149">
    <p class='ocr_par' dir='ltr' id='par_1_105' title="bbox 2353 5075 4037 5149">
     <span class='ocr_line' id='line_1_105' title="bbox 2353 5075 4037 5149; baseline 0.003 -20"><span class='ocrx_word' id='word_1_776' title='bbox 2353 5075 2683 5145; x_wconf 90' lang='lat' dir='ltr'><strong>profectura</strong></span> <span class='ocrx_word' id='word_1_777' title='bbox 2713 5079 3101 5148; x_wconf 89' lang='lat' dir='ltr'><strong>pugnaturos,</strong></span> <span class='ocrx_word' id='word_1_778' title='bbox 3136 5076 3353 5149; x_wconf 87' lang='lat' dir='ltr'><strong>quippe</strong></span> <span class='ocrx_word' id='word_1_779' title='bbox 3385 5076 3748 5133; x_wconf 86' lang='lat' dir='ltr'><strong>irrevocabili</strong></span> <span class='ocrx_word' id='word_1_780' title='bbox 3773 5081 4037 5134; x_wconf 86' lang='lat' dir='ltr'><strong>ruentes</strong></span> 
     </span>
    </p>
   </div>
   <div class='ocr_carea' id='block_1_106' title="bbox 2352 5165 4039 5238">
    <p class='ocr_par' dir='ltr' id='par_1_106' title="bbox 2352 5165 4039 5238">
     <span class='ocr_line' id='line_1_106' title="bbox 2352 5165 4039 5238; baseline 0.002 -19"><span class='ocrx_word' id='word_1_781' title='bbox 2352 5165 2650 5237; x_wconf 84' lang='lat' dir='ltr'><strong>preposito</strong></span> <span class='ocrx_word' id='word_1_782' title='bbox 2678 5169 2779 5222; x_wconf 91' lang='lat' dir='ltr'><strong>aut</strong></span> <span class='ocrx_word' id='word_1_783' title='bbox 2806 5166 3099 5238; x_wconf 88' lang='lat' dir='ltr'><strong>vincendi,</strong></span> <span class='ocrx_word' id='word_1_784' title='bbox 3133 5167 3287 5238; x_wconf 90' lang='lat' dir='ltr'><strong>quod</strong></span> <span class='ocrx_word' id='word_1_785' title='bbox 3319 5166 3445 5222; x_wconf 83' lang='lat' dir='ltr'><strong>ﬁeri</strong></span> <span class='ocrx_word' id='word_1_786' title='bbox 3478 5182 3593 5222; x_wconf 92' lang='lat' dir='ltr'><strong>non</strong></span> <span class='ocrx_word' id='word_1_787' title='bbox 3644 5170 3866 5238; x_wconf 89' lang='lat' dir='ltr'><strong>posset,</strong></span> <span class='ocrx_word' id='word_1_788' title='bbox 3918 5174 4039 5223; x_wconf 89' lang='lat' dir='ltr'><strong>aut</strong></span> 
     </span>
    </p>
   </div>
   <div class='ocr_carea' id='block_1_107' title="bbox 2350 5253 4037 5328">
    <p class='ocr_par' dir='ltr' id='par_1_107' title="bbox 2350 5253 4037 5328">
     <span class='ocr_line' id='line_1_107' title="bbox 2350 5253 4037 5328; baseline 0.001 -19"><span class='ocrx_word' id='word_1_789' title='bbox 2350 5253 2668 5327; x_wconf 85' lang='lat' dir='ltr'><strong>honorifice</strong></span> <span class='ocrx_word' id='word_1_790' title='bbox 2694 5256 2940 5311; x_wconf 89' lang='lat' dir='ltr'><strong>cadendi</strong></span> <span class='ocrx_word' id='word_1_791' title='bbox 2969 5273 2982 5323; x_wconf 90' lang='lat'><strong>;</strong></span> <span class='ocrx_word' id='word_1_792' title='bbox 3005 5255 3208 5311; x_wconf 88' lang='lat' dir='ltr'><strong>videns</strong></span> <span class='ocrx_word' id='word_1_793' title='bbox 3234 5254 3361 5327; x_wconf 86' lang='lat' dir='ltr'><strong>hoc,</strong></span> <span class='ocrx_word' id='word_1_794' title='bbox 3387 5256 3655 5328; x_wconf 88' lang='lat' dir='ltr'><strong>inquam,</strong></span> <span class='ocrx_word' id='word_1_795' title='bbox 3676 5259 3734 5311; x_wconf 90' lang='lat' dir='ltr'><strong>et</strong></span> <span class='ocrx_word' id='word_1_796' title='bbox 3753 5254 4037 5327; x_wconf 85' lang='lat' dir='ltr'><strong>sapienti</strong></span> 
     </span>
    </p>
   </div>
   <div class='ocr_carea' id='block_1_108' title="bbox 2350 5344 4040 5417">
    <p class='ocr_par' dir='ltr' id='par_1_108' title="bbox 2350 5344 4040 5417">
     <span class='ocr_line' id='line_1_108' title="bbox 2350 5344 4040 5417; baseline 0.002 -18"><span class='ocrx_word' id='word_1_797' title='bbox 2350 5344 2594 5400; x_wconf 89' lang='lat' dir='ltr'><strong>consilio</strong></span> <span class='ocrx_word' id='word_1_798' title='bbox 2628 5345 2948 5401; x_wconf 88' lang='lat' dir='ltr'><strong>decernens</strong></span> <span class='ocrx_word' id='word_1_799' title='bbox 2990 5344 3340 5402; x_wconf 90' lang='lat' dir='ltr'><strong>necessariis</strong></span> <span class='ocrx_word' id='word_1_800' title='bbox 3397 5345 3627 5401; x_wconf 70' lang='lat' dir='ltr'><strong>afflictis</strong></span> <span class='ocrx_word' id='word_1_801' title='bbox 3686 5345 4040 5417; x_wconf 84' lang='lat' dir='ltr'><strong>improvisa</strong></span> 
     </span>
    </p>
   </div>
   <div class='ocr_carea' id='block_1_109' title="bbox 2349 5432 4037 5507">
    <p class='ocr_par' dir='ltr' id='par_1_109' title="bbox 2349 5432 4037 5507">
     <span class='ocr_line' id='line_1_109' title="bbox 2349 5432 4037 5507; baseline 0 -17"><span class='ocrx_word' id='word_1_802' title='bbox 2349 5432 2513 5490; x_wconf 88' lang='lat' dir='ltr'><strong>clade</strong></span> <span class='ocrx_word' id='word_1_803' title='bbox 2536 5435 2871 5507; x_wconf 64' lang='lat' dir='ltr'><strong>reipublicae</strong></span> <span class='ocrx_word' id='word_1_804' title='bbox 2894 5435 3104 5492; x_wconf 90' lang='lat' dir='ltr'><strong>usibus</strong></span> <span class='ocrx_word' id='word_1_805' title='bbox 3128 5434 3261 5491; x_wconf 87' lang='lat' dir='ltr'><strong>illas</strong></span> <span class='ocrx_word' id='word_1_806' title='bbox 3283 5434 3566 5507; x_wconf 85' lang='lat' dir='ltr'><strong>reliquias</strong></span> <span class='ocrx_word' id='word_1_807' title='bbox 3587 5449 3845 5503; x_wconf 78' lang='lat' dir='ltr'><strong>scrvare,</strong></span> <span class='ocrx_word' id='word_1_808' title='bbox 3868 5434 4037 5490; x_wconf 86' lang='lat' dir='ltr'><strong>sub-</strong></span> 
     </span>
    </p>
   </div>
   <div class='ocr_carea' id='block_1_110' title="bbox 580 5519 4036 5598">
    <p class='ocr_par' dir='ltr' id='par_1_110' title="bbox 580 5519 4036 5598">
     <span class='ocr_line' id='line_1_110' title="bbox 580 5519 4036 5598; baseline 0.002 -21"><span class='ocrx_word' id='word_1_809' title='bbox 580 5536 712 5578; x_wconf 89' lang='lat' dir='ltr'><strong>vere</strong></span> <span class='ocrx_word' id='word_1_810' title='bbox 742 5520 921 5589; x_wconf 86' lang='lat' dir='ltr'><strong>fama,</strong></span> <span class='ocrx_word' id='word_1_811' title='bbox 952 5519 1059 5575; x_wconf 86' lang='lat' dir='ltr'><strong>hoc</strong></span> <span class='ocrx_word' id='word_1_812' title='bbox 1090 5524 1182 5576; x_wconf 89' lang='lat' dir='ltr'><strong>est</strong></span> <span class='ocrx_word' id='word_1_813' title='bbox 1212 5520 1477 5577; x_wconf 89' lang='lat' dir='ltr'><strong>divinum</strong></span> <span class='ocrx_word' id='word_1_814' title='bbox 1511 5536 1617 5576; x_wconf 90' lang='lat' dir='ltr'><strong>nec</strong></span> <span class='ocrx_word' id='word_1_815' title='bbox 1673 5519 1934 5575; x_wconf 90' lang='lat' dir='ltr'><strong>humano</strong></span> <span class='ocrx_word' id='word_1_816' title='bbox 1976 5520 2234 5578; x_wconf 87' lang='lat' dir='ltr'><strong>delatum</strong></span> <span class='ocrx_word' id='word_1_817' title='bbox 2339 5524 2667 5595; x_wconf 89' lang='lat' dir='ltr'><strong>jiciendum</strong></span> <span class='ocrx_word' id='word_1_818' title='bbox 2698 5542 2800 5597; x_wconf 88' lang='lat' dir='ltr'><strong>per</strong></span> <span class='ocrx_word' id='word_1_819' title='bbox 2822 5526 3028 5581; x_wconf 87' lang='lat' dir='ltr'><strong>urbem</strong></span> <span class='ocrx_word' id='word_1_820' title='bbox 3066 5524 3255 5598; x_wconf 88' lang='lat' dir='ltr'><strong>ignem</strong></span> <span class='ocrx_word' id='word_1_821' title='bbox 3288 5525 3563 5581; x_wconf 86' lang='lat' dir='ltr'><strong>domibus</strong></span> <span class='ocrx_word' id='word_1_822' title='bbox 3588 5524 3797 5581; x_wconf 87' lang='lat' dir='ltr'><strong>suasit.</strong></span> <span class='ocrx_word' id='word_1_823' title='bbox 3820 5524 4036 5597; x_wconf 86' lang='lat' dir='ltr'><strong>Cujus</strong></span> 
     </span>
    </p>
   </div>
   <div class='ocr_carea' id='block_1_111' title="bbox 586 5610 4033 5686">
    <p class='ocr_par' dir='ltr' id='par_1_111' title="bbox 586 5610 4033 5686">
     <span class='ocr_line' id='line_1_111' title="bbox 586 5610 4033 5686; baseline 0.001 -19"><span class='ocrx_word' id='word_1_824' title='bbox 586 5612 914 5668; x_wconf 89' lang='lat' dir='ltr'><strong>ministerio</strong></span> <span class='ocrx_word' id='word_1_825' title='bbox 939 5610 1208 5683; x_wconf 90' lang='lat' dir='ltr'><strong>judicum</strong></span> <span class='ocrx_word' id='word_1_826' title='bbox 1242 5627 1373 5667; x_wconf 89' lang='lat' dir='ltr'><strong>cum</strong></span> <span class='ocrx_word' id='word_1_827' title='bbox 1405 5611 1596 5667; x_wconf 91' lang='lat' dir='ltr'><strong>adhuc</strong></span> <span class='ocrx_word' id='word_1_828' title='bbox 1628 5627 1724 5667; x_wconf 87' lang='lat' dir='ltr'><strong>res</strong></span> <span class='ocrx_word' id='word_1_829' title='bbox 1752 5610 1918 5666; x_wconf 84' lang='lat' dir='ltr'><strong>ﬂeret</strong></span> <span class='ocrx_word' id='word_1_830' title='bbox 1965 5610 2237 5684; x_wconf 83' lang='lat' dir='ltr'><strong>divulga-</strong></span> <span class='ocrx_word' id='word_1_831' title='bbox 2346 5614 2504 5671; x_wconf 73' lang='lat' dir='ltr'><strong>miris</strong></span> <span class='ocrx_word' id='word_1_832' title='bbox 2533 5615 2952 5686; x_wconf 91' lang='lat' dir='ltr'><strong>propositionis</strong></span> <span class='ocrx_word' id='word_1_833' title='bbox 2983 5615 3242 5671; x_wconf 89' lang='lat' dir='ltr'><strong>rationes</strong></span> <span class='ocrx_word' id='word_1_834' title='bbox 3272 5614 3432 5671; x_wconf 90' lang='lat' dir='ltr'><strong>hunc</strong></span> <span class='ocrx_word' id='word_1_835' title='bbox 3463 5614 3582 5670; x_wconf 91' lang='lat' dir='ltr'><strong>fere</strong></span> <span class='ocrx_word' id='word_1_836' title='bbox 3639 5613 3700 5670; x_wconf 89' lang='lat' dir='ltr'><strong>ia</strong></span> <span class='ocrx_word' id='word_1_837' title='bbox 3760 5616 4033 5671; x_wconf 85' lang='lat' dir='ltr'><strong>modum</strong></span> 
     </span>
    </p>
   </div>
   <div class='ocr_carea' id='block_1_112' title="bbox 583 5695 4038 5777">
    <p class='ocr_par' dir='ltr' id='par_1_112' title="bbox 583 5695 4038 5777">
     <span class='ocr_line' id='line_1_112' title="bbox 583 5695 4038 5777; baseline 0.002 -20"><span class='ocrx_word' id='word_1_838' title='bbox 583 5705 709 5758; x_wconf 91' lang='lat' dir='ltr'><strong>tum</strong></span> <span class='ocrx_word' id='word_1_839' title='bbox 743 5700 967 5774; x_wconf 90' lang='lat' dir='ltr'><strong>procul.</strong></span> <span class='ocrx_word' id='word_1_840' title='bbox 994 5699 1080 5756; x_wconf 92' lang='lat' dir='ltr'><strong>illi</strong></span> <span class='ocrx_word' id='word_1_841' title='bbox 1107 5699 1282 5756; x_wconf 90' lang='lat' dir='ltr'><strong>simul</strong></span> <span class='ocrx_word' id='word_1_842' title='bbox 1305 5700 1639 5772; x_wconf 84' lang='lat' dir='ltr'><strong>audierunt,</strong></span> <span class='ocrx_word' id='word_1_843' title='bbox 1667 5698 1846 5756; x_wconf 88' lang='lat' dir='ltr'><strong>simul</strong></span> <span class='ocrx_word' id='word_1_844' title='bbox 1872 5702 2233 5758; x_wconf 86' lang='lat' dir='ltr'><strong>consternati</strong></span> <span class='ocrx_word' id='word_1_845' title='bbox 2346 5704 2741 5761; x_wconf 83' lang='lat' dir='ltr'><strong>subducebat:</strong></span> <span class='ocrx_word' id='word_1_846' title='bbox 2768 5695 3034 5762; x_wconf 73' lang='lat' dir='ltr'><strong>Flamma</strong></span> <span class='ocrx_word' id='word_1_847' title='bbox 3065 5705 3119 5761; x_wconf 88' lang='lat' dir='ltr'><strong>in</strong></span> <span class='ocrx_word' id='word_1_848' title='bbox 3157 5704 3311 5761; x_wconf 72' lang='lat' dir='ltr'><strong>uades</strong></span> <span class='ocrx_word' id='word_1_849' title='bbox 3342 5703 3555 5777; x_wconf 86' lang='lat' dir='ltr'><strong>injecta</strong></span> <span class='ocrx_word' id='word_1_850' title='bbox 3584 5710 3904 5762; x_wconf 85' lang='lat' dir='ltr'><strong>consumet</strong></span> <span class='ocrx_word' id='word_1_851' title='bbox 3921 5722 4038 5763; x_wconf 83' lang='lat' dir='ltr'><strong>so-</strong></span> 
     </span>
    </p>
   </div>
  </div>
