4258 6438
219 399 325 455 585

1278 396 1370 450 DB
1407 393 1774 450 MICHAELE
1815 391 2258 448 PAMOLOGO
2294 393 2428 448 LIB.
2468 395 2541 447 II.

3521 403 3627 460 586

225 521 298 584 ὦς
347 519 699 594 ηυσομὲνων
755 520 848 574 καὶ
907 517 1069 574 οἴκων
1117 520 1208 574 καὶ
1254 521 1514 596 περιττῆς
1561 515 1652 571 καὶ
1697 515 1874 590 ἀρχή·-
1905 516 1958 582 Α
1989 515 2328 585 παρεκάλουν
2374 515 2502 578 τοὺς
2547 514 2648 587 ἕξω
2696 518 2998 590 θεωμένους
3047 516 3113 573 τὰ
3161 517 3435 594 δρώμενα.
3489 527 3629 583 Τότε

225 633 352 667 στου
383 611 542 681 ὕλης,
575 613 851 685 γυναικῶν
880 606 938 663 δὲ
982 609 1072 664 καὶ
1121 606 1330 664 παίδων
1376 606 1428 677 ἐξ
1475 607 1708 682 ἀνάγκης
1758 601 1873 658 δια-

225 701 618 778 φυλαξομὲνων
649 705 729 772 τῷ
759 697 1073 774 ἐκδραμεῖν,
1124 694 1235 753 ἔστι
1281 696 1326 753 δ’
1379 696 1441 752 οῦ
1483 686 1579 750 καῖ
1607 689 1874 770 φυλαξόν-

222 812 330 845 των
386 789 477 845 καί
529 810 654 844 τινα
706 794 808 858 τῆς
864 789 1102 862 καθαρᾶς
1151 787 1241 842 καὶ
1294 787 1372 848 εἰς
1424 783 1662 840 πλοῦτον
1709 781 1873 852 ὕλης,

225 877 464 940 ὶκείνους
497 875 545 932 δ’
592 876 652 932 ἐκ
697 881 844 946 νηῶν
877 873 1091 938 ἰδόντας
1124 875 1256 952 πυρὶ
1291 873 1616 947 μὶνξςοῗκους
1666 872 1872 944 ἀμαθυ-

223 968 516 1041 νομὲνους,
573 971 832 1042 γυναῖκας
888 963 945 1019 δὲ
991 966 1080 1020 καὶ
1125 963 1320 1026 παῖδας
1358 964 1453 1026 τὰς
1482 968 1672 1036 χεῖρας
1704 958 1873 1015 ἐκτεί-

221 1076 415 1118 νοντας
472 1056 550 1119 εῑς
601 1052 916 1127 ἀντίληψιν,
971 1058 1078 1108 τῶν
1143 1054 1236 1126 μὲν
1274 1049 1542 1129 ὑπεριδεῖν
1575 1049 1651 1112 ὠς
1685 1047 1874 1122 μηκέτ’

222 1142 420 1217 ὄντων,
479 1146 717 1207 ἐκείνους
776 1142 820 1199 δ’
881 1144 1123 1214 ἐκζητεῖν
1181 1145 1272 1198 καὶ
1317 1143 1528 1213 σώζειν,
1584 1141 1673 1196 καὶ
1731 1139 1873 1194 οὕτω

223 1233 386 1312 χάριν
415 1235 545 1299 τοὺς
573 1233 822 1295 διδόντας
863 1233 1065 1290 τιθέναι
1094 1239 1212 1295 τοῖς
1261 1233 1599 1302 ἐκζητοῦσιν,
1649 1231 1874 1304 ἀγαπω-

222 1348 301 1382 σιν
335 1327 383 1382 εἰ
414 1326 569 1381 αὐτοὶ
621 1326 712 1379 καὶ
742 1329 994 1399 γυναῖκες
1042 1323 1131 1378 καὶ
1178 1323 1340 1377 τέκνα
1397 1323 1681 1390 σώζοιντο.
1724 1321 1872 1376 Εἶναι

219 1419 321 1492 γὰρ
353 1415 405 1489 ἐξ
456 1417 680 1487 δτοίμου
726 1413 944 1474 τούτοις
992 1413 1205 1473 καὶτὰς
1235 1413 1483 1487 τριήρεις
1542 1407 1873 1480 ὁποδεξομὲ-

218 1527 312 1568 νας
339 1507 406 1560 τὸ
433 1502 675 1575 πλῆθος,
735 1501 833 1556 κᾶν
885 1500 1056 1556 ἄλλοι
1088 1499 1322 1570 θέλοιεν,
1374 1499 1464 1554 καὶ
1519 1498 1701 1559 αὐτοῖς
1737 1495 1872 1573 ἐτριέ-

218 1614 324 1651 ναι·
359 1595 522 1663 ἱκανὴ
552 1595 655 1669 γὰρ
685 1596 720 1662 ὴ
772 1593 825 1647 ἐν
878 1591 1134 1654 Σικελίας
1180 1595 1309 1652 ναῦς
1357 1588 1552 1651 αὐτοὺς
1604 1585 1874 1663 ὑποδέχε-

222 1697 366 1749 σθαι.
400 1684 558 1742 Οὕτω
587 1689 688 1750 τῆς
726 1679 935 1756 βουλῆς
969 1679 1226 1754 ῥηθείσης
1272 1669 1597 1750 καὶλάγαθῆς
1622 1675 1872 1746 δοξάσης,

219 1773 307 1828 καὶ
343 1771 562 1846 μᾶλλον
590 1770 836 1846 ἀντέχειν
873 1770 952 1842 μὴ
1003 1767 1193 1844 ἔχουσι
1225 1765 1314 1822 διά
1362 1769 1461 1835 τὴν
1509 1771 1616 1820 τῶν
1663 1763 1870 1840 ἀνδρῶν

219 1861 540 1937 ὀλιγότητα,
596 1864 704 1936 πῦρ
765 1860 1065 1936 ὑφάπτουσι
1115 1857 1420 1933 παραυτίκα
1467 1857 1606 1910 ὅπου
1660 1852 1872 1926 μᾶλλον

219 1953 363 2007 οἶκοι
413 1951 505 2005 καὶ
560 1948 875 2024 πράγματα.
932 1949 995 2000 Ὃ
1051 1944 1117 2014 δὴ
1172 1946 1261 2000 καὶ
1293 1943 1615 2017 νεμόμενον,
1642 1942 1767 2002 τοὺς
1797 1940 1874 1996 οἷ’.

217 2061 345 2102 κους
398 2035 634 2095 ἐσπόδει.
691 2037 926 2107 Ἐξὲθεον
979 2032 1026 2089 δ’
1057 2035 1108 2088 οἱ
1143 2033 1194 2089 ἐν
1234 2031 1408 2096 οἷ’κοις
1436 2026 1871 2105 τεθορυϐημένοι

219 2128 497 2197 μελισσῶν
554 2125 756 2202 τρόπον
815 2123 1231 2196 καπνιζομένων
1267 2165 1280 2190 ,
1336 2121 1422 2176 καῒ
1483 2121 1610 2184 τοὺς
1665 2119 1870 2194 λόφους

213 2225 312 2287 τῆς
340 2216 558 2277 πόλεως
605 2208 1122 2287 καταλαμϐάνοντες
1150 2211 1352 2287 γυμνοὶ
1409 2210 1483 2272 ὠς
1545 2210 1716 2284 εἶχον,
1760 2211 1872 2280 ἅμα

217 2305 273 2363 δὶ
316 2305 408 2362 καὶ
458 2301 727 2380 περιδεεῖς
772 2303 895 2377 περὶ
934 2309 1035 2371 τῆς
1066 2305 1212 2377 σφῶν
1269 2299 1564 2375 σωτηρίας,
1616 2296 1870 2371 δακρύοις

216 2509 343 2565 lum
372 2505 681 2562 materiam
712 2503 1052 2576 migraturis
1076 2498 1656 2568 iuutilem,hostibus
1680 2497 1873 2569 profu-

215 2599 503 2666 turam,et
519 2609 801 2666 personas
816 2593 1028 2648 evellet
1041 2589 1264 2646 salubri
1280 2589 1631 2644 necessitate
1648 2602 1679 2640 a
1697 2585 1868 2640 noxio

214 2701 374 2742 nunc
395 2681 701 2754 complexu
729 2680 1028 2752 penatium
1056 2678 1112 2733 in
1138 2677 1356 2750 quibus
1380 2680 1526 2732 nata:
1549 2680 1866 2746 sunt,quos

217 2774 333 2830 nisi
367 2770 866 2842 deserangprada
890 2768 1161 2825 hostibus
1183 2773 1376 2822 erunt.
1403 2766 1517 2823 Nec
1536 2780 1744 2820 uxores
1766 2780 1864 2820 so-

216 2862 339 2918 lum
376 2860 666 2932 liberique
698 2863 1033 2915 nostrorum
1066 2857 1148 2913 sic
1179 2855 1322 2913 salvi
1355 2854 1626 2920 ﬁent,sed
1655 2852 1866 2925 pretio-

217 2952 482 3017 sissima,
517 2953 584 3004 ut
613 2948 699 3019 fit,
731 2946 1102 3003 conditarum
1133 2946 1287 3000 domi
1321 2960 1514 3000 rerum
1547 2959 1746 2998 secum
1771 2958 1865 2997 as-

223 3040 572 3114 portabunt.
605 3037 896 3094 Classiarii
936 3051 1108 3108 porro
1139 3033 1324 3091 nostri
1357 3034 1471 3088 huc
1503 3031 1731 3104 appulsi
1763 3031 1861 3086 ubi

214 3147 286 3186 ex
315 3128 566 3184 navibus
596 3131 837 3183 cernent
861 3127 1134 3180 ardentes
1156 3123 1396 3196 quidem
1419 3120 1865 3190 domus,conju-

219 3234 323 3290 ges
353 3233 488 3274 vero
519 3232 586 3272 ac
619 3215 773 3271 filios
805 3231 1020 3269 manus
1048 3229 1079 3268 e
1111 3214 1306 3267 littore
1337 3211 1646 3266 tendentes
1692 3210 1862 3264 obse-

213 3314 569 3377 orantesque
602 3309 666 3360 ut
699 3320 762 3359 se
792 3303 850 3357 in
882 3307 1077 3358 tutum
1111 3300 1414 3372 recipiant,
1448 3303 1598 3355 tecta
1623 3297 1860 3370 quidem

209 3401 276 3452 ut
297 3397 426 3468 jam
462 3395 690 3466 perdita
712 3391 1359 3464 negligenl,cbaravero
1382 3389 1573 3460 capita
1603 3386 1860 3460 periculo

209 3486 544 3540 subducere
574 3483 954 3547 contendent;
988 3484 1045 3536 et
1066 3479 1151 3535 sic
1174 3479 1370 3534 ablata
1399 3480 1456 3532 in
1483 3476 1859 3533 manifestum

205 3575 449 3630 exitium
481 3572 688 3628 ruendi
720 3568 1304 3639 causa,temerarium
1329 3569 1625 3639 deponent
1647 3583 1860 3638 propo-

206 3666 392 3719 situm
443 3661 745 3734 pugnandi
806 3662 932 3715 sine
962 3675 1065 3729 spe
1096 3674 1229 3713 cum
1265 3657 1433 3713 hoste
1466 3655 1777 3729 potentiori
1804 3660 1861 3712 et

208 3759 368 3809 certo
399 3752 680 3816 victoriae,
711 3750 854 3804 satis
887 3750 1175 3803 habentes
1206 3746 1586 3802 dulcissimos
1617 3745 1859 3801 affectus

207 3842 672 3898 domesticarum
708 3837 1212 3896 necessitudinum
1247 3854 1281 3891 a
1312 3833 1861 3907 flamma,gladio,et

206 3932 491 3988 servitute
519 3927 716 3984 hostili
747 3933 977 3999 ereptos
1008 3926 1199 3981 salvos
1227 3940 1428 3980 secum
1452 3923 1596 3996 ipsis
1646 3923 1861 3995 pariter

203 4017 611 4076 incolumibus
646 4022 704 4072 et
725 4022 883 4073 tutos
905 4016 964 4071 in
990 4013 1240 4070 navibus
1262 4014 1495 4070 habere.
1519 4014 1730 4069 Adfore
1755 4030 1857 4068 au-

206 4114 324 4164 tem
359 4107 632 4162 triremes
655 4109 714 4161 et
740 4104 978 4174 capacia
1009 4101 1333 4174 quantaevis
1365 4101 1766 4157 multitudinis
1793 4118 1862 4157 ea

205 4196 520 4255 occasione
552 4210 877 4250 accursum
901 4192 1307 4264 navigia,147
1338 4191 1661 4263 praesertim
1687 4190 1864 4245 maxi-

210 4303 378 4344 mum
412 4300 598 4340 unum
630 4299 662 4338 e
691 4283 913 4349 Sicilia,
944 4281 1135 4338 solum
1169 4281 1315 4336 satis
1346 4279 1608 4352 amplum
1632 4280 1863 4335 cunctis

210 4376 328 4432 fere
351 4372 456 4445 qui
482 4378 648 4428 terra
672 4369 930 4444 pericula
953 4370 1099 4425 mari
1124 4369 1324 4442 fugere
1344 4368 1558 4424 vellent
1579 4368 1864 4439 recipien-

212 4467 324 4520 dis.
355 4464 439 4519 Ea
465 4465 726 4517 Joannes
755 4477 890 4516 cum
920 4459 1562 4531 exposuisset,suadere
1589 4458 1750 4513 utilia
1776 4461 1864 4513 est

219 4556 409 4622 visus,
432 4567 501 4607 ea
530 4550 782 4606 maxime
803 4548 1026 4605 ratione
1052 4551 1299 4603 cunctos
1330 4547 1389 4601 in
1421 4562 1730 4602 assensum
1765 4562 1863 4602 ne-

1984 600 2050 673 δή
2100 605 2189 658 καὶ
2238 603 2290 660 ἐν
2341 606 2627 681 ἀμηχανίᾳ
2666 611 2762 661 τοῦ
2796 605 2922 683 δρᾷν
2951 631 3003 663 τι
3031 609 3315 684 γενόμενοι
3349 612 3475 686 (εἴτε
3524 617 3625 691 γὰρ

1982 692 2207 761 ἀνύοιεν,
2270 695 2331 748 οὐ
2383 696 2564 757 καλῶς
2621 691 2768 771 ἔχειν
2829 696 3030 759 αὐτοὺς
3088 704 3502 776 γυμνωθέντας,
3536 707 3625 759 καὶ

1983 778 2094 854 ἅμα
2149 781 2397 838 κινδύνου
2450 790 2568 845 τοῖς
2625 786 2900 861 σφετέροις
2953 786 3298 861 ἐπικειμένου
3333 810 3344 822 ·
3408 792 3513 846 εἷετε
3572 792 3629 848 δὲ

1979 872 2070 924 καὶ
2134 873 2210 943 μή
2257 877 2470 944 νικῷεν,
2526 872 2729 935 τελέως
2771 873 2954 937 αὐταῖς
3012 878 3216 950 γυναιξῖ
3275 881 3363 933 καὶ
3415 882 3625 945 τὲκνοτς

1982 957 2220 1032 ὀλέσθαι)
2253 963 2388 1036 πρὸς
2443 962 2646 1016 ἱκεσίαν
2695 961 3006 1036 τρέπονται,
3066 965 3154 1018 καὶ
3211 968 3338 1031 τοὺς
3391 969 3624 1034 οἶκείους

1984 1046 2131 1119 μάλα
2163 1054 2377 1124 θερμῶς
2425 1050 2775 1124 ἐξαιτοῦνται,
2817 1052 2860 1106 εἷ
2915 1055 3006 1125 μὲν
3065 1054 3380 1130 βούλονται,
3412 1058 3623 1133 σύναμα

1979 1138 2067 1192 καὶ
2096 1143 2212 1199 τοῖς
2245 1143 2489 1211 περιοῦσι
2539 1142 2872 1217 πράγμασιν,
2926 1143 2970 1195 εἱ
3003 1141 3049 1197 δ’
3097 1142 3213 1212 οῦν,
3260 1146 3385 1202 ἀλλ’
3426 1147 3621 1223 αὔταρ-

1978 1247 2066 1287 κες
2117 1228 2249 1281 εἶναι
2295 1228 2516 1292 τούτοις
2567 1231 2629 1283 τὸ
2675 1234 2783 1292 σῶς
2826 1226 3124 1286 ἀπολαϐεῖν
3171 1234 3300 1297 τοὺς
3344 1237 3620 1312 γνησίους.

1979 1315 2111 1370 Τότε
2133 1317 2316 1371 τοίνυν
2369 1315 2515 1372 δεινά
2542 1338 2600 1373 τε
2642 1318 2732 1372 καὶ
2778 1319 3005 1393 σχέτλια
3061 1320 3365 1395 ἐτελοῦντο,
3401 1326 3626 1402 μξγιστα

1981 1405 2054 1458 ὧν
2089 1400 2206 1477 ὄψει
2240 1405 2327 1459 καὶ
2379 1406 2520 1479 ἀκοῇ
2570 1406 2903 1482 παρειλήφει
2947 1430 3028 1470 τις
3082 1413 3160 1482 [Ρ.
3214 1414 3326 1487 95]·
3376 1400 3625 1488 γυναῖκες

1925 1566 1929 1568 _
1981 1494 2084 1568 γάρ
2117 1489 2429 1567 ἀνύϐριστοι
2459 1497 2547 1550 καὶ
2600 1497 2857 1570 παρθένοι
2894 1499 2976 1574 ὑφ’
3009 1500 3083 1553 ἐνὶ
3128 1505 3345 1575 χιτῶνι,
3399 1500 3629 1581 διερῥωο

1981 1582 2102 1658 γότι
2133 1584 2221 1637 καὶ
2246 1585 2444 1656 τούτῳ,
2475 1591 2590 1647 τοῖς
2631 1590 2858 1659 τυχοῦσι
2906 1589 3423 1662 περιστελλόμεναι,
3474 1593 3628 1664 νηλίι

1981 1693 2104 1733 ποις
2134 1672 2290 1727 ποσὶν
2326 1673 2428 1728 ὑπὸ
2459 1671 2686 1727 πολλῶν
2721 1670 2903 1748 ὄψεσιν
2935 1674 3146 1749 ἀτίμως
3191 1680 3327 1754 πρὸς
3374 1682 3500 1743 τοὺς
3549 1683 3631 1738 οἷ-

1981 1761 2160 1822 κείους
2210 1761 2434 1834 ἐξέθεον.
2489 1763 2587 1818 Καὶ
2649 1760 2799 1825 δίκας
2847 1763 3076 1820 ἐτίννυον
3127 1764 3375 1844 ἄντικρυς
3430 1771 3628 1827 Ἰταλοὶ

1908 1888 1952 1954 Β
1983 1848 2054 1917 ὧν
2113 1850 2306 1904 ἐκεῖνοί
2353 1871 2484 1904 ποτε
2534 1853 2667 1926 πρὸς
2717 1853 3025 1924 Ῥωμαίους
3077 1854 3315 1913 ἐποίουν.
3376 1865 3522 1930 Ἀμα
3572 1860 3630 1916 δὲ

2057 1937 2068 1954 \
2139 1937 2150 1952 ἱ
2280 1935 2300 1954 \
2381 1937 2395 1954 ἱ
2480 1938 2527 1954 ΑΙ
2731 1938 2764 1954 '9
2815 1938 2833 1954 ἱ
2963 1945 2986 1954 ν
3195 1944 3208 1954 ε
3230 1951 3238 1954 .
3265 1943 3281 1954 ς
3309 1944 3351 1954 ιι.
3470 1948 3479 1954 ι
3502 1951 3509 1954 .
3534 1944 3550 1954 ι

1983 1937 2072 1990 καὶ
2100 1937 2161 1991 τὸ
2201 1935 2433 1991 παλαιὸν
2479 1938 2692 1992 θὲσπιον
2727 1938 3077 2013 ςέπληροῦτο,
3115 1966 3142 1993 ιι
3194 1943 3440 2014 ’Ᾱλὲξιος
3470 1944 3626 2002 Ἀλε-

1983 2025 2248 2099 ξόπουλος
2293 2025 2381 2080 καὶ
2431 2025 2515 2080 ἐπὶ
2562 2026 2777 2089 τούτοις
2837 2031 3261 2104 Κουτριτζάκης,
3313 2058 3340 2086 ››
3393 2041 3628 2109 Ἔφθασε

1980 2117 2080 2191 γὰρ
2139 2116 2226 2169 καὶ
2290 2116 2394 2190 πρὸ
2449 2120 2545 2169 τοῦ
2598 2121 2763 2171 ταῦτα
2809 2120 3052 2193 γενέσθαι
3105 2122 3132 2174 ὁ
3182 2123 3624 2197 συγγραψάμενος

1983 2204 2195 2259 ἀκούειν
2246 2205 2392 2280 παρά
2433 2205 2634 2281 πατρὸς
2681 2206 3008 2278 ὁμιλοῦντος
3064 2208 3219 2283 ἄλλῳ
3255 2211 3345 2265 καὶ
3376 2214 3469 2267 τὸν
3498 2218 3630 2267 τοῦ-

1980 2315 2070 2348 τον
2122 2293 2287 2369 Λόγον
2338 2292 2625 2371 λίγοντος.
2675 2301 2760 2358 Ὠς
2800 2295 2899 2373 γὰρ
2949 2297 3172 2354 πολῖται
3233 2294 3380 2366 ὅντες
3431 2300 3630 2359 ἰκτῖνοι

1982 2495 2185 2569 procul
2213 2501 2374 2553 extra
2406 2495 2677 2552 videbant
2707 2497 2966 2555 vicissim
2997 2500 3258 2556 intentos
3306 2500 3364 2556 in
3397 2517 3464 2558 ea
3501 2519 3630 2575 qum

1980 2586 2206 2654 flerent,
2234 2601 2368 2640 cum
2400 2585 2673 2658 lacrymis
2706 2593 2942 2644 orantes
2995 2593 3059 2643 ut
3107 2599 3521 2647 succurrerent
3569 2593 3628 2648 in

1977 2683 2231 2732 extremo
2262 2673 2601 2755 discrimine
2632 2676 2965 2732 miserrima
3003 2677 3369 2749 patientibus
3414 2684 3472 2736 et
3505 2695 3625 2736 me-

1975 2764 2277 2820 tuentibus
2298 2764 2513 2834 pejora.
2540 2763 2663 2819 Tali
2687 2765 3020 2837 spectaculo
3045 2767 3362 2823 reducibus
3386 2785 3415 2824 e
3435 2769 3627 2840 Daph-

1976 2852 2170 2909 musia
2189 2852 2408 2908 Latinis
2431 2852 2974 2924 objecto,steterunt
2996 2855 3053 2910 hi
3082 2856 3512 2928 aliquantulum
3536 2860 3624 2913 in-

1973 2942 2115 2997 certi
2171 2946 2228 2997 et
2286 2941 2731 2998 deliberabundi
2790 2945 2929 3015 quid
2993 2953 3248 3017 agerent.
3306 2950 3413 3017 An,
3451 2952 3626 3018 prout

1972 3033 2364 3100 decreverant,
2398 3034 2838 3104 exscenderent,
2871 3038 2927 3088 et
2947 3034 3146 3091 hostes
3175 3035 3624 3092 invaderent?At

1975 3119 2372 3176 inconsultum
2397 3121 2704 3176 videbatur
2734 3121 2890 3194 ipsos
2917 3123 3126 3190 nudos,
3164 3129 3227 3179 ut
3249 3129 3621 3197 erant,appa-

1974 3218 2099 3265 ratu
2133 3211 2428 3266 terrestris
2460 3210 2620 3281 belli,
2652 3227 2756 3282 pro
2791 3212 2932 3268 focis
2964 3217 3022 3268 et
3052 3229 3112 3268 re
3136 3213 3434 3281 familiari,
3488 3216 3621 3286 qui-

1970 3299 2080 3354 bus
2113 3314 2174 3356 se
2193 3300 2320 3370 jam
2354 3298 2630 3371 spoliatos
2663 3300 2982 3372 populante
3007 3307 3218 3358 cuncta
3243 3303 3512 3360 incendio
3540 3305 3621 3359 vi-

1970 3390 2204 3458 debant,
2238 3405 2388 3444 czeco
2418 3389 2638 3460 impetu
2672 3390 3031 3447 decertatum
3068 3408 3256 3460 ruere,
3293 3410 3426 3448 cum
3460 3398 3623 3450 certa

1969 3477 2224 3550 pernicie
2247 3494 2360 3533 non
2382 3479 2474 3533 sui
2499 3477 2689 3534 solum
2715 3478 3112 3550 ipsoruu;,sed
3138 3483 3266 3553 conj
3279 3499 3458 3555 ugum
3480 3499 3625 3555 pre-

1967 3572 2125 3623 terca
2152 3572 2208 3622 et
2237 3566 2577 3632 liberorum,
2606 3568 2716 3623 nisi
2748 3569 3043 3626 vincerent
3067 3572 3247 3642 (quod
3272 3573 3495 3643 sperari
3527 3573 3622 3628 vix

1967 3657 2235 3727 poterat),
2268 3673 2400 3711 cum
2435 3657 2582 3728 ipsis
2610 3656 2766 3712 haud
2820 3659 2998 3715 dubie
3029 3662 3444 3731 periturorum.
3483 3661 3615 3718 llzec

1967 3750 2306 3818 reputantes
2337 3745 2525 3801 satius
2557 3753 2843 3819 putarunt
2885 3750 3238 3807 descendere
3265 3751 3335 3807 ad
3388 3768 3609 3824 preces,

1965 3833 2381 3906 supplicesque
2409 3835 2700 3892 instanter
2730 3837 3025 3908 petierunt
3056 3844 3119 3895 ut
3152 3839 3263 3896 sibi
3297 3840 3610 3897 necessarii

1965 3923 2388 3996 domesticique
2421 3924 2820 3993 redderentur,
2853 3927 2901 3982 si
2933 3927 3175 3998 quidem
3205 3927 3443 3996 vellent,
3472 3944 3608 3984 cum

1966 4031 2030 4068 ea
2061 4029 2188 4084 quis
2216 4019 2553 4085 superesset
2585 4014 2857 4070 familiari
2889 4016 3229 4089 suppectili,
3261 4021 3351 4074 sin
3385 4019 3608 4088 minus,

1964 4101 2052 4158 vel
2086 4103 2210 4157 sola
2240 4101 2611 4159 restitutione
2641 4104 2955 4160 charorum
2988 4107 3246 4178 capitum
3300 4111 3610 4164 contentos

1968 4189 2230 4245 abituros
2261 4205 2396 4244 cum
2430 4189 2502 4244 iis
2533 4190 2709 4245 nudis
2739 4189 2895 4259 licet,
2919 4195 2979 4245 at
2999 4191 3400 4248 incolumibus
3424 4199 3480 4248 et
3502 4193 3614 4248 sal-

1967 4279 2249 4335 vis.Tunc
2268 4294 2401 4334 vero
2414 4280 2679 4351 graviora
2691 4280 3106 4352 acerbioraque
3119 4281 3411 4353 contigere
3434 4299 3612 4355 quam

1969 4367 2286 4439 quisquam
2305 4368 2708 4438 unquamvisu
2727 4368 3052 4440 audituque
3074 4370 3617 4442 perceperit.Hone-

1971 4461 2072 4511 size
2089 4455 2362 4511 mulieres
2377 4472 2442 4510 ac
2464 4456 2718 4528 virgines
2742 4457 2992 4513 indusiis
3015 4459 3188 4515 modo
3215 4465 3315 4514 aut
3336 4460 3618 4516 tuniculis

1972 4547 2124 4601 male
2156 4550 2318 4602 tectae
2349 4545 2624 4618 singulis,
2657 4546 2848 4618 iisque
2879 4547 3031 4603 148
3083 4548 3363 4619 pertusis,
3384 4549 3619 4621 quales-

223 4620 471 4699 csssarii
505 4639 732 4696 consilii
756 4636 1210 4708 trahente,quod
1245 4637 1391 4691 satis
1412 4638 1638 4707 pateret
1667 4651 1737 4690 ne
1768 4652 1862 4691 ex.
1897 4620 1942 4685 D
1975 4652 2206 4700 cunque
2239 4637 2434 4705 fugam
2483 4635 2930 4708 expedientibus
2978 4638 3179 4708 primae
3218 4620 3617 4709 occurrerant,

212 4732 430 4806 positis
461 4729 700 4803 quidem
737 4732 795 4782 in
829 4735 1044 4782 terram
1080 4725 1392 4780 navalibus
1422 4725 1605 4797 copiis
1625 4741 1760 4780 eum
1803 4742 1866 4781 se

211 4835 534 4877 numerum
569 4817 875 4874 habituros
908 4815 1167 4870 militum
1201 4831 1317 4885 quo
1350 4813 1521 4886 plane
1542 4831 1692 4885 opus
1713 4818 1867 4869 esset

212 4911 284 4966 ad
317 4909 529 4964 urbem
562 4907 623 4962 in
652 4906 758 4962 tali
791 4903 1135 4961 discrimine
1183 4904 1463 4958 tuendam
1514 4908 1573 4958 et
1619 4904 1868 4960 victores

211 5001 351 5055 inde
383 4997 710 5070 pellendos.
746 4995 935 5068 Igitur
965 5010 1083 5066 qua
1114 4992 1602 5065 frequentissimas
1641 4994 1868 5049 confer-

209 5089 579 5159 tissimeque
611 5087 760 5141 aedes
793 5088 962 5141 erant
989 5085 1186 5156 ignem
1213 5082 1417 5138 statim
1444 5082 1742 5154 injiciunt,
1767 5082 1869 5154 qui

211 5175 610 5254 momento'in
643 5174 953 5230 materiam
984 5177 1310 5244 grassatus,
1345 5176 1402 5227 et
1431 5172 1601 5228 obvia
1623 5188 1871 5245 quaeque

210 5267 380 5323 avide
405 5269 678 5336 correpta
699 5267 997 5319 momento
1021 5261 1290 5332 redigens
1311 5261 1370 5315 in
1395 5261 1671 5330 cinerem,
1697 5278 1869 5332 quem

213 5375 318 5428 par
349 5361 444 5412 est
473 5354 710 5410 credere
741 5351 1065 5407 tumultum
1099 5367 1165 5406 ac
1197 5350 1649 5422 trepidationem
1700 5350 1869 5406 habi-

210 5446 480 5500 tantibus
512 5443 748 5514 objecit.
786 5441 1106 5496 Prodibant
1135 5457 1308 5511 apum
1363 5440 1550 5494 instar
1599 5440 1760 5495 fumo
1805 5456 1874 5496 ex

215 5535 401 5592 alveis
416 5531 720 5605 pulsarum
734 5532 813 5601 ,in
828 5530 1080 5586 editiora
1101 5530 1265 5584 urbis
1284 5533 1700 5584 concurrentes
1725 5528 1870 5598 loca,

215 5624 358 5678 nudi
395 5626 500 5676 aut
528 5636 594 5677 eo
625 5620 834 5675 habitu
861 5619 921 5674 in
944 5635 1060 5690 quo
1089 5635 1188 5675 eos
1233 5619 1483 5674 ﬂamma
1532 5623 1721 5673 terror
1771 5635 1872 5690 op-

216 5715 538 5784 presserat,
558 5713 916 5776 trementes;
931 5707 1085 5763 anxii
1118 5707 1188 5763 de
1223 5706 1457 5780 propria
1487 5706 1699 5775 salute,
1728 5723 1875 5780 quos

545 5829 809 5890 Paraoa.
855 5825 964 5888 Gn.
1012 5825 1182 5887 CXL]
1195 5825 1268 5886 ll.

1977 4725 2153 4780 nudis
2185 4725 2572 4796 pedibus,sub
2591 4724 2778 4780 oculis
2801 4725 3142 4793 multorum,
3161 4728 3230 4783 ad
3259 4727 3621 4801 propinquos

1976 4813 2479 4886 ignominiOSsime
2500 4816 2916 4872 cursabant.Et
2937 4832 3138 4887 pennas
3161 4816 3402 4873 omnino
3424 4835 3623 4890 aquas

1979 4903 2108 4960 itali
2143 4903 2432 4959 dederunt
2459 4919 2664 4959 earum
2697 4904 3057 4973 injuriarum
3085 4907 3303 4978 quibus
3334 4907 3472 4962 olim
3507 4907 3624 4963 Ro-

1978 5010 2185 5049 manos
2216 4993 2548 5049 affecerant.
2580 4993 2768 5048 Simul
2800 4993 2978 5051 etiam
3010 4997 3186 5050 veteri
3237 4995 3475 5053 oraculo
3519 5014 3629 5053 sua

1979 5084 2124 5139 fides
2175 5082 2460 5138 constitit.
2510 5083 2652 5154 Ejus
2689 5083 2811 5139 haec
2842 5089 3010 5140 erant
3033 5086 3208 5140 verba
3240 5102 3252 5141 :
3286 5084 3578 5154 «Alexius,
3599 5108 3627 5136 »

1976 5172 2334 5242 Alexopulus
2363 5177 2422 5228 et
2447 5189 2624 5244 super
2646 5172 2756 5228 hos
2777 5175 3188 5231 Cutritzaces.»
3225 5176 3287 5230 Id
3319 5190 3421 5247 ego
3450 5176 3631 5246 bnjus

1980 5262 2242 5318 historia:
2274 5261 2868 5333 scriptor,antequam
2893 5265 3033 5319 urbs
3056 5265 3632 5336 caperetur,memini

1982 5368 2077 5407 me
2106 5351 2311 5407 audire
2341 5367 2411 5406 ex
2443 5357 2603 5422 patre
2636 5367 2765 5408 meo
2796 5340 2930 5408 cum
2977 5353 3090 5409 alio
3143 5355 3397 5425 quodam
3432 5356 3503 5411 de
3542 5356 3634 5411 his

1983 5447 2191 5513 agente
2214 5446 2270 5496 et
2297 5439 2643 5495 vaticinium
2679 5442 2944 5496 nondum
2980 5449 3189 5498 eventu
3216 5447 3510 5513 patratum
3545 5461 3634 5499 re-

1983 5531 2224 5587 citante.
2271 5534 2416 5586 Cum
2466 5531 2619 5586 enim
2681 5531 2854 5586 ambo
2889 5531 2973 5586 illi
3005 5531 3636 5603 Constantin0politani

1986 5621 2141 5676 cives
2192 5626 2393 5676 essent
2442 5625 2499 5675 et
2531 5620 2768 5676 exulare
2798 5626 3166 5692 cogerentur,
3197 5623 3424 5694 patriae,
3458 5628 3522 5678 ut
3551 5624 3637 5691 ﬁt,

1988 5709 2280 5766 desiderio
2308 5709 2649 5782 prophetias
2679 5711 3119 5778 scrutabantur,
3152 5711 3202 5767 si
3235 5728 3361 5783 qua
3403 5729 3641 5784 recupe-

3249 5831 3325 5890 i9
