4258 6438
635 393 744 446 587

1946 387 2249 444 GEORGII
2288 385 2757 440 PACHYMERE

3957 393 4061 449 588

636 514 704 567 τὰ
733 511 874 567 οἷ’κοι
906 511 1136 581 ἐζήτουν
1187 511 1279 565 καὶ
1337 508 1392 565 εἷ’
1436 522 1563 574 ποθι
1623 508 1827 571 ἅλωσις
1885 514 1985 577 τῆς
2033 503 2376 579 πατρίδοςΑ
2414 524 2605 577 μονος,
2660 498 2822 580 ἔτυχε
2875 502 2922 560 δ’
2980 505 3154 562 έκεῖσε
3194 507 3283 562 καὶ
3337 508 3364 564 6
3394 510 3558 572 κακὸς
3600 512 3957 588 Σεναχηρείμ
4010 514 4059 570 έν

640 596 884 673 συμϐαίη
944 599 1206 655 ἐσκόπουν
1262 599 1364 653 ὑπὸ
1395 599 1535 673 φωτὶ
1584 600 1772 660 νυκτὸς
1804 599 1892 671 (ἦν
1926 595 1972 651 δ’
2008 594 2118 669 ἐγὼ
2150 595 2177 648 6
2203 594 2293 647 τὸν

641 689 811 760 κηρὸν
869 690 1114 763 κατέχων
1174 690 1263 742 καὶ
1320 686 1524 761 φαίνων
1586 686 1839 757 ἐκείνοις)
1873 729 1889 757 ,
1943 689 2106 739 τοῦτο
2153 681 2300 754 ξυνέ-

643 773 795 831 ϐαινε
844 775 1091 850 λέγεσθαι
1156 778 1284 849 παρ’
1338 774 1554 830 ἐκείνων
1611 777 1684 836 ὡς
1743 772 1966 829 εἰδότων
1995 772 2068 833 ὠς
2127 768 2296 826 εἰδόσι

642 868 788 941 τάχα
818 867 1012 929 ὁπόθεν
1046 864 1226 937 ἁλῴη·
1279 864 1367 919 ἐπὶ
1412 865 1512 939 γὰρ
1544 865 1910 938 γενησομένου
1957 862 2105 922 τινὸς
2141 862 2297 934 βασι-

644 955 785 1019 λέως
839 954 1086 1025 Ἀλεξίου
1141 953 1400 1009 ὑπενόουν
1442 954 1540 1022 τήν
1570 960 1668 1019 τῆς
1698 950 1913 1013 πόλεως
1945 948 2174 1017 ἅλωσιν,
2206 947 2299 1003 καί

638 1066 802 1099 τινων
835 1041 1044 1114 ἄλλων,
1077 1043 1169 1104 οὕς
1204 1040 1382 1118 ἔλεγεν
1416 1044 1443 1096 ὁ
1488 1043 1765 1116 χρησμός.
1802 1044 1970 1096 Ἦσαν
2007 1038 2053 1094 δ’
2087 1038 2235 1094 οῦτοι
2270 1038 2298 1091 6

640 1137 848 1208 Καῖσαρ
882 1132 1121 1202 Ἀλέξιος
1154 1133 1428 1206 ἄντικρυς,
1461 1133 1488 1185 ὁ
1538 1131 1756 1204 ἀνεψιὸς
1809 1131 2013 1185 ἐκείνου
2058 1127 2300 1198 Ἀλέξιος

634 1223 704 1277 τά
732 1220 918 1277 πολλά
947 1216 1434 1293 συμϐαλλόμενος,
1464 1220 1552 1276 καὶ
1589 1222 1615 1274 6
1671 1217 1845 1273 δοκῶν
1888 1223 1994 1273 τῶν
2048 1217 2297 1289 θέλημα-

634 1314 836 1387 ταρίων
884 1309 1326 1385 Κουτριτζάκης,
1393 1308 1455 1371 ὅς
1509 1308 1601 1363 καὶ
1650 1309 1749 1377 τὴν
1814 1306 2021 1382 βουλὴν
2082 1311 2300 1382 πρῶτος

639 1401 976 1473 ὑπεσήμαινε
1004 1406 1101 1469 τῆς
1125 1398 1403 1460 ἁλώσεως.

636 1526 742 1595 κη’.
776 1523 908 1598 Περὶ
937 1524 1053 1598 τοῦΔ
1074 1524 1538 1598 Πρωτασηκρῆτις
1589 1516 1986 1598 Σενιναχηρεὶϐ,
2018 1520 2071 1575 τί
2103 1518 2296 1596 ἔπραξε

1032 1591 1247 1663 διάτὴν
1282 1591 1391 1663 τῆς
1422 1594 1637 1655 πόλεως
1672 1591 1899 1649 ἅλωσιν.

710 1700 889 1757 Ἀλλά
943 1705 1111 1756 ταῦτα
1162 1702 1255 1774 μὲν
1303 1699 1445 1754 οὕτω
1492 1700 1627 1755 κατά
1654 1701 1755 1768 τὴν
1790 1696 1961 1753 πόλιν
2010 1697 2295 1773 έπραχθη-

640 1812 756 1849 σαν.
818 1791 967 1847 Ἑπεί
1026 1788 1071 1844 δ’
1129 1789 1303 1865 ἐχρῆν
1356 1790 1640 1864 πανταχοῦ
1698 1788 2122 1863 φημίζεσθαιτά
2153 1808 2291 1861 πρα-

638 1883 858 1956 χθέντα,
911 1880 1001 1935 καὶ
1060 1878 1275 1952 μᾶλλον
1336 1879 1460 1933 ὅσον
1518 1879 1580 1932 τὸ
1639 1878 2081 1951 θαυμασιώτερον
2118 1878 2291 1951 εἶχον,
2326 1895 2370 1960 Β

638 1971 712 2032 ὡς
769 1968 828 2024 ἐκ
878 1966 1122 2041 παρόδου
1169 1967 1378 2022 ἁλῶναι
1434 1966 1692 2037 τοιαύτην
1749 1965 1913 2021 πόλιν
1972 1971 2089 2026 τοῖς
2118 1986 2177 2039 γε
2210 1968 2286 2038 μὴ

634 2059 723 2113 ἐπὶ
779 2058 960 2130 τοότῳ
1011 2059 1110 2126 τὴν
1164 2058 1342 2134 ἀρχὴν
1392 2056 1737 2135 ἀφιγμένοις,
1786 2057 1926 2118 τινὲς
1981 2060 2289 2131 τῶνταχυς

635 2145 988 2222 δρομοόντων
1065 2147 1153 2202 ἐπὶ
1230 2146 1561 2222 συγχαρείας
1613 2144 1760 2201 ἔθεον
1818 2149 2104 2219 πανταχοῦ
2162 2151 2288 2219 γῆς,

633 2237 708 2301 ὡς
765 2235 921 2309 ἁλῴη
953 2236 1312 2312 ἀγγελοῦντες
1361 2237 1421 2291 τὸ
1476 2236 1612 2311 μέγα
1641 2236 1792 2304 ἄστυ,
1840 2232 2053 2310 ἡμέρας
2095 2232 2288 2304 ἐπισή-

636 2347 764 2397 μου,
840 2326 919 2404 ἐφ’
1000 2325 1163 2402 ἑορτῇ
1235 2328 1335 2394 τῆς
1394 2327 1744 2400 Θεομήστορος
1824 2330 2053 2396 ’¹Αννης,
2118 2322 2287 2395 μηνὸς

632 2418 1114 2489 Ἀνθεστηριῶνος,
1168 2414 1373 2469 ἀκονιτὶ
1404 2412 1603 2489 σχεδὸν
1651 2413 1741 2468 καὶ
1791 2414 1867 2475 ὡς
1919 2412 2017 2467 οὐκ
2046 2410 2285 2482 ἤλπισάν

628 2526 761 2559 ποτε
792 2506 843 2559 οἱ
877 2503 1122 2566 ἀλόντες.
1160 2509 1367 2576 Σημεῖν
1403 2500 1450 2557 δ’
1491 2502 1753 2573 ἀληθείας
1806 2507 1915 2557 τῶν
1964 2499 2283 2577 λεγομένων

632 2594 860 2656 ἐκείνοις
910 2596 977 2664 ἦν
1029 2589 1380 2671 κογκοϐαφὴς
1431 2592 1656 2668 σάρισσα
1701 2590 2043 2665 δεικνυμένη.
2077 2593 2158 2665 [Ρ.
2192 2593 2283 2665 96]

632 2684 783 2739 Ἐπεὶ
842 2681 901 2739 δὲ
954 2682 1043 2739 καὶ
1105 2684 1181 2745 εἱς
1240 2680 1611 2754 Νικομήδειαν
1667 2678 1931 2759 ἔφθασαν,
1983 2679 2284 2751 ἐνεστώσης

628 2775 728 2842 τῆς
760 2772 1118 2848 πανηγύρεως
1148 2776 1246 2828 τοῦ
1277 2771 1330 2826 έν
1385 2772 1613 2845 μάρτυσι
1669 2771 1926 2845 μεγίστου
1972 2767 2283 2841 Ηαντελεή-

628 2940 918 2998 rationem
950 2939 1115 2995 urbis
1165 2938 1338 3010 regie
1381 2937 1819 3010 promitterent.
1880 2935 2284 2992 Versabantur

625 3035 821 3086 autem
856 3030 915 3083 in
946 3044 1015 3084 ea
1044 3026 1478 3099 conquisitione
1511 3040 1613 3098 per
1643 3030 1998 3093 noctem,me
2021 3024 2279 3096 ipso,qui

623 3118 745 3175 haec
794 3117 1013 3186 scribo,
1069 3117 1253 3172 facem
1290 3115 1718 3187 ipsis-ceream,
1764 3113 1835 3168 ad
1873 3114 2046 3184 cujus
2077 3113 2275 3168 lumen

621 3206 1037 3272 lucubrabant,
1074 3205 1475 3277 praetendente
1506 3219 1571 3258 ac
1599 3202 1685 3258 sic
1714 3218 1744 3257 e
1785 3201 2119 3273 propinquo
2170 3218 2275 3257 au-

851 3312 980 3367 quas
1024 3262 1177 3350 inter
1219 3310 1349 3350 sese
1394 3262 1801 3365 loquerentur:
1850 3262 2276 3362 Signiﬁcabant
2307 3262 2349 3328 θ

626 3390 845 3450 autem,
878 3390 1167 3457 quantum
1200 3383 1494 3450 recordor,
1527 3384 1897 3452 compertum
1930 3380 2141 3446 sibi,ex
2176 3379 2288 3436 isto

623 3474 898 3531 videlicet
926 3464 1577 3543 vaticinio,capiendam
1605 3468 1925 3541 aliquando
1950 3467 2287 3524 Constanti-

632 3562 895 3634 nopolim
947 3562 1049 3618 sed
1075 3562 1131 3617 id
1166 3560 1499 3616 faciendum
1530 3557 1927 3630 opinabantur
1950 3573 1983 3612 a
2031 3558 2288 3629 quodam

628 3652 841 3709 deinde
872 3654 1187 3723 regnaturo
1222 3649 1594 3719 imperatore,
1631 3646 1865 3702 nomine
1896 3645 2287 3718 Alexio,adju-

630 3741 905 3797 vantibus
962 3740 1081 3795 illis
1111 3738 1245 3795 aliis
1280 3741 1411 3810 post
1439 3753 1574 3792 eum
1608 3736 1667 3791 in
1699 3734 1934 3792 oraculo
1965 3736 2281 3807 expressis.

629 3833 911 3888 Caeterum
935 3826 1388 3885 eventusdocuit
1411 3843 1525 3881 non
1551 3826 1966 3897 imperatorem
1990 3841 2282 3897 expugna-

627 3926 815 3977 torem
848 3920 1142 3986 urbis,sed
1168 3918 1450 3974 Caesarem
1484 3914 1744 3971 Alexium
1777 3913 2280 3983 futurum;Alexo-

626 4010 964 4082 puliautem
982 4006 1218 4063 nomine
1244 4006 1566 4061 indicatum
1586 4004 1663 4060 ibi
1682 4003 2276 4075 Alexiumjuniorem,

623 4098 838 4171 prioris
872 4094 1327 4169 patruelem,qui
1362 4093 1616 4149 multum
1650 4094 1721 4149 ad
1754 4092 1904 4148 hanc
1927 4110 2047 4150 rem
2068 4099 2277 4150 coutu-

624 4189 711 4254 lit,
748 4187 833 4242 uti
865 4191 922 4242 et
951 4185 1104 4241 inter
1136 4183 1496 4240 voluntarios
1528 4182 1961 4238 existimatione
1991 4190 2047 4238 et
2076 4188 2279 4238 aucto-

620 4278 790 4333 ritate
821 4280 1108 4347 prestans
1140 4273 1505 4331 Cutritzaces
1538 4272 1766 4344 primus
1798 4275 2003 4327 auctor
2043 4272 2274 4328 consilii

618 4368 690 4423 de
721 4366 884 4421 urbis
916 4362 1349 4437 expugnatione
1378 4360 1480 4417 tali
1504 4364 1768 4433 tempore
1802 4360 2101 4416 tentanda.

525 4456 543 4471 .
613 4485 702 4539 23.
736 4485 810 4540 De
837 4486 1021 4556 primo
1052 4480 1381 4563 asecreteris
1408 4478 1798 4563 Semiacherib,
1830 4478 1962 4549 quid
2004 4479 2053 4534 is
2102 4481 2273 4550 egerit

1029 4555 1217 4611 audito
1247 4554 1406 4608 urbis
1431 4554 1846 4622 captwnuntio.

2407 600 2867 669 πρωτασηκρῆτις
2952 594 3189 673 όφφικίῳ
3296 597 3741 673 μεγαλυνόμενον
3826 603 3918 656 καὶ
4000 604 4061 658 τὸ

2410 680 2782 758 φημιζόμενον
2827 680 3048 751 ἤκουσε·
3100 689 3317 760 πρῶτον
3374 686 3467 758 μὶν
3521 684 3795 757 διηπίστει
3843 690 3933 745 καὶ
3990 692 4064 753 ὡς

2407 768 2637 841 πλάσμα
2683 770 2774 825 τὸν
2822 769 2988 845 λόγον
3039 772 3377 845 ἀπέπεμπεν,
3412 774 3487 836 ὡς
3521 772 3566 830 δ’
3600 774 3826 846 ἐξελθὼν
3860 776 4062 847 ἤκουσε

2408 860 2495 913 καὶ
2571 858 2841 914 ἐπίστευεν
2876 903 2892 932 ,
2971 859 3224 917 εἷσελθὼν
3301 864 3415 935 ἅμα
3465 864 3556 918 καὶ
3610 870 3718 920 τῶν
3788 870 4060 945 σφετέρων

2408 946 2630 1023 γενείων
2679 947 2837 1022 ἀπρὶξ
2886 955 3006 1011 ταὶς
3056 950 3212 1026 χερσὶ
3261 947 3615 1026 δραξάμενος,
3682 975 3703 1004 ι
3747 956 3811 1011 Ὠ
3860 959 4001 1025 οἷον,
4036 980 4063 1009 ››

2409 1037 2575 1105 εἶπεν,
2638 1060 2663 1090 α
2716 1037 2917 1092 ἀκούω.
2971 1042 3139 1093 Τοῦτο
3196 1044 3313 1101 ταῖς
3370 1043 3667 1119 ἡμετέραις
3721 1043 4065 1118 έταμιεύετο,

2405 1126 2457 1181 τί
2513 1147 2575 1200 γε
2626 1126 2960 1203 ἁμαρτοῦσιν
3014 1128 3089 1192 ὡς
3146 1127 3334 1203 ἐπιζῇν
3394 1130 3485 1185 καὶ
3549 1130 3770 1206 βλέπειν
3826 1138 4064 1189 τοσαῦτα

2409 1212 2603 1285 δεινάς
2664 1219 2760 1270 τοῦ
2815 1214 3016 1271 λοιποῦ
3074 1217 3241 1273 καλόν
3296 1240 3379 1281 τις
3438 1222 3514 1292 μή
3574 1219 3883 1293 ἐλπιζέτω,
3944 1223 4058 1278 ἐπεὶ

2405 1305 2667 1377 Ῥωμαῖοι
2724 1305 2814 1359 καὶ
2871 1305 3022 1367 αὖθις
3076 1312 3310 1361 πατοῦσι
3378 1309 3476 1378 τὴν
3533 1308 3695 1365 πόλιν
3731 1329 3744 1343 ο
3816 1334 3844 1362 ››
3900 1314 4068 1368 Ταῦτ’

2406 1389 2589 1466 ἔλεγεν
2647 1391 2872 1464 ἐκεῖνος,
2930 1395 3021 1449 καὶ
3080 1392 3251 1464 δῆλος
3309 1396 3376 1465 ἦν
3412 1394 3787 1473 δυσχεραίνων
3820 1401 3890 1454 τὰ
3919 1400 4069 1474 παρά

2405 1480 2642 1544 πολλοῖς
2676 1483 3079 1557 θαυμαζόμενα.
3112 1487 3287 1540 Ὅπου
3318 1482 3377 1541 δὴ
3420 1490 3760 1558 κατήντησαν
3812 1493 4004 1559 ταῦτα,
4039 1491 4066 1544 ὁ

2404 1568 2571 1645 λόγος
2600 1572 2736 1628 κατά
2763 1571 2928 1628 τόπον
2961 1572 3094 1649 ἐρεῖ.

2401 1697 2501 1759 κθ’.
2564 1697 2754 1761 ’Όπως
2808 1694 3073 1766 ἤκουσται
3123 1702 3217 1774 -τῷ
3291 1698 3511 1774 βασιλεῖ
3578 1703 3613 1771 ἡ
3686 1708 3785 1772 τῆς
3839 1701 4065 1765 πόλεως

3113 1768 3337 1835 ἅλωσις.

2474 1878 2557 1947 [Ρ.
2590 1877 2683 1948 97]
2716 1874 2854 1931 Τότε
2902 1873 3109 1931 πολλοὶ
3154 1877 3243 1931 καὶ
3302 1878 3439 1951 πρὸς
3486 1879 3715 1954 βασιλέα
3759 1881 4065 1955 ἠπείγοντο

2402 1964 2538 2018 κατά
2585 1964 2646 2018 τὸ
2696 1963 2987 2041 Νύμφαιον
3040 1960 3405 2040 διατρίϐοντα,
3455 1968 3542 2022 καὶ
3585 1966 4063 2045 ἀντεφιλονείκουν

2404 2052 2702 2125 ἀλλήλοις,
2765 2054 2913 2117 ὅστις
2970 2055 3028 2109 ἂν
3087 2058 3401 2130 προφθάσας
3450 2058 3675 2131 κηρύξοι
3724 2060 3790 2113 τά
3839 2058 4065 2134 εὐαγγέ-

2404 2144 2518 2200 λια.
2554 2144 2858 2223 Προφθάνει
2891 2141 2947 2199 δέ
2977 2166 3059 2209 τις
3109 2146 3246 2200 κατά
3294 2144 3560 2215 σπουδὴν,
3615 2145 3757 2221 μηδὲ
3786 2150 3935 2225 παρά
3963 2154 4061 2203 τοῦ

2402 2232 2668 2308 Καίσαρος
2725 2235 3023 2307 γράμματα
3076 2230 3480 2308 κομιζόμενος.
3531 2236 3629 2291 Καὶ
3680 2237 3796 2292 ἐπεὶ
3848 2236 4063 2311 μηδένα

2400 2319 2509 2377 ἔδει
2557 2322 2770 2378 ἀκούειν
2819 2330 2920 2392 τῆς
2974 2321 3229 2399 ἀγγελίας
3290 2324 3395 2398 πρό
3442 2346 3504 2399 γε
3555 2324 3822 2400 βασιλέως
3869 2326 4061 2399 αὐτοῦ,

2399 2411 2602 2473 ἐκεῖνος
2633 2414 2707 2485 μή
2740 2412 2854 2475 οἷός
2885 2433 2944 2467 τε
2974 2410 3045 2467 ὢν
3078 2420 3179 2483 τῆς
3202 2415 3338 2489 πρὸς
3365 2414 3457 2469 τὸυ
3509 2414 3735 2488 βασιλέα
3779 2412 4060 2489 προσόδου

2396 2502 2709 2576 τυγχάνειν,
2766 2500 3019 2556 ἀπελθὼν
3068 2500 3406 2578 ἀπαγγέλλει
3452 2505 3523 2575 τῇ
3562 2502 3771 2582 ἀδελφῇ
3803 2510 3906 2559 τοῦ
3960 2506 4061 2581 βα-

2397 2589 2597 2653 σιλέως
2657 2590 2905 2666 Εὐλογίᾳ
2962 2592 3035 2653 ὡς
3092 2590 3249 2664 ἁλῴη
3308 2597 3562 2668 καθαρῶς
3618 2595 3680 2649 τὸ
3736 2595 4059 2664 Βυζάντιον.

2396 2680 2608 2751 Ἐκείνη
2670 2677 2716 2733 δ’
2775 2678 2930 2744 εὐθὺς
2982 2681 3075 2735 τὸν
3133 2679 3301 2757 λόγον
3360 2678 3623 2756 δεξαμένη
3660 2725 3675 2751 ,
3731 2680 3899 2747 ἕωθεν
3960 2684 4056 2739 καὶ

2396 2768 2541 2842 παρὰ
2590 2769 2653 2824 τὸ
2713 2767 2939 2839 σύνηθες
2996 2768 3229 2833 ἐλθοῦσα
3285 2771 3424 2847 πρὸς
3479 2771 3546 2826 τὰ
3597 2770 3873 2848 ἀνάκτορα
3929 2772 4058 2848 ἐφι-

2392 2932 2624 2988 nissent
2646 2948 2762 3004 quo
2793 2934 2887 2989 die
2920 2935 2998 2989 ibi
3030 2935 3442 2992 celebrabatur
3472 2938 3784 3009 panegyris
3814 2938 4047 2995 S.Pan-

2389 3022 2734 3078 teleemonis
2767 3021 2825 3077 in
2878 3024 3240 3096 martyribus
3292 3025 3554 3092 maximi,
3604 3026 3716 3081 fuit
3763 3028 3843 3081 ibi
3901 3028 4054 3084 forte

2391 3111 2581 3166 malus
2607 3110 2702 3167 ille
2732 3112 3130 3168 Scnnacbcrib
3163 3112 3223 3168 in
3261 3114 3470 3186 primis
3496 3130 3529 3169 a
3560 3115 3801 3171 secretis
3852 3117 4049 3174 ofﬁcio

2390 3200 2694 3270 magniﬁce
2726 3218 2787 3257 se
2809 3202 3066 3272 jactans.
3101 3204 3156 3258 Is
3176 3203 3376 3259 audito
3401 3203 3902 3275 nuntio,primum
3926 3223 4042 3262 non

2392 3290 2640 3346 credidit
2668 3294 2725 3345 et
2753 3294 3039 3363 tanquam
3093 3292 3443 3365 ﬁgmentum
3477 3292 3701 3363 rejecit.
3737 3292 3811 3349 Ut
3842 3298 4043 3351 autem

2394 3377 2506 3434 alio
2557 3379 2798 3434 abeunti
2857 3380 3121 3452 undique
3178 3387 3563 3437 occurrerunt
3596 3385 3682 3437 tot
3709 3383 3833 3438 veri
3869 3399 4050 3455 argu-

2394 3474 2594 3522 menta
2666 3484 2794 3540 quas
2871 3468 3043 3539 plane
3118 3485 3239 3525 rem
3300 3471 3741 3542 persuaderent,
3793 3472 4043 3529 domum

2395 3562 2643 3613 maestus
2674 3558 3025 3630 ingreditur,
3060 3558 3212 3631 pilos
3242 3574 3524 3629 genarum
3558 3565 3809 3632 utraque
3863 3579 4045 3619 manu

2390 3646 2631 3718 vellens,
2665 3652 2740 3715 et,
2774 3671 2803 3699 «
2836 3649 3006 3717 Quid,
3058 3648 3357 3720 inquiens,
3394 3649 3619 3706 audio?
3671 3655 3794 3707 Hoc
3825 3651 4047 3709 nostris

2391 3736 2600 3793 diebus
2630 3738 3011 3793 servabatur!
3047 3738 3190 3809 quid
3224 3738 3597 3810 peccavimus
3647 3746 3713 3796 ut
3754 3741 3879 3797 vita
3910 3759 4043 3814 pro-

2388 3826 2739 3883 duceremus
2771 3828 2828 3883 in
2870 3827 3022 3883 hanc
3055 3828 3259 3883 horam
3292 3833 3350 3885 et
3380 3834 3499 3885 tam
3552 3832 3763 3887 acerba
3809 3832 4043 3888 videre-

2388 3915 2579 3971 mus?
2636 3917 2707 3973 de
2765 3921 2972 3973 caetero
3029 3916 3176 3973 nihil
3227 3918 3366 3974 boni
3427 3924 3718 3991 speretur,
3747 3922 4033 3978 Romanis

2384 4006 2599 4061 iterum
2649 4006 2855 4062 urbem
2905 4006 3290 4063 calcantibus.
3326 4031 3354 4059 ››
3406 4009 3500 4064 Sic
3530 4016 3617 4064 est
3649 4010 3887 4067 locutus
3916 4011 4043 4081 ille,

2383 4111 2500 4151 non
2550 4095 2935 4152 dissimulans
2984 4112 3047 4153 se
3078 4098 3494 4154 molestissime
3524 4099 3675 4155 ferre
3727 4101 3784 4155 id
3836 4101 4040 4173 ipsum

2382 4184 2537 4256 quod
2568 4186 2787 4256 passim
2821 4186 3075 4257 populus
3106 4187 3415 4243 admirans
3443 4188 4040 4263 gratulansquepraa-

2380 4273 2631 4329 dicabat.
2683 4275 2831 4341 Quid
2865 4291 2933 4329 ex
2963 4275 3056 4331 bis
3087 4275 3302 4333 deinde
3333 4282 3605 4333 secutum
3640 4277 3738 4346 sit,
3786 4278 4043 4335 historia

2379 4368 2579 4418 nostra
2612 4364 2669 4418 in
2702 4363 2828 4419 loco
2864 4364 3231 4421 memorabit.

2428 4519 2519 4573 29.
2555 4520 2616 4576 Ut
2640 4517 2842 4574 audita
2871 4520 2942 4573 sit
2972 4519 3039 4573 ab
3068 4518 3408 4588 imperatore
3434 4520 3589 4576 urbis
3619 4523 3983 4593 expugnatio.

683 4660 763 4712 Ac
825 4654 1126 4725 negotium
1186 4652 1427 4723 quidem
1484 4648 1945 4720 recuperationis
2004 4650 2262 4707 civitatis
2294 4635 2343 4698 Ι)
2446 4651 2589 4707 ΜυΙί
2632 4656 2774 4706 tunc
2823 4650 3066 4707 incitato
3116 4670 3292 4709 cursu
3326 4652 3396 4708 ad
3431 4654 3850 4725 imperatorem
3885 4656 4040 4711 fere-

609 4746 781 4816 regizn
833 4747 1197 4798 transactum
1266 4742 1374 4795 hoc
1426 4740 1599 4795 modo
1658 4744 1766 4794 est.
1809 4739 2094 4804 Quoniam
2124 4757 2257 4798 vero

604 4833 986 4889 conveniebat
1018 4831 1311 4902 divulgari
1346 4829 1482 4885 facti
1516 4830 1733 4883 famam
1763 4844 1828 4883 eo
1860 4831 2107 4885 celerius
2140 4847 2255 4901 quo

601 4922 927 4978 mirabilior
958 4938 1049 4977 res
1084 4926 1229 4985 erat,
1280 4919 1468 4974 obiter
1498 4924 1553 4973 et
1598 4919 1669 4973 ab
1721 4917 2002 4973 aliorsum
2054 4921 2255 4977 missis

597 5012 923 5085 expugnari
956 5016 1179 5066 tantam
1208 5010 1359 5064 149
1390 5010 1529 5063 ιιι-ιγ
1629 5008 1870 5075 quidam
1894 5007 2251 5065 velocissimi

593 5118 865 5159 cursores
884 5107 1058 5157 tanta:
1073 5098 1490 5171 gratulationis
1509 5117 1537 5152 ιι
1616 5098 1698 5151 ,ιιὶ
1723 5098 2133 5154 discurrerunt
2152 5117 2254 5171 per

591 5208 828 5248 omnem
862 5192 977 5246 late
1010 5196 1250 5253 terram,
1288 5188 1507 5259 ubique
1540 5186 1981 5259 promulgantes
2015 5194 2246 5259 captam

592 5283 777 5338 fuisse
811 5297 1088 5352 magnam
1120 5279 1321 5333 urbem
1355 5278 1447 5332 die
1480 5276 1723 5347 insigni,
1758 5292 1925 5331 sacra
1976 5277 2032 5331 S.
2066 5281 2246 5334 Annze

584 5372 845 5444 Deiparae
878 5370 1137 5442 Virginis
1174 5368 1370 5435 matri,
1407 5382 1606 5421 mense
1629 5364 1804 5433 Julia,
1832 5364 2003 5421 facile
2039 5384 2105 5422 ac
2131 5369 2245 5424 fere

582 5463 709 5516 sine
742 5461 1086 5524 certamine,
1116 5475 1233 5529 quo
1269 5457 1441 5511 modo
1477 5473 1546 5510 ne
1579 5457 1693 5527 ipsi
1728 5456 1968 5527 quidem
2004 5457 2101 5527 qui
2148 5476 2243 5512 cc-

581 5557 789 5621 perant
818 5565 1082 5621 unquam
1110 5550 1449 5617 sperassent
1473 5545 1601 5617 capi
1632 5561 1825 5616 posse.
1854 5543 2245 5603 Ostentabant

573 5647 769 5695 autem
805 5641 863 5694 in
899 5640 1132 5709 signum
1187 5636 1451 5691 veritatis
1501 5635 1783 5689 nuntiatae
1831 5635 1909 5688 rei
1957 5635 2237 5692 sarissam

570 5746 744 5786 cocco
776 5730 1046 5784 tinctam.
1076 5726 1297 5781 Horum
1328 5724 1512 5796 aliqui
1545 5723 1951 5779 Nicomediam
1983 5739 2115 5779 cum
2146 5742 2238 5781 ve-

2367 4743 2583 4798 hantur
2640 4741 2943 4811 Nymphaei
3016 4746 3156 4798 tunc
3216 4746 3648 4814 comorantem,
3707 4747 4039 4802 contende-

2367 4832 2626 4903 bantque
2657 4830 2817 4886 omni
2849 4836 3056 4887 conatu
3080 4848 3142 4887 se
3167 4836 3372 4887 mutuo
3401 4835 4037 4907 praevertere,gratiam

2365 4922 2621 4993 primum
2670 4920 2829 4976 allati
2890 4927 3009 4976 tam
3071 4922 3254 4989 optati
3317 4923 3507 4978 nuntii
3540 4941 3643 4995 pro
3676 4940 3739 4979 se
3770 4925 4040 4997 quisque

2364 5012 2724 5067 affectantes.
2760 5009 3097 5066 Praevolavit
3128 5013 3283 5069 150
3314 5028 3380 5067 eo
3406 5017 3538 5067 ante
3574 5029 3781 5069 omnes
3813 5015 4035 5071 celeri-

2362 5106 2479 5155 tate
2532 5116 2675 5155 usus
2724 5116 2962 5155 summa
2993 5100 3259 5171 quidam;
3292 5101 3393 5171 qui
3425 5118 3560 5157 cum
3594 5119 3627 5158 a
3657 5106 3889 5160 Cwsare
3923 5105 4034 5161 lit-

2358 5196 2513 5246 teras
2568 5206 2683 5245 non
2743 5189 2939 5257 ferret,
3000 5196 3055 5245 et
3113 5192 3257 5245 satis
3307 5190 3664 5265 intelligeret
3713 5194 4033 5251 neminem

2360 5281 2524 5352 prius
2573 5284 2692 5334 tam
2730 5280 2921 5334 fausto
2954 5278 3164 5335 nuntio
3216 5279 3505 5351 impertiri
3535 5293 3801 5352 cporlere
3834 5300 4030 5355 quam

2357 5371 2769 5440 imperatorem
2801 5368 3022 5439 ipsum,
3056 5369 3127 5423 ad
3161 5385 3335 5439 quem
3369 5375 3565 5425 tamen
3594 5372 3883 5427 utstatim
3922 5377 4037 5431 ad-

2356 5459 2690 5513 mitteretur
2747 5475 2862 5512 non
2926 5462 3152 5529 poterat
3210 5458 3548 5529 impetrare,
3582 5476 3848 5516 sororem
3883 5465 4033 5534 ejus

2354 5549 2475 5603 adit
2507 5545 2830 5617 Eulogiam,
2865 5547 3035 5617 eique
3063 5547 3233 5617 plane
3264 5551 3503 5619 captum
3535 5549 3889 5619 Byzantium
3932 5571 4034 5609 as-

2351 5636 2825 5693 severantissime
2858 5638 3132 5693 afﬁrmat.
3167 5637 3298 5694 Haec
3335 5638 3537 5694 statim
3570 5640 3645 5695 ab
3678 5640 3785 5696 hoc
3809 5644 4032 5701 audito

2351 5743 2585 5783 summo
2618 5742 2791 5782 mane
2824 5736 3030 5798 prater
3058 5727 3300 5784 solitum
3334 5728 3558 5801 regiam
3594 5730 3872 5803 ingressa
3926 5751 4027 5791 re-
