4258 6438
221 375 327 431 589

1292 374 1381 425 DE
1420 371 1788 427 MICUABLE
1825 369 2267 424 PALIEOLOGO
2304 373 2439 424 LIB.
2483 373 2555 425 11.

3521 377 3627 433 590

219 520 408 554 σταται
441 499 696 553 ὑπνοῦντι
751 501 831 568 τῷ
892 494 1124 570 βασιλεῖ.
1157 495 1227 549 Τὸ
1265 491 1390 569 γοῦν
1423 491 1716 562 διυπνίζειν
1751 491 1864 565 ἅμα
1898 497 1950 562 Α
1977 495 2056 561 τῷ
2113 487 2233 558 ἤθει
2290 489 2533 570 ἐμφανὴς
2589 494 2655 562 ἧν
2687 490 2752 547 τὶ
2779 496 2898 557 καθ’
2930 493 3134 565 ἡδονῆν
3167 495 3383 569 ἐροῦσα,
3419 498 3480 554 ού
3517 502 3626 572 μὴν

219 588 307 643 καὶ
340 587 518 661 λέγειν
549 584 810 656 τοιαύτην
846 583 1100 660 ἀγγελίαν
1147 583 1246 638 ούκ
1293 581 1602 654 ἐδοκίμαζε,
1637 584 1710 654 μή
1747 601 1863 642 πως

220 677 307 731 καὶ
338 676 502 731 πάθοι
533 697 584 729 τι
636 673 886 750 ἐξαίφνης
935 672 1024 727 καὶ
1080 674 1225 746 παρά
1254 669 1582 747 προσδοκίαν
1640 669 1872 730 ἀκούσας

223 767 336 836 ἅμα
384 769 462 834 τῷ
509 764 602 817 τὸν
652 763 818 816 ὕπνον
869 760 1187 828 διολισθεῖν,
1224 759 1387 837 σοφόν
1419 781 1469 813 τι
1499 759 1588 814 καὶ
1621 758 1682 814 ού
1739 758 1874 812 κατά

223 859 484 928 γυναῖκας
516 855 774 907 ποιοῦσα.
808 854 918 908 Τοῦ
948 850 1049 925 γάρ
1084 849 1326 926 ἐμφύτου
1377 848 1684 918 πνεύματος
1743 847 1876 920 μετά

224 945 325 1010 τὴν
355 943 564 1018 τροφήν
612 941 734 1015 περὶ
782 941 882 1009 τήν
933 941 1094 1012 πέψιν
1128 937 1548 1013 ἀσχολουμένου
1595 939 1684 991 καὶ
1728 936 1877 998 ἐντὸς

228 1027 569 1090 εἰσὸύνοντος
619 1026 825 1104 ἀνάγκη
879 1027 973 1088 τάς
1021 1027 1298 1097 αἰσθήσεις
1344 1025 1379 1095 ἢ
1413 1026 1594 1100 ἀργεῖν
1647 1025 1875 1079 ὑπνούν-

225 1141 332 1175 των
386 1121 420 1190 ἢ
473 1121 679 1174 ἀτονεῖν
728 1115 1170 1193 γρηγορούντων,
1228 1117 1302 1188 μή
1364 1116 1541 1191 σφίσιν
1598 1113 1873 1169 ἐπιπολά-

232 1215 442 1278 ζοντος,
501 1207 613 1262 εἶτα
658 1204 754 1261 κᾶν
811 1227 864 1260 τι
915 1205 1039 1280 περὶ
1095 1205 1161 1259 τὰ
1217 1203 1448 1274 αἴσθητά
1504 1199 1743 1276 συμϐαίη
1799 1205 1874 1276 μή

229 1299 591 1358 καταστάντος
666 1297 806 1350 κατά
869 1295 1058 1370 χώραν
1120 1293 1475 1367 [ὑπνούντωνῖ
1534 1294 1622 1348 καὶ
1677 1315 1729 1347 τι
1787 1293 1877 1348 καὶ

228 1388 367 1462 πρὸς
398 1385 691 1459 ἀντίληψιν
747 1379 1210 1458 προσϐιάζωνται,
1265 1383 1311 1438 εἰ
1375 1383 1468 1455 μὲν
1524 1381 1730 1454 ὁμαλὸν
1788 1382 1878 1436 καὶ

227 1484 334 1534 τῶν
412 1479 660 1546 συνήθων
737 1473 849 1530 ἐστὶ
921 1475 983 1528 τὸ
1056 1469 1623 1546 ἀντιλαμϐανόμενον,
1685 1472 1880 1551 αἴφνης

231 1568 566 1627 ἀκούσαντας
595 1563 1165 1639 κατερῥᾳθυμημὲνως
1222 1561 1536 1638 προσέσθαι,
1568 1563 1613 1617 εἰ
1663 1560 1710 1617 δ’
1753 1565 1883 1629 ἀτη-

229 1661 319 1734 ρὸν
373 1655 562 1717 ἄλλως
611 1658 647 1726 ἢ
694 1652 1008 1727 τοῦμπαλιν
1062 1655 1252 1728 χαρίεν
1301 1655 1387 1708 καὶ
1434 1658 1542 1708 τῶν
1574 1654 1880 1722 ἀσυνήθων,

231 1750 307 1822 μὴ
357 1749 559 1807 ἱκανῶς
609 1743 688 1799 ἔτι
738 1745 872 1818 πρὸς
912 1742 1203 1816 ἀντίληψιν
1257 1741 1489 1816 ἐχούσας
1537 1737 1881 1816 θορυϐεῖσθαι

1977 576 2022 633 δ’
2053 576 2114 633 ἐκ
2139 583 2239 633 τοῦ
2270 580 2574 654 παραυτίκα
2605 582 2672 636 τά
2719 584 2853 636 κατά
2898 588 3020 638 νοῦν
3058 584 3376 660 ἐξήγγελλε,
3431 588 3625 662 μέχρις

1976 667 2035 722 ἂν
2095 669 2386 738 κατασταίη
2434 671 2568 725 κατά
2626 673 2687 726 τὸ
2738 671 2884 733 sine;
2931 674 2992 727 τὸ
3049 680 3306 749 φρονοῦν.
3370 678 3519 733 Ἑπεῖ
3570 675 3628 732 δὲ

1978 756 2264 812 καθίστατο
2320 760 2406 812 καὶ
2467 760 2614 820 αὖθις
2667 759 2854 832 ἥρώτα
2916 768 3104 833 μαθεῖν
3167 762 3506 838 γλιχόμενος
3563 769 3627 822 1')

1979 843 2228 914 ἡδυνοῦν,
2262 848 2335 908 ὡς
2365 847 2599 919 ὑπενόει,
2655 849 2778 904 τότε
2829 853 3135 923 προσετίθει
3192 854 3258 908 1i
3316 855 3629 931 εὐαγγέλια,

1980 935 2054 995 ὡς
2084 935 2118 1002 ἢ
2167 957 2224 990 τε
2258 932 2417 997 πόλις
2464 937 2620 1008 ἀΛῲη
2673 939 2700 992 ὃ
2733 959 2790 992 τε
2832 941 3037 1014 Καῖσαρ
3075 942 3205 1013 μετά
3233 947 3328 996 τοῦ
3363 949 3631 1008 Σκυθικοῦ

1981 1023 2123 1084 ἐντὸς
2170 1024 2360 1093 ἀνέδην
2414 1023 2616 1100 διάγοι,
2653 1029 2736 1097 [Ρ.
2767 1030 2857 1101 98]
2913 1029 3000 1083 καὶ
3036 1032 3107 1092 ὡς
3143 1031 3430 1108 εὐαγγέλια
3488 1034 3632 1088 ἐκεῖ-

1983 1110 2067 1164 θεν
2126 1113 2377 1184 ἥκοντος,
2439 1115 2525 1168 ἐπὶ
2580 1117 2794 1177 τούτοις
2873 1118 3296 1194 ἰσχυριζομένου
3347 1124 3412 1177 τὰ
3469 1123 3633 1195 μάλι-

1983 1229 2079 1264 στα
2163 1207 2236 1266 ὡς
2324 1204 2435 1258 ἐκεῖ
2508 1208 2895 1279 πραττομένων
2963 1211 3258 1284 παρόντος.
3343 1213 3493 1267 Ἐπεὶ
3577 1212 3634 1268 δὲ

1983 1298 2072 1354 καὶ
2129 1297 2172 1350 εἰ
2234 1292 2567 1364 ἀποσταλείη
2647 1296 2793 1371 παρά
2845 1302 2942 1350 τοῦ
3002 1300 3273 1366 Καίσαρος
3330 1302 3489 1363 οὗτος
3543 1303 3634 1356 ἂν..

1985 1383 2341 1450 ιπυνθάνετο,
2499 1381 2555 1437 δὲ
2615 1383 2714 1438 ούκ
2767 1383 2960 1440 είδὲναι
3025 1389 3118 1459 μὲν
3174 1385 3423 1465 ἔφασκεν,
3482 1392 3636 1464 ὅμως

1985 1477 2144 1532 αὐτὸν
2227 1473 2470 1546 παρόντα
2542 1474 2780 1547 αὐτάρκη
2869 1475 2998 1529 εἶναι
3071 1477 3496 1551 ἀποκρινεῖσθαι.
3575 1483 3634 1538 Ὁ

1990 1566 2171 1638 μέντοι
2229 1581 2289 1636 γι
2350 1560 2605 1632 βασιλεὺς
2666 1561 2864 1617 ἐννοῶν
2927 1565 3021 1636 μὲν
3049 1568 3232 1620 καὶτὸ
3261 1572 3357 1621 τοῦ
3386 1569 3636 1642 πράγμα-

1985 1675 2076 1714 τος
2110 1653 2253 1721 ξὲνον
2283 1649 2370 1704 καὶ
2414 1647 2480 1716 δὴ
2532 1650 2621 1704 καὶ
2678 1651 2753 1713 ὡς
2809 1653 2907 1706 οὒκ
2965 1654 3296 1710 ἀποστέλλοι
3350 1659 3378 1710 ὁ
3438 1664 3636 1733 Καῖσαρ

1988 1742 2075 1797 ἐπὶ
2146 1739 2390 1804 τούτοις,
2471 1737 2668 1794 ἐννοῶν
2746 1738 2803 1796 δὲ
2859 1743 2946 1796 καὶ
3008 1745 3071 1798 τὸ
3128 1749 3234 1798 τῶν
3292 1745 3637 1822 ἐφεπομένων

228 1838 317 1892 καὶ
375 1839 445 1908 τῇ
521 1838 676 1907 ψυχῇ
735 1832 930 1893 εύθὲως
984 1826 1423 1905 τεθορυϐημὲνας
1473 1831 1882 1904 προσπαιούσας
1914 1863 1961 1928 Β
1991 1830 2205 1898 πλῆθος
2254 1829 2328 1890 ὡς
2372 1823 2599 1881 ἔλαττον
2654 1829 2714 1882 ’ὸν
2746 1832 2779 1897 ἢ
2811 1835 2979 1884 ταῦτα
3011 1834 3288 1905 πράττειν,
3337 1835 3426 1888 καὶ
3476 1837 3547 1895 ὡς
3594 1836 3639 1890 εἰ

228 1923 492 1994 ἔκπληξιν
544 1924 962 1998 ἀπεργάζεσθαι.
1013 1922 1147 1977 Τότε
1187 1920 1367 1974 τοίνυ)
1413 1919 1588 1989 ἐκείνη
1635 1927 1735 1988 τῆς
1782 1925 1883 1974 τοῦ

233 2015 506 2091 βασιλέως
554 2011 848 2089 ἀσφαλείας
871 2010 979 2085 οὐχ
1005 2012 1167 2079 ἧττον
1201 2010 1236 2079 ἢ
1286 2015 1382 2064 τοῦ
1410 2011 1477 2064 τά
1523 2009 1659 2079 ἡδέα
1708 2010 1884 2087 λέγειν

229 2105 536 2180 προύνὸει,
595 2103 684 2156 καὶ
741 2101 858 2155 κατ’
915 2097 1105 2175 ὀλίγον
1163 2102 1458 2176 γρήγορσιν
1521 2096 1880 2174 ἀνελάμϐανε.

230 2198 353 2252 Τῶν
415 2193 519 2269 γὰρ
566 2195 662 2246 τοῦ
716 2187 889 2252 ποδὸς
948 2187 1228 2244 δακτύλων
1282 2190 1373 2243 τὸν
1433 2188 1683 2263 μέγιστον
1717 2211 1884 2244 κατα-

231 2287 445 2358 σχοῦσα
508 2279 739 2354 μετρίως
797 2278 975 2347 ἐπίεζε
1031 2283 1149 2341 τοῖς
1206 2275 1498 2341 δακτύλοις
1537 2278 1612 2342 ὠς
1659 2278 1885 2351 ὁμαλῶς

232 2370 644 2436 διυπνίσουσα,
704 2366 790 2422 καί
844 2366 1088 2436 διύπνιζε
1144 2367 1484 2443 παραυτίκα.
1543 2367 1640 2423 Καὶ
1703 2370 1760 2429 ὃς
1814 2373 1884 2442 τῇ

235 2464 463 2535 μοναχῇ
529 2455 720 2514 ἐνιδὼν
799 2456 1088 2530 ἱπαμὲνῃ,
1139 2456 1169 2511 ὅ
1242 2477 1294 2510 τι
1355 2459 1598 2512 παθοῦσα
1661 2459 1884 2532 πράττει

229 2553 461 2604 τοιαῦτα
519 2547 920 2602 διεπυνθάνετο.
963 2547 1026 2601 Ἡ
1076 2542 1132 2599 δὲ
1176 2544 1374 2621 γέλωτι
1412 2546 1507 2618 μὲν
1534 2547 1623 2600 καὶ
1651 2553 1886 2623 χαροπῷ

233 2749 388 2823 perit
433 2746 824 2804 dormientem
873 2745 1290 2817 imperatorem
1319 2762 1341 2807 ;
1387 2749 1445 2801 et
1469 2745 1527 2799 in
1560 2750 1723 2802 tanta
1753 2746 1890 2804 licet

233 2847 357 2895 tam
409 2838 674 2909 expetitae
706 2835 787 2891 rei
811 2835 926 2891 cito
954 2835 1282 2890 indicandae
1333 2835 1632 2907 prurigine
1681 2836 1889 2893 mulie-

236 2930 403 2982 brem
454 2925 842 2997 cupiditatem
891 2923 1181 2994 sapientia
1233 2923 1436 2994 majori
1489 2923 1547 2977 in
1600 2927 1888 2995 potestate

237 3017 476 3084 habuit,
523 3014 836 3089 moderata,
855 3014 990 3080 sibi,
1021 3029 1093 3067 ne
1147 3013 1310 3067 fratri
1341 3029 1372 3067 e
1404 3028 1611 3068 somno
1643 3013 1887 3068 excitato

238 3110 466 3162 tantam
519 3101 715 3159 subito
761 3101 1027 3157 laetitiam
1074 3100 1369 3171 objiceret,
1403 3117 1521 3172 qua
1569 3100 1886 3172 periclitari

1998 1917 2325 1997 βουληθείη,
2355 1916 2458 1971 οὐκ
2490 1915 2547 1970 ἂν
2582 1914 2851 1988 ἠδυνήθη,
2905 1916 3017 1972 οὐδ’
3063 1919 3208 1980 ὅλως
3257 1928 3374 1986 τοῖς
3411 1925 3644 1999 λεγομέ.

1991 2033 2126 2078 νοις,
2179 2008 2364 2063 ἑαυτὸν
2396 2005 2596 2064 ἐδίδου.
2646 2009 2720 2061 Τά
2761 2005 2816 2061 δὲ
2848 2008 3024 2083 χλεύη
3059 2013 3148 2064 καὶ
3178 2011 3344 2066 πάλιν
3376 2016 3526 2086 εἶναι,
3563 2017 3638 2088 μὴ

1991 2103 2083 2157 καὶ
2140 2095 2432 2173 ἀϐέλτερος
2478 2096 2562 2168 εἶή
2625 2100 2652 2153 ὁ
2709 2103 2875 2153 ταῦτα
2933 2101 3412 2176 συσκευαζόμενος.
3468 2106 3643 2168 Αὐτὸς

1994 2194 2084 2248 οῦν
2135 2188 2276 2267 ἔγνω
2322 2191 2545 2251 καθίσας
2600 2187 2859 2263 διερωτᾷν
2889 2191 2982 2246 τὸν
3031 2192 3254 2262 ἥκοντα,
3306 2195 3371 2250 ού
3418 2201 3497 2270 τῷ
3525 2203 3642 2259 τοῖς

1997 2282 2393 2359 ῥηθησομένοις
2444 2278 2493 2353 ἐξ
2548 2278 2772 2352 ἑτοίμου
2826 2281 3107 2351 θήσεσθαι,
3154 2287 3235 2356 τῷ
3289 2281 3347 2338 δὲ
3393 2285 3638 2358 νομίζειν

1995 2371 2196 2427 ἐκεῖνον
2269 2369 2344 2430 εῗς
2418 2363 2587 2445 φόϐον
2666 2368 2997 2425 καταστάντα
3062 2371 3360 2446 ’βασιλικὸν
3422 2373 3643 2446 τάληθῆ

1996 2461 2189 2531 λὲξειν,
2213 2459 2445 2529 τάληθὲς
2465 2458 2701 2527 ἰλπίζων
2727 2459 3006 2514 πυθέσθαι·
3040 2462 3311 2536 Εἲσήγετο
3338 2465 3520 2519 τοίνυν
3546 2469 3645 2521 τοῦ

2001 2549 2268 2625 βασιλέως
2310 2548 2729 2624 προστάξαντος,
2779 2547 2868 2603 καί
2922 2548 3276 2626 ἐρωτώμενος
3327 2550 3501 2629 ἔλεγε,
3553 2555 3644 2610 καὶ

1997 2748 2316 2812 admiraos,
2361 2745 2682 2802 satin’sana
2710 2749 2769 2802 et
2809 2763 3094 2819 quorsum
3138 2748 3219 2805 ibi
3247 2754 3403 2807 esset
3433 2751 3649 2823 quidve

1998 2845 2210 2907 ageret.
2255 2834 2359 2890 llla
2402 2833 2576 2888 hilari
2630 2834 2896 2892 arridens
2937 2835 3104 2892 vultu
3155 2837 3301 2894 satis
3351 2839 3480 2911 ipsa
3529 2842 3649 2898 oris

1999 2926 2326 2982 renidentia
2365 2924 2731 2979 monstrabat
2774 2941 3061 2996 prosperae
3114 2942 3174 2982 se
3207 2929 3286 2982 rei
3316 2929 3522 2984 adesse
3555 2929 3646 2984 in-

1998 3015 2209 3071 dicem.
2233 3014 2503 3070 Nondum
2522 3017 2719 3069 tamen
2744 3014 2884 3086 quid
2912 3015 3440 3089 aﬂ‘erretexposuit,
3460 3019 3646 3074 otium

1999 3105 2262 3176 praebens
2311 3102 2584 3159 sensibus
2631 3102 2966 3157 excutiendi
3012 3107 3264 3176 torporis
3307 3105 3646 3178 vigorisque

237 3194 512 3251 valetudo
543 3195 673 3263 ejus
702 3196 920 3262 posset,
950 3189 1192 3246 extremi
1223 3191 1420 3261 gaudii
1443 3190 1889 3247 vehementissi-
1918 3179 1964 3245 C
2005 3190 2362 3249 resumendi.
2393 3191 2540 3246 Tum
2571 3190 2671 3246 ubi
2704 3190 2846 3246 satis
2875 3191 3050 3260 spatii
3081 3193 3282 3249 datum
3317 3196 3649 3264 naturmju-

241 3300 409 3340 mum
439 3300 510 3339 ex
537 3282 840 3352 inopinato
873 3280 1190 3352 appulsum
1210 3279 1312 3335 tali
1339 3279 1586 3335 articulo
1609 3281 1764 3336 haud
1800 3281 1888 3336 in-

242 3374 417 3432 noxie
448 3370 718 3428 fortassis
758 3376 1066 3442 excepturo
1099 3370 1445 3425 semisomni
1493 3386 1754 3442 corpore,
1806 3371 1890 3426 si-

240 3465 486 3536 quidem
538 3459 793 3516 naturali
826 3461 1040 3532 spiritu
1093 3465 1224 3532 post
1253 3459 1447 3514 cibum
1497 3465 1799 3532 sumptum
1831 3461 1890 3515 in

237 3556 371 3627 ejus
419 3550 797 3608 concoctione
843 3554 1151 3620 occupato,
1181 3553 1240 3604 et
1287 3549 1448 3604 intus
1480 3566 1548 3604 ea
1573 3565 1752 3606 causa
1799 3566 1893 3604 ro-

235 3647 452 3712 tracto,
504 3656 745 3696 necesse
795 3644 884 3695 est
924 3655 1136 3693 sensus
1184 3643 1285 3693 aut
1335 3639 1505 3709 plane
1531 3639 1704 3694 otiari
1757 3640 1891 3695 dor-

239 3731 582 3800 mientium,
612 3733 715 3784 aut
747 3744 949 3783 recens
979 3726 1366 3783 excitator-um
1398 3726 1694 3798 languere,
1727 3728 1897 3799 copia

235 3820 513 3878 videlicet
558 3818 902 3890 spirituum,
950 3833 1203 3888 quorum
1250 3817 1468 3871 affluxu
1502 3816 1720 3888 vigent,
1752 3821 1896 3873 tunc

240 3912 442 3966 adhuc
489 3908 630 3964 alibi
677 3908 932 3963 detenta.
965 3906 1155 3969 Quare
1186 3906 1259 3974 si,
1293 3907 1446 3977 quod
1494 3905 1553 3960 in
1602 3915 1896 3963 momento

237 4017 358 4071 quo
392 3998 530 4070 quis
578 3995 1002 4068 expergiscitur
1034 4000 1226 4050 movet
1253 4011 1516 4061 sensum,
1567 3994 1695 4050 lene
1725 3996 1899 4050 fuerit

239 4097 300 4146 et
330 4087 601 4156 solitum,
645 4085 1002 4158 percipietur
1031 4085 1158 4140 sine
1187 4101 1361 4151 noxa,
1396 4085 1673 4140 mediocri
1707 4089 1894 4140 atten-

243 4181 424 4244 tione,
456 4182 515 4232 at
545 4176 740 4247 qualis
779 4179 869 4230 est
915 4173 1378 4229 ludibundorum
1411 4178 1468 4228 et
1514 4172 1674 4229 aliud
1717 4189 1898 4243 agen-

239 4268 419 4335 tium,
454 4267 524 4323 ad
576 4267 632 4321 id
668 4265 1022 4322 sufficiente.
1078 4265 1252 4320 Porro
1303 4264 1370 4319 ad
1407 4265 1558 4319 hanc
1607 4265 1754 4318 satis
1807 4263 1896 4318 in-

243 4362 474 4412 structa
497 4356 764 4422 facultas,
789 4360 880 4409 est
910 4358 1209 4424 utcunque
1234 4352 1388 4408 intro
1419 4353 1611 4407 adhuc
1629 4355 1899 4407 teneatur

246 4463 385 4519 pars
420 4446 612 4517 major
640 4444 983 4516 spirituum.
1028 4443 1130 4499 Sin
1157 4457 1294 4498 vero
1324 4441 1690 4514 inopinatum
1723 4442 1897 4512 quid-

1998 3281 2292 3338 dicavitad
2314 3279 2733 3335 restituendam
2757 3279 2814 3334 in
2829 3285 3049 3336 statum
3073 3287 3532 3340 consentaneum
3556 3284 3648 3340 in-

2000 3370 2296 3440 telligendi
2330 3369 2689 3436 facultatem,
2721 3369 2930 3440 cupide
2955 3370 3242 3442 flagitanti
3276 3378 3540 3446 Augusto
3570 3391 3642 3430 ne

1998 3460 2221 3516 diutius
2259 3463 2479 3514 taceret
2506 3458 2662 3530 quod
2711 3458 2882 3513 dulce
2911 3459 3114 3516 auditu
3165 3462 3511 3518 nuntiatura
3539 3477 3637 3520 ve-

2002 3550 2209 3615 nisset,
2239 3549 2472 3604 tandem
2508 3547 2778 3620 exposuit
2819 3553 3050 3620 captam
3103 3551 3287 3607 teneri
3339 3552 3544 3610 urbem
3590 3559 3651 3610 et

1998 3640 2285 3697 Gmsarem
2321 3639 2477 3693 intra
2524 3654 2655 3694 eam
2702 3653 2906 3694 secure
2937 3654 3073 3694 cum
3117 3640 3408 3713 Scythicis
3459 3643 3647 3715 copiis

2001 3731 2228 3801 degere.
2293 3727 2351 3784 Id
2398 3731 2553 3782 certo
2611 3725 2748 3782 sciri
2807 3744 2877 3782 ex
2924 3726 3155 3784 oculato
3209 3733 3359 3786 teste
3415 3730 3652 3788 homine

2001 3820 2138 3876 inde
2168 3834 2404 3874 summa
2435 3814 2729 3872 celeritate
2753 3816 3026 3887 profecto,
3060 3819 3653 3891 constantissimeque

2003 3909 2335 3964 affirmante
2384 3921 2514 3961 sese
2579 3904 2920 3962 interfuisse
2973 3906 3114 3963 dum
3148 3924 3241 3963 res
3271 3914 3568 3980 gereretur
3594 3915 3652 3967 et

2003 4003 2228 4068 gestam
2243 3993 2482 4049 vidisse.
2501 3993 2900 4064 interrogante
2911 4011 3045 4051 vero
3059 3995 3414 4069 imperatore
3437 3998 3647 4072 ecquid

2003 4086 2099 4140 ille
2132 4085 2352 4140 missus
2382 4100 2417 4139 a
2445 4081 2670 4137 Cesare
2700 4082 2978 4152 venisset,
3013 4084 3113 4140 illa
3145 4102 3207 4141 se
3239 4086 3465 4143 nescire
3498 4087 3650 4143 dixit

2004 4179 2280 4230 caeterum
2329 4172 2536 4228 adesse
2585 4170 2883 4227 hominem
2932 4176 2990 4227 et
3051 4173 3402 4248 interrogari
3453 4192 3649 4248 posse,

2003 4264 2224 4336 quippe
2272 4261 2546 4316 idoneum
2591 4260 2901 4315 reddendas
2955 4263 3047 4318 sui
3099 4264 3331 4322 rationi.
3385 4265 3651 4322 Prudens

2004 4355 2325 4424 imperator
2351 4353 2636 4422 reputans
2686 4365 2864 4420 quam
2898 4367 3045 4406 nova
3077 4361 3131 4407 et
3170 4353 3474 4427 inopinata
3508 4372 3652 4412 nar-

2005 4447 2236 4499 raretur
2263 4457 2378 4506 res,
2411 4441 2483 4494 de
2513 4455 2631 4510 qua
2652 4441 2900 4495 nuntius
2930 4457 2963 4496 a
2991 4439 3232 4510 Cresam,
3265 4445 3366 4516 qui
3399 4446 3654 4518 gessisse

242 4538 381 4593 dam
411 4541 470 4591 et
501 4549 785 4607 magnum
836 4532 1172 4604 objiciatur,
1206 4533 1264 4587 in
1301 4531 1592 4588 utrumvis
1623 4531 1763 4587 mali
1794 4535 1896 4587 aut
1925 4541 1972 4604 D
2003 4532 2326 4598 dicebatur,
2359 4527 2559 4585 nullus
2618 4534 2942 4600 appareret,
2977 4547 3202 4588 memor
3239 4533 3412 4590 etiam
3448 4534 3656 4606 pauci-

243 4626 410 4693 boni,
444 4625 662 4681 doloris
692 4629 797 4680 aut
824 4623 1025 4696 gaudii
1074 4629 1404 4678 extremum
1436 4622 1741 4686 excedens,
1774 4625 1898 4674 tur-

245 4717 353 4772 bat
383 4715 649 4769 animum
680 4712 1112 4776 vehementius,
1147 4717 1204 4766 et
1233 4727 1369 4766 eum
1398 4711 1615 4782 raptim
1647 4710 1899 4765 incitans

245 4806 321 4862 ad
352 4803 670 4875 exigendas
699 4818 731 4857 ο
753 4802 1056 4867 sensibus,
1082 4806 1248 4868 tunc,
1278 4807 1342 4856 ut
1362 4801 1581 4856 dictum
1607 4805 1699 4856 est
1729 4800 1901 4870 spiri-

244 4901 420 4951 tuum
451 4891 718 4948 absentia
749 4891 1096 4958 debilitatis,
1129 4907 1294 4946 acres
1324 4891 1712 4960 operationes,
1746 4889 1905 4946 laedit

245 5001 350 5041 eos
408 4988 468 5039 et
523 4980 926 5037 valetudinem
959 4981 1310 5051 corrumpit,
1352 4981 1500 5037 151
1539 4995 1780 5052 corpore
1811 4980 1903 5035 in-

249 5074 491 5130 terdum
528 5071 588 5125 in
638 5070 968 5142 deliquium
1001 5075 1060 5126 et
1103 5075 1438 5141 symptoma
1487 5070 1778 5126 sonticum
1813 5087 1902 5126 re-

248 5164 447 5219 dacto.
475 5160 605 5216 Haec
634 5161 933 5231 sapienter
959 5165 1100 5214 tunc
1135 5164 1414 5231 reputans
1441 5159 1684 5228 Eulogia
1709 5158 1908 5214 instil-

248 5252 374 5308 lare
413 5250 910 5323 gaudiumquam
961 5249 1389 5320 superfundere
1435 5248 1599 5303 fratri
1652 5247 1902 5315 maluit;

249 5359 357 5398 nec
386 5340 668 5395 nuntium
701 5339 1113 5395 felicissimum
1166 5338 1280 5394 nisi
1316 5338 1655 5409 praeparatis
1684 5337 1906 5393 idonea:

249 5428 666 5502 suspensionis
685 5429 848 5484 mora
869 5428 1326 5500 expergiscentis
1345 5429 1587 5482 auribus
1611 5428 1910 5482 commisit

251 5523 520 5576 Primum
555 5519 822 5575 vellicato
855 5519 1022 5591 pedis
1054 5517 1302 5573 articulo
1345 5518 1554 5588 majori
1588 5517 1761 5589 sopiti
1796 5519 1910 5573 fra.

251 5612 364 5668 tris
395 5625 668 5665 somnum
693 5611 971 5665 excussit.
994 5612 1259 5680 Cumque
1282 5607 1333 5662 is
1355 5607 1541 5663 oculis
1565 5608 1784 5679 apertis
1818 5624 1913 5663 so-

253 5701 374 5758 lam
407 5716 476 5756 eo
498 5699 624 5756 loco
657 5716 724 5756 ac
753 5704 1021 5771 tempore
1051 5714 1316 5755 sororem
1348 5696 1612 5766 vidisset,
1648 5697 1915 5768 quaesivit

2009 4623 2150 4676 tatis
2179 4621 2474 4691 copiarum
2501 4633 2632 4673 cum
2690 4633 2902 4674 cresare
2951 4621 3340 4690 profecturum
3384 4623 3519 4679 talis
3591 4627 3658 4680 ut

2008 4715 2230 4766 tantam
2285 4709 2488 4764 urbem
2521 4723 2843 4778 occupasse
2883 4709 3055 4765 etiam
3091 4709 3244 4766 ultro
3297 4711 3425 4768 sine
3469 4718 3661 4768 certa-

2014 4803 2168 4856 mine
2215 4803 2502 4870 apertam,
2567 4797 2654 4852 vel
2702 4797 2750 4852 si
2795 4798 3121 4856 voluissent
3170 4802 3443 4871 maxime,
3498 4802 3657 4858 haud

2016 4890 2276 4964 potuisse
2305 4888 2659 4952 viderentur,
2684 4887 2968 4944 sustinuit
2998 4905 3311 4946 accensum
3345 4907 3452 4946 nec
3478 4891 3655 4947 ﬁdem

2015 4978 2284 5036 adhibuit
2314 4975 2541 5039 nuntio,
2565 4977 2719 5032 152
2747 4977 3080 5048 suspicatus
3103 4978 3245 5051 quin
3276 4980 3454 5035 etiam
3489 4979 3658 5036 illudi

2015 5070 2128 5125 sibi
2168 5069 2240 5123 ab
2272 5066 2508 5120 homine
2528 5065 2777 5120 fortasse
2800 5067 3046 5122 nimium
3072 5068 3327 5139 simplici
3356 5075 3460 5124 aut
3486 5069 3660 5141 plano

2018 5159 2116 5233 qui
2144 5158 2264 5211 haec
2286 5159 2480 5210 astute
2512 5158 2614 5209 aut
2644 5153 2821 5209 stulte
2861 5156 3226 5213 conﬁnxerit.
3260 5157 3523 5214 Decrevit
3548 5159 3664 5230 igi-

2016 5257 2079 5303 tu
2111 5247 2238 5318 ipse
2274 5261 2374 5316 per
2404 5244 2589 5299 otium
2621 5259 2753 5298 eum
2795 5243 3177 5316 interrogare,
3224 5264 3467 5316 sperans
3497 5248 3664 5321 agni-

2019 5345 2220 5392 turum
2270 5349 2341 5389 ex
2391 5335 2519 5403 ejus
2552 5334 2850 5404 responsis
2899 5335 3040 5406 quid
3084 5337 3142 5390 in
3178 5352 3237 5391 re
3285 5343 3479 5394 esset:
3532 5354 3668 5392 nam

2025 5432 2185 5482 metu
2219 5425 2526 5497 prasentis
2559 5424 2888 5493 majestatis
2926 5424 3394 5492 simulationem,
3420 5428 3468 5482 si
3492 5443 3671 5498 quam

2024 5515 2416 5579 adhibuisset,
2468 5512 2583 5583 ipsi
2645 5515 3078 5578 excutiendam,
3133 5517 3550 5587 fassurumque
3608 5535 3677 5573 ex

2025 5623 2160 5663 vero
2209 5607 2440 5661 cuncta.
2493 5603 2657 5657 Tunc
2704 5603 2886 5675 igitur
2919 5603 2991 5658 ad
3042 5603 3460 5676 imperatorem
3501 5608 3674 5673 jussu

2025 5695 2214 5769 ipsius
2237 5693 2615 5750 introductus
2636 5709 2842 5750 cursor
2866 5699 2975 5763 est,
3008 5697 3066 5750 et
3094 5696 3165 5751 ab
3187 5710 3254 5750 eo
3276 5696 3676 5768 interrogatus
