4188 6442
581 409 683 463 591

1890 406 2193 463 GEORGII
2234 403 2697 461 PACHYMERB

3892 402 4000 459 592

583 530 658 591 ὡς
691 526 801 584 ἴδοι
831 527 1264 593 ἐπιτελεσθεῖσαν
1313 530 1413 598 τὴν
1464 527 1669 583 ἅλωσιν
1718 522 1991 584 ἐϐεϐαίου.
2050 527 2233 603 Λέγων
2265 521 2586 593 Αέκείνους
2638 522 2941 598 γράμματα
2986 523 3217 595 πέμπων
3272 522 3550 579 συνεκάλει
3605 525 3808 585 πάντας
3860 525 3997 599 πρὸς

586 617 676 673 οὖν
738 620 857 682 καθ’
913 615 1135 674 ἕκαστον
1195 617 1434 680 πολλοῖς
1492 619 1589 691 μὶν
1646 617 1983 693 ένειργάζετο
2028 616 2233 683 πίστιν,

582 716 712 765 πᾶσι
760 708 817 764 δὲ
864 707 1224 778 κατάπληξιν.
1257 710 1318 765 Ὁ
1373 710 1557 780 μέντοι
1614 706 1867 783 βασιλεὺς
1917 707 2063 781 παρὰ
2104 705 2236 766 τοὺς

583 798 829 860 πολλοὺς
880 796 1054 853 δοκεῖν
1104 796 1275 862 θέλων
1309 795 1531 870 εἷδέναι,
1584 798 1674 853 καὶ
1708 795 1921 871 μᾶλλον
1955 798 2042 852 ἐπὶ
2071 817 2236 871 στρα-

581 890 775 960 τείαις,
827 890 916 945 καὶ
976 890 1087 963 ἅμα
1134 886 1345 961 ψευδῶν
1396 891 1491 962 μὲν
1551 885 1720 945 ὄντων
1765 895 1873 944 τῶν
1919 889 2233 964 λεγομένων

588 981 663 1052 μὴ
724 981 1071 1055 ξυναρπαγῆς
1125 974 1384 1053 ἔγκλημα
1438 982 1616 1055 φέρειν
1648 1027 1662 1050 ,
1724 979 2000 1049 ἀληθινῶν
2061 977 2119 1033 δὲ
2173 978 2236 1033 τὸ

587 1070 723 1143 μετὰ
771 1068 1041 1135 δοκούσης
1084 1067 1380 1145 ἀσφαλείας
1430 1074 1536 1124 τῶν
1593 1070 1667 1131 ὡς
1703 1070 1860 1124 αὐτὸν
1894 1069 2234 1146 ἀναφερομέ-

581 1182 684 1214 νων
742 1156 1066 1233 κερδαίνειν,
1122 1160 1451 1234 προσέταττε
1500 1158 1865 1237 φυλάττεσθαι
1924 1156 2230 1233 δεδεμένον.

586 1248 739 1320 ΙΙλήν
796 1248 1017 1323 ἄσμενοι
1049 1250 1183 1319 ἦσαν
1243 1250 1496 1317 ἅπαντες,
1552 1249 1599 1304 εἲ
1654 1249 1997 1304 πιστεύοιντο
2033 1248 2235 1305 Ἰταλοὶ

584 1340 726 1396 οὕτω
782 1346 884 1409 τῆς
936 1339 1154 1403 πόλεως
1210 1340 1592 1413 ἐξωθούμενοι.
1652 1342 1741 1404 Ὠς
1798 1337 1855 1395 δὲ
1911 1338 2006 1405 τῆς
2066 1338 2235 1409 αὐτῆς

582 1430 792 1505 ἡμέρας
824 1428 1048 1490 πλείους
1087 1430 1139 1483 οἱ
1186 1427 1529 1501 πεμπόμενοι
1578 1428 1715 1504 πρὸς
1765 1427 2034 1503 Καίσαρος
2074 1430 2234 1497 ἦσαν,

581 1519 671 1575 καὶ
732 1518 820 1574 έπὶ
876 1518 1155 1581 τούτοιςὸ
1202 1520 1301 1587 τήν
1346 1516 1662 1594 καλύπτραν
1721 1517 1809 1573 καὶ
1869 1519 1966 1588 τὴν
2022 1519 2231 1588 σπάθην

579 1612 677 1663 τοῦ
735 1605 1071 1664 Βαλδουίνου
1104 1608 1177 1669 ὡς
1226 1602 1443 1682 βέϐαιον
1502 1608 1745 1681 κομίζων
1777 1609 2098 1682 τεκμήριον,
2134 1610 2233 1684 βα-

584 1697 663 1753 σι)
683 1704 731 1754 εἶ
760 1696 818 1753 δὲ
847 1698 937 1753 καὶ
967 1700 1034 1753 τὰ
1062 1698 1358 1774 γράμματα
1408 1698 1558 1760 ὅπως
1617 1696 1697 1767 ε⁷ίη
1760 1702 1795 1767 ἡ
1850 1698 2013 1760 πόλις
2060 1720 2235 1753 συνει-

581 1787 841 1861 λημμένη
874 1785 1099 1858 ἐδήλου,
1132 1788 1310 1842 οὐκέτι
1342 1783 1654 1865 ἀμφίϐολος
1685 1787 1776 1857 ἦν,
1811 1784 1937 1843 ἀλλ’
1969 1788 2228 1843 ἐπίστευε.

2344 610 2691 687 εὐγαριστίαν
2716 614 2814 666 τοῦ
2843 610 3173 687 κρείττονος.

2512 724 2579 784 λ’.
2613 725 2942 802 Δημηγορία
2971 724 3242 802 βασι.)έως
3277 725 3363 781 ἐπὶ
3392 730 3461 801 τῇ
3494 725 3695 783 ἁλώσει
3726 733 3825 797 τῆς

3056 798 3293 859 πόλεως.

2415 898 2497 969 [Ρ.
2546 898 2638 968 99]
2686 919 2715 947 α
2745 892 2964 966 Οἴδατε,
2999 918 3027 946 »
3086 892 3263 969 λέγων
3325 895 3463 969 πρὸς
3520 894 3649 957 τοὺς
3698 898 3994 973 παρόντας,

2347 1007 2373 1037 ι
2431 981 2619 1060 ἄνδρες
2676 983 2952 1058 βασιλείας
3013 984 3245 1053 ὑπήκοοι
3296 983 3728 1056 τῆςῬωμαίων,
3788 986 3905 1039 ὅσοι
3936 1006 3997 1039 τε

2347 1075 2663 1146 μεγιστᾶνες
2716 1072 2806 1126 καὶ
2878 1074 3013 1144 ἡμῖν
3072 1073 3207 1146 πρὸς
3266 1070 3493 1145 α’ίματος
3560 1072 3650 1127 καὶ
3722 1071 3838 1127 ὅσοι
3897 1077 3996 1128 τοῦ

2342 1159 2612 1230 πλήθους,
2671 1157 2822 1221 ὅπως
2855 1157 3024 1214 πάλαι
3054 1163 3150 1214 τοῦ
3192 1159 3349 1214 Θείου
3399 1160 3719 1234 μηνίσαντος
3771 1160 3996 1234 ἀνέμοις

2344 1247 2598 1318 ἐξώσταις
2631 1249 2744 1303 οἷον
2774 1254 2891 1311 τοῖς
2937 1246 3175 1309 Ἰταλοῖς
3224 1248 3528 1321 ἐξώσθησαν
3584 1256 3685 1318 τῆς
3731 1249 3994 1321 πατρίδος

2343 1338 2395 1391 oi.
2452 1336 2711 1412 ἡμέτεροι
2770 1337 3054 1413 πρόγονοι,
3114 1337 3204 1391 καὶ
3263 1339 3338 1402 ὡς
3394 1337 3474 1400 εἷς
3534 1339 3716 1393 στενὸν
3774 1340 3844 1394 τὰ
3888 1346 3992 1409 τῆς

2342 1424 2559 1481 ἐκείνων
2614 1426 2796 1503 ἀρχῆς
2852 1427 3255 1497 κατηντήκεσαν
3295 1470 3307 1486 .
3376 1426 3474 1484 Καὶ
3532 1432 3717 1505 παρεῶ
3772 1428 3839 1483 τὰ
3888 1430 3994 1482 πά-

2342 1513 2456 1580 λαι,
2516 1514 2606 1569 ὅτε
2661 1518 2695 1584 ἡ
2750 1516 2857 1570 τῶν
2911 1516 3201 1588 Ῥωμαίων
3247 1516 3395 1592 ἀρχή
3449 1517 3588 1591 πρὸς
3639 1514 3715 1572 ἕω
3759 1517 3851 1590 μὲν
3887 1517 3993 1572 Εὐ-

2342 1605 2517 1679 φράτῃ
2567 1604 2658 1659 καὶ
2706 1601 2934 1678 Τίγριδι,
2984 1605 3120 1680 πρὸς
3167 1602 3316 1659 δύσιν
3367 1602 3425 1659 δὲ
3472 1604 3698 1677 Σικελίᾳ
3741 1606 3832 1660 καὶ
3870 1610 3993 1668 τοῖς

2339 1693 2529 1769 πρόσω
2573 1691 2811 1757 Πουλίας
2840 1693 3088 1769 ὡρίζετο,
3119 1692 3388 1758 Αἰθίοπας
3434 1691 3479 1749 δ’
3527 1694 3644 1769 εἶχε
3667 1694 3805 1768 πρὸς
3835 1692 3994 1750 νότον

2338 1781 2427 1836 καὶ
2481 1782 2617 1858 πρὸς
2676 1781 2886 1858 Βορρᾶν
2941 1781 3008 1836 τὰ
3063 1780 3399 1858 προσάρκτια
3433 1827 3445 1839 .
3500 1782 3737 1859 Ἀφίημι
3788 1787 3993 1842 ταῦτα.

586 1875 683 1931 Καῖ
740 1873 1021 1930 ἀντεδίδου
1078 1876 1171 1947 μὲν
1229 1879 1337 1929 τῶν
1392 1873 1667 1951 λόγωντά
1699 1875 1890 1947 μείζω,
1921 1876 2010 1930 τὸν
2046 1878 2232 1948 μέντοι
2264 1886 2311 1949 Β
2345 1870 2498 1928 Ἀλλ’
2560 1869 2743 1926 οἷ’δατε
2789 1872 3005 1933 πάντως
3057 1871 3343 1933 ἀκούοντες
3393 1871 3467 1933 ὡς
3522 1872 3725 1942 ταύτης
3773 1870 3841 1941 δὴ
3891 1880 3992 1940 τῆς

580 1986 641 2040 γε
688 1964 943 2039 πρύτανιν
988 1963 1197 2018 τούτων
1244 1962 1333 2017 καὶ
1382 1962 1633 2039 παροχέα
1681 1963 1755 2025 ὡς
1786 1960 2008 2018 δυνατὸν
2040 1962 2231 2036 έμεγοὶο

583 2052 758 2108 λυνεν·
811 2049 940 2106 οὐδὲ
979 2052 1079 2127 γὰρ
1134 2050 1327 2126 μικρὸν
1377 2050 1555 2114 οὕτως
1605 2048 1741 2120 ᾤετο
1770 2054 1840 2124 τῇ
1872 2050 2079 2105 ἐκείνου
2131 2051 2230 2125 βα-

582 2140 761 2212 σιλείᾳ
793 2141 1152 2216 προστεθῆναι
1180 2143 1427 2194 τοιοῦτον
1460 2138 1812 2215 κατόρθωμα.
1867 2139 1963 2193 Καὶ
2014 2137 2079 2207 δὴ
2136 2160 2235 2212 με-

582 2229 773 2305 γίστης
828 2230 1022 2304 ἑορτῆς
1079 2229 1219 2304 ἄγων
1281 2228 1491 2302 ἡμέραν
1538 2226 1774 2298 ἐκείνην,
1826 2227 2231 2305 μετημφιάζετο

580 2320 684 2392 μέν’
726 2319 861 2395 πρὸς
905 2318 965 2373 τὸ
1018 2317 1458 2393 μεγαλειὸτερον,
1495 2316 1774 2373 συνεκάλει
1808 2314 1866 2371 δὲ
1901 2316 2029 2379 τοὺς
2063 2328 2231 2387 συνη-

576 2408 867 2480 σομένους,
912 2406 1003 2461 καὶ
1046 2404 1243 2468 αὐτοὺς
1291 2407 1363 2468 ὡς
1420 2406 1564 2467 εῗκὸς
1624 2403 2047 2479 ἐστολισμένους
2106 2428 2231 2462 ποι-

574 2496 780 2568 κίλοις,
839 2496 927 2551 καὶ
990 2496 1138 2569 σφίσι
1197 2493 1533 2569 δημηγορῶν
1596 2492 1878 2565 συνήδετο,
1917 2494 2059 2569 μηδὲ
2104 2496 2232 2559 τοὺς

574 2585 768 2663 «esse
824 2583 1013 2646 κενοὺς
1069 2584 1248 2659 ἀφιεὶς
1303 2582 1546 2654 ἡδονῆς,
1606 2583 1754 2640 ἀλλά
1810 2607 1872 2661 γε
1946 2585 2036 2641 καὶ
2092 2588 2229 2660 πρὸς

579 2786 919 2841 constanter
967 2782 1319 2838 asseveravit
1368 2787 1697 2855 spectatum
1729 2801 1763 2839 a
1792 2800 1855 2840 se
1898 2799 2094 2840 coram
2128 2800 2234 2840 ne-

578 2874 801 2947 gotium
835 2872 1164 2928 confectum
1200 2875 1379 2941 capta
1412 2872 1598 2943 urbis,
1630 2872 1812 2928 simul
1842 2873 2098 2928 referens
2124 2873 2231 2927 mi-

585 2965 779 3021 nutim
832 2966 1004 3036 prout
1049 2962 1407 3033 contigerint
1449 2963 1704 3035 singula,
1748 2965 1953 3020 multis
1993 2965 2231 3037 quidem

583 3054 759 3110 fidem
785 3053 943 3118 fecit,
967 3052 1196 3107 cunctis
1218 3053 1669 3109 admirationem
1704 3069 1769 3108 ac
1791 3058 2093 3126 stuporem
2114 3071 2234 3110 mo-

584 3145 683 3199 vit.
719 3148 791 3198 Αι
822 3142 1163 3214 imperator,
1198 3142 1297 3212 qui
1328 3141 1639 3197 aﬂ‘ectabat
1674 3143 1857 3198 videri
1892 3142 2026 3214 plus
2054 3160 2230 3215 quam

582 3233 795 3304 vulgus
813 3247 1017 3303 sapere
1042 3231 1099 3285 in
1124 3230 1350 3285 caeteris
1370 3235 1495 3286 tum
1516 3230 1573 3285 in
1599 3230 1955 3287 militaribus
1981 3233 2233 3304 negotiis

2344 1959 2620 2031 θαλάσσης
2680 1960 2829 2022 ἐντὸς
2876 1963 3013 2036 πρὸς
3062 1957 3288 2036 ἤπειρον
3349 1961 3411 2015 οὐ
3469 1958 3617 2016 δυοῖν
3678 1962 3766 2016 καὶ
3823 1966 3996 2038 τριῶν

2342 2053 2591 2126 ἡμερῶν,
2623 2049 2749 2106 ἀλλ’
2790 2047 2931 2105 ἔστιν
2974 2051 3111 2105 ὅπου
3140 2052 3230 2105 καὶ
3261 2048 3387 2105 δέκα
3438 2051 3525 2105 καὶ
3577 2049 3783 2106 τούτων
3814 2050 3991 2107 πλέον

2341 2139 2512 2194 τόπου
2544 2138 2818 2213 διάστημα
2850 2141 2995 2215 παρὰ
3038 2144 3147 2194 τῶν
3174 2140 3457 2214 ἡμετέρων
3511 2141 3636 2195 τότε
3680 2141 3993 2216 κατείχετο,

2342 2230 2523 2303 χωρὶς
2573 2228 2792 2283 ἀπασῶν
2850 2231 3074 2299 νήσων,
3132 2230 3221 2283 καὶ
3276 2233 3383 2284 τῶν
3446 2230 3751 2305 μεγίστων.
3811 2228 3995 2285 ’Λλλά

2343 2321 2477 2373 Θεοῦ
2530 2318 2807 2384 θέλοντος,
2865 2318 2901 2388 ἢ
2962 2317 3174 2390 μᾶλλον
3224 2323 3689 2394 παραχωροῦντος
3734 2321 3853 2374 κατ’
3884 2319 3996 2374 εἶ’σ-

2340 2410 2534 2481 πραξιν
2601 2411 2708 2461 τῶν
2787 2406 2862 2469 εἷς
2944 2406 3142 2462 ἐκεῖνον
3217 2406 3746 2480 πλημμελημάτων,
3821 2407 3993 2477 αὐτῆς

2343 2496 2537 2551 ὡσανεί
2573 2516 2723 2557 τινος
2768 2494 2995 2571 καρδίας
3052 2503 3151 2565 τῆς
3198 2494 3461 2570 πατρίδος
3511 2497 3787 2567 παθούσης
3839 2518 3996 2552 συνε-

2342 2587 2686 2661 νεκρώθησαν
2720 2584 2913 2654 πάντα,
2946 2584 3034 2640 καὶ
3066 2586 3133 2640 τὰ
3167 2586 3262 2659 μὲν
3314 2584 3515 2641 Ἰταλοὶ
3562 2587 3629 2641 τὰ
3657 2584 3714 2640 δὲ
3761 2585 3991 2662 Πέρσαι,

2343 2781 2946 2853 magnificentissimis
2967 2782 3231 2840 vestibus
3261 2782 3332 2838 ad
3353 2798 3621 2855 proceres
3651 2782 3994 2840 celebrandi

2341 2888 2522 2928 causa
2565 2871 2897 2927 communis
2926 2871 3125 2944 gaudii
3175 2872 3247 2927 ad
3279 2888 3342 2927 se
3370 2876 3626 2941 vocatos,
3676 2871 3993 2943 splendido

2341 2966 2400 3016 et
2436 2960 2597 3032 ipsos
2626 2962 2903 3033 varioque
2946 2960 3210 3033 insignes
3254 2965 3486 3031 ornatu,
3539 2960 3991 3034 gratulatoriam

2341 3051 2664 3106 orationem
2696 3050 2920 3106 habuit.
2957 3055 3037 3105 Ac
3067 3066 3139 3105 ne
3169 3050 3441 3106 absentes
3470 3051 3707 3121 quidem
3737 3051 3867 3122 ejus
3895 3066 3999 3108 vo-

2340 3139 2587 3211 luptatis
2617 3145 2881 3211 expertes
2902 3155 3135 3212 passus,
3160 3139 3394 3211 scriptis
3424 3144 3481 3196 et
3497 3155 3731 3212 quoquo
3752 3156 3993 3197 versum

2342 3228 2541 3284 missis
2589 3229 2855 3300 ejusdem
2904 3244 3037 3283 cum
3097 3228 3361 3285 oratione
3412 3229 3718 3285 sententiis
3776 3230 3996 3287 litteris

583 3322 857 3389 maxime,
888 3319 1067 3374 simul
1098 3320 1384 3390 cogitans,
1416 3319 1463 3375 si
1499 3320 1644 3375 forte
1673 3321 1744 3375 ad
1776 3326 2097 3377 extremum
2120 3322 2226 3377 fal-
2256 3322 2308 3387 C.
2345 3322 2589 3373 cunctos
2620 3318 2692 3373 ad
2721 3319 2980 3389 agendas
3011 3318 3125 3374 Deo
3155 3318 3376 3390 gratias
3408 3316 3753 3389 publiceque
3784 3318 3996 3374 laetan-

582 3427 711 3467 sum
759 3410 818 3465 id
856 3408 1395 3481 deprehenderetur
1423 3407 1733 3476 indicium,
1785 3410 2121 3467 subiturum
2175 3429 2236 3467 se

580 3505 780 3556 notam
816 3498 959 3554 levis
991 3497 1382 3563 credulitatis,
1415 3514 1518 3553 nec
1540 3499 1904 3569 deprehenso
1933 3502 2235 3556 mendacio

578 3592 852 3647 decorum
882 3587 994 3643 sibi
1025 3587 1143 3643 fore
1184 3587 1539 3658 impunitam
1563 3587 1865 3644 dimisisse
1894 3586 2241 3661 impostoris

581 3677 887 3735 audaciam
913 3693 926 3744 ;
962 3676 1051 3731 sin
1077 3677 1290 3731 veritas
1312 3676 1602 3731 dictorum
1635 3677 1763 3748 ejus
1789 3682 2053 3750 tempore
2080 3684 2236 3751 pato-

582 3773 672 3824 ret
699 3772 757 3823 et
785 3782 1075 3822 consensu
1105 3764 1354 3822 aliorum
1391 3765 1524 3821 inde
1556 3782 1690 3822 mox
1720 3768 2108 3825 aﬂ‘uturorum
2134 3771 2231 3825 tir-

586 3860 867 3925 maretur,
921 3854 1064 3910 nihil
1105 3854 1185 3908 illi
1225 3854 1414 3910 fraudi
1465 3856 1583 3910 fore
1629 3873 1852 3911 moram
1904 3863 2088 3913 cauta:
2129 3877 2233 3915 su-

584 3942 868 4015 spicionis
902 3943 1133 3998 brevem
1168 3944 1665 4014 (repraesentanda
1697 3946 1913 4017 quippe
1951 3947 2064 4019 ipsi
2097 3964 2229 4003 cum

584 4034 699 4089 ﬁde
731 4032 970 4104 praemia
998 4032 1196 4087 debita
1225 4032 1519 4087 velocitati
1552 4050 1668 4105 qua
1699 4034 2077 4106 praevenisset
2103 4053 2231 4091 om-

581 4139 687 4179 nes
720 4123 778 4176 in
830 4121 1124 4175 aﬂ‘erendo
1167 4129 1288 4175 tam
1335 4119 1463 4176 laeto
1513 4121 1762 4192 nuntio),
1804 4124 1988 4193 jussit
2035 4124 2230 4181 homi~

579 4227 711 4266 nem
747 4209 1337 4271 vinctumjcustodiri.
1361 4210 1577 4265 Tamen
1603 4211 1715 4266 isto
1736 4213 1885 4283 ipso,
1910 4215 2226 4286 cujusque-

575 4300 734 4355 modi
766 4301 1006 4354 tandem
1045 4299 1209 4365 foret,
1244 4299 1463 4354 indicio
1505 4300 1627 4369 jam
1662 4305 1787 4355 tum
1824 4318 2030 4358 omnes
2064 4305 2227 4359 laeta-

572 4390 825 4456 bantur;
876 4388 1409 4459 praecipiebantque
1461 4391 1738 4462 praesagis
1768 4391 1983 4447 animis
2013 4394 2224 4448 trium-

569 4476 741 4547 phale
770 4476 1050 4545 gaudium
1084 4492 1199 4546 quo
1247 4476 1633 4546 perfundendi
1667 4484 1883 4546 essent,
1921 4480 2017 4533 ubi
2052 4480 2223 4550 plane

567 4565 934 4621 constitisset
983 4564 1064 4619 sic
1132 4564 1406 4634 expulsos
1457 4567 1598 4621 urbe
1646 4566 1845 4622 Italos.
1898 4566 1968 4621 Ut
2020 4574 2218 4623 autem

2346 3407 2485 3462 dum
2520 3406 2867 3463 adhortatus
2898 3412 3008 3463 est.

2416 3551 2503 3605 30.
2540 3551 2736 3607 Concio
2785 3550 3141 3623 imperatoris
3178 3566 3342 3622 super
3369 3548 3777 3622 expugnatione
3815 3550 3997 3606 urbis.

2416 3697 2443 3727 ι(
2477 3675 2702 3744 Nostis,
2736 3697 2763 3724 »
2795 3674 3073 3747 inquiens
3104 3676 3172 3730 ad
3209 3678 3548 3748 praesentes,
3588 3674 3697 3730 viri
3729 3678 3999 3731 Romano

2342 3765 2589 3839 imperio
2619 3765 2865 3833 subditi,
2911 3764 3132 3837 quique
3162 3765 3476 3835 optimates
3525 3764 3816 3837 nobisque
3845 3781 3993 3820 ron-

2340 3854 2735 3927 sanguinitate
2757 3855 2973 3925 juncti,
3003 3859 3327 3925 caateraque
3359 3853 3677 3909 multitudo
3709 3852 3824 3908 huc
3854 3854 3997 3909 ade-

2341 3945 2469 4011 stis,
2498 3944 2707 4008 nostis,
2755 3943 3023 4015 inquam,
3054 3947 3119 3997 ut
3148 3941 3288 3999 olim
3320 3947 3439 3999 Deo
3485 3942 3659 4011 irato,
3690 3944 3763 3997 ab
3796 3942 3995 4009 Italis,

2338 4034 2498 4090 velut
2543 4034 2736 4088 ventis
2780 4034 3137 4104 quibusdam
3206 4032 3673 4100 vehementibus,
3733 4033 3995 4101 majores

2339 4121 2522 4179 nostri
2554 4121 2781 4193 expulsi
2814 4122 3005 4193 patria
3037 4121 3254 4176 fuerint
3276 4127 3335 4175 et
3364 4124 3425 4176 in
3450 4126 3673 4176 arctum
3706 4128 3996 4177 contrusa

2338 4213 2483 4267 ditio
2515 4226 2737 4266 eorum.
2762 4212 2841 4266 Ac
2872 4216 3066 4265 vetera
3115 4216 3393 4282 praetereo
3434 4210 3557 4277 illa,
3590 4210 3826 4282 quando
3869 4212 3991 4264 Ro-

2337 4318 2579 4357 manum
2613 4302 2925 4373 imperium
2962 4301 3032 4355 ab
3064 4306 3196 4355 ortu
3246 4301 3483 4371 quidem
3516 4299 3872 4370 Euphratem
3916 4316 3992 4354 ac

2333 4393 2555 4465 Tigrim
2588 4392 2807 4447 limites
2853 4390 3080 4461 habuit,
3114 4392 3185 4445 ab
3217 4406 3427 4446 occasu
3462 4406 3596 4445 vero
3636 4390 3894 4444 Siciliam
3932 4394 3998 4445 et

2334 4483 2441 4537 hac
2498 4481 2831 4537 ulteriorem
2877 4480 3167 4552 Apuliam,
3224 4481 3280 4534 in
3337 4480 3641 4535 meridiem
3695 4479 3992 4551 processit

2333 4588 2520 4642 usque
2544 4572 2614 4626 ad
2646 4571 2966 4641 Ethiopas,
2998 4586 3198 4626 versus
3221 4569 3677 4641 septentrionem
3704 4583 3891 4638 usque
3917 4568 3993 4621 ad

566 4656 771 4710 eodem
824 4655 917 4709 die
963 4652 1132 4707 multi
1176 4654 1536 4709 advenerunt
1582 4655 1747 4710 missi
1780 4673 1813 4710 a
1862 4655 2108 4723 Caesare,
2160 4663 2218 4713 et
2247 4687 2293 4750 Β
2330 4662 2595 4715 admotas
2627 4660 2760 4731 polo
2793 4660 3080 4731 regiones.
3128 4658 3348 4714 Omitto
3382 4657 3504 4723 illa,
3535 4662 3764 4712 tantum
3798 4655 3999 4711 obiter

565 4762 744 4817 super
793 4745 895 4799 hos
926 4743 1027 4815 qui
1077 4748 1312 4814 tegmen
1363 4745 1570 4815 capitis
1615 4761 1813 4799 ensem
1850 4747 1908 4799 in
1960 4747 2217 4802 certissi-

566 4850 730 4889 mum
765 4839 1007 4904 receptas
1049 4832 1213 4887 urbis
1244 4839 1656 4905 argumentum
1694 4834 2035 4905 imperatori
2076 4853 2211 4892 cum

568 4923 845 4979 laureatis
874 4922 1119 4977 Caesaris
1149 4921 1358 4979 litteris
1388 4923 1638 4989 afferret,
1674 4922 1846 4994 plane
1879 4924 2221 4981 afﬁrmanti-

567 5014 676 5067 bus
711 5017 998 5083 receptam
1032 5011 1235 5065 urbem
1270 5010 1531 5066 Romano
1564 5012 1833 5084 praesidio
1856 5014 2062 5083 teneri,
2097 5032 2210 5071 non

559 5102 820 5174 amplius
870 5102 1163 5157 dubitavit
1215 5103 1367 5159 153
1426 5103 1762 5175 imperator,
1824 5106 1923 5159 sed
1972 5107 2209 5162 omnino

550 5193 678 5263 jam
713 5208 1028 5262 persuasus
1081 5190 1253 5262 plura
1282 5198 1334 5247 et
1370 5194 1598 5262 majora
1647 5210 1822 5265 quam
1859 5195 2209 5265 promiserat

557 5288 646 5338 est
678 5281 865 5353 primo
899 5280 1105 5335 nuntio
1138 5280 1410 5354 largitus.
1447 5289 1526 5337 Ac
1558 5284 1764 5339 ducem
1800 5284 2041 5355 quidem
2070 5287 2204 5341 facti

554 5377 971 5441 auctoremque
1011 5387 1323 5427 successus
1355 5373 1560 5443 gratiis
1592 5378 1649 5428 et
1695 5374 1973 5428 laudibus
2023 5391 2201 5446 quam

550 5460 746 5531 potuit
778 5459 1166 5531 amplissimis
1192 5466 1536 5531 prosccutus
1568 5468 1693 5517 est:
1728 5480 1842 5517 non
1875 5464 2030 5517 enim
2052 5464 2201 5518 exis-

549 5550 802 5604 timabat
851 5566 1092 5620 parvum
1130 5555 1543 5606 ornamentum
1594 5552 1843 5625 imperio
1893 5568 2000 5607 suo
2032 5553 2201 5607 addi-

544 5642 675 5693 tum
729 5636 987 5694 facinore
1023 5643 1140 5693 tam
1175 5638 1410 5694 illustri.
1460 5641 1663 5713 Itaque
1693 5642 1851 5696 diem
1885 5641 2053 5696 illum
2089 5643 2203 5697 fes-

543 5745 667 5809 tum
698 5729 817 5801 egit
840 5728 1211 5785 solemnitate
1236 5745 1509 5786 summa:
1537 5732 1757 5803 quippe
1788 5732 2048 5802 sumptis
2078 5730 2205 5803 ipse

2328 4765 2663 4805 memorans
2721 4765 2847 4819 quae
2906 4749 3081 4803 fando
3140 4748 3343 4803 audita
3399 4746 3775 4818 cognovistis,
3829 4746 3993 4800 intra

2325 4839 2470 4894 illud
2506 4854 2665 4893 mare
2689 4854 2893 4893 versus
2915 4838 3311 4893 continentem
3340 4853 3455 4891 non
3485 4835 3674 4892 solum
3697 4840 3989 4905 quantum

2330 4926 2492 4983 bidui
2526 4932 2627 4983 aut
2655 4927 2837 4981 tridui
2871 4943 3047 4982 cursu
3081 4926 3311 4981 emoliri
3342 4925 3599 4997 spatium
3632 4929 3843 4996 potest,
3878 4924 3988 4979 sed

2328 5021 2616 5087 quantum
2665 5016 2865 5071 decem
2916 5020 2974 5070 et
3021 5031 3087 5071 eo
3138 5014 3272 5086 plus
3321 5013 3551 5079 diebus,
3603 5013 3663 5067 in
3715 5018 3987 5067 nostrum

2325 5106 2511 5161 fuisse
2543 5109 2853 5178 potestate,
2911 5112 3120 5176 praeter
3147 5121 3355 5161 omnes
3388 5102 3638 5169 insulas,
3673 5101 3731 5157 in
3764 5100 3990 5172 quibus

2327 5196 2598 5266 quaedam
2668 5196 2823 5253 I54
2872 5200 3013 5251 sunt
3062 5194 3467 5267 amplissimae.
3515 5196 3801 5251 Ceterum
3866 5190 3989 5246 Deo

2323 5284 2575 5351 volente,
2610 5290 2712 5340 aut
2743 5285 2936 5355 potius
2984 5284 3366 5356 permittente
3396 5285 3455 5339 in
3495 5282 3778 5338 ultionem
3813 5281 3980 5351 inju-

2321 5373 2543 5429 riarum
2578 5374 2690 5445 ipsi
2744 5376 3051 5443 factarum,
3103 5391 3236 5429 cum
3270 5374 3403 5445 ipsa
3455 5389 3649 5429 rerum
3708 5370 3985 5443 principe

2323 5468 2524 5518 nostra
2575 5464 2784 5534 patria,
2817 5463 2981 5518 velut
3027 5464 3201 5518 corde
3241 5462 3497 5534 imperii,
3548 5461 3711 5517 clade
3762 5459 3981 5515 ultima

2320 5568 2625 5625 oppressa,
2652 5557 2863 5608 cuncta
2888 5553 3105 5624 pariter
3129 5552 3462 5624 reipublicae
3494 5550 3758 5607 membra
3783 5549 3991 5605 lethali

2318 5642 2490 5713 quasi
2543 5644 2749 5697 morbo
2780 5641 3195 5713 elanguerunt,
3255 5643 3396 5697 dum
3452 5656 3652 5697 eorum
3712 5639 3990 5709 quaedam

2315 5730 2469 5799 Itali,
2494 5730 2606 5787 alia
2631 5734 2841 5802 Persa,
2867 5730 3130 5803 Bnlgari,
3153 5731 3395 5787 Triballi
3415 5734 3752 5800 ceteraeque
3773 5744 3993 5785 omnes
