4188 6442
141 415 245 471 593

1204 417 1300 468 DE
1341 412 1707 468 MICBABLE
1747 408 2187 465 PALEOLOGO
2225 414 2355 465 LIB.
2398 415 2465 464 ll.
3435 410 3538 463 50’:

145 538 452 611 Βούλγαροί
481 559 538 592 τε
565 538 652 591 καὶ
705 531 1014 610 Τριϐαλλοὶ
1063 536 1152 590 καὶ
1184 538 1378 598 πάντες
1406 532 1570 590 ἄλλοι
1615 531 1794 604 διεμε-
1825 537 1877 604 Α
1912 532 2078 602 μένην
2124 531 2530 607 ἐγκαταλείπειν
2582 533 2658 595 εἷς
2725 540 2914 609 χεῖρας
2959 532 3172 588 πίπτειν
3221 537 3327 586 τῶν
3378 533 3544 586 πολε-

145 629 389 700 ρίσαντο,
427 626 539 682 ἔστι
569 624 615 679 δ’
647 625 679 679 ἆ
707 627 798 679 καὶ
852 627 1117 692 Ῥωμαῖοι
1167 628 1234 695 τῇ
1283 623 1530 698 βασιλείᾳ
1559 624 1790 690 ὑπήκοοι

141 715 529 792 νοσφισάμενοι
576 716 691 768 καθ’
741 714 938 776 αὑτοὸς
981 713 1114 780 ἦσαν
1162 709 1532 780 δεσπόζοντες.
1595 711 1676 766 Τὰ
1736 708 1791 762 δὲ

140 805 191 876 γ’
230 803 473 878 ἡμέτερα
530 802 732 872 Νικαίᾳ
769 801 860 855 καὶ
911 800 1129 875 Προύσῃ
1180 801 1268 854 καὶ
1315 799 1468 872 τρίτῃ
1511 794 1791 853 Φιλαδελ-

138 892 260 968 est?
289 892 381 946 καὶ
427 897 545 953 τοῖς
595 891 748 964 πέριξ
795 887 1227 964 διεγνωρίζοντο.
1273 889 1348 942 Τὰ
1381 889 1477 960 μὲν
1511 884 1601 941 οῦν
1646 883 1790 940 ἄλλα

137 987 253 1043 πῶς
313 983 402 1036 καὶ
468 983 619 1040 αὖθις
681 980 1116 1049 ἆνεζωώθησαν,
1177 979 1264 1033 καί
1320 998 1381 1052 γε
1423 977 1788 1045 ἆναζωοῦνται

139 1072 279 1127 κατὰ
313 1072 506 1145 μικρὸν
553 1068 832 1130 ἐλεοῦντος
884 1067 1050 1123 πάλιν
1095 1071 1197 1122 τοῦ
1242 1066 1421 1134 Θείου,
1455 1065 1507 1120 τί
1553 1065 1666 1139 χρὴ
1698 1065 1787 1118 καὶ

137 1159 315 1234 λέγειν
350 1178 363 1215 :
396 1160 544 1229 πλὴν
592 1157 718 1213 ἀλλ’
766 1155 918 1212 οὐδὲν
968 1156 1174 1211 τούτων
1227 1157 1293 1224 ἦν
1336 1153 1595 1232 ἀσφαλῶς
1642 1151 1785 1228 ἔχειν

137 1248 440 1316 λειπούσης
485 1254 589 1315 τῆς
635 1243 938 1321 βασιλίδος.
995 1251 1160 1300 [lnior
1205 1246 1306 1319 γὰρ
1355 1246 1492 1316 ἡμῖν
1522 1242 1583 1296 ού
1615 1263 1788 1316 προσ-

136 1340 351 1413 κρούων
407 1333 726 1406 ὠνείδισεν,
780 1333 835 1389 εἷ’
884 1355 990 1389 που
1058 1335 1144 1389 καὶ
1219 1327 1785 1408 διεπρεσϐευσάμεθα,

134 1429 206 1489 ὡς
269 1427 494 1483 ἆπόλισι
550 1428 639 1482 καὶ
699 1425 889 1501 πόρῥω
946 1429 1042 1479 τοῦ
1103 1423 1384 1499 βασιλείου
1431 1425 1622 1498 Θρόνου
1670 1422 1785 1475 κατ’

133 1517 373 1590 ἀνάγκην
431 1514 759 1589 διάγουσιν;
812 1517 897 1589 [Ρ.
957 1517 1079 1586 100]
1150 1511 1372 1587 ἄστροισι
1438 1511 1618 1566 τοίνυν
1684 1512 1782 1578 τὴν

130 1603 368 1679 πατρίδα
405 1602 565 1674 διαση
580 1605 943 1676 μαινομένους
993 1608 1172 1672 ζητεῖν
1200 1604 1264 1656 τὰ
1296 1601 1488 1669 λοιποὶ,
1531 1600 1622 1654 καὶ
1653 1599 1780 1654 ἀνα-

128 1692 414 1756 καλεῖσθαι
445 1693 592 1766 παρά
619 1697 726 1746 τῶν
767 1691 1146 1765 κατεχόντων,
1184 1687 1314 1761 μηδ’
1343 1692 1478 1744 εἶναι
1506 1709 1606 1756 την
1638 1687 1782 1761 ἀγω-

127 1783 229 1853 γὴν
252 1778 500 1853 εὔλογον.
552 1780 652 1835 Καὶ
703 1776 792 1833 διὰ
837 1782 1000 1832 τοῦτο
1053 1778 1142 1831 καὶ
1193 1781 1299 1831 τῶν
1353 1775 1460 1848 πρὸ
1486 1777 1648 1847 ἡμῶν
1685 1775 1784 1848 βας

1904 621 2068 690 μίων.
2123 626 2195 676 Τὸ
2253 624 2351 696 γὰο
2402 622 2584 677 πολλᾶ
2626 623 2714 676 καὶ
2769 621 3003 697 ξμεγαλα
3051 624 3540 696 πραγματευσαμέ-

1899 729 2023 769 νους
2076 712 2196 783 περὶ
2252 711 2457 779 αὐτῆς,
2511 714 2596 765 καὶ
2651 710 2738 765 διὰ
2793 711 3064 765 τοσούτων
3143 711 3536 780 περαιωθέντας

1903 793 2094 851 δεινῶν
2132 842 2146 865 ,
2208 797 2376 871 μηδὲν
2435 800 2662 870 ἐξανύειν
2723 799 3174 860 πολλαπλασίους
3223 796 3377 858 ὄντας
3435 805 3539 852 τίων

1905 883 2306 952 ἐνοικούντων,
2359 887 2668 951 δεικνύντος
2735 894 2868 944 Θεοῦ
2910 892 2973 956 ἦν
3021 890 3094 950 ὡς
3133 884 3285 963 ἔργον
3338 888 3541 942 ἐκείνου

1903 975 1991 1028 καὶ
2048 976 2218 1046 μόνου
2267 977 2314 1049 ἐξ
2365 978 2551 1039 ἐλέους
2601 976 2744 1032 ἔσται
2778 979 2840 1033 τὸ
2886 977 3089 1044 δοῦναι,
3124 979 3185 1032 οὗ
3235 975 3300 1045 δὴ
3345 981 3431 1033 καὶ
3480 980 3542 1032 τὸ

1909 1059 2094 1118 λαϐεῖν
2147 1065 2483 1126 ἐπιστεύετο.
2536 1070 2771 1145 Ἐφθασε
2819 1067 2992 1122 τοίνυν
3043 1070 3076 1135 ἠ
3120 1075 3221 1135 τῆς
3270 1067 3544 1142 εὐσπλαγ-

1897 1153 2052 1226 χνίας
2092 1155 2272 1227 κυρία.
2301 1156 2390 1209 καὶ
2443 1155 2604 1225 ξένον,
2657 1159 2816 1227 ἡμῶν
2855 1156 3254 1231 βασιλευόντων
3305 1161 3409 1209 τῶν
3456 1156 3540 1217 τίς

1896 1239 1954 1293 ἄν
2006 1239 2150 1296 εἷ’ποι
2197 1244 2394 1317 ἀγαθὸν
2443 1243 2704 1318 ἐχόντων.
2757 1247 2859 1301 Καὶ
2918 1243 2982 1314 δὴ
3035 1247 3379 1319 εὐχαριστεῖν
3425 1244 3534 1300 ἐστι

1893 1325 2098 1384 δίκαιον
2152 1328 2532 1397 ἀπολαϐόντας
2579 1336 2676 1403 τὴν
2723 1332 2981 1409 πατρίδα,
3030 1335 3118 1388 καί
3166 1355 3227 1408 γε
3271 1333 3536 1403 ἐλπίζειν,

1891 1416 2072 1491 ὣσπερ
2167 1423 2576 1493 καταπεσούσης
2669 1424 2868 1493 ταύτης
2962 1422 3389 1498 συγκατὲπιπτον
3470 1426 3535 1477 τὰ

1893 1504 2093 1576 λοιπὰ,
2149 1507 2320 1572 οὕτως
2381 1511 2778 1582 άνακληθείσης
2834 1513 3003 1580 αὐτῆς
3055 1511 3152 1566 οὐκ
3199 1508 3341 1566 ἔστιν
3387 1514 3537 1574 ὅπως

1892 1595 1991 1650 οὐκ
2079 1597 2549 1669 ἀνακληθτξσεσοαι
2646 1607 2831 1671 ταῦτα,
2915 1603 2976 1656 'U
3049 1601 3149 1676 γὰρ
3213 1600 3530 1673 παλίμπους

1889 1688 2268 1759 περιστήσεται
2319 1685 2466 1759 δίκη,
2511 1691 2601 1744 καὶ
2659 1690 2884 1745 πολλῶν
2944 1691 3068 1763 πρὶν
3115 1689 3528 1764 φρυαττομένων

1890 1774 2112 1850 αὐχένες
2161 1776 2276 1849 (σὺν
2331 1783 2449 1849 Θεῷ
2493 1778 2753 1853 εἰρήσθω)
2795 1778 3360 1849 καθυποκλιθήσονται
3393 1779 3528 1851 πρὸς

2646 1607 2831 1671 ταῦτα,

130 1869 334 1923 σιλέων
385 1867 572 1923 πολλὰ
615 1868 979 1935 πονεσάντων,
1033 1868 1134 1921 οὐκ
1184 1865 1342 1941 ὀλίγα
1389 1863 1446 1919 δὲ
1493 1864 1580 1918 καὶ
1620 1865 1780 1935 ἡμῶν
1814 1903 1860 1964 Β
1889 1863 1951 1918 τὸ
1993 1864 2394 1936 ταπεινότερον.
2446 1868 2510 1923 Εἴ
2563 1869 2656 1938 μὶν
2708 1869 2798 1923 οὗν
2851 1870 2903 1922 οἱ
2950 1869 3174 1943 πατέρες
3217 1871 3374 1941 ἡμῶν
3431 1869 3532 1922 οὐκ

130 1957 402 2032 πρότριτα
451 1957 734 2020 παθόντων
806 1954 959 2012 οὐδὲν
1028 1955 1258 2025 ἠνύσθη.
1309 1956 1386 2013 Τὸ
1429 1955 1533 2030 γὰρ
1563 1953 1651 2008 καὶ
1683 1974 1785 2030 φυ-

129 2047 481 2120 λαττομένης
546 2044 763 2108 πόλεως
829 2047 904 2107 εἷς
959 2045 1112 2100 κενὸν
1174 2045 1460 2120 ἀγρυπνεῖν
1493 2087 1508 2111 ,
1564 2041 1653 2096 καὶ
1703 2042 1779 2105 εἰς

125 2141 317 2211 χεῖρας
362 2136 622 2208 κειμένης
658 2136 807 2199 αὖθις
859 2135 1100 2208 γενέσθαι
1145 2132 1221 2194 εἷς
1275 2153 1449 2204 ματην
1487 2130 1613 2192 τοὺς
1657 2151 1776 2185 πει-

123 2226 406 2296 ρωμένους
443 2230 646 2290 πονεῖν,
699 2229 832 2279 Θεοῦ
881 2223 990 2277 ἐστι
1047 2223 1303 2294 μαλιστα,
1354 2225 1507 2289 Θεοῦ,
1557 2223 1612 2281 δς
1663 2217 1774 2274 οἶδε

117 2316 202 2368 καὶ
255 2317 357 2382 τήν
414 2313 491 2376 εἷς
529 2311 775 2368 κίνδυνον
820 2314 1191 2386 νομιζομένην
1238 2316 1447 2375 κεῖσθαι
1478 2311 1768 2388 φυλάττειν

115 2402 430 2480 ἀφύλακτον
471 2404 656 2473 οὖσαν,
688 2404 775 2457 καὶ
804 2403 902 2472 τήν
940 2403 1189 2477 ἰσχυροῖς
1231 2402 1485 2463 ὁπλίταις
1520 2399 1759 2476 ὠχυρω-

125 2610 328 2678 gentes
361 2605 626 2661 barbaras
657 2605 812 2661 inter
845 2621 974 2661 sese
1004 2605 1382 2677 partirentur.
1418 2605 1679 2661 Fuerunt
1715 2608 1772 2658 et

139 2693 432 2751 nonnulla
484 2711 612 2766 quae
660 2695 772 2766 ipsi
824 2695 1086 2751 Romano
1142 2693 1410 2766 imperio,
1461 2695 1553 2748 cui
1611 2697 1776 2749 erant

129 2783 376 2851 subditi,
415 2782 660 2840 rebelles
690 2783 894 2840 avulsa
933 2787 991 2838 et
1017 2783 1260 2839 seorsim
1292 2787 1480 2838 tracta
1515 2783 1775 2838 domino-

130 2890 262 2928 rum
322 2874 564 2929 nomine
623 2879 906 2929 tenerent.
969 2873 1188 2928 Nostra;
1235 2888 1367 2927 vero
1424 2889 1516 2927 res
1559 2873 1798 2938 Nicasa,‘

126 2960 342 3017 Prursa
376 2961 666 3033 tertiaque
699 2960 1105 3030 Philadelphia
1133 2976 1267 3014 cum
1299 2961 1471 3016 terris
1503 2961 1773 3031 adjacen-

134 3050 293 3105 tibus
325 3050 778 3106 deﬁniebantur.
812 3051 882 3106 Et
912 3050 1022 3104 alia
1057 3049 1291 3121 quidem
1328 3059 1390 3104 ut
1430 3066 1634 3105 rursus
1687 3065 1776 3104 re-

131 3140 384 3194 vixerint
405 3140 563 3210 (nam
587 3139 871 3211 paulatim
897 3138 1013 3195 Deo
1038 3139 1352 3194 miserante
1382 3137 1774 3208 revaluerunt)

127 3228 265 3299 quid
327 3228 545 3284 attinet
599 3227 834 3284 dicere?
864 3244 1065 3283 verum
1099 3243 1167 3282 ne
1213 3226 1332 3282 haec
1382 3227 1621 3298 quidem
1684 3227 1772 3282 vel

121 3323 348 3373 servata
396 3316 486 3372 vel
538 3323 876 3387 recuperata
919 3333 1127 3372 secura
1157 3316 1324 3371 nobis
1355 3321 1412 3371 et
1451 3326 1606 3371 certa
1633 3333 1763 3372 esse

119 3410 408 3476 poterant,
435 3406 693 3475 quandiu
717 3404 980 3477 principe
1004 3405 1147 3460 urbe
1166 3406 1759 3471 carebamus.0uotus

119 3497 272 3551 enim
305 3496 563 3567 quisque
590 3496 814 3569 legatos
853 3499 1106 3565 nostros,
1139 3496 1188 3550 si
1219 3511 1369 3566 quos
1427 3512 1621 3551 rerum
1674 3513 1762 3552 re-

124 3586 514 3657 petendarum
547 3602 726 3642 causa
775 3585 1178 3651 mittebamus,
1214 3602 1326 3640 non
1381 3586 1584 3642 irrisos
1628 3603 1762 3642 con-

121 3675 264 3730 vicio
298 3673 623 3747 repellebat
650 3680 935 3746 tanquam
977 3674 1049 3730 ab
1079 3674 1381 3730 exsulibus
1413 3675 1627 3732 missos
1660 3693 1765 3748 pa-

121 3762 227 3818 tria
249 3763 460 3834 ejectis
489 3767 549 3818 et
603 3761 806 3835 procul
837 3761 1071 3833 imperii
1117 3763 1254 3818 sede
1297 3765 1623 3820 necessario
1666 3765 1765 3820 de-

125 3851 432 3922 gentibus?
453 3853 643 3918 Quare
665 3851 799 3907 illos
829 3851 1298 3922 quidcmesticos
1316 3851 1768 3922 lares,hostibus

125 3940 408 4010 insessos,
442 3939 750 4012 designare
772 3939 870 3994 ubi
894 3939 1131 3994 tandem
1157 3944 1354 3995 essent
1382 3943 1617 3998 nonnisi
1639 3958 1769 4015 geo-

129 4029 408 4101 graphica
441 4029 604 4085 radio
625 4045 694 4084 ex
724 4028 947 4083 ratione
991 4032 1285 4083 astrorum
1325 4029 1542 4099 quibus
1573 4037 1770 4087 essent

126 4119 417 4190 suppositi
452 4118 728 4185 valerent,
764 4118 1152 4188 incongruum
1177 4117 1610 4190 absurdumque
1640 4137 1768 4177 esse

125 4207 343 4278 reliqua
395 4212 561 4263 tanto
595 4208 794 4262 minus
827 4206 1120 4278 praecipua
1177 4207 1405 4276 imperii
1438 4209 1698 4265 membra
1738 4227 1770 4265 a

122 4296 524 4353 detinentibus
555 4295 1021 4368 resposcere.0ui
1046 4296 1299 4350 maxime
1318 4297 1616 4364 nodusjne
1637 4303 1771 4355 ante

125 4401 224 4440 nos
253 4386 683 4459 imperantium
713 4384 950 4441 multiet
982 4383 1422 4456 magnilabores
1444 4386 1768 4458 quidquam

125 4474 440 4531 admodum
457 4475 808 4547 proﬁcerent
827 4474 1074 4541 obstitit,
1098 4474 1252 4529 idem
1279 4480 1506 4531 nostros
1538 4493 1771 4548 quoque

127 4579 234 4620 non
267 4581 493 4634 paucos
528 4581 630 4636 pro
662 4568 877 4620 nostra:
911 4563 1204 4619 facultatis
1236 4565 1473 4620 modulo
1497 4556 1592 4622 his
1621 4572 1772 4622 retro

127 4652 330 4710 diebus
365 4657 630 4710 tcntatos
689 4657 938 4709 conatus
988 4668 1185 4708 cassos
1231 4654 1436 4709 effectu
1497 4655 1770 4710 reddidit.

1893 1949 2032 2006 εἶδον
2080 1954 2142 2007 τὸ
2193 1958 2289 2008 τοῦ
2338 1960 2471 2010 Θεοῦ
2529 1955 2704 2026 ἕλεος,
2754 1957 2878 2012 ἀλλ’
2927 1960 3061 2029 ἡμῖν
3106 1955 3235 2012 ἰδεῖν
3287 1959 3528 2032 γέγονεν,

1891 2042 2032 2105 υἱοῖς
2085 2041 2297 2098 ἐκείνων
2354 2066 2412 2117 γε
2469 2043 2634 2102 οὖσιν.
2700 2047 2761 2101 οὐ
2821 2047 2922 2121 γὰρ
2981 2046 3326 2122 προσώποις,
3389 2045 3534 2101 ἀλλὰ

1887 2132 2093 2204 γένεσιν
2150 2132 2201 2195 ἒς
2253 2134 2316 2186 τὰ
2379 2134 2614 2205 μάλιστα
2663 2136 2752 2190 καὶ
2800 2137 2897 2203 τήν
2947 2134 3244 2210 εὐεργεσίαν
3297 2135 3385 2189 καὶ
3431 2138 3532 2203 τήν

1882 2219 2151 2292 τιμωρίαν
2214 2226 2310 2275 τοῦ
2368 2228 2500 2277 Θεοῦ
2567 2223 2842 2299 γενέσθαι.
2919 2227 3078 2278 Τοῦτ’
3129 2223 3378 2298 ἐπράχθη
3441 2225 3528 2278 καὶ

1883 2307 1971 2363 ἐπὶ
2018 2314 2125 2363 τῶν
2175 2310 2361 2367 πάλαι.
2421 2314 2525 2368 Καὶ
2572 2318 2688 2377 τοῖς
2744 2315 3006 2389 πατράσιν
3067 2312 3529 2388 ἐπαγγειλάμενος

1880 2399 1978 2467 τὴν
2032 2398 2238 2473 ἀγαθὴν
2288 2407 2390 2475 γῆν
2443 2401 2649 2474 ἐκείνην
2697 2403 2796 2472 τὴν
2838 2401 3007 2458 πάλαι
3060 2401 3524 2477 προκγγελοεῖσαν

1881 2601 1993 2657 bus
2029 2603 2174 2660 freto
2226 2603 2606 2662 validissimis
2638 2614 2691 2661 et
2738 2608 3001 2662 omnium
3041 2607 3168 2677 ejus
3200 2606 3524 2664 incolarum

1882 2690 2180 2762 ingentem
2215 2691 2351 2749 licet
2381 2695 2824 2751 multitudinem
2859 2712 3102 2752 numero
3137 2695 3307 2768 longe
3349 2715 3525 2770 supe-

1884 2781 2153 2836 rantibus
2198 2788 2608 2855 oppugnantes
2659 2784 2841 2856 copiis
2893 2802 2951 2841 re
2995 2786 3211 2842 infecta
3258 2788 3526 2843 recedere

1882 2883 2243 2940 cogeremur,
2290 2871 2390 2941 qui
2442 2870 2600 2927 aliud
2655 2872 2764 2928 fuit
2812 2889 2989 2944 quam
3038 2873 3140 2929 Dei
3205 2874 3528 2931 admonitio

1885 2955 2235 3014 declarantis
2276 2976 2448 3015 suum
2478 2960 2536 3015 id
2571 2959 2754 3017 solius
2785 2979 2934 3033 opus
2964 2977 3093 3018 esse
3127 2979 3244 3018 suae
3297 2965 3528 3019 miseri-

1886 3047 2094 3102 cordiae
2127 3054 2510 3116 reservatum,
2545 3050 2682 3105 dare
2714 3052 2948 3121 quando
2979 3057 3035 3107 et
3068 3051 3161 3106 cui
3191 3051 3532 3123 dignabitur

1882 3140 2115 3191 tantum
2149 3136 2305 3192 istud
2339 3138 2520 3193 decus
2549 3139 2717 3208 regiae
2765 3141 3172 3212 recuperanda
3224 3142 3475 3197 civitatis
3510 3146 3532 3198 Ρ

1886 3226 2044 3283 Istud
2078 3242 2215 3298 ergo
2247 3227 2345 3282 diu
2380 3228 2688 3300 suspirata;
2713 3228 3127 3284 misericordiae
3161 3237 3525 3287 momentum

1884 3332 2016 3372 ecce
2046 3333 2202 3372 nunc
2232 3316 2465 3372 beatum
2497 3323 2554 3372 et
2584 3318 2880 3374 fortunata
2909 3319 3032 3374 (lies
3071 3318 3278 3387 illuxit,
3328 3322 3521 3388 nobis,

1870 3405 2023 3475 quod
2057 3405 2272 3461 mirum
2307 3412 2416 3472 est,
2443 3407 2892 3479 imperantibus,
2927 3409 3029 3480 qui
3063 3409 3205 3464 nihil
3240 3412 3296 3465 in
3349 3413 3519 3469 nobis

1869 3494 2008 3550 boni
2040 3496 2418 3566 agnoscimus
2450 3513 2564 3568 quo
2600 3502 2826 3554 tantum
2857 3498 3204 3554 beneﬁcium
3267 3517 3515 3556 merere-

1870 3600 2025 3639 mur.
2059 3586 2248 3650 Quare
2271 3589 2422 3641 totos
2446 3602 2552 3641 nos
2586 3587 2646 3641 in
2677 3589 3000 3657 gratiarum
3034 3587 3294 3644 actiones
3333 3591 3517 3645 eﬂ‘un-

1871 3673 2009 3728 dere
2031 3673 2262 3742 justum
2295 3679 2384 3728 est
2415 3681 2646 3746 recepta
2678 3675 2860 3747 patria
2892 3695 2905 3743 ;
2957 3676 3046 3733 fas
3098 3677 3273 3733 etiam
3319 3694 3518 3749 spera-

1877 3777 1960 3831 re,
1993 3759 2149 3815 sicut
2173 3777 2242 3817 ea
2299 3763 2599 3833 quondam
2651 3762 2896 3819 cadente
2937 3766 3144 3818 cetera
3184 3766 3307 3834 pari
3350 3767 3518 3822 ruina

1873 3848 2364 3920 conciderunt,ita
2384 3851 2586 3906 eadem
2612 3851 2668 3906 in
2695 3851 3009 3922 pristinum
3052 3851 3224 3908 modo
3250 3861 3520 3911 revocata

1874 3943 2092 3995 statum
2154 3939 2378 4012 reliqua
2423 3941 2700 3998 similiter
2747 3959 2875 4015 quaa
2933 3943 3128 4000 afﬁcta
3177 3944 3409 4002 fuerant
3459 3948 3518 4002 in

1876 4029 2171 4084 fortunam
2198 4031 2562 4086 restituenda
2585 4030 2908 4086 meliorem.
2933 4031 3078 4088 Nam
3113 4032 3378 4090 divinum
3415 4053 3521 4092 nos

1875 4121 2188 4189 protegens
2220 4118 2588 4190 injuriasque
2615 4119 2784 4175 nobis
2815 4119 3000 4176 factae
3033 4121 3324 4179 ulciscens
3345 4125 3510 4195 judi-

1876 4210 2056 4275 cium,
2089 4210 2240 4280 quod
2272 4227 2304 4265 a
2336 4212 2554 4266 nostris
2585 4212 2754 4283 quasi
2788 4212 3057 4284 partibus
3084 4213 3364 4271 deficiens
3412 4234 3520 4273 nos

1876 4298 2205 4354 deseruisse
2223 4298 2552 4366 videbatur,
2576 4299 2793 4355 iterum
2838 4316 2907 4355 ex
2947 4301 3057 4357 hoc
3095 4303 3382 4374 principio
3404 4306 3520 4362 vim

1877 4403 2042 4442 suam
2075 4387 2132 4442 in
2158 4392 2425 4444 nostrum
2455 4389 2842 4461 patrocinium
2869 4406 3049 4460 seque
3081 4390 3277 4447 favens
3296 4410 3360 4449 ac
3385 4411 3520 4466 pro-

1880 4475 2088 4548 pitium
2117 4481 2326 4533 nostris
2357 4493 2548 4533 cauere
2575 4478 2862 4549 adjungit.
2897 4478 3084 4542 Quare
3108 4482 3363 4551 plurium
3389 4485 3524 4540 isto-

1880 4581 2010 4620 rum
2044 4582 2149 4621 nos
2178 4566 2436 4638 supurbe
2492 4568 2652 4636 prius
2687 4567 3127 4638 dvscipientiam
3160 4569 3272 4625 illa;
3327 4574 3523 4630 ardueu

1879 4654 2298 4725 indomitisque
2318 4656 2570 4711 cervices
2593 4656 2716 4728 (Dei
2741 4656 2923 4711 fretus
2947 4657 3164 4713 auxilio
3187 4661 3269 4715 sic
3293 4660 3523 4735 loquor;

128 4742 280 4806 Quod
316 4760 494 4816 porro
529 4743 849 4800 novissime
869 4758 1026 4798 nunc
1058 4742 1292 4810 accidit,
1317 4744 1533 4799 multos
1555 4761 1772 4802 accres-
1807 4725 1852 4789 D
1885 4744 2230 4815 frangentur
2261 4725 2771 4818 inflectenturque,
2808 4748 3006 4812 velint,
3059 4748 3264 4809 nolint.
3295 4751 3350 4806 in
3373 4725 3522 4811 sub;

130 4847 235 4902 que
266 4833 551 4889 custodes
583 4831 965 4905 amplissimae
1013 4831 1596 4904 opulentissimaeque
1631 4835 1770 4890 civi-

127 4920 260 4977 tatis
285 4923 510 4978 frnstra
539 4921 835 4994 vigilasse,
868 4925 926 4976 et
952 4920 1211 4976 hostium
1243 4921 1512 4977 reducem
1554 4924 1770 4979 exerci-

128 5012 248 5064 tum
313 5010 397 5066 rei
459 5014 587 5065 tum
639 5009 831 5065 adhuc
875 5009 1187 5081 gerebatur
1241 5011 1769 5081 supervenientem,

126 5098 377 5171 recipere
410 5098 577 5155 illam
598 5115 804 5155 rursus
835 5091 1123 5168 ejiciendo
1143 5113 1361 5169 paucos
1383 5115 1412 5153 e
1433 5101 1646 5156 nostris
1670 5101 1770 5173 qui

127 5185 180 5240 ia
201 5204 329 5244 eam
362 5193 744 5262 penetrarent
771 5186 1170 5259 nequidquam
1194 5190 1592 5246 conatusl55
1620 5205 1770 5258 esse,

125 5277 218 5332 Dei
261 5279 523 5350 profecto
585 5277 960 5351 potissimum
1012 5292 1160 5348 opus
1208 5281 1316 5348 est,
1377 5278 1479 5349 qui
1528 5280 1688 5335 novit
1717 5285 1774 5335 et

127 5367 448 5437 periclitari
477 5370 693 5435 visam,
739 5371 1041 5438 utcunque
1090 5367 1432 5423 destitutam
1474 5369 1770 5440 praesidio,

127 5457 420 5514 custodire
453 5457 775 5525 civitatem,
797 5461 856 5512 et
883 5456 1151 5512 eamdem
1175 5455 1561 5513 validissimis
1579 5474 1770 5514 arma-

129 5551 316 5603 torum
371 5547 682 5606 defensam
739 5545 1104 5615 cohortibus,
1140 5544 1201 5600 in
1253 5561 1466 5603 manus
1515 5547 1772 5604 hostium

128 5638 355 5696 tradere
384 5655 523 5696 cum
573 5637 736 5694 libet.
769 5635 918 5695 Nam
970 5633 1126 5706 quod
1178 5650 1369 5707 nuper
1393 5637 1654 5709 contigit,
1708 5643 1773 5695 ut

130 5729 392 5788 eamdem
426 5745 538 5788 nos
569 5725 775 5786 urbem
807 5725 1048 5799 trajecta
1077 5725 1464 5783 totarumnis
1485 5730 1542 5783 et
1562 5725 1772 5784 labori-

1873 4834 2190 4904 jectionem
2223 4834 2704 4891 demisissimam.
2738 4840 2871 4890 Hec
2903 4835 3150 4892 felicitas
3181 4843 3524 4900 servabatur

1880 4921 2074 4987 nobis,
2103 4927 2168 4977 ut
2198 4938 2305 4979 usu
2337 4924 2582 4995 visuque
2613 4923 3016 4996 experiremur
3045 4928 3294 4998 gratiam
3345 4933 3518 4989 mise-

1880 5011 2066 5066 rantis
2096 5011 2194 5066 Dei
2232 5029 2244 5066 :
2285 5013 2552 5084 patribus
2584 5015 2800 5069 nostris
2839 5013 2986 5069 tanti
3046 5015 3271 5074 fructus
3319 5024 3518 5092 gaudii

1881 5106 2124 5172 negatus
2155 5104 2264 5168 est,
2289 5101 2458 5157 nobis
2491 5102 2693 5173 utique
2726 5101 2863 5157 filiis
2884 5120 3086 5158 eorum
3115 5106 3346 5164 abunde
3368 5127 3526 5168 nunc

1879 5188 2294 5261 cumulateque
2345 5195 2816 5262 repraesentatus.
2871 5191 2995 5247 Non
3050 5193 3205 5250 enim
3256 5204 3526 5269 personis

1881 5278 2154 5351 singulis,
2182 5281 2284 5336 sed
2313 5281 2629 5352 generibus
2662 5286 2828 5337 stataa
2867 5282 3022 5337 vices
3071 5285 3312 5343 alternis
3363 5307 3523 5348 com-

1881 5369 2201 5424 meantium
2237 5369 2294 5425 in
2324 5371 2498 5426 vitam
2533 5364 2838 5426 hominum
2864 5370 3279 5431 beneficiorum
3296 5383 3352 5433 et
3381 5397 3524 5454 sup-

1881 5457 2191 5529 pliciorum
2223 5458 2430 5514 divinis
2471 5460 2852 5531 providentiae
2885 5460 3044 5514 reddi
3078 5461 3524 5527 solent.Hocita

1881 5548 2098 5604 factum
2156 5550 2312 5605 156
2340 5565 2576 5606 cernere
2629 5550 2764 5606 licet
2810 5558 2864 5605 et
2912 5549 2971 5605 in
3035 5553 3316 5626 antiquis.
3375 5559 3522 5619 Nam

1881 5640 2234 5712 promissum
2268 5641 2534 5713 patribus
2566 5639 2794 5698 felicem
2832 5644 3070 5711 terram,
3117 5643 3342 5704 dudum
3383 5667 3524 5720 pre-

1882 5730 2215 5788 nuntiatam
2269 5730 2599 5789 Ahrahamo
2647 5736 2929 5805 tanquam
2999 5734 3195 5791 statim
3265 5737 3518 5800 dandam
