4246 6446
655 400 766 457 595

1956 405 2256 462 GEORGII
2294 405 2758 464 PACHYMRBB

3965 409 4081 464 596

656 528 739 596 τῷ
787 517 1063 595 ⁹Λϐραιὶμ,
1112 521 1187 585 ὡς
1234 519 1425 578 αὐτίκα
1471 528 1572 592 τῆς
1619 522 1898 598 Αἰγύπτου
1945 525 2308 600 ἀπαλλαγεῖσι
2337 529 2388 596 Α
2423 547 2590 593 σεται,
2621 526 2785 584 πόλιν
2817 528 2937 585 ἀντὶ
2995 526 3306 603 πολιχνίων
3350 527 3715 605 αἱρουμένων,
3745 531 3844 598 τὴν
3898 525 4080 603 ὄνομα

658 607 1006 685 ληψομένοις
1058 607 1303 678 ἐκείνην,
1337 610 1365 663 ὁ
1397 607 1454 663 δὲ
1501 608 1718 665 ἐκείνων
1764 613 1860 684 μὲν
1907 613 1995 668 ἐπὶ
2042 621 2142 683 τῆς
2185 613 2309 688 ἐρή-

663 720 768 772 μου
798 703 980 752 πεσεῖν
1027 696 1094 751 τά
1143 695 1274 751 ὀστᾶ
1330 700 1714 773 παρεσκεύασε,
1755 707 1872 762 τοῖς
1906 699 1950 756 δ’
2000 702 2134 757 υἱέσι
2161 701 2311 770 πλη-

663 793 754 861 ροῖ
799 788 900 855 τήν
952 783 1308 862 ἐπαγγελίαν,
1357 787 1447 840 καὶ
1508 785 1569 841 οὒ
1612 785 1855 844 διέπεσεν
1905 794 1939 860 ἡ
1992 792 2307 865 ὑπόσχεσις.

661 877 821 934 Οὕτω
854 873 1083 938 δικαίοις
1131 876 1350 950 μέτροις
1405 876 1496 930 καὶ
1547 878 1808 949 σταθμοῖς
1840 879 1894 932 αἱ
1926 885 2062 943 θεῖαι
2094 880 2312 955 πράξεις

662 966 1102 1038 οἶκονομοῦνται,
1165 964 1366 1040 Καιρὸς
1434 969 1565 1038 γοῦν
1639 973 1907 1038 μετοικεῖν
1975 969 2309 1043 προστάσσον

661 1076 758 1118 τος
821 1058 919 1110 τοῦ
972 1057 1130 1126 Θεοῦ,
1185 1052 1245 1107 οὐ
1310 1051 1602 1115 σκιαδείοις
1633 1053 1693 1109 ἐκ
1723 1054 1950 1130 φύλλων
2009 1057 2061 1112 ἐν
2092 1057 2313 1131 λαμπή·

661 1165 782 1206 ναις
832 1144 1023 1217 (ταῦτα
1053 1143 1154 1216 γὰρ
1214 1144 1349 1210 ἦσαν
1405 1142 1467 1196 τὸ
1522 1142 1735 1214 πάλαι),
1769 1143 1915 1200 ἀλλὰ
1960 1146 2313 1220 σκεπομένοις

661 1234 852 1308 χάριτι
883 1235 980 1286 τοῦ
1033 1234 1187 1286 Θεοῦ.
1249 1231 1356 1285 Καὶ
1393 1227 1458 1300 δὴ
1519 1230 1568 1300 ἐξ
1622 1231 1788 1302 αὐτῆς
1849 1234 1961 1306 ἅμα
2016 1236 2313 1307 πεμπέσθω

658 1341 742 1382 τις
798 1324 906 1375 τῶν
959 1317 1272 1395 ἀρχόντων,
1325 1319 1415 1373 καὶ
1473 1315 1799 1393 λαμϐανέτω
1855 1322 1983 1385 τοὺς
2032 1322 2215 1386 οἷ’κους
2263 1326 2314 1380 οἱ

661 1408 910 1465 πανοικεὶ
962 1410 1308 1478 κατοικήσει.
1374 1407 1433 1465 Εἰ
1510 1410 1604 1482 μὲν
1669 1407 1959 1484 συμϐαίνοι
2023 1413 2152 1475 τοὺς
2207 1435 2315 1469 πα-

660 1498 846 1573 τρίους
892 1497 1026 1551 εἶναι
1084 1497 1176 1551 καὶ
1235 1496 1362 1559 τοὺς
1421 1502 1518 1552 τοῦ
1566 1500 1755 1573 γένους
1812 1503 2093 1576 περιόντας
2126 1501 2225 1571 ἔτι,
2258 1501 2315 1558 εὖ

663 1587 722 1643 ἂν
757 1588 980 1662 σχήσοιο
1029 1585 1073 1639 εἰ
1124 1583 1168 1640 δ’
1223 1586 1338 1658 οὖν,
1384 1585 1527 1642 ἀλλά
1582 1609 1667 1649 τις
1706 1586 2010 1662 ἐκλεγὲσθω
2056 1591 2183 1654 τοὺς
2216 1593 2314 1667 ἁρ-

670 1673 918 1750 μοδίους.
975 1677 1180 1750 Ἐχρῆν
1240 1675 1343 1749 γὰρ
1407 1679 1540 1730 Θεοῦ
1599 1674 1845 1742 διδόντος
1894 1681 1972 1752 [Ρ.
2038 1682 2158 1750 101]
2215 1683 2314 1750 τὴν

628 1765 826 1842 δγάριν
883 1765 1019 1819 κατὰ
1077 1765 1284 1837 νόμους
1343 1763 1548 1820 ἐκείνου
1597 1773 1772 1821 ποιεῖν
1821 1768 1908 1822 καὶ
1958 1768 2316 1847 προσφιλοτι-

2417 612 2651 691 ἔχουσαν
2676 623 2786 674 τῶν
2837 617 3138 691 ἀνωνύμων
3168 619 3256 672 καὶ
3312 616 3571 674 εύτελων.
3606 619 3688 675 Οὐ
3742 620 3850 691 μὴν
3897 617 3953 673 δὶ
3981 618 4076 674 καί

2417 708 2851 783 καταφρονητέον
2899 712 3007 762 τῶν
3060 705 3212 780 τῇδε·
3275 706 3547 784 ἀσφάλεια
3603 707 3707 781 γὰρ
3752 711 3860 762 τῶν
3920 707 4073 770 ἐντὸς

2421 795 2673 868 μεγίστη,
2706 794 2759 863 εἴ
2799 796 2866 850 τὰ
2915 794 3106 868 κύκλῳ
3159 796 3346 869 φεύγοι
3401 796 3498 850 τὸν
3561 797 3754 851 σάλον.
3806 800 3983 852 Ταῦτα
4013 795 4075 852 δὲ

2415 884 2509 936 τὸν
2540 881 2706 937 σάλον
2753 884 3066 958 φευξοῦνται
3116 882 3557 957 πολυωρούντων
3605 889 3714 938 τῶν
3760 883 4071 960 οἷ’κητόρων

2418 971 2530 1042 ἅμα
2558 977 2675 1034 τοῖς
2728 972 3104 1046 πεμπομένοις
3151 973 3436 1048 ἄρχουσιν.
3493 970 3668 1028 Ἀλλὰ
3712 975 3778 1027 τὰ
3812 975 3905 1047 μὶν
3933 981 4076 1029 κατὰ

2418 1061 2596 1134 καιρὶν
2652 1061 2741 1115 καὶ
2803 1061 3169 1136 λεχθήσονται
3251 1063 3339 1115 καὶ
3419 1063 3870 1136 πραχθήσονται,
3936 1068 4074 1119 Θεοῦ

2420 1149 2814 1223 συναιρομένου
2873 1148 2942 1205 δι’
3003 1149 3156 1210 ἔλεος
3192 1168 3205 1182 ⁸
3267 1153 3360 1204 νῦν
3431 1147 3479 1204 δ’
3533 1149 3810 1212 κάκείνοις
3866 1149 3936 1206 δι’
3997 1150 4076 1205 ὧν

2420 1236 2761 1314 ἐπεμετρήθη
2811 1242 2949 1311 ἡμῖν
3008 1242 3043 1308 ἡ
3104 1238 3268 1314 χάρις
3328 1239 3441 1311 (καὶ
3497 1238 3601 1313 γὰρ
3660 1236 3894 1313 δίκαιον)
3937 1242 4076 1316 γρά-

2422 1346 2614 1399 φοντες
2640 1329 2706 1381 τὰ
2733 1326 2914 1382 εἰκότα
2970 1325 3233 1400 δείξωμεν
3269 1327 3432 1402 χάριν
3491 1327 3671 1395 σφίσιν
3701 1325 3902 1391 εἰδότες
3939 1331 4076 1402 μετᾶ

2422 1415 2550 1470 Θεόν
2586 1439 2612 1466 ›)
2643 1421 2736 1488 Τῷ
2763 1437 2851 1472 τοι
2898 1416 2988 1471 καὶ
3034 1415 3093 1471 ἐκ
3138 1414 3236 1471 τοῦ
3284 1420 3633 1492 παραχρῆμα
3679 1416 3888 1472 κελεύει
3933 1438 4075 1492 γρα-

2422 1512 2588 1582 φῆναι
2637 1505 2704 1560 τὰ
2760 1509 3114 1582 χαριστήρια,
3147 1505 3434 1581 ἐκλέγεται
3493 1503 3551 1560 δὲ
3575 1505 3666 1561 καὶ
3697 1509 3780 1568 οἷς
3810 1505 3870 1561 ἄν
3927 1527 4072 1579 πεμ-

2422 1601 2599 1671 φθεῖσι
2628 1595 2727 1664 τήν
2775 1594 3185 1671 κληροδότησιν
3219 1595 3504 1668 ἐπιτρέψοι
3553 1599 3660 1649 τῶν
3715 1597 4072 1669 μεγιστάνων.

2421 1688 2545 1745 Τοῖς
2575 1685 2679 1759 γὰρ
2710 1683 2948 1747 πολλοῖς
2995 1707 3058 1761 γε
3102 1686 3192 1739 καὶ
3243 1680 3578 1739 ἀνεϐάλλετο
3607 1685 3672 1739 τὸ
3703 1681 3931 1754 διδόναι,
3981 1687 4073 1740 καὶ

2420 1773 2691 1852 πρόφασις
2748 1774 2934 1848 ἐκείνῳ
2983 1777 3045 1830 τὸ
3076 1772 3166 1830 διὰ
3217 1776 3430 1843 σπάθης
3478 1772 3701 1836 ἑλόντος
3753 1772 3961 1846 μηδένα
3991 1780 4074 1830 ε’.-

665 1860 880 1928 μεῖσθαι
921 1855 990 1909 -τὸ
1047 1856 1212 1964 μέρᾳος
1265 1853 1493 1928 ἑκάστῳ.
1554 1855 1696 1914 Οὐδὲ
1752 1859 1852 1933 γὰρ
1907 1860 2040 1933 ἡμῖν
2106 1860 2315 1932 μόνοις,
2347 1884 2509 1964 Βναι
2536 1864 2627 1918 τὸν
2679 1861 2904 1928 δικαίως
2945 1863 3004 1919 ἂν
3062 1869 3170 1920 τῶν
3232 1862 3403 1920 ἰδίων.
3465 1862 3520 1918 εἴ
3567 1884 3673 1918 που
3711 1869 3952 1940 παρεῖεν,
3986 1864 4074 1919 ἐπὶ

669 1943 795 1964 ην
907 1943 1185 1964 ερ-ι
1397 1948 1580 1964 ...η
1731 1948 1881 1964 «Α-
2094 1949 2220 1964 ι..-
2460 1959 2487 1964 _
2661 1953 2697 1964 ..
2888 1954 2902 1964 .
3010 1953 3060 1964 ι,
3343 1958 3382 1964 --
3485 1959 3511 1964 _
3716 1952 3728 1964 .
3831 1948 3855 1964 ,ι
4006 1955 4017 1964 .

657 1943 805 1998 ἀλλᾶ
834 1944 923 1998 καὶ
959 1943 1084 2017 ὑμῖν
1135 1941 1344 2000 δίκαιον
1387 1948 1641 2021 ἡγεῖσθαι
1692 1948 1754 2002 τὸ
1788 1953 1940 2002 Θεῖον
1974 1949 2310 2025 χαρίζεσθαι·

655 2033 745 2088 καὶ
780 2032 959 2108 ὥσπερ
1007 2033 1067 2087 τὸ
1117 2032 1444 2112 ἀπερῥῖφθαι
1493 2037 1675 2091 κοινὸν
1724 2037 1787 2092 τὸ
1833 2045 1932 2107 τῆς
1985 2038 2156 2114 ὀργῆς
2194 2039 2306 2112 ἅμα

654 2124 866 2178 πίνουσι
915 2119 1102 2193 κόνδυ,
1138 2123 1283 2178 οὕτω
1336 2124 1427 2179 καὶ
1478 2126 1540 2179 τὸ
1581 2125 2032 2191 ἐπανακαλεῖσθαι
2077 2127 2303 2184 καθολι-

651 2212 746 2268 κὸν
795 2212 894 2281 τὴν
949 2211 1252 2288 εὑεργεσίαν
1309 2208 1702 2286 λαμϐάνουσιν.
1763 2218 2026 2290 Ἕψονται
2085 2215 2131 2271 δ’
2178 2218 2304 2294 ἑφε-

655 2301 753 2373 ξῆς
784 2299 973 2374 ἄλλοι,
1007 2301 1096 2355 καὶ
1129 2301 1272 2358 οὕτω
1319 2302 1483 2358 πάλιν
1516 2305 1576 2358 τὸ
1607 2306 1836 2360 κενωθέν
1888 2304 2297 2382 ἀναπληρωθή-

662 2508 928 2565 liberatis
956 2527 1025 2565 ex
1054 2513 1299 2582 Egypto
1331 2508 1519 2580 ipsius
1547 2509 1819 2581 posteris,
1852 2511 1909 2565 hi
1936 2511 2169 2582 quidem
2196 2529 2310 2567 non

665 2606 1021 2672 acceperunt
1050 2602 1110 2656 in
1144 2604 1371 2664 deserto
1406 2601 1647 2668 mortui,
1683 2603 1782 2656 sed
1834 2618 2036 2657 eorum
2077 2603 2312 2658 ossibus

664 2689 1170 2761 peregererelictis
1185 2689 1473 2745 feliciores
1498 2689 1733 2744 illorum
1763 2689 1864 2744 ﬁlii
1890 2691 2182 2762 desponsa
2196 2709 2312 2747 non

665 2778 916 2850 singulis
949 2779 1258 2850 quibusvis
1289 2779 1601 2850 capitibus,
1635 2780 1736 2835 sed
1776 2781 2094 2835 universim
2130 2783 2312 2836 lsrae-

665 2867 836 2923 liticaa
867 2869 1027 2939 genti
1056 2868 1393 2923 haereditate
1415 2869 1684 2923 adeunda
1707 2869 1880 2924 fidem
1905 2869 2311 2926 vaticiniorum

667 2957 1012 3025 liberarunt,
1048 2957 1474 3030 splendideque
1505 2958 1986 3014 demonstrarunt
2019 2960 2173 3015 haud
2207 2977 2312 3016 ex-

666 3047 882 3103 cidisse
911 3063 976 3103 ac
1007 3048 1077 3102 ad
1111 3051 1438 3102 extremum
1489 3064 1660 3103 cassa
1707 3053 1913 3103 eventu
1959 3051 2316 3106 remansisse

666 3141 955 3207 queeDeus
977 3137 1345 3208 praedixerat.
1371 3137 1666 3207 Sicjustis
1690 3139 1988 3194 mensuris
2015 3140 2317 3212 aequisque

2422 1959 2522 2022 τῆς
2602 1953 2820 2015 πόλεως
2878 1953 3232 2028 ἀνθεξόμενον
3268 1998 3280 2010 .
3343 1958 3612 2028 ΙΙεριῆσαν
3671 1952 3771 2028 γὰρ
3829 1948 3906 2008 ἔτι
3968 1955 4068 2008 οὐκ

2420 2041 2579 2116 ὀΛίγα
2620 2042 2710 2097 καὶ
2762 2048 2869 2098 τῶν
2918 2042 3224 2119 τυχόντων,
3259 2043 3310 2098 έν
3345 2043 3489 2097 ὀκτὼ
3541 2042 3732 2114 μόνοις
3780 2043 3918 2113 πρὸς
3947 2049 4070 2104 τοῖς

2415 2133 2749 2202 πεντήκοντα
2778 2131 2916 2187 ἔτεσι
2972 2132 3348 2207 κατεχομένης
3403 2139 3505 2200 τῆς
3565 2130 3782 2193 πόλεως
3812 2135 3930 2194 τοῖς
3965 2131 4071 2207 έχ-

2415 2221 2588 2294 Θροῖς.
2625 2222 2710 2276 Ἐν
2769 2223 2852 2283 οἷς
2907 2221 2998 2276 καὶ
3049 2221 3222 2277 πάντα
3259 2219 3318 2276 ἂν
3351 2227 3635 2295 περιῆσαν,
3692 2217 3802 2296 εἷ’γε
3833 2219 4062 2294 εἰρήνην

2413 2308 2566 2384 εἶχον
2625 2311 2762 2387 πρὸς
2818 2309 3054 2372 έκείνους
3107 2312 3159 2366 o't
3225 2310 3487 2386 βασιλεῖς·
3548 2308 3594 2364 εἰ
3651 2307 3750 2385 γὰρ
3809 2310 3887 2381 μὴ
3947 2315 4059 2365 τῶν

2424 2515 2598 2587 regiae
2620 2515 2962 2588 inclytaeque
2992 2516 3363 2587 splendorem
3399 2515 3653 2571 civitatis
3683 2517 4074 2572 obscurorum

2422 2608 2479 2658 et
2509 2605 2634 2660 sine
2664 2605 2902 2661 nomine
2934 2605 3351 2677 oppidulorum
3387 2605 3679 2676 angustiis
3707 2610 3765 2660 et
3792 2605 4077 2661 sordibus

2423 2695 2715 2764 praeferre.
2748 2695 2894 2750 Nam
2925 2698 3121 2750 tamen
3154 2694 3274 2750 haec
3305 2693 3407 2749 ubi
3439 2709 3595 2749 nunc
3643 2710 3858 2754 sumus
3908 2711 4077 2765 sper-

2424 2783 2616 2838 nenda
2639 2788 2741 2839 aut
2776 2784 3010 2856 penitus
3035 2783 3425 2854 relinquenda
3445 2783 3758 2838 sunt.Nam
3783 2787 3849 2838 ut
3879 2784 4080 2839 media

2424 2876 2553 2925 tuta
2584 2872 2724 2936 sint,
2757 2872 3135 2944 circumjecta
3157 2877 3299 2928 sunt
3329 2872 3547 2928 tuenda
3575 2891 3588 2940 ;
3623 2887 3730 2927 nec
3762 2875 3955 2944 potest
3982 2888 4078 2927 se-

2424 2959 2648 3015 curitas
2697 2960 2860 3016 intus
2891 2977 3040 3032 esse,
3075 2962 3124 3016 si
3185 2961 3475 3017 exteriora
3534 2959 3593 3014 in
3643 2959 3904 3015 tumultu
3936 2961 4080 3015 sint.

2427 3050 2833 3105 Providebitur
2873 3055 3068 3107 autem
3123 3055 3187 3106 ut
3217 3050 3341 3106 hac
3369 3049 3427 3105 in
3471 3065 3610 3121 pace
3641 3049 4082 3114 contineantur,

2425 3143 2552 3193 tum
2588 3138 2927 3195 colonorum
2965 3140 3060 3195 hic
3108 3140 3441 3196 relictorum
3476 3144 3533 3194 et
3581 3155 3690 3194 sua
3737 3139 4085 3194 curantium

666 3226 1026 3327 ponderibus
1057 3226 1265 3327 divinae
1297 3242 1532 3297 semper
1571 3226 1993 3327 dispensentur
2030 3231 2314 3299 operatio-
2349 3259 2393 3327 α
2434 3228 2548 3283 ﬁda
2579 3229 2867 3295 custodia,
2890 3233 3018 3285 tum
3050 3230 3362 3300 adjuvante
3392 3226 3938 3327 atqueinvigilante
3960 3244 4088 3327 pro:

666 3331 791 3371 nes.
825 3319 1077 3387 Tempus
1132 3315 1316 3387 igitur
1346 3331 1502 3370 nunc
1531 3322 1621 3371 est
1666 3316 1914 3386 jubente
1946 3317 2081 3384 Deo,
2109 3323 2173 3373 ut
2203 3336 2318 3375 non

671 3403 1035 3460 umbraculis
1066 3404 1344 3481 foliorum
1375 3409 1477 3460 aut
1503 3421 1803 3460 ramorum
1827 3407 2058 3478 attegiis
2091 3416 2319 3478 prolec-

671 3495 715 3548 ti
750 3509 1026 3564 pompam
1059 3491 1362 3549 curalibus
1395 3494 1793 3548 tabernaculis
1818 3494 2024 3550 festam
2056 3497 2319 3552 traduca-

674 3599 807 3638 mus
830 3582 910 3654 (id
946 3588 1072 3638 erat
1102 3583 1312 3638 veteris
1334 3583 1460 3653 jam
1492 3582 1784 3653 antiquati
1819 3584 2043 3653 moris),
2067 3587 2168 3641 sed
2221 3604 2314 3642 or-

667 3670 1757 3743 natiDeigratiacelebremuslaetitiam
1791 3690 1968 3744 quam
2003 3675 2129 3745 ipse
2158 3675 2315 3742 fecit,

667 3765 845 3832 atque
875 3763 1020 3817 adeo
1043 3761 1170 3832 jam
1201 3777 1358 3817 nunc
1391 3761 1786 3833 praemittatur
1810 3763 1866 3817 in
1886 3763 2087 3820 urbem
2103 3765 2314 3833 aliquis

665 3850 996 3922 principum
1048 3853 1300 3905 metator
1347 3851 1656 3906 domorum
1706 3852 2018 3922 avitarum,
2061 3854 2118 3909 in
2165 3871 2316 3925 quas

664 3957 878 3996 sumus
931 3939 1269 4011 migraturi.
1326 3940 1392 3994 Et
1441 3939 1736 4010 siquidem
1788 3940 1920 3997 illas
1961 3943 2122 4012 ipsas
2171 3960 2316 4014 quas

662 4036 862 4100 patres
891 4028 1267 4084 incoluerunt
1298 4028 1664 4085 hereditario
1697 4031 2057 4102 cuiquejure
2088 4033 2316 4089 debitas

663 4119 906 4175 idoneas
936 4118 1240 4188 repererit,
1273 4117 1423 4173 bene
1473 4118 1752 4174 habebit:
1781 4120 1868 4174 sin
1929 4137 2085 4187 vero,
2137 4138 2312 4192 quas-

664 4223 900 4279 cunque
953 4211 1121 4279 aptas
1171 4207 1443 4274 inveniet,
1479 4213 1642 4279 paret
1674 4225 1776 4279 pro
1823 4214 2104 4278 tempore.
2147 4210 2315 4266 Decet

663 4295 824 4352 enim
849 4296 1105 4352 nostiam
1139 4294 1428 4367 singulari
1461 4297 1553 4351 Dei
1589 4297 1874 4352 beneﬁcio
1907 4298 2145 4354 aii'ectos
2177 4299 2315 4370 legi-

663 4387 845 4466 timas
875 4385 928 4440 ei
961 4387 1018 4441 in
1051 4385 1180 4456 ipsa
1211 4384 1313 4440 illa
1343 4402 1523 4456 quam
1575 4384 1986 4442 liberalissime
2025 4389 2314 4444 concessit

660 4474 934 4530 Ecclesiae
954 4479 1012 4530 et
1041 4473 1275 4546 imperii
1307 4473 1614 4546 metropoli
1635 4476 1856 4546 gratias
1871 4492 2064 4547 agere,
2089 4493 2154 4531 ac
2175 4492 2309 4532 cum

659 4581 750 4630 eo,
772 4568 836 4619 ut
865 4563 1177 4619 divinalex
1200 4563 1393 4634 jubet,
1437 4562 1496 4617 in
1531 4581 1640 4618 sua
1671 4581 1967 4636 quemque
2021 4564 2312 4636 postlimi-

658 4654 755 4710 nio
803 4653 1103 4709 reducere.
1136 4657 1263 4708 Non
1326 4653 1480 4707 enim
1542 4652 1712 4708 nobis
1774 4653 1938 4720 solis,
1988 4655 2090 4709 sed
2149 4654 2312 4710 vobis
2344 4628 2389 4693 D

657 4744 831 4801 etiam
856 4748 913 4798 et
942 4748 1204 4798 vestrum
1239 4742 1459 4796 viritim
1492 4746 1548 4796 et
1578 4742 1830 4814 singulis
1861 4743 2179 4815 gratiﬁcari
2205 4744 2312 4800 hoc

664 4833 817 4888 miro
851 4840 1060 4889 eventu
1091 4831 1274 4887 Deum
1327 4830 1587 4887 voluisse
1640 4833 1968 4903 putandum
2003 4837 2111 4889 est.
2161 4834 2310 4897 Quin

659 4921 817 4977 sicut
848 4921 1241 4977 communiter
1273 4920 1342 4974 ad
1376 4937 1582 4976 omnes
1604 4920 2151 4993 imperantesjuxta
2172 4923 2311 4978 sub-

661 5011 939 5082 ditosque
969 5008 1255 5082 pertinuit
1285 5008 1650 5081 expulsionis
1681 5026 1711 5065 e
1741 5011 1932 5082 patria
1983 5011 2308 5080 calamitas,

654 5105 830 5172 atque
891 5101 950 5155 in
1013 5098 1193 5155 calice
1255 5098 1352 5153 irae
1401 5098 1502 5154 Dei
1553 5116 1657 5170 per
1713 5117 1918 5156 omnes
1966 5101 2310 5157 circumlato

652 5196 882 5261 partem
933 5189 1184 5262 quisque
1215 5205 1383 5244 suam
1421 5204 1638 5243 amarae
1670 5190 1928 5260 potionis
1962 5189 2195 5258 hausit,
2231 5192 2314 5246 ita

650 5282 924 5338 convenit
954 5286 1018 5337 ut
1048 5296 1342 5337 conversae
1375 5279 1435 5334 in
1459 5279 1672 5336 melius
1702 5280 1878 5336 sortis
1902 5286 1957 5336 et
1985 5283 2309 5338 exuberan-

647 5371 726 5426 tis
773 5371 909 5426 inde
957 5369 1169 5426 laetitia:
1213 5385 1388 5424 sensu
1425 5385 1630 5426 omnes
1670 5370 2119 5442 profundantur.
2166 5374 2310 5428 Post

651 5452 881 5524 primos
914 5452 1014 5524 qui
1052 5450 1191 5506 illuc
1223 5450 1690 5522 remigraverint,
1743 5457 2067 5522 sequentur
2099 5453 2303 5509 eodem

652 5559 761 5598 suo
797 5542 1009 5599 deinde
1039 5541 1244 5598 ordine
1275 5540 1508 5613 reliqui.
1544 5543 1612 5596 Et
1645 5542 1729 5597 sic
1760 5542 1974 5598 iterum
2020 5543 2306 5601 exhausta

649 5632 1062 5705 replebuntur,
1099 5646 1477 5702 unoquoque,
1521 5632 1673 5688 157
1738 5635 1802 5687 ut
1831 5648 1937 5703 psr
1968 5637 2078 5700 est,
2125 5649 2306 5704 preco-

650 5727 888 5796 platuro
941 5723 996 5777 in
1035 5721 1178 5777 urbe
1235 5737 1412 5792 quam
1473 5720 1532 5776 in
1567 5721 1911 5793 municipiis
1960 5723 2197 5794 degere,
2249 5729 2308 5780 et

2431 3320 2693 3376 videntia
2751 3320 3204 3392 magistratuum
3237 3335 3306 3375 ex
3337 3320 3480 3374 urbe
3509 3318 4084 3373 mittendorum.8ed

2429 3410 2551 3465 haec
2610 3427 2720 3466 suo
2777 3415 3040 3481 tempore
3070 3409 3381 3465 edicentur
3406 3411 3789 3480 agenturque,
3825 3411 3944 3462 Deo
3980 3424 4084 3478 pro

2426 3517 2536 3557 sua
2566 3500 2967 3556 misericordia
2997 3499 3168 3555 nobis
3201 3499 3516 3566 adfuturo;
3549 3512 3730 3563 nunc,
3792 3512 3923 3568 age,
3962 3495 4082 3552 illis

2427 3580 2647 3653 quibus
2677 3581 2748 3636 ad
2774 3584 3006 3637 tantum
3039 3578 3208 3635 nobis
3241 3577 3609 3649 largiendum
3633 3577 3856 3632 bonum
3877 3575 4084 3632 divina

2425 3671 2806 3729 beneficentia
2839 3669 3126 3726 ministris
3157 3685 3267 3724 usa
3298 3672 3410 3733 est,
3441 3670 3634 3736 grates
3656 3665 4080 3737 rependamus,

2425 3778 2572 3834 quas
2603 3778 2706 3834 per
2730 3765 2787 3818 et
2817 3775 3051 3832 aquam
3083 3761 3173 3814 est
3194 3756 3268 3812 iis
3291 3755 3489 3812 referri
3507 3755 3722 3826 quibus
3746 3755 4083 3810 secundum

2428 3853 2607 3907 Deum
2635 3851 2882 3907 debetur
2911 3866 2945 3905 a
2975 3845 3147 3902 nobis
3179 3845 3525 3917 plurimum.
3548 3863 3576 3895 ο
3615 3844 3734 3900 Sub
3767 3843 3880 3899 hoc
3944 3860 4084 3900 con-

2422 3937 2616 3991 festim
2671 3934 2944 4007 praecepit
2993 3935 3287 3991 conscribi
3347 3934 3685 3991 authentico
3755 3933 4088 4004 diplomate

2422 4026 2654 4080 decreta
2690 4024 3014 4080 victoribus
3069 4023 3347 4096 praemia:
3381 4021 3557 4094 elegit
3582 4021 3757 4078 etiam
3789 4038 3821 4076 e
3868 4038 4085 4093 proce-

2422 4114 2586 4169 ribus
2618 4129 2767 4185 quos
2798 4114 2869 4168 ad
2903 4113 3109 4169 urbem
3161 4113 3375 4168 missos
3418 4111 3500 4166 ibi
3549 4126 3802 4184 praesse
3845 4112 4089 4182 juberet

2420 4203 2820 4260 distributioni
2853 4204 3136 4259 domuum
3158 4206 3214 4258 et
3235 4207 3545 4268 terrarum,
3561 4207 3619 4256 et
3635 4200 3683 4257 si
3703 4217 3820 4272 qua
3845 4201 4087 4257 residua

2422 4311 2452 4350 e
2484 4295 2656 4350 bonis
2685 4293 2909 4350 caeteris
2938 4298 3125 4360 erant,
3152 4292 3504 4365 Optimatum
3539 4294 3751 4363 cuique
3799 4290 4085 4348 faciendae

2421 4401 2620 4440 rerum
2669 4383 2742 4439 ad
2802 4383 2965 4456 ipsos
3017 4400 3084 4439 ex
3134 4386 3378 4454 paterna
3423 4381 3645 4437 avitave
3698 4379 4082 4436 successione

2423 4472 2936 4543 hazreditariojure
2969 4471 3410 4542 pertinentium.
3445 4470 3848 4543 Optimatibus
3877 4474 4082 4528 autem

2421 4579 2578 4620 nunc
2627 4562 2866 4634 quidem
2917 4561 3060 4618 solis
3118 4561 3178 4616 in
3210 4577 3274 4617 eo
3329 4577 3542 4633 genere
3589 4559 3881 4632 providit:
3915 4558 4073 4632 plebi

2420 4657 2641 4726 pariter
2697 4651 3002 4709 consulere
3050 4649 3304 4717 distulit,
3356 4650 3414 4705 in
3474 4649 3672 4705 animo
3722 4648 3959 4704 habens
4027 4648 4082 4703 id

2420 4757 2666 4812 prorsus
2697 4743 2983 4809 omittere,
3019 4738 3182 4795 nullo
3214 4756 3277 4796 se
3308 4740 3378 4795 ad
3435 4739 3492 4794 id
3527 4738 3780 4810 astringi
3825 4736 4083 4810 justitiaz

2418 4830 2610 4888 ofﬁcio
2642 4831 3010 4900 existimans,
3045 4830 3199 4901 quod
3231 4829 3436 4886 urbem
3469 4829 3523 4885 vi
3555 4833 3611 4884 et
3660 4827 3846 4884 armis
3887 4843 4085 4897 recep-

2418 4922 2538 4975 tam
2559 4937 2626 4977 ex
2640 4921 2964 4992 hoste,jure
2990 4918 3126 4975 belli
3150 4924 3415 4992 spectare
3446 4917 3504 4973 in
3528 4917 3784 4974 solidum
3818 4916 3893 4971 ad
3923 4914 4082 4989 prin-

2419 5009 2608 5082 cipem
2669 5014 2727 5066 et
2760 5010 2818 5066 in
2871 5009 3131 5082 praedam
3163 5025 3230 5064 ac
3276 5008 3534 5064 fructum
3576 5005 3832 5063 victoria
3871 5007 4086 5062 cedere

2417 5117 2652 5172 equum
2685 5116 2814 5156 esse
2845 5100 3124 5166 duceret;
3161 5115 3278 5170 quo
3310 5099 3550 5154 nomine
3575 5099 3863 5168 quaestum
3922 5095 4079 5151 haud

2419 5190 2718 5245 modicum
2780 5190 2936 5246 fecit.
2987 5192 3348 5260 Supererant
3405 5188 3564 5244 enim
3596 5186 3788 5242 adhuc
3821 5201 3851 5242 s
3905 5184 4084 5241 bonis

2417 5279 2776 5351 privatorum
2804 5283 2862 5336 et
2886 5278 3193 5335 hominum
3219 5294 3250 5335 s
3270 5278 3440 5349 vulgo
3463 5294 3496 5332 a
3527 5275 3787 5332 dominis
3812 5273 4082 5345 antiquis

2417 5369 2808 5440 agnoscibilia
2839 5385 2951 5424 non
2986 5371 3276 5441 pauca,ut
3304 5366 3364 5423 in
3399 5367 3634 5423 civitate
3664 5369 3796 5423 octo
3820 5369 3880 5420 et
3911 5363 4082 5436 quin-

2416 5458 2704 5531 quaginta
2734 5458 2925 5514 solum
2962 5456 3134 5513 annis
3167 5457 3239 5512 ab
3268 5457 3543 5513 hostibus
3573 5456 3830 5512 detenta.
3861 5453 3928 5508 In
3963 5468 4078 5524 qua

2413 5547 2587 5619 plura
2633 5548 2811 5604 etiam
2871 5551 3048 5619 atque
3098 5547 3243 5602 adeo
3296 5551 3510 5602 cuncta
3570 5543 3855 5601 servanda
3909 5545 3970 5598 et
4017 5539 4074 5595 in

2418 5636 2609 5710 primo
2639 5641 2794 5694 statu
2829 5637 3012 5695 fuisse
3059 5635 3454 5708 relinquenda
3508 5632 3827 5692 verisimile
3876 5634 3988 5700 est,
4029 5629 4077 5685 si

2419 5727 2717 5801 principes
2768 5727 2870 5802 qui
2914 5730 3046 5800 post
3107 5726 3314 5783 urbem
3348 5743 3383 5783 a
3424 5725 3648 5782 Latinis
3680 5727 3914 5796 captam
3963 5725 4071 5776 Ro-
