4246 6446
176 386 182 390 ·
206 368 316 427 597

1273 361 1362 412 DE
1400 360 1773 416 MICHAELE
1812 363 2254 419 PALJEOLOGO
2294 367 2424 417 LIB.
2467 369 2536 418 Il.
3501 365 3606 418 508

222 479 518 551 πιτηδείων
547 480 608 536 ἐκ
639 485 748 536 τῶν
781 483 998 554 συχνῶν
1044 483 1242 554 μαχῶν
1300 480 1351 534 έν
1402 480 1588 535 σπάνει
1637 480 1844 556 έγένον-
1877 486 1931 553 Α
1961 486 2211 554 καθιστᾷν
2262 486 2326 540 τὸ
2382 482 2615 553 πλῆθος,
2646 485 2940 558 Ῥωμαίοις
3005 488 3098 558 μὲν
3150 487 3440 557 πιστεύων,
3473 490 3604 544 Ἰτα-

192 589 280 636 το,
321 569 420 624 οὐκ
448 567 508 622 ἃν
541 569 632 623 καὶ
663 573 770 622 τῶν
825 572 1149 638 θαυμαστῶν
1198 571 1341 621 ναῶν
1394 567 1657 636 ἥπτοντο.
1693 567 1846 636 Πλὴν

193 658 260 710 τὰ
301 657 417 725 ξένα
471 655 822 732 κατέχοντες,
873 655 963 710 καὶ
1019 656 1129 709 αἱὶν
1188 654 1243 710 έν
1302 653 1481 726 δειλίᾳ
1537 653 1685 719 ὄντες
1751 656 1848 711 τοῦ

195 743 496 814 ἐξωσθῆναι
525 749 636 800 τῶν
683 746 759 816 μή
795 745 941 822 σφίσι
991 745 1402 818 προσηκόντων,
1436 739 1695 800 ἔσπευδον
1747 745 1848 800 ἄλ-

196 832 294 896 λος
323 833 465 890 αλλο
497 856 549 889 τι
583 834 659 895 είς
687 838 878 908 χεῖρας
905 837 971 887 τὸ
1003 829 1294 908 ἀλλότριον
1330 831 1472 908 ἔχων
1517 834 1758 904 ὑποσπᾷν
1791 856 1850 889 τε

191 923 285 976 καὶ
339 922 722 989 ὑποκλέπτειν,
755 923 832 983 ὡς
881 922 970 976 ἐπὶ
1013 920 1157 976 πολὺ
1202 924 1278 994 μὴ
1329 919 1484 992 ἓξων.
1517 923 1574 975 Ὁ
1628 924 1719 993 μὶν
1754 921 1846 977 οὖν

197 1011 455 1086 βασιλεὺς
476 1014 626 1068 ταῦτ’
658 1012 828 1068 εΐπών
857 1033 917 1067 τε
945 1014 1034 1066 καὶ
1066 1013 1268 1086 πράξας
1319 1009 1408 1067 διὰ
1453 1014 1666 1089 ταχέων
1718 1013 1847 1068 ἀπέ-

192 1099 392 1156 στελλε
445 1102 584 1177 πρὸς
637 1103 729 1157 τὸν
790 1101 1050 1174 Καίσαρα,
1083 1099 1200 1156 οὔθ’
1243 1100 1381 1172 ἅπαξ
1422 1099 1516 1158 ’ἕνα
1553 1099 1677 1157 οὔτε
1721 1103 1850 1166 τοὺς

189 1189 399 1252 πάντας
427 1192 563 1264 ἅμα,
586 1189 734 1246 ἀλλὰ
763 1189 1000 1266 συχνοὺς
1027 1192 1143 1246 καθ’
1172 1190 1381 1264 ⁴ἡμέραν
1406 1189 1609 1252 ἄλλους
1642 1192 1724 1246 ἐπ’
1753 1189 1849 1246 ἆλ-

191 1275 341 1346 λοις,
373 1279 488 1352 ἅμα
522 1280 620 1352 μὶν
649 1277 974 1342 πλειστάκις
1002 1281 1138 1354 πρὸς
1169 1278 1376 1334 ἐκείνου
1417 1284 1592 1350 ζητῶν
1649 1279 1848 1353 μανθά-

186 1388 301 1422 νειν
349 1369 474 1438 περὶ
531 1368 793 1434 ἑκάστων,
826 1369 941 1441 ἅμα
971 1367 1019 1424 δ’
1048 1368 1343 1424 ἐπιτάττων
1393 1369 1484 1423 καὶ
1530 1369 1845 1433 καθιστάναι

191 1455 368 1526 τάκεῖ,
399 1456 473 1521 ὡς
507 1457 623 1530 μετ’
656 1458 722 1512 οὐ
754 1456 901 1512 πολὺ
931 1457 1178 1518 κάκεῖνος
1207 1457 1299 1512 σὺν
1354 1464 1473 1520 τοῖς
1521 1459 1655 1536 ἀμφ’
1685 1457 1844 1513 ατύὸν

187 1541 554 1616 ἐπιδημήσων
591 1563 605 1577 ⁸
639 1545 1043 1622 εὐτρεπίζεσθαι
1097 1547 1201 1620 γὰρ
1251 1549 1342 1601 καὶ
1387 1547 1456 1602 τὰ
1498 1551 1606 1602 τῶν
1655 1547 1844 1602 παλα-

185 1634 323 1688 τίων
378 1635 756 1708 προσέταττεν.
807 1636 877 1693 Οἱ
933 1632 993 1690 δέ
1049 1655 1113 1710 γε
1173 1641 1480 1710 μεγιστᾶνες
1549 1636 1640 1691 καὶ
1690 1634 1840 1690 αὐτοὶ

260 1719 364 1777 ΘΊ
519 1724 531 1742 “
660 1724 678 1779 ἰ
742 1729 766 1740 ”
899 1724 913 1742 ’
965 1725 990 1779 έ
1087 1722 1159 1780 λλ
1300 1725 1314 1746 ⁸
1455 1725 1468 1746 ’
1695 1726 1706 1743 ’

186 1743 256 1778 κα
366 1743 432 1777 να
477 1743 571 1778 τον
625 1745 828 1779 οκειον
888 1743 964 1779 απ
994 1745 1083 1779 στε
1165 1745 1223 1779 ον
1284 1745 1358 1786 ως
1416 1726 1739 1796 αιτήσοντας
1785 1745 1845 1780 τε

185 1811 277 1866 καὶ
314 1808 668 1918 ληηψνίμένους
699 1811 795 1875 τὰς
821 1812 1000 1918 fixis;
1036 1833 1049 1846 ·
1090 1810 1232 1886 μηδὶ
1279 1815 1383 1887 γὰρ
1431 1813 1522 1869 καὶ
1573 1812 1721 1875 αὖθις
1769 1814 1846 1868 εῖ-
1875 1852 1922 1918 Β

182 1917 273 1955 ναι
336 1896 620 1975 βραδύνειν
693 1899 961 1975 βασιλέως
1032 1902 1370 1970 κινηθέντος.
1433 1903 1660 1958 Ἐκεῖνοι
1752 1904 1847 1975 μὲν

182 1987 280 2043 οὖν
340 1986 680 2058 έπιστάντες,
737 1989 919 2054 καθὼς
967 1987 1191 2053 bene:
1251 1992 1391 2066 εἶχε,
1437 1996 1557 2055 τοῖς
1612 2011 1844 2065 προστε-

177 2079 482 2152 ταγμένοις
533 2080 615 2154 [Ρ.
674 2081 795 2154 102]
844 2085 1165 2156 προσεῖχον.
1193 2081 1255 2139 ’0
1285 2079 1495 2156 Καῖσάρ
1542 2101 1601 2136 τε
1630 2078 1844 2154 διένεμε

178 2165 314 2228 τοὺς
360 2164 550 2230 οἴκους
593 2173 711 2230 τοῖς
731 2189 816 2225 ·τε
852 2167 1170 2243 προσώποις
1198 2169 1288 2225 καὶ
1319 2173 1440 2234 ταῖς
1465 2169 1641 2242 ἀξίαις
1670 2190 1844 2244 προσ-

181 2255 456 2326 ηκόντως.
489 2257 650 2330 Ἀμα
706 2253 766 2314 δὶ
823 2257 915 2314 καὶ
973 2255 1065 2314 διὰ
1120 2254 1361 2328 σπουδῆς
1407 2263 1671 2334 συνεχοῦς
1701 2259 1840 2335 εἶχε,

184 2342 322 2418 μηδ’
350 2344 607 2402 ἀναπνεῖν
663 2345 906 2421 ἰώμενος
959 2351 1078 2410 ταῖς
1133 2347 1434 2426 φροντίσιν,
1482 2349 1691 2425 ἡμέρας
1743 2349 1836 2422 μὲν

183 2563 390 2603 manu.
417 2547 503 2604 rei
548 2546 926 2620 profuerunt,
963 2563 1105 2620 pace
1135 2564 1272 2606 eum
1302 2548 1457 2607 158
1485 2548 1633 2621 ipsis
1663 2549 1834 2617 facta,

183 2635 425 2706 quietos
467 2635 606 2691 illos
635 2650 704 2692 ac
747 2651 986 2692 securos
1015 2636 1414 2710 reliquissent.
1446 2637 1592 2694 Nam
1625 2637 1742 2694 nisi
1770 2653 1838 2693 ex

153 2722 416 2779 terebris
439 2722 611 2779 bellis
643 2723 890 2794 penuria
927 2725 1618 2796 urgeret,oontinuissent
1637 2726 1840 2798 utique

185 2809 480 2883 atemplis
494 2813 890 2869 sanctissimis
914 2830 1154 2885 rapaces
1178 2814 1634 2871 manus.Verum
1658 2814 1838 2870 exteri

181 2904 452 2970 raptores
485 2917 711 2974 magna
743 2919 851 2960 nee
879 2920 984 2975 spe
1014 2920 1220 2960 secura
1250 2921 1537 2977 possessis
1559 2905 1840 2960 incuban-

183 2993 283 3044 tes
307 2990 758 3063 .preda,utique
780 2991 1019 3048 assidue
1052 2994 1629 3050 circumsonantibus
1660 2993 1839 3050 minis

182 3077 636 3151 insultibusque
667 3082 1048 3151 repetentium
1069 3086 1124 3137 et
1145 3099 1213 3138 ex
1244 3083 1386 3140 urbe
1423 3086 1585 3156 ipsos
1629 3083 1840 3156 pellere

179 3167 551 3238 conantium,
575 3169 838 3224 fecerunt
865 3171 1021 3241 quod
1049 3170 1241 3226 solent
1260 3172 1360 3243 qui
1393 3188 1587 3228 rerum
1616 3172 1838 3227 aliena-

1959 571 2089 634 λοὺς
2125 571 2173 626 δ’
2204 574 2542 628 ὑποπτεύων.
2577 575 2675 629 Ἤν
2710 575 2812 648 γὰρ
2858 573 3319 647 ένσεσωρευμένον
3368 574 3604 646 πλῆθος,

1957 659 2248 736 ξύγκλυδες
2299 660 2486 723 ἄλλως
2540 662 2628 715 καὶ
2674 663 2948 734 ἀπόλεμοι
3006 661 3358 737 ἅνδρες,ταῖς
3417 666 3606 738 χειρὸς

1958 747 2227 822 ἐργασίαις
2286 750 2647 825 προσέχοντες
2700 771 2711 784 ο

1957 839 2135 913 ὁρμὴν
2199 839 2274 899 ὡς
2324 837 2735 912 ἐπιθησομένων
2791 842 2853 894 τὸ
2903 840 3180 915 [75191703
3213 840 3401 914 γένους
3433 840 3605 895 ἀλλό-

1955 946 2127 998 τριον,
2155 927 2218 981 τό
2274 930 2320 981 τ’
2351 926 2403 998 ἐξ
2464 929 2707 1002 ὑπογυου
2754 937 3110 1004 γυμνωθῆναι
3148 934 3254 982 τῶν
3290 928 3481 998 ὄντων,
3514 931 3601 983 καὶ

1956 1015 2091 1089 πρὸς
2119 1016 2181 1070 τὸ
2209 1016 2544 1090 νεωτερίσειν
2576 1017 2813 1088 ἑτοίμως
2840 1016 2898 1071 ἂν
2932 1015 3078 1092 ἔχειν
3126 1018 3198 1078 ὡς
3254 1017 3315 1071 οὐ
3374 1016 3601 1071 πολλῶν

1955 1108 2062 1157 τῶν
2119 1099 2586 1176 ἀντιστησομὲνων
2646 1101 2840 1172 ὄντων,
2900 1108 3011 1176 ἅμα
3053 1103 3109 1159 δὲ
3168 1106 3256 1158 καὶ
3318 1108 3392 1176 μή
3444 1106 3605 1177 ἀτρε-

1959 1191 2206 1265 μούντων
2239 1190 2338 1262 ἔτι,
2371 1189 2549 1257 ἔπειθε
2576 1191 2824 1248 δεδιέναι.
2855 1195 3013 1248 Ταῦτ’
3044 1194 3096 1248 ἐν
3127 1193 3204 1264 νῷ
3256 1192 3602 1268 βαλλόμενος

1954 1281 2169 1354 ἡμέρας
2220 1281 2313 1352 μὲν
2366 1279 2454 1335 διὰ
2507 1282 2741 1353 μελέτης
2792 1284 2908 1357 εἶχε
2955 1281 3336 1337 καταστέλλειν
3368 1283 3429 1336 τὸ
3461 1282 3605 1351 πλῆ-

1957 1380 2073 1440 θος,
2111 1364 2278 1446 φόϐον
2312 1370 2584 1444 ἐμποιῶν,
2613 1372 2804 1433 νυκτὸς
2856 1370 2913 1425 δὲ
2963 1369 3256 1426 διατάττων
3306 1371 3434 1432 τοὺς
3485 1368 3600 1425 δια-

1954 1458 2273 1533 τρέχοντας,
2296 1458 2385 1514 καὶ
2444 1462 2824 1535 νυκτεπάρχου
2879 1460 3082 1535 τρόπον
3131 1461 3322 1533 ἀγυιὰν
3375 1459 3602 1530 ἑκάστην

1953 1552 2354 1622 προσερευνῶν,
2419 1550 2495 1620 μή
2553 1549 2717 1612 κακὸς
2775 1546 2875 1618 ἔξω
2951 1546 3209 1620 πλανῷτο
3244 1568 3256 1580 ·
3319 1553 3600 1623 πανταχοῦ

1953 1636 2054 1711 γὰρ
2085 1635 2376 1691 έκέκλαστο
2405 1637 2495 1692 καὶ
2526 1638 2589 1691 τὸ
2618 1642 2828 1710 τεῖχος,
2861 1636 2906 1708 ᾦ
2958 1634 3023 1706 δὴ
3072 1642 3298 1691 τοιαῦτα
3346 1638 3601 1711 πράττειν

1955 1724 2021 1792 ἦν
2085 1723 2431 1799 βουλομένῳ.
2468 1723 2644 1782 Ἀλλὰ
2698 1727 2813 1780 καθ’
2873 1727 3082 1799 ἡμέραν
3139 1724 3599 1799 ἐπισωρευόμενοι

1954 1811 2180 1877 πλείους
2235 1809 2424 1884 ἔξωθεν
2477 1812 2816 1891 ξυνδιέφερον
2866 1814 2959 1886 μὶν
3000 1813 3094 1874 τὰς
3141 1810 3432 1888 φροντίδας
3465 1813 3600 1868 ἐκεί-

1954 1923 2054 1975 νῳ,
2085 1901 2137 1958 ἐν
2170 1899 2373 1979 sitpoqu
2403 1900 2461 1958 δὲ
2488 1905 2614 1966 τοὺς
2646 1906 2947 1978 ἡμετέρους
2977 1903 3259 1960 καθίστων.

3394 753 3601 806 τούτων

2773 754 2926 823 ὅμως
2985 751 3041 806 δὲ
3097 753 3186 806 καὶ
3239 755 3336 820 τὴν

1953 2007 2055 2065 λα’.
2086 2011 2275 2074 ’Όπως
2304 2011 2331 2064 ὁ
2366 2008 2622 2086 βασιλεὺς
2646 2007 2857 2086 ἐἴσησ-ιν
2891 2009 2967 2086 sic
2995 2011 3096 2076 τήν
3127 2008 3291 2063 πόλιν
3328 2009 3462 2081 μετὰ
3491 2013 3597 2064 τῶν

2446 2083 2571 2156 περὶ
2602 2080 2759 2136 αὐτὸν
2793 2081 3100 2156 ἀρχόντων.

2024 2172 2103 2243 [Ρ.
2141 2173 2266 2244 103]
2295 2173 2356 2230 Ὀ
2406 2168 2464 2226 δὲ
2515 2170 2769 2247 βασιλεὺς
2815 2172 3207 2242 συνταξάμενος
3254 2170 3378 2224 ὅσον
3427 2171 3492 2238 ἦν
3537 2171 3599 2225 τὸ

1950 2259 2074 2335 περῖ
2132 2260 2319 2329 αὐτὸν,
2350 2257 2494 2336 ἔχων
2562 2260 2910 2332 μεθ’-ἑαυτοῦ
2967 2258 3056 2314 καὶ
3105 2262 3204 2326 τήν
3258 2260 3601 2333 Δύγούσταν,

1950 2342 2027 2403 ἔτι
2079 2346 2137 2404 δὶ
2182 2348 2273 2404 καὶ
2301 2351 2364 2404 τὸ
2389 2346 2641 2424 νεογιλὸν
2678 2344 2885 2413 θάλλος
2917 2349 3007 2403 τὸν
3049 2346 3101 2418 ἐξ
3139 2346 3344 2402 ἐκείνου
3376 2345 3600 2422 Ἀνδρό-

1945 2548 2157 2620 gendo,
2208 2549 2295 2604 uti
2342 2553 2401 2604 et
2430 2548 2654 2604 caeteris
2701 2547 2879 2603 simul
2912 2547 3044 2617 ejus
3074 2546 3183 2602 loci
3216 2561 3282 2600 ac
3304 2546 3587 2617 temporis

1947 2638 2132 2703 curis,
2191 2637 2274 2692 ita
2329 2638 2732 2709 occupabatur
2775 2636 2930 2692 159
2988 2640 3053 2691 ut
3109 2636 3438 2707 respirandi
3489 2635 3586 2689 vix

1945 2726 2203 2797 spatium
2234 2727 2494 2796 haberet,
2528 2743 2631 2799 per
2661 2727 2786 2781 dies
2827 2725 3067 2795 quidem
3100 2725 3360 2779 intentus
3393 2725 3582 2778 conti-

1947 2815 2150 2870 nendas
2183 2816 2549 2871 multitudini
2586 2816 2856 2880 urbanas;
2890 2830 3016 2884 quae
3063 2829 3195 2868 cum
3228 2830 3258 2868 e
3308 2813 3587 2868 Romanis

1946 2904 2227 2975 Italiaque
2274 2907 2587 2972 constaret,
2636 2903 2757 2958 illis
2789 2903 3024 2967 fidebat,
3053 2901 3158 2956 hos
3193 2906 3258 2956 ut
3287 2907 3593 2972 suspectos

1947 2994 2310 3049 observabat.
2345 2994 2480 3048 Erat
2511 2998 2706 3048 autem
2739 3007 2947 3062 magna
2978 2991 3062 3046 vis
3095 2991 3364 3045 confertae
3399 2990 3593 3061 plebis

1946 3082 2238 3138 collectitii
2270 3082 2520 3153 generis,
2553 3081 2763 3151 vulgus
2801 3080 3148 3151 plerumque
3182 3077 3439 3144 imbelle,
3487 3096 3592 3149 pa-

1949 3172 2132 3227 rando
2148 3188 2324 3226 manu
2344 3172 2526 3225 victui
2549 3169 2726 3225 variis
2741 3169 3004 3224 artificiis
3027 3167 3588 3223 attendens.Tamen

186 3272 324 3311 rum
357 3225 589 3314 brevem
623 3259 795 3314 modo
826 3225 1226 3332 fulrtivamque
1268 3225 1721 3317 nact‘iVu—suram
1750 3225 1837 3317 iis
1866 3225 1910 3294 ο
1947 3225 2009 3315 et
2034 3225 2237 3314 abi
2263 3260 2521 3328 cavebat,
2557 3264 2757 3329 utpote
2789 3257 2889 3330 qui
2922 3257 2972 3312 si
3007 3255 3227 3312 eti'erati
3258 3256 3375 3310 vim
3413 3273 3584 3326 para-

160 3361 307 3402 -non
367 3350 437 3400 ut
465 3346 594 3402 suis
621 3363 689 3403 ac
717 3347 971 3418 propriis
997 3355 1268 3420 parcunt,
1299 3350 1400 3405 sed
1433 3365 1566 3405 mox
1596 3349 1707 3406 sibi
1738 3364 1837 3405 ex-

179 3436 551 3505 torquendae
578 3435 873 3504 arbitrati,
905 3437 1144 3493 interim
1198 3439 1340 3495 dum
1390 3440 1526 3495 licet
1567 3439 1641 3494 iis
1690 3439 1835 3494 abu-

181 3527 396 3579 tuntur
422 3523 604 3581 veluti
636 3541 772 3581 mox
803 3526 1142 3583 sufersndis
1169 3533 1229 3586 et
1275 3527 1601 3599 profuturis
1655 3527 1834 3596 hosti,

178 3613 342 3685 quod
405 3619 751 3686 prasvertere
805 3616 1207 3673 subtrahendo
1255 3634 1322 3674 ac
1353 3635 1456 3690 pro
1487 3635 1550 3674 se
1581 3619 1837 3690 quisque

173 3700 525 3773 deripiendo
558 3704 818 3773 prudens
848 3704 1163 3761 consilium
1196 3706 1504 3778 putabant.
1533 3708 1637 3762 His
1662 3707 1835 3762 dictis

175 3795 238 3844 et
290 3791 440 3847 actis
481 3790 805 3863 imperator
830 3794 994 3850 misit
1022 3794 1094 3850 ad
1122 3794 1405 3851 Censuram
1441 3812 1620 3866 quam
1651 3794 1833 3851 celer-

173 3879 330 3935 rime
363 3896 478 3936 non
515 3898 699 3937 unum
731 3882 913 3938 semel
945 3888 1048 3938 aut
1074 3899 1281 3940 omnes
1313 3901 1450 3955 una,
1483 3885 1586 3940 sed
1619 3883 1834 3940 multos

167 3967 443 4040 quotidie
488 3969 658 4035 alios,
705 3987 886 4042 super
914 3971 1082 4039 alios,
1110 3972 1290 4028 simul
1322 3978 1386 4028 ut
1425 3990 1602 4044 quam
1631 3973 1818 4046 sepis-

164 4056 345 4120 sime,
378 4056 607 4117 mutuis
631 4058 920 4128 expeditis
951 4060 1024 4116 ab
1053 4077 1121 4116 eo
1155 4061 1402 4132 nuntiis,
1428 4063 1645 4118 certior
1665 4063 1829 4119 fieret

169 4143 245 4202 de
278 4143 540 4217 singulis
571 4162 696 4216 qua
734 4147 815 4203 ibi
846 4153 1016 4205 erant
1045 4154 1148 4205 aut
1186 4151 1445 4219 fiebant;
1492 4151 1666 4208 simul
1718 4152 1830 4209 ista

168 4235 593 4292 mandatorum
623 4237 960 4309 frequentia
976 4239 1280 4297 efﬁcacius
1296 4243 1625 4313 urgendum
1649 4242 1832 4299 Cessa-

168 4340 296 4381 rem
328 4328 500 4380 ratus
525 4324 602 4381 ad
631 4328 1017 4399 properanda
1041 4327 1101 4385 in
1160 4331 1328 4397 urbe,
1368 4332 1522 4402 quod
1574 4333 1829 4388 maxime

167 4413 429 4479 volebat,
489 4418 703 4474 cuncta
756 4414 1034 4488 proxima
1092 4435 1214 4476 sua
1262 4419 1457 4476 istbuc
1488 4421 1825 4493 migrationi

167 4517 313 4558 cum
343 4499 570 4559 familia
601 4506 662 4560 et
690 4505 1398 4579 comitatuimperatorio.
1430 4510 1824 4577 Quamobrem

1943 3355 2073 3404 rent
2123 3350 2266 3421 (quo
2327 3349 2702 3404 traherentur
2756 3347 2935 3402 exteri
2967 3347 3034 3401 de
3065 3351 3222 3401 statu
3253 3345 3481 3409 incerti,
3517 3362 3587 3400 ne

1945 3455 2078 3494 mox
2129 3438 2525 3510 spoliarentur
2578 3441 2932 3502 metuentes,
2989 3451 3237 3506 pronum
3282 3435 3448 3502 erat),
3499 3433 3584 3487 vel

1941 3529 2069 3599 ipso
2099 3544 2342 3583 numero
2375 3525 2774 3582 formidabiles
2804 3533 2989 3589 erant,
3040 3541 3175 3578 cum
3225 3523 3435 3577 armati
3471 3539 3583 3576 non

1941 3623 2032 3673 sat
2063 3616 2235 3672 multi
2265 3618 2335 3672 ad
2365 3632 2610 3672 manum
2643 3619 2843 3670 essent
2874 3615 2975 3686 qui
3007 3613 3091 3668 eis
3123 3619 3585 3684 opponerentur;

1940 3723 2121 3777 quare
2170 3711 2470 3777 utcunque
2529 3704 2892 3774 acquiescere
2943 3702 3217 3774 praesenti
3256 3701 3394 3755 sorti
3430 3699 3585 3754 vide-

1937 3795 2177 3858 bantur,
2210 3812 2326 3850 non
2358 3799 2557 3850 tamen
2586 3795 2655 3849 de
2687 3793 2758 3848 iis
2782 3808 3026 3847 securus
3075 3790 3267 3845 Cassar
3297 3794 3441 3855 erat,
3478 3791 3577 3842 soil

1938 3893 2176 3941 eventus
2223 3884 2478 3940 incertos
2529 3888 2830 3954 reputans,
2887 3899 2990 3953 per
3040 3881 3192 3935 diem
3227 3880 3465 3950 quidem
3499 3881 3587 3947 (ut

1940 3975 2131 4029 dicere
2159 3973 2325 4044 cmpi)
2350 3973 2617 4028 sedulam
2654 3974 2832 4026 dabat
2877 3987 3112 4041 operam
3148 3968 3593 4040 compescendis

1940 4062 2132 4119 turbis
2160 4067 2218 4119 et
2245 4063 2483 4118 coitioni
2516 4061 2919 4117 disturbandas
2952 4059 3345 4130 plurimorum
3381 4074 3394 4123 ;
3431 4059 3584 4128 quod

1939 4153 2360 4223 assequebatur
2373 4151 2595 4224 plateas
2608 4151 2811 4206 obiens
2833 4164 2969 4204 cum
2992 4148 3200 4203 idoneo
3224 4152 3587 4202 armatorum

1934 4243 2238 4307 comitatu,
2297 4258 2364 4297 ac
2420 4239 2888 4296 circumferenda
2947 4254 3049 4305 per
3080 4237 3283 4291 urbem
3332 4235 3589 4290 terrifica

1933 4331 2023 4386 sui
2081 4331 2296 4402 specie,
2331 4335 2556 4385 metum
2617 4327 2820 4383 utilem
2855 4326 3185 4381 incutiens:
3221 4340 3324 4395 per
3356 4328 3584 4378 noctem

1932 4436 2142 4476 rursus
2184 4418 2428 4492 vigilum
2460 4420 2728 4474 cohortes
2757 4431 2996 4472 cursare
3029 4431 3130 4486 per
3161 4414 3315 4467 vicos
3346 4427 3571 4467 omnes.

1933 4508 2057 4564 fore
2086 4513 2143 4564 et
2193 4506 2541 4579 angiportus
2597 4507 2759 4562 obire
2790 4507 3034 4560 cunctos
3071 4501 3316 4573 jubens,
3351 4505 3581 4555 scruta-

161 4589 552 4664 peeuliariter
623 4593 1060 4666 praescripserat
1124 4597 1370 4672 purgari-
1433 4599 1828 4672 adornariqne
1855 4587 1903 4653 Ι)
1935 4598 2104 4668 rique
2147 4595 2460 4668 diligenter
2508 4611 2648 4651 num
2685 4594 2816 4666 quis
2846 4593 3077 4664 uspiam
3109 4591 3282 4644 domo
3309 4604 3585 4660 egressus

159 4677 396 4750 palatia
419 4679 481 4735 in
511 4680 732 4751 quibus
760 4688 986 4740 veteres
1016 4685 1405 4758 imperatores
1435 4687 1826 4746 habitassent.

161 4765 508 4838 Optimates
559 4770 780 4840 pariter
828 4788 932 4844 pro
963 4789 1026 4830 se
1048 4773 1304 4848 quisque
1334 4777 1686 4835 familiarem
1718 4778 1827 4835 ali-

168 4872 357 4930 quem
410 4856 724 4916 mittebant
771 4863 1015 4942 propria
1055 4864 1139 4920 ibi
1171 4865 1464 4939 cujusque
1494 4871 1829 4939 curaturos,

1938 4691 2040 4742 aut
2064 4687 2122 4741 in
2147 4685 2350 4741 urbem
2385 4702 2486 4758 per
2513 4685 2713 4740 hiatus
2746 4697 3074 4743 murorum,
3108 4679 3206 4749 qui
3242 4677 3410 4732 multi
3469 4694 3580 4731 un-

1935 4776 2113 4847 dique
2128 4775 2408 4847 patebant
2422 4779 2477 4830 et
2497 4773 2724 4829 facilem
2742 4772 2965 4826 dabant
3015 4767 3242 4823 aditum
3255 4766 3579 4837 ,ingressus

1936 4869 2270 4937 vagaretur.
2323 4863 2604 4919 (laterum
2655 4859 2921 4932 quotidie
2981 4857 3268 4927 fugientes
3317 4853 3580 4910 conferti.

164 4946 431 5020 petendo
455 4946 686 5007 scilicet
714 4950 1168 5025 recipiendoque
1190 4954 1373 5012 avitas
1391 4956 1655 5029 ipsorum
1678 4958 1831 5016 aedes
1941 4973 2056 5028 quo
2088 4955 2343 5027 quisque
2397 4959 2616 5026 posset,
2649 4969 2718 5008 ex
2747 4951 2851 5006 illa
2881 4966 3060 5022 quam
3110 4946 3225 5001 dixi
3280 4942 3589 5000 collectitiu

161 5039 226 5093 et
253 5035 330 5094 ad
364 5035 1158 5109 proximamhabitationem
1208 5043 1582 5114 instruendo,
1636 5048 1831 5121 provi-
1941 5044 2321 5102 multitudine
2355 5043 2595 5117 plurimi
2646 5049 2807 5114 parte
2835 5037 3254 5095 sollicitudinis
3299 5035 3585 5090 Caesarem

164 5125 384 5183 dentes
416 5123 578 5184 haud
608 5129 722 5187 sibi
749 5129 839 5188 fas
876 5132 1001 5192 fore
1038 5133 1306 5192 cunctari
1351 5136 1705 5211 differreque
1743 5155 1830 5194 re-
1940 5136 2234 5202 levabant,
2268 5135 2712 5206 securioresque
2735 5132 3059 5188 reddebant
3087 5134 3342 5184 nostros.

170 5215 376 5317 ξίίῒξιω
432 5215 497 5278 in
557 5218 815 5317 "mgni
846 5222 1092 5317 ψιιιξιςιο
1125 5222 1485 5317 ,ίωρεζᾳιονν
1511 5229 1668 5298 ειυοᾶ
1699 5245 1835 5289 ωσι
1934 5245 2028 5302 31.
2070 5245 2133 5302 σε
2161 5246 2466 5317 imperator
2498 5242 2891 5317 comitantibus
2922 5238 3267 5317 principibus
3355 5237 3542 5304 ingres
3562 5263 3590 5272 -

164 5306 477 5364 facturum
506 5309 847 5381 cernebant,
879 5326 948 5387 eo
978 5311 1092 5375 iter
1120 5313 1494 5380 intendisset.
1520 5317 1700 5374 Porro
1730 5320 1837 5392 qui
2239 5306 2251 5317 ’
2508 5331 2602 5371 su:
2633 5314 2690 5370 in
2705 5314 2894 5368 urbem
2922 5306 3017 5367 sit.

164 5394 413 5468 publica
440 5402 548 5455 aut
570 5399 1398 5472 privatimadormandisillin
1423 5407 1660 5468 cunctis
1688 5426 1836 5481 prm-
1920 5409 2017 5468 .At
2093 5405 2415 5477 imperator
2484 5406 2630 5461 satis
2697 5405 2820 5474 jam
2905 5400 3180 5456 omnibus
3250 5393 3593 5467 compositis

163 5483 311 5541 fecti
341 5490 534 5555 erant,
567 5492 809 5553 strenue
840 5494 1018 5564 atque
1046 5495 1268 5549 attente
1310 5495 1620 5567 negotium
1659 5514 1834 5566 cura-
1944 5495 2284 5552 universum
2305 5511 2476 5567 quem
2498 5509 2696 5551 secum
2723 5492 2975 5547 habebat
2998 5503 3306 5561 procerum
3331 5502 3395 5541 ac
3427 5482 3592 5539 fami-

169 5573 325 5665 btpt
356 5572 485 5665 ;7et'
511 5579 702 5636 Cosa:
755 5579 1060 5643 dividebat
1104 5582 1313 5640 domos
1360 5586 1633 5656 personis
1658 5592 1722 5645 et
1746 5589 1836 5646 di-
1947 5571 2182 5642 liarium
2201 5585 2545 5665 comitatum
2571 5583 3142 5652 ducens,Augustam
3166 5593 3401 5650 quoque
3424 5587 3594 5629 suam

164 5661 536 5739 αἰωνίου..
583 5673 759 5741 prout
788 5669 1004 5745 cuique
1051 5671 1455 5734 conveniebat.
1491 5676 1556 5734 In
1587 5693 1706 5752 quo
1739 5694 1836 5736 ur-
1947 5661 2258 5748 conjugem
2290 5680 2349 5731 et
2379 5674 2548 5747 regiae
2571 5671 2772 5745 stirpis
2803 5675 3070 5726 tenerum
3098 5667 3402 5724 surculum
3436 5680 3503 5719 ex
3526 5677 3594 5716 ιε
