4246 6446
609 406 721 461 599

1922 411 2223 466 GEORGII
2261 412 2722 469 PACHYNERIE

3918 409 4026 463 600

610 549 786 600 νικον,
821 528 882 582 οὗ
938 525 1004 593 δὴ
1064 526 1151 582 καὶ
1210 530 1280 600 τῇ
1329 526 1678 602 προσηγορίᾳ
1705 528 1795 582 τὸν
1829 530 2033 604 πατέρα
2084 528 2258 584 οὐκέτ’
2289 539 2339 604 Α
2372 530 2619 608 ἐξῆρχεν.
2679 536 2740 591 Ὁ
2800 534 2984 608 μέντοι
3041 555 3102 610 γε
3179 530 3433 609 βασιλεὺς
3479 533 3570 586 καὶ
3624 536 3727 585 πᾶν
3777 529 3841 585 τὸ
3895 530 4023 603 περὶ

613 613 742 672 ὅντα
793 615 976 688 έτίμα,
1011 617 1071 669 οῦ
1127 616 1221 682 τὴν
1280 618 1503 689 μνήμην
1541 617 1613 678 ὡς
1646 615 1979 694 φιλοπάτωρ
1998 619 2087 672 καὶ
2120 617 2268 694 ἐνόρ-

613 727 730 760 κιον
784 704 863 782 ἐφ’
897 703 1103 776 ἑκάστῳ
1161 702 1344 773 έτίοει,
1378 706 1468 759 τὸν
1536 707 1698 781 μέγαν
1750 707 1834 760 ἐπὶ
1864 705 2119 781 γλώττης
2176 706 2266 782 φέ-

618 816 726 869 ρων
789 791 1139 866 δομέστικον,
1200 795 1290 848 καὶ
1348 795 1448 862 τήν
1502 802 1601 864 τῆς
1660 794 1973 871 Αὐγούστης
2037 797 2268 871 μητέρα,

616 885 678 953 ἦν
715 881 961 957 μεγάλην
991 881 1179 958 κυρίαν
1213 883 1350 936 κατᾶ
1377 884 1545 956 τιμὴν
1607 882 1886 956 ὠνόμαζον
1940 887 1992 938 οἱ
2039 883 2265 955 πολλοὶ,

618 972 826 1045 σύναμα
854 973 922 1042 τῇ
965 970 1222 1045 γερουσίᾳ
1251 972 1396 1045 πάσῃ
1428 972 1518 1025 καὶ
1561 975 1629 1044 τῇ
1680 970 1976 1046 συγκλήτῳ
2025 975 2126 1041 τήν
2176 973 2260 1027 ἐπὶ

613 1068 716 1129 τῆς
772 1057 989 1121 πόλεως
1050 1058 1237 1131 ὥδευε,
1268 1059 1357 1113 καὶ
1419 1058 1484 1128 δὴ
1534 1065 1978 1134 περαιωσάμενος
2019 1062 2110 1117 τὸν
2140 1061 2264 1118 Ἐλ-

616 1148 919 1220 λήσπεντον
957 1147 1155 1212 ἐκεῖθεν
1186 1149 1384 1224 ἐχώρει
1414 1149 1551 1224 πρὸς
1596 1151 1658 1204 τὸ
1709 1150 2021 1220 Βυζάντιον.
2057 1150 2264 1207 Ἐλθὼν

616 1237 791 1294 δὲκαὶ
834 1239 933 1306 τήν
985 1239 1232 1312 Χρυσέαν
1292 1239 1472 1308 πύλην
1525 1240 1895 1317 κατειληφὼς,
1929 1240 2037 1294 ἐκεῖ
2093 1242 2267 1310 καθή-

619 1348 773 1400 μενος
823 1325 904 1404 ἐφ’
934 1325 1168 1401 ἡμέραις
1215 1329 1313 1396 τήν
1367 1327 1442 1389 εἷς
1493 1327 1654 1383 πόλιν
1706 1325 1942 1401 εἷ’σοδον,
1967 1328 2116 1390 ὅπως
2149 1330 2267 1383 θεο-

616 1415 792 1494 φιλῶς
823 1417 934 1488 ἅμα
980 1416 1069 1468 καὶ
1134 1414 1565 1492 μεγαλοπρεπῶς
1606 1418 1841 1491 γένοιτο,
1876 1418 2154 1472 ἀνεσκὸπει
2210 1439 2268 1472 τε

615 1507 703 1560 καὶ
759 1506 1056 1559 συνέταττε.
1092 1504 1189 1558 Καὶ
1245 1503 1309 1573 δὴ
1374 1505 1592 1578 πέμψας
1651 1503 1768 1580 ἄγει
1821 1506 1879 1561 ἐκ
1934 1514 2035 1576 τῆς
2095 1514 2268 1580 μονῆς

616 1599 714 1649 τοῦ
767 1592 1210 1669 Παντοκράτορος
1258 1596 1356 1661 τὴν
1421 1591 1712 1667 σεϐασμίαν
1764 1596 1945 1650 εἰκόνα
1972 1599 2072 1661 τῆς
2100 1598 2269 1671 ἁγνῆς

619 1684 992 1755 Θεομήτορος,
1042 1683 1102 1749 ἦν
1165 1680 1327 1754 λόγος
1384 1679 1538 1758 ἔργον
1605 1684 1698 1756 μέν
1760 1684 1893 1738 εἶναι
1948 1689 2045 1739 τοῦ
2121 1685 2266 1748 θείου

619 1777 823 1843 Λουκᾶ,
875 1770 1046 1825 έκεῖσέ
1106 1792 1211 1825 που
1269 1773 1551 1845 παρούσης
1610 1773 1860 1839 κάκείνης
1913 1774 2003 1827 καὶ
2061 1773 2266 1846 θεωμέ-

2377 621 2534 675 αὐτὸν
2595 623 2845 697 σχολαίῳ
2903 621 3031 678 ποδὶ
3089 623 3179 677 καὶ
3231 622 3596 694 ἆνατεταμένῃ
3651 617 3862 690 διανοίᾳ
3905 623 4023 692 μεθ’

2373 710 2454 763 ὅτι
2483 710 2745 780 πλείστης
2773 720 2876 781 τῆς
2907 713 3044 787 πρὸς
3079 713 3209 766 Θεὸν
3242 709 3736 784 ἀνθομολογήσεως
3773 712 3872 778 τήν
3920 708 4027 762 πό-

2372 795 2459 851 λιν
2510 800 2839 876 εέσέρχεται,
2871 805 3007 874 πεζῇ
3065 798 3300 876 βαδίζων
3351 801 3440 854 καὶ
3488 800 3550 854 τὸ
3596 805 3696 867 τῆς
3746 796 4027 872 βασιλείας

2373 882 2602 963 σοϐαρὸν
2664 892 2737 951 ὡς
2801 891 2875 962 μὴ
2929 888 3153 962 τοιαύτῃ
3227 886 3419 962 τελετῇ
3491 890 3698 963 πρέπον
3777 885 4024 947 συνόλως

2373 977 2781 1050 ἀποτιθέμενος.
2815 985 2913 1034 Ἤν
2969 976 3026 1033 δὲ
3081 978 3204 1033 τότε
3249 977 3339 1032 καὶ
3386 978 3447 1031 τὸ
3498 984 3601 1046 τῆς
3646 976 3858 1050 ἡμέρας
3922 995 4027 1046 με·

2376 1061 2678 1138 σημϐρινὸν
2709 1072 2805 1122 τοῦ
2840 1067 3061 1143 μετρίου
3091 1065 3258 1122 πλέον
3293 1066 3530 1134 έκκαῖον,
3563 1069 3660 1120 τοῦ
3692 1065 3859 1133 ¹ίδιλίου
3888 1062 4032 1117 κατὰ

2372 1155 2616 1232 κορυφὴν
2676 1155 2988 1228 ἱσταμένου,
3020 1156 3107 1210 καὶ
3171 1157 3205 1224 ἡ
3258 1159 3366 1209 τῶν
3419 1150 3852 1227 συνειλεγμένων
3883 1170 4025 1225 προ-

2375 1243 2538 1315 θυμία
2598 1245 2734 1319 πρὸς
2779 1246 2842 1299 τὸ
2900 1251 3094 1319 πνῖγος
3147 1241 3557 1317 διεφιλονείκει,
3608 1242 3681 1302 ὡς
3729 1238 3776 1294 εί
3828 1260 3878 1293 τι
3932 1238 4028 1292 καὶ

2374 1328 2611 1404 συμϐαίη
2647 1332 3118 1407 καταληψομένων
3150 1335 3360 1406 σύναμα
3387 1337 3469 1402 τῷ
3501 1329 3717 1406 βασιλιῖ
3771 1330 3833 1383 τὸ
3885 1327 4030 1402 μέγα

2371 1421 2658 1478 παλάτιον.
2696 1425 2778 1496 [Ρ.
2815 1426 2938 1496 104]
2963 1425 3032 1477 Τὸ
3081 1424 3185 1498 γὰρ
3232 1427 3339 1476 τῶν
3391 1420 3722 1495 Βλαχερνῶν
3776 1417 3880 1472 οὐκ
3937 1417 4028 1471 εὐ-

2371 1514 2594 1584 πρεπῶς
2645 1511 2710 1578 ἦν
2767 1507 2913 1586 ἔχειν
2966 1512 3102 1586 πρὸς
3151 1512 3249 1578 τὴν
3298 1514 3407 1564 τῶν
3460 1502 3729 1583 βασιλέων
3758 1506 4032 1574 κατοίκη-

2372 1621 2451 1653 σιν
2491 1619 2503 1632 ·
2538 1598 2699 1674 ἔγεμε
2727 1603 2828 1675 γὰρ
2878 1605 3089 1655 καπνοῦ
3137 1600 3227 1654 καὶ
3278 1599 3504 1672 λιγνύος
3531 1597 3829 1666 Ἰταλικῆς,
3862 1597 3923 1663 ἣν
3975 1597 4030 1649 οἳ

2370 1692 2467 1742 τοῦ
2500 1687 2836 1744 Βαλδουίνου
2861 1687 3206 1744 δαιταλευταὶ
3242 1688 3302 1743 έκ
3329 1685 3551 1755 πολλῆς
3599 1693 3699 1755 τῆς
3747 1683 4028 1744 ἰδιωτείας

2373 1776 2577 1831 ἐκείνου
2633 1783 2751 1840 τοῖς
2807 1783 2916 1832 τῶν
2979 1779 3287 1852 ἀνακτόρων
3339 1775 3556 1851 τοίχοις
3625 1775 4028 1848 προσέπαττον,

616 1881 734 1931 νης,
769 1858 945 1935 δῶρον
1006 1857 1063 1914 δέ
1121 1859 1255 1934 μετὰ
1309 1865 1480 1916 ταῦτα
1529 1863 1767 1937 γενέσθαι
1824 1863 2143 1938 ΙΙουλχερίᾳ
2197 1866 2264 1927 τῆ
2297 1900 2343 1964 Β
2376 1866 2449 1927 ὡς
2510 1862 2667 1941 ἔργον
2720 1868 2855 1922 εἶναι
2908 1869 3006 1936 τήν
3062 1866 3278 1922 ἐκείνων
3337 1867 3801 1939 κάθαρσιν.”Αμα
3861 1860 3907 1916 δ’
3941 1861 4028 1915 ὅτι

621 1946 860 2025 βασιλίδι
919 1950 1064 2024 παρᾶ
1111 1956 1212 2018 τῆς
1267 1949 1485 2027 νύμφης
1542 1950 1709 2020 αὐτῆς
1743 1949 2010 2015 Εὐδοκίας
2063 1956 2162 2016 τῆς
2215 1953 2263 2024 ἐξ

611 2043 860 2110 Ἀθηνῶν
902 2041 994 2094 καὶ
1038 2037 1349 2108 δεσποίνης,
1380 2040 1469 2094 καὶ
1517 2038 1691 2116 δῶρον
1740 2041 2039 2117 ἀξιόχρεων
2096 2039 2264 2105 ὅντως

613 2129 672 2184 ἐκ
704 2129 1071 2200 Παλαιστίνης
1104 2128 1429 2183 ἀποσταλέν.
1464 2130 1592 2183 Ὑπὸ
1635 2127 1700 2199 δὴ
1752 2130 1918 2204 ταύτῃ
1967 2128 2158 2206 ὁδηγῷ
2205 2152 2268 2205 γε

613 2217 773 2294 οὔσῃ,
807 2217 876 2273 δι’
904 2221 971 2288 ἧς
1023 2218 1395 2273 ἑπεπιστεύκει
1448 2220 1537 2273 καὶ
1585 2219 1986 2293 ἀπολήψεσθαι,
2023 2219 2265 2275 εἰσελαύ-

612 2332 717 2363 νων
763 2311 862 2379 τὴν
911 2308 1076 2363 πόλιν
1125 2309 1505 2383 ἀποχρώντως
1537 2307 1722 2385 ἡγεῖτό
1756 2310 1807 2363 οἱ
1855 2309 2005 2383 ἔχειν
2054 2311 2154 2377 τήν
2193 2309 2268 2373 εἰς

615 2397 824 2468 ἐκείνην
884 2397 1175 2470 ἀπονέμειν
1232 2396 1415 2471 χάριν.
1450 2399 1672 2452 Ἒταττε
1732 2395 1787 2451 δὲ
1835 2399 2060 2452 καὶτῶν
2095 2397 2268 2452 ἐκεῖσε

617 2487 918 2562 ἀρχιερέων
950 2483 1066 2553 ἕνα,
1093 2486 1184 2540 τὸν
1240 2492 1339 2554 τῆς
1374 2486 1603 2555 Κυζίκου
1652 2487 1949 2562 Γεώργιον,
1979 2489 2078 2556 τῆν
2131 2509 2264 2542 στο-

616 2576 720 2645 λὴν
758 2573 1057 2631 ὑπενδύντα
1085 2576 1150 2630 τὰ
1178 2582 1276 2645 τῆς
1308 2575 1479 2650 εὐχῆς
1511 2574 1655 2650 ἄγειν
1683 2577 1772 2630 καὶ
1819 2577 1918 2644 τήν
1977 2577 2108 2652 ὑπὲρ
2156 2582 2264 2631 τῶν

615 2665 1009 2738 πραττομένων
1043 2654 1389 2738 εὐχαριστίαν
1443 2662 1821 2737 ἀποπληροῦν.
1857 2670 2112 2719 Ἥνοικτο
2158 2667 2268 2719 τοί-

613 2773 703 2813 νυν
733 2755 768 2824 ἡ
807 2753 1014 2829 Χρυσέα
1045 2751 1193 2823 πύλη
1227 2751 1444 2829 χρονία,
1471 2752 1561 2807 καὶ
1609 2751 1901 2829 ἀρχιερεὺς
1945 2760 2045 2823 τῆς
2094 2755 2268 2829 εὐχῆς

611 2958 954 3026 susceptum
987 2953 1409 3020 Andronicum,
1444 2954 1535 3009 cui
1558 2953 1662 3010 tali
1685 2955 1996 3009 tribuendo
2022 2954 2261 3010 nomine

612 3045 905 3100 honorare
967 3043 1276 3099 studuerat
1332 3043 1514 3114 patris
1560 3044 1652 3098 sui
1683 3043 2000 3098 Andronici
2033 3044 2259 3099 dudum

611 3133 832 3190 mortui
869 3132 1244 3199 memoriam,
1281 3149 1569 3205 perquam
1597 3133 1770 3188 etiam
1795 3133 2048 3203 quadam
2069 3138 2255 3188 osten-

2377 1955 2467 2008 καὶ
2523 1956 2597 2016 εἷς
2657 1954 2952 2033 ἀσφάλειαν
3012 1957 3210 2016 ἱκανῶς
3268 1956 3382 2029 εἶχε
3435 1951 3713 2028 βασιλεῦσι
3791 1949 4034 2025 πρώτως

2379 2039 2594 2098 ἐπιϐᾶσι
2627 2045 2843 2106 πόλεως
2872 2051 2980 2100 τῶν
3014 2046 3351 2119 πραγμάτων
3405 2043 3813 2118 τεταραγμένως
3866 2039 4035 2114 έχού-

2376 2153 2496 2202 σης.
2530 2133 2598 2186 Τὸ
2636 2134 2728 2206 μὶν
2764 2132 2856 2188 οὖν
2888 2132 3094 2209 ἡσυχίᾳ
3120 2139 3314 2208 χαῖρον
3343 2137 3439 2186 τοῦ
3472 2129 3674 2204 δήμου,
3704 2129 3823 2198 ἄρτι
3870 2130 4030 2202 πρώ-

2375 2243 2482 2283 τως
2545 2222 2773 2285 βασιλέα
2820 2223 3109 2295 Ῥωμαίων
3170 2222 3220 2276 έν
3281 2227 3396 2282 τοῖς
3455 2220 3770 2294 ἀνακτόροις
3817 2219 4031 2289 θεώμε-

2375 2333 2492 2381 νον,
2531 2307 2842 2383 μεταϐαλὸν
2871 2314 2971 2382 τὴν
3008 2307 3266 2384 ἔκπληξιν
3302 2310 3379 2372 εἷς
3415 2310 3589 2385 χαρὰν
3622 2307 3672 2362 έν
3706 2307 3920 2362 έλπίσιν
3964 2306 4038 2374 ἦν

2375 2405 2471 2455 τοῦ
2523 2399 2723 2456 λοιποῦ
2768 2401 3056 2477 εὐπραγεῖν
3087 2401 3190 2456 ὑπὸ
3219 2399 3398 2471 τούτῳ
3443 2397 3892 2473 βασιλευόμενον.
3931 2404 4039 2449 Δο-

2375 2496 2530 2545 κοῦσι
2575 2488 2631 2546 δέ
2679 2512 2772 2564 μοι
2821 2493 2959 2565 πρὸς
3008 2489 3216 2560 ἐκείνην
3265 2491 3366 2557 τήν
3393 2485 3512 2562 ὄψιν
3547 2488 3633 2542 καὶ
3670 2487 3721 2542 οἱ
3751 2486 3886 2540 κατά
3935 2485 4041 2551 τήν

2376 2579 2538 2635 πόλιν
2601 2579 2801 2636 Ἰταλοὶ
2860 2575 3256 2652 μεταϐαλέσθαι
3315 2577 3375 2632 ἃν
3439 2575 3528 2632 καὶ
3598 2575 3806 2650 ἀγαπᾷν
3891 2571 4045 2626 οὕτω

2375 2669 2732 2744 πραχθέντων
2767 2667 2934 2742 (μηδὲ
2967 2669 3069 2744 γὰρ
3102 2665 3311 2738 ἀδοξεῖν
3357 2665 3595 2738 τοιούτῳ
3629 2663 4046 2732 δουλεύοντας),

2379 2756 2425 2811 εἰ
2461 2760 2533 2831 μή
2569 2778 2628 2834 γε
2658 2760 2693 2828 ἡ
2726 2759 2862 2813 κατὰ
2905 2756 3060 2833 γένος
3106 2755 3310 2830 κόρυζα
3359 2755 3434 2818 εἷς
3481 2745 3779 2829 ὀλιγωρίαν
3834 2751 4044 2827 ὲτύφου

2374 2961 2548 3024 serat,
2603 2959 2798 3014 subito
2857 2962 3059 3029 aperta
3116 2961 3206 3012 est
3239 2959 3404 3027 porta
3436 2956 3649 3018 Aurea,
3681 2957 3738 3007 et
3777 2951 4040 3007 antistes

2374 3049 2694 3103 orationem
2730 3048 3046 3117 inchoavit,
3078 3046 3310 3116 quando
3343 3045 3669 3116 imperator
3696 3044 3752 3097 et
3784 3040 4031 3096 univer-

2373 3152 2476 3192 sus
2536 3139 2662 3206 ejus
2708 3138 3026 3193 comitatus
3058 3135 3220 3208 gravi
3247 3140 3303 3190 et
3331 3135 3498 3190 tardo
3529 3133 3788 3197 incessu,
3823 3134 4036 3185 mente

610 3223 832 3279 tatione
882 3224 1038 3278 160
1085 3222 1278 3278 ﬁlialis
1313 3222 1548 3294 pietatis
1579 3221 1753 3294 vulgo
1778 3224 1980 3293 jurare
2013 3239 2262 3278 consue-
2296 3226 2338 3293 C
2378 3244 2510 3282 vero
2542 3228 2688 3282 161
2729 3228 2786 3280 in
2820 3227 3001 3282 Deum
3035 3226 3273 3296 penitus
3305 3224 3552 3289 intenta,
3593 3218 4042 3276 demississime.

614 3318 794 3381 verat,
827 3328 959 3367 cum
992 3310 1127 3382 quid
1163 3311 1504 3380 afﬁrmaret,
1568 3328 1844 3383 magnum
1881 3312 2267 3366 domesticum

617 3399 841 3471 passim
901 3400 959 3454 in
994 3417 1092 3456 ore
1124 3400 1372 3468 habens,
1408 3405 1469 3456 et
1496 3402 1773 3470 Augusta
1809 3405 2056 3456 matrem
2091 3417 2269 3472 quam

617 3506 896 3563 magnam
929 3492 1227 3548 dominam
1255 3493 1516 3563 plerique
1535 3491 1776 3546 honoris
1798 3508 1978 3546 causa
2002 3493 2270 3547 nomina-

619 3581 782 3652 bant,
842 3583 1095 3654 denique
1148 3598 1281 3638 cum
1345 3580 1671 3652 majoribus
1732 3588 1870 3637 natu
1931 3582 2159 3638 cunctis
2217 3586 2274 3637 et

624 3671 897 3729 universo
927 3680 1132 3729 senatu
1165 3672 1224 3726 in
1261 3673 1466 3727 urbem
1502 3672 1610 3727 iter
1642 3671 1908 3742 arripuit,
1942 3689 2007 3728 ac
2028 3675 2272 3743 trajecto

624 3761 999 3834 Hellesponto
1028 3762 1316 3834 processit
1347 3761 1482 3817 inde
1514 3778 1718 3817 versus
1749 3761 2087 3830 Byzantium
2116 3781 2128 3829 ;
2156 3777 2270 3832 quo

626 3853 973 3923 perveniens
1023 3855 1080 3907 et
1125 3853 1193 3906 ad
1243 3857 1498 3907 Auream
1532 3850 1764 3906 delatus
1798 3854 2022 3921 portam
2057 3851 2135 3906 ibi
2172 3869 2273 3922 per

628 3940 857 4008 aliquot
880 3941 1005 3997 dies
1037 3941 1538 4011 substitit,sedulo
1559 3941 1874 4011 providens
1897 3947 1953 3996 et
1979 3940 2271 3996 mandatis

625 4029 981 4099 opportunis
1013 4045 1226 4084 curans
1258 4035 1324 4084 ut
1356 4028 1414 4083 in
1439 4045 1650 4100 ea,qua
1685 4029 1926 4100 parabat
1959 4029 2016 4083 in
2049 4028 2270 4098 regiam

622 4118 911 4174 civitatem
945 4117 1496 4189 invehitriumphali
1527 4118 1916 4189 pompa,nihil
1941 4119 2010 4172 ad
2039 4117 2270 4188 religio-

625 4209 715 4263 nis
749 4206 1297 4276 sanctitatem,nihil
1321 4207 1392 4262 ad
1425 4205 1796 4278 splendorem
1823 4207 2272 4276 magnificentia

624 4301 821 4369 posset
879 4297 1222 4352 desiderari.
1278 4296 1434 4350 Inter
1491 4300 1696 4350 castera
1747 4297 1933 4366 jussit
1981 4295 2173 4350 afferri
2206 4311 2273 4352 ex

624 4387 980 4465 monasterio
1015 4385 1446 4441 Pantocratoris
1477 4401 1704 4440 sacram
1755 4385 2068 4457 imaginem
2112 4384 2270 4442 inte-

626 4482 860 4534 merata:
921 4476 1020 4532 Dei
1080 4477 1303 4546 Matris,
1356 4493 1534 4546 quam
1598 4476 1764 4531 aiunt
1825 4493 1972 4548 opus
2004 4491 2132 4531 esse
2156 4476 2270 4532 divi

623 4569 814 4638 Lucae,
848 4569 977 4640 ejus
1011 4567 1280 4640 penicillo
1313 4584 1376 4622 ac
1412 4584 1587 4622 manu
1620 4584 1650 4622 e
1681 4567 1910 4622 vivente
1951 4583 2268 4638 coramque
2299 4598 2345 4662 Β

619 4663 882 4730 spectata
937 4658 1182 4729 Deipara
1225 4673 1588 4728 expressum,
1636 4655 1882 4711 missum
1932 4656 2141 4712 deinde
2190 4657 2261 4712 ad

619 4746 987 4802 Pulcheriam
1039 4748 1360 4818 Augustam
1419 4746 1491 4800 ab
1553 4746 1733 4816 hujus
1796 4745 1997 4800 fratris
2026 4744 2267 4800 domina

618 4836 877 4893 Eudocia
933 4835 1278 4892 Atheniensi
1332 4853 1400 4891 ex
1449 4834 1782 4905 Palaestina,
1840 4836 2060 4890 donum
2095 4833 2266 4908 plane

620 4927 889 4982 mittente
919 4930 975 4982 et
1004 4924 1325 4995 accipiente
1357 4925 1626 4996 dignum.
1653 4925 1765 4979 Hac
1793 4925 1939 4981 duce
1975 4928 2266 4996 praeeunte

619 5016 1002 5089 ingrediendo
1018 5016 1308 5071 civitatem
1329 5032 1506 5086 quam
1521 5016 1648 5086 ejus
1664 5014 1945 5070 benelicio
1969 5014 2080 5069 sibi
2098 5031 2265 5086 aper-

619 5110 739 5162 tam
786 5106 1176 5177 traditamque
1221 5105 1504 5170 crederet,
1540 5105 1786 5174 putabat
1816 5123 1876 5160 se
1909 5109 2261 5160 testaturum

619 5196 760 5252 satis
811 5196 902 5250 cui
953 5195 1098 5250 tanti
1149 5210 1462 5250 successus
1512 5194 1758 5266 gratiam
1811 5193 2063 5258 deberet,
2093 5197 2148 5247 et
2180 5192 2264 5247 sic

619 5290 903 5358 quantum
939 5289 1138 5357 posset
1167 5284 1426 5339 officium
1462 5284 1609 5356 grati
1640 5283 1823 5338 animi
1862 5286 2117 5355 patrona:
2142 5286 2264 5336 tam

616 5375 842 5430 liberali
904 5389 1312 5445 repensurum.
1347 5373 1537 5428 Jussit
1573 5378 1814 5444 praetera
1848 5388 2028 5427 unum
2062 5387 2091 5426 e
2117 5388 2262 5442 prce-

616 5464 847 5520 sulibus
904 5464 1004 5534 qui
1056 5464 1316 5518 aderant.
1350 5463 1659 5534 Georgium
1708 5463 2076 5534 Cyzicenum,
2111 5459 2264 5516 stola

617 5554 825 5610 induta
875 5554 1195 5611 solemnem
1255 5554 1647 5623 precationem
1703 5553 1907 5628 praeire
1947 5569 2013 5608 ac
2057 5568 2260 5608 conve-

616 5647 814 5702 niente
839 5645 1107 5717 praesenti
1142 5643 1358 5716 gaudio
1400 5644 1723 5716 gratiarum
1759 5644 1986 5700 actione
2016 5643 2124 5697 rite
2155 5643 2259 5697 de-

615 5735 796 5808 fungi.
816 5735 962 5791 Tum
996 5735 1587 5806 denique,postquam
1622 5737 1721 5791 diu
1755 5735 1955 5792 clausa
1981 5748 2259 5805 perman-

2383 3315 2749 3387 professione
2772 3331 3018 3371 summa:
3049 3314 3247 3385 gratias
3281 3330 3313 3367 a
3343 3328 3406 3367 se
3437 3327 3540 3384 pro
3573 3315 3690 3365 tam
3728 3309 4041 3379 insperata

2381 3403 2657 3458 felicitate
2707 3403 2946 3458 Numini
3000 3402 3233 3468 debitae,
3284 3399 3576 3456 civitatem
3611 3398 3922 3469 ingressus
3945 3401 4039 3450 est

2382 3494 2630 3564 pedibus
2679 3493 3035 3561 ambulams,
3085 3491 3245 3548 omni
3293 3489 3462 3560 regis:
3509 3485 3840 3559 majestatis
3874 3486 4036 3540 fastu

2379 3582 2537 3637 velut
2563 3582 2666 3637 tali
2690 3582 3051 3638 caeremoniae
3067 3597 3180 3636 non
3208 3583 3567 3651 congruente
3591 3592 3834 3648 prorsus
3859 3575 4039 3646 depo-

2380 3673 2512 3728 sito.
2570 3673 2708 3728 Erat
2761 3677 2903 3727 tunc
2961 3671 3106 3727 hora
3154 3669 3478 3726 meridiana
3527 3671 3584 3722 et
3607 3681 3883 3721 summus
3915 3664 4037 3718 diei

2382 3762 2590 3829 fervor,
2619 3761 2738 3818 sole
2769 3779 2948 3834 supra
2976 3760 3253 3816 verticem
3275 3758 3563 3814 altissimo
3592 3755 3811 3828 ignitus
3832 3753 4037 3808 radios

2378 3851 2662 3909 vibrante.
2723 3853 2942 3908 Tamen
3003 3852 3208 3906 devota
3267 3863 3544 3920 pompam
3599 3844 4033 3900 celebrantium

2379 3940 2652 3997 alacritas
2685 3957 2819 3995 cum
2853 3944 2996 3995 aestu
3026 3937 3400 3994 incommodo
3433 3933 3721 4001 certabat,
3754 3948 4039 4003 unoquo-

2379 4047 2490 4101 que
2522 4030 2809 4102 ipsorum,
2840 4035 2896 4085 et
2924 4032 3189 4101 Augusto
3221 4044 3337 4099 pra:
3370 4022 3823 4089 caeteris,subire
3846 4020 4042 4077 liben-

2378 4125 2467 4174 ter
2497 4124 2700 4190 parato
2733 4119 2783 4174 si
2816 4119 2956 4190 quid
2990 4115 3326 4174 detrimenti
3349 4113 3618 4170 valetudo
3641 4115 3946 4183 pateretur
3968 4127 4042 4166 ex

2379 4208 2793 4264 ardentissimo
2823 4207 2950 4264 caeli
2980 4206 3258 4262 verticem
3284 4202 3600 4260 insidentis
3623 4199 3869 4256 meridie
3892 4199 4042 4254 solis

2377 4315 2592 4369 vapore
2619 4297 2889 4367 tolerato,
2923 4297 3061 4351 dum
3094 4294 3179 4350 sic
3215 4293 3372 4348 lento
3406 4307 3614 4362 gressu
3643 4290 3712 4344 ad
3747 4304 4044 4360 magnum

2378 4387 2658 4459 palatium
2696 4387 2986 4450 feruntur,
3019 4384 3283 4440 nondum
3333 4386 3470 4453 apta
3500 4381 3570 4436 ad
3611 4379 4038 4449 imperatorem

2375 4477 2785 4549 excipiendum
2818 4474 2981 4547 regia
3027 4472 3451 4528 Blachenarum
3506 4472 3818 4542 propterea
3869 4467 4037 4538 quod

2378 4568 2497 4622 haec
2528 4567 2803 4622 sordebat
2835 4564 3027 4620 adhuc
3059 4563 3220 4618 fumo
3251 4560 3424 4633 plena
3450 4559 3836 4628 nidoremque
3866 4555 4039 4611 olens

2379 4656 2670 4721 Italicum,
2693 4653 3018 4727 parietibus
3044 4651 3162 4708 illic
3186 4650 3405 4724 passim
3432 4647 3676 4720 fuligine
3697 4644 4038 4716 inquinatis

2377 4762 2479 4818 per
2505 4744 2775 4800 Balduini
2800 4759 3020 4815 coquos
3052 4741 3198 4796 illita
3220 4741 3368 4812 (ipso
3398 4739 3457 4794 id
3481 4738 3635 4794 haud
3659 4736 3842 4806 digna
3873 4733 4039 4806 prin-

2377 4835 2504 4907 cipe
2564 4833 2924 4907 negligentia
2981 4831 3106 4887 fieri
3166 4828 3439 4900 sinente),
3471 4843 3599 4898 qua:
3635 4823 3877 4896 purgari
3912 4822 4034 4878 nisi

2377 4923 2627 4997 longiori
2684 4929 2948 4996 tempore
3005 4917 3453 4976 etlaboriosiori
3503 4931 3680 4988 Opera
3729 4910 4036 4982 nequiret.

2375 5013 2659 5070 Praeterea
2687 5011 2788 5068 illa
2807 5009 3004 5083 magni
3025 5008 3222 5082 palatii
3246 5008 3372 5063 visa
3393 5010 3485 5062 est
3507 5003 3769 5060 securior
3791 5000 4036 5056 interim

2378 5103 2546 5160 sedes
2578 5103 2778 5158 futura
2804 5099 3174 5174 principibus
3206 5098 3262 5152 in
3299 5097 3504 5151 urbem
3537 5092 3802 5148 nondum
3859 5089 4040 5163 plene

2377 5198 2642 5265 pacatam
2679 5208 2746 5247 ex
2778 5195 2898 5246 tam
2929 5190 3214 5243 diuturna
3243 5185 3442 5242 hostili
3475 5181 3860 5257 Oppressione
3891 5183 4040 5234 tunc

2376 5286 2633 5354 primum
2668 5277 3150 5353 ingressis.Plebs
3184 5292 3354 5348 porro
3387 5274 3580 5347 quiete
3604 5269 4040 5344 gaudens,viso

2375 5376 2501 5427 tum
2564 5371 2822 5443 primum
2881 5367 2941 5422 in
2975 5367 3199 5422 urbano
3258 5365 3475 5437 palatio
3537 5363 3802 5417 Romano
3834 5359 4039 5429 impe-

2375 5466 2587 5530 ratore,
2625 5467 2864 5532 stupore
2902 5457 2960 5512 in
3013 5456 3296 5528 gaudium
3329 5469 3498 5510 verso
3529 5453 3678 5508 bene
3707 5449 3781 5504 de
3815 5453 4037 5505 cetero

2372 5553 2668 5624 sperabat,
2724 5553 3078 5623 proventura
3131 5561 3199 5601 ex
3227 5544 3363 5601 talis
3418 5540 3704 5616 principia
3747 5538 4036 5610 prosenti

2371 5644 2658 5714 regimine
2689 5640 2819 5695 laeta
2850 5637 2962 5693 sibi
2993 5637 3208 5691 cuncta
3231 5634 3549 5690 conﬁdens.
3592 5627 3734 5688 Mihi
3785 5643 4036 5701 quoque

2365 5734 2649 5789 videntur
2679 5730 2794 5804 ipsi
2827 5727 2926 5801 qui
2953 5729 3302 5798 supererant
3335 5725 3392 5781 in
3425 5724 3569 5781 urbe
3601 5718 3729 5779 Itali
3763 5718 3836 5775 ad
3869 5717 4036 5775 hanc
