4246 6446
165 391 263 446 601

1219 394 1314 445 DE
1352 392 1723 445 MICHAELE
1762 387 2204 442 PALEOLOGO
2241 389 2374 440 LIB.
2416 391 2486 440 II.

3464 382 3571 435 602

159 515 248 568 καὶ
283 511 470 575 ἄλλως
531 512 582 583 ἐξ
641 513 882 588 ὑπογύου
939 515 1004 567 τὰ
1038 511 1184 568 δεινά
1214 513 1503 576 παθόντας.
1539 508 1689 578 υλῆν
1724 530 1810 564 τε·
1841 516 1891 578 Α
1923 511 2113 567 στατος
2174 509 2522 578 ἐξουσιαστὴν
2575 505 2716 562 εἷίποι
2771 508 2830 562 ἃν
2891 509 2923 575 ἡ
2983 504 3266 575 Ἐλλήνων
3325 503 3569 579 γλῶσσα,

161 602 445 672 λεσθείσης
501 611 598 671 τῆς
656 604 866 676 ἡμέρας
901 602 1110 672 ἐκείνης
1143 601 1228 656 ἐπὶ
1272 601 1487 677 κρότοις
1531 600 1815 661 ἐπινικίοις

155 694 243 745 καὶ
281 691 445 754 θείοις
485 689 709 763 ᾅσμασι,
761 693 860 759 τὴν
921 692 1016 762 μὶν
1063 693 1226 746 νύκτα
1263 695 1524 768 φρουραῖς
1555 687 1814 765 ἀσφαλέσι

157 778 451 850 διείληπτο
481 781 543 834 τὸ
575 779 866 834 παλάτιον.

305 942 496 1002 ’⁷Οπως
528 939 938 1015 προσηνέγκατο
992 937 1249 1066 pastae-3:
1279 944 1397 1002 ταῖς
1427 942 1535 993 τῶν
1571 937 1810 991 Λατίνων

733 1012 932 1066 φυλαῖς
967 1032 988 1066 ε
1019 1011 1244 1066 σελῆών.

733 1011 932 1089 φυλαῖς
967 1011 1244 1075 εἰσελθών.

221 1151 445 1228 Πρωίας
487 1150 543 1206 δὲ
577 1151 707 1214 ὅλος
753 1152 816 1221 ἦν
868 1153 1006 1225 πρὸς
1049 1151 1294 1227 βουλαῖς,
1327 1150 1476 1210 ὅπως
1505 1170 1561 1204 τε
1585 1151 1650 1202 τὰ
1681 1147 1816 1202 κατά

151 1244 251 1310 τήν
287 1241 450 1296 πόλιν
497 1245 837 1314 καταστήσας
895 1243 1165 1319 όχυρώτει
1225 1245 1485 1317 φρουροῖς
1540 1241 1603 1292 τὸ
1663 1236 1810 1304 ἄστυ,

151 1330 244 1385 καὶ
300 1330 448 1394 ὅπως
498 1331 559 1388 ἂν
594 1338 712 1394 τοῖς
744 1330 963 1387 δοκοῦσι
995 1336 1101 1386 τῶν
1133 1330 1421 1386 Ἰταλικῶν
1451 1348 1615 1402 γενων
1643 1326 1814 1398 (οὗτοι

153 1417 199 1472 δ’
249 1421 384 1488 ἦσαν
438 1422 745 1476 Γεννουῖταί
793 1443 850 1475 τε
879 1421 969 1476 καὶ
1016 1421 1288 1477 Βενετικοί
1333 1419 1422 1472 καὶ
1452 1418 1625 1491 τρίτοι
1676 1422 1811 1472 Ηισ-

152 1513 326 1582 σαῖοι)
375 1515 558 1584 σοφῶς
605 1510 1112 1584 προσενεγκάμενος
1161 1509 1251 1563 καὶ
1312 1510 1396 1586 ὑφ’
1452 1508 1600 1578 αὐτῷ
1651 1506 1814 1573 ποιή-

152 1619 262 1652 σοι·
328 1598 471 1653 οὕτω
527 1601 626 1672 γὰρ
687 1600 749 1654 ἂν
809 1600 984 1655 αὐτῶν
1049 1599 1520 1667 ὓποποιηθέντων,
1583 1593 1712 1648 οἵων
1766 1596 1814 1647 τ’

152 1683 323 1741 ὄντων
385 1689 452 1742 τὰ
507 1690 735 1764 μέγιστα
783 1694 1097 1764 συγκροτεῖν
1155 1687 1208 1748 ἐς
1264 1686 1293 1741 ὅ
1348 1708 1398 1740 τι
1456 1684 1546 1739 καὶ
1581 1684 1812 1759 ῥέψοιεν,

148 1775 281 1838 τοὺς
334 1773 540 1839 ἄλλους
601 1778 691 1832 καὶ
755 1780 830 1850 μὴ
888 1777 1143 1838 Θέλοντας
1203 1778 1448 1851 ἠρεμεῖν.
1511 1775 1665 1830 Ὅθεν
1724 1771 1814 1825 καὶ

1922 598 2112 668 νόμοις
2147 595 2310 660 ἰδίοις
2368 597 2740 672 προσέχοντας
2793 595 3192 661 πολιτεύεσθαι,
3252 593 3492 648 ἀτέλειαν
3526 583 3575 645 δ’

1921 682 2066 759 ἔχειν
2100 686 2188 739 καὶ
2222 685 2528 759 ἐλευθερίαν
2563 686 2641 762 ἐρ’
2694 687 2854 738 ἅπασι
2905 683 3055 737 ναυσὶ
3106 684 3427 758 χρωμένους
3483 681 3571 734 καὶ

1926 775 2401 848 μεταχειρίζοντας
2461 778 2576 828 κατ’
2631 772 2914 847 ἐμπειρίαν
2972 773 3035 825 τα
3093 772 3409 845 πράγματα.
3475 769 3569 821 Καὶ

1919 867 2084 916 ταῦτα
2150 864 2245 934 μὲν
2307 862 2642 924 Ι¹εννουῖταις
2700 863 2764 915 τὰ
2813 860 3218 936 ἐπαγγέλματα,
3273 864 3571 917 Βενετικοῖς

1921 950 1976 1005 δὲ
2033 953 2118 1005 καὶ
2182 954 2463 1014 Πισσαίοις
2521 954 2587 1005 τα
2646 951 2810 1023 ὃμοια
2860 948 3402 1025 προσεφιλοτιμεῖτο,
3450 953 3568 1006 τοῖς

1925 1043 2016 1114 μὲν
2053 1042 2154 1095 ὑπὸ
2185 1043 2463 1114 παϊούλῳ,
2498 1042 2553 1095 ὄν
2586 1039 2793 1097 ’Ἑλλαν
2830 1041 2886 1093 ἀν
2931 1038 3074 1094 εἶ’ποι
3108 1039 3420 1111 ἐπίτροπον,
3453 1042 3568 1096 τοῖς

1919 1129 1976 1185 δὲ
2035 1133 2313 1193 Πισσαίοις
2373 1129 2680 1202 κονσούλῳ,
2742 1130 2921 1204 ἐφὸρῳ
2981 1131 3172 1201 νόμοις
3219 1133 3336 1187 τοῖς
3389 1127 3569 1180 αὐτῶν

1918 1222 2255 1296 χρωμένοις,
2307 1223 2560 1294 πράττειν
2593 1242 2650 1274 τε
2701 1222 2764 1273 τα
2817 1219 2991 1274 αὐτῶν
3049 1215 3370 1285 ἀκωλυτως,
3418 1215 3572 1270 ἐλευ-

1919 1313 2088 1387 θέρως
2136 1308 2502 1374 διαϐιοῦντας.
2565 1311 2715 1380 Πλὴν
2775 1317 2888 1371 τοῖς
2943 1310 3035 1382 μεν
3090 1306 3424 1367 Γεννουίταις
3473 1305 3571 1359 οὐκ

1920 1403 2035 1476 εἶχε
2085 1403 2355 1458 πιστεύειν
2415 1403 2564 1465 ἐντὸς
2614 1399 3148 1476 περικεκλεισμένοις
3205 1403 3300 1452 τοῦ
3363 1396 3568 1458 ἄστεος.

1918 1492 2152 1555 πολλοῖς
2211 1515 2270 1568 γε
2329 1494 2443 1547 οὖσι
2501 1493 2588 1546 καὶ
2651 1492 2711 1546 οὗ
2770 1493 2886 1546 κατ’
2946 1491 3181 1552 ἐκείνους
3231 1488 3564 1564 ἐμφοτέρους

1917 1583 2172 1656 οὖναμαι,
2207 1584 2445 1645 ἐκείνους
2481 1582 2527 1638 δ’
2576 1582 3002 1655 ἠλαττωμένους
3049 1586 3129 1652 τῷ
3186 1578 3387 1647 πλήθει
3423 1578 3572 1637 ἐντὸς

1917 1675 2163 1749 κατέχων
2215 1674 2314 1728 οὐκ
2361 1672 2542 1749 ἤλγει.
2599 1675 2673 1730 Τὸ
2707 1671 2749 1727 δ’
2800 1674 2888 1726 οὖν
2925 1670 3148 1743 διαιρεῖν
3181 1672 3247 1724 τα
3274 1671 3431 1742 γένη,
3479 1664 3571 1720 καί

1915 1770 2033 1823 τοῖς
2082 1766 2176 1836 μὲν
2220 1769 2451 1839 παροῦσι
2485 1763 2718 1838 φιλικῶς
2750 1762 2918 1838 ἔχειν,
2959 1767 3074 1822 τοῖς
3131 1757 3186 1814 δέ
3233 1759 3321 1812 καὶ
3374 1759 3569 1811 ἀποῦσι

149 1864 639 1937 προσκαλούμενος
674 1866 888 1941 ἡμέρας
946 1863 1083 1936 ὅλης
1117 1863 1456 1940 ἐχρημᾶτιζε
1496 1862 1561 1916 τὰ
1609 1861 1810 1927 εἰκότα,
1844 1854 2198 1944 Βπόρῥωθεν
2262 1853 2461 1927 δώροις
2533 1852 2820 1928 ὑποχαλᾷν
2871 1853 2961 1913 τὰς
3014 1852 3211 1926 ὁρμὰς,
3265 1847 3568 1908 δεικνύντος

153 1955 243 2006 καὶ
277 1959 398 2015 ταῖς
424 1959 530 2008 τῶν
561 1952 801 2009 ἐλπίδων
838 1956 1116 2026 ἀμείνοσιν
1175 1955 1386 2008 ὑπέσπα
1415 1973 1472 2006 τε
1518 1957 1618 2019 τῆς
1676 1950 1810 2024 πρὸς

155 2041 288 2103 τοὺς
319 2043 604 2116 ὁμογενεῖς
635 2044 977 2114 οίκειότητος
1007 2045 1097 2097 καὶ
1125 2044 1241 2097 κατ’
1278 2040 1468 2116 ὀλίγον
1519 2059 1813 2113 προσεποι-

152 2136 292 2200 εῖτο,
324 2131 412 2185 καί
439 2154 498 2206 γε
529 2133 623 2196 τὰς
654 2134 829 2208 ὁρμὰς
857 2133 1004 2210 σφίσι
1037 2137 1358 2210 σοφῶςρταῖς
1381 2132 1598 2205 χάρισιν
1627 2127 1812 2182 ὑπετέ-

158 2240 342 2289 μνετο.
400 2222 470 2276 Ai
516 2220 560 2276 δ’
601 2223 736 2290 ἦσαν
785 2222 836 2277 ἐν
884 2222 1040 2293 καλῷ
1070 2243 1127 2276 τε
1155 2229 1255 2290 τῆς
1280 2220 1494 2280 πόλεως
1542 2221 1809 2272 κατοικεῖν

152 2304 371 2376 ἀνέδην,
430 2311 588 2363 τόσον
647 2314 743 2365 τοῦ
800 2309 970 2364 τόπου
1026 2306 1316 2377 λαϐόντας,
1374 2307 1463 2362 καὶ
1510 2307 1608 2373 τὴν
1663 2305 1810 2380 σφίσι

153 2401 360 2469 συνήθη
402 2400 548 2470 τάξιν
587 2401 676 2455 ὑπ’
706 2400 935 2477 ἄρχοντι
983 2402 1324 2473 πεμπομένῳ
1378 2401 1458 2471 [Ρ.
1497 2400 1618 2469 105]
1669 2396 1811 2467 παρά

152 2492 251 2541 τοῦ
282 2494 469 2544 κοινοῦ
496 2488 775 2565 συνεδρίου
822 2496 916 2545 τοῦ
970 2493 1160 2565 γένους
1193 2489 1391 2553 αὐτῶν,
1427 2487 1484 2541 δν
1529 2485 1618 2540 καὶ
1650 2505 1810 2539 ποτε-

155 2616 415 2687 speciem
451 2617 639 2673 multo
692 2617 1051 2690 augustioris
1085 2617 1412 2687 majestatis
1443 2615 1811 2685 aliquantum

154 2705 391 2761 deliniri
452 2707 737 2778 potuisse,
791 2724 857 2762 ac
891 2725 1005 2762 non
1056 2706 1227 2778 longe
1277 2704 1458 2759 futuri
1507 2702 1688 2757 fuisse
1739 2701 1811 2755 ab

151 2795 590 2866 acquiescendo
636 2797 909 2868 praesenti
946 2797 1213 2859 fortunas,
1265 2793 1420 2848 haud
1454 2788 1814 2863 ignominio-

153 2901 288 2939 surn
313 2885 427 2940 sibi
454 2885 734 2941 ducentes
765 2885 865 2940 tali
893 2883 1144 2957 principi
1177 2883 1438 2946 subesse,
1469 2881 1580 2935 nisi
1607 2895 1814 2934 rancor

159 2972 462 3046 ingenitus
503 2975 559 3028 in
610 2979 1012 3045 contemptum
1063 2971 1374 3046 potestatis
1419 2969 1642 3026 homini
1697 2984 1810 3023 non

154 3064 249 3120 sui
275 3065 506 3136 generis
529 3065 858 3119 commissas
879 3063 1152 3129 traheret,
1179 3060 1501 3134 przesertim
1522 3059 1674 3114 102
1700 3073 1814 3112 me-

157 3168 354 3208 mores
403 3151 808 3208 calamitatum
852 3151 1102 3208 recentis
1155 3151 1363 3216 cladis,
1396 3154 1453 3205 et
1503 3148 1698 3219 pejora
1746 3162 1812 3200 ex

1919 1946 1984 2012 ἧν
2044 1945 2119 2006 ὡς
2179 1942 2340 1999 δεδίε·.
2394 1947 2491 2012 τήν
2555 1944 2886 2017 ὁμαιγμίαν,
2919 1943 3008 1996 καὶ
3073 1939 3283 2014 μᾶλλον
3319 1939 3401 1993 ὅτι
3435 1937 3572 1994 Βαλ-

1925 2032 2136 2096 δουῖνος
2173 2042 2363 2111 φυγαῖς
2408 2038 2760 2110 χρησάμενος
2805 2035 2892 2089 καὶ
2948 2030 3220 2107 Καρούλῳ
3276 2030 3571 2102 συμμίξας,

1924 2122 2072 2199 ἀνδρὶ
2118 2121 2336 2200 σοϐαρῷ
2384 2126 2472 2180 καὶ
2524 2127 2654 2197 ὑπὲρ
2706 2125 2767 2178 τὸ
2805 2127 2995 2195 μέτρον
3026 2125 3335 2198 φρονοῦντι,
3371 2118 3570 2187 συνήλ-

1923 2212 2084 2269 λαττε
2133 2212 2427 2288 λαμϐάνων
2479 2216 2562 2291 ἐφ’
2594 2219 2696 2286 υἱῴ
2733 2218 2830 2284 τήν
2865 2214 3070 2268 ἐκείνου
3103 2212 3367 2284 Θυγατέρα
3396 2211 3484 2263 καὶ
3520 2211 3571 2264 oi

1921 2304 1994 2366 ὡς
2030 2303 2154 2361 ἕδνα
2183 2309 2276 2376 τήν
2305 2307 2466 2363 πόλιν
2494 2310 2558 2376 ἦν
2595 2309 2695 2361 οὐκ
2723 2308 2836 2381 εἶχε
2860 2302 3066 2366 διδούς.
3097 2305 3154 2360 Ὀ
3205 2302 3245 2356 δ’
3291 2296 3570 2373 ὶλᾶμϐανε

1919 2397 2008 2449 καὶ
2045 2399 2119 2468 μὴ
2151 2394 2376 2473 ἔχοντος
2404 2401 2529 2474 παρ’
2560 2397 2786 2466 ἐκείνου,
2819 2395 3056 2465 ἐλπίζων
3092 2395 3164 2456 ὡς
3189 2392 3565 2465 καταλήψαιτο

1922 2487 2116 2542 στόλον
2150 2489 2454 2565 ἐξαρτύσας.

1923 2615 2052 2669 fecti
2085 2633 2118 2670 a
2166 2618 2413 2673 concilio
2445 2618 2635 2689 gentis
2679 2616 2913 2688 publico
2945 2615 3132 2684 missi,
3185 2630 3358 2688 quem
3395 2615 3566 2670 Pote-

1923 2709 2131 2761 statem
2167 2706 2279 2778 ipsi
2311 2711 2539 2773 vocant,
2572 2706 2810 2761 nomine
2859 2704 3231 2777 signiﬁcante
3263 2711 3564 2774 praetorem

1922 2802 2024 2852 aut
2054 2797 2462 2873 magistratum
2509 2813 2707 2853 rerum
2731 2797 3192 2870 judicandarum
3227 2799 3284 2851 et
3310 2794 3568 2850 admini-

1923 2890 2322 2957 strandarum,
2371 2889 2720 2944 auctoritate
2767 2889 3095 2961 praeditum,
3129 2887 3383 2958 prepriis
3425 2885 3564 2940 ilem

1922 2980 2394 3051 obtemperantes
2418 2979 2646 3050 legibus
2672 2997 2686 3046 ;
2718 2983 2995 3052 praeterea
3026 2984 3090 3034 ut
3119 2984 3318 3033 essent
3346 2976 3564 3031 immu-

1923 3084 2026 3123 nes
2059 3069 2212 3124 108
2239 3084 2304 3124 ac
2349 3083 2592 3140 prorsus
2619 3067 2788 3122 liberi
2824 3068 2882 3122 in
2919 3066 3079 3122 omni
3131 3065 3357 3121 ratione
3399 3063 3566 3119 navi-

1921 3157 2173 3228 gationis
2191 3172 2255 3213 ac
2279 3155 2635 3224 commercii,
2659 3156 2893 3229 negotia
2915 3156 3087 3212 solita
3108 3155 3256 3228 ipsis
3273 3151 3567 3209 industria

149 3241 396 3312 proclivi
448 3247 797 3310 metuentes,
831 3241 1050 3313 alioqui
1108 3241 1393 3311 superbos
1423 3237 1672 3293 animos.
1696 3235 1812 3290 Cm-
1844 3252 1887 3320 ο
1923 3248 2212 3318 gerentes.
2245 3248 2379 3300 Hec
2410 3243 2820 3301 Genuensibus
2847 3243 3159 3317 promissa,
3193 3241 3428 3297 Venetis
3458 3257 3566 3295 au-

148 3336 345 3387 terum
378 3336 732 3402 consumpta
761 3335 884 3387 tota
912 3347 982 3386 ea
1014 3331 1105 3386 die
1135 3330 1442 3400 plausibus
1474 3323 1804 3396 triumpha-

149 3420 309 3476 libus
341 3425 401 3476 et
433 3420 597 3476 l‘estis
629 3421 898 3485 canticis,
931 3437 1035 3493 per
1067 3424 1298 3476 noctem
1333 3419 1672 3489 sequentem
1706 3430 1804 3469 va-

141 3509 265 3564 lido
299 3510 574 3581 praesidio
608 3509 891 3582 palatium
927 3515 1160 3581 septum
1193 3514 1302 3564 est.

139 3671 231 3725 32.
274 3671 334 3728 Ut
364 3687 423 3726 se
450 3672 682 3741 gesserit
717 3673 1018 3742 imperator
1049 3688 1171 3726 cum
1199 3670 1436 3726 diversis
1471 3667 1804 3725 Latinorum

583 3747 702 3816 post
731 3744 1047 3813 ingressum
1078 3745 1134 3797 in
1167 3743 1376 3797 urbem.

220 3874 394 3925 Mane
444 3873 757 3925 consecuto
800 3874 989 3925 totum
1043 3885 1106 3924 se
1151 3867 1474 3940 imperator
1518 3863 1808 3938 impendit

144 3957 418 4015 consiliis
442 3962 499 4013 et
521 3959 1044 4015 deliberationibus
1067 3959 1136 4014 de
1158 3959 1382 4030 optima
1405 3955 1626 4012 ratione
1643 3971 1809 4011 cons.

146 4047 439 4102 tituendaa
474 4065 538 4103 ac
563 4049 854 4119 praesidiis
885 4049 1188 4104 firmandae
1213 4046 1482 4108 civitatis.
1506 4045 1692 4116 deque
1712 4043 1807 4100 via

145 4153 212 4192 ac
245 4137 424 4192 modo
463 4136 819 4193 conciliandi
853 4141 1030 4208 atque
1060 4137 1118 4192 in
1170 4140 1368 4208 partes
1400 4151 1561 4202 suas,
1611 4133 1804 4205 quoad

145 4229 350 4298 posset
382 4224 531 4290 ﬁeri,
563 4225 833 4282 trahendi
858 4225 1184 4298 praecipuos
1206 4239 1469 4296 quosque
1501 4221 1684 4278 Italici
1707 4237 1809 4294 ge-

143 4315 309 4370 neris
341 4313 427 4380 (hi
459 4320 627 4370 erant
657 4315 1022 4381 Genuenses,
1063 4314 1262 4370 Veneti
1290 4318 1347 4368 et
1376 4311 1532 4369 tertii
1566 4311 1810 4381 Pisani):

144 4421 287 4462 nam
331 4403 383 4459 si
415 4403 524 4459 hos
557 4405 666 4460 sibi
708 4404 1090 4471 devinxisset,
1121 4421 1257 4476 spes
1300 4407 1425 4458 erat
1455 4401 1540 4458 vel
1588 4401 1810 4474 pariter

143 4509 503 4550 assensuros
533 4497 589 4549 et
613 4495 782 4565 quasi
815 4493 867 4548 vi
902 4493 1181 4564 quadam,
1212 4492 1428 4547 vellent
1445 4489 1687 4557 nollent,
1721 4494 1807 4545 at-

143 4581 473 4639 trahendus
489 4580 874 4653 reliquos,vel
900 4583 948 4637 si
973 4580 1344 4637 contumacia
1362 4579 1650 4634 invictain
1674 4579 1807 4634 odio
1835 4621 1884 4686 Β

143 4675 510 4746 perstarent,
560 4677 894 4727 exarmatos
937 4686 1140 4725 eorum
1192 4669 1554 4725 discessione
1604 4669 1804 4725 minus

141 4762 430 4832 deinceps
457 4761 528 4815 ad
546 4763 866 4817 nocendum
891 4759 1174 4815 valituros
1197 4764 1254 4814 et
1280 4759 1583 4830 quieturos
1605 4774 1802 4814 neces-

139 4851 302 4907 sario
335 4854 601 4906 ceteros.
637 4852 826 4916 Quare
856 4849 929 4905 iis
959 4849 1032 4904 ad
1081 4865 1144 4905 se
1173 4848 1396 4904 vocatis
1435 4846 1804 4920 alloquendis

139 4940 405 4997 solidum
437 4940 697 5012 sumpsit
726 4940 903 5006 diem,
929 4939 1140 4995 idonea
1163 4952 1631 4994 commemorans
1653 4936 1805 4993 deli-

139 5033 383 5090 niendis
415 5032 586 5104 ipsis,
608 5037 666 5087 et
689 5049 793 5104 spe
815 5034 1262 5088 commodorum
1292 5029 1503 5101 cuique
1527 5028 1801 5101 privatim

140 5122 480 5179 oblatorum
507 5122 868 5178 abducendis
890 5140 921 5176 ιι
943 5121 1241 5176 communi
1270 5119 1541 5175 universo
1564 5120 1802 5174 Latino-

140 5229 274 5267 rum
308 5210 511 5283 generi
544 5212 980 5282 conspiratione
1003 5209 1060 5265 in
1084 5210 1284 5264 odium
1309 5209 1663 5265 Graecorum.
1688 5208 1801 5263 Nec

143 5302 294 5358 nihil
329 5301 676 5373 proficiebat
707 5301 824 5356 ista
855 5317 1067 5372 opera:
1105 5299 1325 5356 sensim
1359 5299 1514 5353 enim
1540 5298 1800 5355 circura-

137 5392 236 5447 bat
271 5391 450 5457 feros,
478 5395 533 5446 et
547 5407 727 5447 savos
744 5391 1024 5446 iratorum
1043 5390 1298 5462 impetus
1312 5388 1611 5445 beneficiis
1624 5387 1800 5445 emol-

132 5482 338 5537 liendo
376 5481 703 5553 frangebat.
738 5481 887 5553 Ipsis
919 5482 1135 5552 quippe
1156 5479 1496 5552 indulgebat
1520 5483 1582 5535 ut
1612 5480 1671 5534 in
1699 5481 1800 5536 bo-

143 5588 220 5627 no
255 5569 425 5626 urbis
456 5569 582 5626 loco
613 5570 879 5626 habitare
909 5586 1114 5626 secure
1146 5573 1407 5641 possent,
1434 5573 1665 5624 tantum
1687 5566 1800 5624 loci

139 5663 512 5731 occupantes
562 5663 847 5730 quantum
881 5658 994 5714 sibi
1046 5658 1316 5714 sufﬁcere
1365 5661 1659 5730 putarent,
1693 5673 1799 5714 sua

137 5751 417 5822 ipsorum
448 5747 687 5822 propria
715 5751 949 5805 utentes
978 5745 1309 5821 disciplina,
1342 5747 1454 5804 sub
1484 5762 1625 5805 cura
1650 5763 1798 5820 pro-

1916 3343 2034 3394 tem
2057 3338 2114 3390 et
2138 3332 2368 3388 Pisanis
2390 3333 2552 3406 paria
2565 3332 2841 3389 similiter
2863 3336 3154 3389 ostentata
3179 3336 3338 3394 sunt,
3354 3345 3564 3400 nempe

1913 3430 1980 3482 ut
2011 3422 2096 3479 illi
2138 3422 2376 3494 quidem
2429 3422 2541 3478 sub
2592 3419 2794 3493 bajulo
2855 3420 3181 3493 (vocabulo,
3233 3419 3373 3474 siin
3405 3417 3568 3474 Grae-

1911 3530 2045 3570 cum
2077 3511 2885 3582 interpreteris,prepositum
2910 3509 3201 3580 sonante),
3239 3508 3426 3564 Pisani
3461 3523 3564 3561 au-

1915 3607 2029 3658 tem
2083 3599 2192 3657 sub
2237 3598 2498 3670 consule,
2542 3599 2713 3670 quasi
2766 3599 2928 3656 dicas
2961 3598 3180 3672 ephoro
3223 3601 3328 3653 aut
3375 3595 3562 3662 aedile,

1913 3690 2146 3762 legibus
2177 3688 2442 3760 ipsorum
2474 3688 2729 3761 quisque
2760 3689 3013 3759 prop'iis
3044 3692 3353 3743 uterentur
3393 3701 3562 3764 suas-

1914 3797 2028 3852 que
2059 3795 2152 3836 res
2184 3782 2423 3850 agerent
2444 3777 2793 3850 prohibente
2825 3777 3078 3848 nemine,
3113 3776 3292 3832 libere
3315 3792 3416 3847 per
3436 3791 3562 3830 om-

1917 3871 2014 3926 nia
2030 3869 2324 3938 viventes;
2351 3872 2625 3924 caterum
2648 3867 3058 3924 Genuensibus
3081 3867 3224 3924 satis
3245 3867 3424 3922 ﬁdere
3447 3882 3560 3920 non

1913 3962 2139 4030 poterat
2167 3957 2321 4013 intra
2351 3957 2556 4013 urbem
2588 3956 2961 4030 degentibus,
2994 3957 3148 4028 quod
3184 3953 3351 4011 multi
3366 3958 3566 4010 essent

1913 4065 2018 4106 nec
2050 4065 2182 4104 cum
2235 4046 2462 4103 Pisanis
2492 4051 2548 4102 et
2576 4047 2816 4103 Venetis
2856 4045 3252 4102 communiter
3281 4044 3559 4110 viverent,

1913 4138 2016 4196 sed
2050 4153 2191 4194 suas
2220 4135 2335 4194 sibi
2384 4136 2706 4209 separatim
2734 4153 2827 4194 res
2859 4137 3144 4193 baberent
3172 4152 3186 4203 ;
3234 4151 3382 4207 quos
3413 4132 3562 4190 alla-

1911 4226 2078 4292 trari,
2101 4227 2638 4300 cumjapparerent,
2664 4232 2723 4283 et
2753 4225 2937 4300 plebis
2959 4225 3257 4299 proscindi
3280 4223 3562 4282 conviciis

1913 4317 2072 4374 haud
2106 4316 2348 4372 moleste
2381 4316 2623 4382 ferebat,
2656 4316 2740 4372 sic
2772 4316 2905 4372 illos
2935 4315 3109 4387 (quod
3142 4313 3254 4371 sibi
3287 4312 3429 4369 utile
3460 4329 3564 4385 pu-

1912 4405 2096 4477 tabat)
2127 4404 2386 4462 cohiberi
2419 4419 2492 4460 ne
2510 4403 2677 4461 facile
2700 4405 3023 4476 prodirent,
3053 4408 3110 4459 et
3135 4403 3297 4460 intus
3318 4401 3561 4458 detineri

1915 4496 2290 4568 gaudens.Ea
2307 4509 2478 4566 porro
2495 4493 3089 4550 industriatractandi
3104 4492 3492 4565 separatimcu
3505 4508 3559 4546 m

1916 4599 2274 4656 unaquaque
2309 4588 2506 4656 gente,
2533 4589 2589 4640 et
2621 4583 3007 4656 praesentibus
3055 4583 3291 4656 quidem
3317 4582 3560 4636 benevo-

1914 4673 2156 4730 lentiam
2185 4671 2520 4740 exhibendi,
2547 4672 2747 4745 procul
2769 4671 3384 4730 veroabsentiumiras
3405 4685 3563 4724 exar-

1914 4761 2116 4821 mandi
2145 4760 2318 4817 donis
2351 4761 2550 4817 missis
2582 4764 2637 4816 et
2667 4761 2991 4834 privilegiis
3013 4759 3417 4830 lndultis,ejus
3439 4762 3564 4813 erat

1917 4853 2018 4924 qui
2051 4851 2388 4908 ostenderet
2418 4850 2738 4907 formidare
2768 4867 2830 4908 se
2862 4851 3155 4907 rationum
3187 4849 3396 4905 harum
3421 4864 3560 4903 con-

1914 4959 2156 5000 sensum
2184 4946 2240 4999 et
2274 4941 2774 5015 conspirationem
2824 4944 2883 4999 in
2915 4957 3287 4999 communem
3329 4939 3562 5013 expedi-

1913 5035 2131 5090 tionem
2161 5032 2465 5101 bellicam;
2501 5049 2677 5106 quem
2709 5032 2796 5088 illi
2839 5033 3034 5105 magis
3092 5031 3439 5088 admovebat
3470 5031 3563 5085 in-

1912 5124 2309 5195 tendebatque
2340 5127 2560 5179 metum
2593 5128 2870 5196 acceptus
2900 5125 2971 5180 de
3003 5121 3283 5180 Balduino
3315 5121 3561 5177 nuntius

1909 5214 2091 5272 istum
2109 5214 2366 5270 referens
2381 5214 2516 5286 fuga
2531 5214 2721 5270 eelatu
2733 5231 2785 5270 m
2800 5215 2871 5270 ad
2887 5213 3048 5270 Carol
3060 5229 3299 5286 um,pras
3311 5213 3556 5268 ferocem

1915 5307 1974 5358 et
2022 5319 2372 5375 magnorum
2422 5302 2737 5375 spirituum
2771 5303 3000 5372 virum,
3032 5302 3377 5358 afﬁnitatem
3423 5317 3556 5356 cum

1911 5407 1977 5447 eo
1999 5391 2363 5447 contraxisse
2397 5393 2703 5464 jungenda
2724 5409 2832 5448 suo
2852 5392 3040 5449 Caroli
3081 5391 3226 5460 filia,
3269 5391 3560 5460 imputata

1910 5479 1967 5533 in
1986 5479 2402 5550 patrimonium
2425 5485 2482 5535 et
2503 5480 2836 5536 maritalem
2860 5481 3056 5536 dotem
3093 5480 3236 5534 urbe
3273 5479 3556 5534 Constan-

1911 5568 2366 5642 tinopoli,quam
2391 5567 2526 5625 licet
2547 5570 2646 5642 qui
2667 5570 3137 5642 assignabatnon
3162 5568 3424 5636 haberet,
3455 5568 3563 5623 ad-

1911 5656 2076 5712 misit
2105 5657 2494 5715 nihilominus
2511 5657 2756 5716 Carolus
2775 5657 3296 5731 libenter,sperans
3316 5673 3378 5714 se
3394 5655 3557 5712 illam

1911 5750 2287 5821 recepturum
2309 5745 2706 5821 classe,qusm
2753 5747 2826 5806 sd
2876 5747 2934 5805 id
2949 5747 3237 5821 armabat,
3268 5745 3560 5804 immlssa.
