4246 6446
673 406 780 459 603

1986 402 2287 458 GEORGII
2326 395 2790 452 PACHYMEBE

3976 379 4083 433 604

746 527 849 602 λγ“,
893 531 1075 591 Ὅπως
1119 531 1425 607 ἐτάχθησαν
1582 532 1717 585 κατὰ
1754 532 1853 597 τὴν
1894 525 2057 582 πόλιν
2103 522 2250 599 παρὰ
2350 526 2402 591 Α
2430 517 2556 579 τοὺς
2588 512 2973 591 προσελῶντας
3015 510 3073 607 ἐικ
3118 512 3226 562 τῶν
3272 510 3474 607 χωρῶν
3528 505 3618 607 καὶ
3680 503 3755 566 εἷς
3816 499 4084 607 χιλιάδας

1355 602 1646 678 βασιλέως.

746 705 966 772 Πρῶτον
999 707 1128 775 γοῦν
1183 708 1291 757 τῶν
1339 702 1546 758 ἐκείνου
1605 700 1779 777 ἔργων
1830 700 1979 760 ἐντὸς
2021 695 2119 751 τοῦ
2160 694 2323 749 πολί-

674 809 877 860 σματος
911 790 1035 852 τοὺς
1068 791 1320 852 ἐποίκους
1367 792 1599 866 εἰσάγειν
1647 813 1703 846 τε
1748 792 1835 844 καὶ
1887 788 2135 857 οἷ’κίζειν,
2186 782 2321 857 πρὸς

672 882 738 950 τῇ
800 880 1043 954 θαλάσσῃ
1098 881 1538 953 κατῳκισμένους
1593 882 1655 935 τὸ
1713 879 2012 953 πρότερον,
2074 873 2321 947 δεύτερον

671 966 1028 1038 κληροδοτεῖν
1078 976 1192 1031 τοῖς
1244 970 1295 1024 ἐν
1338 970 1485 1025 τέλει
1518 970 1672 1034 ἐκτός
1699 990 1757 1024 τε
1786 970 1875 1023 καὶ
1907 966 2056 1026 ἐντὸς
2105 961 2323 1020 πόλεως

668 1056 868 1117 τόπους
899 1057 975 1119 εἷς
1023 1060 1307 1133 γεωργίαν,
1342 1060 1685 1134 ἐξῃρημένης
1735 1065 1837 1127 τῆς
1873 1056 1948 1116 εἰς
1976 1058 2139 1129 χάριν
2174 1070 2325 1125 γονι-

668 1149 949 1218 κευθείσης
1008 1156 1125 1211 τοῖς
1183 1150 1637 1227 θεληματαρίοις,
1692 1157 1793 1218 τῆς
1824 1146 2041 1202 ἐκείνων
2084 1140 2327 1210 σπουδῆς

671 1238 759 1291 καὶ
820 1239 1027 1300 εὐνοίας
1073 1238 1227 1295 ἕνεκα
1254 1249 1357 1316 γῆς
1403 1242 1611 1316 ἀγαθῆς
1669 1240 1745 1302 εἷς
1806 1232 2173 1313 καρπογονίαν
2232 1230 2321 1285 καὶ

673 1328 952 1398 ἀρετώσης
1002 1331 1078 1395 εἰς
1120 1338 1221 1386 πᾶν
1262 1334 1324 1387 τὸ
1373 1328 1879 1404 καταϐαλλόμενον.
1931 1328 2051 1384 Ἔτι
2082 1324 2130 1378 τ’
2187 1323 2323 1400 ἀφο·

671 1423 820 1472 σιοῦν
877 1426 996 1481 ταῖς
1058 1426 1247 1493 μοναῖς
1303 1423 1490 1497 ἑτέρας
1545 1418 1691 1493 μάλα
1747 1416 1994 1493 πιείρας.
2059 1414 2161 1471 Ἦν
2220 1411 2324 1487 γὰρ

674 1510 823 1581 αὐτῷ
850 1512 913 1565 τὸ
958 1510 1281 1585 σπούδασμα
1335 1513 1425 1567 καὶ
1482 1513 1704 1573 ταύταις
1736 1507 2169 1585 προσαρμόττειν
2226 1504 2325 1563 τὰς

672 1594 794 1669 ἔξω,
855 1602 934 1669 [Ρ.
972 1603 1094 1673 106]
1145 1598 1200 1655 a'i
1232 1599 1298 1670 δὴ
1336 1601 1438 1656 ὑπὸ
1470 1598 1669 1672 πολλῷ
1725 1597 1952 1668 πλούτῳ
1979 1594 2096 1649 κατ’
2126 1592 2324 1646 avaro-

672 1681 776 1751 λην
820 1684 1153 1758 παμπληθὲς
1213 1687 1498 1763 αὐτάρκως
1555 1686 1777 1761 εγουσαι
1832 1687 1940 1738 τῶν
1996 1675 2323 1747 ἐπιτηδείων

669 1774 1003 1828 συνίσταντο’
1067 1774 1215 1829 οὕτω
1271 1774 1371 1852 γὰρ
1426 1775 1624 1830 ἐκεῖθεν
1682 1774 1772 1828 καὶ
1827 1770 2023 1829 ταύτας
2078 1768 2323 1833 συνιστῖρ

667 1859 921 1936 ἑγκώκει.
953 1865 1145 1939 Τρίτον
1176 1870 1294 1926 τοῖς
1329 1863 1769 1939 συνειλεγμένοις
1826 1856 2099 1915 ἐκδιδόναι
2155 1853 2324 1909 τόπον

668 1948 751 2028 ἐφ’
782 1952 827 2023 ᾧ
859 1953 1089 2022 κτίζοιεν
1144 1953 1231 2008 ἐπὶ
1261 1951 1430 2010 τέλει.
1485 1954 1562 2011 Τὸ
1594 1950 1651 2007 δὶ
1676 1952 1783 2027 πρὸ
1816 1949 2022 2005 τούτων
2054 1944 2144 2000 καὶ
2205 1947 2321 2015 μεῖ-

669 2027 759 2109 ζὸν
819 2042 1045 2117 ἀρήγειν
1102 2042 1500 2114 ἐπανηκούσαις
1557 2045 1663 2116 πρὸ
1713 2040 1779 2095 τὸ
1826 2042 2043 2114 πρῶτον
2101 2033 2164 2088 τὸ
2224 2027 2320 2085 δο-

664 2136 778 2185 κεῖν
840 2137 1031 2203 μοναῖς
1085 2132 1261 2202 εἶναι,
1335 2132 1632 2200 ἀνακτίζειν
1689 2150 1748 2185 τε
1805 2128 1895 2184 καὶ
1950 2132 2013 2180 τὸ
2070 2120 2322 2193 πόλισμα

664 2219 805 2275 πάνυ
881 2219 1194 2285 σπουδαίως
1264 2220 1394 2286 τοὺς
1467 2222 1574 2276 ἀπὸ
1641 2219 1987 2294 στρατιωτῶν
2049 2208 2319 2288 ἐλαφροὺς

665 2308 967 2384 εἰσάγοντα.
1032 2308 1190 2381 Μηδὲ
1237 2312 1338 2387 γὰρ
1390 2312 1694 2386 ἠρεμήσειν
1746 2308 1923 2368 οὕτως
1970 2301 2318 2377 ἐξελαθέντας

662 2398 788 2461 τοὺς
826 2401 946 2473 πρὶν
996 2400 1349 2476 κατέχοντας,
1402 2398 1552 2456 ἀλλὰ
1608 2398 1792 2471 στόλῳ
1847 2389 2319 2476 συνεπιθήσεσθαιι

666 2492 759 2560 Τῷ
814 2510 899 2544 τοι
962 2489 1053 2545 καὶ
1111 2474 1307 2546 στόλον
1363 2489 1584 2565 ἐξήρτυε
1635 2488 1726 2544 καὶ
1786 2486 2174 2559 ἐναυπηγεῖτο,
2230 2474 2323 2534 καὶ

774 2694 861 2750 33.
900 2695 963 2751 Ut
993 2709 1079 2750 res
1114 2694 1269 2748 urbis
1292 2692 1570 2749 ordinatae
1616 2691 1732 2746 sint
1755 2691 1824 2745 ab
1859 2688 2210 2759 imperatore.

741 2783 1004 2838 Primum
1054 2782 1427 2853 imperatoris
1461 2780 1667 2836 urbem
1727 2774 1975 2849 ingressi
2026 2786 2176 2844 opus
2208 2767 2323 2823 fuit

671 2873 1091 2928 suburbiorum
1108 2870 1523 2943 inquillinosin
1540 2868 2058 2932 urbemiuducere,
2073 2861 2141 2916 ad
2164 2874 2321 2915 mare

672 2962 837 3032 prius
870 2960 1203 3016 habitantes
1228 2976 1241 3014 :
1268 2960 1592 3017 secundum
1616 2956 1969 3014 distribuere
1992 2952 2149 3007 164
2168 2948 2320 3019 opti-

671 3051 928 3105 matibus
960 3050 1330 3106 hereditaria
1359 3051 1514 3106 bona
1539 3048 1697 3104 intra
1725 3051 1783 3105 et
1809 3050 1973 3101 extra
2000 3040 2319 3105 civitatem,

2433 604 2617 662 ἔταττε
2644 601 2887 662 πλείους.
2919 597 3101 656 νΑΛλιι
3130 616 3187 651 τε
3226 591 3414 649 πολλὰ
3465 594 3818 666 κατέπραττε,
3868 592 3936 645 τὰ
3988 591 4083 662 μὶν

2427 695 2563 749 κατὰ
2593 692 2795 767 χρείων
2822 690 2889 744 τὰ
2918 685 2976 742 δὲ
3004 687 3123 759 uti;
3146 685 3261 740 κατ’
3294 678 3581 751 ἔκπληξιν,
3622 678 4081 756 προαναστέλλων

2428 782 2522 843 τὰς
2553 782 2836 842 ἐπιθέσεις.

2433 887 2533 944 λδ’.
2579 890 2798 945 Ὀποῖαι
2846 886 2981 954 ἦσαν
3033 882 3087 936 αἱ
3117 880 3241 953 περῖ
3290 883 3402 954 τοῦ-
3420 876 3765 954 πατριάρχου
3806 875 4084 948 Ἀρσενίου

2903 960 3010 1011 τῶν
3042 948 3345 1027 ἀρχιέρεων
3382 948 3600 1025 βουλαί.

2501 1052 2601 1106 Ἢν
2671 1045 2728 1103 δὲ
2792 1044 2895 1120 ἄρα
2974 1041 3144 1116 μέλον
3219 1040 3404 1112 ἐκείνῳ
3462 1039 3551 1093 καὶ
3606 1044 3708 1107 τῆς
3757 1033 4086 1104 Ἑκκλησίας

2432 1137 2575 1195 οὕτω
2648 1135 3051 1210 κεχηρωμὲνης
3109 1128 3393 1202 ποιμένος.
3455 1134 3666 1201 Συνῆγε
3720 1125 3901 1179 τοίνυν
3956 1122 4085 1184 τοὺς

2430 1230 2692 1302 ἱεράρχας
2746 1224 2838 1279 καὶ
2896 1218 3122 1297 βουλαῖς
3177 1218 3272 1272 σὺν
3328 1216 3513 1271 αὐτοῖς
3568 1214 3795 1289 ἐχρῆτο,
3825 1214 3889 1268 τὸ
3919 1232 4087 1281 ποιη-

2429 1298 2562 1372 τέον
2594 1298 2783 1380 ⁷(ξὲλων
2846 1310 3148 1385 μανθάνειν.
3208 1312 3335 1368 Τοῖς
3395 1305 3491 1379 μὶν
3548 1304 3638 1359 οὗν
3682 1298 3856 1357 ἐδόκει
3886 1300 4086 1355 ἀνακα-

2431 1403 2642 1461 λεῖσθαι
2714 1398 2791 1457 ἔτι
2867 1398 3127 1472 περιόντα
3181 1397 3273 1451 τὸν
3352 1394 3703 1467 πατριάρχην
3776 1390 4039 1464 Αρσένιον
4073 1408 4084 1420 ·

2436 1491 2708 1567 μηδὲγὰρ
2751 1492 3049 1548 κανονικιῖλς
3078 1479 3353 1560 προϐῆναι
3408 1482 3476 1537 τὰ
3519 1482 3637 1537 κατ’
3690 1480 3913 1535 ἐκεῖνον·
3978 1474 4085 1531 ἔδει

2430 1582 2530 1660 γὰρ
2589 1581 2865 1653 ἐπιμένειν
2915 1573 3393 1652 παρακαλοῦντας,
3442 1572 3532 1626 καὶ
3596 1571 3673 1643 μὴ
3733 1568 3819 1639 ἐᾷν
3880 1587 4089 1642 παρευ-

2580 1667 2907 1745 ἆνέγκλητον
2969 1662 3117 1719 ὄντα.
3173 1665 3302 1723 Τοῖς
3361 1658 3418 1715 δέ
3445 1656 3759 1734 τοῧμπαλιν
3794 1656 3954 1711 αὐτὸν
3988 1654 4084 1729 μὶν

2436 1760 2613 1835 μένειν
2672 1759 2755 1834 ἐφ’
2812 1758 2895 1817 οἷς
2946 1754 3329 1828 κατέγνωστο-
3392 1750 3586 1817 ἱκανὴν
3642 1748 3745 1822 γὰρ
3804 1746 3939 1801 εἶναι
3996 1745 4083 1797 καὶ

2434 1834 2512 1912 εἰς
2540 1846 2867 1922 παραίτησιν
2900 1844 3000 1913 τήν
3052 1839 3388 1916 ἐκχώρησιν,
3438 1837 3529 1893 καὶ
3557 1837 3620 1891 τὸ
3650 1835 3973 1907 ἀξιούμενον
3995 1834 4087 1922 Δμὴ

2431 1918 2845 2011 καταδέχεσθαι,
2880 1930 3005 1987 ἀλλ’
3035 1928 3379 2001 ἀποπέμπειν
3436 1924 3564 1988 τοὺς
3623 1918 4089 2011 ἱκετεύοντας-δη-

2430 2008 2672 2085 λοΰντος⁷
2716 2022 2783 2091 ἦν
2843 2022 2916 2082 ὡς
2964 2015 3232 2091 ἀπολέγοι
3288 2015 3390 2084 τήν
3450 2010 3801 2087 προστασίαν.
3860 2008 4087 2066 Τούτων

2431 2113 2575 2169 οὕτω
2602 2114 2941 2183 κινουμένων
2995 2105 3084 2163 καὶ
3132 2104 3467 2181 λεγομὲνων,
3502 2103 3529 2157 ὁ
3564 2099 3819 2177 βασιλεὺς
3847 2097 3939 2154 καὶ
3978 2096 4090 2169 ἇμο

2431 2203 2685 2281 φοτέροις
2740 2197 3010 2271 τιθεμένῳ
3067 2194 3223 2267 ἐῴκει
3274 2189 3619 2267 προμηθείας
3671 2195 3769 2279 τῆς
3816 2187 3934 2242 κατ’
3994 2184 4094 2281 αὐτ

2428 2273 2520 2349 τὸν
2565 2273 2775 2347 ἕνεκα.
2835 2286 2905 2341 Τό
2959 2306 3020 2341 τε
3070 2283 3172 2360 γὰρ
3250 2281 3455 2336 ἐκεῖνον
3516 2276 3938 2354 μετακαλεῖσθαι
3996 2273 4090 2329 καὶ

2432 2382 2649 2458 ἐφιστᾷν
2724 2382 2843 2449 τοῖς
2918 2371 3395 2444 ἐκκλησιαστικαῖς
3451 2369 3763 2458 πράγμασιν
3823 2365 3881 2421 εὗ
3940 2363 4090 2440 ἔχειν

2432 2454 2632 2539 ἐδόκει,
2694 2466 2741 2522 εἰ
2805 2466 2896 2522 ὑπ’
2946 2461 3139 2535 ἐκείνῳ
3195 2462 3625 2535 πατριαρχοῢντι
3679 2456 3748 2512 τὰ
3774 2455 3913 2511 κατὰ
3942 2454 4091 2528 γνώ-

2432 2668 2665 2729 cunctis
2710 2666 2977 2737 undique
3026 2661 3387 2734 regionibus,
3435 2660 3510 2717 ad
3554 2659 3743 2715 multa
3793 2656 4093 2729 remigum

2430 2760 2617 2817 millia
2645 2754 3015 2814 ceuturiavit.
3068 2753 3244 2809 Plura
3271 2766 3509 2823 quoque
3538 2750 3668 2821 ejus
3714 2748 3951 2821 generis
3980 2746 4099 2803 alia

2434 2850 2590 2916 fecit,
2644 2846 2858 2920 partim
2893 2844 2965 2900 ad
3010 2859 3185 2899 usum
3234 2856 3438 2896 verum
3498 2837 3865 2894 imminentis
3930 2836 4099 2901 belli,

2433 2938 2648 3011 partim
2680 2935 2753 2990 ad
2785 2933 3066 3006 speciem,
3118 2946 3366 3003 sperans
3394 2933 3615 2984 terrore
3646 2926 3771 2999 ipso
3802 2926 3951 2981 varii
3986 2941 4094 2997 ap-

2434 3030 2676 3099 paratus
2706 3027 2766 3079 et
2794 3024 3092 3078 ostentata
3121 3020 3257 3075 inde
3288 3016 3644 3074 confidentia
3688 3031 3749 3071 se
3778 3031 4095 3087 repressu-

670 3139 875 3195 domos
906 3144 963 3193 et
993 3155 1164 3211 agros
1197 3139 1267 3194 ad
1320 3138 1636 3203 culturam,
1672 3133 1971 3206 segregata
2010 3135 2204 3186 tamen
2254 3144 2321 3183 ea
2436 3134 2569 3173 Tum
2600 3129 2735 3211 Spes
2766 3114 3019 3169 εῠάἃοθε
3067 3109 3429 3211 ίξξιείαῐηίυω
3471 3108 3612 3211 urb}.
3655 3106 4007 3162 Ῑιαὶίῠοΐυω
4038 3109 4099 3161 εἰ

669 3233 833 3299 parte
865 3245 1037 3298 quam
1072 3229 1132 3283 in
1164 3229 1367 3300 gratiae
1392 3226 1516 3284 loco
1547 3224 1758 3282 eximie
1772 3218 2120 3279 voluntariis
2139 3233 2320 3273 reser-
2351 3211 2395 3278 C
2435 3221 2645 3264 novam
2680 3204 2739 3259 in
2771 3219 2900 3259 οιω
2927 3200 3357 3273 expeditionem
3387 3197 3745 3267 Parnm-ium-

666 3322 921 3383 vaverat,
956 3316 1261 3387 praemium
1294 3316 1567 3371 debitum
1586 3314 1781 3369 studio
1811 3316 1868 3367 at
1898 3305 2321 3365 benevolentia

669 3407 975 3477 ipsorum:
1008 3411 1135 3462 erat
1171 3410 1380 3461 autem
1415 3404 1516 3460 illa
1548 3406 1736 3476 portio
1784 3407 1955 3457 terrm
2001 3398 2234 3470 optime
2264 3399 2323 3451 et

668 3494 728 3550 in
762 3496 923 3552 omni
951 3496 1245 3551 fructuum
1268 3511 1481 3569 genere
1514 3494 1745 3549 feracis.
1772 3490 2008 3563 Excepit
2039 3493 2097 3544 et
2127 3491 2321 3559 partes

668 3585 817 3640 alias
849 3586 1229 3641 monasteriis
1276 3584 1441 3640 valde
1472 3585 1744 3657 pingues.
1777 3582 1916 3637 Erat
1951 3582 2146 3649 autem
2179 3577 2231 3631 ei
2262 3575 2319 3630 in

669 3666 868 3722 animo
894 3666 1248 3721 monasteria
1278 3664 1588 3727 urbanaiis
1601 3679 1732 3735 quae
1747 3660 2099 3717 multaextra
2114 3657 2321 3712 urbem

666 3754 843 3810 variis
868 3770 969 3826 per
987 3756 1283 3812 Orientem
1309 3754 1450 3811 locis
1464 3753 1809 3810 visebantur
1827 3749 1996 3819 ditia,
2020 3752 2077 3803 et
2099 3760 2323 3817 magnas

670 3844 1039 3900 multitudini
1068 3844 1291 3901 alendze
1321 3844 1478 3917 quod
1512 3843 1807 3899 sufﬁceret
1852 3836 2151 3904 habentia,
2186 3851 2321 3891 con-

666 3934 939 4005 jungere,
972 3934 1056 3989 sic
1088 3934 1209 3989 fore
1259 3937 1583 3988 autumans
1615 3934 1680 3986 ut
1709 3946 1777 3987 ex
1808 3929 2126 3985 alterorum
2159 3922 2327 3995 cepia

670 4025 988 4079 alterorum
1006 4024 1216 4096 inopia:
1240 4023 1685 4089 subveniretur;
1715 4036 1891 4092 quam
1912 4018 2193 4090 optimam
2217 4030 2325 4085 pu-

670 4114 837 4169 tabat
868 4116 1361 4170 monasteriorum
1395 4112 1559 4168 urbis
1590 4116 1746 4168 recte
1776 4108 2324 4166 constituendorum

672 4203 982 4258 rationem.
1036 4203 1256 4259 Statuit
1303 4218 1540 4275 quoque
1585 4206 1650 4257 ut
1697 4199 1953 4256 evocatis
1996 4199 2067 4253 ad
2120 4197 2327 4252 urbem

670 4293 1160 4363 frequentandam
1193 4294 1646 4364 assignareutur
1678 4292 1804 4346 loca
1825 4290 1885 4344 in
1910 4287 2125 4361 quibus
2147 4286 2327 4341 aedifi-

672 4387 891 4449 carent,
924 4387 1080 4438 certo
1104 4382 1325 4438 indicto
1341 4380 1609 4453 vectigali
1630 4380 1785 4452 quod
1820 4379 1960 4435 fisco
1983 4379 2327 4449 penderent.

671 4475 820 4528 Ante
850 4474 968 4528 haec
1021 4477 1080 4528 et
1118 4470 1277 4527 aliud
1328 4472 1589 4528 instituit
1641 4471 1837 4543 majus
1885 4472 2333 4539 memoratuque

673 4561 936 4656 dignius,
983 4560 1306 4618 decernens
1334 4560 1607 4617 videlicet
1637 4564 1703 4615 ut
1722 4574 1831 4632 Ope
1852 4574 1919 4614 ac
1940 4558 2131 4614 favore
2172 4554 2331 4628 regio
2361 4590 2409 4656 D

663 4651 1015 4721 juvarentur
1043 4655 1295 4706 conatus
1326 4666 1530 4709 eorum
1564 4648 1664 4721 qui
1696 4648 1943 4721 antiqua
1968 4645 2330 4702 monasteria

673 4737 938 4795 desolata
958 4739 1044 4797 vel
1068 4739 1366 4795 destructa
1382 4738 1692 4796 restituere
1715 4738 1776 4794 in
1794 4737 2111 4810 pristinum
2133 4733 2330 4821 splen-

674 4828 878 4884 dorem
937 4833 1233 4885 curarent.
1296 4828 1575 4885 Incubuit
1628 4826 1807 4883 etiam
1857 4826 2054 4884 studio
2102 4823 2330 4897 ingenti

672 4918 967 4975 mcenibus
1016 4919 1180 4973 urbis
1223 4917 1628 4973 instaurandis
1691 4914 2162 4987 reficiendisque,
2212 4930 2332 4996 qua

672 5008 905 5063 hiarent
926 5012 1026 5064 aut
1054 5007 1242 5063 labem
1260 5008 1542 5078 iacerent,
1558 5002 2330 5078 imponendisqucturribus

672 5114 739 5153 ac
785 5097 1247 5170 propugnaculis
1292 5096 1365 5153 ad
1427 5096 1758 5153 custodiam
1808 5111 1988 5151 manu
2038 5091 2329 5167 promptis

667 5188 1075 5262 expeditisque
1107 5186 1421 5244 militibus.
1455 5186 1612 5244 Satis
1639 5187 1795 5243 enim
1829 5184 2193 5257 intelligebat
2215 5182 2327 5239 mi-

667 5282 826 5337 nime
858 5281 1168 5353 quieturos
1198 5277 1402 5350 pulsos
1434 5278 1569 5334 inde
1595 5277 1792 5347 Italos,
1817 5277 1920 5333 sed
1942 5276 2126 5333 classe
2147 5292 2325 5350 quam

664 5371 925 5443 primum
962 5374 1192 5426 armata
1220 5372 1508 5424 venturos
1539 5367 1611 5423 ad
1659 5365 2163 5439 recuperationem
2194 5370 2325 5443 ten-

667 5438 911 5516 tandam
962 5459 1046 5516 sic
1106 5459 1340 5515 amissae
1400 5456 1587 5513 urbis.
1639 5438 1828 5523 Quare
1884 5461 1942 5511 et
1972 5456 2098 5527 ipse
2150 5438 2327 5512 classi

666 5542 1020 5614 apparandis
1053 5538 1535 5611 adificandisque
1558 5538 1806 5595 navibus
1838 5551 2077 5610 operam
2101 5536 2327 5608 impen-

666 5631 768 5701 dit.
806 5632 876 5687 Et
920 5630 976 5686 in
1014 5628 1222 5687 navale
1265 5628 1668 5686 ministerium
1695 5644 1727 5685 e
1768 5626 2152 5683 multitudine
2196 5642 2326 5701 qua

642 5721 730 5809 in
788 5720 1020 5789 urbem,
1079 5735 1149 5777 ex
1203 5735 1321 5794 quo
1374 5720 1500 5775 erat
1558 5722 1813 5797 recepta,
1870 5720 2250 5774 concurrerat
2294 5730 2325 5773 e

2420 3374 2423 3375 ν
2498 3348 2586 3404 34.
2622 3342 2971 3403 Deliberatio
2997 3340 3316 3397 antistitum
3343 3340 3411 3395 de
3440 3337 3765 3411 patriarcha
3792 3336 4050 3391 Arsacia.

2496 3472 2648 3530 105
2684 3469 2848 3526 Cum
2879 3483 3113 3540 quoque
3143 3465 3488 3538 imperatori
3520 3463 3633 3519 fuit
3663 3465 3858 3519 status
3892 3458 4092 3515 Eccle-

2430 3566 2533 3621 siae
2560 3567 2703 3618 tunc
2720 3559 2977 3615 viduatae
3004 3560 3261 3628 pastore.
3291 3552 3678 3626 Congregsvit
3696 3567 3839 3623 ergo
3864 3550 4091 3622 episco-

2428 3669 2557 3727 pos,
2583 3655 2641 3708 et
2666 3646 2990 3707 sententias
3012 3661 3215 3702 eorum
3238 3643 3578 3716 exquisivit,
3602 3642 3743 3714 quid
3763 3656 3918 3712 opus
3940 3642 4099 3695 esset

2432 3726 2586 3799 facto
2607 3739 2834 3795 discere
2865 3734 3134 3807 cupiens.
3161 3733 3339 3790 Erant
3368 3731 3428 3788 in
3456 3731 3531 3788 iis
3563 3730 3781 3804 quibus
3805 3726 4097 3785 Arsenius

2432 3828 2802 3887 revocandus
2864 3826 2935 3881 ad
2997 3824 3197 3880 sedem
3256 3820 3711 3894 patriarcbalem
3769 3819 4097 3873 videretur.

2430 3917 2740 3991 Negabant
2767 3914 2927 3971 enim
2950 3910 3230 3968 canonice
3260 3911 3475 3966 factam
3507 3908 3638 3980 ejus
3667 3906 4100 3963 exauctoratioo

2433 4025 2570 4066 nem
2596 4004 2844 4077 :quippe
2867 4000 3102 4057 aiebant
3120 3999 3459 4071 oportuisse
3482 3996 3740 4070 amplius
3753 4001 4104 4067 exspectare

2434 4101 2748 4171 postquam
2778 4091 2875 4148 ille
2904 4090 3189 4145 invitatus
3218 4089 3289 4145 ad
3321 4088 3575 4143 reditum
3605 4085 3817 4152 fuerat,
3842 4100 3955 4140 nec
3978 4089 4101 4139 tam

2433 4186 2648 4260 cupide
2666 4182 2977 4257 procedere
3007 4181 3079 4236 ad
3110 4181 3241 4251 ejus
3271 4195 3377 4260 nec
3406 4175 3669 4234 accusati
3699 4191 3808 4231 nec
3831 4173 4103 4231 damnati

2434 4258 2884 4348 depositionem.
2918 4268 3034 4325 Alii
3055 4272 3262 4325 contra
3281 4258 3560 4323 dicebant
3585 4266 3730 4321 satis
3750 4264 4102 4320 constitisse

2433 4366 2506 4421 de
2557 4362 2670 4418 ﬁxo
2700 4362 2832 4432 ejus
2880 4362 2940 4415 et
2970 4356 3336 4415 irrevocabili
3385 4354 3729 4411 abdicandaa
3782 4353 4103 4425 dignitatis

2436 4442 2759 4527 proposito,
2810 4452 2910 4505 ne'
2943 4446 3119 4503 aliam
3170 4444 3601 4518 sxpressiorem
3662 4441 4103 4499 recusationem

2440 4537 2767 4614 exspectari
2800 4536 3081 4593 debuisse
3109 4538 3290 4607 quam
3321 4534 3521 4608 ipsum
3540 4547 3865 4599 secessum,
3890 4546 3966 4587 ex
3987 4546 4105 4603 quo

2441 4630 2623 4686 nullis
2653 4627 2927 4700 precibus
2976 4623 3293 4680 missorum
3334 4638 3368 4678 a
3397 4637 3568 4679 sacra
3610 4621 3835 4691 synodo
3878 4620 4107 4676 retrahi

2436 4720 2715 4796 potuerit.
2768 4719 2928 4775 Inter
2954 4716 3077 4772 haec
3106 4714 3262 4772 ultro
3307 4715 3579 4786 citroque
3608 4718 3767 4769 mota
3816 4711 4105 4785 dictaque

2438 4812 2741 4880 alternans
2764 4809 3105 4882 imperator,
3137 4811 3197 4863 et
3217 4806 3395 4878 modo
3424 4805 3519 4862 bis
3549 4804 3727 4861 modo
3751 4801 3879 4859 illis
3894 4819 4111 4860 assen-

2436 4903 2539 4961 tiri
2569 4903 2755 4973 visus,
2788 4894 3470 4980 nunquamrexpedlebat
3496 4888 3711 4953 iu'utrs
3731 4893 3938 4968 potius
3967 4910 4111 4951 con-

2426 4985 2759 5052 trariarum
2775 4988 3217 5050 sententiarum
3232 5003 3335 5062 acq
3343 4987 3635 5049 uieecerst
3653 4985 3794 5061 quia
3806 4985 4119 5044 nesciebat

2439 5090 2643 5143 utrum
2674 5081 2990 5141 consilium
3018 5085 3179 5139 esset
3198 5078 3409 5139 utilius
3441 5077 3521 5137 ad
3538 5077 3715 5137 ﬁnem
3747 5076 3863 5152 ipsi
3886 5093 4113 5152 propo-

2410 5166 2637 5235 situm
2674 5171 3067 5232 conﬁrmandi
3115 5177 3174 5229 et
3219 5170 3280 5228 in
3322 5170 3519 5243 majus
3567 5167 3960 5242 premovendi
4015 5185 4115 5226 res

2439 5286 2598 5327 suas.
2634 5266 2780 5323 Nam
2804 5266 2945 5323 hinc
2976 5259 3218 5338 quidem
3245 5258 3552 5320 hominem
3574 5264 3829 5335 experta!
3859 5258 4117 5318 facilita-

2436 5358 2536 5426 tis,
2568 5354 2938 5414 auctoritatis
2969 5368 3221 5427 magna,
3244 5351 3422 5409 rebus
3444 5352 3662 5408 iterum
3684 5348 4115 5407 ecclesiasticis

2437 5444 2666 5519 imponi
2686 5443 3027 5517 honestum,
3051 5440 3337 5516 amplium
3358 5445 3416 5498 et
3433 5438 3610 5513 vulgo
3625 5432 3993 5513 placiturum
4021 5453 4125 5513 ap'

2414 5525 2724 5605 'parebst:
2753 5537 2812 5591 et
2841 5534 2999 5590 idem
3029 5535 3155 5589 erat
3201 5529 3547 5605 imperatori
3598 5528 4122 5601 percommodum,

2443 5626 2493 5683 si
2524 5641 2643 5698 quo
2676 5625 2851 5682 modo
2891 5638 3096 5681 senem
3127 5620 3422 5695 potuith
3451 5620 3733 5676 inducere
3763 5617 3837 5674 ad
3872 5634 3944 5674 ea
3987 5635 4122 5693 quae

2447 5714 2713 5774 habebat
2759 5713 2821 5771 in
2864 5711 3085 5787 animo,
3126 5725 3380 5785 quoque
3427 5724 3601 5785 agere
3652 5708 3784 5781 jam
3833 5712 4126 5782 cceperat,
