4246 6446
132 411 238 465 605

1198 413 1294 466 DE
1332 413 1702 467 MICHABLB
1741 412 2185 470 PALBOLOGO
2224 415 2356 470 LIB.
2400 417 2468 469 Il.

3429 414 3535 466 606

135 556 240 606 μην
299 528 584 606 προϐαίη,
643 529 782 586 ὥστε
837 532 927 586 καὶ
960 533 1070 586 ὅτι
1128 534 1340 607 αἱροῖτο
1398 535 1652 609 πράττειν
1684 535 1771 590 καὶ
1806 539 1860 604 Α
1892 533 2136 598 δυσνοίας
2192 539 2328 612 πρὸς
2385 539 2568 593 ἑαυτὸν
2621 537 2792 611 ἐπῆγε
2843 536 2932 591 καὶ
2993 531 3369 607 ὑπεῦλέπετο,
3427 535 3536 590 ἔστι

141 622 310 695 μήδὶν
365 618 594 693 μηδέσιν
656 618 1046 696 ὑπολελεῖφθαι
1089 621 1163 683 εἷς
1213 621 1517 677 σκανδάλου
1576 625 1790 696 πρόφα-

138 734 242 767 σιν.
281 714 365 784 [Ρ.
402 713 526 782 107]
589 706 815 766 Ἐδεδίει
851 707 898 763 δ’
929 710 1078 774 αὖθις
1140 713 1213 782 μή
1275 733 1390 773 πως
1451 711 1793 787 ἐκκρουσθεὶς

138 802 358 874 ἁμάρτῃ
405 804 516 854 τῶν
575 799 711 853 κατᾶ
766 801 1016 872 γνώμην,
1066 799 1156 853 καὶ
1217 802 1269 854 οἱ
1327 801 1564 855 ἐντεῦθεν
1629 801 1792 875 βυθὸς

139 893 475 965 πραγμάτων
510 888 862 964 ἀναῤῥαγείη.
917 891 993 945 Τὸ
1044 887 1090 943 δ’
1123 891 1473 967 ὑπερφρονεῖν
1525 890 1613 944 καὶ
1649 891 1793 944 ἀντι-

143 982 402 1047 καθιστᾷν
475 974 666 1051 ’ἕτερον
751 974 1070 1051 προϐαίνειν
1153 980 1245 1050 μὲν
1301 977 1599 1040 ἀκωλύτως
1677 984 1794 1040 ταῖς

137 1070 388 1140 πραξεσιν
425 1066 523 1122 οὐκ
555 1066 845 1141 ἀμήχανον
900 1064 1200 1142 ἐλογίζετο,
1244 1071 1493 1142 ταραχὴν
1535 1066 1579 1122 δ’
1611 1066 1798 1128 ἄλλως

138 1158 318 1225 εἶναι,
371 1154 437 1211 δι’
497 1158 564 1226 ἢν
615 1154 738 1211 οὐδὲ
785 1157 853 1211 τὰ
901 1157 1167 1231 γενόμενα
1213 1159 1578 1230 προσήσεσοαί
1625 1179 1796 1224 τινας,

141 1243 316 1311 δεινὰ,
361 1244 450 1299 καὶ
501 1241 690 1306 ἄλλως
745 1239 892 1312 ὄντα,
945 1248 1050 1298 τῶν
1100 1245 1323 1299 εῗκότων
1372 1244 1567 1318 ἔγρινε.
1620 1245 1794 1305 Μέσος

147 1335 239 1388 οὖν
304 1332 776 1407 ἐναπειλημμένος
855 1332 1176 1410 ἀμφοτέρων
1231 1338 1338 1388 τῶν
1401 1338 1684 1408 λογισμῶν
1746 1332 1795 1386 ἐν

141 1423 348 1500 ἀπορίᾳ
391 1425 733 1493 καθειστήκει
764 1427 861 1476 τοῦ
908 1443 1018 1477 τισι
1065 1424 1329 1486 τίθεσθαι.
1379 1424 1568 1494 Ὅμως
1620 1422 1798 1496 ἐκχω-

145 1519 256 1588 ρῶν
315 1518 393 1584 τῷ
449 1517 625 1588 καιρῷ
685 1511 939 1585 προϊόντι
989 1513 1064 1574 ὡς
1111 1508 1355 1588 κρεῖττόν
1408 1533 1458 1565 τι
1517 1511 1788 1581 ἐπάξοντι,

140 1603 297 1680 ὰφεὶς
326 1603 464 1657 κατὰ
495 1607 628 1676 σφᾶς
680 1601 809 1663 τοὺς
861 1602 1122 1676 ἱεράρχας
1170 1602 1292 1675 περὶ
1341 1603 1538 1656 τούτου
1573 1600 1798 1676 βουλεύ-

139 1703 293 1756 εσθαι
325 1693 460 1746 ὥστε
509 1691 598 1746 καὶ
658 1688 959 1766 ὁμολογεῖν
989 1689 1267 1760 ἀλλήλοις
1323 1693 1398 1763 μὴ
1465 1687 1799 1766 διαφωνοῦν-

142 1803 263 1846 τας,
299 1781 460 1841 αὐτὸς
502 1779 589 1834 ἐπὶ
637 1779 733 1841 τὰς
771 1784 877 1833 τῶν
928 1783 1126 1834 κοινῶν
1179 1779 1432 1853 ἐτρέπετο
1479 1777 1800 1848 διοικήσεις,

143 1868 206 1924 οὑ
245 1871 353 1942 μὴν
387 1867 444 1924 δέ
475 1864 614 1923 ὥστε
645 1869 734 1923 καὶ
761 1869 1130 1944 ὀφροντίστως
1163 1869 1381 1923 ἐκείνων
1415 1866 1571 1940 ἕξειν.

143 1976 240 2032 λε’.
297 1976 550 2050 ’Ὀπωςὸ
597 1973 855 2050 βασιλεὺς
906 1973 966 2029 ἐκ
1013 1972 1198 2050 ποδῶν
1237 1976 1327 2050 τὸν
1377 1974 1799 2050 νέςιν-Ἰωᾶννην

398 2045 605 2102 ἐποίει(
628 2047 724 2101 Καὶ
753 2047 903 2110 ὅπως
924 2048 1294 2115 κατοικίζοντο
1320 2045 1546 2101 Ἰταλοί.

210 2155 291 2210 Τὸ
319 2155 420 2230 γὰρ
451 2153 586 2209 κατὰ
617 2158 746 2208 νοῦν
784 2151 1324 2228 βυσσοδομευόμινον
1360 2154 1469 2228 οὐχ
1498 2151 1794 2226 ἡσυχάζειν

141 2244 316 2299 ἐποίει
367 2245 496 2306 τοὺς
551 2241 896 2318 λογισμούς.
948 2246 1063 2300 Οὐκ
1103 2243 1310 2321 ἀφανὴς
1356 2243 1456 2318 γὰρ
1501 2243 1569 2310 ἦν
1621 2242 1670 2313 ἐξ
1722 2242 1794 2294 ῶν

140 2339 265 2396 τοῖς
299 2333 734 2406 ὑπονοουμὲνοις
780 2337 860 2405 τῷ
888 2335 1115 2406 Ἰωάννῃ
1167 2334 1516 2406 προσκεῖσθαι
1547 2330 1800 2406 ἔγκλημα

140 2533 557 2606 patriarchalis
588 2532 950 2589 auctoritatis
981 2537 1126 2588 nutu
1155 2538 1211 2588 et
1241 2532 1658 2603 suffragatione
1699 2545 1793 2583 ro-

144 2621 426 2685 boranda,
460 2622 555 2676 Sic
585 2621 738 2677 enim
770 2627 827 2677 et
875 2622 1036 2691 quod
1088 2622 1426 2677 decreverat
1473 2620 1796 2692 perliceret,

145 2719 201 2764 et
233 2709 414 2764 simul
449 2726 686 2764 omnem
719 2709 996 2764 omnibus
1029 2709 1370 2765 offensionis
1418 2726 1482 2763 ac
1540 2707 1798 2779 querela-

146 2815 280 2853 rum
306 2799 674 2854 occasionem
709 2799 986 2854 demeret.
1019 2800 1128 2853 Sed
1168 2815 1372 2854 rursus
1402 2798 1713 2853 verebatur
1730 2811 1801 2850 ne

147 2904 253 2958 spe
286 2887 401 2943 ista
433 2888 706 2943 excidens
738 2889 990 2943 securim
1025 2889 1154 2943 suis
1183 2889 1358 2943 rebus
1400 2902 1675 2958 magnam
1709 2885 1799 2939 in-

147 2977 401 3048 ﬂigeret,
420 2993 486 3032 ac
509 2977 679 3049 quasi
703 2977 960 3050 quadam
993 2982 1151 3032 mota
1171 2976 1480 3032 Camarina
1520 2990 1802 3032 novarum

155 3067 728 3137 indetempestatum
746 3065 1278 3137 periculosissimas
1291 3065 1567 3120 excitaret
1582 3065 1803 3131 nubes;

151 3171 182 3210 e
210 3155 510 3210 contrario
532 3154 581 3209 si
611 3154 952 3226 persisteret
973 3155 1031 3209 in
1055 3154 1296 3210 Arsenio
1324 3154 1523 3226 procul
1545 3153 1811 3209 habendo

156 3243 476 3314 aliumque
529 3243 924 3314 patriarcbam
976 3243 1112 3316 eligi
1155 3249 1408 3310 curaret,
1471 3243 1817 3300 occurrebat

154 3333 282 3387 ﬁeri
334 3333 574 3403 quidem
591 3338 732 3388 tunc
759 3349 932 3404 posse
955 3350 1021 3388 ac
1049 3333 1210 3388 facile
1233 3333 1454 3404 sperari
1479 3337 1544 3388 ut
1564 3331 1814 3388 consilia

157 3422 229 3476 de
273 3423 602 3476 amovendo
634 3437 668 3476 a
696 3438 800 3493 spe
837 3421 1069 3494 imperii
1103 3421 1328 3494 pupillo
1359 3422 1580 3478 exitum
1630 3420 1808 3476 habe-

156 3514 284 3565 rent
313 3527 326 3564 :
365 3516 639 3565 caeterum
672 3511 826 3566 150
849 3512 1104 3566 orituras
1137 3510 1270 3565 inde
1302 3511 1508 3566 turbas
1549 3509 1814 3580 provide-

160 3599 284 3662 bat,
320 3598 554 3670 cupidis
587 3615 782 3654 rerum
816 3616 1098 3656 novarum
1133 3599 1466 3671 speciosum
1501 3600 1811 3657 adversum

155 3704 287 3744 sese
317 3688 670 3758 conjurandi
700 3694 1046 3760 praetextum
1077 3705 1191 3744 non
1244 3689 1602 3762 neglecturis
1625 3707 1638 3757 ;
1664 3706 1816 3762 quo-

158 3794 293 3832 rum
328 3776 538 3849 utique
569 3778 835 3834 seditiosi
855 3784 1103 3834 conatus
1141 3778 1394 3834 favorem
1421 3779 1578 3851 apud
1600 3779 1814 3853 vulgus

167 3867 326 3922 haud
359 3865 610 3922 dubium
635 3867 770 3922 inde
792 3867 1116 3936 traherent,
1136 3869 1292 3940 quod
1318 3868 1566 3940 justitie
1589 3885 1655 3925 ac
1678 3869 1816 3925 reli-

160 3955 363 4026 gionis
423 3955 485 4010 in
535 3955 887 4012 vindicanda
942 3958 1092 4013 sacri
1152 3957 1362 4028 capitis
1407 3958 1646 4030 injuria,
1688 3960 1813 4030 jam

165 4043 494 4114 plurimum
527 4044 834 4114 invidiosa,
867 4045 1059 4102 colore
1080 4047 1496 4103 honestissimo
1517 4063 1816 4103 commen-

157 4134 472 4188 darentur.
502 4133 604 4189 His
636 4149 964 4206 suspensus
995 4135 1152 4190 curis
1211 4140 1389 4207 atque
1423 4136 1706 4192 utramvis
1757 4137 1816 4193 in

156 4227 392 4296 partem
444 4223 761 4295 ambiguus
810 4225 1101 4295 optimum
1145 4225 1437 4295 judicavit
1482 4225 1818 4296 permittere

157 4311 471 4384 negotium
516 4313 683 4384 quasi
719 4314 893 4369 sortis
915 4314 1185 4380 arbitrio,
1217 4315 1376 4386 ipsos
1400 4315 1502 4385 qui
1535 4329 1816 4371 convene-

159 4406 298 4458 rant
332 4401 646 4474 episcopos
676 4402 926 4459 sinendo
959 4401 1139 4459 libere
1171 4404 1481 4460 decernere
1512 4405 1668 4476 quod
1697 4404 1817 4461 vel-

152 4491 302 4559 lent,
339 4491 1012 4557 autumans,a|laturum
1046 4497 1110 4548 ut
1139 4491 1306 4564 solet,
1337 4492 1557 4565 aliquid
1588 4494 1730 4550 forte
1756 4493 1815 4551 in

152 4597 283 4637 rem
318 4597 438 4637 non
470 4580 910 4637 incommodum
947 4587 1180 4653 tempus
1209 4582 1405 4653 ipsum
1439 4599 1506 4638 ac
1552 4599 1811 4652 moram;

152 4687 291 4743 quas
341 4674 410 4726 ut
466 4668 698 4741 longior
753 4671 1143 4742 contingeret,
1224 4673 1475 4728 antistes
1547 4672 1700 4728 inter
1755 4689 1817 4728 se

1899 623 1944 680 δ’
1993 628 2054 680 οὗ
2101 627 2189 680 καὶ
2221 627 2396 688 αἰτίας
2427 626 2803 698 πλαττόμενος
2851 627 3073 694 ἀπηνῶς
3121 624 3365 692 ἐκόλαζε,
3402 623 3540 695 μηδέ

1903 715 2098 788 μέχρις
2162 715 2426 787 ὀνόματος
2483 717 2742 769 κοινωνὸν
2805 714 2890 768 ἐπὶ
2945 718 3012 786 τῇ
3070 713 3319 787 βασιλείᾳ
3369 714 3540 775 Οὲλων

1900 799 2046 877 ἔχειν
2073 805 2163 858 τὸν
2207 805 2455 873 Ἰωάννην
2505 805 2594 858 καὶ
2646 805 2708 857 τὸ
2759 801 3007 857 ἐκποδὼν
3059 807 3165 854 τῶν
3200 800 3344 855 ὅλων
3378 822 3543 854 κατα-

1901 901 2094 961 στῆσαι
2151 891 2238 946 διὰ
2295 891 2555 947 πλείστου
2615 892 2988 963 ποιούμενος.
3051 893 3149 946 ’[Ιν
3213 887 3269 942 δὲ
3327 890 3386 942 τὸ
3449 891 3541 959 μὲν

1902 981 2139 1054 ἐρεθίζον
2188 981 2262 1041 εἰς
2312 985 2477 1035 ταῦτα
2521 986 2626 1034 τῶν
2693 981 2786 1050 μὲν
2838 980 3137 1050 ἀνθρώπων
3171 979 3226 1030 0".
3275 979 3394 1048 περὶ
3443 979 3544 1043 τήν

1903 1067 2142 1146 ἀδελφήν
2191 1069 2477 1144 Εὑλογίαν,
2510 1074 2616 1123 τῶν
2669 1065 2725 1122 δὲ
2795 1069 3123 1140 πραγμάτων
3175 1067 3236 1120 τὸ
3283 1067 3374 1119 τὸν
3427 1065 3540 1118 υἱὸν

1902 1157 2250 1233 Ἀνδρόνικον
2283 1163 2352 1222 τῆ
2384 1157 2578 1228 ἡλικίᾳ
2608 1157 2960 1232 προκόπτειν,
2994 1158 3049 1209 ὃν
3085 1157 3160 1227 μὴ
3210 1156 3343 1208 κατὰ
3395 1155 3543 1228 βασι-

1904 1246 2031 1301 λέας
2079 1247 2286 1320 ἀνάγειν
2340 1244 2510 1300 δεινὸν
2563 1246 2799 1301 ἐποιεῖτο
2831 1245 2919 1298 καί
2973 1247 3024 1298 οἱ
3064 1245 3125 1298 οὑ
3162 1246 3397 1319 φορητὸν
3432 1243 3546 1294 ἐνο-

1908 1337 2120 1408 μίζετο,
2176 1336 2237 1391 τὸ
2294 1333 2350 1390 δέ
2407 1335 2572 1390 πλέον
2717 1335 2936 1410 μεγίστη
3001 1332 3290 1409 φιλοτιμία
3355 1330 3442 1384 καί
3486 1333 3546 1384 τὸ

1905 1425 2126 1499 ἄκαιρον
2163 1427 2506 1502 ὑπερήφανον
2559 1425 2734 1497 μένειν
2787 1424 2873 1478 ἐπὶ
2928 1422 3166 1496 μετρίοις
3219 1421 3316 1474 οὐκ
3361 1422 3550 1493 ἀρκου-

1910 1517 2095 1587 μένου.
2125 1517 2190 1571 Ἡ
2227 1513 2284 1569 δὲ
2311 1519 2407 1569 τοῦ
2458 1513 2634 1569 δοκεῖν
2689 1515 2789 1568 οὐκ
2837 1513 3143 1586 ἀλογίστως
3188 1515 3354 1564 ταῦτα
3417 1509 3548 1582 βού-

1907 1605 2090 1660 λεσθαι
2138 1604 2398 1678 πρόθασις
2434 1606 2468 1672 ἡ
2499 1607 2598 1671 τῆς
2649 1603 2864 1663 πόλεως
2914 1601 3139 1669 ἅλωσις,
3191 1602 3268 1672 [Ρ.
3309 1600 3429 1669 108]
3472 1597 3547 1657 εἷς

1906 1697 2095 1770 θρόνον
2157 1694 2434 1770 βασιλείας
2505 1692 2866 1770 λογιζομένης
2939 1692 3177 1765 αὐτάρκη
3250 1695 3328 1760 τῷ
3383 1710 3547 1742 κατα-

1907 1785 2117 1860 σχόντι·
2177 1784 2335 1838 αὑτὸν
2398 1781 2443 1838 δ’
2500 1786 2634 1837 εἶναι
2701 1783 2790 1838 καὶ
2852 1783 3014 1854 μόνον
3075 1783 3166 1834 τὸν
3225 1779 3299 1839 εἷς
3347 1778 3547 1846 ταύτην

1831 1873 2179 1972 Βκληθέντα
2235 1872 2532 1947 προτείνων
2571 1917 2583 1940 ,
2645 1872 2807 1926 αὐτὸν
2864 1871 2951 1924 καὶ
3017 1870 3180 1942 μόνον
3242 1867 3544 1941 βασιλεύειν

2038 1963 2053 1972 .
2340 1965 2399 1972 ..__
2495 1959 2537 1972 λ.
2586 1961 2610 1972 ..
2783 1961 2807 1972 .,
2924 1958 2940 1972 ,
3055 1960 3079 1972 -
3197 1959 3208 1971 ς
3256 1955 3279 1972 ε.
3373 1956 3385 1971 ι
3529 1955 3541 1970 κ

1911 1963 2308 2038 συνελογίζετο,
2340 1965 2458 2016 Ἔτι
2492 1959 2537 2016 δ’
2581 1961 2732 2032 ὅμως
2782 1958 3019 2014 ὕπουλον
3048 1960 3112 2027 ἦν
3159 1959 3218 2012 τὸ
3253 1955 3423 2010 δεινὸν
3457 1955 3543 2009 καὶ

1906 2060 2023 2114 τοῖς
2077 2051 2314 2114 πολλοῖς
2367 2052 2464 2105 οὐκ
2513 2050 2860 2118 εὐσύνοπτον,
2904 2049 2948 2102 εἶ
2999 2048 3087 2101 καὶ
3139 2069 3254 2108 πως
3303 2047 3354 2099 οἱ
3391 2043 3545 2118 βαθύ-

1905 2163 2058 2214 τερον
2105 2136 2494 2203 ἐπιϐἀλλοντες
2537 2138 2594 2194 ἐκ
2623 2161 2680 2194 τε
2712 2138 2937 2192 πολλῶν
2967 2135 3151 2191 ἄλλων
3197 2136 3286 2189 καὶ
3335 2138 3430 2188 τοῦ
3466 2134 3539 2205 μή

1909 2231 2266 2288 συνεισελθεῖν
2317 2231 2415 2297 τήν
2457 2229 2620 2284 πόλιν
2673 2229 2859 2300 ἐκείνῳ
2906 2228 2994 2281 τὸν
3027 2227 3275 2294 Ἰωάννην
3328 2225 3390 2277 οὐ
3426 2221 3542 2276 δυσ-

1913 2327 2096 2398 χερῶς
2149 2322 2296 2394 εἶχον
2347 2316 2624 2382 ὑπιδέσθαι
2677 2319 2737 2372 τὸ
2791 2315 3186 2391 μελετώμενον,
3237 2315 3265 2368 '0
3317 2311 3383 2380 δὴ
3431 2332 3550 2387 τρε-

1901 2522 2152 2579 sinebat.
2188 2520 2502 2574 Multorum
2537 2519 2592 2572 in
2628 2518 3034 2589 imperatorem
3069 2514 3396 2587 gliscebant
3437 2528 3550 2566 non

1905 2609 2173 2667 obscuris
2204 2609 2464 2663 excitatae
2490 2607 2721 2662 indiciis
2748 2606 3138 2677 suspiciones,
3173 2619 3378 2674 parum
3419 2616 3551 2655 eum

1909 2699 2185 2758 benevole
2215 2700 2273 2754 in
2307 2698 2596 2774 pupillum
2626 2701 2913 2753 Joannem
2936 2696 3086 2752 afﬁci
3123 2701 3297 2764 atque
3330 2693 3472 2747 adeo
3495 2691 3552 2744 in

1911 2793 2040 2862 ejus
2097 2788 2654 2845 circumventionem
2713 2787 3073 2849 incumbere,
3125 2784 3277 2839 unde
3335 2781 3553 2836 crimen

1914 2879 2170 2953 perfidiae
2202 2878 2263 2933 in
2293 2894 2355 2933 se
2385 2877 2581 2948 ipsum
2605 2877 2909 2931 attrahens
2940 2874 3195 2946 obliquis
3228 2871 3556 2944 plerorum-

1915 2986 2028 3041 que
2057 2967 2467 3040 indignitatem
2502 2966 2582 3020 rei
2617 2982 2730 3020 non
2752 2964 3061 3020 ferentium
3086 2961 3271 3018 oculis
3286 2959 3558 3030 designa-

1918 3055 2579 3114 batur.Constabateum
2615 3052 3246 3124 ﬁctiscausisgraviter
3277 3048 3562 3104 multasse

1919 3147 2231 3219 quosdam,
2265 3161 2515 3219 quorum
2547 3144 2720 3216 culpa
2750 3161 2863 3200 non
2897 3147 3020 3198 erat
3050 3141 3164 3197 alia
3180 3155 3352 3211 quam
3385 3138 3561 3193 Joan-

1923 3254 2055 3293 nem
2087 3234 2692 3308 imperatoremlibera
2718 3249 2854 3289 voce
2876 3233 3222 3304 pradicasse
3247 3248 3259 3296 ;
3293 3245 3466 3300 quem
3491 3243 3561 3281 ne

1922 3325 2155 3383 nomine
2187 3325 2424 3397 quidem
2456 3328 2628 3380 tenus
2649 3323 2758 3380 sibi
2792 3322 3034 3392 adjnngi
3055 3319 3333 3391 collegam
3354 3333 3562 3388 supre-

1839 3379 1884 3448 c
1923 3379 2056 3471 me:
2088 3379 2400 3488 potestatis
2457 3379 2620 3470 ferrei
2664 3379 2909 3486 poterat.
2964 3379 3080 3466 δίει)
3147 3379 3564 3464 d-issimulabat

1918 3504 2182 3576 redigere
2209 3503 2379 3576 plane
2405 3519 2466 3560 se
2510 3517 2757 3575 puerum
2801 3501 2859 3556 in
2892 3501 3158 3558 ordinem
3193 3503 3250 3553 et
3281 3498 3351 3552 ab
3398 3497 3561 3551 omni

1919 3594 2187 3650 funditus
2241 3593 2550 3649 excludere
2607 3590 3053 3664 participatione
3112 3586 3342 3659 imperii
3399 3585 3561 3640 omni

1920 3683 2119 3740 studio
2141 3699 2373 3754 cupere,
2406 3698 2472 3737 ac
2494 3682 2553 3737 in
2585 3697 2650 3737 eo
2675 3681 2818 3736 verti
2851 3680 3144 3734 fortunam
3190 3675 3562 3745 salutemque

1922 3774 2218 3847 propriam
2241 3774 2472 3830 ducere.
2495 3773 2573 3828 Eo
2607 3770 2773 3827 illum
2807 3769 3129 3825 incitabant
3146 3766 3358 3839 partim
3382 3763 3564 3820 homi-

1923 3879 2052 3934 nes,
2084 3863 2298 3937 partim
2328 3863 2471 3935 ipsa:
2499 3877 2610 3919 res.
2663 3858 2908 3933 Eulogia
2935 3857 3207 3914 videlicet
3237 3858 3367 3927 ejus
3404 3871 3568 3910 soror

1924 3950 2155 4009 nullum
2187 3951 2435 4009 faciebat
2476 3951 2654 4007 ﬁnem
2685 3949 2816 4022 ejus
2847 3945 3178 4020 iniquitatis
3225 3943 3560 4000 suadenda.

1923 4042 2293 4099 Andronicus
2325 4045 2518 4098 autem
2554 4057 2732 4113 puer;
2767 4038 2925 4094 ﬁlius
2957 4036 3324 4108 imperatoris
3359 4032 3566 4090 Pelceo-

1923 4132 2062 4205 logi,
2121 4148 2391 4189 crescens
2420 4132 2479 4188 in
2530 4131 2623 4187 die
2653 4145 2756 4202 spe
2814 4128 3128 4200 indoleque
3173 4127 3344 4192 bona,
3385 4123 3562 4180 tacito

1924 4221 2016 4278 sui
2045 4226 2283 4295 aspectu
2317 4225 2539 4292 partem
2559 4220 2800 4276 assidue
2831 4219 2974 4274 167
3006 4215 3374 4282 stimulabat,
3395 4213 3564 4286 quasi

1923 4313 2247 4384 deprecans
2294 4327 2368 4367 ne
2397 4326 2461 4367 se
2493 4309 2781 4383 privatum
2817 4307 3150 4363 adolescere
3181 4303 3561 4377 permitteret.

1922 4401 2046 4465 Quo
2085 4404 2318 4457 tantum
2344 4399 2913 4460 commovebatur.ut
2941 4393 3564 4451 viderecharissimum

1923 4489 2113 4546 ﬁlium
2140 4493 2431 4561 expertem
2461 4488 2682 4544 summi
2714 4485 2954 4543 honoris
2985 4501 3107 4541 rem
3140 4483 3311 4556 plane
3364 4480 3567 4536 intole-

1925 4580 2170 4636 randam
2203 4579 2607 4635 arbitraretur.
2629 4574 3224 4633 Vehementissimum
3249 4589 3416 4644 porro
3451 4587 3568 4625 ma-

1921 4667 2278 4725 chinationis
2331 4667 2734 4738 injuslissimre
2792 4665 3148 4723 incentivum
3193 4668 3315 4719 erat
3359 4661 3566 4732 ingens

151 4739 512 4816 commissos
544 4739 872 4828 admonuit,
907 4739 1388 4831 deirentioperum
1424 4765 1650 4816 mature
1677 4778 1817 4818 con-
1848 4739 1892 4804 Π
1925 4758 2171 4815 ambitio
2202 4763 2258 4814 et
2285 4755 2833 4830 intempempestiva
2851 4752 3126 4827 superbia
3149 4751 3437 4809 moderari
3457 4749 3568 4805 sibi

149 4846 495 4904 siderandis
526 4849 774 4914 cunctis,
806 4865 912 4905 nec
946 4850 1356 4906 deliberationi
1390 4850 1566 4905 ﬁnem
1626 4851 1819 4922 impo-

153 4941 373 4993 nerant
399 4937 591 5008 quoad
607 4952 816 4992 omnes
831 4939 901 4993 ad
923 4927 1105 4993 unum
1125 4939 1182 4993 in
1221 4937 1570 4994 concordem
1587 4946 1820 4995 senten-

150 5027 302 5082 tiam
317 5025 859 5097 convenirenthse
879 5027 992 5082 alio
1007 5044 1076 5082 cu
1088 5045 1180 5083 ras
1192 5027 1443 5083 vertitad
1469 5026 1817 5084 instantium

154 5115 770 5185 administrationem,
805 5116 963 5172 haud
986 5121 1183 5173 tamen
1225 5117 1550 5174 attentione
1586 5119 1819 5190 penitus

153 5221 374 5262 aversa
404 5204 478 5260 ab
511 5203 584 5259 iis
605 5219 736 5276 quae
766 5206 825 5261 in
858 5208 1082 5263 svnodo
1105 5223 1140 5263 a
1171 5207 1442 5263 Patribus
1482 5213 1813 5279 agerentur.

151 5310 312 5368 quos
364 5292 538 5364 quasi
597 5294 849 5350 furtivus
879 5297 1210 5365 obtutibus,
1242 5296 1402 5352 aliud
1453 5295 1590 5354 licet
1645 5314 1818 5371 agere

153 5383 482 5453 simulans,
507 5384 763 5455 perrexit
792 5385 1122 5441 observare.

224 5491 319 5544 35.
358 5489 424 5546 υι
451 5492 780 5565 ξπιρενιιεοπ
807 5507 1042 5562 puerum
1098 5495 1363 5549 Joannem
1420 5494 1687 5549 amouerit
1720 5501 1817 5565 ;ut

447 5562 603 5617 Italis
631 5561 984 5620 domicilium
1015 5567 1352 5622 attributum
1381 5567 1573 5636 fuerit.

219 5653 378 5705 Nam
449 5651 603 5719 quod
667 5651 1124 5710 machinabatur
1169 5656 1386 5721 animo,
1448 5655 1817 5727 acquiescere

146 5741 356 5814 ipsum
393 5739 449 5796 in
485 5757 544 5797 re
575 5740 673 5797 tali
705 5745 761 5797 et
791 5742 987 5801 nimie
1037 5744 1262 5802 ﬁducia
1321 5745 1644 5803 indormire
1696 5765 1811 5805 non

1931 4853 2107 4919 atque
2153 4847 2307 4904 infra
2356 4848 2523 4914 fines,
2556 4862 2734 4918 aqua
2778 4842 3202 4901 mediocritatis
3261 4857 3322 4898 se
3372 4846 3569 4896 tenere

1929 4938 2340 5012 dedignantis;
2367 4937 2460 4994 cui
2493 4941 2836 5010 prmtextum
2869 4934 3243 5006 coloremque
3264 4930 3570 5003 cupiditati

1930 5028 2198 5085 tacenda
2222 5027 2572 5100 suggerebat
2584 5025 2840 5098 aliquem
2856 5025 3220 5092 recuperatio
3235 5020 3419 5089 urbis,
3443 5037 3568 5092 quas

1929 5119 2100 5174 sedes
2157 5122 2315 5175 esset
2375 5116 2605 5188 imperii
2637 5117 2950 5188 praecipua,
2983 5114 3151 5186 quasi
3193 5129 3260 5169 ea
3290 5111 3572 5180 capienda

1929 5209 2165 5283 preprie
2216 5208 2275 5263 in
2334 5207 2568 5280 imperii
2599 5206 2878 5262 thronum
2909 5205 3296 5270 ascendisset,
3319 5219 3384 5258 ac
3417 5207 3480 5257 ut
3511 5202 3569 5256 in

1927 5317 2057 5360 eam
2116 5299 2302 5366 solus,
2355 5298 2482 5355 suis
2537 5295 2742 5369 utique
2783 5300 3206 5368 _expugnatam
3266 5292 3572 5366 auspiciis,

1928 5393 2202 5446 evocatus
2246 5391 2425 5455 esset,
2457 5387 2542 5443 sic
2601 5386 2890 5457 imperare
2925 5384 3089 5443 solus
3129 5385 3186 5440 in
3219 5401 3286 5440 ea
3322 5387 3381 5439 et
3404 5398 3471 5437 ex
3503 5398 3570 5437 ea

1927 5480 2185 5536 deberet.
2219 5478 2395 5534 Porro
2447 5477 2503 5531 id
2549 5477 2914 5548 propositum
2964 5475 3214 5532 habebat
3244 5475 3300 5528 in
3356 5489 3570 5529 arcano

1928 5565 2460 5642 indeprehensibiie
2481 5566 2686 5637 primis
2718 5563 3486 5621 obtulibusoccurrentium.
3511 5562 3566 5617 Si

1928 5659 2028 5733 qui
2077 5663 2271 5720 tamen
2333 5654 2593 5727 penitius
2633 5653 2789 5717 intro
2821 5655 3135 5727 piscerent,
3185 5669 3315 5709 cum
3347 5669 3412 5710 ex
3445 5651 3572 5707 aliis

1923 5748 2131 5825 signis,
2164 5733 2288 5804 tum
2322 5761 2390 5802 ex
2419 5759 2486 5801 eo
2516 5744 2671 5816 quod
2704 5761 2904 5802 secum
2934 5745 3220 5802 Joannem
3253 5741 3312 5798 in
3363 5741 3567 5798 urbem
