4188 6442
678 398 782 450 607

1979 403 2279 458 GEORGII
2319 405 2781 459 PACHYMBR/E

3978 403 4085 455 608

676 521 909 594 φάμενον
975 521 1060 573 ὑπ’
1100 521 1287 594 ἀγρίας
1337 519 1672 591 πλεονεξίας,
1732 519 1808 582 εἲς
1855 523 1982 576 Θεὸν
2019 522 2310 593 πειθούσης
2344 528 2393 592 Α
2425 523 2595 587 ἰδίους
2631 526 2835 589 τόπους
2865 527 3000 601 πρὸς
3051 525 3286 592 οἷ’κησιν.
3348 527 3538 600 Ἔχειν
3571 523 3616 579 δ’
3670 523 3890 580 ἑκαστον
3923 527 4083 599 γένος

677 607 1001 680 ἁμαρτάνειν
1038 610 1105 662 τὰ
1139 629 1364 684 μέγιστα
1410 607 1497 662 διὰ
1550 617 1650 677 τῆς
1699 614 1807 664 τῶν
1866 611 2041 680 ὅρκων
2073 614 2318 686 παραοὰ-

677 715 833 763 σεως,
870 702 1052 768 μεῖζον
1084 694 1249 770 ᾔρετο
1281 697 1346 766 ἢν
1375 696 1512 752 ὣστε
1542 705 1882 772 παρορᾶσθαι
1925 705 2005 772 τῷ
2053 699 2322 774 μελετῶν-

675 804 750 840 τι.
804 785 881 840 Τὸ
936 783 982 838 δ’
1011 786 1077 853 ἧν
1107 784 1296 860 ἄρατὸ
1327 792 1443 849 τοῖς
1500 789 1801 859 Ῥωμαίοις
1859 788 2111 862 μεγάλων
2159 790 2318 862 ἅρξαν

674 877 853 926 κακῶν
899 874 988 927 καὶ
1044 875 1296 949 ταραχῆς
1357 874 1684 930 ἀνυποίστου
1744 875 1955 952 ῥεχθὲν.
2007 877 2142 934 Τότε
2173 876 2229 932 δὲ
2256 879 2323 932 τὰ

671 962 772 1028 τὴς
801 962 1018 1023 πόλεως
1075 964 1151 1025 ὡς
1211 963 1326 1018 οἷόν
1385 985 1441 1018 τε
1497 965 1753 1027 καθιστὰς
1805 967 1942 1041 πρὸς
1988 967 2050 1021 τὸ
2082 967 2320 1044 ἀσφαλές

674 1069 882 1124 στερον,
943 1051 1254 1114 Γεννουίτας
1313 1053 1405 1125 μὶν
1456 1053 1584 1117 τοὺς
1612 1060 1656 1107 τ’
1687 1051 1845 1116 ὄντας
1893 1056 2018 1118 τούς
2047 1077 2104 1110 τε
2147 1075 2319 1130 προσ-

672 1134 1018 1210 δοκωμένους
1099 1141 1482 1216 προσγενέσθαι
1559 1144 1851 1207 πλείστους
1915 1142 2153 1212 ἐνιδὼν,
2228 1144 2319 1198 καὶ

671 1224 958 1301 δυσχερεῖς
1008 1231 1043 1298 ἢ
1106 1229 1244 1285 ὥστε
1301 1232 1390 1286 καὶ
1462 1232 1846 1298 ὕποκλίνεσθαι
1925 1231 2127 1308 ῥᾳδίως
2185 1236 2324 1289 Ῥω-

678 1315 902 1386 μαίοις,
959 1317 1106 1373 ἀλλὰ
1163 1321 1252 1374 καὶ
1312 1320 1399 1375 ἐπὶ
1456 1328 1572 1384 ταῖς
1631 1321 1929 1397 τυχούσαις
1987 1323 2318 1398 προφάσεσιν

677 1405 1251 1479 ὑποκινηθησομὲνους
1281 1409 1340 1464 ἂν
1403 1410 1478 1473 ὡς
1530 1412 1834 1488 ὑπερόφρυς
1884 1411 1972 1466 καὶ
2023 1407 2318 1485 σοϐαροὺς,

672 1490 822 1556 ἐντὸς
882 1494 1054 1567 μένειν
1116 1505 1216 1566 τῆς
1271 1499 1489 1564 πόλεως
1551 1501 1649 1555 οὐκ
1722 1501 1943 1575 ἐγνώκει
1994 1500 2267 1576 συμφέρον
2305 1543 2319 1571 ,

674 1579 786 1653 ἰδίᾳ
842 1581 899 1637 δὲ
955 1590 1389 1660 προσκαθῆσθαι,
1431 1591 1519 1644 καὶ
1578 1591 1841 1664 πρότερον
1888 1591 1981 1661 μὲν
2038 1591 2174 1644 κατὰ
2222 1590 2322 1657 τὴν

673 1670 994 1742 Ἡράκλειαν
1054 1683 1154 1744 τῆς
1204 1678 1418 1751 Θρᾴκης
1467 1678 1642 1755 φέρων
1692 1680 1987 1750 κατῴκιζεν
2026 1724 2040 1746 ,
2099 1677 2317 1752 ὕστερον

675 1756 732 1813 δὲ
764 1763 1088 1837 καταντικρὺ
1142 1772 1241 1833 τῆς
1297 1767 1519 1839 περαίας
1576 1768 1722 1840 παρὰ
1778 1768 1943 1839 μόνον
1994 1767 2056 1820 τὸ
2091 1771 2188 1820 τοῦ
2219 1772 2320 1820 Γα-

2427 613 2554 675 τοὺς
2586 611 2758 676 ἰδίους
2787 615 2986 691 φόρους
3018 615 3311 676 ἀκωκύτως
3343 615 3689 689 προσέταττε.

2430 717 2531 782 λς’.
2564 719 2638 774 Τὰ
2665 723 2800 775 κατὰ
2841 719 2970 782 τοὺς
3024 721 3102 783 είς
3142 721 3234 775 τὸν
3287 718 3467 775 πάπαν
3501 722 3592 774 καί
3647 718 3775 783 τοὺς
3832 718 4085 780 Ἰταλοὺς

2889 789 3141 865 πρέσϐεις
3180 796 3277 847 τοῦ
3321 791 3612 868 βασιλέως.

2503 882 2583 953 [Ρ.
2623 883 2748 953 109]
2781 876 3198 957 Διεπρεσϐεύετο
3231 878 3288 935 δὲ
3315 882 3406 935 καὶ
3436 881 3571 953 πρὸς
3611 881 3702 935 τὸν
3735 900 3964 934 παππαν
3993 877 4085 933 διὰ

2425 971 2640 1044 ταχέων
2674 969 3036 1042 έκμειλίσσων
3068 967 3268 1046 δώροις
3292 1014 3305 1025 .
3341 971 3445 1024 Δύο
3471 967 3518 1024 δ’
3548 970 3684 1038 ἦσαν
3719 969 3770 1024 οἱ
3801 963 4085 1041 πρεσϐεις,

2427 1060 2500 1119 εἷς
2527 1059 2621 1131 μὶν
2655 1061 2682 1114 ὁ
2714 1059 3126 1134 Νικηφορίτζης
3166 1058 3488 1134 λεγόμενος,
3522 1059 3710 1134 ἅτερος
3744 1055 3801 1112 δὶ
3831 1056 3876 1112 δ’
3896 1057 4090 1115 Αλου-

2428 1142 2653 1222 ϐάρδης,
2715 1145 2903 1221 ἄνδρες
2955 1148 3031 1212 είς
3088 1149 3554 1224 ὑπογραμματέας
3606 1146 3896 1208 τελοῦντες
3955 1147 4085 1221 πρὶν

2426 1240 2504 1308 τῷ
2549 1240 2657 1290 τῶν
2717 1236 2939 1293 Ἰταλῶν
3003 1237 3221 1313 βασιλεῖ
3274 1242 3354 1308 τῷ
3413 1235 3755 1308 Βαλδουΐνῳ,
3813 1234 3997 1291 αἰτίαν
4030 1233 4091 1290 δὲ

2427 1321 2726 1397 προδοσίας
2760 1325 2900 1402 πρὸς
2949 1326 3257 1400 Ῥωμαίους
3300 1327 3545 1401 σχόντες.
3597 1328 3696 1387 Οἷς
3727 1322 3794 1392 δὴ
3842 1330 3938 1379 καῖ
3985 1327 4090 1391 τὴν

2428 1411 2660 1468 Ἰταλίαν
2718 1409 3088 1470 καταλαϐοῦσι
3139 1413 3388 1475 κίνδυνος
3440 1414 3721 1469 ἐπιπίπτει
3777 1411 3974 1488 βαρὺς,
4026 1413 4088 1466 ὃν

2430 1498 2545 1555 οὐδ’
2591 1501 2719 1557 αὐτὸ
2776 1501 2838 1557 τὸ
2898 1511 3093 1578 σχῆμα
3146 1508 3255 1558 τῶν
3315 1497 3593 1578 πρέσϐεων
3655 1503 3731 1574 μή
3790 1503 3986 1555 παθεῖν
4019 1504 4088 1554 τὰ

2428 1590 2680 1664 χείριστα
2727 1596 3042 1664 παρῃτεῖτο.
3105 1590 3256 1647 ’ΒΑλ⁹
3287 1591 3452 1645 εἶκαὶ
3510 1591 3576 1645 τὰ
3631 1596 3730 1658 τῆς
3783 1587 4087 1662 προδοσίας

2428 1677 2606 1750 ὀνείδη
2663 1685 2782 1743 ταῖς
2854 1687 3042 1754 τιμαῖς
3113 1679 3802 1755 συνεκάλυπτενὸκρατῶν
3857 1679 3934 1740 είς
3988 1678 4090 1731 αύ-

2427 1770 2517 1823 τὸν
2593 1765 3150 1839 παραπρεσϐευόντων
3209 1770 3268 1825 ἐκ
3324 1769 3592 1837 πόλεως,
3673 1765 3798 1822 ἀλλ’
3877 1767 4088 1822 ἐκεῖνοι

674 1846 810 1902 λατᾶ
868 1851 1125 1927 φρούριον
1186 1853 1424 1932 ἀσφαλὲς
1483 1853 1773 1929 ἐδοκίμαζε
1820 1855 2169 1924 κατοικίζειν·
2221 1862 2321 1908 Βε-
2353 1896 2398 1961 Β
2431 1857 2668 1932 χαλεποί
2710 1879 2770 1934 γε
2801 1855 2950 1920 ὅντες
3000 1859 3087 1912 καὶ
3139 1855 3352 1928 ἄλλως,
3384 1855 3844 1931 παρακνιζόμενοι
3903 1853 3963 1910 δὲ
3991 1857 4082 1909 καὶ

671 1939 916 2002 νετικοὺς
949 1938 1005 1995 δὲ
1057 1943 1145 1996 καὶ
1207 1944 1512 2013 Πισσαίους,
1545 1946 1607 2000 τὸ
1655 1945 1792 2000 κατὰ
1845 1943 2059 2009 πλῆθος
2109 1943 2319 2018 ὀλίγον,

677 2027 853 2098 μένειν
907 2027 1054 2092 ἐντὸς
1114 2029 1374 2099 ἐδικαίου,
1435 2033 1896 2106 ἀποκεκριμένους
1949 2034 2039 2088 καί
2096 2033 2322 2097 τούτους

671 2120 780 2169 τῶν
815 2115 1024 2174 ἄλλων.
1082 2121 1236 2184 Ὃθεν
1299 2122 1388 2176 καὶ
1449 2122 1499 2176 ἐν
1546 2121 1816 2194 ἀκινδύνῳ
1847 2127 1926 2194 τῷ
1984 2124 2099 2176 κατ’
2159 2122 2317 2176 αὐτὸν

672 2203 888 2261 ἐκέλευε
947 2212 1043 2280 μὲν
1091 2208 1284 2265 αᾶτίκα
1330 2212 1392 2266 τό
1423 2213 1468 2265 τ’
1501 2211 1648 2275 ἐντὸς
1710 2210 2144 2284 ἀνοικοδομηθὶν
2181 2212 2317 2282 πρὸς

665 2299 748 2366 τῷ
805 2297 940 2352 κατᾶ
997 2297 1267 2354 θάλασσαν
1329 2299 1480 2376 μέρει
1535 2305 1633 2370 τῆς
1689 2303 1893 2378 ἀγορᾶς
1949 2301 2209 2378 φρούριον
2253 2301 2316 2356 τό

664 2385 714 2437 τ’
764 2383 918 2448 ἐκτὸς
977 2388 1038 2442 τὸ
1097 2393 1197 2443 τοῦ
1256 2389 1470 2445 Γαλατᾶ
1525 2390 1808 2468 ἀμφότερα
1859 2394 2193 2465 κατερεῖψαι,
2226 2392 2315 2445 καὶ

664 2471 809 2529 οὕτω
867 2478 1184 2540 Γεννουῖτας
1247 2479 1341 2551 μὲν
1391 2480 1527 2535 κατὰ
1581 2488 1680 2550 τῆν
1739 2482 1875 2556 πρὸς
1908 2479 2056 2535 δύσιν
2089 2479 2313 2554 περαίαν

663 2567 804 2639 πρὸς
845 2572 926 2640 τῷ
983 2567 1197 2639 Γαλατᾷ
1255 2574 1391 2632 σφᾶς
1447 2571 1647 2634 αὐτοὺς
1697 2569 2065 2643 ἐπιμήκιστου
2121 2590 2316 2642 παρεκ-

657 2657 925 2718 τείνοντας
983 2662 1255 2713 κατοικεῖν
1285 2703 1300 2729 ,
1351 2664 1470 2721 τοῖς
1529 2657 1587 2715 δὶ
1645 2658 1866 2722 λοιποῖς
1933 2661 2313 2734 ἀποταχθῆναι

656 2876 771 2914 non
806 2858 1616 2926 duxisset,subodorabantur
1644 2860 1785 2931 quid
1820 2863 2065 2931 pararet.
2087 2859 2323 2930 Cogita-

659 2952 788 3002 tum
825 2948 1080 3020 profecto
1112 2948 1401 3004 nefarium
1435 2953 1492 3004 et
1523 2955 1654 3004 ortu
1707 2950 1897 3020 primo
1948 2950 2323 3019 exstinguen-

667 3038 831 3092 dum.
891 3036 1057 3092 Nunc
1106 3036 1253 3093 illud
1305 3038 1437 3093 sinu
1480 3039 1780 3111 gignentia
1828 3038 2049 3093 factum
2083 3042 2139 3092 et
2167 3037 2316 3092 lacte

661 3126 917 3196 quodam
952 3126 1084 3181 ferre
1115 3126 1461 3198 cupiditatis
1493 3128 1764 3182 edoctum
1797 3143 1984 3199 usque
2022 3127 2093 3182 ad
2135 3126 2314 3181 auda-

656 3214 808 3269 ciam
871 3215 1047 3269 Deum
1109 3215 1306 3286 ipsum
1351 3202 1653 3288 i'csdifrago
1711 3217 1971 3287 perjurio
2028 3214 2306 3281 violandi,

656 3305 850 3376 erupit
880 3285 1147 3376 denique
1167 3322 1445 3378 magnam
1477 3306 1536 3362 in
1573 3285 2069 3376 perturbationem
2118 3305 2313 3378 perni-
2349 3285 2391 3352 ί]

660 3393 930 3464 ciemque
981 3394 1402 3452 Romanorum.
1434 3396 1543 3451 Sed
1594 3395 1715 3451 haec
1747 3400 1985 3467 postea:
2022 3395 2130 3450 hoc
2177 3409 2312 3449 vero

653 3487 920 3554 tempore
951 3489 1138 3556 ccepto
1170 3485 1489 3557 imperator
1519 3485 1804 3541 insistens
1831 3485 1991 3556 operi
2022 3501 2116 3539 res
2146 3484 2311 3540 urbis

653 3573 711 3627 in
746 3577 966 3629 statum
1021 3591 1197 3645 quam
1259 3574 1512 3630 maxime
1568 3591 1844 3630 securum
1896 3574 2307 3647 componendi,

653 3663 993 3718 Genuenses
1050 3665 1314 3731 quidem,
1367 3666 1589 3736 quique
1630 3666 1755 3735 jam
1820 3666 2067 3722 aderant
2092 3666 2311 3736 quique

657 3768 791 3807 mox
837 3754 1067 3808 venturi
1121 3755 1633 3825 exspectabantur,
1673 3755 1870 3827 plures
1915 3759 1971 3811 et
1997 3759 2308 3811 contuma-

655 3840 842 3896 ciores
865 3855 1112 3897 cernens
1144 3857 1322 3913 quam
1355 3846 1421 3897 ut
1449 3859 1582 3915 spes
1605 3843 1988 3914 essetsubjici
2021 3845 2173 3899 bona
2196 3844 2310 3898 ﬁde

659 3930 942 3985 Romanis
1006 3946 1206 4002 posse,
1267 3931 1701 4005 providensque
1758 3933 1880 3988 fore
1956 3938 2020 3988 ut
2080 3933 2308 3988 levibus

659 4020 998 4091 quibusque
1027 4020 1278 4076 subinde
1310 4021 1507 4077 causis
1529 4026 1631 4077 aut
1647 4022 2019 4092 pretextibus
2043 4022 2114 4077 ad
2147 4039 2310 4078 arma

658 4112 717 4162 et
769 4106 1146 4164 rebellionem
1225 4111 1688 4179 concitarentur,
1759 4116 1964 4184 utpote
2038 4111 2309 4167 homines

661 4199 1006 4266 arrogantes
1040 4201 1098 4252 et
1150 4197 1392 4266 feroces,
1444 4214 1543 4254 eos
1602 4199 1754 4254 intra
1802 4199 1991 4270 ipsam
2041 4199 2310 4255 habitare

667 4284 964 4340 civitatem
998 4283 1155 4340 haud
1216 4285 1442 4356 putavit
1480 4289 1718 4354 tutum;
1770 4289 2105 4359 eponendos
2159 4288 2308 4345 I08

655 4373 836 4446 igitur
867 4373 1112 4429 duxitin
1145 4374 1376 4446 proprie
1403 4375 1550 4447 ipsis
1579 4376 1948 4448 assignatum
1991 4376 2206 4433 locum.
2231 4379 2310 4433 Ac

654 4463 943 4534 principio
975 4462 1214 4533 quidem
1247 4463 1586 4520 Heracleam
1620 4465 1880 4521 Thraciis
1928 4466 2089 4536 ipsos
2117 4471 2309 4521 trans-

653 4550 890 4607 tulerat.
926 4550 1147 4606 Deinde
1180 4555 1378 4608 tamen
1402 4554 1671 4609 securius
1692 4554 2050 4609 existimavit
2064 4553 2309 4609 colloca-

2431 1951 2503 2012 τῆ
2565 1949 2812 2022 στερήσει
2860 1954 2963 2016 τῆς
2996 1945 3222 2010 πόλεως
3266 1947 3343 2008 είς
3380 1946 3571 2020 μανίαν
3621 1945 3840 2018 μείζονα
3875 1988 3889 2016 ,
3948 1947 4090 1998 κατὰ

2428 2044 2535 2093 τῶν
2593 2040 2944 2116 πεμφθέντων
3017 2039 3100 2094 ἐπ’
3173 2037 3374 2100 αίτιαις
3421 2045 3522 2107 τῆς
3576 2034 3868 2109 προδοσίας
3903 2080 3916 2105 ,
3998 2037 4076 2097 ὡς

2431 2127 2744 2192 ἐπιστάντας
2797 2130 3068 2205 ἑωρῶντο,
3126 2133 3390 2203 τιμωρεῖν
3447 2127 3730 2202 ὥρμηντο,
3780 2128 3944 2190 ’Ὁθεν
3992 2125 4083 2180 καὶ

2427 2217 2518 2270 τὸν
2557 2217 2649 2289 μὲν
2705 2217 3118 2292 Νικηφορίτζην
3163 2216 3531 2291 κατασχόντες
3585 2215 3645 2270 ἐκ
3696 2213 3880 2270 ποδῶν
3915 2213 3971 2275 ές
4002 2236 4088 2269 κε-

2428 2304 2606 2379 φαλὴν
2665 2311 2838 2375 ζῶντα
2878 2305 3128 2377 ἀνηλεῶς
3178 2304 3442 2379 έξέδερον,
3472 2309 3850 2381 τιμωροῦντες
3904 2303 4088 2359 αἰτια-

2427 2395 2605 2462 θέντα,
2636 2396 2750 2468 ἅμα
2808 2393 2865 2450 δὶ
2919 2396 3008 2450 καὶ
3061 2395 3143 2449 ἐπ’
3202 2395 3393 2468 ἀτιμίᾳ
3446 2399 3548 2448 τοῦ
3605 2393 3940 2467 πέμψαντος
3979 2395 4008 2446 ὁ
4043 2391 4092 2445 δ’

2426 2480 2811 2558 Ἀλουϐάρδης
2867 2484 3141 2560 προγνοὺς
3196 2485 3295 2553 τὴν
3372 2478 3673 2552 ἐπιϐουλὴν
3728 2483 3831 2538 ἀνὰ
3888 2481 4092 2557 κράτος

2427 2573 2613 2650 φεύγει
2650 2617 2661 2630 .
2716 2573 2821 2630 Καὶ
2875 2577 3048 2628 ταῦτα
3117 2574 3210 2646 μὲν
3263 2569 3421 2627 τόνδε
3463 2572 3555 2627 τὸν
3612 2573 3813 2647 τρόπον
3884 2565 4088 2641 συνέϐη

2423 2666 2539 2724 τοῖς
2569 2662 2697 2735 παρ’
2725 2660 2958 2717 Ἰταλίαν
2985 2667 3280 2739 πεμφθεῖσι
3309 2656 3658 2735 πρέσϐευσιν.

2436 2876 2582 2916 nens
2639 2860 2936 2932 prescribi
2993 2860 3151 2916 locos
3209 2861 3279 2916 ad
3315 2852 3726 2926 habitandum,
3780 2865 3838 2916 et
3866 2861 4092 2934 cuique

2431 2950 2591 3020 genti
2638 2967 2777 3007 suos
2829 2967 3043 3007 census
3074 2953 3130 3007 et
3161 2950 3488 3022 vectigalia,
3539 2949 3700 3005 nullo
3733 2949 4089 3022 prohibente

2430 3055 2755 3111 provenire.

2492 3201 2581 3255 36.
2614 3202 2690 3256 De
2739 3201 2935 3269 legam
2963 3200 3033 3256 ad
3061 3217 3264 3284 papam
3293 3205 3344 3286 et
3375 3201 3543 3257 Italo:
3581 3203 3651 3257 ab
3675 3202 4014 3273 imperatore

3155 3288 3364 3328 "215525.

2475 3395 2634 3451 Misit
2649 3400 2707 3450 et
2729 3394 3404 3468 quamprimumlegatos
3418 3396 3735 3468 imperator
3750 3396 3819 3451 ad
3837 3413 4081 3468 papam,

2417 3484 2589 3541 donis
2655 3501 2789 3539 eum
2850 3483 3159 3540 deliniens.
3196 3484 3326 3540 Duo
3385 3490 3582 3540 autem
3643 3483 3818 3556 legati
3870 3489 4064 3552 erant,

2418 3589 2670 3645 quorum
2704 3590 2861 3628 unus
2887 3571 3342 3644 Nicephoritzes,
3373 3572 3521 3629 alter
3548 3573 3878 3629 Alubardes
3907 3590 4083 3629 voca-

2416 3661 2608 3717 batur.
2641 3661 2897 3733 Uterque
2919 3661 3112 3718 scriba
3141 3659 3409 3716 Balduini
3435 3661 3625 3717 fuerat
3656 3677 3842 3733 nuper
3869 3660 4072 3734 impe-

2417 3750 2918 3806 ratorisltalorum
2955 3751 3140 3819 ;unde
3164 3751 3316 3821 quod
3350 3751 3422 3806 ad
3457 3750 4069 3822 partesRomanornm

2416 3839 2792 3908 transissent,
2839 3839 3193 3912 proditionis
3245 3840 3683 3895 accusabantur
3729 3857 3763 3895 a
3815 3840 4071 3895 Latinis.

2417 3931 2534 3983 Hos
2567 3929 2624 3982 in
2658 3927 2880 3983 Italiam
2910 3927 3190 4001 appulsos
3228 3944 3403 4000 grave
3435 3927 3761 4000 periculum
3819 3929 4073 4001 excepit,

2419 4018 2477 4072 in
2513 4034 2626 4089 quo
2659 4035 2730 4072 ne
2752 4034 2964 4074 nomen
2993 4019 3230 4088 quidem
3262 4024 3702 4074 sacrosanctum
3738 4021 4073 4087 legatorum

2424 4111 2684 4162 extrema
2715 4105 2860 4176 ipsis
2905 4105 3063 4161 mala
3109 4107 3408 4178 deprecari
3463 4109 3673 4177 potuit,
3723 4123 4073 4179 quanquam

2417 4194 2562 4251 alias
2592 4195 2910 4267 imperator
2939 4195 3287 4267 proditionis
3315 4195 3374 4250 in
3410 4213 3471 4252 se
3500 4212 3631 4251 reos
3661 4212 3729 4250 ex
3761 4196 3906 4251 urbe
3936 4201 4072 4253 tum

2416 4302 2449 4340 a
2477 4285 2699 4341 Latinis
2729 4286 2964 4340 detenta
2996 4285 3244 4341 subdole
3277 4286 3490 4342 missos
3522 4285 3770 4356 benigne
3800 4287 4075 4358 accepis-

2414 4377 2524 4442 set,
2547 4374 2767 4429 crimen
2790 4373 3010 4430 honore
3041 4373 3350 4446 legationis
3371 4374 3726 4430 occultatum
3755 4391 3820 4430 se
3868 4376 4074 4431 videre

2413 4462 2822 4519 dissimulans.
2858 4463 2986 4518 Itali
3012 4464 3170 4519 enim
3203 4480 3334 4519 cum
3369 4464 3517 4520 alias
3548 4463 3864 4519 irritabiles
3908 4467 4074 4521 169

2412 4570 2479 4609 ac
2531 4553 2931 4620 vehementes,
2983 4557 3112 4608 tum
3167 4553 3538 4609 incommodo
3575 4553 3792 4609 recenti
3831 4555 4077 4610 amissa:

654 4656 714 4696 re
747 4640 881 4696 illos
913 4657 943 4696 e
965 4639 1204 4712 regione
1233 4641 1455 4712 Peraeae,
1490 4647 1547 4698 et
1576 4659 1685 4698 sua
1714 4644 1865 4698 intra
1898 4642 2080 4699 solam
2112 4659 2305 4699 arcem
2335 4654 2383 4718 D
2411 4640 3003 4714 ConstantinOpoleos
3033 4641 3550 4698 eﬁ‘eratiadversus
3579 4642 3688 4697 hos
3718 4640 4076 4714 talitempo-

651 4728 870 4785 Galatas
903 4730 1116 4786 habere
1142 4730 1442 4788 domicilia
1467 4733 1696 4803 jubere.
1722 4735 1975 4788 Venetos
2006 4740 2198 4788 aulem
2250 4739 2309 4788 et

650 4823 918 4888 Pisanos,
953 4836 1206 4892 quorum
1264 4825 1391 4876 erat
1422 4838 1538 4877 non
1578 4822 1658 4876 ita
1713 4839 1928 4893 magna
1962 4821 2301 4891 multitudo,

651 4925 890 4964 manere
921 4907 1079 4964 intra
1106 4909 1310 4965 urbem
1345 4910 1636 4981 permisit,
1654 4911 1754 4966 sed
1780 4916 2079 4982 separatos
2111 4912 2181 4967 ab
2213 4911 2301 4966 in-

647 4998 832 5054 vicem
864 5001 923 5054 et
952 4998 1022 5053 ab
1056 4999 1213 5067 aliis,
1248 5000 1388 5055 Inde
1416 5000 1487 5054 sd
1512 5016 1682 5056 omne
1699 5000 2026 5072 periculum
2062 5003 2301 5068 certius,

648 5093 938 5159 quantum
972 5088 1031 5143 in
1064 5090 1192 5160 ipso
1223 5093 1368 5153 erat,
1407 5091 1872 5162 praevertendum
1906 5091 2058 5146 dirui
2091 5095 2148 5146 et
2177 5091 2301 5147 solo

645 5178 914 5234 funditus
946 5179 1162 5249 aequari
1185 5180 1370 5248 jussit
1402 5180 1759 5235 munitiones
1781 5185 1906 5235 tum
1930 5181 2084 5234 intra
2100 5180 2300 5235 urbem

651 5269 804 5324 arcis
860 5272 1167 5324 exstructis
1225 5269 1296 5322 ad
1326 5267 1682 5325 maritimam
1736 5269 1844 5326 fori
1892 5274 2140 5340 partem,
2173 5275 2299 5324 tum

646 5365 811 5416 extra
858 5357 1131 5414 suburbii
1189 5355 1427 5414 Galate.
1463 5358 1524 5414 In
1559 5375 1675 5431 quo
1726 5359 1809 5415 sic
1840 5359 2300 5431 propugnaculis

648 5449 870 5503 nudato
884 5446 1150 5504 habitare
1169 5449 1510 5503 Genuenses
1533 5465 1598 5504 ex
1626 5449 1870 5504 adverso
1892 5447 2300 5520 oppositaeipsi

644 5539 716 5594 ab
749 5553 962 5594 occasu
995 5538 1220 5604 Peribis,
1254 5541 1497 5594 extensa
1549 5554 1726 5609 quam
1761 5538 2015 5594 maxime
2073 5537 2134 5593 in
2173 5536 2298 5594 lon-

643 5643 784 5699 gum
813 5627 1124 5685 domorum
1156 5626 1324 5695 serie,
1365 5626 1661 5700 precepit,
1692 5626 1824 5684 aliis
1846 5643 2078 5699 quoque
2098 5628 2300 5684 decer-

2417 4748 2480 4786 re
2511 4748 2638 4787 sese
2667 4728 2781 4803 ipsi
2812 4731 3120 4787 offerentes
3151 4730 3213 4786 in
3272 4731 3493 4787 rabiem
3528 4729 3700 4786 solito
3751 4732 4076 4801 majorem,

2415 4821 2620 4876 ulcisci
2670 4819 2962 4892 supplicio
2994 4836 3240 4892 prorsus
3270 4819 3451 4876 atroci
3491 4820 3716 4875 crimen
3757 4819 3907 4892 ipsis
3956 4820 4079 4877 im-

2413 4914 2649 4983 pactum
2683 4907 3032 4980 proditionis
3061 4906 3322 4980 aggressi
3357 4912 3596 4980 repente
3616 4911 3779 4964 sunt.
3810 4908 4076 4982 Captum

2409 4998 2680 5055 videlicet
2709 4998 3155 5070 Niceplucritzen
3188 5015 3220 5053 a
3251 4997 3500 5070 pedibus
3533 4997 3605 5053 ad
3637 5002 3814 5071 caput
3860 4999 4074 5056 vivum

2411 5089 2728 5145 crudeliter
2755 5087 3148 5155 excoriarunt,
3202 5103 3317 5144 non
3343 5087 3532 5160 magis
3561 5087 3620 5143 in
3673 5104 3905 5159 poenam
3940 5105 4076 5146 sce-

2410 5178 2548 5235 leris
2581 5178 2768 5250 ipsius
2799 5194 2975 5250 quam
3009 5180 3067 5234 in
3095 5177 3470 5250 imperatoris
3517 5176 3716 5250 ipsum
3775 5178 4082 5237 mittentis

2411 5268 2798 5341 ignominiam
2834 5283 2899 5323 ac
2949 5273 3374 5340 contemptum.
3409 5271 3480 5322 At
3519 5267 3870 5337 Alubardes,
3906 5284 4077 5325 com-

2411 5366 2574 5430 perlo
2623 5358 2762 5430 quid
2799 5358 2908 5413 sibi
2957 5361 3284 5429 pararetur,
3346 5356 3641 5428 praevertit
3672 5356 4076 5415 infortunium

2411 5448 2550 5520 fuga
2582 5451 2835 5503 matura.
2858 5448 2964 5503 Hic
2995 5462 3305 5503 successus
3338 5445 3532 5502 missa
3563 5445 3623 5500 in
3659 5444 3882 5502 Italiam
3914 5445 4082 5521 lega-

2411 5535 2590 5593 tionis
2616 5535 2746 5592 fuit.
