4188 6442
1217 428 1315 483 ΠΒ
1350 427 1723 481 ΜισΗΑΕιΒ
1760 425 2203 482 PALEOLOGO
2240 426 2373 479 LIB.
2417 426 2514 479 ιιι.

3456 425 3563 483 610

1790 602 1922 696 Γ’.

171 750 234 804 α’.
264 751 455 810 Ὅπως
481 746 696 801 ἐσκόπει
731 748 758 802 ὁ
793 744 1047 820 βασιλεὺς
1072 745 1137 799 τὰ
1166 745 1303 799 κατὰ
1337 745 1429 799 τὸν
1460 745 1806 819 πατριάρχην
1836 747 1890 814 Α
1918 743 1953 813 ἢ
2014 744 2089 815 μή
2126 741 2589 818 μετελευσομένου
2618 744 2708 800 τὸν
2742 747 3146 819 ἀμαρτήσαντα.
3178 750 3257 805 Τά
3289 746 3336 802 δ’
3364 749 3438 810 εἰς
3472 772 3568 823 με·

845 836 1119 909 Ἀρσὲνιον
1133 877 1144 889 .

238 928 324 999 [Ρ.
363 926 486 1000 113]
539 926 600 981 Ὁ
659 922 715 979 δὲ
776 922 1031 999 βασιλεὺς
1087 922 1503 997 στοιχιζόμενος
1556 927 1674 987 ταῖς
1733 920 1812 976 ἒν-

169 1015 365 1084 νοίαις,
424 1015 500 1076 ὡς
555 1011 741 1074 ἄλλως
797 1010 894 1066 οὐκ
950 1012 1007 1065 ’ὀν
1068 1012 1412 1086 πατριάρχου
1462 1008 1593 1085 δίχα
1620 1012 1685 1065 τὰ
1714 1018 1815 1079 τῆς

169 1101 494 1171 Ἐκκλησίας
549 1102 841 1171 ἰθύνεσθαι,
900 1100 1115 1154 ἐσκόπει
1173 1102 1292 1164 καθ’
1350 1101 1533 1155 ἒαυτίν
1584 1105 1702 1161 πῶς
1750 1099 1810 1153 ἂν

165 1192 254 1246 καὶ
334 1194 404 1246 τὰ
477 1191 610 1246 κατᾶ
685 1191 777 1244 τὸν
848 1190 1193 1263 πατριάρχην
1253 1208 1547 1258 κατασταιη
1603 1188 1691 1243 καὶ
1747 1191 1815 1244 τὰ

163 1280 295 1336 κατᾶ
322 1282 552 1356 γνώμην
604 1274 815 1348 ἐκϐαίη,
871 1280 1095 1353 θατέρου
1137 1275 1184 1332 δ’
1214 1276 1573 1347 εὖοδήσαντος
1622 1277 1667 1332 εί
1718 1279 1814 1342 θά-

164 1391 316 1445 τερον
380 1367 759 1437 ἀπολείποιτο,
816 1368 878 1422 τὸ
925 1373 1029 1422 πᾶν
1092 1366 1153 1420 71v
1209 1366 1477 1441 χωλεύειν
1520 1366 1811 1442 ἀναγκαῖον

163 1464 371 1534 ἠγεῖτο.
423 1457 550 1515 Εἴτε
597 1457 701 1533 γὰρ
750 1456 1111 1518 καταστάντος
1156 1460 1253 1510 τοῦ
1283 1457 1628 1531 πατριάρχου
1655 1455 1815 1518 αὐτὸς

165 1548 523 1622 ἆμποδίζοιτο
564 1552 685 1608 ταῖς
737 1546 1085 1623 βουλήσεσιν,
1118 1545 1204 1601 ἐπὶ
1243 1546 1521 1620 μεγίστοις
1569 1546 1812 1621 ἀτυχεῖν·

166 1638 265 1692 εἴτ’
321 1638 563 1699 ἀπόντος
620 1636 825 1691 ἐκείνου
883 1635 1043 1699 αὐτὸς
1069 1635 1138 1689 τα
1165 1637 1302 1689 κατα
1342 1633 1609 1709 βούλησιν
1641 1636 1811 1709 πράτ-

160 1748 267 1794 τοι,
299 1732 411 1781 τῶν
444 1726 582 1801 πρὸς
604 1726 770 1779 αὐτοῦ
806 1724 898 1796 μὲν
932 1723 1131 1792 ἥκιστα
1171 1724 1517 1796 ἁμαρτάνειν,
1569 1722 1815 1786 πολλοὺς

166 1814 220 1870 δί
274 1813 694 1887 συμπλέκοντας
767 1816 935 1867 ταῦτα
1005 1816 1084 1883 τῷ
1140 1812 1260 1887 περὶ
1315 1812 1405 1865 τὸν
1464 1811 1811 1887 πατριάρχην

162 1900 432 1976 συμϐάντι
494 1904 567 1964 ὡς
638 1902 737 1957 οὐκ
804 1899 1030 1962 ἐνδίκως
1088 1902 1493 1975 ἀπρακτοῦντος
1553 1902 1814 1976 μεγίστην

160 1994 330 2065 α’ίρειν
363 1994 465 2060 τήν
496 1992 770 2066 ταραχὴν,
822 1990 914 2044 καὶ
961 1994 1241 2065 προσεῖναι
1280 1990 1340 2043 τὸ
1374 1986 1629 2065 εὔλογον,
1662 1991 1735 2052 ὡς
1769 1989 1813 2045 εί

162 2089 341 2155 παρῆν
367 2082 607 2147 πάντως,
659 2075 913 2150 ἐμποδὼν
961 2078 1022 2131 ’ἀν
1073 2077 1273 2132 ἐκεῖνον
1311 2085 1501 2147 στῆναι
1554 2084 1670 2140 ταῖς
1698 2077 1813 2133 ἐπι-

160 2178 360 2233 νοίαις.
394 2174 506 2225 Νῦν
537 2166 595 2223 δὲ
621 2168 1063 2242 προαιρουμένου
1119 2171 1214 2221 τοῦ
1276 2166 1544 2243 βασιλέως
1574 2188 1811 2243 παρανο-

174 2266 318 2331 μεῖν,
364 2257 709 2331 παρανόμοις
751 2255 947 2317 ἄλλαις
995 2257 1190 2330 ἀργαῖς
1251 2257 1613 2331 συμπέρασμα
1644 2258 1818 2327 παρά-

166 2370 338 2421 νομον
374 2347 725 2421 ἔπεια-ἦχθαι,
779 2346 853 2407 ὡς
898 2345 986 2399 καὶ
1042 2346 1135 2400 τὸν
1184 2346 1531 2421 πατριάρχην
1575 2346 1819 2420 παραλο-

169 2438 425 2511 γίσασθαι
472 2436 563 2490 καὶ
610 2436 702 2490 τὸν
756 2432 983 2509 βασιλέα
1028 2433 1306 2509 πτερνίσαι
1354 2439 1473 2495 ταῖς
1512 2435 1576 2489 οὖ
1626 2433 1817 2495 καλαῖς

167 2527 289 2600 περὶ
321 2526 387 2580 τὸ
420 2530 574 2579 Θεῖον
610 2522 971 2596 ὑπολήψεσιν,
1005 2524 1080 2586 ὡς
1107 2522 1313 2579 ἐκείνου
1335 2522 1370 2593 ἢ
1406 2524 1481 2596 μή
1514 2522 1819 2601 ἰφορῶντος

1921 829 2098 907 γάλην
2155 832 2288 887 εἶναί
2340 834 2391 887 οἳ
2446 835 2544 901 τήν
2599 837 2868 910 ταραχήν,
2927 836 2999 897 ὡς
3029 837 3119 889 καὶ
3149 835 3395 892 κίνδυνον
3427 839 3563 893 ὑπο-

1919 926 2177 985 νοεῖσθαι.
2234 922 2391 976 Ταῢθ⁹
2449 922 2476 975 ὁ
2552 927 2758 996 κρατῶν
2842 922 3196 999 λογιζόμενος
3284 925 3560 982 συνάπτειν

1920 1009 2085 1080 ἤθελε
2130 1012 2197 1065 τὰ
2245 1010 2542 1081 ἀσύναπτα,
2588 1014 2686 1082 τήν
2732 1032 2789 1067 τε
2836 1017 2933 1067 τοῦ
2965 1016 3309 1089 πατριάρχου
3354 1016 3561 1071 ἀποκα-

1918 1103 2170 1153 τάστασιν
2229 1100 2315 1153 καὶ
2365 1101 2464 1167 τὴν
2519 1105 2614 1154 τοῦ
2660 1101 2888 1175 γνησίου
2952 1101 3220 1175 βασιλέως
3280 1106 3557 1177 απραξίαν·

1918 1188 1985 1243 τὰ
2042 1185 2090 1241 δ’
2147 1188 2281 1256 ἦσαν
2331 1188 2485 1243 λίνον
2547 1189 2623 1261 μὴ
2683 1186 2823 1261 λίνῳ
2867 1188 3254 1263 συγκλώΟοντα
3284 1213 3560 1266 πραττειν.

1920 1278 2093 1352 Ἔγνω
2142 1281 2271 1352 γοῦν
2322 1282 2604 1353 πειρᾶσθαι
2643 1282 2741 1332 τοῦ
2790 1281 3154 1354 πατριάρχου,
3206 1281 3248 1335 εἰ
3284 1281 3425 1336 οὕτω
3455 1288 3561 1337 τῶν

1919 1365 2053 1421 κατὰ
2093 1366 2184 1420 τὸν
2231 1366 2483 1437 Ἰωάννην
2539 1365 2777 1442 ἐχόντων
2819 1367 3223 1441 ἀπηρτημένως
3253 1370 3425 1441 πάντη
3472 1372 3561 1427 καὶ

1920 1453 2215 1527 ἀνειμένως
2273 1454 2434 1517 αὐτὸς
2476 1456 2757 1510 κατανεῦοι
2804 1457 2904 1524 τήν
2954 1456 3027 1517 εἷς
3075 1458 3173 1525 τὴν
3226 1459 3389 1513 πόλιν
3422 1458 3561 1513 εἷ’σο-

1921 1540 2036 1614 δον,
2090 1545 2227 1617 πρὸς
2284 1541 2340 1598 δὲ
2385 1543 2473 1598 καὶ
2524 1546 2623 1613 τὴν
2674 1545 2999 1615 προστασίαν
3052 1552 3151 1614 τῆς
3213 1546 3566 1619 Ἐκκλησίας,

1919 1633 2008 1687 καὶ
2057 1634 2266 1707 στέφειν
2296 1632 2446 1692 αὗθις
2497 1632 2700 1687 ἐκεῖνον
2757 1634 3057 1709 βασιΑικῶς
3104 1636 3240 1689 κατᾶ
3284 1637 3346 1690 τὸ
3387 1633 3565 1690 δεύτε-

1922 1743 2018 1797 ρον
2075 1727 2395 1797 προαιροῖτο
2453 1721 2539 1776 ἐπὶ
2597 1730 2699 1792 τῆς
2758 1723 2974 1785 πόλεως
3026 1724 3312 1799 (εἶναιγὰρ
3346 1726 3435 1779 καὶ
3468 1725 3567 1779 ἄλ-

1921 1809 2035 1871 λως
2094 1807 2302 1865 δίκαιον
2372 1811 2605 1883 πρώτως
2666 1810 2986 1886 εἶ’σαχθὲντα
3041 1812 3130 1866 καὶ
3189 1818 3407 1887 πρῶτον
3457 1819 3564 1867 τῶν

1925 1896 2189 1974 βασιλέων
2250 1901 2574 1974 στέφεσθαι),
2635 1900 2708 1962 ὡς
2768 1900 2813 1954 εἰ
2868 1898 3043 1971 διδοίη
3105 1905 3268 1955 ταῦτα
3317 1902 3565 1957 καῖτάπὶ

1918 1987 2132 2049 τούτοις
2182 1987 2441 2059 ἐλπίζειν,
2494 1989 2567 2050 ὡς
2614 1987 2950 2065 ἐφησυχάσοι
2982 1992 3355 2065 πραχθέντων,
3409 1993 3567 2064 Τρισὶ

1922 2074 1969 2131 δ’
2019 2075 2156 2148 ᾤετο
2186 2076 2389 2131 πείσειν
2440 2082 2666 2131 τοιαῦτα
2715 2077 2966 2153 λέγοντα,
3028 2083 3103 2150 τῷ
3151 2101 3206 2133 τε
3259 2081 3569 2152 μεμαλακί-

1922 2168 2042 2220 σθαι
2099 2170 2291 2220 τοῦτον
2342 2171 2418 2239 τῷ
2462 2167 2649 2241 χρόνῳ
2699 2167 2751 2221 ἐν
2786 2168 3112 2241 ξὺπερορίαις
3165 2167 3439 2242 διάγοντα,
3494 2174 3571 2241 τῷ

1926 2276 1984 2309 τε
2016 2252 2242 2310 δεδιέναι
2293 2256 2368 2327 μὴ
2418 2256 2507 2309 καὶ
2557 2254 2708 2319 αὖθις
2740 2257 3094 2330 ἀντικαταστῇ
3130 2256 3320 2325 ἄλλος,
3352 2260 3569 2333 γεγονὸς

1927 2343 2015 2399 καὶ
2049 2341 2130 2399 ἐπ’
2180 2342 2338 2416 ἄλλῳ
2381 2342 2512 2414 ἤδη,
2562 2345 2650 2399 καὶ
2702 2344 2867 2418 τρίτῳ
2913 2350 2990 2417 τῷ
3020 2345 3254 2421 ἀνάγκην
3304 2348 3432 2401 εἶναι
3482 2348 3572 2402 καὶ

1928 2432 2085 2487 αὐτὸν
2120 2433 2240 2509 ὲρᾷν
2267 2440 2369 2502 τῆς
2408 2431 2691 2509 πατρίδος,
2735 2434 2800 2502 ἦς
2853 2432 3110 2489 ἀδύνατον
3158 2431 3434 2505 ἐπιϐῆναι,
3484 2439 3574 2491 καὶ

1923 2526 2088 2577 ταῦτα
2142 2524 2258 2595 μεθ’
2310 2524 2608 2597 ὑπερτάτης
2654 2530 2821 2596 τιμῆς
2867 2544 2925 2578 τε
2970 2525 3059 2579 καὶ
3118 2522 3279 2596 δόξης
3326 2526 3409 2596 [Ρ.
3443 2529 3586 2607 illi}

1793 2651 1955 2745 III.

174 2812 223 2865 1.
252 2806 399 2877 Quid
426 2804 649 2863 consilii
670 2805 878 2877 ceperit
905 2811 1206 2870 imperatos
1264 2803 1413 2860 circa
1439 2803 1823 2876 patriarcha»:

848 2878 1164 2932 Arsaniam.

242 2992 316 3043 At
340 2988 667 3057 imperator
696 2982 899 3038 multis
932 2982 1194 3054 undique
1232 2982 1686 3055 cogitationibus
1717 2999 1821 3040 oc-

177 3076 559 3135 currentibus
584 3074 820 3129 tandem
872 3072 1207 3144 intelligens
1259 3072 1383 3128 fleri
1414 3089 1529 3128 non
1563 3089 1734 3144 posse
1763 3076 1829 3129 ut

176 3184 269 3222 res
304 3163 576 3221 Ecclesiae
607 3162 737 3217 sine
767 3159 1101 3233 patriarcha
1138 3165 1652 3232 componerentur,
1683 3162 1828 3218 deli-

178 3257 424 3312 berabat
453 3268 651 3309 secum
685 3266 800 3323 quo
828 3257 991 3322 pacto
1022 3255 1480 3321 consequeretur
1510 3256 1575 3306 ut
1603 3254 1659 3307 et
1707 3251 1832 3307 sedi

178 3343 414 3400 vacanti
446 3343 688 3397 daretur
717 3338 1050 3412 patriarcha
1078 3343 1135 3394 et
1166 3338 1346 3394 simul
1369 3339 1479 3394 sibi
1504 3357 1571 3395 ex
1600 3345 1829 3397 senten-

182 3435 264 3490 tia
296 3432 597 3489 destinata
627 3428 1025 3501 procederent.
1058 3432 1204 3484 Nam
1241 3430 1448 3484 horum
1501 3429 1749 3486 alterum
1784 3430 1835 3486 si

184 3524 547 3587 succederet,
580 3519 763 3575 altero
792 3518 1113 3586 deﬁciente,
1147 3516 1612 3574 claudicaturum
1645 3536 1839 3576 neces-

187 3613 340 3667 sario
374 3613 598 3665 statum
631 3623 803 3663 suum
839 3606 1191 3679 providebat.
1230 3606 1455 3680 Quippe
1486 3609 1535 3663 si
1569 3607 1839 3664 restituto

189 3698 526 3773 patriarcha
557 3696 680 3768 ipse
712 3695 1119 3767 prohiberetur
1160 3696 1397 3768 exsequi
1454 3698 1605 3769 quod
1640 3698 1837 3755 decre-

192 3795 406 3855 verat,e
438 3786 706 3843 maximis
737 3801 800 3841 se
832 3786 1049 3857 spebus
1080 3785 1159 3840 im
1194 3802 1299 3856 par
1330 3785 1632 3859 lapsurum
1665 3787 1842 3844 infor-

191 3881 427 3936 tunium
454 3876 870 3933 exborrescens
899 3874 1209 3946 cogitabat:
1242 3874 1334 3930 sin
1367 3874 1565 3931 relicto
1594 3874 1693 3931 illo
1742 3875 1841 3931 ubi

195 3975 337 4033 erat,
368 3967 500 4039 ipse
528 3981 634 4037 per
663 3980 790 4020 sese
820 3978 948 4035 qum
980 3963 1153 4019 vellet
1181 3964 1841 4038 elﬁceret,110ingen-

198 4063 312 4114 tem
334 4074 399 4113 se
422 4055 765 4111 subiturum
789 4052 1068 4107 invidiam
1092 4056 1150 4108 et
1170 4053 1468 4126 erupturis
1495 4053 1632 4108 inde
1654 4053 1845 4110 assul-

198 4149 353 4203 tibus
384 4145 482 4199 vix
515 4158 715 4216 parem
747 4142 1010 4197 futurum
1030 4142 1656 4214 reputabat,siquidem
1680 4142 1843 4199 habi-

199 4244 355 4293 turos
380 4249 592 4308 parum
618 4232 946 4302 sibimquos
964 4230 1846 4302 plurimos,rebusimminentes

199 4329 380 4391 novis,
416 4323 753 4395 speciosum
787 4323 1128 4391 pretextum
1156 4320 1359 4375 validas
1391 4320 1708 4377 conﬂandm
1760 4322 1846 4377 l'a-

198 4415 428 4479 ctionis,
464 4408 837 4466 obtendenda
867 4406 1139 4462 videlicet
1166 4406 1389 4463 arcanis
1411 4408 1677 4464 odiorum
1710 4426 1849 4465 cau-

200 4504 299 4573 sis,
332 4502 506 4557 livori
536 4503 597 4555 et
627 4497 951 4565 ambitioni,
984 4496 1216 4568 publice
1246 4496 1540 4567 plausibili
1564 4499 1692 4553 etin
1715 4515 1845 4572 spe-

202 4594 343 4647 ciem
377 4589 656 4661 religioso
686 4586 807 4641 zelo
837 4584 1173 4640 vindicandi
1206 4586 1277 4641 ab
1310 4586 1527 4657 injuria
1585 4596 1638 4643 et
1683 4605 1849 4660 repo-

204 4682 369 4736 nendi
402 4680 467 4734 in
496 4678 778 4733 thronum
809 4683 1071 4746 ereptum
1122 4674 1447 4730 exsulantis
1503 4676 1628 4732 sine
1673 4693 1852 4733 causa

206 4767 572 4841 patriarcha,
606 4781 672 4820 ac
700 4763 1097 4820 verisimiliter
1118 4765 1395 4835 jactando
1444 4765 1699 4822 voluisse
1744 4766 1854 4821 im-

207 4864 536 4930 peratorem
566 4870 633 4910 eo
664 4852 865 4927 procul
895 4852 1163 4909 habendo
1196 4870 1464 4910 amovere
1495 4871 1527 4909 a
1558 4871 1620 4911 se
1670 4856 1851 4912 mole-

1929 2802 2269 2873 declararet,
2298 2803 2514 2877 quippe
2544 2818 2718 2876 quem
2748 2803 3045 2860 videretur
3074 2804 3297 2877 opinari
3330 2809 3431 2862 aut
3460 2824 3578 2864 non

1929 2892 2127 2949 videre
2159 2908 2286 2965 qua
2311 2893 2369 2949 in
2400 2892 2594 2965 ipsum
2625 2897 2962 2965 peccantur,
3018 2898 3118 2949 aut
3166 2895 3472 2951 connivere
3505 2897 3577 2951 ad

1932 2983 2177 3049 scelera,
2211 2983 2396 3055 poenis
2420 2996 2621 3039 eorum
2654 2999 2953 3054 nunquam
2978 2983 3326 3055 repetendis.
3352 2984 3540 3048 Quibu
3558 3001 3585 3040 s

1936 3086 2005 3127 ex
2033 3071 2210 3127 rebus
2237 3070 2327 3126 vel
2360 3070 2593 3143 propria
2625 3071 3036 3143 probabilitate
3066 3072 3154 3127 vel
3188 3073 3449 3128 artiﬁciis
3477 3074 3580 3129 ad-

1938 3159 2298 3216 versantium
2332 3158 2547 3232 populo
2580 3160 2878 3233 persuasis
2927 3161 3241 3217 maximam
3301 3162 3580 3217 oriturum

1941 3249 2437 3322 perturbationem
2472 3248 2661 3320 palam
2694 3254 2843 3319 erat,
2873 3254 3113 3321 tamque
3144 3256 3306 3307 atrox
3335 3251 3584 3306 excitan-

1943 3339 2083 3395 dum
2117 3337 2423 3393 discordia:
2452 3338 2640 3395 civilis
2672 3339 3033 3408 incendium,
3084 3356 3200 3410 quo
3261 3340 3585 3409 periculum

1944 3430 2100 3485 esset
2132 3443 2205 3484 ne
2226 3431 2399 3499 caput
2430 3442 2497 3483 ac
2538 3427 2762 3483 familia
2818 3427 3008 3501 ipsius
3062 3428 3242 3485 simul
3274 3446 3407 3485 cum
3459 3430 3591 3503 ipsa

1948 3514 2248 3589 republica
2263 3514 2667 3589 conﬂagraret.
2684 3515 2843 3573 Talis
2863 3522 3143 3590 reputans
3159 3518 3592 3589 formidansque

1949 3606 2269 3679 imperator
2289 3611 2631 3663 connectere
2646 3606 3227 3677 insociabiliavoluit,
3245 3608 3590 3680 patriarchas

1948 3695 2217 3752 videlicet
2247 3696 2673 3753 restitutionem
2696 3701 2755 3753 et
2786 3698 3321 3754 exauctorationcm
3344 3697 3593 3770 legitimi

1951 3784 2255 3859 principis.
2289 3788 2409 3842 Hoc
2448 3789 2641 3841 autem
2675 3791 2800 3842 erat
2830 3786 3006 3842 telam
3040 3792 3230 3843 texere
3264 3786 3591 3843 linolinum

1951 3873 2505 3947 nonjungendo,sed
2530 3874 2790 3932 diversas
2804 3891 2907 3931 nec
2930 3879 3139 3930 natura
3162 3876 3518 3932 coherentes
3536 3879 3590 3932 in

1952 3979 2136 4019 unum
2197 3966 2419 4019 stamen
2471 3962 2748 4019 intricare
2801 3964 3092 4019 materias.
3134 3965 3248 4020 lloc
3298 3965 3595 4037 proposito

1953 4067 2266 4125 aggressus
2296 4056 2431 4107 ante
2462 4052 2662 4108 omnia
2690 4056 2779 4108 est
2832 4057 3055 4108 tentare
3093 4054 3436 4126 patriarchas
3470 4054 3599 4109 ani-

1954 4157 2140 4208 mum,
2172 4140 2381 4214 ecquid
2416 4140 2754 4213 persuaderi
2789 4141 2914 4197 seni
2948 4148 3149 4215 posset
3181 4147 3245 4197 ut
3276 4142 3495 4199 relictis
3537 4143 3595 4197 in

1953 4246 2243 4303 suspenso
2275 4234 2333 4285 et
2363 4230 2422 4286 in
2456 4229 2699 4297 incerto,
2733 4231 2814 4285 uti
2848 4238 2986 4286 tunc
3016 4236 3200 4296 erant,
3231 4232 3474 4288 Joannis
3498 4249 3601 4304 pu-

1954 4319 2075 4392 pilli
2098 4318 2496 4389 rebus,venire
2518 4318 2724 4391 ipsein
2751 4320 2954 4375 urbem
2976 4328 3280 4391 annuerel,
3306 4336 3371 4376 ac
3391 4322 3599 4377 throno

1955 4405 2331 4480 patriarchali
2358 4406 2415 4462 in
2450 4422 2557 4462 sua
2576 4422 2712 4463 vera
2733 4406 3034 4477 metropoli
3066 4423 3386 4464 conscenso
3417 4408 3600 4463 emol-

1955 4496 2047 4552 liri
2079 4512 2140 4551 se
2171 4501 2465 4569 pateretur
2514 4497 2581 4551 ad
2644 4512 2773 4552 sese
2821 4499 3220 4552 coronandum
3279 4498 3357 4553 ibi
3411 4499 3602 4553 denuo

1958 4602 2171 4658 pompa
2202 4591 2259 4641 et
2287 4585 2633 4641 caeremonia
2655 4584 3227 4642 solemnissima.Nec
3254 4587 3603 4657 desperabat

1960 4691 2078 4730 rem
2112 4674 2225 4746 ipsi
2258 4674 2489 4745 probari
2521 4690 2710 4744 posse,
2744 4674 3029 4746 quidquid
3057 4676 3201 4729 171
3238 4674 3385 4731 alias
3416 4676 3474 4730 in
3508 4692 3607 4731 co-

1959 4764 2263 4820 ronatione
2296 4768 2702 4836 repugnasset,
2737 4764 3013 4834 quoniam
3046 4780 3227 4819 causa
3283 4781 3439 4820 nunc
3483 4770 3609 4820 erat

1960 4854 2193 4923 idonea,
2224 4857 2289 4908 ut
2322 4851 2422 4923 qui
2455 4852 2614 4924 prior
2661 4851 3083 4924 imperatorum
3143 4852 3201 4908 in
3234 4854 3439 4909 urbem
3475 4854 3608 4909 suis

208 4958 355 5004 slum
389 4944 708 5011 arbitrum,
740 4958 914 5015 quem
950 4942 1096 4999 satis
1126 4948 1326 4999 nosset
1373 4942 1529 4998 haud
1586 4960 1846 5016 unquam
1877 4945 1924 5010 D
1957 4945 2135 5000 unius
2165 4942 2446 5016 auspiciis
2463 4947 2697 5015 captam
2728 4943 3067 5014 intraverat,
3100 4943 3259 5015 prior
3274 4944 3610 5016 quoqueibi

207 5038 617 5110 acquieturum
646 5031 897 5105 ingratis
924 5032 1052 5102 ejus
1083 5036 1141 5086 et
1160 5031 1401 5104 injustis
1423 5033 1851 5095 molitionibus.

209 5133 264 5182 et
292 5124 582 5199 quoniam
614 5125 994 5194 preoptasset
1019 5119 1388 5193 illegitimam
1449 5123 1854 5180 monarchiam

206 5215 468 5289 legitimo
491 5210 733 5278 collegio
753 5225 1041 5280 supremae
1068 5210 1855 5280 potestatis,ecclesiasticum

210 5320 441 5377 quoque
471 5316 818 5373 supremum
855 5300 1265 5371 magistratum
1323 5299 1697 5371 illegitimum
1730 5319 1855 5359 ma-

210 5394 412 5460 luisse,
447 5390 731 5464 quoniam
761 5405 830 5444 ex
860 5403 949 5454 eo,
981 5404 1115 5443 cum
1151 5387 1283 5444 talis
1303 5392 1855 5464 esset,sull‘ragatio-

211 5501 346 5540 nem
378 5486 434 5538 in
468 5496 645 5537 suum
672 5478 781 5549 ipsi
814 5476 1068 5533 similem
1123 5484 1455 5549 sperasset;
1517 5496 1582 5535 ac
1640 5482 1861 5553 duplici

212 5579 461 5645 utraque
474 5565 1623 5637 scelestissimainjuriaconsciscendain
1640 5576 1861 5640 patrem

211 5677 542 5725 sacrorum,
565 5673 738 5731 quem
763 5656 1264 5723 circumvenisset,
1286 5656 1345 5711 in
1379 5656 1665 5729 pupillum
1698 5661 1862 5731 prin-

209 5753 422 5826 cipem,
456 5764 635 5823 quem
658 5744 1118 5819 supplantasset,
1146 5745 1298 5802 male
1326 5762 1389 5802 se
1418 5747 1490 5803 de
1512 5746 1627 5804 Deo
1649 5752 1866 5809 sentire

1964 5038 2359 5089 coronaretur.
2378 5032 2513 5097 Qua:
2535 5032 2583 5088 si
2605 5032 2679 5087 ab
2715 5032 2956 5087 Arsenio
2974 5032 3449 5105 impetrarentur,
3475 5050 3612 5106 spes

1963 5122 2173 5179 eratin
2208 5122 2339 5177 aliis
2386 5136 2620 5194 quoque
2668 5136 3066 5189 assensurum,
3130 5138 3194 5177 ac
3225 5139 3359 5178 cum
3422 5123 3611 5179 forent

1969 5216 2297 5284 perpetrata
2325 5227 2450 5283 quae
2471 5210 2789 5283 imperator
2820 5210 3165 5281 destinarat,
3192 5212 3359 5267 factis
3379 5214 3611 5283 acquie-

1969 5308 2191 5357 turum.
2216 5301 2358 5357 Tres
2383 5304 2575 5355 autem
2601 5315 2799 5355 secum
2824 5306 3101 5372 reputans
3122 5302 3449 5373 reperiebat
3477 5318 3615 5358 cauo

1970 5408 2088 5457 sas,
2121 5406 2250 5462 quas
2281 5390 2394 5462 ipsi
2419 5390 2775 5461 sperandum
2807 5390 3123 5446 suaderent
3152 5390 3272 5446 fore
3303 5408 3458 5446 nunc
3493 5407 3620 5447 exo-

1972 5481 2306 5540 rabiliorem
2340 5480 2399 5535 in
2433 5480 2523 5535 his
2574 5496 2750 5551 quam
2812 5486 2982 5537 antea
3034 5483 3366 5537 Arsenium.
3423 5483 3619 5538 Prima

1971 5576 2115 5639 erat,
2138 5571 2290 5643 quod
2310 5574 2466 5627 esset
2483 5570 2808 5626 verisimile
2830 5572 3039 5627 taedere
3065 5571 3258 5643 ipsum
3284 5571 3470 5627 exsilii
3495 5577 3616 5628 tam

1971 5661 2154 5734 longi,
2187 5676 2372 5733 eoque
2400 5659 2574 5715 taedio
2599 5658 2927 5715 emollitum
2951 5659 3020 5714 ad
3046 5658 3298 5716 libenter
3318 5660 3620 5733 paciscen-

1974 5752 2113 5807 dum
2146 5751 2218 5807 de
2248 5749 2459 5807 reditu.
2493 5749 2874 5822 Altera,quod
2896 5748 2991 5805 vix
3012 5754 3167 5806 esset
3192 5750 3441 5806 dubium
3473 5750 3619 5823 quin
