4188 6442
659 402 758 454 (ill

1965 397 2262 453 GEORGII
2301 397 2762 452 PACHYMERE

3961 399 4073 451 612

665 528 740 597 μη
793 524 940 586 ταῦθ’
1000 520 1430 596 ὑπισχνούμενον
1463 518 1717 574 ἐκτελεῖν.
1768 520 1832 574 Εἰ
1885 517 1940 574 δέ
1969 541 2028 594 γε
2063 521 2137 591 μή
2187 519 2304 574 πεί·
2337 521 2388 588 Α
2421 519 2494 582 ὠς
2522 524 2684 574 τοῦτο
2721 519 2814 590 μὶν
2862 519 3474 591 προσαναπαυσόμενος,
3533 524 3694 575 τοῦτο
3723 519 3778 575 δὲ
3829 523 3914 575 καὶ
3973 522 4076 584 τὰς

663 626 834 676 θοιτο,
897 607 1154 684 αὕταρκες
1212 611 1349 684 πρὸς
1405 611 1608 663 ἐκεῖνον
1669 609 1804 662 εἷναί
1863 611 1912 662 ol
1970 608 2033 662 τὸ
2065 609 2307 678 ἀξιῶσαι,

660 700 937 761 Τοιούτοις
988 702 1272 774 τοιγαροῦν
1329 697 1355 750 ὁ
1409 696 1708 772 βασιλεύων
1762 697 2174 772 συγκροτηθεές,
2233 695 2311 751 ἔτι

657 797 764 846 τῶν
795 786 1094 864 ἀρχιερέων
1145 785 1581 864 διαφωνούντων.
1628 787 1980 858 προστίθεται
2029 785 2118 840 καὶ
2149 785 2311 848 αὐτὸς

654 885 773 940 τοῖς
831 878 1033 933 ἐκεῖνον
1087 874 1505 952 ψηφιζομένοις,
1562 876 1652 928 καὶ
1705 873 2034 951 ἆμφιρῥέπει
2084 874 2152 928 τὰ
2177 871 2310 947 τῇδε

659 969 1039 1044 προστιθέντος
1094 969 1190 1018 τοῦ
1251 962 1539 1039 βασιλέως.
1599 965 1830 1038 Θάτερον
1892 961 1948 1017 δὲ
2009 965 2173 1037 μέρος
2233 963 2309 1024 ὡς

660 1061 951 1125 ἀσθενῆσαν
1009 1054 1244 1116 ἐντεῦθεν
1320 1051 1797 1128 συγκατακλίνεται
1832 1099 1847 1123 ,
1920 1052 2011 1105 καὶ
2091 1050 2304 1123 μᾶλλον

660 1148 747 1202 ὅτε
797 1146 880 1200 ἐπὶ
937 1144 1124 1219 ῥητοῖς
1175 1143 1313 1216 πρὸς
1366 1141 1634 1217 βασιλέως
1675 1141 1894 1210 καὶτῆς
1928 1139 2154 1195 συνόδου
2209 1162 2306 1195 κα-

653 1236 830 1291 λοῖτο.
880 1235 980 1290 Ἤν
1027 1232 1130 1306 γὰρ
1180 1232 1268 1284 καὶ
1325 1231 1511 1291 αὐτοῖς
1559 1227 1712 1291 ἰδίως
1759 1229 2302 1303 προσαπαιτούμενον

652 1326 987 1398 ἀμνημονεῖν
1048 1323 1140 1393 μέν
1193 1341 1340 1397 σφισι
1383 1326 1486 1389 τῆς
1535 1317 1641 1373 εἷ’τε
1684 1319 2009 1394 προπετείας
2043 1317 2137 1373 εἴτ’
2186 1315 2305 1372 ἀδι-

649 1415 770 1475 κίας
817 1414 929 1488 χρή
983 1410 1182 1485 λέγειν,
1228 1410 1317 1463 καὶ
1376 1409 1680 1484 παραυτίκα
1731 1413 2013 1462 κοινωνεῖν
2077 1406 2306 1472 ἐκείνοις

649 1508 756 1557 τῶν
789 1503 950 1576 ἱερῶν
980 1499 1067 1554 καὶ
1101 1497 1227 1559 τοὺς
1260 1497 1406 1571 παρᾶ
1453 1502 1550 1552 τοῦ
1598 1498 1917 1574 Νικηφόρου
1971 1517 2302 1571 χειροτονη-

651 1594 834 1656 θέντας
867 1588 1140 1663 δέχεσθαι,
1172 1587 1260 1641 καὶ
1311 1589 1385 1660 μὴ
1447 1586 1653 1660 σχίζειν
1711 1587 1810 1655 τήν
1869 1584 2195 1655 Ἐκκλησίαν
2244 1584 2304 1640 ἔκ

647 1701 789 1741 τινος
851 1676 1220 1751 μικροψυχίας
1281 1673 1488 1746 μηδένα
1545 1673 1783 1749 ἐχούσης
1839 1674 2055 1750 καιρόν.
2118 1677 2303 1730 Ταῦτα

648 1768 922 1831 συνθέντες
966 1763 1364 1820 ἀποστέλλουσι
1422 1762 1549 1824 τοὺς
1609 1763 2074 1837 ἀπαγγελοῦντας.
2135 1764 2197 1817 Ὀ
2255 1759 2302 1815 δ’

649 1858 722 1921 ὡς
753 1855 953 1925 ἤκουσε
981 1859 1087 1908 τῶν
1120 1851 1572 1926 διαμηνυματων,
1605 1857 1821 1926 πρῶτον
1872 1853 1965 1924 μὲν
2017 1851 2300 1928 ἐσχετκιά-

613 1947 732 2016 ’ξεν
766 1947 808 2000 εἰ
839 1945 1066 2000 καλοῖτο
1098 1943 1638 2018 προσαπαιτούμενος
1687 1942 1776 1995 καὶ
1813 1943 1887 2012 μὴ
1921 1939 2296 2016 παρακαλοῖτο

649 2035 982 2110 συγγνώμην
1035 2037 1144 2086 τῶν
1202 2031 1609 2106 ἡμαρτημένων
1669 2035 2011 2106 παρασχεῖνο
2076 2031 2138 2084 τὸ
2202 2031 2296 2102 μὲν

693 2127 703 2141 ι
843 2124 852 2141 Ι
1362 2120 1374 2138 τ
1428 2121 1439 2140 ν
1528 2122 1551 2138 ν
1639 2115 1662 2136 ν
2177 2118 2190 2138 \

648 2146 747 2200 γαρ
803 2122 1008 2177 δικαιον
1068 2120 1304 2196 ἐχόντων
1358 2139 1419 2198 εφ
1495 2141 1578 2181 οις
1637 2121 1864 2193 επραξαν
1920 2120 2074 2189 εἶναι,
2131 2141 2191 2173 το
2253 2119 2298 2173 δ’

651 2213 1002 2286 ἁμαρτόντων
1037 2255 1048 2268 .
1131 2213 1321 2282 Ὃμως
1401 2209 1896 2282 παρακαλούμενος
1983 2206 2298 2283 ἐπραύνετο,

648 2304 738 2359 καὶ
789 2299 1011 2375 ἕτοιμος
1041 2302 1106 2369 ἦν
1155 2300 1292 2374 πρὸς
1318 2299 1382 2354 τὸ
1411 2304 1786 2373 προσχωρεῖν.
1840 2296 1994 2366 Πλὴν
2026 2297 2166 2372 πεζῇ
2196 2300 2296 2366 τήν

649 2390 872 2467 πορείαν
903 2390 1103 2454 ἐκεῖθεν
1131 2385 1405 2460 διηνυκὼς
1447 2385 1497 2442 ἐν
1556 2392 1675 2450 τοῖς
1729 2387 2015 2464 Ῥουφίνου
2071 2385 2297 2462 γίνεται,

651 2595 938 2649 metueret
966 2603 1038 2644 ne
1069 2586 1223 2643 alius
1275 2586 1334 2641 in
1386 2583 1786 2658 patriarcham
1817 2583 2032 2639 iterum
2065 2600 2127 2639 se
2172 2583 2299 2640 vivo

650 2683 982 2756 eligeretur.
1004 2677 1305 2750 proutjam
1330 2673 1509 2731 semel
1531 2678 1656 2728 erat
1676 2673 1986 2741 factum,et
2002 2673 2304 2729 id'malum

653 2767 1035 2848 praevertendi
1051 2765 1246 2824 oblata
1265 2762 1568 2821 occasione
1597 2762 1742 2818 feret
1755 2763 2084 2836 gavisurus.
2105 2763 2301 2818 Tertia

648 2867 771 2919 erat
803 2859 1002 2932 patriae
1033 2855 1310 2920 charitas,
1341 2871 1458 2926 qua
1487 2869 1622 2908 eum
1654 2851 1961 2908 sollicitari
1980 2852 2050 2907 ad
2067 2851 2299 2907 deside-

648 2951 900 3007 randum
929 2946 988 3002 in
1021 2945 1224 3000 urbem
1249 2943 1374 3014 jam
1408 2945 1699 3013 receptam
1750 2940 2062 2994 adventum
2123 2955 2295 2994 suum

650 3055 886 3097 necesse
908 3039 1050 3092 erat:
1087 3035 1170 3089 uti
1202 3039 1259 3089 et
1285 3030 1720 3100 vcrisimile,sic
1743 3029 2014 3084 affectum
2050 3028 2295 3084 minime

645 3131 1051 3186 recusaturum
1068 3121 1325 3178 oblatam
1348 3120 1744 3179 conditionem
1774 3116 2134 3189 regrediendi
2159 3132 2293 3172 cum

644 3233 874 3275 summo
889 3213 1195 3287 splendore
1208 3211 1265 3265 in
1285 3211 1531 3281 patriam
1547 3207 1951 3264 charissimam
1965 3207 2294 3279 ,praascrtim

643 3303 1146 3374 cumintelligeret
1167 3316 1234 3356 ea
1254 3301 1468 3371 rejects
1484 3298 1597 3354 sibi
1622 3313 1785 3369 spem
1818 3295 2040 3351 nullam
2077 3300 2297 3350 restare

644 3395 847 3468 patrim
877 3393 1037 3449 urbis
1068 3405 1328 3461 unquam
1373 3387 1713 3444 revisendaa.
1754 3385 1812 3440 Si
1852 3391 2047 3441 autem
2083 3384 2178 3440 ille
2210 3385 2294 3439 sic

641 3486 921 3542 invitatus
951 3481 1262 3536 admittere
1311 3477 1509 3534 oblata
1560 3481 1618 3533 et
1650 3476 1830 3548 petita
1881 3474 2141 3548 polliceri
2177 3490 2292 3528 non

640 3575 946 3630 induceret
968 3569 1025 3626 in
1045 3565 1530 3639 animum,ipsam
1548 3569 1742 3619 tamen
1765 3563 1937 3617 istam
1969 3561 2296 3634 supplicem

639 3661 1040 3719 invitationem
1067 3659 1290 3713 idonea:
1320 3655 1390 3710 ad
1425 3652 1706 3727 populum
1739 3652 2139 3708 excusationis
2167 3650 2293 3706 loco

641 3757 760 3810 fore
793 3752 863 3807 ad
897 3747 1265 3806 avertendam
1318 3745 1389 3799 ab
1443 3745 1710 3812 Augusto
1764 3740 1998 3813 culpam
2056 3756 2291 3796 omnem

639 3842 814 3898 officii
848 3837 1195 3912 neglecti,et
1224 3839 1406 3891 totam
1434 3831 1716 3889 invidiam
1752 3831 1808 3886 in
1850 3847 1982 3886 eum
2011 3831 2109 3903 qui
2134 3846 2298 3886 com-

637 3933 890 4005 pellatus
923 3921 1755 3983 renuissetexonerandam.ln
1790 3921 1944 3975 hunc
1971 3919 2150 3975 ferme
2171 3936 2292 3975 mo-

635 4023 776 4076 dum
802 4018 1094 4074 subducta
1112 4029 1313 4069 secum
1329 4011 1648 4082 imperator
1661 4008 2039 4064 consiliorum
2059 4025 2296 4064 summa

635 4112 939 4182 ingressus
961 4104 1254 4179 synodum
1279 4101 1548 4157 bifariam
1563 4099 1808 4155 scissam
1831 4099 2142 4154 contrariis
2164 4114 2292 4154 sen-

635 4197 857 4254 tentiis.
894 4196 1104 4251 borum
1142 4188 1821 4256 revocantium,illorum
1853 4187 2292 4244 excludentium

637 4285 970 4350 Arsenium,
1031 4284 1157 4356 ipse
1191 4282 1260 4338 ad
1322 4284 1660 4336 revocantes
1689 4294 1753 4334 se
1809 4277 2083 4349 adjungit
2113 4281 2172 4332 et
2202 4277 2294 4332 sui

639 4374 972 4442 accessione
1002 4371 1267 4444 suffragii
1295 4370 1464 4442 quasi
1503 4373 1796 4424 momento
1820 4367 1984 4422 alteri
2009 4366 2159 4422 lanci
2185 4366 2290 4422 ad-

637 4469 760 4522 dito
782 4471 1025 4521 eatenus
1059 4461 1345 4530 ambiguae
1394 4457 1837 4515 deliberationis
1893 4456 2291 4528 aequilibrium

635 4557 948 4628 depressit,
981 4549 1398 4610 accedentibus
1431 4564 1561 4604 mox
1593 4562 1827 4619 quoque
1861 4546 2287 4619 quiArsenium

635 4639 1356 4713 excluserant,prmsertim
1391 4637 1490 4692 ubi
1524 4653 1625 4708 per
1654 4635 2289 4708 synodum,satsgente

2416 608 2730 683 ἀποκρίσεις
2762 607 3132 684 ἐντελέστερον
3161 607 3220 663 ἐκ
3249 614 3343 663 τοῦ
3383 608 3725 684 παρασχεδὸν
3761 608 3952 664 δώσων
3987 611 4071 688 ἐφ’

2417 700 2500 761 οἷς
2528 698 2806 770 ἀπῄτητο.

2419 805 2484 879 β’.
2519 802 3097 879 ’Όπως-μετακληθεὶς
3185 805 3534 879 πατριάρχης
3563 806 3638 879 εἷς
3667 806 3765 879 τ-ἢν
3799 805 3965 861 πόλιν
4001 807 4076 860 εἷ-

2665 871 2903 952 σάγεται,
2939 871 3028 930 καὶ
3053 871 3232 954 στέφει
3264 871 3535 940 α’ὖθιςτὸν
3568 875 3813 952 βασιλέα,

2486 965 2569 1037 [Ρ.
2608 967 2731 1039 115]
2761 967 2965 1022 Ἐκεῖσε
2998 971 3282 1040 τοιγαροῦν
3313 966 3684 1039 πεμπομένων
3715 968 3851 1041 πρός
3879 987 3938 1022 τε
3968 973 4073 1022 τοῦ

2417 1053 2687 1128 βασιλέως
2718 1055 2804 1108 καὶ
2837 1057 2936 1118 τῆς
2970 1051 3218 1121 συνόδου,
3250 1055 3339 1109 καὶ
3383 1056 3714 1128 κινουμένω)
3747 1061 3853 1110 τῶν
3890 1061 4073 1125 ζητη-

2415 1144 2619 1214 μάτων,
2653 1140 2770 1216 ὁξδὲ
2798 1142 2865 1196 τὰ
2897 1143 2990 1215 μὶν
3026 1140 3213 1207 διδοὺς
3239 1144 3308 1198 τὰ
3337 1141 3394 1198 δὲ
3423 1144 3512 1198 καὶ
3535 1146 4074 1220 προσυποσχόμενος

2409 1235 2725 1304 περαιοῦται
2774 1252 2832 1286 τε
2878 1233 2977 1300 τήν
3023 1233 3312 1307 ταχίστην,
3343 1233 3432 1287 καὶ
3481 1241 3581 1300 τῆς
3625 1232 3841 1296 πόλεως
3876 1231 4075 1298 ἐπιϐὰς

2409 1324 2577 1398 ψήφῳ
2623 1324 2782 1393 κοινῇ
2830 1321 2919 1375 καὶ
2960 1323 3158 1396 γνώμῃ
3190 1323 3287 1390 τὴν
3322 1320 3650 1392 Ἐκκλησίαν
3698 1320 4070 1397 καταλαμϐα-

2408 1431 2505 1464 νει.
2571 1413 2794 1483 Πρῶτος
2848 1410 2941 1464 οὖν
3000 1410 3028 1463 ὁ
3086 1409 3344 1484 βασιλεὺς
3375 1409 3828 1485 ἀπολογούμενος
3875 1412 4074 1485 ἐκείνῳ

2407 1498 2529 1570 περὶ
2586 1503 2694 1553 τῶν
2751 1501 3108 1575 πραχθέντων
3157 1498 3424 1574 μεγάλαις
3455 1498 3670 1575 ἤγαλλε
3697 1507 3816 1564 ταῖς
3848 1508 4071 1574 τιμαῖς,

2406 1588 2492 1642 καὶ
2524 1593 2641 1648 ταῖς
2668 1588 2743 1649 εἷς
2769 1590 2869 1657 τήν
2911 1588 3236 1659 Ἐκκλησίαν
3288 1587 3586 1664 προσόδοις
3617 1589 3797 1662 ἐτίμα.
3851 1591 3960 1647 Καὶ
4007 1593 4071 1645 τὸ

2413 1677 2505 1747 μὲν
2554 1676 2698 1747 ἱερὸν
2740 1676 2879 1729 ἅπαν
2926 1676 3198 1748 μετεποίει
3251 1679 3384 1752 πρὸς
3427 1679 3528 1745 τὴν
3581 1677 3848 1752 προτέραν
3898 1681 4074 1734 κατά-

2410 1785 2616 1831 στασιν,
2663 1764 2921 1838 ἐκτραπὲν
2972 1764 3058 1819 ἐπὶ
3099 1763 3338 1829 πολλοῖς
3365 1766 3514 1839 παρὰ
3541 1770 3648 1820 τῶν
3677 1767 3925 1822 Ἰταλῶν.
3963 1767 4072 1823 Καὶ

2411 1851 2476 1923 δὴ
2512 1853 2804 1923 ἐπιστήσας
2854 1854 2944 1908 τὸν
2996 1855 3238 1929 μοναχὸν
3291 1856 3552 1929 Ῥουχᾰν,
3602 1852 3772 1929 ἄνδρα
3829 1853 4071 1926 δραστή-

2415 1963 2529 2018 ριον
2564 1942 2650 1996 ἐπὶ
2681 1948 2797 2005 τοῖς
2823 1942 3117 2012 τοιούτοις,
3166 1943 3228 1997 τό
3260 1964 3316 1998 τε
3351 1945 3505 2017 βῆμα
3543 1945 3631 1998 καὶ
3668 1939 3928 2016 ἄμϐωνας
3977 1944 4070 1998 καὶ

2409 2030 2616 2085 σωλὲαν
2648 2030 2734 2085 καὶ
2769 2030 2894 2087 ἄλλ’
2927 2031 3055 2086 ἅττα
3094 2032 3406 2106 βασιλικαῖς
3437 2029 3645 2102 ἐξόδοις
3696 2031 4067 2105 ἀνῳκοδόμει.

2409 2122 2541 2178 Εἶτα
2586 2119 2821 2182 πέπλοις
2867 2123 2957 2175 καὶ
3009 2121 3248 2176 σκεύεσιν
3308 2123 3479 2196 ἱεροῖς
3536 2122 3598 2176 τὸ
3647 2124 3788 2177 θεῖον
3839 2122 4074 2195 τέμενος

2407 2213 2633 2273 καθίστα
2689 2211 2828 2284 πρὸς
2887 2211 2949 2264 τὸ
3009 2209 3477 2284 εύπρεπέστερον.
3539 2211 3669 2267 Εἶτα
3720 2211 3813 2265 καὶ
3877 2213 4073 2286 χώρας

2408 2299 2711 2375 προσετίθει
2768 2303 2836 2372 τῇ
2897 2297 3181 2369 ἐκκλησίᾳ,
3241 2301 3445 2377 φθάσας
3475 2301 3792 2372 προσθεῖναι
3823 2300 3914 2354 καὶ
3969 2299 4073 2354 εἴλ-

2411 2386 2513 2450 λας
2545 2387 2620 2449 είς
2648 2389 2884 2456 τὴντῶν
2937 2389 3268 2460 ὑμνοπόλων
3315 2387 3663 2463 οἰκονομίαν,
3714 2390 3787 2452 ὡς
3853 2391 3930 2463 μή
3992 2389 4081 2444 ὲν-

2412 2586 2570 2641 niam
2603 2586 2737 2641 dare
2764 2587 2836 2641 ob
2867 2603 2934 2641 ea
2961 2603 3089 2658 que
3120 2586 3175 2640 in
3222 2603 3284 2642 se
3317 2591 3556 2658 peccata
3609 2588 3882 2656 fuerant,
3925 2605 4073 2645 cau-

2410 2677 2594 2731 sando
2617 2676 3018 2732 invitationem
3042 2691 3264 2732 meram
3277 2693 3483 2732 eorum
3499 2693 3630 2733 esse
3645 2678 3746 2750 qui
3761 2693 3823 2736 se
3843 2677 4075 2733 nullius

2410 2765 2628 2838 peccati
2662 2765 2929 2822 conscios
2960 2765 3404 2838 proﬁterentur:
3440 2783 3576 2823 nam
3597 2767 3648 2823 si
3678 2771 4073 2838 agnoscerent

2409 2855 2666 2925 culpam,
2693 2853 2895 2926 utique
2913 2859 3384 2926 deprecarentur.
3405 2855 3626 2912 Tamen
3646 2873 3781 2912 cum
3804 2857 3913 2912 bac
3935 2857 4072 2926 ejus

2409 2944 2742 3016 exceptione
2772 2945 3057 3000 admoniti
3092 2944 3268 3016 legati
3301 2960 3504 3016 preces
3535 2944 3711 3001 etiam
3744 2944 4066 3000 adhibuis-

2412 3039 2562 3105 sent,
2579 3033 2881 3106 mitigatus
2894 3032 3349 3089 senexexbibuit
3370 3050 3433 3090 se
3446 3027 3785 3106 premptum
3811 3034 3884 3089 ad
3921 3049 4070 3088 eun-

2411 3124 2550 3177 dum
2578 3139 2694 3193 quo
2721 3122 3056 3177 vocabatur.
3091 3125 3290 3194 Reque
3345 3121 3476 3194 ipsa
3525 3122 3738 3194 partim
3794 3122 4064 3177 terrestri

2408 3213 2619 3284 partim
2639 3211 2933 3266 maritimo
2952 3211 3156 3266 itinere
3171 3213 3240 3266 ad
3260 3211 3452 3267 ltutlni
3471 3211 3688 3284 praedia
3705 3228 3768 3268 se
3785 3210 4064 3278 contulit,

2408 3303 2494 3358 vel
2529 3301 2834 3373 paululum
2860 3300 2979 3355 illic
3001 3299 3408 3372 acquiescendi
3438 3317 3640 3363 causa,
3669 3300 3756 3356 vel
3789 3299 3925 3355 iude
3943 3299 4065 3355 cla-

2411 3391 2531 3445 rius
2561 3406 2631 3445 ex
2662 3388 2985 3461 propinquo
3017 3390 3349 3461 certiusque
3379 3389 4068 3461 respondendi,cognitis

2407 3480 2745 3536 distinctius
2777 3495 2904 3550 qua:
2939 3483 3294 3550 peterentur.

2405 3589 2458 3643 2.
2497 3588 2558 3646 Ut
2591 3593 2872 3643 revocatus
2899 3586 3228 3656 patriarcha
3249 3587 3498 3641 invectus
3527 3584 3588 3640 in
3645 3585 3836 3640 urbem
3883 3587 3981 3650 sit,
4015 3590 4068 3640 et

2655 3657 2782 3712 illic
2802 3673 2994 3712 rursus
3019 3660 3372 3712 coronaverit
3403 3660 3812 3730 imperatorem.

2480 3749 2669 3822 Igitur
2686 3753 3004 3803 conventus
3023 3746 3142 3802 illic
3161 3748 3492 3818 patriarcha
3510 3746 3904 3818 legationibus
3927 3763 4067 3802 cum

2409 3839 2480 3894 ab
2511 3839 2859 3910 imperatore
2889 3840 3017 3891 tum
3051 3853 3084 3892 a
3115 3837 3336 3908 synodo
3358 3835 3576 3905 missis,
3602 3839 3852 3907 postque
3881 3835 4071 3891 disce-

2406 3928 2729 4001 ptationem
2767 3925 2916 3982 ultro
2966 3925 3232 3997 citroque
3287 3931 3639 3982 cunctorum
3698 3930 4071 3989 accuratam,

2407 4016 2622 4091 partim
2654 4016 2906 4086 largitus
2937 4015 3153 4087 partim
3186 4012 3481 4086 pollicitus
3512 4030 3639 4086 quis
3671 4012 4072 4087 postulaban-

2409 4115 2522 4174 tur,
2557 4104 2822 4161 ccleriter
2852 4104 3268 4172 transtretavit,
3301 4110 3360 4160 et
3408 4103 3673 4159 invectus
3718 4103 3775 4157 in
3831 4102 4068 4171 urbem,

2407 4193 2919 4254 consentientibus
2941 4194 3067 4265 jam
3103 4193 3368 4249 omnium
3399 4192 3549 4249 votis
3581 4209 3648 4248 ac
3677 4191 3946 4264 calculis,
3973 4209 4073 4265 pa-

2407 4284 2782 4343 triarcbalem
2807 4301 3016 4340 rursus
3035 4282 3255 4340 insedit
3277 4281 3814 4339 tbronum.lbieum
3832 4282 4070 4354 primus

2407 4377 2746 4450 imperator,
2772 4380 3084 4447 postquam
3110 4373 4069 4446 diligenterexcusassetquazacta

2409 4469 2659 4538 fuerant,
2690 4467 2941 4522 demisse
2972 4468 3285 4521 veneratus
3314 4463 3622 4537 exquisitis
3653 4461 3849 4518 atl‘ecit
3877 4463 4067 4519 bono-

2407 4559 2594 4627 ribus,
2653 4565 2709 4613 et
2738 4555 2799 4611 in
2857 4553 3178 4611 liberaliter
3207 4572 3242 4610 a
3279 4569 3342 4610 se
3389 4550 3735 4610 collatorum
3785 4551 4064 4608 Ecclesia

2408 4663 2719 4705 munerum
2757 4650 3262 4718 proventuumque
3293 4641 3728 4716 possessionem
3752 4641 3936 4698 misit.
3980 4647 4063 4696 Ac

635 4740 1008 4810 imperatore,
1045 4734 1307 4804 ipsorum
1338 4734 1394 4786 et
1425 4727 1727 4784 securitati
1759 4726 2287 4782 ethonoricautum
2323 4727 2366 4792 D
2398 4753 2700 4795 εειοιιοιιιιω
2736 4734 2972 4808 quidem
2991 4737 3340 4806 apparatum
3366 4736 3424 4788 et
3439 4730 3896 4788 ecclesiasticam
3921 4747 4071 4804 sup.

635 4832 724 4881 est
755 4825 986 4881 abunde
1019 4824 1253 4878 decreta
1296 4819 1587 4876 oblivione
1645 4834 1830 4884 nuper
1887 4822 2175 4883 actorum,
2234 4823 2291 4874 et

636 4919 859 4975 sancito
893 4932 963 4972 ne
995 4915 1270 4987 cuiquam
1305 4909 1497 4966 fraudi
1521 4911 1664 4965 foret
1696 4907 1815 4975 illa,
1850 4905 1970 4963 sive
1997 4906 2291 4978 injustitia

636 5011 755 5065 sive
787 5006 1092 5063 temeritas
1123 5002 1371 5058 dicenda
1390 5003 1566 5066 esset,
1599 5015 1716 5071 qua
1747 4998 1940 5053 fuerat
1992 4997 2078 5054 vel
2112 5015 2287 5054 exau-

630 5102 890 5155 ctoratus
908 5094 1105 5151 Arseni
1118 5109 1186 5148 us
1200 5091 1286 5146 vel
1303 5088 1667 5162 Nicephorus
1682 5086 1924 5143 electus.
1941 5086 2288 5145 Communia

634 5189 788 5244 I72
817 5201 1050 5258 quoque
1095 5179 1292 5237 subito
1349 5175 1872 5234 excommunicatis
1927 5191 1995 5230 eo
2054 5177 2290 5234 nomine

633 5278 881 5332 reddita.
915 5275 1214 5330 Statutum
1273 5269 1448 5325 etiam
1487 5273 1550 5322 ut
1589 5264 1843 5322 ordinati
1897 5282 1930 5320 a
1959 5264 2288 5338 Nicephoro

635 5369 1055 5440 reciperentur,
1089 5378 1160 5417 ne
1194 5357 1605 5430 intempestiva
1637 5355 1978 5411 morositate
2030 5355 2292 5414 Ecclesia

633 5458 1020 5513 scinderetur.
1059 5453 1155 5507 llis
1189 5449 1530 5506 constitutis
1563 5445 1768 5519 synodi
1800 5445 1998 5499 Patres
2047 5446 2292 5503 mittunt

629 5549 699 5603 ad
737 5545 1049 5602 Arsenium
1083 5541 1181 5614 qui
1215 5540 1414 5614 ipsum
1443 5538 1512 5592 ad
1543 5536 1796 5592 reditum
1831 5533 2098 5590 invitent.
2135 5539 2290 5602 Quos

629 5636 724 5693 ille
757 5641 821 5692 ut
848 5632 1095 5698 audivit,
1149 5630 1408 5703 primum
1469 5624 1727 5701 graviter
1783 5624 1932 5680 ferre
1987 5623 2150 5680 visus
2178 5633 2290 5696 est,

625 5726 782 5801 quod
816 5729 1049 5780 tantum
1083 5720 1454 5789 invitaretur,
1490 5732 1607 5773 non
1644 5715 1822 5771 etiam
1856 5718 2164 5786 rogaretur
2193 5734 2290 5775 ve-

2401 4824 2775 4899 pellectilem,
2800 4821 3176 4877 imminutam
3209 4818 3412 4876 multis
3444 4819 3666 4876 aversis
3711 4834 3816 4892 per
3849 4819 4060 4886 Italos,

2399 4915 2660 4988 reposuit
2705 4918 2880 4985 atque
2925 4911 2984 4966 in
3045 4910 3359 4982 pristinum
3417 4909 3756 4966 reformavit
3801 4915 4056 4980 statum,

2400 5003 2710 5077 praeposito
2740 5003 2789 5058 ei
2823 5001 2904 5058 rei
2937 5001 3207 5057 curandae
3240 4999 3522 5056 monacho
3542 4999 3768 5068 Rucha,
3799 4998 3924 5054 viro
3962 5000 4061 5055 in-

2398 5093 2648 5149 dustrio.
2685 5092 2838 5148 I78
2865 5091 3105 5146 Ornavit
3135 5091 3206 5145 de
3264 5105 3412 5146 novo
3465 5087 3686 5157 altare;
3738 5089 4058 5144 ambonem

2399 5188 2456 5240 et
2478 5183 2722 5250 soleam,
2749 5187 2870 5237 tum
2896 5179 3010 5236 alia
3025 5178 3523 5253 qumdam,refecit
3541 5177 3717 5250 regiis
3740 5176 4061 5250 impensis;

2400 5272 2542 5329 velis
2570 5277 2849 5344 praeterea
2869 5276 2927 5327 et
2957 5271 3112 5327 vasis
3132 5269 3318 5327 sacris
3343 5268 3446 5325 Dei
3467 5269 3652 5324 eadem
3679 5267 3957 5324 instruxit
3983 5269 4056 5324 ad

2399 5363 2842 5420 convenientem
2875 5361 3132 5434 speciem
3165 5357 3492 5432 elegantiae.
3523 5358 3808 5430 Adjunxit
3868 5357 4058 5413 etiam

2402 5470 2548 5509 nova
2579 5450 2844 5507 Ecclesia:
2876 5449 3094 5522 prmdia
3124 5453 3334 5522 praeter
3363 5465 3428 5504 ea
3472 5464 3598 5519 quas
3659 5446 3825 5520 prius
3885 5449 4062 5502 attri—

2401 5541 2689 5598 bueratad
2707 5539 2986 5597 alimenta
3007 5543 3066 5596 et
3081 5536 3373 5611 stipendia
3390 5543 3698 5594 cantorum
3716 5553 4066 5593 sacrorum-

2403 5649 2515 5705 que
2547 5631 2978 5700 ministrorum,
3010 5628 3615 5687 neiinecessariorum
3641 5626 3932 5700 patientes
3963 5644 4068 5699 pe-

2401 5722 2632 5779 nuriam
2667 5720 2854 5777 ofﬁcia
2885 5737 2992 5778 sua
3022 5717 3414 5792 negligentius
3445 5715 3694 5775 obirent.
3726 5716 3946 5773 Omnia
3995 5734 4070 5774 ea
