4188 6442
190 432 298 488 613

1252 425 1344 477 DB
1381 420 1748 477 MICHABLE
1785 418 2234 474 PAMOLOGO
2269 419 2402 474 LIB.
2447 420 2542 473 III.

3485 429 3591 484 614

190 554 323 618 δεῶς
366 553 433 609 τὰ
477 557 584 607 τῶν
636 546 957 619 ἐπιτηδείων
1012 540 1230 621 ἔχοντες
1262 542 1543 615 ἀμελοῖεν.
1574 542 1636 598 Ὀ
1669 537 1714 595 δ’
1742 540 1833 611 ἀρ·
1865 545 1920 608 Α
1948 538 2649 614 ΤοχάρωνΧαλαουβοῦτο
2682 539 2737 597 δὲ
2767 543 2852 598 καὶ
2890 545 3022 619 πρὸς
3053 545 3145 600 τὸν
3175 550 3282 602 τῶν
3318 548 3589 612 Αἰθιόπων

196 642 414 719 χιερεὺς
462 640 551 695 καὶ
598 639 676 701 ὡς
719 637 794 699 εἷς
842 636 1010 707 τιμήν
1048 633 1142 705 μὶν
1162 636 1257 686 τοῦ
1288 630 1447 686 Θείου
1476 633 1643 684 ταῦτα
1691 627 1840 701 γινό-

204 716 337 805 μενα
385 727 629 790 συνόλως
679 721 1147 799 προσαπεδὲχετο,
1181 717 1376 775 εἰδέναι
1426 716 1482 773 δὲ
1532 718 1621 772 καὶ
1681 716 1839 790 χάριν

198 818 377 888 ἰδίως,
409 820 483 880 ὡς
540 817 701 891 χάριν
750 813 913 869 αὐτοῦ
958 811 1190 885 γίνοιτο,
1220 814 1327 863 τῶν
1387 808 1609 862 είκότων
1657 805 1841 876 ἐνόμι-

194 917 295 979 ζεν.
329 909 487 965 ’Ὀθεν
537 906 628 960 καὶ
681 902 887 979 στέφειν
931 898 1098 969 ἤθελε
1145 897 1237 953 τὸν
1287 894 1524 963 διδόντα,
1552 895 1641 948 καὶ
1674 895 1844 965 ἀμνη-

198 1003 383 1067 μονεῖν
413 1000 521 1050 τῶν
582 978 936 1067 πραχθέντων
994 994 1109 1050 τοῖς
1169 987 1509 1062 ἀρχιερεῦσιν
1562 978 1840 1050 ἐϐούλετο,

191 1092 306 1150 τοῖς
354 1083 414 1141 δέ
459 1106 519 1161 γε
568 1084 716 1157 παρά
760 1084 856 1135 τοῦ
882 1077 1198 1155 Νικηφόρου
1230 1076 1687 1151 χειροθετηθεῖσιν
1745 1072 1841 1126 ἐκ·

192 1176 463 1250 χωρήσας
494 1174 561 1227 τά
616 1172 717 1241 τῆς
761 1165 1173 1242 ἀρχιερωσύνης
1222 1166 1445 1230 ἅπαντα,
1478 1161 1623 1236 παρὰ
1677 1161 1839 1233 μόνον

190 1265 250 1318 τὸ
282 1248 751 1334 συλλειτουργεῖν,
784 1256 872 1312 ἐπὶ
916 1260 1046 1310 πᾶσι
1089 1258 1206 1315 τοῖς
1253 1250 1445 1312 ἄλλοις
1475 1249 1681 1325 ἐχρῆτο
1717 1270 1730 1281 ·
1764 1248 1839 1303 εἶ-

189 1372 272 1406 ναι
325 1351 430 1426 γὰρ
487 1347 800 1419 νομίζεσθαι
861 1342 1044 1398 δίκαια
1098 1341 1165 1396 τά
1214 1340 1290 1403 είς
1320 1339 1525 1394 ἐκεῖνον
1569 1337 1840 1413 πραχθὲν-

184 1462 269 1507 τα,
308 1440 402 1494 καὶ
437 1437 584 1507 αύτῷ
616 1432 911 1502 συνδοκεῖν,
945 1432 991 1487 εί
1022 1433 1122 1500 τήν
1165 1428 1252 1485 ἐπὶ
1281 1433 1376 1485 τοῦ
1413 1429 1659 1503 βήματος
1702 1427 1839 1482 ἐκεί-

189 1552 294 1583 νων
354 1526 647 1582 κοινωνίαν
704 1519 1088 1596 καταδέχοιτο.
1121 1520 1273 1576 Ἐπεὶ
1328 1516 1372 1573 δ’
1418 1514 1524 1572 ἔδει
1568 1516 1659 1570 καὶ
1716 1515 1839 1590 περὶ

185 1622 279 1673 τοῦ
334 1616 399 1672 ἐκ
445 1613 697 1690 δευτέρου
738 1611 945 1687 στέφειν
994 1611 1087 1664 τὸν
1130 1606 1358 1683 βασιλέα
1387 1603 1840 1679 κοινολογεῖσθαι,

188 1706 428 1779 ἑτοίμως
484 1704 576 1759 καὶ
631 1703 782 1758 ταῦτ’
824 1697 1025 1757 ἐδίδου.
1080 1698 1182 1756 Καὶ
1247 1698 1337 1770 μὶν
1400 1693 1467 1765 δὴ
1517 1694 1605 1750 καὶ
1650 1696 1685 1763 ἡ
1734 1697 1840 1748 τῶν

189 1798 420 1870 ἡμερῶν
481 1792 643 1864 κυρία
689 1797 894 1866 παρῆν,
951 1788 1041 1842 καὶ
1091 1786 1180 1842 ἐπὶ
1228 1790 1323 1840 τοῦ
1372 1785 1524 1854 ἰεροῦ
1578 1784 1841 1856 τεμένους

194 1881 636 1959 μεγαλοπρεπῶς
695 1878 899 1956 ἔστεφε.
934 1879 1137 1949 Μνήμη
1196 1872 1243 1929 δ’
1269 1874 1367 1928 ούκ
1394 1874 1459 1941 ἦν
1506 1873 1570 1927 τὸ
1618 1870 1842 1959 σύνολον

186 1958 474 2044 Ἰωάννου,
532 1968 678 2025 ἀλλά
755 1965 967 2041 μᾶλλον
1035 1965 1123 2020 καὶ
1193 1968 1272 2030 τῷ
1329 1962 1555 2036 Καίσαρι
1615 1958 1842 2033 Ἀλεξίῳ

187 2057 798 2137 προσεπεφιλοτίμητο,
850 2057 922 2117 ὡς
972 2052 1040 2109 δι’
1091 2052 1254 2108 αύτοῦ
1304 2050 1546 2120 ἀλούσης
1592 2056 1690 2119 τῆς
1742 2048 1841 2103 πό-

188 2149 351 2217 λεως,
384 2150 450 2203 τὸ
504 2148 639 2221 μετα
680 2167 739 2201 τε
785 2144 911 2206 τοὺς
964 2141 1206 2219 βασιλεῖς
1255 2140 1342 2196 καὶ
1372 2142 1465 2194 τὸν
1495 2138 1839 2214 πατριάρχην

186 2239 239 2295 ἐν
265 2244 392 2300 ταῖς
426 2240 718 2297 συναπταῖς
754 2233 1207 2308 μνημονεύεσθαι.

186 2348 255 2420 γ’.
288 2348 480 2406 ’Ὅπως
531 2344 558 2397 ὁ
584 2338 865 2420 ’βασιλεῖἐς
913 2332 1334 2420 διεπρεσβεύετο,
1372 2334 1507 2407 πρὸς
1562 2332 1842 2408 Τοχάρους

526 2407 670 2484 κήδη
705 2416 901 2478 ποιῶν,
927 2410 1015 2466 καὶ
1042 2407 1181 2485 πρὸς
1214 2407 1499 2467 Αἰθίοπας.

258 2508 345 2580 [Ρ.
374 2505 499 2576 116]
524 2504 661 2561 Τότε
692 2500 758 2571 δὴ
784 2506 865 2572 τῷ
902 2499 1119 2574 βασιλεῖ
1147 2502 1254 2553 τῶν
1288 2493 1624 2572 πραγμάτων
1658 2492 1841 2555 καλῶς

185 2596 274 2649 καὶ
326 2595 404 2656 ὡς
453 2591 619 2662 ἤθελε
660 2590 1062 2657 καταστάντων,
1098 2587 1355 2661 ἐξήγοντο
1388 2583 1475 2639 καὶ
1528 2583 1663 2658 πρὸς
1717 2582 1845 2645 τοὺς

193 2686 403 2759 μακρὰν
444 2676 748 2758 πρεσϐεῖαι,
780 2683 941 2734 τοῦτο
990 2678 1083 2751 μὲν
1139 2678 1274 2752 πρὸς
1320 2676 1409 2730 τὸν
1438 2671 1679 2749 ἄρχοντα
1736 2676 1841 2728 τῶν

194 2882 535 2956 patriarcha
570 2885 627 2937 et
656 2884 721 2935 ut
752 2880 808 2934 in
842 2878 944 2935 Dei
986 2877 1264 2933 honorem
1316 2875 1468 2931 facta
1511 2874 1844 2944 donataque

192 2973 469 3045 religiose
498 2987 567 3026 ac
597 2967 918 3025 liberaliter
939 2964 1375 3038 jncundissime
1398 2963 1660 3032 admisit,
1692 2966 1749 3017 et
1780 2964 1845 3017 ut

196 3065 250 3118 in
280 3062 374 3117 sui
408 3076 646 3133 quoque
694 3058 944 3130 gratiam
997 3055 1323 3112 studiosius
1368 3055 1635 3126 impensa
1680 3056 1844 3124 grate

198 3166 522 3223 agnoscere
552 3149 961 3221 imputareque
983 3146 1042 3201 in
1073 3144 1342 3202 beneﬁcii
1378 3142 1607 3216 proprie
1626 3140 1846 3212 accepti

198 3246 425 3311 partem
457 3254 525 3293 ao
556 3237 748 3293 locum
783 3252 896 3307 pm
930 3251 991 3291 se
1040 3233 1195 3291 tulit.
1242 3237 1439 3305 quue
1469 3230 1721 3286 maxime
1750 3228 1844 3285 in—

1953 626 2205 684 σουλταν.
2241 629 2346 685 Τὸν
2380 630 2483 703 γὰρ
2510 632 2618 684 τῶν
2673 636 2890 704 Περσῶν
2948 635 3063 705 μεθ’
3096 636 3284 690 ἑαυτοῦ
3328 638 3444 712 εἶχε
3497 641 3587 695 τὸν

1948 716 2255 785 Ἀζατίνην,
2290 715 2377 771 ἐπὶ
2426 725 2527 788 τῆς
2576 718 2793 781 πόλεως
2846 720 3121 795 βλακικῶς
3172 722 3448 799 διάγοντα,
3481 732 3591 785 κώ-

1956 825 2079 877 μοις
2129 805 2218 858 καὶ
2270 806 2457 877 μέθαις
2506 806 2608 861 ἀνά
2652 812 2822 862 πᾶσαν
2876 807 3268 884 διημερεύοντα
3299 813 3546 888 ἄμφοδον
3575 840 3587 852 ·

1950 899 2108 961 κενῆς
2139 894 2240 967 γάρ
2272 892 2436 965 οὔσης
2471 896 2768 970 ἀνθρώπων
2803 896 2879 952 ἔτι
2908 906 3008 967 τῆς
3057 901 3273 963 πόλεως
3320 878 3593 963 συνέϐαινε

1952 983 2044 1043 τὰς
2116 981 2401 1059 ἀμφόδους
2475 986 2548 1046 ὡς
2617 986 2847 1060 ἐρημίας
2906 990 3060 1060 εἶναι,
3114 990 3193 1067 ἐφ’
3250 995 3332 1055 αἶς
3392 996 3595 1062 ἐκεῖνος

1953 1068 2144 1140 ἀνέδην
2173 1074 2477 1143 καθήμενος
2510 1073 2600 1128 σὺν
2620 1081 2736 1137 τοῖς
2770 1076 2903 1153 ἀμφ’
2925 1078 3084 1132 αὐτὸν
3116 1079 3351 1144 πολλοῖς
3384 1086 3469 1139 καὶ
3498 1109 3589 1157 με-

1950 1158 2142 1232 γάλοις
2169 1160 2316 1214 οὖσιν
2350 1161 2589 1237 ὠργιαζέ
2614 1184 2670 1218 τε
2699 1169 2778 1235 τῷ
2810 1166 3051 1238 Διονύσῳ
3096 1169 3185 1223 καὶ
3230 1168 3579 1242 ἐμεθύσκετο.

1951 1249 2094 1321 Πρὸς
2126 1253 2254 1322 γοῦν
2299 1250 2533 1314 ἐκείνους
2585 1254 2700 1329 εἶχε
2758 1250 3232 1330 διαπρεσϐεύεσθαι
3290 1262 3379 1315 καὶ
3436 1263 3589 1329 αὖθις

1951 1331 2245 1407 λαμϐάνειν
2294 1338 2492 1403 ἐκεῖθεν
2538 1336 2813 1417 πρεσϐεις.
2859 1344 2951 1414 Τῷ
3019 1346 3113 1415 μὲν
3178 1346 3400 1405 Χαλαοὺ
3456 1357 3590 1426 μετά

1946 1429 2043 1479 τοῦ
2094 1430 2340 1501 μοναχοῦ
2388 1428 2477 1482 καὶ
2529 1426 2716 1497 ἱερέως
2759 1430 3055 1506 Πρίγκιπος
3097 1433 3335 1503 ἐξεδίδου
3381 1444 3479 1509 τὴν
3533 1444 3591 1499 ἐκ

1947 1519 2047 1582 τῆς
2108 1510 2609 1586 Διπλοόατατζίνης
2668 1519 2727 1572 ἐκ
2782 1519 2991 1583 νοθείας
3033 1521 3203 1578 παῖδα
3231 1529 3588 1600 Μαρίαν.Καὶ

1952 1602 2213 1677 Πρίγκιψ,
2246 1602 2683 1679 ἀρχιμανδρίτης
2717 1606 2789 1660 ὢν
2823 1607 2943 1662 τότε
2991 1612 3087 1677 τῆς
3135 1618 3231 1667 τοῦ
3283 1621 3593 1692 Παντοκρά-

1947 1708 2111 1765 τῡρος
2148 1700 2343 1785 μονῆς,
2380 1694 2480 1748 ὑπὸ
2518 1694 2784 1769 μεγάλαις
2833 1699 3142 1774 φαντασίαις
3185 1724 3243 1757 τε
3284 1707 3372 1760 καὶ
3421 1706 3588 1785 ἀϐρό-

1948 1799 2073 1849 τησι
2127 1780 2337 1853 σύναμα
2379 1783 2467 1836 καὶ
2521 1783 2747 1856 πλούτῳ
2786 1784 3118 1860 παντοδαπῷ
3147 1792 3245 1859 τὴν
3276 1795 3445 1867 κόρην
3473 1780 3589 1853 ἐκό-

1873 1907 1919 1972 B
1953 1875 2129 1972 μιζξν,
2187 1869 2580 1945 ἐπιφερόμενος
2634 1875 2723 1927 καὶ
2773 1877 3033 1944 σκηνικην
3090 1880 3194 1933 νεὼ
3251 1880 3309 1936 ἐκ
3364 1884 3591 1943 πέπλων

1953 1954 2220 2032 στιϐαρῶν
2287 1961 2541 2033 μετάξης,
2596 1963 2690 2023 τὰς
2750 1961 2807 2017 δὲ
2856 1985 2915 2039 γε
2972 1970 3078 2019 τῶν
3160 1969 3323 2043 ἁγίων
3382 1978 3592 2048 μορφᾶς

1952 2052 2142 2122 χρυσῷ
2192 2052 2565 2122 πεποιημένας
2641 2046 2861 2125 ἔχοντα,
2909 2062 3159 2129 σταυροῖς
3214 2062 3301 2114 καὶ
3352 2036 3597 2138 σγοίιίοις

1952 2135 2360 2211 ἐρηρεισμένας,
2393 2138 2481 2192 καὶ
2534 2140 2656 2212 ἅγια
2686 2140 2847 2211 σκεύη
2898 2141 3177 2217 πολύτιμα
3225 2152 3360 2205 κατά
3390 2128 3591 2227 ’χρείαν

1951 2231 2050 2294 τῆς
2098 2227 2243 2301 ἱερᾶς
2290 2227 2623 2285 θυσίας.Καὶ
2681 2229 2823 2283 οὕτω
2870 2232 2962 2303 μὲν
3006 2234 3142 2306 πρὸς
3198 2238 3259 2291 τὰ
3308 2242 3591 2314 μεγαλειό-

1950 2334 2103 2390 τερον
2166 2315 2229 2369 τὸ
2291 2316 2648 2392 συνάλλαγμα
2706 2317 3012 2391 ἐξηρτύετο,
3066 2322 3162 2377 κᾶν
3215 2332 3312 2381 τοῦ
3372 2329 3593 2387 Χαλασὺ

1952 2402 2002 2474 ἐξ
2035 2404 2335 2477 ἀνθρώπων
2366 2406 2655 2481 γεγονότος
2682 2408 2806 2482 πρὶν
2845 2409 3075 2476 ἐκείνους
3126 2414 3318 2491 φθάσαι
3367 2421 3400 2487 ἡ
3453 2423 3591 2491 κόρη

1951 2497 2029 2565 τῷ
2247 2477 2452 2549 ἐκείνου
2512 2477 2739 2571 Ἀπαγά,
2803 2494 3049 2573 διαδόχῳ
3117 2477 3178 2575 γε
3241 2508 3338 2573 τῆς
3391 2477 3593 2583 ¹ἀρχῆς

1952 2582 2385 2661 καταλειφθὲντι,
2417 2583 2469 2639 ἐν
2530 2584 2736 2661 ὑπέρῳ
2788 2590 3033 2664 φθάσασα
3081 2576 3593 2668 ἐνηρμόζετο.’ίβδν

1954 2670 2010 2728 δέ
2034 2693 2096 2747 γε
2124 2677 2231 2729 τῶν
2265 2672 2547 2765 ⁸ᾅῖθιόπων
2576 2674 2806 2731 σουλταν
2843 2676 2989 2749 ἄλλη
3034 2701 3116 2743 τις
3165 2684 3328 2758 χρεία
3374 2688 3452 2760 τῷ
3504 2691 3602 2765 βα,

1954 2874 2152 2942 aptum
2184 2871 2409 2945 putavit
2430 2871 2731 2933 mittendis
2753 2876 2823 2932 ad
2847 2882 3051 2951 gentes
3074 2879 3423 2956 longinquas
3445 2886 3604 2958 lega-

1953 2960 2235 3029 tionibus,
2252 2962 2323 3018 ad
2338 2961 2659 3035 principem
2680 2965 2948 3023 videlicet
2963 2969 3360 3030 Tocharorum
3375 2976 3598 3035 Chalau

1952 3054 2011 3106 et
2040 3050 2113 3107 ad
2144 3050 2467 3124 Ethiopas.
2501 3051 2647 3110 Nam
2689 3054 2994 3114 sultanum
3044 3063 3353 3121 Persarum
3394 3082 3597 3125 secum

1952 3138 2208 3197 habebat
2231 3140 2551 3211 Asatinem,
2583 3144 2643 3199 in
2674 3144 2818 3200 urbe
2865 3146 3039 3203 vitam
3080 3150 3386 3223 degentem
3429 3156 3599 3228 igna-

1952 3228 2255 3286 vissimam
2274 3245 2341 3287 ac
2362 3234 2516 3287 totos
2539 3232 2717 3289 etiam
2740 3233 2801 3290 in
2826 3236 3017 3293 triviis
3039 3244 3424 3299 comessando
3447 3262 3601 3303 com-

192 3302 405 3384 ductus
440 3332 534 3384 est
564 3327 634 3382 ad
669 3302 1072 3382 coronandum
1102 3302 1445 3379 muniﬁcum
1476 3319 1836 3392 largitorem,
1868 3302 1911 3371 (ἶ
1952 3319 2774 3393 potandoqueconsumentem
2792 3325 3458 3401 dies,quippeexhausta
3472 3302 3600 3393 tum

198 3416 791 3486 obliviscendumque
822 3413 1284 3485 priorum,omni
1316 3410 1659 3484 deponendo
1692 3408 1844 3478 inju-

192 3510 416 3564 riarum
443 3522 668 3577 nupera
692 3504 1057 3576 depositione
1076 3502 1188 3559 sibi
1212 3502 1498 3557 factarum
1521 3515 1718 3556 sensu.
1744 3496 1845 3553 Or-

192 3598 410 3653 dinatis
443 3596 587 3667 quin
611 3595 789 3649 etiam
813 3610 846 3649 a
870 3591 1195 3664 Nicephoro
1220 3606 1453 3646 omnem
1481 3587 1843 3645 iunctionem

187 3685 498 3742 sacerdotii
533 3683 825 3756 permisit,
857 3686 1094 3753 excepto
1124 3681 1318 3737 solum
1350 3695 1553 3736 secum
1586 3694 1703 3733 una
1736 3693 1841 3748 pa-

192 3776 343 3840 riter,
379 3774 480 3829 ubi
506 3773 691 3829 sacris
714 3772 894 3828 solem
906 3772 1053 3826 niter
1071 3775 1431 3842 operaretur,
1457 3764 1835 3823 ministrandi

194 3882 318 3921 usu.
354 3869 419 3919 In
453 3863 681 3919 caeteris
725 3862 1059 3935 promiscue
1107 3860 1230 3933 pari
1275 3862 1411 3931 jure
1458 3875 1524 3915 ao
1581 3856 1842 3928 reliquos

194 3953 481 4010 adhibuit.
497 3955 745 4009 Causam
763 3956 957 4007 autem
971 3950 1332 4023 exceptionis
1354 3946 1844 4019 hujus‘allegabat

196 4045 360 4111 hanc,
395 4043 557 4115 quod
592 4041 777 4097 videri
812 4046 1008 4112 posset
1038 4045 1103 4095 ut
1127 4041 1293 4111 justa
1323 4042 1381 4094 et
1404 4038 1511 4093 rite
1532 4042 1664 4094 acts
1685 4051 1842 4093 com-

197 4135 436 4204 probare
463 4148 594 4203 qua
625 4135 794 4202 gesta
823 4138 1027 4186 contra
1057 4145 1119 4185 se
1151 4128 1421 4194 fuissent,
1456 4126 1506 4182 si
1537 4126 1841 4187 ordinatos

195 4224 259 4278 ab
288 4222 559 4278 instruso
587 4219 644 4275 in
678 4236 854 4275 suum
886 4218 1076 4275 locum
1109 4218 1167 4273 in
1200 4216 1562 4273 consortium
1592 4216 1839 4275 faciendi

196 4328 385 4369 secum
419 4313 493 4367 ad
527 4326 694 4367 aram
724 4310 876 4366 sacri
905 4306 1239 4365 communis
1259 4307 1616 4362 admitteret.
1652 4307 1839 4365 Simul

197 4408 380 4457 autem
410 4404 506 4457 est
532 4400 587 4456 ei
621 4398 989 4471 propositum
1025 4397 1207 4453 videri
1236 4396 1546 4452 convenire
1574 4401 1636 4451 ut
1654 4396 1840 4469 impe-

198 4498 346 4547 rator
375 4492 599 4547 iterum
634 4490 749 4545 ritu
784 4485 1034 4545 solemni
1066 4491 1467 4553 coronaretur,
1497 4484 1747 4542 libenter
1765 4488 1837 4543 ad

196 4582 247 4637 id
276 4597 515 4653 quoque
546 4581 776 4635 annuit.
801 4579 991 4643 Quare
1019 4578 1147 4633 dies
1180 4577 1276 4632 isti
1303 4576 1663 4631 caeremoniae
1685 4577 1840 4633 dicta

195 4675 274 4724 est
292 4669 607 4725 Dominica
628 4668 909 4740 proxima,
932 4685 1047 4739 qua
1072 4665 1405 4738 patriarcha
1430 4665 1837 4736 imperatorem
1868 4693 1915 4758 D

196 4760 497 4829 magniﬁco
528 4763 814 4830 apparatu
846 4756 1170 4821 coronavit,
1196 4753 1359 4809 nulla
1402 4770 1645 4825 prorsus
1684 4756 1836 4812 facta

198 4849 487 4903 mentione
512 4853 618 4902 aut
648 4845 979 4917 signiﬁcata
1013 4844 1297 4899 memoria
1315 4843 1578 4912 Joannis,
1602 4844 1701 4900 sed
1729 4861 1833 4917 po-

193 4937 299 4991 tius
328 4937 539 4992 eodem
592 4935 767 4991 tacite
812 4935 1025 5005 rejecto
1076 4949 1177 5005 per
1224 4933 1280 4988 id
1336 4933 1489 5003 quod
1540 4932 1834 4989 honorarii

198 5026 447 5082 muneris
478 5024 607 5081 loco
637 5040 983 5081 concessum
1014 5040 1083 5079 ea
1122 5022 1423 5080 occasione
1473 5021 1665 5078 Alexio
1710 5024 1833 5080 Cae-

194 5115 298 5169 sari
324 5122 417 5172 est
446 5115 512 5171 in
544 5114 857 5187 praemium
890 5118 1071 5185 captaa
1108 5112 1291 5182 urbis,
1320 5117 1383 5167 ut
1412 5110 1684 5169 videlicet
1712 5118 1831 5169 sta-

195 5204 287 5259 tim
318 5211 454 5276 post
484 5204 828 5276 inperantes
856 5204 988 5275 (hoc
1020 5207 1113 5259 est
1144 5204 1302 5258 174
1331 5205 1663 5273 Augustum
1696 5219 1832 5259 cum

197 5296 454 5368 conjuge)
502 5300 559 5351 et
590 5295 957 5370 patriacham
1008 5297 1434 5349 memoraretur
1463 5292 1520 5346 in
1560 5293 1832 5363 precibus

196 5384 455 5453 publicis,
492 5401 641 5456 quas
672 5390 950 5456 synaptas
979 5387 1211 5438 vocant.

224 5489 269 5541 3.
303 5492 365 5547 Ut
408 5494 722 5559 imperator
765 5490 1095 5561 legationem
1145 5491 1363 5545 miserit
1390 5487 1481 5561 ,ad
1534 5489 1796 5547 Tocharos

252 5562 599 5629 afﬁnitatem
626 5579 751 5619 eum
780 5560 850 5618 iis
878 5562 1227 5629 contrahens,
1258 5565 1307 5618 et
1328 5560 1399 5616 ad
1419 5561 1724 5632 .Elhioyas.

259 5650 371 5708 Hac
401 5653 528 5709 vice
558 5669 756 5709 rerum
796 5653 1111 5723 imperator
1141 5650 1591 5708 succedentibus
1619 5650 1730 5707 sibi
1757 5650 1829 5707 ad

195 5746 377 5799 votnm
402 5742 682 5814 negotiis,
724 5745 780 5798 et
812 5757 954 5814 pace
999 5741 1161 5798 domi
1206 5738 1548 5809 constituta,
1594 5744 1831 5811 tempus

1951 3408 2143 3465 adhuc
2164 3414 2221 3465 et
2244 3410 2393 3465 raris
2413 3409 2619 3466 incolis
2642 3427 2746 3484 pro
2789 3413 2881 3471 sui
2901 3418 3308 3488 magnitudine
3334 3421 3601 3482 habitata

1951 3496 2203 3567 civitate,
2235 3514 2442 3556 vacare
2471 3498 2696 3572 plateas
2724 3502 3051 3575 frequentia
3079 3507 3295 3566 civium
3325 3518 3383 3568 et
3424 3517 3594 3585 quasi

1950 3588 2214 3644 desertas
2234 3603 2502 3657 cernens,
2524 3587 2709 3647 libera
2727 3590 2830 3648 illa
2851 3592 3170 3653 solitudine
3186 3598 3504 3669 fruebatur,
3539 3609 3598 3661 et

1952 3676 2037 3732 sic
2072 3680 2354 3748 tanquam
2388 3693 2521 3735 rure
2550 3680 2788 3753 degeret
2814 3682 3016 3754 procul
3039 3686 3110 3741 ab
3135 3688 3396 3757 arbitris,
3421 3708 3588 3749 secu-

1951 3780 2051 3820 rus
2081 3780 2216 3821 cum
2247 3764 2641 3825 familiaribus
2669 3774 2728 3826 et
2756 3770 2987 3843 magnis
3018 3790 3137 3829 sua:
3169 3778 3362 3848 gentis
3391 3796 3456 3835 ac
3496 3798 3591 3838 co-

1952 3855 2199 3911 mitatus
2222 3853 2384 3926 viris,
2416 3857 2638 3914 mensis
2670 3857 2730 3915 in
2763 3861 3072 3933 propatulo
3094 3864 3299 3935 positis
3326 3870 3597 3928 assidens

1948 3943 2329 4001 bacchanalia
2358 3946 2707 4017 quotidiana
2734 3948 3088 4018 celebrabat,
3133 3955 3266 4011 vino
3298 3973 3428 4015 sese
3461 3960 3593 4016 bar-

1948 4032 2092 4089 bara
2120 4032 2490 4106 impudentia
2520 4035 2713 4107 palam
2743 4037 3139 4112 ingurgitans.
3174 4046 3262 4102 Ad
3286 4062 3389 4104 eos
3413 4048 3593 4121 igitur

1948 4138 2097 4195 quos
2127 4123 2246 4179 dixi
2272 4122 2432 4181 solos
2470 4124 2856 4210 destinpndss
2905 4129 3231 4204 legationes
3278 4135 3507 4206 habuit,
3535 4144 3593 4195 et

1949 4215 2187 4268 mutuas
2209 4211 2345 4270 inde
2370 4212 2628 4272 vicissim
2652 4208 3044 4290 accipiendas.
3068 4222 3258 4296 Atque
3278 4226 3349 4281 ad
3374 4226 3593 4283 Cbalau

1948 4302 2209 4373 quidem,
2228 4301 2549 4375 principem
2569 4305 2923 4365 monachum
2947 4312 3377 4371 etsacerdotem
3405 4317 3590 4385 misit,

1948 4390 2049 4462 qui
2082 4390 2261 4448 ﬁliam
2288 4391 2476 4464 ipsius
2500 4392 2735 4451 nothum
2760 4397 3001 4455 nomine
3031 4400 3297 4475 Mariam,
3321 4420 3499 4476 quam
3521 4422 3593 4462 ex

1948 4480 2417 4553 Diplobatatzina
2449 4490 2811 4556 susceperat,
2843 4487 3196 4561 desponsam
3232 4492 3343 4564 ipsi
3384 4497 3590 4566 conju-

1946 4586 2079 4643 gem
2107 4571 2509 4649 comitaretur.
2540 4572 2611 4628 Et
2640 4574 2912 4648 princeps
2946 4593 3079 4634 cum
3113 4586 3252 4637 tunc
3294 4589 3445 4639 esset
3493 4603 3594 4640 ar-

1947 4660 2341 4716 chimandrita
2373 4662 2712 4718 monasterii
2746 4663 3203 4738 Pantocratoris,
3236 4671 3589 4743 splendidis-

1946 4749 2095 4805 sima
2106 4748 2300 4821 specie
2318 4748 2842 4809 mollissimisimul
2865 4754 3263 4829 ditissimique
3276 4777 3347 4833 ap
3355 4768 3595 4833 paratus

1945 4840 2057 4895 ista
2085 4854 2316 4911 sponsae
2348 4838 2695 4896 deductione
2726 4840 2963 4900 functus
3009 4850 3119 4915 est,
3174 4847 3592 4909 circumferens

1943 4927 2095 4983 inter
2139 4930 2347 4984 cetera
2395 4926 2682 5000 templum
2749 4930 2987 4989 solutile
3047 4935 3410 4995 tabernaculi
3471 4941 3584 4997 ritu

1941 5014 2160 5073 crassis
2206 5031 2239 5072 ο
2276 5017 2464 5075 serico
2511 5018 2654 5076 velis
2705 5021 2928 5079 circum
2954 5028 3012 5080 et
3042 5041 3295 5097 superne
3342 5034 3588 5099 tectum,

1942 5111 2281 5164 sanctorum
2305 5106 2522 5164 formas
2550 5124 2694 5167 auro
2715 5111 3045 5169 elaboratas
3064 5114 3589 5185 habens,crucibus
3622 5160 3627 5163 τ

1943 5201 1997 5251 et
2029 5196 2270 5252 funibus
2292 5195 2574 5268 firmatas,
2597 5205 2876 5270 praeterea
2896 5218 3034 5259 vasa
3054 5211 3260 5262 sancta
3283 5209 3586 5279 pretiosis-

1942 5287 2094 5344 sima
2122 5289 2194 5342 ad
2226 5302 2399 5342 usum
2435 5286 2616 5343 divini
2660 5290 2953 5356 sacriﬁcii.
3010 5295 3157 5353 ιη
3203 5296 3330 5352 Tali
3359 5300 3589 5371 magni-

1945 5378 2177 5433 licentia
2188 5374 2470 5447 nuptialis
2486 5376 2597 5432 ista
2608 5381 2915 5438 conventio
2931 5381 3357 5442 celebrabatur.
3373 5387 3586 5445 Verum

1942 5465 2161 5522 Chalau
2193 5470 2425 5521 mortuo
2472 5473 2793 5540 antequam
2849 5474 2920 5527 ad
2970 5489 3105 5529 eum
3154 5475 3425 5549 princeps
3456 5495 3588 5535 cum

1942 5571 2158 5630 sponsa
2189 5556 2614 5626 pervenissent,
2644 5558 2839 5630 puella
2860 5577 2989 5617 sero
3023 5562 3156 5619 licet
3178 5564 3497 5622 adveniens
3530 5584 3590 5623 re

1942 5647 2158 5703 infecta
2186 5659 2303 5700 non
2333 5643 2541 5702 rediit:
2578 5648 2782 5721 nupsit
2809 5649 2966 5706 enim
3010 5652 3132 5710 lilio
3175 5660 3233 5711 et
3261 5657 3590 5713 successori

1941 5734 2158 5794 Ghalau
2171 5732 2233 5791 in
2249 5732 2602 5808 principatu.
2618 5744 2823 5797 vocato
2843 5740 3063 5815 Apage.
3084 5742 3395 5801 Sultanum
3417 5762 3587 5819 porro
