4188 6442
662 432 769 485 615

1956 418 2261 475 GEORGII
2298 417 2764 477 PACHYMERE

3957 419 4076 475 616

664 554 809 608 σιλεῖ
856 546 1172 611 σπένδεσθαι
1228 544 1653 619 κατηνάγκαζεδ.
1701 542 1796 599 Ἐκ
1864 541 2135 613 Κομάνων
2204 536 2305 614 γὰρ
2334 538 2389 608 Α
2420 538 2499 617 ἂρ’
2558 540 2787 617 έκάστῳ,
2848 543 3048 619 νωθροὶ
3102 540 3159 599 ὀὶ
3211 542 3279 599 τὰ
3334 543 3387 606 ἐς
3445 540 3620 618 ὁρμὰς
3668 542 3758 597 καὶ
3821 541 4065 615 μαλακοὶ

661 644 734 696 ὠν
794 642 1021 706 ἐκεῖνος,
1055 638 1131 697 εἷς
1186 640 1292 689 τῶν
1354 633 1431 693 εἷς
1482 630 1731 686 δουλείαν
1774 626 2213 700 ἀποδεδομένων,
2243 624 2306 681 τὸ

660 732 812 807 γένος
872 728 1050 797 ἐζήτει
1102 724 1219 778 κατ’
1277 722 1449 776 αἷτίαν
1511 721 1732 787 συνετὴν
1782 717 1864 773 ὅτι
1921 719 2011 772 καὶ
2079 716 2304 770 ἐπαίνων

657 806 835 894 έγγύς.
870 818 945 871 Τὰ
993 816 1094 889 γὰρ
1145 811 1367 887 ἀντικρὺ
1417 807 1682 879 ἀλλήλων
1733 806 1975 879 κλίματα
2030 813 2131 894 τῆς
2180 812 2305 879 γῆς,

652 893 740 962 τό
770 928 828 961 τε
890 905 1103 980 βόρειον
1156 900 1244 956 καὶ
1275 901 1334 954 τὸ
1365 899 1566 967 νότιον,
1599 896 1862 969 ἐμωύτοις
1901 896 2011 950 τισὶ
2072 893 2306 967 δυνάμε-

654 1019 733 1051 σιν
769 995 855 1049 έπί
891 1015 949 1048 τε
981 993 1269 1065 σωματικῇ
1299 990 1387 1043 καὶ
1428 990 1640 1061 ψυχικῇ
1697 984 1929 1039 διαθέσει
1978 984 2309 1038 ἀντιπεπόν-

654 1098 827 1153 θασιν,
862 1084 1042 1157 ὥσπερ
1104 1078 1240 1148 δῆτα
1292 1079 1381 1132 καὶ
1433 1077 1705 1152 κράσεσιν,
1768 1075 1820 1129 έν
1872 1076 1955 1135 αἷς
2015 1072 2075 1127 οὐ
2141 1072 2303 1143 μόνον

658 1176 811 1242 ζώων
869 1170 1095 1245 ἀλόγων
1148 1168 1284 1241 πρὸς
1339 1166 1505 1237 ὅμοια
1566 1168 1675 1232 ζῶα
1730 1161 1990 1239 διαφορὰς
2027 1160 2173 1235 εὕροι
2221 1182 2304 1222 τις

658 1262 939 1340 ἐμφανεῖς,
971 1256 1117 1313 ἀλλά
1164 1256 1255 1310 καὶ
1307 1255 1442 1327 πρὸς
1486 1252 1805 1327 ἀνθρώπους
1845 1251 2165 1325 ἀνθρώπων.
2202 1252 2303 1305 Βο-

655 1337 824 1425 ρείυις
856 1350 961 1425 γὰρ
990 1348 1056 1401 τὰ
1088 1350 1199 1415 ζῶα
1226 1342 1585 1415 λελεύκωται,
1611 1341 1813 1401 νοτίοις
1847 1338 1903 1393 δὲ
1956 1337 2305 1412 μεμελαίνω-

652 1433 876 1507 ταιίίῐ).
912 1438 1037 1509 117]
1068 1437 1384 1509 Ἀνθρωποι
1419 1429 1476 1485 δὲ
1508 1430 1558 1485 ἰν
1616 1431 1709 1502 μὲν
1764 1429 2002 1505 βορείοις
2059 1427 2301 1481 ἀσύνετοι

654 1526 841 1589 ἄλλως
873 1526 964 1581 καὶ
1000 1523 1161 1597 μόλις
1194 1520 1407 1595 λογικοὶ
1436 1514 2010 1591 καταλαμϐανόμενοι,
2046 1516 2096 1571 έν
2128 1519 2211 1578 οἷς
2242 1517 2302 1570 οὐ

655 1614 877 1690 λογικαὶ
923 1613 1243 1684 ἐπιστῆμαι,
1292 1608 1353 1663 οὐ
1413 1610 1712 1680 μαθήματα
1760 1607 1978 1680 φυσικὰ,
2031 1605 2095 1659 οὐ
2160 1609 2303 1678 γνῶ-

653 1726 758 1774 σις,
790 1704 850 1759 οὐ
911 1701 1192 1777 φρόνησις,
1228 1698 1288 1753 οὐ
1346 1695 1469 1771 περί
1523 1696 1615 1751 τὸν
1666 1696 1784 1771 βίον
1846 1693 2156 1767 οἰκονομίαι
2214 1693 2302 1747 καὶ

650 1798 859 1868 τεχνῶν
911 1789 1155 1866 ἐργασίαι
1205 1788 1293 1842 καὶ
1343 1784 1521 1841 τᾶλλα
1563 1788 1644 1846 οἷς
1678 1789 1783 1838 τῶν
1817 1782 2036 1857 ἀλόγων
2100 1781 2305 1858 ἄνθρω-

2410 632 2547 704 πρὸς
2622 634 2808 708 μάχας
2877 635 2968 688 καὶ
3047 632 3441 709 ἀπραγμοσύνῃ
3524 630 3736 706 μᾶλλον
3796 636 4068 701 συζῶντες

2414 717 2571 793 ὀλίγα
2619 719 2766 797 ἔχειν
2826 724 2861 792 ἢ
2892 721 3085 778 πολλὰ
3140 721 3737 797 πολυπραγμονοῦντες
3794 720 4068 795 αἱρούμε-

2410 828 2513 863 νοι.
2546 810 2768 865 Τούτων
2800 809 2858 866 δὲ
2885 812 2977 865 τὸν
3010 810 3172 881 ἥλιον
3224 810 3511 865 αἰτιάσαιτ’
3544 808 3603 865 ἄν
3660 831 3743 871 τις
3803 830 4066 886 φυσικω-

2410 897 2623 971 όμενος,
2661 904 2741 971 τῷ
2802 900 2895 973 μὲν
2951 899 3169 973 ὁμιλεῖν
3226 898 3385 975 ὀλίγα
3441 899 3529 953 καὶ
3585 899 3721 973 πρὸς
3753 896 3939 971 ὀλίγον
3997 898 4067 951 οὐ

2410 988 2645 1062 μετρίως
2726 989 3081 1065 θερμαίνοντα
3162 990 3255 1043 τὸν
3314 986 3633 1066 ἐγκέφαλον,
3693 988 3813 1042 ὅθεν
3880 989 3969 1041 καὶ
4026 990 4066 1055 ἡ

2410 1074 2606 1150 εὐφυΐα
2653 1076 3035 1151 προσγίνεσθαι
3093 1078 3317 1154 πέφυκε,
3374 1078 3439 1131 τὸ
3497 1074 3672 1152 δέρμα
3740 1074 3798 1130 δὶ
3855 1097 4071 1148 συμπι-

2412 1166 2608 1219 λοῦντα
2668 1166 3105 1242 ἀπεργαξόμενον
3158 1171 3275 1227 τοῖς
3338 1165 3526 1239 μέλεσι
3570 1168 3670 1234 τήν
3706 1161 4064 1241 στερρότητα,

2409 1252 2495 1307 ἐπὶ
2528 1251 2585 1307 δὲ
2616 1253 2809 1330 θάτερα
2838 1260 2946 1309 τῶν
2981 1259 3157 1329 μερῶν
3188 1259 3268 1325 τῷ
3313 1253 3401 1309 ἐπὶ
3453 1251 3620 1307 πλέον
3666 1252 3882 1324 ὁμιλεῖν
3944 1264 4068 1326 eap-

2413 1342 2657 1415 μαίνοντο
2720 1345 2814 1415 μὲν
2883 1344 2960 1405 είς
3038 1342 3278 1421 εὐφυΐαν,
3330 1340 3554 1398 ἔκλυτον
3614 1339 3661 1396 δ’
3714 1341 3789 1403 είς
3844 1339 4069 1414 ἀνδρίαν

2407 1431 2845 1505 ἀπεργαζόμενον
2885 1434 2984 1501 τήν
3028 1430 3357 1505 ὁλομέλειαν
3400 1437 3513 1485 τῶν
3575 1433 3884 1502 σωμάτων·
3918 1452 4063 1503 συμ-

2412 1519 2784 1591 μετατίθεσθαι
2823 1519 2927 1595 γὰρ
2985 1506 3105 1582 τοῖς
3154 1521 3371 1592 σώμασι
3417 1521 3515 1582 τὰς
3573 1520 3757 1594 ψυχὰς
3814 1520 3843 1573 ὁ
3900 1540 4065 1596 φυσιο

2405 1608 2499 1668 κὸς
2564 1608 2728 1683 λόγος
2787 1605 3000 1663 δίδωσι.
3064 1608 3160 1663 Διὰ
3206 1613 3432 1663 τοιαῦτα
3487 1610 3579 1663 καὶ
3636 1607 3897 1684 πρότερον
3963 1610 4063 1680 μὶν

2404 1694 2620 1751 πολλοῦ
2660 1696 2860 1769 ετίμων
2893 1698 2955 1752 τὸ
2989 1698 3253 1761 Σκυθικὸν
3302 1698 3586 1767 Αἰθίοπες,
3614 1697 3751 1752 κατᾶ
3807 1694 4066 1751 δουλείαν

2410 1785 2503 1857 μὶν
2558 1786 2850 1857 κτώμενοι,
2916 1783 3105 1848 ἄλλως
3155 1783 3211 1840 δὲ
3272 1788 3632 1861 στρατιώταις
3695 1787 3824 1859 ὑπὲρ
3880 1784 4062 1839 αὐτῶν

652 1905 749 1938 ποι
812 1878 1248 1944 διαστέλλονται,
1302 1876 1477 1952 ὁρμὰς
1548 1873 1731 1947 μέντοι
1810 1868 2159 1947 παραϐόλους
2212 1872 2302 1925 καὶ
2331 1892 2375 1956 Β
2408 1874 2712 1949 χρώμενοι.
2756 1874 2885 1928 Τότε
2943 1872 3001 1928 δὲ
3050 1874 3139 1929 καὶ
3188 1874 3264 1936 είς
3310 1874 3481 1943 αὐτὴν
3511 1877 3612 1944 τὴν
3644 1874 3826 1950 ἀρχὴν
3890 1894 4064 1928 κατα-

654 1972 790 2046 πρὸς
844 1971 1032 2044 μάχην
1077 1965 1331 2039 ἑτοίμους
1391 1962 1632 2038 ἔχοντες,
1682 1962 1774 2017 καί
1822 1960 2058 2033 ἑτοίμως
2116 1962 2298 2036 ὁρμή-

653 2080 835 2120 σοντες
866 2056 931 2127 {iv
976 2078 1058 2118 τις
1090 2055 1381 2128 ἐποτρύνῃ,
1412 2046 1731 2126 παράϐαλὸν
1778 2072 1831 2105 τι
1890 2050 1980 2103 καὶ
2034 2050 2296 2126 βακχικὸν

651 2146 872 2223 ἔχοντες
914 2144 1012 2200 ’ἐπ’
1042 2142 1337 2213 ἀλλήλοις,
1371 2141 1461 2195 καὶ
1509 2145 1588 2212 τῷ
1636 2142 1789 2215 Ἀρει
1841 2136 2161 2199 σπένδοντες
2198 2158 2209 2169 ·
2245 2138 2296 2193 έν

650 2237 708 2293 δὶ
758 2237 961 2299 νοτίοις
1015 2232 1329 2288 τούναντίον
1394 2232 1553 2285 ἅπαν.
1616 2232 1843 2285 Ἐκεῖνοι
1905 2228 2007 2303 γὰρ
2086 2228 2301 2304 εὐφυεῖς

653 2329 748 2401 μὲν
782 2324 969 2387 ἄλλως
1003 2324 1092 2379 καὶ
1124 2321 1252 2397 ἄγαν
1288 2320 1495 2375 συνετοὶ
1523 2319 1612 2374 καὶ
1657 2316 1867 2393 ἄριστοι
1917 2320 1983 2373 se
2030 2317 2082 2381 ές
2133 2318 2295 2373 πολι-

646 2418 792 2474 τείαν
843 2414 933 2471 καὶ
981 2412 1176 2487 τέχνας
1220 2411 1308 2465 καὶ
1357 2408 1555 2485 λογικὰ
1606 2408 1901 2481 μαθήματα
1948 2407 2037 2461 καὶ
2098 2405 2300 2483 βουλὰς

646 2618 987 2691 Ethiopum
1010 2615 1135 2671 alia
1161 2613 1451 2685 utilitates
1474 2610 1839 2684 impulerunt
1860 2611 1933 2666 ad
1958 2610 2146 2667 fmdue
2165 2630 2299 2669 cum

646 2709 999 2780 imperatore
1048 2704 1405 2760 faciendum.
1459 2700 1591 2756 Erat
1639 2701 1691 2757 is
1739 2715 1951 2773 genere
1980 2700 2298 2768 Comanus,

644 2796 918 2853 venditus
939 2794 1073 2850 olim
1102 2794 1163 2849 in
1187 2792 1549 2857 servitutem,
1574 2806 1689 2861 qua
1713 2789 1770 2845 in
1796 2806 2042 2861 regnum
2073 2796 2300 2845 mutata

643 2885 949 2958 satagebat
970 2880 1240 2955 prudenti
1256 2879 1656 2951 laudabilique
1672 2877 1917 2933 consilio
1933 2883 1995 2933 ut
2008 2894 2299 2934 commea-

642 2981 740 3032 tus
772 2978 926 3031 esset
951 2972 1138 3027 facilis
1164 2969 1547 3043 popularibus
1570 2968 1696 3024 suis
1719 2968 1789 3022 ad
1813 2984 1911 3023 eos
1933 2968 2151 3038 quibus
2180 2969 2294 3023 im-

647 3065 911 3139 perabat,
942 3062 1206 3133 indigere
1232 3061 1395 3133 ipsos
1427 3059 1690 3114 sentiens
1723 3056 1823 3113 tali
1858 3057 2095 3113 auxilio.
2145 3057 2295 3113 Sunt

643 3156 939 3211 enimvero
972 3168 1087 3207 non
1116 3165 1303 3222 magis
1335 3148 1453 3221 situ
1484 3164 1655 3218 quam
1690 3146 1886 3202 indole
1917 3146 2291 3218 naturalique

644 3243 925 3317 qualitate
959 3241 1115 3295 inter
1144 3256 1205 3294 se
1236 3240 1492 3294 adversas
1522 3242 1697 3307 atque
1728 3253 1758 3292 e
1788 3236 2078 3336 diametro
2105 3252 2289 3306 oppo-
2318 3280 2361 3347 Ο

640 3335 764 3389 sitae
794 3337 1004 3387 arctoa
1038 3328 1433 3397 austrineque
1464 3326 1751 3392 nationes,
1778 3324 2113 3381 commissis
2144 3325 2288 3379 invi-

639 3438 767 3479 cem
800 3420 1150 3493 penitusque
1182 3416 1606 3472 dissidentibus
1650 3432 1764 3484 qua
1814 3430 2126 3485 corporum
2178 3431 2295 3485 qua

641 3513 817 3568 etiam
842 3498 1175 3565 animorum
1202 3505 1628 3573 affectionibus,
1653 3521 1755 3576 pro
1780 3503 2110 3559 differentia
2132 3504 2260 3559 vide
2282 3534 2293 3545 -

639 3601 777 3656 licet
806 3596 1253 3668 temperamenti
1306 3611 1372 3650 ac
1427 3594 1582 3663 cceli,
1632 3594 1943 3665 quaeinter
1974 3598 2297 3665 utrumque

640 3694 897 3745 tractum
935 3686 1238 3741 intercedit
1264 3703 1279 3754 ;
1301 3685 1472 3755 cujus
1490 3683 1667 3739 etiam
1698 3683 1950 3755 vestigia
1972 3688 2299 3738 cernuntur

638 3781 697 3834 in
725 3778 915 3835 brutis
934 3775 1365 3845 animantibus,
1388 3790 1640 3845 quarum
1663 3774 1772 3829 sub
1788 3772 2296 3845 Septentrionibus

650 3874 797 3924 nata
812 3865 1082 3938 aliusque
1098 3880 1132 3919 a
1148 3862 1379 3934 generis
1402 3863 1667 3934 ejusdem
1686 3863 1899 3935 genitis
1913 3863 2297 3934 educatisque

652 3958 708 4012 in
739 3956 1080 4027 regionibus
1114 3952 1458 4008 meridianis
1490 3952 1641 4008 haud
1668 3951 1915 4009 modicis
1938 3953 2297 4009 diversitati-

648 4047 759 4101 bus
782 4045 1091 4107 differunt,
1124 4042 1283 4098 color
1305 4042 1595 4113 siquidem
1628 4044 1803 4097 etiam
1833 4042 1956 4114 ipse
1986 4058 2296 4114 corporum

644 4135 962 4205 discrepat,
987 4133 1046 4187 in
1080 4130 1421 4187 Borealibus
1447 4130 1565 4187 fere
1596 4132 1908 4200 candidus,
1933 4131 1990 4185 in
2016 4130 2299 4187 Australi-

642 4225 754 4280 bus
785 4229 927 4279 ater.
960 4222 1072 4278 Sed
1097 4222 1428 4277 animorum
1455 4221 1511 4275 in
1540 4220 1882 4276 hominibus
1903 4221 2144 4291 majoris
2171 4238 2295 4277 mo.

647 4313 827 4369 menti
850 4312 1166 4367 discrimen
1190 4314 1301 4376 est,
1324 4310 1676 4365 stolidorum
1701 4314 1759 4366 et
1776 4310 1867 4364 vix
1891 4310 2115 4367 ratione
2136 4316 2299 4367 uten-

645 4404 793 4457 tium
826 4402 885 4456 in
926 4398 1505 4472 septentrionalibus,
1563 4400 1715 4469 apud
1768 4417 1917 4472 quos
1960 4400 2178 4455 frustra
2209 4417 2296 4455 re-

643 4481 842 4562 quiras
866 4490 1084 4561 logicas
1108 4490 1449 4561 pbysicasve
1473 4488 2159 4559 disciplinas,scientiam
2194 4493 2297 4545 aut

646 4580 1042 4653 prudentiam,
1077 4595 1209 4634 cum
1246 4595 1317 4633 ne
1344 4578 1491 4633 ratio
1524 4578 1765 4649 quidem
1802 4580 2047 4650 parandi
2094 4596 2292 4635 neces-

641 4671 782 4725 sarii
806 4672 991 4724 victus
1020 4674 1121 4723 aut
1150 4667 1552 4723 convenientis
1585 4668 1803 4734 cultus,
1838 4685 1949 4722 non
1977 4673 2149 4735 artes,
2178 4684 2293 4722 non
2330 4653 2372 4718 ξ)

643 4760 896 4832 Opiflcia,
928 4776 1041 4813 non
1067 4762 1275 4813 caetera
1298 4758 1515 4827 quibus
1542 4756 1809 4813 homines
1835 4775 1867 4812 a
1891 4756 2100 4813 belluis
2122 4757 2293 4813 diffe-

642 4854 800 4917 runt,
848 4848 907 4903 in
942 4848 1011 4903 iis
1044 4846 1433 4919 reperiantur.
1467 4846 1657 4901 Vividi
1699 4864 1728 4902 e
1759 4847 2053 4902 contrario
2096 4863 2290 4902 acres-

640 4956 772 5011 que,
808 4937 1052 5009 projecti
1089 4936 1158 4991 ad
1192 4940 1597 5007 contemptum
1631 4936 2027 5007 periculorum
2061 4936 2289 5007 cupidi-

640 5046 754 5102 que
786 5027 1119 5100 praeliorum
1154 5024 1423 5081 Borealcs
1447 5030 1609 5093 sunt,
1636 5032 1762 5080 tum
1789 5026 2131 5093 irritabiles,
2158 5031 2211 5081 et
2239 5026 2288 5080 si

638 5121 771 5191 quis
802 5116 1147 5183 lacessierit,
1182 5116 1434 5171 fanatico
1467 5122 1706 5171 ruentes
1753 5117 1977 5188 impetu
2013 5117 2068 5171 in
2103 5118 2289 5171 caedes

638 5213 899 5275 mutuas,
943 5206 1097 5261 I70
1148 5204 1418 5261 martiale
1446 5222 1688 5277 prorsus
1722 5222 1905 5277 genus
1948 5208 2004 5260 et
2051 5212 2290 5260 cruente

637 5314 891 5371 pugnax.
926 5297 1183 5360 Quorum
1221 5299 1429 5350 cuncta
1461 5295 1519 5349 in
1562 5295 1941 5350 Australibus
1972 5296 2287 5360 contraria,

636 5387 973 5455 solertibus,
1010 5384 1357 5447 mansuetis,
1391 5384 1602 5439 eximie
1626 5382 1877 5451 callidis,
1914 5384 2161 5454 politiae
2196 5402 2287 5438 ra-

636 5477 813 5531 tionis
847 5474 1157 5540 consultis,
1186 5474 1458 5530 industrii
1483 5475 1551 5528 ad
1578 5479 1754 5543 artes,
1782 5472 2087 5529 rationalis
2114 5473 2288 5528 disci-

636 5567 807 5639 plinae
839 5564 1179 5637 capacibus,
1216 5564 1482 5620 fecundis
1512 5563 1925 5631 consiliorum,
1955 5567 2012 5618 et
2044 5564 2102 5618 in
2131 5563 2291 5619 omni

633 5656 939 5713 occasione
972 5654 1112 5726 quid
1148 5654 1442 5725 optimum
1476 5653 1631 5709 factu
1655 5653 1732 5708 sit
1762 5658 2061 5709 momento
2084 5653 2291 5708 viden-

631 5748 815 5817 tibus,
850 5745 1111 5801 vicissim
1144 5745 1216 5800 ad
1252 5744 1481 5801 labores
1513 5742 1719 5817 pigris,
1745 5744 1816 5799 ad
1842 5760 2073 5817 pugnas
2101 5743 2291 5800 molli-

2410 1961 2628 2024 στάντος
2677 1963 2887 2026 Σκύθου
2931 1964 2992 2017 τὸ
3036 1964 3297 2028 Σκυθικὸν
3346 1964 3658 2034 ἀνεζητεῖτο
3693 1964 3767 2025 ὡς
3798 1963 4064 2039 στρατεύ-

2413 2073 2582 2125 ματος
2629 2051 2809 2128 σφίσιν
2867 2050 3066 2115 ἐκεῖθεν
3118 2055 3545 2126 συστησομὲνου,
3604 2054 3736 2127 ὅπερ
3796 2054 3897 2108 οὐκ
3955 2050 4062 2107 ἄλ-

2410 2139 2522 2202 λως
2575 2142 2642 2209 ἦν
2690 2140 2875 2204 αὐτοῖς
2918 2140 3253 2214 ὠνουμένοις
3297 2142 3696 2215 μετακομίζειν,
3728 2141 3778 2195 εἷ’
3837 2144 3913 2214 μὴ
3968 2139 4063 2195 διὰ

2406 2234 2501 2284 τοῦ
2552 2234 2737 2285 στενοῦ
2783 2251 2866 2291 τις
2908 2231 3146 2303 Εὐξείνῳ
3187 2227 3534 2307 προσϐάλλοι
3586 2229 3852 2305 θαλάσσῃ.
3884 2237 4061 2287 Τοῦτο

2409 2317 2466 2375 δέ
2513 2324 2688 2374 ποιεῖν
2752 2321 2828 2392 μὴ
2870 2319 3151 2392 ἀξιοῦντας
3196 2322 3287 2375 τὸν
3336 2320 3563 2398 βασιλέα
3605 2320 3925 2396 ἀμήχανον.
3967 2323 4067 2375 Διὸ

2407 2408 2496 2464 καὶ
2544 2407 2782 2472 πολλαῖς
2828 2406 3087 2485 ἐδωρεῖτο
3135 2414 3328 2466 τοῦτον
3377 2410 3736 2479 ἀποστολαῖς,
3769 2410 3850 2487 ἐφ’
3880 2412 3926 2482 ᾧ
3965 2410 4068 2473 τὰς

2413 2616 2545 2682 bus,
2578 2614 2695 2671 otio
2726 2614 3141 2686 gaudentibus,
3173 2631 3343 2687 egere
3390 2615 3657 2672 feriando
3696 2631 3873 2687 quam
3905 2619 4076 2670 sata-

2409 2704 2599 2776 gendo
2642 2704 2943 2759 abundare
2993 2704 3373 2760 malentibus.
3424 2703 3607 2775 Cujus
3638 2708 3810 2759 tanta
3843 2704 4078 2758 discre-

2409 2793 2623 2864 pantias
2638 2792 2684 2848 si
2711 2794 2844 2865 quis
2871 2792 2979 2849 soli
3002 2810 3243 2849 causam
3267 2794 3645 2866 imputaverit
3667 2793 3821 2848 haud
3854 2809 3888 2847 a
3909 2809 4078 2859 vero,

2410 2882 2467 2935 ni
2504 2881 2692 2950 fallor,
2730 2881 3043 2937 aberrahit.
3068 2882 3215 2949 Quia
3234 2883 3389 2938 enim
3414 2882 3544 2952 ejus
3570 2882 3720 2937 radii
3742 2887 3991 2937 Arctoos
4012 2888 4079 2936 et

2406 2972 2615 3043 exiguo
2647 2977 2911 3043 tempore
2945 2976 3001 3027 et
3030 2989 3161 3027 raro
3192 2977 3250 3027 et
3275 2972 3511 3043 oblique
3545 2972 3909 3037 illuminant,
3946 2987 4069 3025 non

2404 3076 2533 3116 eam
2566 3062 2818 3116 cerebris
2849 3060 3123 3117 humanis
3146 3060 3342 3117 vitalis
3362 3061 3573 3116 caloris
3595 3077 3939 3116 mensuram
3978 3061 4069 3114 af-

2403 3150 2567 3216 flant,
2582 3167 2705 3220 quae
2721 3151 2791 3205 ad
2806 3150 3200 3221 expediendas
3213 3151 3583 3223 operationes
3599 3149 3909 3215 mentium,
3931 3166 4069 3203 sen-

2401 3256 2621 3310 susque
2643 3240 2972 3294 communis
3000 3240 3382 3295 acrimoniam
3408 3239 3820 3311 requireretur.
3848 3239 4064 3311 Frigus

2402 3346 2572 3402 porro
2587 3328 2748 3384 illius
2762 3328 2889 3383 caeli
2911 3330 3198 3396 naturale,
3223 3329 3434 3385 solaris
3457 3330 3677 3401 teporis
3694 3327 4058 3383 admistiona

2401 3418 2673 3487 liberum,
2698 3418 2986 3473 addensat
3010 3418 3295 3487 duratque
3318 3423 3513 3474 cutem
3538 3434 3849 3488 corporum
3866 3460 3878 3484 ,
3903 3434 4061 3471 cras-

2401 3508 2716 3578 sitiemque
2750 3512 2806 3562 et
2836 3508 3194 3562 soliditatem
3218 3507 3757 3563 inducitmembris.
3786 3507 3906 3563 Sub
3932 3523 4063 3561 me-

2400 3595 2628 3651 ridiano
2659 3600 2865 3651 contra
2893 3595 3113 3651 circulo
3134 3602 3235 3651 aut
3267 3598 3325 3651 in
3351 3596 3762 3651 accedentibus
3786 3596 3855 3650 ad
3887 3594 4059 3650 illum

2401 3686 2575 3741 terris
2594 3686 2957 3757 frequentius
2980 3686 3301 3741 imminens
3330 3688 3818 3756 constantiusque
3841 3686 4062 3739 immo-

2403 3792 2540 3831 rnns
2559 3791 2623 3830 ac
2650 3792 2905 3847 superne
2936 3776 3258 3847 incoquens
3288 3776 3556 3846 subjecta
3576 3791 3758 3846 vapor
3783 3774 4054 3829 ardentis

2404 3864 2546 3920 solis
2576 3864 2803 3937 eliquat
2836 3881 3103 3937 corpora,
3136 3870 3193 3920 et
3231 3865 3302 3919 ad
3353 3881 3565 3921 omnen
3612 3868 3880 3919 motuum
3934 3864 4066 3918 ala-

2404 3954 2667 4010 critatem
2704 3955 3129 4025 audaciamque
3160 3954 3552 4011 certaminum
3606 3953 3795 4009 fluxos
3825 3952 4063 4023 langui-

2405 4043 2627 4115 dosque
2658 4048 2823 4099 artus
2854 4043 3053 4099 efficit.
3086 4043 3284 4099 Afficit
3316 4048 3512 4099 autem
3546 4041 3902 4113 alterarique
3931 4044 4063 4096 ani-

2406 4150 2533 4189 mos
2547 4148 2838 4188 consensu
2855 4135 3109 4203 quodam
3124 4132 3704 4203 qualitatibusfettem
3714 4137 4065 4202 peramento

2404 4238 2731 4294 corporum,
2768 4222 3058 4277 naturalis
3086 4222 3267 4277 tradit
3309 4220 3475 4290 ratio,
3524 4221 3881 4291 experientia
3912 4237 4063 4276 sane

2405 4312 2790 4383 suffragante.
2827 4310 2928 4366 His
2958 4311 3029 4366 de
3060 4312 3255 4367 causis
3285 4316 3345 4366 et
3391 4310 3530 4367 olim
3562 4309 3858 4381 Ethiopes
3887 4309 4064 4364 valde

2402 4401 2739 4473 gaudebant
2767 4398 3049 4455 afﬂuente
3080 4400 3149 4455 ad
3200 4401 3360 4471 ipsos
3407 4400 3575 4472 c0pia
3618 4398 4059 4470 mancipiorum

2403 4490 2655 4564 Scythici
2707 4489 2942 4562 generis
2990 4490 3209 4562 quippe
3252 4506 3504 4561 quorum
3570 4505 3746 4561 opera
3790 4505 3928 4543 cum
3983 4489 4061 4543 ad

2400 4596 2574 4635 omne
2595 4579 2955 4635 laboriosum
2982 4579 3377 4634 ministerium
3404 4584 3529 4633 tum
3554 4579 3626 4633 ad
3646 4577 4062 4651 conteptiones

2404 4670 2779 4739 impetusque
2812 4668 3143 4739 preliorum
3180 4669 3239 4722 in
3274 4686 3382 4723 usu
3440 4668 3782 4724 necessarias
3814 4667 4062 4722 tuendis

2404 4758 2860 4814 finibusmilitias
2884 4758 3291 4828 percommode
3313 4761 3647 4824 uterentur;
3684 4772 3832 4827 quos
3856 4755 4059 4812 minus

2403 4849 2621 4904 mirum
2686 4848 3122 4919 imperitatnem
3147 4848 3273 4918 jam
3326 4848 3473 4919 ipsis
3506 4846 3803 4902 hominem
3838 4850 3969 4900 ortu
4002 4853 4066 4901 et

2405 4938 2704 4993 natalibus
2736 4942 3025 5003 exterum,
3057 4953 3193 4991 cum
3244 4936 3502 5009 proprio,
3564 4941 3689 4990 tum
3725 4934 3923 5007 populi
3960 4938 4060 4990 cui

2404 5031 2647 5099 praerat
2676 5027 2868 5099 genio,
2902 5042 3019 5079 suae
3052 5026 3241 5095 gentis
3271 5025 3631 5081 consortium
3666 5025 4059 5081 consuetudi-

2402 5133 2657 5187 nemque
2704 5117 3025 5184 affectasse,
3080 5114 3325 5170 militari
3384 5115 3608 5185 utique,
3659 5131 3778 5186 qua
3824 5115 4061 5184 egebat,

2402 5223 2581 5261 manu
2612 5222 2723 5260 non
2759 5204 2997 5260 aliunde
3020 5203 3138 5277 ipsi
3168 5221 3345 5274 quam
3380 5220 3445 5259 ex
3481 5210 3680 5275 empta
3700 5209 4060 5272 evocataqus

2400 5297 2857 5365 indejuventute
2873 5295 3264 5366 suggerenda.
3292 5294 3439 5358 Quia
3471 5310 3604 5349 vero
3627 5292 3869 5366 Scythas
3894 5294 3965 5347 ad
3993 5311 4061 5349 se

2401 5392 2527 5441 tuto
2558 5386 2866 5455 deportare
2897 5384 3012 5439 nisi
3036 5384 3238 5439 missis
3261 5384 3332 5439 ad
3356 5383 3649 5439 Euxinum
3678 5383 3925 5438 navibus
3952 5400 4063 5438 ne-

2402 5475 2627 5547 quibat,
2658 5475 2829 5543 cujus
2862 5472 3043 5527 maris
3076 5473 3270 5528 fauces
3303 5489 3437 5527 cum
3469 5472 3622 5527 haud
3658 5472 3834 5527 dubia
3866 5472 4064 5527 forent

2402 5564 2461 5619 in
2495 5566 2642 5619 177
2681 5567 2969 5635 potestate
3000 5563 3368 5617 imminentis
3415 5561 3533 5619 illis
3562 5560 4059 5633 Constantinopo-

2402 5654 2593 5709 litanae
2626 5653 2903 5721 civitatis,
2960 5652 3127 5708 facile
3173 5652 3409 5708 vibebat
3458 5653 3715 5723 prudens
3765 5650 4063 5708 barbarus

2405 5760 2782 5815 nequaquam
2816 5743 2956 5814 sibi,
2985 5742 3136 5813 quod
3169 5742 3426 5815 optabat,
3457 5740 3622 5798 aliter
3650 5757 3825 5814 quam
3864 5742 4065 5813 gratia

4100 3478 4149 3510 κ
