4246 6446
254 413 360 469 617
1305 421 1403 475 ΒΕ
1437 420 1808 476 ΜῙΟΗΔΕΙιΕ
1844 420 1878 472 1³

1987 417 2292 475 EOLOGO
2330 421 2464 474 LIB.
2507 423 2608 475 III.

3565 433 3668 486 618

257 534 462 626 Exit-0"
494 534 960 610 διαπλοπομενας
987 545 1118 608 νῆας
1177 537 1400 616 ῥᾳδίως⁸
1455 541 1689 614 Εὐξείνῳ
1735 561 1904 616 προσ·
1938 548 1990 614 Α
2023 540 2233 609 ἄλλως,
2295 543 2368 604 ὡς
2425 543 2512 596 καὶ
2572 545 2726 597 παισὶ
2769 547 3053 615 παίζεσθαι
3111 548 3383 624 ἀγόμενον
3413 550 3472 606 ἐκ
3505 553 3672 626 ῥινὸς,

257 618 510 693 ϐάλλειν,
541 627 631 680 καὶ
661 627 790 690 τοὺς
819 626 870 680 ἐν
903 627 1092 691 αὐταῖς
1122 626 1308 684 πολλᾶ
1349 629 1598 692 διδόντας
1657 631 1916 705 μείρακας
2015 629 2105 684 καὶ
2159 632 2445 701 πειθήνιον
2481 631 2533 694 ἐς
2587 634 2724 687 ὅπου
2775 631 2956 697 θὲλοις
3016 618 3550 715 ὁρμᾷνξποηφάγον,
3579 618 3668 696 καί

258 713 562 776 Σκυθικοὺς
601 713 913 784 ἐξωνεῖσθαι
968 718 1058 772 καὶ
1108 717 1243 793 πρὸς
1286 720 1354 773 τὰ
1402 718 1514 774 ἴδια
1544 719 1910 785 ἐπανήκοντας
2015 717 2164 792 ἄρτῳ
2212 720 2300 773 καὶ
2348 724 2510 793 κριθῇ
2538 721 2674 776 κατᾶ
2701 724 2763 776 τὸ
2809 719 3082 796 πρόϐατον
3134 713 3544 800 ψωμιζόμενον.
3597 733 3666 784 Τὸ

258 801 462 879 φέρειν,
494 803 523 857 ’ὁ
558 801 625 872 δή
659 805 748 858 καὶ
799 805 1074 868 πολλάκις
1119 810 1336 883 γεγονὸς
1387 806 1653 883 ἔγνωμεν,
1710 808 1908 871 ἐκεῖθεν
2015 805 2062 860 δ’
2114 811 2246 875 ἦθος
2277 809 2590 883 χειρόηθες,
2622 814 2684 865 Ἠ
2747 809 2792 865 δ’
2837 811 3013 886 ἄμυνα
3068 817 3246 887 τούτῳ
3303 818 3440 892 πρὸς
3487 820 3547 872 τὸ
3581 818 3666 873 λυ·

258 893 353 982 μὶν
403 895 509 946 τῶν
553 912 913 982 χαρισμάτων
962 897 1098 970 πρὸς
1151 895 1375 971 βασιλέα
1425 894 1908 969 διαπεμπομένων,
2012 901 2145 950 ποῦν
2183 899 2280 970 (τῷ
2310 921 2545 972 μεγιστῳ
2594 902 2698 974 γάρ
2738 898 2885 975 μέρει
2935 903 3023 957 καὶ
3073 909 3234 959 τοῦτο
3289 906 3662 982 φιλοτιμεῖται

257 979 497 1044 ἐντεῦθεν
548 978 592 1036 δ’
644 982 1009 1060 ἀνοιγομένης
1042 985 1190 1062 σφίσι
1241 993 1340 1056 τῆς
1391 988 1526 1061 πρὸς
1558 985 1762 1040 ἐκεῖνον
1816 1005 1908 1038 κεο
2009 991 2126 1048 τοῖς
2177 988 2339 1055 ζώοις
2389 990 2422 1055 ἠ
2479 987 2658 1062 φύσις,
2710 991 2783 1050 ὡς
2829 990 2882 1044 εἷ’
2917 1013 2998 1052 τις
3043 978 3343 1048 ἐπιτίθοιτο
3378 1017 3664 1070 προσαμυ-

252 1067 479 1127 λεύθου.

454 1211 516 1269 δ’.
551 1215 684 1289 Περὶ
725 1213 1302 1290 καμηλοπαρδάλεως,
1343 1217 1532 1273 ὁποῖόν
1566 1217 1698 1272 ἐστι.

316 1342 402 1412 [Ρ.
439 1342 562 1413 118]
610 1344 700 1395 Ἐν
748 1337 806 1395 δί
847 1347 963 1403 τοῖς
1003 1342 1334 1416 χαρίσμασιν
1391 1343 1456 1410 ἦν
1515 1343 1604 1396 καὶ
1656 1340 1905 1413 καμηλο-

245 1426 540 1500 πάρδαλις,
601 1433 739 1499 ζῶον
801 1432 1104 1503 θαυμάσιον
1159 1432 1249 1484 καὶ
1308 1432 1603 1500 ἀσύνηθες,
1660 1430 1785 1503 περὶ
1840 1431 1902 1484 οὗ

245 1517 408 1594 ὀλίγα
442 1518 722 1594 βούλομαι
785 1518 989 1594 λέγειν,
1021 1526 1139 1576 τοῖς
1177 1522 1270 1593 μὲν
1304 1518 1510 1575 ἰδοῦσιν
1569 1520 1898 1593 ὑπόμνησιν,

239 1613 363 1668 τοῖς
415 1605 473 1662 δὲ
527 1606 668 1680 μηδὲ
699 1610 1053 1681 θεασαμένοις
1100 1607 1468 1665 διδασκαλίαν.
1521 1613 1694 1682 Σῶμα
1723 1608 1900 1680 τούτῳ

244 1696 470 1769 μέτριον
522 1697 639 1750 κατ’
688 1694 841 1760 ὅνους
889 1698 984 1759 οὕς
1040 1697 1316 1760 κάνθωνας
1375 1695 1712 1769 ὀνομάζομεν
1773 1695 1896 1768 δέρ-

240 1805 316 1856 μα
344 1787 482 1840 κατά
511 1783 831 1859 παρδάλεις,
867 1785 1062 1841 λευκὸν
1090 1787 1180 1842 καὶ
1220 1787 1451 1863 πυρῥαῖς
1499 1786 1683 1863 φολίσι
1731 1788 1893 1840 κατά-

2009 1077 2232 1147 νεῖσθαι)
2286 1075 2390 1151 οὐχ
2422 1075 2570 1149 ὁπλῇ
2602 1079 2738 1132 κατὰ
2763 1078 2888 1140 τοὺς
2916 1078 3141 1150 ἵππους,
3201 1083 3234 1150 ἢ
3290 1083 3473 1158 κέρατι
3523 1088 3663 1141 κατᾶ

2015 1164 2144 1239 βοῦς
2192 1162 2342 1237 (οὐδὲ
2388 1167 2490 1240 γὰρ
2539 1168 2752 1238 κέρασιν
2803 1166 3093 1237 ἔστεπται),
3155 1171 3252 1225 οὐκ
3308 1171 3488 1228 ὀδόντι
3528 1178 3662 1230 κατὰ

2005 1253 2133 1315 τοὺς
2165 1255 2425 1328 κάπρους,
2460 1254 2558 1310 οὐκ
2603 1253 2746 1326 ὄνυξι
2794 1257 2930 1312 κατὰ
2977 1259 3072 1320 τὰς
3122 1259 3316 1335 γαλᾶς,
3374 1263 3561 1334 μόνοις
3603 1263 3658 1319 δὲ

2003 1347 2120 1402 τοῖς
2177 1340 2416 1414 ὀδοῦσιν,
2477 1344 2653 1415 οἶμαι,
2716 1343 2805 1398 διὰ
2863 1343 3156 1419 δηγμάτων
3221 1351 3470 1423 μετρίων,
3532 1353 3656 1406 ὅσον

2004 1431 2093 1484 καὶ
2124 1429 2416 1485 ἀποσοϐεῖν
2444 1433 2506 1486 τὸ
2540 1431 2745 1486 λυποῦν
2805 1435 2879 1505 μὴ
2935 1434 3200 1510 βλάπτονο
3238 1436 3362 1493 οὐδε
3409 1439 3508 1515 γάρ
3568 1463 3652 1503 τις

2006 1519 2084 1581 ἰὸς
2113 1525 2232 1581 τοῖς
2262 1517 2475 1575 ὀδοῦσιν
2537 1521 2884 1596 ἐντὲθραπται
2943 1526 3059 1578 κατ’
3118 1525 3293 1580 ἐκεῖνα
3349 1531 3378 1582 ἂ
3438 1526 3503 1598 δὴ
3535 1537 3652 1592 τοῖς

1999 1610 2274 1672 τοιούτοις
2321 1612 2356 1678 ἦ
2412 1611 2568 1684 φύσις
2627 1610 2866 1680 ὁπλίζει.
2925 1618 3098 1668 Τοῦτο
3158 1617 3231 1676 ὡς
3286 1614 3338 1670 εἴ
3389 1639 3438 1671 τι
3491 1617 3651 1691 tam;

1999 1698 2196 1762 ἐκεῖθεν
2247 1697 2383 1772 πρὸς
2433 1698 2660 1774 βασιλέα
2711 1698 3056 1774 διακομισθὲν
3109 1704 3337 1775 ἑκάστης
3378 1705 3552 1780 θέαμα
3585 1712 3648 1777 ἦν

1997 1788 2087 1842 καὶ
2113 1790 2290 1866 τρυφή
2317 1794 2433 1850 τοῖς
2468 1791 2637 1863 ὁρῶσι
2667 1787 2737 1844 δι’
2767 1791 2962 1863 ἀγορᾶς
2993 1790 3316 1864 ἑλκόμενον.

237 1894 477 1980 “tuo?
524 1875 667 1980 θὲοςίς
715 1876 969 1980 σίίθμιῗτος
1014 1877 1151 1980 iura
1195 1877 1620 1980 1&4‘xaP’iA‘3‘9C
1669 1875 1719 1946 ἐξ
1761 1875 1890 1980 ἐπί·
1923 1915 1968 1980 Β
1999 1897 2059 1951 ε’,
2091 1897 2281 1958 ’Ὁπως
2308 1895 2621 1967 αὐξηθέντες
2652 1896 2907 1958 Αἰθίοπες
2933 1898 2998 1952 τά
3027 1899 3160 1952 κατᾶ
3193 1901 3389 1973 Συρίαν
3423 1899 3642 1978 διεπρά-

235 1963 399 2026 σθίων
440 1959 735 2038 βουϐώνων
767 1965 820 2028 ἐς
850 1964 1038 2037 ὥμους
1071 1967 1377 2040 ἀνωφερὴς,
1405 1970 1514 2020 τῶν
1543 1965 1888 2039 ἐμπροσθίων

233 2050 420 2107 ποδῶν
485 2049 886 2126 ὑπερκειμένων
936 2054 1221 2130 αὐτάρκως
1268 2059 1377 2109 τῶν
1435 2053 1674 2109 ὄπισθεν·
1733 2055 1887 2128 Τρά-

234 2140 422 2217 χηλος
451 2144 588 2197 κατὰ
617 2143 876 2218 γεράνους
933 2142 1020 2198 ἐπὶ
1076 2146 1339 2216 μήκιστον
1381 2143 1753 2216 ἐκτεινόμενος
1798 2143 1887 2197 καὶ

230 2230 284 2292 ἐς
335 2231 584 2310 κεφαλὴν
632 2231 988 2305 ἀναγόμενος,
1047 2233 1122 2294 ὡς
1154 2232 1438 2309 ἀγέρωχον
1469 2235 1530 2287 τὸ
1564 2238 1699 2302 ζῶον
1731 2232 1886 2308 ἐγκα-

233 2326 441 2392 θιστᾷν.
496 2319 723 2397 Κεφαλὴ
777 2317 834 2376 δὲ
885 2321 1014 2397 βαιὰ
1061 2320 1150 2376 καὶ
1203 2319 1583 2394 καμηλοειδής
1636 2325 1716 2394 τῷ
1747 2323 1885 2397 uxr}.

228 2431 380 2483 ματι.
445 2412 648 2466 Λευκὸν
700 2411 800 2478 τὴν
858 2409 1096 2478 κοιλίαν,
1151 2410 1242 2465 καὶ
1300 2411 1406 2465 ἀπὸ
1456 2409 1746 2487 τραχήλου
1794 2407 1884 2465 διὰ

226 2497 453 2575 ῥάχεως
492 2501 672 2570 πάσης
713 2498 806 2554 καὶ
851 2496 955 2562 ἕως
1006 2499 1174 2576 οὐρὰς
1225 2500 1446 2576 μετρίας
1475 2501 1745 2575 γραμμὴν
1791 2499 1878 2556 ἐπὶ

222 2587 474 2662 στάθμην
550 2588 808 2661 μέλαιναν
895 2588 1148 2645 ἰθύντατα
1222 2587 1622 2664 περικείμενον.
1710 2587 1880 2653 Πόδες

222 2676 419 2734 λεπτοὶ
468 2679 588 2734 κατ’
639 2676 875 2756 ἐλάφους
930 2677 1020 2734 καὶ
1086 2676 1473 2755 διχηλοῦντες.
1527 2681 1768 2754 Ἤμερον
1829 2676 1877 2734 δ’

219 2886 280 2938 et
309 2878 599 2936 beneﬁcio
624 2878 970 2949 imperantis
995 2877 1115 2935 illic
1133 2894 1306 2950 posse
1327 2878 1882 2950 contingere.0uare

223 2972 341 3026 isto
365 2975 433 3025 ut
462 2969 690 3042 placato
719 2969 1123 3040 benevoloque
1153 2974 1437 3035 uteretur,
1471 2968 1678 3024 multis
1722 2969 1878 3040 lega-

222 3057 462 3114 tionum
495 3062 553 3113 et
576 3057 892 3115 missorum
915 3075 1048 3115 cum
1079 3056 1200 3113 illis
1222 3073 1534 3114 munerum
1559 3059 1880 3114 conabatur

219 3146 440 3204 ofﬁciis
472 3148 731 3219 assequi.
767 3149 882 3205 Nec
911 3147 1065 3204 votis
1093 3146 1327 3206 excidit:
1362 3152 1614 3219 augusto
1660 3147 1878 3220 quippe

219 3235 717 3293 annuentelibere
737 3238 1150 3293 commeabant
1164 3235 1222 3292 in
1248 3235 1536 3291 Euxinum
1553 3235 1717 3292 missi
1740 3251 1873 3292 cum

219 3341 370 3382 auro
403 3324 591 3382 multo
617 3326 691 3381 ab
721 3325 1055 3398 Ethiopum
1093 3324 1374 3396 principe,
1409 3324 1506 3397 qui
1530 3325 1873 3398 Scytharum

2356 1969 2531 2036 ξαντο.
2565 1969 2671 2023 Καὶ
2701 1969 2766 2023 τὰ
2796 1972 2930 2024 κατὰ
2958 1972 3047 2024 τὸν
3082 1969 3285 2044 Νόγανζ

2074 2058 2150 2125 [Ρ.
2190 2059 2312 2130 119]
2343 2055 2516 2113 Ἀλλὰ
2545 2061 2709 2112 ταῦτα
2760 2059 2854 2130 μὶν
2903 2063 2981 2131 τῷ
3025 2064 3307 2132 κρατοῦντι
3357 2061 3643 2139 πεπράχα-

1995 2167 2081 2200 ται
2115 2144 2335 2217 δοκήσει
2363 2151 2460 2201 τοῦ
2510 2146 2776 2202 συνοίσειν
2824 2154 2940 2210 τοῖς
2989 2151 3300 2224 ἡμετέροις.
3362 2155 3462 2207 Καὶ
3517 2156 3639 2209 ὅσον

1999 2237 2094 2307 μὲν
2155 2236 2229 2298 εἷς
2289 2235 2512 2310 εἰρήνην
2569 2236 2793 2292 ἀνυστὸν
2847 2239 2912 2306 ἦν
2971 2238 3036 2293 τό
3092 2242 3644 2316 πραγματευόμενον,

1993 2322 2181 2387 ἄλλως
2239 2322 2296 2380 δὶ
2351 2324 2440 2380 καὶ
2509 2325 2562 2388 ἀς
2622 2324 2876 2402 μὲγιστον
2932 2326 3314 2400 ἐλυμήναντοο
3366 2335 3484 2393 ταῖς
3538 2334 3639 2409 γάρ

1990 2412 2234 2489 συνεχέσι
2309 2411 2694 2487 μετακομίσεσι
2764 2418 2872 2470 τῶν
2953 2417 3206 2491 βορὲαθεν
3276 2421 3643 2494 μειρακίσκων

1989 2502 2204 2573 πλῆθος
2276 2503 2328 2559 ἂν
2400 2507 2576 2576 καιρῷ
2630 2504 2822 2558 συστὰν
2879 2507 3266 2579 στρατιωτικὸν
3325 2504 3527 2580 ηὔξησὲ
3581 2530 3638 2565 τε

1987 2593 2088 2660 τήν
2139 2589 2247 2646 τῶν
2309 2588 2588 2656 Αἰθιόπων
2623 2593 2948 2666 ὁρμὴν,καὶ
3009 2593 3142 2668 ὐπὶρ
3200 2594 3268 2649 τὰ
3323 2593 3639 2668 ἐσκαμμένα

1987 2678 2231 2752 ὶπήδων,
2283 2682 2359 2746 ὡς
2413 2679 2688 2746 πολλάκις
2739 2687 2820 2754 τῷ
2873 2683 3008 2737 κατᾶ
3067 2689 3202 2761 σφᾶς
3245 2684 3480 2760 ἀσφαλεῖ
3509 2686 3638 2762 θαρ-

1992 2887 2048 2935 et
2079 2896 2226 2937 naso
2258 2883 2512 2936 tractum
2547 2897 2662 2936 non
2694 2881 2944 2938 invitum
2972 2885 3256 2954 sequatur
3285 2899 3638 2956 quocunque

1991 2969 2249 3026 duxeris.
2281 2970 2468 3025 Herba
2496 2969 2773 3026 vescitur:
2806 2970 2906 3025 sed
2941 2974 3000 3026 et
3030 2987 3240 3042 panem
3262 2976 3321 3026 et
3350 2971 3632 3030 burdeum

1987 3074 2103 3116 non
2136 3058 2335 3115 minus
2364 3075 2543 3132 quam
2575 3075 2710 3116 oves
2743 3058 2992 3115 libenter
3019 3059 3483 3132 gustat.lndoles
3513 3066 3633 3118 tra-

1985 3149 2217 3205 ctabilis
2247 3165 2353 3206 nec
2377 3148 2682 3205 iracunda.
2713 3148 2768 3204 Si
2797 3147 2940 3221 quid
2963 3149 3227 3204 otl'endat
3257 3150 3417 3220 (nam
3451 3150 3631 3206 ferme

1984 3237 2384 3296 animantibus
2396 3243 2608 3294 natura
2620 3236 2836 3310 quibus
2849 3237 3098 3310 injurias
3113 3238 3456 3310 propulsant
3470 3254 3632 3296 arma

1984 3324 2101 3385 non
2133 3326 2408 3400 negavit),
2438 3326 2488 3383 si
2519 3325 2688 3397 quid,
2719 3325 2987 3399 inquam,
3009 3325 3290 3383 infestum
3315 3327 3626 3400 ingruerit,

218 3414 805 3472 adulescentulorum
829 3416 1152 3471 maximum
1175 3430 1390 3486 magna
1413 3415 1661 3487 pecunia
1689 3430 1876 3470 coem-
1905 3412 1948 3482 C
1987 3433 2102 3473 non
2134 3417 2192 3472 id
2225 3415 2385 3473 calce
2416 3420 2480 3472 ut
2500 3415 2661 3487 equi,
2691 3431 2806 3472 non
2831 3419 2896 3471 ut
2925 3415 3098 3471 boves
3130 3431 3334 3486 cornu,
3367 3431 3483 3487 quo
3528 3431 3628 3472 ca-

222 3511 400 3578 ptum
431 3520 749 3561 numerum
779 3505 895 3577 ipsi
925 3506 1330 3575 perducerent;
1354 3505 1508 3575 quod
1537 3519 1690 3575 saepe
1711 3504 1871 3560 iacti-

216 3599 415 3650 tatum
450 3596 743 3664 novimus,
775 3610 845 3649 ex
873 3609 990 3665 quo
1021 3592 1325 3649 blanditiis
1354 3594 1640 3649 donorum
1664 3592 1872 3649 delini-

216 3689 319 3740 tus
353 3683 678 3756 imperator
706 3699 835 3740 eam
866 3682 1082 3756 aperiri
1112 3687 1170 3739 et
1202 3687 1328 3739 tuto
1354 3682 1710 3755 frequentari
1749 3699 1874 3755 pcr-

223 3773 395 3830 misit
423 3771 602 3829 viam.

438 3861 491 3916 I.
526 3865 609 3918 De
635 3861 1098 3936 cametoparduli,
1130 3861 1292 3935 quale
1318 3859 1537 3917 animal
1561 3860 1657 3918 sit.

290 3951 579 4010 Ceterum
613 3951 673 4006 in
705 3950 877 4011 donis
907 3951 1014 4007 bac
1043 3951 1114 4007 de
1143 3967 1324 4008 causa
1357 3949 1557 4008 missis
1611 3950 1872 4008 camelo-

221 4039 494 4115 pardalis
552 4039 663 4096 fuit
715 4039 936 4096 animal
994 4056 1194 4096 rarum
1225 4045 1282 4096 et
1331 4039 1622 4110 mirabile,
1653 4041 1725 4096 de
1756 4057 1873 4113 quo

223 4127 505 4202 pluscula
560 4128 658 4186 hic
713 4129 967 4201 sujicere
1018 4129 1275 4200 decrevi,
1328 4135 1394 4185 ut
1436 4130 1538 4201 qui
1602 4129 1875 4186 viderunt

221 4218 616 4276 recordentur
671 4219 772 4291 qui
829 4233 946 4274 non
980 4217 1251 4274 viderunt
1304 4217 1556 4274 discant.
1590 4217 1772 4274 Moles
1818 4219 1870 4276 ei

216 4305 490 4380 corporis
535 4321 652 4363 non
681 4303 1118 4378 magna,qualis
1149 4305 1330 4362 ferme
1363 4319 1712 4378 magnorum
1743 4306 1874 4362 asi-

220 4412 467 4467 norum,
499 4411 646 4467 quus
673 4394 998 4452 cantbones
1028 4410 1324 4451 vocamus.
1368 4393 1526 4451 Pelle
1554 4395 1874 4452 obducitur

217 4482 574 4558 pardalibus
631 4482 835 4552 simili,
884 4483 1083 4539 rubris
1129 4483 1187 4538 in
1247 4482 1381 4539 albo
1425 4483 1679 4555 sparsim
1712 4499 1873 4539 cum-

213 4577 447 4647 puncta
497 4573 774 4644 maculis,
819 4571 1252 4644 magnitudinis
1281 4588 1348 4628 ac
1379 4571 1580 4645 ﬁguras
1629 4588 1871 4645 squam-

215 4678 480 4720 marum.
518 4663 724 4718 Forma
749 4662 1012 4734 corporis
1040 4651 1296 4717 camelos
1325 4660 1615 4732 imitatur,
1648 4678 1683 4717 a
1708 4668 1873 4736 tergo

210 4758 279 4810 et
311 4752 532 4809 femore
558 4753 630 4807 ad
662 4767 864 4808 armos
891 4765 1130 4808 sursum
1162 4750 1455 4816 eminens,
1480 4750 1874 4808 anterioribus

209 4841 497 4901 cruribus
528 4840 903 4914 longitudine
931 4857 1048 4896 non
1080 4839 1312 4897 modice
1331 4841 1752 4912 superantibus
1773 4857 1876 4914 pu-

207 4929 723 4991 steriora.Cullnm
743 4933 807 4986 ut
822 4929 880 4986 in
905 4929 1151 5003 gruibus
1169 4928 1516 5002 longissime
1531 4934 1805 5002 protenso
1817 4946 1872 4986 m

208 5021 338 5080 alte
369 5019 430 5077 in
461 5019 738 5077 verticem
768 5017 1032 5088 assurgit
1069 5017 1374 5075 fastidiose
1416 5019 1875 5093 circumquaque

209 5114 664 5185 despectantem
680 5110 936 5181 quodam
951 5109 1119 5182 quasi
1132 5108 1450 5182 supercilio
1463 5108 1659 5164 ferina
1674 5125 1876 5182 super-

206 5201 346 5259 biae.
406 5200 599 5274 Caput
627 5200 907 5274 exiguum
937 5216 972 5256 a
1001 5197 1248 5256 camelis
1279 5199 1472 5273 figura
1505 5216 1623 5255 non
1651 5199 1874 5256 discre-

204 5309 387 5366 pans.
437 5290 668 5347 ‘Venter
722 5289 916 5362 albus,
975 5306 1010 5345 a
1057 5289 1248 5361 capite
1310 5306 1413 5363 per
1441 5289 1602 5346 dorsi
1635 5289 1868 5364 spinam

209 5399 416 5456 usque
472 5383 544 5439 ad
600 5381 877 5447 caudam,
936 5397 1064 5452 qua:
1097 5380 1331 5437 modica
1354 5385 1465 5449 est,
1517 5381 1674 5438 linea
1705 5382 1873 5456 nigra

204 5475 383 5531 velut
407 5474 478 5529 ad
511 5485 789 5528 normam
809 5469 1128 5526 rectissime
1159 5472 1445 5543 producta
1475 5472 1875 5544 signatur.Pe-

200 5565 314 5620 des
349 5567 558 5618 moues
587 5559 648 5615 in
674 5557 1127 5615 similitudinem
1150 5560 1874 5629 cervinorum,flssisI18

191 5658 259 5712 et
287 5651 418 5727 ipsi
447 5650 712 5724 ungulis.
747 5649 954 5722 Ipsum
987 5647 1212 5723 alioqui
1246 5650 1467 5707 animal
1491 5657 1872 5710 mansuetum

182 5761 261 5804 ac
320 5742 524 5814 uicur,
586 5744 655 5798 ut
703 5739 888 5798 etiam
947 5737 1277 5798 ludendum
1310 5742 1597 5816 sepueris
1619 5746 1876 5816 prebeat

537 5863 800 5926 Paruum.
846 5859 958 5922 Gs.
1004 5859 1262 5924 CXLIII.

1977 3511 2210 3572 ret,non
2237 3505 2410 3563 dente
2439 3504 2826 3578 sanguinaria
2866 3511 2920 3561 et
2950 3503 3223 3574 terribili,
3245 3508 3310 3560 ut
3343 3503 3622 3576 apri,non

1977 3592 2277 3666 unguibus
2307 3598 2372 3649 ut
2398 3591 2687 3663 feles,sed
2720 3591 2881 3658 solis,
2917 3596 3083 3664 puto,
3115 3608 3231 3647 non
3263 3591 3452 3647 acutis
3481 3592 3623 3647 den-

1975 3682 2136 3740 tibus
2185 3682 2492 3740 ulciscitur
2520 3697 2625 3755 per
2653 3698 2889 3739 morsus
2911 3697 3028 3738 nou
3059 3681 3456 3748 rabiosos,sed
3492 3697 3622 3738 mo-

1976 3775 2231 3843 deratus,
2258 3771 2638 3844 utintelligas
2669 3771 2822 3829 nolle
2851 3772 3048 3845 ipsum
3082 3769 3210 3828 aliis
3242 3771 3620 3838 nocere,satis

1976 3863 2199 3920 habens
2210 3865 2281 3919 ab
2304 3876 2433 3919 sese
2455 3861 2989 3935 quomodueunque
3011 3861 3357 3933 propulsare
3379 3875 3617 3916 noxam.

1974 3950 2175 4024 Neque
2202 3950 2292 4008 vis
2304 3950 2427 4008 ulla
2447 3950 2657 4008 veneni
2699 3949 2978 4008 dentibus
3001 3950 3206 4008 subest
3223 3949 3283 4007 in
3305 3949 3624 4023 perniciem

1975 4043 2181 4099 dentes
2238 4046 2451 4098 natura
2503 4056 2606 4114 pro
2665 4041 2848 4098 armis
2905 4041 3088 4098 dedit.
3122 4041 3268 4097 Talo
3301 4040 3623 4113 peregrina

1975 4131 2178 4189 formas
2213 4129 2433 4189 animal
2448 4147 2518 4188 ex
2534 4129 2822 4204 Ethiopia
2835 4130 2907 4187 ad
2931 4130 3345 4202 imperatorem
3371 4128 3623 4186 missum

1976 4220 2375 4293 spectaculum
2407 4218 2510 4276 diu
2527 4219 2938 4292 quotidianum
2969 4219 3378 4290 etjucundum
3405 4217 3625 4291 Byzan-

1974 4307 2119 4367 tinis
2146 4307 2419 4383 probuit,
2448 4323 2554 4381 per
2582 4307 2714 4366 fora
2733 4310 2793 4365 et
2825 4305 3054 4381 plateas
3085 4307 3357 4366 ductum.

1975 4471 2032 4527 5.
2070 4470 2133 4528 Ut
2160 4469 2310 4527 aucti
2337 4469 2550 4526 viribus
2591 4467 3161 4612 113930;);nger
3199 4483 3316 4526 rem
3342 4467 3631 4541 gesserint,

2749 4558 2779 4594 ε
2965 4581 2978 4596 .

2749 4558 2779 4594 ε
2806 4558 2978 4596 noua.

2055 4671 2192 4736 Quae
2225 4667 2549 4740 imperator
2568 4665 2905 4723 ostentabat
2923 4681 2989 4722 eo
3010 4663 3353 4735 consillu,ut
3377 4664 3636 4738 populus

1985 4757 2311 4815 delectatus
2360 4757 2556 4813 fructu
2589 4756 2703 4813 isto
2733 4755 3040 4829 longinqui
3065 4753 3403 4812 commercii
3428 4769 3633 4828 partem

1983 4854 2042 4904 et
2073 4848 2409 4904 societatem
2442 4847 2650 4902 initam
2673 4861 2807 4902 cum
2831 4844 3098 4919 Ethiope
3119 4848 3185 4900 ut
3205 4845 3424 4902 nostris
3453 4847 3633 4903 rebus

1986 4936 2188 4995 utilem
2243 4935 2539 5009 probaret.
2586 4935 2656 4991 Et
2705 4934 2918 4992 eratin
2949 4951 3019 4991 ea
3074 4934 3222 4990 forte
3265 4933 3635 4991 conducibile

1982 5026 2288 5100 quidpiam
2321 5025 2372 5081 si
2405 5025 2541 5098 quis
2590 5025 2650 5080 in
2683 5023 2992 5098 praesentis
3021 5040 3134 5081 usu
3183 5023 3637 5096 tranquillitatis

1983 5115 2390 5188 acquiesceret
2421 5132 2436 5172 :
2498 5114 2600 5170 sed
2638 5115 2738 5186 qui
2781 5113 2950 5186 longe
2980 5113 3316 5170 consuleret
3344 5113 3401 5168 in
3439 5118 3636 5185 poste-

1986 5221 2431 5279 rum,magnam
2460 5221 2708 5262 summa
2739 5221 2936 5261 rerum
2968 5209 3025 5260 et
3055 5203 3283 5260 nomini
3304 5202 3638 5259 Christiano

1984 5297 2178 5370 parari
2213 5296 2531 5370 perniciem
2565 5295 2678 5350 ista
2707 5295 2765 5351 in
2792 5294 3073 5352 barbaros
3103 5292 3474 5366 indulgentia
3502 5309 3636 5347 sen-

1984 5387 2137 5443 tiret.
2157 5387 2236 5442 Ex
2246 5385 2533 5460 perientia
2549 5388 2704 5440 certe
2727 5384 2926 5440 docuit
2946 5387 3148 5440 auctos
3162 5383 3642 5439 etcurroboratos

1985 5475 2292 5547 [EtbiOpas
2317 5474 2430 5531 isto
2454 5474 2638 5530 libere
2660 5489 2940 5530 concesso
2965 5478 3294 5530 commeatu
3321 5488 3641 5544 puerorum

1983 5583 2014 5623 e
2041 5563 2386 5621 borealibus
2416 5563 2728 5631 tractibus,
2763 5562 2865 5636 qui
2898 5563 3107 5619 deinde
3140 5561 3198 5616 in
3230 5560 3374 5617 oculo
3421 5559 3639 5616 mitiori

1985 5655 2264 5712 ai‘ﬂuente
2277 5653 2464 5709 victus
2478 5668 2542 5709 co
2549 5653 2645 5724 pia
2663 5652 2720 5708 in
2738 5668 2901 5709 acres
2913 5646 3228 5709 bellatores
3242 5648 3646 5707 adulescerent

1986 5743 2392 5802 formidabiles
2423 5742 2707 5813 evasisse,
2732 5741 3087 5816 conscriptis
3116 5739 3468 5800 exercitibus
3497 5737 3646 5795 invi-

3242 5860 3324 5922 20
