4246 6446
636 408 742 465 619

1943 393 2246 462 Gnoson
2284 405 2746 460 PACHYMERE

3943 401 4048 458 620

639 534 861 609 ῥοῦντας
942 529 1268 606 ὑπερορίους
1341 527 1584 604 ἐκφέρειν
1661 524 1940 598 πολέμους
2010 525 2099 580 καὶ
2151 524 2285 580 κατὰ
2313 531 2367 597 Α
2397 527 2694 596 πεσόντων,
2725 529 2832 579 τῶν
2870 527 2964 596 μὶν
2997 523 3247 596 πολέμου
3276 524 3456 596 νόμῳ,
3488 528 3594 578 τῶν
3629 521 3687 579 8t
3732 523 3820 578 καὶ
3855 523 4043 588 ἄλλως

635 624 970 694 Χριστιανῶν
1005 614 1369 693 ἀνδρίζεσθαι.
1423 621 1540 669 Τῶν
1590 615 1691 689 γὰρ
1751 613 1975 670 Ἰταλῶν
2029 615 2130 681 τὴν
2185 617 2284 678 τῆς

637 712 838 784 Συρίας
900 709 1113 776 ἀπάσης
1175 705 1448 781 παραλίαν
1491 704 1834 778 κατεχόντων
1893 703 1981 757 καὶ
2029 703 2288 772 Φοινίκης

634 799 917 873 ἀρχόντων
968 799 1056 851 καὶ
1095 795 1262 864 αὐτῆς
1298 794 1636 867 Ἀντιοχείας
1683 793 1744 846 τὸ
1793 792 1988 865 κράτος
2024 790 2284 865 ἐχόντων,

636 883 1184 962 διαμφισϐητούντων
1242 883 1284 939 δ’
1347 886 1397 955 ἐξ
1460 885 1753 959 ὑπερτέρας
1811 881 2001 956 ίσχὸος
2039 881 2128 934 καὶ
2177 884 2284 933 τῶν

634 987 734 1048 τῆς
794 976 1158 1044 Παλαιστίνης
1216 976 1397 1030 τόπων
1460 975 1532 1037 ὡς
1586 973 1876 1046 ἁγιότητος
1923 969 2075 1042 δόξαν
2127 969 2284 1044 ἐχόν-

634 1088 767 1138 των,
807 1065 897 1119 καὶ
955 1065 1103 1136 μάλα
1134 1061 1357 1124 εἰκότως
1419 1059 1510 1116 διὰ
1539 1061 1630 1121 τὰς
1664 1059 1834 1114 ἐκεῖσε
1881 1062 1976 1112 τοῦ
2030 1064 2288 1130 Σωτῆρος

639 1150 917 1230 διατριϐὰς
973 1153 1063 1207 καὶ
1118 1153 1187 1206 τὰ
1242 1159 1340 1220 τῆς
1393 1150 1714 1221 οἰκονομίας
1763 1147 2070 1221 τεραστικᾶ,
2132 1144 2288 1200 αὐτοί

637 1265 700 1318 γε
754 1244 1113 1318 θαρσήσαντες
1159 1247 1276 1302 ταῖς
1326 1241 1385 1294 ἐκ
1429 1244 1537 1293 τῶν
1601 1239 1818 1292 Σκυθῶν
1879 1233 2164 1295 συστᾶσαις
2197 1231 2288 1288 δυ-

637 1335 882 1405 νάμεσιν,
928 1329 1231 1402 ἐξελθόντες
1285 1333 1455 1383 πᾶσαν
1507 1327 1717 1394 ἐκείνην
1768 1327 1867 1394 τήν
1926 1331 2027 1397 γῆν
2087 1325 2287 1379 Μυσῶν

636 1423 697 1476 τὸ
756 1421 1056 1495 λεγόμενον
1115 1417 1263 1473 λείαν
1325 1418 1560 1484 ἐποίουν,
1620 1413 1721 1475 ἓως
1781 1415 1872 1468 οὗν
1928 1415 2042 1466 κατ’
2102 1412 2286 1486 ὀλίγον

640 1507 782 1583 (οὑδὲ
830 1510 933 1584 γαρ
993 1507 1054 1573 ἦν
1111 1512 1226 1568 τοῖς
1289 1505 1525 1567 Ἰταλοῖς
1579 1505 1713 1578 πρὸς
1747 1502 1941 1564 αὐτοὺς
1975 1498 2288 1564 σπὲνδεσοαι

638 1598 869 1673 ἐχθρούς
896 1619 956 1673 γε
996 1593 1153 1657 ὄντας
1204 1595 1292 1650 καὶ
1345 1594 1677 1669 λεγομένους
1732 1597 1829 1647 τοῦ
1882 1591 2070 1662 τιμίου
2132 1610 2289 1643 σταυ-

638 1681 756 1762 ροῦ)
806 1685 894 1740 καὶ
955 1685 1131 1738 αὐτῶν
1167 1681 1232 1752 δὴ
1265 1688 1372 1738 τῶν
1429 1684 1695 1758 μεγίστων
1727 1678 1940 1735 πόλεων
2000 1679 2289 1750 ἐξώσαντες

637 1774 801 1838 αὑτὰς
858 1775 932 1835 εἷς
984 1771 1105 1830 ἕδος
1160 1774 1514 1846 κατήρειψαν.
1571 1770 1673 1827 Καὶ
1727 1774 1817 1823 νῦν
1871 1773 2042 1823 κεῖται
2100 1769 2192 1840 μὶν
2255 1769 2288 1837 ἠ

636 1866 937 1941 περιφανὴς
987 1863 1318 1937 ἰλκθτιόχεια,
1381 1867 1553 1916 κεῖται
1604 1859 1660 1915 δὲ
1708 1864 1742 1928 ἡ
1797 1859 2090 1932 Ἀπάμεια,
2131 1859 2291 1912 κατε-

637 1953 868 2009 σκαπταί
900 1973 956 2006 τε
988 1953 1166 2026 Τύρος
1215 1951 1303 2006 καὶ
1336 1951 1605 2024 Βηρυτὸς,
1653 1950 1739 2004 καὶ
1795 1945 1970 2003 Σιδὼν
2028 1948 2094 2002 τὰ
2123 1949 2290 2019 ὅμοια

636 2045 858 2118 πάσχει.
910 2043 1200 2116 Ἑτὲρωθεν
1246 2038 1303 2094 δὲ
1351 2042 1536 2114 θρηνεῖ
1582 2036 1896 2094 Λαοδίκεια.
1943 2037 2199 2111 Τρίπολίς
2232 2058 2289 2091 τε

636 2133 724 2187 καὶ
781 2130 1115 2203 Πτολεμαῒς,
1166 2129 1233 2182 τα
1283 2127 1491 2202 μεγάλα
1546 2132 1652 2182 τῶν
1714 2124 1937 2182 Ἰταλῶν
1971 2123 2150 2197 ἄστεα,
2213 2125 2286 2187 ὡς

639 2219 755 2276 οὐδ’
811 2219 869 2274 ἂν
917 2222 1050 2287 ἦσαν
1085 2217 1415 2292 λογίζονται.
1476 2218 1575 2272 Καὶ
1607 2213 1674 2284 δὴ
1735 2215 2018 2288 Δαμασκὸς
2070 2218 2103 2283 ἡ
2156 2213 2289 2268 καλ-

638 2308 823 2380 λίστη,
871 2309 938 2362 τὰ
986 2308 1117 2361 ποτὶ
1164 2313 1261 2376 τῆς
1313 2303 1617 2378 Ῥωμαίδοέ
1653 2304 1773 2378 ὅρια
1803 2305 1918 2359 καθ’
1951 2303 2110 2376 ἑῴαν,
2144 2305 2289 2379 ἠφά-

636 2420 807 2453 νισται
838 2399 1140 2462 παντελῶς,
1190 2395 1277 2450 καὶ
1312 2393 1456 2456 ὅλως
1487 2392 1634 2462 πλὴν
1683 2399 1790 2447 τῶν
1833 2393 1906 2454 εἷς
1969 2394 2289 2467 Ἀρμενίους

635 2488 939 2543 τελούντων
976 2485 1127 2540 οὐδὲν
1175 2486 1282 2540 ὅτι
1339 2485 1662 2540 συνίσταται.
1721 2485 1780 2540 Ὀ
1833 2481 1890 2538 δὶ
1946 2482 2293 2556 παμπληθὴς

639 2575 858 2631 ἐκείνωῦ
936 2574 1065 2636 λαὸς
1135 2577 1418 2657 πανταχοῦ
1501 2581 1604 2648 γῆς
1679 2569 1939 2649 διεσπάρη
2011 2573 2133 2627 ἀνευ
2183 2580 2290 2629 τῶν

641 2783 749 2839 etis
784 2800 797 2851 ;
835 2797 939 2836 nec
990 2780 1113 2849 jam
1147 2778 1360 2833 virium
1395 2777 1660 2833 conscios
1701 2792 1943 2832 suarum
1977 2793 2104 2832 sese
2138 2781 2294 2833 :ntra

643 2871 980 2928 cancellosl
997 2868 1242 2924 79olim
1276 2868 1420 2923 ﬁxos
1435 2868 1697 2922 tenuisse
1713 2871 1814 2921 aut
1829 2882 2035 2922 secura
2056 2883 2294 2938 posses-

643 2961 807 3017 sione
824 2957 1189 3031 propriorum
1205 2962 1510 3012 contentos
1523 2955 1677 3009 domi
1699 2953 2225 3025 acquievisse,veru
2239 2973 2292 3010 m

643 3065 820 3104 ausos
875 3061 1185 3118 erumpere
1245 3061 1312 3099 ac
1371 3061 1521 3116 saepe
1569 3043 1721 3100 bella
1755 3044 2023 3100 finitimis
2055 3044 2293 3111 inferre,

643 3139 846 3210 sicque
907 3152 1119 3207 magno
1182 3134 1259 3189 rei
1314 3133 1654 3193 Christianas
1683 3134 1895 3188 damno
1932 3134 2147 3188 famam
2182 3135 2295 3190 sibi

642 3243 880 3300 parasse
940 3224 1158 3281 bellicas
1219 3223 1477 3278 virtutis.
1538 3222 1700 3278 Italis
1732 3223 1889 3277 enim
1922 3239 2084 3278 oram
2117 3223 2294 3296 Syria

2397 617 2550 689 νόμῳ
2608 621 2944 692 μαρτυρικῷ,
3000 617 3075 689 μὴ
3123 611 3580 690 καταδεχομένων
3639 617 3736 684 τήν
3793 615 4043 691 ἄρνησιν,

2402 706 2495 761 Καὶ
2527 709 2691 759 ταῦτα
2743 705 2837 777 μὶν
2892 704 3169 760 Αἰθιόπων
3214 705 3275 759 τὸ
3335 705 3714 775 Χριστιανικὸν
3763 703 4044 760 ἀπώναντο

2393 798 2511 855 ταῖς
2569 793 2860 868 ἡμετέραις
2892 788 3178 855 άϐουλίαις
3224 793 3258 862 ἢ
3307 792 3619 855 κακονοίαις
3651 793 3686 862 ἢ
3718 792 4046 866 αὐτονόμοις

2399 881 2595 956 ὁρμαῖς
2645 882 2734 936 καὶ
2797 883 3021 956 ὀρέξεσυ
3083 883 3342 958 Τοχάρων
3405 879 3463 936 δὲ
3520 886 3617 938 τοῦ
3677 882 3906 957 θράσους
3956 882 4047 936 καὶ

2396 969 2472 1024 ἔτι
2527 969 2817 1045 ἀνέχομεν,
2873 971 2936 1025 οὑ
2988 969 3275 1042 δυνάμεσιν
3329 968 3558 1044 οὔμενον
3610 974 3689 1043 [Ρ.
3744 973 3868 1044 120]
3919 972 4047 1045 θαρο

2395 1058 2631 1129 σαλὲαις,
2691 1060 2838 1117 ἀλλὰ
2889 1061 3134 1139 φιλικαῖς
3191 1059 3286 1117 εἶ’τ’
3335 1063 3426 1116 οὖν
3479 1059 3761 1124 δουλικαῖς
3812 1061 4050 1116 ὑπελεὺο

2395 1171 2529 1221 σεσι,
2588 1148 2729 1219 κήδη
2790 1156 3076 1211 ποιοῦντες
3136 1153 3224 1204 καὶ
3283 1148 3726 1228 δωροφοροῦντες
3786 1152 4052 1226 συχνάκις

2393 1238 2458 1292 τὰ
2505 1237 2774 1293 κάλλιστά
2818 1260 2876 1294 τε
2923 1241 3010 1293 καὶ
3068 1240 3317 1314 μέγιστα,
3360 1240 3433 1301 ὡς
3480 1241 3571 1294 καὶ
3605 1237 3852 1314 δεύτερον
3905 1239 4050 1294 ἄλλο

2398 1327 2532 1399 μετὰ
2553 1332 2716 1382 ταῦτα
2764 1328 2852 1382 καὶ
2885 1327 3110 1404 χρόνοις
3146 1329 3388 1402 ὑστέροις
3445 1329 3670 1398 συνέστη
3730 1329 3866 1402 πρὸς
3922 1329 4052 1390 τοὺς

2396 1414 2645 1479 δ’)τικοῦς
2675 1421 2977 1494 Τοχάρους,
3028 1419 3087 1473 ἐκ
3117 1431 3280 1482 ποθεν
3328 1418 3542 1496 ἀφανῶν
3589 1419 3910 1482 ἑπιστάντας
3959 1420 4049 1472 καὶ

2392 1505 2459 1560 τὰ
2514 1506 2663 1580 βόρει
2712 1508 3085 1583 κατασχόντας
3129 1509 3244 1580 μεθ’
3295 1504 3377 1563 ὅτι
3426 1508 3691 1564 πλείστου
3742 1505 4051 1580 δυνάμεως,

2397 1595 2754 1670 συνάλλαγμα
2785 1602 2864 1667 τῷ
2900 1599 3128 1672 ἄρχοντι
3174 1597 3381 1652 τούτων
3444 1605 3619 1672 Νογᾳ,
3655 1595 3903 1658 ἐνδόντος
3954 1600 4052 1650 τοῦ

2401 1683 2666 1759 βασιλέως

2395 1775 2818 1847 γεγεννημένην,
2871 1775 3221 1851 Εὐφροσύνην
3270 1774 3537 1848 τοῦνομα,
3584 1775 3635 1845 ἒξ
3667 1776 3740 1830 ὧν
3774 1770 4056 1829 συνέϐαινε

2401 1863 2534 1934 μετὰ
2565 1861 2750 1938 φιλίας
2782 1862 3015 1926 ἐκείνους
3045 1862 3192 1939 ἔχειν
3235 1863 3267 1918 ἃ
3315 1862 3380 1933 δὴ
3429 1864 4054 1940 προπαλαιπωροῦντες

2396 1949 2630 2023 πολέμῳ
2665 1950 2825 2023 μόλις
2860 1951 2917 2006 ἂν
2948 1951 3207 2008 ἐκτῶντο.

2742 1685 2925 1760 ἒτὲραν
2985 1685 3151 1741 παῖδά
3207 1687 3263 1740 οἱ
3319 1685 3377 1741 ἐκ
3433 1687 3660 1742 σκοτίων
3721 1687 4051 1761 σπερμάτων

2399 2061 2460 2122 ς’.
2495 2065 2680 2120 Ὅπως
2716 2060 2768 2113 αἱ
2797 2065 2945 2132 τρεῖς
2982 2058 3259 2186 βασιλίδῖς
3283 2057 3536 2137 ἀνδράσιν
3569 2060 3928 2134 ἡρμόσθησαν
3961 2061 4053 2114 καὶ

3105 2153 3208 2186 οπο
3240 2154 3341 2186 ozc.

3105 2153 3341 2195 οποιοις.

2473 2223 2567 2291 Τῷ
2629 2221 2722 2292 μὲν
2767 2221 2856 2274 οὗν
2904 2220 3119 2295 βασιλεῖ
3151 2222 3281 2293 μετᾶ
3311 2227 3477 2276 ταῦτα
3525 2220 3820 2298 διέγνωστο
3871 2219 4057 2276 ἀπαλ-

2403 2307 2640 2383 λαγῆναι
2683 2310 2770 2364 καὶ
2814 2314 2923 2364 τῶν
2973 2309 3268 2386 βασιλίδων
3299 2316 3407 2366 τῶν
3440 2312 3526 2365 καὶ
3574 2309 3926 2389 αὑταδὲλφων
3959 2314 4059 2366 τοῦ

2401 2395 2597 2458 παιδὸς
2647 2395 2919 2466 Ἰωάννου,
2965 2395 3240 2454 δοκουσῶν
3292 2394 3437 2472 ἔχειν
3479 2397 3816 2454 καὶτούτων
3847 2399 3910 2453 τὸ
3965 2393 4062 2469 με·

2406 2507 2498 2561 ρος
2555 2485 2834 2560 βασιλείας
2881 2485 3088 2562 κλῆρον
3149 2488 3255 2542 ἀπὸ
3310 2487 3538 2563 πατρός.
3597 2486 3696 2542 Καὶ
3756 2484 3846 2542 διὰ
3893 2491 4060 2541 τοῦτο

2411 2575 2545 2651 βαθύ
2594 2597 2645 2630 τι
2697 2581 2914 2630 σκοπῶν
2949 2575 3150 2640 ἐκεῖνος
3177 2579 3483 2650 Ῥωμαίους
3539 2576 3725 2640 αὑταῖς
3751 2576 3812 2632 οὑ
3864 2578 4064 2652 συνήρ-

2404 2778 2552 2833 bello
2607 2779 2938 2834 ceciderunt
2995 2785 3096 2835 aut
3144 2779 3469 2852 tyrannicis
3530 2779 3843 2836 tormentis
3906 2778 4061 2834 I80

2403 2867 2747 2925 Christianae
2807 2886 2986 2924 causa
3040 2869 3197 2935 fidei,
3231 2869 3385 2940 quod
3411 2884 3539 2924 eam
3573 2870 3862 2938 abnegare
3891 2868 4058 2939 jussi

2405 2963 2714 3012 renuerent
2774 2957 3108 3028 consumpti
3168 2963 3327 3014 sunt.
3379 2963 3465 3014 En
3525 2958 3666 3030 quid
3714 2956 4062 3013 Christiana

2405 3046 2736 3117 respublica
2796 3046 3104 3117 profecerit
3160 3063 3229 3102 ex
3285 3048 3473 3103 auctis
3521 3048 3856 3118 Ethiopum
3913 3046 4058 3101 viri-

2405 3135 2515 3190 bus
2547 3135 2942 3204 imprudentia
2956 3135 3253 3208 vclpotius
3277 3136 3502 3191 malitia
3526 3135 4064 3203 nostra,consiliis-

2403 3241 2517 3296 que
2550 3225 2882 3280 ambitiosis
2913 3230 2968 3281 et
2993 3225 3230 3296 privatis
3264 3227 3710 3281 utilitatesbene
3735 3229 4061 3296 quantovis

646 3317 1006 3373 maritimum
1039 3316 1371 3370 universam
1400 3313 1827 3381 obtinentibus,
1861 3313 2286 3383 imperantibus
2319 3322 2362 3387 C
2402 3319 2628 3385 emptas
2659 3314 2968 3386 dispendio
3001 3314 3297 3370 arbitratis
3325 3313 3786 3386 cupiditatibus!
3825 3313 4062 3370 Tocha-

647 3409 826 3464 etiam
863 3405 1170 3460 Phoeniciis
1202 3410 1259 3458 et
1305 3403 1416 3473 ipsi
1451 3403 1688 3458 urbium
1722 3402 1860 3456 olim
1897 3402 2146 3474 principi
2178 3407 2300 3458 An-

648 3496 877 3551 tiochiae
939 3493 1404 3562 dominantibus,
1456 3498 1513 3547 et
1545 3491 1772 3546 eductis
1803 3489 1938 3545 inde
1971 3491 2182 3547 validis
2205 3509 2298 3547 co-

646 3586 758 3658 piis
778 3600 1055 3656 prospere
1077 3581 1329 3637 subinde
1351 3585 1572 3636 certare
1605 3579 1794 3636 solitis
1821 3580 1892 3634 de
1927 3581 2298 3650 possessione

646 3675 909 3730 locorum
943 3671 1262 3727 Palaestinis
1297 3668 1886 3740 antiquasanctitatis
1913 3669 2067 3724 fama
2089 3670 2295 3724 merito

647 3766 1029 3838 inclytorum,
1057 3762 1213 3833 quod
1250 3763 1305 3816 in
1337 3761 1407 3815 iis
1439 3764 1726 3825 versatus,
1789 3777 2001 3830 passus
2033 3764 2089 3816 et
2147 3760 2297 3816 mira

649 3866 923 3926 Operatus
986 3851 1154 3906 fuerit
1207 3850 1361 3904 Deus
1397 3849 1582 3903 factus
1611 3848 1805 3916 homo,
1838 3849 1940 3915 illi,
1976 3850 2046 3902 de
2079 3850 2296 3919 quibus

648 3945 904 4016 agimus,
936 3940 1232 4011 ZEthiopes
1282 3937 1412 3994 freti
1469 3938 1820 3994 exercitibus
1878 3953 1944 3992 ex
1966 3939 2292 4008 juventute,

650 4041 712 4089 ut
744 4033 1022 4099 diximus,
1055 4029 1328 4102 Scythica
1358 4026 1644 4096 conﬂatis,
1681 4033 2056 4097 erumpentes
2087 4043 2117 4081 e
2167 4027 2294 4081 suis

645 4121 885 4178 latebris
920 4122 1062 4174 istas
1095 4117 1362 4189 regiones
1392 4115 1697 4170 universas
1739 4113 2183 4170 latrociniorum
2238 4118 2294 4169 et

643 4212 963 4282 pradatum
988 4222 1263 4277 campum
1294 4204 1646 4271 habuerunt,
1686 4205 1937 4258 ferentes
1971 4203 2087 4259 illic
2111 4219 2290 4275 agen-

638 4307 844 4372 tesque
901 4303 1133 4367 ouncta,
1194 4301 1249 4351 et
1296 4301 1576 4365 tanquam
1610 4294 1681 4349 de
1732 4294 1928 4366 Mysis,
1959 4296 2113 4366 quod
2175 4294 2290 4351 dici

637 4388 806 4461 solet,
841 4388 1082 4459 impune
1141 4383 1331 4456 spolia
1392 4387 1713 4454 reptantes,
1764 4383 1944 4439 donec
2002 4384 2288 4454 paulatim

636 4477 828 4548 (Italis
861 4474 1319 4530 abhorrentibus
1353 4490 1385 4526 a
1405 4472 1616 4526 findere
1635 4488 1767 4526 cum
1795 4473 1938 4542 ipsis
1962 4471 2170 4527 icendo
2196 4479 2288 4526 ut-

635 4573 764 4640 pote
823 4564 1164 4621 venerandzn
1221 4560 1410 4618 crucis
1445 4560 1772 4618 notissimis
1800 4566 1857 4616 et
1887 4560 2289 4633 implacabili-

633 4663 741 4715 bus
767 4651 1876 4726 hostibus),quoad,inquam,paulatim
1913 4658 2045 4723 post
2066 4653 2279 4723 ejectos
2311 4677 2357 4740 Β

629 4747 991 4804 Christianos
1041 4760 1071 4799 e
1107 4741 1379 4798 maximis
1440 4740 1687 4796 urbibus
1738 4740 1894 4811 ipsas
1928 4741 2051 4797 solo
2084 4758 2276 4813 aequa-

628 4842 784 4893 runt.
822 4837 887 4891 Et
910 4850 1068 4890 nunc
1093 4833 1252 4902 jacet
1272 4831 1506 4902 quidem
1536 4829 1788 4884 illustris
1816 4830 1916 4885 illa
1942 4831 2271 4899 Antiochia,

616 4928 777 4998 jacet
834 4929 890 4980 et
920 4931 1198 4995 Apamea.
1238 4925 1543 4975 Destructa
1575 4924 1662 4973 est
1697 4921 1884 4991 Tyrus
1916 4924 1972 4974 et
2005 4924 2267 4992 Berytus.

621 5016 799 5073 Sidon
862 5029 1093 5085 quoque
1129 5010 1345 5066 similia
1379 5010 1615 5080 patitur.
1654 5008 1782 5064 Alia
1815 5026 1882 5064 ex
1914 5015 2080 5080 parte
2114 5011 2272 5081 luget

621 5107 920 5162 Laodicea.
971 5101 1220 5173 Tripolis
1261 5107 1317 5154 et
1358 5098 1692 5165 Ptolemais,
1733 5116 1955 5170 magna
1989 5099 2267 5155 Italorum

622 5197 891 5261 urbes,ac
915 5193 1282 5263 sinunquam
1307 5189 1580 5255 fuissent,
1611 5188 2266 5259 reputanturPulcher-

620 5287 769 5340 rima
815 5285 988 5340 etiam
1025 5283 1366 5346 Damascus,
1402 5284 1690 5333 terminus
1723 5277 1859 5331 olim
1894 5282 2157 5333 Romanis
2193 5279 2264 5334 ad

613 5373 967 5432 Orientalem
1002 5368 1542 5436 ditionis,funditus
1573 5383 1772 5423 eversa
1796 5373 1902 5422 est.
1927 5369 1990 5422 Et
2025 5369 2264 5424 omnino

613 5472 824 5538 prater
854 5461 1167 5533 vectigales
1198 5458 1494 5514 Armeniis
1533 5457 1804 5529 regiones
1837 5456 1983 5510 nihil
2017 5457 2096 5511 ibi
2125 5462 2264 5514 sub-

609 5557 785 5611 sistit.
822 5551 1320 5608 Numerosissima
1347 5564 1479 5602 vero
1515 5545 1844 5620 provincias
1878 5546 2005 5602 illas
2033 5547 2262 5619 opimas

606 5645 989 5702 incolentium
1038 5639 1358 5696 multitudo
1408 5654 1511 5709 per
1538 5653 1743 5693 omnes
1776 5636 2046 5708 dispersa
2081 5647 2260 5696 terras

603 5737 660 5793 in
719 5734 1051 5790 miserrimo
1104 5728 1290 5802 gemit
1337 5727 1561 5795 exsilio,
1616 5731 1828 5799 praeter
1874 5742 1974 5782 eos
2025 5728 2122 5800 qui
2159 5733 2261 5785 aut

2405 3420 2597 3458 rerum
2654 3420 2786 3458 vero
2859 3405 2917 3458 in
2974 3404 3169 3459 clades
3231 3403 3701 3460 Christianorum
3772 3404 4059 3458 ferociam

2405 3493 2595 3548 adhuc
2629 3494 2866 3564 quidem
2901 3497 3201 3564 utcunque
3232 3510 3570 3549 coercemus
3595 3509 3711 3548 non
3745 3508 4056 3548 armorum

2401 3582 2603 3654 utique
2627 3589 2782 3638 metu
2813 3587 2916 3638 aut
2947 3583 3170 3637 viribus
3205 3584 3441 3650 nostris,
3474 3582 3691 3654 quibus
3722 3598 3908 3653 quam
3945 3598 4059 3653 pa-

2402 3689 2531 3725 rum
2570 3672 2823 3727 fidamus
2858 3673 2966 3744 ipsi
2996 3676 3232 3740 norunt,
3266 3672 3364 3726 sed
3391 3671 3651 3744 precario
3679 3670 4060 3726 emendicata

2401 3760 2586 3830 gratia
2625 3759 2889 3828 illorum,
2920 3762 3062 3827 sive.
3096 3766 3160 3816 ut
3191 3777 3323 3817 vero
3356 3759 3637 3816 vocabulo
3691 3777 3814 3816 rem
3870 3765 3940 3816 ut
3972 3763 4063 3815 est

2400 3850 2801 3920 exprimamus
2826 3850 3134 3906 servilibus
3165 3849 3892 3922 obsequiis,at‘iinitatibus
3927 3849 4060 3904 illos

2403 3939 2841 4006 bonorantes,et
2871 3940 3125 3995 ditantes
3150 3939 3320 3994 donis
3341 3938 3690 3995 creberrime
3710 3937 4057 4005 missitatis,

2399 4045 2577 4100 quam
2623 4029 2679 4083 in
2732 4045 2854 4082 rem
2904 4029 3127 4100 optima
3155 4032 3212 4083 et
3245 4027 3674 4100 pretiosissima
3707 4036 4049 4083 nostrorum

2399 4117 2950 4190 impondimus.Huc
2983 4117 3237 4189 pertinet
3269 4117 3424 4188 quod
3447 4116 3745 4188 aliquanto
3769 4121 3908 4188 post
3928 4117 4051 4173 hac

2399 4211 2663 4276 tempora
2696 4206 2881 4262 fcsdus
2913 4205 3083 4262 inivit
3113 4207 3436 4278 imperator
3466 4221 3598 4261 cum
3624 4205 3911 4260 Tocharis
3941 4205 4050 4261 Oc-

2397 4297 2604 4361 ciduis,
2667 4313 2735 4352 ex
2763 4297 2924 4368 prius
2957 4295 3171 4367 ignotis
3207 4297 3448 4366 prodere
3480 4310 3544 4351 se
3592 4310 3657 4351 ac
3692 4295 3958 4367 proferre
3991 4296 4053 4350 in

2394 4387 2587 4442 lucem
2632 4385 3074 4456 incipientibus,
3106 4390 3164 4441 et
3221 4401 3351 4456 quae
3382 4383 3597 4441 nostris
3631 4384 3853 4439 ﬁnibus
3885 4401 3919 4440 a
3947 4387 4050 4440 Se-

2396 4476 2722 4548 ptentrione
2745 4475 3017 4544 objacent
3049 4475 3099 4528 vi
3128 4475 3383 4530 maxima
3413 4473 4052 4545 occupantibus.0uo-

2396 4583 2524 4620 rum
2561 4564 2806 4636 principi
2841 4569 3004 4636 Nega
3034 4563 3188 4620 dicto
3221 4563 3539 4636 imperator
3568 4561 3742 4618 aliam
3781 4578 3950 4617 suam
3980 4562 4053 4616 fi-

2396 4655 2555 4724 liam,
2605 4659 2661 4709 et
2690 4655 2876 4724 ipsam
2927 4671 2994 4709 ex
3028 4652 3231 4724 pellice
3263 4654 3545 4725 genitam,
3577 4652 3737 4707 dedit
3773 4667 4046 4717 uxorem,

2390 4743 2829 4815 Euphrosynem
2883 4743 3139 4798 nomine.
3205 4741 3365 4799 Unde
3415 4741 3661 4813 contigit
3690 4740 3853 4813 ipsos
3888 4739 4049 4795 ultro

2379 4851 2411 4887 a
2445 4833 2612 4888 nobis
2672 4832 2941 4888 amicitiis
2999 4831 3235 4887 nomine
3280 4831 3609 4886 condonata
3645 4830 3876 4885 auferre
3910 4845 4044 4900 quas

2383 4923 2621 4993 ancipiti
2647 4927 2702 4976 et
2725 4921 3017 4978 laborioso
3043 4921 3193 4976 bello
3211 4921 3303 4975 vix
3318 4935 3581 4992 unquam
3612 4919 3916 4991 acquirere
3938 4934 4052 4991 po-

2383 5011 2663 5066 tuiSsent.

2377 5157 2428 5209 6.
2494 5157 2556 5212 Ut
2589 5161 2696 5210 tres
2753 5154 2965 5224 reginae
3022 5154 3247 5211 tradite
3276 5155 3430 5222 viris,
3482 5157 3531 5209 et
3563 5155 3761 5226 quibus
3789 5152 4038 5222 fuerint.

2452 5280 2583 5335 Post
2609 5281 2730 5335 haec
2789 5280 3043 5335 decrevit
3101 5280 3384 5350 imperato
3444 5294 3716 5334 amovere
3752 5296 3783 5333 a
3825 5295 3887 5334 se
3921 5285 4052 5337 tres

2378 5371 2611 5441 reginas
2637 5371 2799 5441 pueri
2824 5369 3069 5425 Joannis
3084 5385 3312 5426 sorores
3328 5383 3663 5440 germanas,
3689 5384 3820 5442 quis
3844 5369 4043 5426 videri

2377 5466 2644 5532 poterant
2678 5466 2898 5529 partem
2932 5459 3190 5531 aliquam
3213 5459 3372 5530 juris
3406 5458 3475 5512 ad
3512 5457 3827 5530 imperium
3865 5475 3897 5512 a
3930 5475 4053 5530 pa-

2373 5554 2458 5604 tre
2516 5550 2768 5605 trabere.
2804 5551 2992 5613 Quare
3041 5549 3375 5621 cavendum
3417 5548 3594 5603 etiam
3629 5555 3809 5620 atque
3841 5548 4035 5606 etiam

2373 5639 2597 5711 putavit
2655 5656 2725 5695 ne
2759 5640 2831 5695 iis
2865 5639 3113 5695 Romani
3147 5639 3430 5710 conjuges
3461 5638 3766 5702 darentur,
3806 5655 3879 5694 ne
3911 5655 4043 5710 qua

2372 5731 2508 5786 inde
2531 5729 2808 5801 cuiquam
2837 5727 3032 5786 otferri
3056 5745 3255 5785 rerum
3278 5743 3562 5784 novarum
3589 5725 4046 5790 moliendarum
