4246 6446
199 418 300 472 621

1264 419 1361 475 DB
1398 417 1771 473 MICHAELB
1807 413 2234 472 PALBOLOGO
2270 415 2404 470 LIB.
2439 417 2539 470 III.

3500 410 3612 463 622

206 562 394 613 μοττε.
425 542 536 610 Τὴν
569 541 663 614 μὶν
694 542 796 617 γὰρ
827 546 905 614 τῷ
934 540 1041 596 ἀπὸ
1074 545 1171 595 τοῦ
1220 542 1438 618 Μορέου
1489 541 1695 617 εὐγενεῖ
1741 546 1849 594 Λα·
1881 540 1938 609 Α
1968 537 2137 601 λικῶς
2187 538 2356 593 πάντα
2411 556 2615 610 τροπον
2675 534 2866 609 ἐπείρα
2920 540 3021 603 τῆς
3070 533 3423 611 σωφροσύνης
3452 554 3609 608 περι-

200 630 332 703 τίνῳ
360 627 526 702 Μαΐῳ
559 624 967 705 Διϐελικούρτῳ
998 626 1284 704 λεγομένῳ
1314 638 1544 705 συνῆγεν
1576 629 1652 691 είς
1687 628 1855 703 λέχος

202 718 443 773 ἐντεῦθεν
505 717 1029 789 ἐνδημήσαντι,τήν
1085 716 1141 773 δὲ
1192 717 1441 792 δευτέραν
1494 718 1706 789 Λατίνῳ
1761 737 1855 789 με·

200 813 438 881 γιστᾶνι,
497 808 557 861 ὃν
611 804 671 860 ἂν
729 806 920 861 ἐκεῖνοι
975 812 1125 885 φαῖεν
1202 807 1555 879 σεμνύνοντες
1641 800 1854 871 κὸντον,

204 893 382 969 ὄνομα
441 893 783 969 Βιντιμίλια,
838 896 944 950 ἀπὸ
1002 894 1260 958 Γεννούας
1318 895 1440 950 τότε
1497 891 1855 966 προσελθόντι

204 985 341 1039 κατὰ
369 987 563 1061 φήμην
607 989 688 1057 τῷ
742 983 977 1059 βασιλεῖ,
1012 983 1090 1046 εἷς
1140 986 1316 1059 γάμον
1378 981 1566 1043 ἐκδοὺς
1609 982 1697 1036 καὶ
1750 979 1855 1035 δώ-

206 1094 324 1147 ροις
366 1074 435 1128 τά
487 1072 669 1128 εἰκότα
715 1072 1266 1151 φιλοφρονησάμενος
1296 1073 1614 1145 ἀποπέμπει
1665 1070 1858 1143 σύναμ’

205 1163 383 1236 ἐκείνῃ
413 1162 654 1237 συζύγῳ,
686 1164 785 1231 τὴν
821 1160 877 1217 δὲ
904 1162 1091 1237 τρίτην
1126 1161 1430 1236 Βουλγάρῳ
1478 1166 1559 1233 τῷ
1609 1168 1858 1237 Σφεντισ-

202 1246 396 1323 θλάϐῳ
447 1254 583 1307 κατὰ
630 1251 840 1308 Μυσίαν
891 1256 1000 1305 τῶν
1051 1252 1187 1305 κατᾶ
1242 1252 1332 1304 τὸν
1391 1253 1566 1322 Αἷμον
1632 1248 1856 1323 ὀρεινῶν

201 1339 433 1415 ἄρχοντι
494 1338 707 1396 δίδωσι.
746 1339 849 1395 Καὶ
912 1338 1084 1400 οὕτως
1136 1338 1351 1394 ἐκείνων
1402 1337 1735 1413 ἀπαλλαγεὶς
1767 1336 1859 1391 καὶ

202 1434 315 1484 τῶν
346 1426 647 1506 φροντίδων
674 1433 784 1483 τῶν
816 1428 902 1483 ἐπὶ
959 1428 1179 1490 ταύταις
1231 1427 1415 1504 ῥαΐσας
1471 1428 1676 1499 ἒτέραις
1720 1426 1857 1499 πρά-

200 1520 339 1589 ξεσιν
374 1511 756 1574 ἐπιϐάλλεται.

347 1660 387 1729 ζ’
396 1704 410 1717 .
441 1659 517 1714 Τὰ
543 1660 680 1714 κατὰ
707 1660 806 1727 τὴν
841 1656 1123 1714 δέσποιναν
1155 1657 1459 1728 Ἀλαμάναν
1496 1658 1712 1712 Ἀνναν.

275 1787 363 1855 [Ρ.
428 1785 553 1855 121]
610 1782 807 1846 Φθάνει
871 1782 965 1855 μὶν
1047 1780 1136 1835 οὖν
1206 1785 1285 1853 τῷ
1356 1782 1493 1857 πρὸς
1546 1780 1857 1853 Ἀλαμάναν

202 1878 429 1940 νΑνναν,
463 1873 525 1939 ἣν
587 1875 938 1925 συνοικοῦσαν
991 1872 1073 1925 ἐπ’
1106 1870 1288 1945 ὀλίγον
1322 1871 1464 1945 εἶχεν
1514 1872 1541 1924 ὁ
1590 1875 1684 1924 τοῦ
1748 1873 1857 1925 Λά-
1888 1897 1935 1964 Β

205 1980 365 2034 σκαρι
411 1960 595 2035 πατὴρ
647 1959 903 2029 Ἰωάννης
948 1959 1000 2014 ἐν
1054 1958 1268 2034 ἐσχάτῳ
1313 1962 1479 2033 γήρᾳ,
1513 1956 1853 2035 Φρεδερίχου

198 2054 300 2104 τοῦ
351 2056 454 2119 τῆς
516 2047 771 2112 Σικελίας
824 2052 1093 2123 ἄρχοντος
1154 2045 1343 2118 παῖδα,
1403 2053 1499 2102 τοῦ
1570 2048 1758 2122 Μαφρὶ
1812 2046 1858 2102 δ’

201 2136 472 2216 ἀδελφὴν,
505 2142 565 2207 ἣν
624 2135 689 2207 δὴ
735 2138 824 2192 καὶ
888 2136 948 2192 ἐκ
996 2132 1283 2212 πρεσϐείας
1313 2136 1576 2201 ἐλθοῦσαν
1636 2140 1857 2192 ταινιώ-

210 2249 306 2289 σας
341 2230 368 2282 ὁ
394 2225 668 2297 δηλωθεὶς
702 2225 955 2301 βασιλεὺς
986 2226 1243 2296 Ἰωάννης
1291 2224 1599 2302 Αύγούσταν
1647 2224 1858 2290 δεικνὺς

210 2316 457 2371 σύνοικον
512 2317 628 2391 εἶχε
674 2316 766 2371 καὶ
817 2312 1052 2391 ἔστεργε,
1083 2349 1150 2358 —
1193 2320 1272 2388 τῷ
1320 2320 1450 2389 γοῦν
1502 2316 1638 2390 πρὸς
1690 2316 1855 2385 αὐτὴν

209 2402 374 2481 ἔρωτι
408 2407 437 2461 ὁ
473 2404 729 2482 βασιλεὺς
779 2404 1017 2479 Μιχαὴλ
1066 2404 1233 2466 ἁλοὺς
1281 2403 1333 2459 ἐν
1374 2402 1610 2482 ἀσφαλεῖ
1642 2405 1738 2478 μὶν
1787 2407 1858 2461 εἶ-

208 2514 305 2569 χεν
334 2493 415 2571 ἐφ’
450 2493 495 2566 ᾧ
544 2495 693 2568 τάχα
752 2494 828 2567 μὴ
882 2490 1180 2569 ἀποδρᾶναι
1224 2493 1363 2570 πρὸς
1415 2492 1541 2555 τοὺς
1597 2492 1860 2569 οἰκείους,

205 2582 363 2656 ὅμως
422 2580 470 2637 δ’
532 2584 713 2657 ἐκείνῃ
784 2587 1034 2657 προνοῶν
1116 2587 1224 2637 τῶν
1298 2579 1620 2652 ἐπιτηδείων
1707 2585 1859 2657 βασι-

200 2783 400 2854 posset
429 2779 658 2837 occasio
689 2784 746 2837 et
774 2780 911 2837 oriri
939 2780 1301 2853 perturbatio
1332 2780 1447 2836 sibi
1496 2780 1853 2854 familiaque

197 2887 352 2926 sum
372 2870 724 2943 periculosa.
744 2871 927 2943 Igitur
940 2888 1116 2926 unam
1135 2872 1369 2943 quidem
1385 2871 1650 2943 ipsarum
1667 2870 1850 2927 nobili

199 2961 408 3016 Latino
442 2961 591 3017 Maio
622 2962 693 3017 de
726 2960 1031 3017 Bellicurto
1063 2960 1207 3016 181
1257 2966 1618 3033 nuncupata,
1652 2960 1751 3032 qui
1783 2976 1851 3017 ex

200 3048 420 3115 Moreo,
454 3049 612 3105 unde
639 3054 803 3105 ortus
833 3053 979 3115 erat,
1005 3049 1571 3121 Constantinopolim
1600 3050 1852 3106 advene-

197 3142 309 3204 rat,
339 3138 720 3194 matrimonio
776 3139 1122 3209 conjunxit;
1157 3137 1401 3193 alteram
1455 3138 1660 3194 Latino
1714 3139 1854 3194 item

199 3227 539 3299 megistani,
564 3243 738 3299 quem
764 3228 855 3282 sui
881 3227 1308 3299 perbonorifico
1332 3227 1485 3297 apud
1508 3226 1668 3298 ipsos
1687 3243 1854 3282 voca-

198 3313 342 3370 bulo
372 3320 607 3370 contum
652 3314 1047 3386 appellabant,
1082 3315 1320 3371 nomine
1370 3314 1720 3379 Vintimilia,
1754 3316 1856 3386 qui

1961 627 2223 701 γενέσθαι.
2277 627 2365 689 Ὡς
2422 623 2469 679 δ’
2529 623 2627 679 οὐκ
2674 622 2853 687 ἔπειθε
2929 621 3118 678 πολλὰ
3193 624 3444 696 πράττων
3522 624 3609 676 καὶ

1964 712 2303 788 δεξιούμενος
2362 712 2528 786 (μηδέ
2605 715 2707 789 γάρ
2787 713 2845 767 ἂν
2910 713 3078 767 καλὸν
3140 712 3271 767 εἶναι
3332 712 3365 779 ἢ
3422 710 3612 785 εὐπρε-

1963 804 2058 866 πὲς
2149 800 2415 879 βασιλέως
2490 802 2791 857 ἀκούσασαν
2877 799 3125 874 δάμαρτα
3173 820 3184 832 ·
3249 800 3391 855 οὕτω
3457 800 3611 874 μεγί-

1963 914 2091 949 στου
2163 892 2251 947 καὶ
2333 886 2567 968 φοϐεροῦ
2644 890 2693 945 ἐν
2760 890 2962 963 ὑστέρῳ
3018 891 3079 944 τὸ
3138 888 3303 963 λέχος
3358 888 3611 963 αἴσχῦναι

1961 982 2050 1036 καὶ
2107 986 2186 1053 τῷ
2242 977 2447 1052 δούλῳ,
2501 980 2545 1034 εἷ
2607 980 2694 1033 καὶ
2760 977 3042 1051 βασιλεύοι
3099 981 3213 1044 νῦν,
3270 975 3608 1031 παλλακεύε-

1963 1072 2084 1125 σθαι
2159 1069 2419 1144 μεγίστην
2497 1067 2655 1123 οὖσαν
2742 1067 2801 1122 ἐκ
2890 1067 3202 1141 μεγίστων),
3262 1064 3427 1120 ἄλλον
3494 1066 3612 1119 τινὰ

1961 1158 2162 1234 τρόπον
2233 1156 2372 1233 ἔγνω
2444 1156 2752 1232 θεραπεύειν
2825 1157 2915 1209 τὸν
2966 1159 3325 1227 τυραννοῦντα
3387 1154 3608 1225 μανικὸν

1962 1248 2157 1323 ἔρωτα.
2191 1247 2292 1305 Καὶ
2342 1245 2408 1315 δὴ
2465 1246 2601 1319 αὐτῇ
2662 1246 2754 1318 μὲν
2818 1243 3085 1319 ὑπέσχετο
3139 1244 3310 1313 ἑαυτῷ
3369 1242 3613 1297 συνοικί-

1967 1342 2071 1407 ζειν
2118 1336 2194 1398 είς
2238 1336 2411 1410 γάμον
2466 1333 2662 1411 ἀφέντα
2704 1334 2803 1400 τήν
2856 1335 3067 1401 ἑαυτοῦ,
3100 1331 3246 1399 πλὴν
3296 1330 3380 1385 ἐπὶ
3416 1329 3612 1385 δοκού-

1966 1447 2081 1488 σαις
2139 1424 2390 1500 εὐλόγοις
2449 1426 2803 1501 προφάσεσιν,
2865 1422 2926 1483 ’ὰς
2984 1421 3075 1475 καὶ
3153 1418 3466 1496 προύτεινεν
3526 1420 3613 1474 ἐπὶ

1964 1514 2213 1581 πολλῶν,
2246 1512 2423 1582 καλήν
2475 1514 2571 1585 μὲν
2629 1514 2763 1566 εἶναι
2811 1512 2910 1579 τὴν
2966 1508 3253 1582 Θεοόὠραν
3287 1508 3452 1581 (οὕτω
3509 1511 3611 1584 γάρ

1966 1604 2280 1677 ὠνομάζετο
2309 1605 2344 1672 ἡ
2378 1601 2691 1678 Αύγούστα)
2720 1601 2809 1655 καὶ
2860 1600 3047 1674 γένους
3080 1598 3228 1669 ἀξίου
3268 1598 3463 1652 τούτου
3513 1600 3610 1672 βα-

1967 1692 2205 1762 σιλὶιοῦ,
2258 1693 2347 1746 καὶ
2413 1688 2583 1763 μηδὲν
2643 1686 2789 1764 ἔχεις
2856 1688 3196 1743 ἐπαιτιᾶσθαι
3244 1690 3277 1756 ἢ
3332 1688 3519 1761 γένους
3576 1687 3610 1756 ἢ

1967 1781 2321 1858 σωφροσύνης
2377 1779 2597 1856 τρόπων
2656 1772 3154 1853 παραϐεϐασμένων
3186 1777 3220 1845 ἢ
3252 1780 3349 1829 τοῦ
3405 1776 3480 1847 μὴ
3524 1775 3612 1852 φί-

1968 1868 2203 1944 λανδρον
2271 1870 2402 1923 εἶναι
2472 1867 2562 1922 καί
2621 1868 2673 1922 οἳ
2727 1866 2874 1937 ἀξίαν
2952 1860 3395 1937 συμϐασιλεύειν.
3449 1862 3611 1918 Ἀλλ’

1966 1961 2250 2035 ἀναγκαῖον
2311 1958 2445 2013 εἶναι
2520 1958 2738 2018 πάντως
2815 1954 3274 2031 εύφυλακτότερον
3329 1953 3416 2007 καὶ
3475 1954 3609 2025 πρὸς

1964 2051 2090 2114 τοὺς
2137 2048 2367 2124 ἐχθροὺς
2414 2043 2561 2121 ἔχειν
2608 2047 2695 2102 ἐπὶ
2734 2049 2833 2114 τῆς
2862 2044 3074 2107 πόλεως
3110 2042 3287 2111 ὄντας,
3320 2045 3385 2112 ἧς
3444 2041 3607 2104 πολις

1970 2140 2061 2213 μὶν
2114 2140 2142 2195 ὁ
2193 2136 2361 2207 ζῆλος
2412 2138 2708 2211 ἀναγκαῖος
2768 2133 2813 2189 δ’
2864 2136 2891 2189 ὁ
2943 2132 3215 2204 κίνδυνος,
3247 2131 3345 2186 οὐκ
3401 2130 3609 2204 ὀλίγων

1966 2229 2270 2307 ἐπεισφρεῖν
2322 2226 2588 2302 ἐχόντων,
2620 2225 2710 2280 καὶ
2758 2224 2907 2279 ταῦτ’
2937 2221 3164 2278 Ἰταλῶν
3212 2226 3318 2275 τῶν
3368 2219 3609 2297 ἐχόντων

1965 2318 2253 2393 πρότερον,
2310 2312 2817 2390 παρακεκνισμένων
2871 2312 2961 2368 καὶ
3020 2309 3209 2375 ἄλλως
3283 2310 3359 2374 εἷς
3423 2317 3610 2382 μῆνιν,

1966 2408 2049 2464 ὅτι
2108 2405 2327 2485 ἔχοντες
2401 2403 2770 2482 ἀφῃρέθησαν.
2833 2401 2935 2460 Καὶ
2993 2405 3085 2472 νῖξν
3152 2400 3612 2485 παρακινηοέντας

1968 2495 2165 2552 στόλον
2233 2493 2521 2551 ἀκούεσθαι
2598 2487 2831 2569 φοϐερὸν
2904 2488 3268 2565 ἐξαρτύεσθαι,
3327 2486 3521 2550 αὐτοὺς
3568 2484 3614 2542 δ’

1967 2586 2233 2642 ἀντωπεῖν
2313 2584 2513 2659 ὁρμαῖς
2588 2580 2866 2643 τοιαύταις
2946 2580 3023 2653 μὴ
3084 2575 3232 2653 ἔχειν
3267 2599 3279 2612 ·
3333 2574 3456 2633 οὔτε
3507 2577 3613 2652 γὰρ

1959 2799 2083 2839 sam
2117 2782 2402 2838 hactenus
2433 2779 2652 2836 famam
2680 2782 2997 2844 transacta,
3026 2776 3261 2832 viduam
3287 2775 3524 2831 maximi
3557 2779 3616 2832 et

1962 2870 2356 2943 potentissimi
2382 2870 2535 2926 182
2557 2866 2949 2940 imperatoris,
2969 2865 3372 2923 contaminare
3397 2867 3612 2921 lectum

1962 2964 2091 3035 ejus
2121 2966 2178 3017 et
2206 2958 2515 3034 augustale
2546 2961 2727 3015 decus
2750 2974 2883 3014 cum
2907 2956 3126 3013 illustri
3156 2955 3441 3011 memoria
3460 2954 3615 3010 tanti

1969 3051 2239 3123 conjugis
2257 3049 2580 3106 foedissimo
2598 3046 2870 3120 pellicatu
2892 3044 3224 3119 proﬂigare,
3250 3044 3616 3116 subjiciendo

1963 3154 2092 3194 sese
2122 3136 2276 3208 turpi
2309 3134 2539 3191 libidini
2574 3133 2727 3190 servi
2756 3132 2895 3189 olim
2946 3133 3075 3205 ejus
3115 3147 3183 3189 ac
3212 3131 3456 3198 subditi,
3486 3130 3622 3187 licet

1963 3225 2137 3282 hodie
2167 3225 2240 3280 ad
2275 3224 2589 3297 imperium
2609 3222 2812 3277 evecti.
2835 3221 3016 3293 Cujus
3037 3219 3443 3277 honestissimi
3464 3225 3624 3277 certa

1965 3314 2268 3388 proposita
2290 3329 2424 3370 cum
2446 3316 2645 3368 tamen
2671 3310 2993 3383 prudenter
3012 3315 3313 3367 vereretur
3333 3325 3617 3382 quorsum

196 3406 343 3459 tunc
376 3404 591 3459 famam
623 3408 860 3459 secutus
890 3420 959 3460 ex
988 3404 1131 3459 urbe
1161 3404 1360 3460 Genua
1381 3405 1451 3460 ad
1487 3402 1854 3476 imperatoris
1886 3430 1929 3498 ο
1970 3419 2137 3460 amor
2160 3402 2454 3475 impotens
2484 3401 2778 3474 desperati
2803 3415 3113 3456 successus
3143 3398 3313 3455 furiis
3340 3396 3619 3455 incensus

194 3492 545 3548 comitatum
572 3497 915 3561 accesserat,
951 3507 1191 3548 uxorem
1220 3492 1402 3562 dedit,
1435 3497 1493 3547 et
1522 3493 1695 3548 donis
1720 3508 1853 3548 eum

198 3580 537 3653 magnificis
563 3580 913 3637 honoratum
939 3580 997 3636 in
1023 3582 1270 3653 patriam
1298 3598 1430 3636 cum
1457 3598 1605 3636 nova
1627 3580 1858 3637 remisit

198 3671 477 3742 conjuge.
494 3671 749 3725 Tertiam
774 3669 1338 3743 collocavitBulgaro
1357 3669 1855 3742 Sphentistblabo,

199 3764 497 3816 montanae
528 3758 685 3815 circa
710 3763 976 3815 Haemum
1006 3758 1339 3831 regionisin
1370 3758 1552 3831 Mysia
1582 3758 1854 3831 principi.

197 3849 416 3921 Sicque
447 3848 539 3904 his
568 3848 927 3919 imperatorii
981 3849 1214 3920 generis
1271 3847 1616 3904 mulieribus
1657 3847 1859 3921 procul

201 3938 565 4008 amendatis,
608 3935 839 3994 solutus
871 3953 940 3993 ea
971 3941 1135 4010 parte
1158 3953 1455 4004 curarum,
1498 3936 1631 3994 aliis
1654 3953 1758 4010 pro
1773 3954 1861 3994 ar-

203 4026 385 4083 bitrio
417 4026 692 4099 gerendis
715 4027 841 4099 jam
875 4027 1233 4083 securiorem
1255 4025 1541 4099 applicuit
1568 4027 1859 4085 animum.

545 4170 601 4226 7.
638 4169 712 4225 De
740 4169 965 4226 domina
994 4172 1153 4226 Anna
1181 4170 1520 4226 Alamanna.

278 4300 431 4352 Ante
461 4293 661 4352 omnia
683 4294 1134 4351 memorandum
1160 4298 1248 4350 est
1270 4294 1411 4366 quid
1437 4295 1507 4350 de
1536 4296 1702 4351 Anna
1736 4293 1861 4351 Ala-

207 4383 770 4443 mannatentaverit.
789 4384 995 4440 Fuerat
1010 4383 1132 4440 hmc
1145 4383 1630 4456 exiguotemporo
1651 4387 1863 4457 conjux

201 4475 457 4533 Joannis
487 4474 757 4546 Augusti,
790 4473 974 4546 patris
1033 4472 1318 4529 Theodori
1372 4474 1661 4541 Lascaris,
1694 4475 1765 4529 ab
1795 4490 1861 4529 eo

203 4567 387 4622 ducta
417 4563 476 4619 in
510 4567 769 4619 extremo
799 4561 984 4626 senio,
1010 4561 1288 4619 Friderici
1309 4561 1515 4618 Sicilia:
1544 4562 1698 4635 regis
1720 4562 1860 4635 filia,

207 4653 497 4712 Manfredi
529 4669 716 4719 soror,
746 4669 924 4724 quam
957 4668 991 4708 a
1018 4650 1229 4723 legatis
1281 4652 1353 4707 ad
1402 4669 1526 4708 eam
1562 4668 1862 4709 accersen-

207 4746 347 4800 dam
380 4742 583 4798 missis
616 4742 929 4797 deductam
953 4745 1011 4797 et
1036 4740 1306 4811 solemni,
1333 4741 1723 4797 coronationis
1746 4743 1862 4799 ritu

1965 3492 2025 3547 in
2058 3491 2365 3562 tyrannica
2421 3488 2661 3548 licentia
2693 3491 2894 3562 posset
2938 3501 3267 3561 erumpere,
3328 3486 3615 3560 optimum

1960 3583 2114 3636 i'actu
2164 3580 2392 3652 putavit
2422 3580 2571 3634 hanc
2601 3576 2949 3635 deliniendss
2990 3577 3299 3650 ﬂagrantis
3327 3575 3618 3648 cupidita-

1961 3669 2036 3726 tis
2069 3670 2216 3726 inire
2248 3669 2559 3725 rationem.
2590 3666 2747 3724 Dixit
2802 3665 3144 3740 imperatori
3189 3665 3612 3737 haudquadam

1961 3775 2021 3815 se
2052 3758 2366 3816 abhorrere
2392 3759 2466 3814 ab
2491 3758 2622 3830 ejus
2653 3755 2952 3830 oonjugio,
2976 3755 3026 3812 si
3054 3756 3190 3827 quis
3210 3754 3423 3812 modus
3446 3771 3609 3827 repe-

1960 3850 2175 3905 riretur
2193 3848 2324 3921 ejus
2352 3846 2612 3920 legitime
2641 3848 2961 3918 sancteque
2975 3844 3404 3907 committendi.
3420 3845 3610 3911 Quare

1960 3937 2177 3995 videret
2202 3936 2414 4010 ecquid
2435 3952 2502 3993 eo
2532 3951 2648 4009 quo
2670 3950 2829 3992 nunc
2851 3938 3009 3991 esset
3033 3932 3372 4006 implicatus
3403 3934 3612 3992 matri-

1962 4027 2161 4084 monio
2190 4041 2320 4083 sese
2345 4026 2456 4083 rite
2482 4027 2683 4097 posset
2708 4022 3022 4080 exsolvere.
3056 4022 3181 4079 Tali
3232 4038 3380 4081 nexu
3432 4022 3616 4080 libero

1963 4132 2046 4182 se,
2080 4119 2144 4171 ut
2171 4114 2439 4181 honeste,
2462 4112 2544 4169 ita
2572 4128 2689 4169 non
2720 4111 3021 4169 illibenter
3046 4115 3244 4185 postea
3274 4114 3617 4186 nupturam.

1961 4202 2190 4259 Arrexit
2218 4218 2393 4258 aures
2425 4202 2495 4257 ad
2528 4218 2597 4258 eo
2648 4198 2919 4268 Michael,
2950 4202 3009 4257 et
3053 4200 3372 4258 excitatum
3424 4200 3622 4258 oblata

1965 4307 2070 4367 spe
2098 4291 2365 4349 animum
2387 4290 2599 4360 cupide
2624 4290 2871 4348 advertit
2902 4290 2976 4346 ad
2999 4289 3541 4349 comminiscsndas
3564 4296 3625 4348 et

1965 4382 2185 4454 quibus
2213 4396 2363 4453 opus
2391 4383 2519 4438 erat
2547 4379 2864 4436 artiﬁciose
2893 4370 3286 4437 insinuandas
3324 4379 3624 4453 speciosae

1966 4486 2175 4527 causas
2213 4469 2615 4543 repudiandae,
2639 4485 2818 4541 quam
2847 4467 3101 4525 habebat
3128 4467 3191 4524 in
3220 4468 3623 4537 contubernio,

1967 4558 2255 4632 conjugis.
2283 4558 2497 4615 Aiebat
2520 4557 2678 4614 haud
2728 4575 2791 4614 se
2837 4556 2965 4613 hire
3010 4555 3241 4615 inﬁcias
3288 4556 3466 4615 talem
3495 4575 3626 4616 esse

1965 4649 2329 4705 Theodoram
2361 4646 2439 4719 (id
2473 4651 2598 4703 erat
2626 4650 2904 4720 Augustas
2936 4647 3174 4719 nomen)
3208 4645 3267 4704 in
3312 4664 3428 4720 qua
3477 4648 3628 4711 nihil

1976 4739 2045 4794 ad
2080 4736 2224 4811 regii
2256 4735 2487 4809 generis
2513 4734 2861 4803 claritatem,
2897 4736 2968 4792 ad
3001 4736 3293 4809 pudicitia;
3323 4737 3524 4809 decus,
3557 4737 3628 4794 ad

206 4836 541 4905 Augustam
573 4829 929 4887 declaratam
962 4791 1326 4887 memoratus
1357 4830 1672 4903 imperator
1693 4831 1870 4888 Joan-
1901 4791 1946 4858 Β
1983 4791 2213 4884 ωσι-υἷι)
2244 4791 2619 4883 ἕοηοιὶιειοω
2651 4830 2755 4882 aut
2785 4791 3082 4882 caritatem
3116 4826 3173 4881 in
3209 4827 3400 4884 virum
3435 4791 3636 4900 posset

208 4940 316 4979 nes
378 4936 643 4986 uxorem,
690 4934 932 4991 eamque
989 4936 1314 4992 percaram,
1345 4920 1650 4976 habuerat.
1686 4922 1874 4993 Hujus

214 5028 414 5069 amore
446 5014 656 5083 captus
687 5009 1009 5081 imperator
1033 5008 1270 5065 Michael
1294 5010 1612 5066 custodivit
1633 5028 1758 5067 eam
1784 5012 1873 5067 di-

208 5103 467 5175 ligenter
493 5116 566 5157 ne
589 5099 803 5155 rediret
836 5100 905 5155 ad
930 5115 1093 5164 suos,
1118 5100 1431 5173 magniﬁce
1454 5104 1646 5156 tamen
1668 5100 1780 5174 ipsi
1808 5118 1873 5159 ac

210 5193 374 5266 regie
404 5206 531 5263 quas
564 5206 715 5262 opus
760 5188 876 5261 ipsi
906 5194 1073 5245 erant
1128 5189 1198 5245 ad
1259 5189 1477 5245 victum
1530 5188 1877 5263 cultumque

220 5281 645 5355 suppeditans,
671 5283 731 5334 at
752 5277 979 5334 nullam
1010 5294 1126 5334 non
1160 5278 1394 5335 interim
1413 5280 1729 5337 admovens
1751 5298 1879 5338 ma-

220 5370 464 5429 chinam
498 5369 569 5425 ad
604 5358 757 5440 ejus,
787 5367 837 5423 si
897 5384 1016 5440 qua
1047 5368 1273 5424 ratione
1303 5372 1503 5441 posset
1535 5369 1879 5442 pudicitiam

223 5460 711 5535 expugnandam.
738 5456 804 5514 In
828 5473 945 5529 quo
968 5457 1189 5513 frustra
1212 5458 1503 5525 fuit,artes
1523 5458 1651 5530 ejus
1675 5476 1882 5517 omnes

208 5551 608 5620 indiosasque
635 5545 954 5602 blanditias
999 5550 1269 5602 matrona
1296 5546 1636 5620 repellente,
1659 5549 1881 5622 quippe

211 5658 246 5714 q
258 5656 345 5697 ua
367 5637 664 5711 sapienter
675 5637 975 5709 reputaret
987 5650 1159 5706 quam
1176 5636 1525 5709 probrosum
1546 5636 1693 5694 foret
1704 5654 1766 5694 se
1779 5638 1883 5695 tali

219 5736 419 5789 ortam
454 5727 645 5795 domo,
675 5726 796 5783 vita
823 5724 884 5782 in
916 5741 1154 5783 summa
1182 5726 1466 5800 dignitate
1497 5743 1600 5801 per
1636 5726 1886 5785 inoti‘en-

1983 4917 2299 4989 requirere,
2331 4916 2651 4988 quominus
2702 4915 3117 4989 dignissimam
3176 4916 3457 4973 fateretur
3505 4934 3636 4990 qua

1983 5024 2181 5065 secum
2214 5006 2550 5079 imperaret.
2580 5005 3085 5064 Considerandum
3127 5009 3321 5063 tamen
3351 5023 3483 5063 esse
3531 5025 3635 5063 ne-

1984 5096 2316 5154 cessitatem
2350 5111 2605 5168 gravem,
2640 5094 2931 5151 immineti
2963 5111 3121 5151 nunc
3153 5095 3329 5153 rebus
3358 5096 3637 5154 Romanis

1986 5186 2164 5243 atroci
2222 5184 2480 5259 periculo
2538 5184 2903 5258 impositam,
2963 5184 3209 5243 sollicite
3276 5186 3639 5259 praecavendi

1984 5278 2323 5333 Latinorum
2397 5275 2539 5340 iras,
2598 5280 2799 5352 erepta
2870 5291 3057 5348 nuper
3129 5276 3637 5349 Constantinopoli

1989 5366 2328 5423 furentium.
2364 5365 2589 5439 Opibus
2613 5364 2777 5438 ipsos
2816 5372 2871 5422 et
2923 5383 3168 5424 numero
3218 5367 3429 5438 valere,
3463 5382 3643 5425 causa

1988 5471 2221 5529 quoque
2251 5456 2470 5512 irritari
2521 5455 2921 5512 communiter
2968 5455 3291 5529 plausibili,
3324 5457 3527 5530 pulsos
3576 5473 3647 5513 ex

1990 5545 2359 5621 possessione
2387 5544 2672 5602 diuturna
2700 5550 2758 5601 et
2790 5544 2993 5602 multis
3020 5544 3326 5619 spoliatos,
3350 5563 3480 5619 quas
3512 5563 3646 5619 pro-

1991 5636 2121 5711 pria
2147 5636 2371 5692 dudum
2423 5634 2844 5707 carissimaque
2893 5635 3242 5693 habuerant.
3275 5635 3647 5694 Concitatum

1992 5724 2182 5784 audiri
2213 5729 2408 5782 totum
2433 5723 2718 5783 Italorum
2758 5741 2995 5796 nomen,
3027 5730 3087 5784 et
3138 5725 3356 5785 armari
3412 5726 3646 5800 conspi-
