4246 6446
600 418 707 473 623

597 541 750 596 ναυσί
828 540 1114 602 τοσαύταις
1198 541 1329 595 εἶναι
1413 540 1549 616 πρὸς

605 629 729 686 οὔτε
813 632 918 703 psi”
997 628 1144 691 σ’ίους
1216 635 1263 684 τ’
1322 630 1452 683 εἶναι
1537 629 1901 704 στρατεύμασι
1985 628 2253 700 πολεμεῖν

1636 538 1869 602 ἐκείνους

604 722 741 775 κατὰ
798 727 919 793 γῆν.
970 718 1102 781 Τοὺς
1182 716 1237 772 δὲ
1316 716 1670 792 Βουλγάρους
1738 718 1827 772 καὶ
1888 718 2082 781 αὐτοὺς
2143 718 2256 773 ἐτέ-

609 821 779 884 ρωθεν
851 806 1095 864 ἀπειλεῖν
1159 802 1466 862 εἰσϐάλλειν
1527 805 1615 861 διὰ
1671 808 1904 881 Θρᾴκης,
1964 808 2055 862 καί
2108 806 2254 879 μᾶλ-

611 898 705 954 λον
756 904 857 967 τῆς
914 898 992 967 τῷ
1049 901 1156 952 τῶν
1213 895 1571 971 Βουλγάρων,
1606 899 1832 971 ἄρχοντι
1868 895 2257 969 Κωνσταντίνῳ

610 987 963 1056 συνοικούσης
1010 986 1247 1060 Εἰρήνης
1300 986 1374 1057 μὴ
1425 986 1650 1057 ἠρεμεῖν
1700 984 1875 1054 ἐώσης
1902 986 1993 1039 τὸν
2021 986 2253 1059 σύζυγον

607 1081 677 1151 τῇ
731 1078 867 1151 πρὸς
910 1078 1001 1130 τὸν
1056 1073 1413 1150 βασιλεύοντα
1462 1073 1746 1147 ἀπεχθείᾳ.
1786 1072 1981 1145 Κύκλῳ
2014 1075 2095 1145 [Ρ.
2132 1076 2232 1129 122

608 1170 740 1239 γοῦν
787 1170 895 1220 τῶι
955 1164 1167 1239 ἐχθρῶν
1244 1164 1726 1237 παρακινουμένων
1785 1169 1986 1237 χρῆναι
2046 1160 2257 1236 φυλάσ-

608 1256 789 1309 σεσθαι
838 1254 935 1317 τὰς
985 1254 1249 1316 ἐπιθέσεις
1292 1252 1367 1312 εἰς
1414 1252 1541 1306 ὅσον
1587 1249 1833 1317 δυνατὸν,
1869 1249 2019 1311 ἰδίως
2054 1248 2110 1304 δὲ
2168 1249 2256 1304 δι-

608 1342 773 1399 διέναι
828 1344 918 1398 καὶ
978 1341 1105 1404 τοὺς
1160 1348 1258 1411 τῆς
1320 1338 1607 1415 βασιλίδος
1638 1342 1843 1409 ’Ἃννης
1900 1340 2135 1400 οἰκείους
2181 1340 2255 1401 ὡς

604 1432 840 1505 ἑτοίμως
886 1430 973 1486 διὰ
1023 1431 1224 1500 ταύτην
1272 1430 1551 1491 κάκείνους
1598 1435 1714 1490 τοῖς
1766 1427 1961 1489 ἄλλοις
2010 1428 2256 1503 σύνεξορ-

608 1524 901 1594 μησοντας.
943 1520 1007 1577 Εἰ
1056 1517 1113 1574 δὲ
1166 1540 1218 1574 τι
1250 1519 1800 1595 προμηθευσαίμεθα,
1826 1524 2077 1592 κρεῖττον
2138 1539 2254 1571 και-

604 1613 694 1685 ρὸν
753 1609 996 1685 ἔχοντες,
1030 1611 1104 1681 μὴ
1171 1608 1337 1681 μόνον
1389 1608 1622 1682 ἐχθροὺς
1665 1606 1928 1676 ἐκείνους,
1966 1606 2110 1661 ἀλλά
2166 1605 2255 1660 καὶ

604 1699 800 1777 φίλους
861 1699 1122 1773 γενέσθαι,
1185 1694 1540 1770 αἰδουμένους
1598 1697 1659 1750 τὸ
1741 1694 1934 1764 κῆδος,
1992 1695 2081 1749 καὶ
2139 1696 2256 1749 κατ’

607 1789 944 1865 ἀγχιστείαν,
1004 1787 1054 1843 εἴ
1111 1787 1491 1858 συνοικίσομεν
1546 1786 1756 1846 ἑαυτοῖς
1842 1787 1941 1851 τὴν
2013 1784 2254 1850 ἐκείνων,

607 1880 825 1939 οἰκείως
885 1878 1021 1950 πρὸς
1076 1879 1224 1945 ἡμᾶς
1293 1872 1546 1949 ἔχοντας.
1602 1879 1779 1929 Ταῦτα
1832 1878 1929 1928 τοῦ
1991 1873 2332 1980 βασιλέωςΒ

614 1969 640 1980 ..
717 1967 735 1980 .
903 1968 911 1980 .
1147 1966 1161 1980 ς
1484 1968 1510 1979 ..
1601 1963 1656 1980 κ,
1896 1962 1940 1980 ,ν
2042 1974 2058 1980 -
2197 1964 2210 1980 κ

612 1967 1015 2044 βουλευομένου
1072 1966 1162 2020 καὶ
1224 1968 1551 2042 σοφιστικῶς
1601 1963 1860 2037 λέγοντος
1892 1962 2094 2035 (ἔπειθε
2150 1964 2253 2036 γὰρ

609 2060 638 2112 ὁ
694 2055 922 2111 ἐκκαίων
984 2053 1146 2131 ἔρως,
1180 2054 1270 2108 καὶ
1333 2050 1546 2125 μᾶλλον
1606 2053 1755 2125 παρά
1807 2059 1907 2121 τῆς
1965 2050 2257 2120 δεσποίνης

606 2148 812 2214 ’Δννης
860 2142 1383 2219 περιφρονούμενος)
1431 2143 1465 2209 ἡ
1518 2139 1737 2215 βασιλὶς
1780 2138 2036 2214 Θεοδώρα
2089 2152 2257 2204 πυθο-

611 2238 741 2308 μένη
797 2235 1056 2309 χαλεπῶς
1100 2234 1240 2308 εἶχεν
1292 2230 1519 2304 ἐνέγκαι,
1550 2231 1599 2284 εἰ
1648 2228 1903 2285 δέσποινα
1952 2229 2255 2302 ἐστεμμένη

605 2326 737 2379 οὖσα
804 2323 892 2378 καὶ
946 2322 1144 2398 γνησία
1202 2322 1363 2396 γυνὴ,
1427 2322 1513 2375 ὑπ’
1573 2318 1728 2393 ἀνδρί
1789 2341 1847 2374 τε
1902 2324 1982 2391 τῷ
2046 2317 2262 2394 βασιλεῖ

602 2417 834 2469 τεκοῦσα
865 2410 1081 2481 παῖδας,
1109 2410 1198 2465 καὶ
1231 2413 1447 2479 πρῶτον
1504 2409 1599 2481 μὶν
1648 2408 2023 2482 ἀποιχόμενον
2086 2406 2258 2463 ἄλλον

608 2618 771 2670 rante
784 2612 1075 2669 sententia
1091 2611 1467 2681 potentiaque
1482 2605 1975 2663 ferocissimarum
1993 2606 2254 2679 gentium

608 2701 1082 2777 potentissimam
1115 2699 1385 2762 classem.
1419 2698 1512 2753 cui
1545 2698 1639 2751 vix
1661 2697 1873 2752 habeat
1902 2700 2257 2763 Romanum,

609 2810 721 2863 quo
754 2808 911 2846 nunc
936 2794 1093 2846 statu
1143 2794 1253 2855 est,
1284 2787 1597 2859 imperium
1630 2786 1771 2858 quid
1826 2786 1972 2841 satis
2001 2784 2259 2839 validum

610 2885 889 2954 opponat.
923 2885 1119 2950 Neque
1150 2877 1441 2933 maritimo
1465 2882 1750 2947 apparatu
1774 2875 1926 2930 haud
1953 2874 2129 2929 dubie
2149 2874 2262 2927 im-

611 2988 803 3045 pares,
837 2969 1213 3026 terrestribus
1243 2966 1452 3023 saltem
1484 2965 1668 3037 cepiis
1699 2966 1877 3020 fidere
1918 2979 2261 3036 possumus,

612 3062 829 3133 quibus
862 3060 1003 3113 satis
1046 3058 1263 3129 negotii
1323 3057 1613 3111 facessent
1669 3060 2016 3125 exurgentes
2066 3070 2095 3108 e
2127 3053 2264 3107 Bul-

611 3150 773 3223 garia
804 3149 952 3204 188
990 3152 1205 3215 motus,
1239 3146 1392 3200 unde
1419 3144 1888 3205 .Constantinum
1938 3143 2261 3215 principem

1901 416 2203 475 GEORGII
2240 417 2704 473 PACHYMEBE

1958 539 2199 616 ἀντέχειν
2229 583 2242 609 ,
2275 548 2328 614 Α
2358 540 2449 594 τὸν
2482 539 2769 611 Μανουὴλ,
2804 540 2916 595 εἶτα
2949 538 3006 595 δὲ
3062 541 3151 595 καὶ
3208 541 3301 595 τὸν
3353 539 3610 612 περιόντα
3644 537 4029 614 Ἀνδρόνικον

3905 414 4015 471 624

2362 630 2419 683 ’ὀν
2483 629 2783 704 βασιλικῶς
2832 632 2859 684 ὁ
2907 632 3088 705 πατὴρ
3146 631 3356 706 τρέφοι,
3388 632 3477 684 καὶ
3528 629 3715 703 τρίτον
3774 632 3866 684 τὸν
3926 629 4017 684 ἐπὶ

2361 725 2458 786 τῆς
2507 718 2722 780 πόλεως
2769 719 3095 793 γεννηθέντα
3144 720 3235 774 τὸν
3285 718 3805 797 ΙΙορφυρογέννητον
3862 726 4015 773 Κων-

2364 813 2663 878 σταντῖνον,
2720 812 2945 862 τοιαῦτα
3016 808 3180 872 πάθοι
3232 807 3644 886 ἀπολειφθεῖσα,
3694 809 4019 882 στερηθεῖσα

2368 894 2462 966 μὲν
2516 898 2612 948 τοῦ
2670 892 2884 970 ἀνδρὸς,
2932 898 3248 970 στερηθεῖσα
3297 894 3353 952 δὲ
3406 897 3496 951 καὶ
3552 904 3654 967 τῆς
3705 896 4024 971 βασιλείας,

2363 983 2449 1036 καὶ
2524 982 2701 1053 πάσης
2785 983 3165 1061 ἀπερῥιμμένη
3224 994 3413 1059 τιμῆς,
3463 987 3561 1053 τήν
3623 983 3670 1039 δ’
3722 984 4021 1055 ἀντίζηλον

2364 1071 2452 1126 ἐπὶ
2481 1076 2577 1126 τοῦ
2611 1073 2807 1148 θρόνου
2854 1082 2953 1143 τῆς
3015 1074 3295 1150 βασιλείας
3337 1078 3517 1148 ὁρῶσα
3575 1070 4019 1147 συμϐασιλεύου-

2364 1182 2457 1215 σαν
2516 1166 2596 1231 τῷ
2654 1160 2826 1236 ἀνδρί.
2861 1165 3021 1219 ’Όθεν
3074 1165 3163 1219 καὶ
3206 1166 3341 1239 πρὸς
3371 1166 3464 1220 τὸν
3492 1166 3843 1239 πατριάρχην
3877 1163 4025 1236 πέμ-

2364 1254 2507 1322 ψασα
2566 1250 2791 1306 ἱκετεύει
2848 1254 3106 1323 τοιαύτην
3168 1254 3447 1332 συμφορὰν
3538 1254 3737 1326 ἀμῦναι
3823 1252 4029 1325 ταύτῃ,

2363 1341 2450 1394 καὶ
2509 1340 2694 1411 νόμων
2748 1341 2903 1395 θείων
2963 1342 3301 1418 ὑπερμαχεῖν
3354 1342 3515 1413 ἀξιοῖ.
3555 1348 3650 1403 ⁸ος
3707 1339 3774 1410 δὴ
3837 1340 4032 1414 μαθὼν

2362 1428 2451 1481 καὶ
2510 1427 2799 1500 ἂγάμενος,
2853 1430 2897 1483 εἰ
2957 1432 3229 1493 τοιούτοις
3304 1431 3617 1506 ἐπιχειροίη
3669 1430 3703 1483 ὁ
3759 1428 4027 1505 βασιλεὺς

2363 1517 2452 1571 καὶ
2486 1515 2678 1587 ἀνέδην
2720 1522 2825 1572 τῶν
2868 1518 3098 1583 ἀθίκτων
3154 1522 3397 1588 ἅπτεται,
3431 1521 3507 1581 ὡς
3562 1520 3652 1574 καὶ
3708 1519 3837 1580 τοὺς
3894 1540 4021 1573 κει-

2370 1606 2563 1677 μένους
2621 1606 2821 1678 νόμους
2873 1608 3082 1663 ἐφέλειν
3134 1616 3486 1677 καταπατεῖν,
3535 1609 3698 1669 αὐτὸς
3752 1612 4019 1669 τοιοῦτος

2369 1697 2443 1767 μὴ
2478 1696 2839 1769 νομιζόμενος
2872 1700 3153 1773 πρότερον,
3188 1698 3337 1754 δεινὰ
3366 1699 3537 1754 ἐποίει
3580 1700 3669 1753 καὶ
3727 1696 4020 1769 διεμήνυε,

2362 1785 2423 1839 τὸ
2458 1784 2552 1857 μεν
2586 1785 2882 1854 ὀνειδίζων,
2914 1788 2976 1841 τὸ
3024 1785 3070 1841 δ’
3100 1786 3350 1843 ἐπισείων
3407 1787 3596 1860 ἐκείνῳ
3653 1788 3742 1841 καί
3801 1787 3901 1853 τήν
3960 1786 4025 1839 ἐκ

2364 1878 2496 1927 Θεοῦ
2554 1873 2934 1949 ἀγανάκτησιν.
2984 1878 3092 1937 Τὰς
3149 1874 3206 1931 δέ
3261 1897 3319 1950 γε
3368 1875 3668 1951 προφάσεις
3727 1874 3803 1936 ὠς
3863 1874 4019 1928 ἰστὸν

2366 1962 2611 2038 ἀράχνης
2661 1961 2843 2019 διέλυε
2875 1984 2887 1997 ⁸
2919 1967 2981 2019 τὸ
3030 1968 3133 2040 γὰρ
3183 1962 3352 2043 φόϐον
3386 1972 3531 2029 θεῖον
3562 1966 3686 2037 παρ’
3719 1962 3876 2019 οὐδὲν
3932 1963 4031 2017 τί-

2368 2055 2549 2115 θεσθαι
2602 2058 2784 2116 κακῶς
2833 2055 3029 2130 κρίνειν
3092 2053 3299 2116 εἰδότος
3354 2056 3488 2110 εἶναι
3544 2056 3606 2109 τὸ
3666 2049 3923 2130 φοϐερὸν,
3954 2052 4021 2106 τὸ

2372 2143 2553 2213 μέντοι
2613 2163 2673 2217 γε
2727 2142 2855 2205 τοὺς
2911 2143 3083 2207 θείους
3161 2146 3363 2216 νόμους
3440 2140 3723 2218 φοϐεῖσθαι
3784 2136 4023 2220 ἀφοϐίαν

2370 2230 2499 2284 εἶναι
2553 2230 2810 2303 μεγίστην
2868 2238 2947 2303 τῷ
3003 2228 3355 2308 φοϐουμένῳ,
3402 2234 3497 2287 κᾶν
3555 2232 3585 2287 ὅ
3635 2254 3685 2287 τι
3746 2232 4033 2303 προτείνοι

2368 2340 2450 2381 τις
2481 2318 2567 2373 ἐπὶ
2596 2325 2677 2393 τῷ
2706 2316 2914 2386 φοϐεῖν.
2949 2325 3132 2379 Ταῦτα
3159 2327 3256 2376 τοῦ
3295 2323 3643 2397 πατριάρχου
3692 2321 3782 2376 καὶ
3832 2320 4036 2397 λέγον-

2369 2429 2462 2471 τος
2515 2410 2604 2463 καί
2662 2411 2985 2482 μηνύοντος,
3020 2408 3096 2467 ἔτι
3130 2410 3175 2467 δ’
3203 2411 3427 2485 ἑτοίμου
3481 2408 3635 2475 ὄντος
3688 2411 4033 2466 ἀποκόπτειν

2366 2607 2506 2661 dora
2553 2610 2822 2678 graviter,
2861 2614 2923 2664 ut
2969 2614 3093 2665 erat
3141 2614 3621 2679 consentaneum,
3655 2609 3807 2665 tulit.
3836 2612 4032 2676 Quam

2367 2696 2523 2751 enim
2561 2696 2993 2753 intolerandum
3020 2699 3386 2755 contumeliae
3416 2715 3603 2771 genus
3638 2701 3758 2754 fore
3788 2717 3857 2755 se
3887 2700 4041 2773 legi-

2369 2787 2573 2841 timam
2606 2789 2938 2859 conjugem,
2974 2806 3100 2860 quas
3134 2789 3253 2844 viro
3295 2789 3631 2860 imperatori
3685 2796 3801 2845 tres
3834 2806 4041 2846 mares

2370 2876 2711 2947 peperisset,
2750 2877 3001 2948 primum
3035 2877 3361 2933 Manuelem
3396 2879 3514 2933 fato
3549 2883 3932 2951 prareptum,
3954 2879 4043 2934 al-

2373 2970 2562 3020 terum
2621 2966 3021 3021 Andronicum
3083 2968 3484 3038 superstitem,
3544 2968 3699 3035 regie
3772 2985 3806 3022 a
3869 2972 4042 3039 patre

2373 3056 2711 3122 educatum,
2742 3058 3003 3123 tertium,
3036 3074 3103 3112 ex
3147 3073 3263 3128 quo
3310 3057 3884 3129 Constantinopolim
3919 3059 4039 3113 mi-

2374 3152 2702 3214 graverant,
2736 3145 2816 3200 ibi
2874 3152 3076 3202 natum
3119 3148 3176 3201 in
3230 3164 3513 3219 purpura,
3542 3147 4030 3215 Constantinum,

612 3239 850 3295 assidue
879 3238 937 3292 in
958 3254 1067 3294 nos
1087 3234 1459 3293 stimulatum
1485 3232 1914 3289 ardentissimis
1937 3232 2265 3303 instigatio—
2304 3252 2345 3319 ρ
2384 3235 2518 3287 inde
2582 3234 3163 3307 Porphyrogenitum,
3201 3248 3325 3307 post
3356 3244 3519 3292 tanta
3573 3238 3777 3292 merita
3810 3238 4044 3293 nullius

615 3330 792 3384 nibus
825 3330 1019 3382 [renes
1047 3325 1315 3396 conjugis
1349 3324 1519 3378 nobis
1550 3323 1897 3395 perinfensaa
1930 3320 2141 3375 minari
2168 3336 2269 3375 au-

614 3418 810 3473 dimus
833 3418 1220 3488 irruptionem
1254 3414 1309 3468 in
1342 3418 1527 3468 terras
1555 3415 1787 3467 nostras
1812 3428 1913 3482 per
1938 3408 2271 3465 Thraciam.

616 3508 679 3563 ln
711 3511 879 3561 tanta
910 3504 1287 3559 multitudine
1315 3509 1371 3557 et
1415 3501 1575 3557 rabie
1623 3499 2006 3555 coorientium
2060 3499 2116 3552 in
2168 3515 2274 3553 nos

616 3614 685 3653 ex
716 3595 871 3651 omni
926 3595 1144 3650 circum
1200 3600 1361 3665 parte
1433 3589 1927 3646 ferocissimorum
1987 3587 2268 3651 hostium,

619 3689 753 3758 quis
787 3703 903 3740 non
935 3683 1093 3738 videt
1140 3682 1551 3738 consulturum
1614 3679 1816 3751 utique
1864 3679 2271 3733 circumventae

620 3777 883 3849 undique
916 3773 1274 3845 reipublicae,
1308 3771 1406 3843 qui
1468 3770 1693 3826 dederit
1749 3785 1985 3841 operam
2026 3784 2270 3824 numero

618 3882 821 3922 eorum
859 3863 1178 3919 minuendo
1203 3860 1560 3933 quibusdam
1588 3864 1686 3913 aut
1709 3864 1775 3913 ad
1808 3864 2066 3913 nostram
2092 3858 2271 3912 socie-

616 3962 799 4011 tatem
835 3952 1198 4010 attrahendis
1229 3957 1331 4007 aut
1390 3967 1419 4005 a
1452 3949 1750 4004 communi
1810 3952 1964 4003 certe
2016 3948 2267 4002 aliorum

615 4045 1049 4117 conspiratione
1080 4038 1627 4109 abducendis7jam
1664 4038 1806 4091 illud
1841 4038 1983 4093 satis
2014 4042 2268 4102 constat,

614 4136 671 4189 in
708 4133 915 4205 primis
949 4130 1290 4187 Latinorum
1323 4130 1549 4183 ditione
1580 4144 1645 4182 ac
1679 4127 1731 4180 vi
1766 4126 1974 4181 bellica
2005 4127 2267 4197 impera-

610 4224 772 4279 tricis
808 4229 985 4277 Anna:
1019 4228 1297 4292 cognatos
1343 4216 1657 4273 numerari.
1698 4217 1869 4273 Porro
1930 4215 2074 4271 istos
2104 4232 2261 4271 com-

608 4314 890 4368 munione
922 4312 1179 4366 nominis
1211 4327 1274 4363 ac
1306 4307 1537 4380 generis
1570 4307 1715 4361 satis
1742 4321 1842 4377 per
1873 4322 1935 4360 se
1967 4322 2183 4377 pronos
2206 4306 2263 4359 in

606 4409 802 4475 partes
830 4402 1091 4457 hostium
1124 4403 1465 4454 nostrorum
1518 4396 1765 4467 propriae
1827 4396 1885 4450 in
1921 4412 2027 4451 nos
2055 4396 2266 4451 saevius

603 4495 1059 4551 commovebunt
1080 4509 1295 4555 causae,
1322 4491 1652 4562 repetendas
1676 4489 2139 4559 reducendazque
2162 4491 2266 4545 do-

604 4602 764 4641 mum
786 4583 1238 4654 consanguineas
1263 4584 1541 4634 matronae
1569 4577 1738 4649 quasi
1764 4579 2011 4632 detentae
2034 4596 2066 4631 a
2090 4580 2259 4636 nobis

594 4677 844 4749 indigna
901 4674 1193 4737 custodia,
1229 4673 1343 4727 nisi
1408 4676 1633 4726 mature
1690 4684 2072 4740 precavemus
2103 4674 2160 4724 et
2190 4688 2257 4727 ex

592 4768 721 4839 ipsa
752 4765 890 4821 mali
917 4780 1095 4819 causa
1118 4762 1442 4817 remedium
1468 4760 1807 4831 quaerimus,
1830 4758 2175 4830 tempestiva
2199 4760 2247 4816 si

594 4872 855 4927 unquam
887 4853 1171 4909 afﬁnitate
1204 4849 1757 4919 contrahenda,qua
1780 4850 2246 4919 propinquorum

590 4947 841 5001 domina:
878 4952 1054 4999 Annae
1090 4959 1201 4997 non
1236 4941 1428 4996 solum
1461 4942 1834 4994 exarmentur
1870 4938 1966 4991 ira:
2000 4938 2247 4995 sublatis

588 5034 898 5091 incentivis
930 5033 1197 5088 odiorum
1250 5030 1349 5086 sed
1400 5029 1574 5085 etiam
1632 5044 1862 5082 amores
1910 5026 2247 5097 auxiliaque

587 5125 995 5191 concilientur,
1030 5129 1310 5193 tanquam
1347 5120 1549 5191 utique
1582 5119 1930 5190 propinquis
1956 5125 2013 5173 et
2045 5136 2244 5174 neces-

586 5216 845 5273 situdine
876 5214 1153 5271 connubii
1215 5228 1347 5267 cum
1408 5226 1605 5265 sorore
1664 5209 1944 5264 Manl'redi
2007 5209 2241 5281 {iliaque

584 5306 1000 5375 Fridericijam
1026 5307 1193 5375 quasi
1228 5301 1569 5357 domesticis
1602 5301 1885 5372 ipsorum.
1921 5299 2083 5353 'I'alia
2115 5318 2239 5355 ver-

582 5412 713 5451 sare
744 5396 940 5450 animo
966 5412 1032 5450 ac
1055 5392 1391 5465 sophisticis
1425 5392 1734 5445 honestare
1763 5388 1965 5443 conari
1998 5389 2240 5445 rationi-

578 5485 691 5539 bus
740 5486 1150 5557 imperatorem
1183 5486 1383 5554 (prout
1441 5480 1711 5549 adigebat
1768 5479 1933 5533 illum
1987 5496 2237 5536 exurens

574 5573 783 5630 intime
801 5591 1069 5631 vaesanos
1092 5589 1278 5641 amor,
1296 5570 1527 5625 irrideri
1552 5585 1679 5624 sese
1702 5586 1733 5623 a
1758 5586 1789 5624 a
1808 5568 2049 5623 domina
2073 5573 2237 5625 Anna

573 5666 631 5718 et
660 5679 807 5719 vana
837 5666 1068 5736 objecta
1099 5662 1359 5731 imagine
1383 5676 1691 5730 nunquam
1728 5659 2058 5714 successuri
2096 5676 2234 5716 con-

566 5753 721 5837 Jugii
743 5755 943 5813 deludi
962 5772 1075 5811 non
1096 5751 1469 5823 sentientem)
1484 5750 1733 5806 audiens
1750 5752 2015 5822 Augusta
2039 5749 2199 5807 Theo
2214 5781 2234 5795 -

2386 3329 2741 3393 compertam
2811 3324 2994 3396 culpa:
3062 3326 3382 3397 repudiari,
3438 3328 3829 3391 exauctorari,
3891 3327 4043 3394 viro,

2383 3412 2652 3482 imperio,
2685 3413 2906 3469 honore
2935 3414 3095 3469 omni
3129 3415 3414 3485 privatam
3450 3415 3646 3483 abjici,
3680 3420 3736 3470 et
3766 3415 4046 3471 aemulam

2380 3503 2437 3555 in
2474 3501 2664 3556 locum
2697 3520 2869 3557 suum
2904 3503 3192 3558 intrusam
3226 3504 3379 3559 184
3428 3520 3683 3561 cernere.
3718 3504 3836 3561 Hoc
3874 3511 4037 3562 metu

2381 3592 2557 3646 anxia
2590 3583 2772 3647 mittit
2802 3593 2870 3646 ad
2908 3593 3302 3663 pntriarcbam
3340 3594 3441 3664 qui
3473 3611 3607 3649 eum
3640 3612 3748 3649 suo
3800 3595 4045 3651 nomine

2380 3681 2727 3751 suppliciter
2760 3690 3028 3754 rogarent
3062 3688 3125 3736 ut
3156 3688 3276 3738 tam
3312 3688 3566 3738 atrocem
3602 3700 3635 3738 a
3660 3701 3721 3739 se
3748 3683 4039 3756 injuriam

2379 3777 2619 3835 arceret,
2652 3771 3112 3843 dignareturque
3145 3789 3247 3843 pro
3280 3789 3388 3827 sua
3432 3774 3785 3828 auctoritate
3845 3772 4045 3828 deter-

2378 3877 2501 3915 rere
2557 3861 2989 3930 imperatorem,
3048 3878 3119 3916 ne
3176 3868 3295 3916 tam
3359 3867 3623 3932 proterve
3676 3878 3895 3917 uxores
3932 3876 4045 3935 pro

2374 3948 2542 4011 libito
2567 3951 2985 4005 commutando
3010 3950 3223 4006 divinis
3245 3947 3475 4021 legibus
3493 3951 3740 4006 illudere
3765 3953 4037 4007 auderet.

2378 4040 2621 4094 Miratus
2658 4039 2974 4111 plurimum
3010 4040 3118 4095 hoc
3140 4042 3387 4095 audiens
3412 4041 3743 4111 patriarcha
3764 4045 3853 4095 est
3876 4040 4039 4112 cogi-

2378 4130 2485 4183 tari
2519 4129 2909 4200 attentarique
2931 4145 3021 4184 res
3045 4128 3191 4184 tales
3214 4130 3285 4185 ab
3313 4129 3687 4200 imperatore,
3712 4128 3911 4200 palam
3936 4130 4038 4183 in-

2374 4217 2668 4273 concessis
2699 4217 2984 4283 inhiante,
3011 4235 3115 4273 nec
3146 4223 3378 4274 verente
3413 4235 3514 4290 per
3544 4218 3925 4274 conculcatas
3955 4218 4039 4273 le-

2373 4323 2472 4378 ges
2501 4308 2559 4361 in
2591 4307 2981 4377 cupiditatum
3016 4308 3367 4378 obsequium
3389 4312 3825 4378 ruere,quantaa
3857 4308 4030 4363 illum

2374 4396 2646 4466 nequitiae
2671 4413 2941 4466 capacem
2967 4414 3080 4451 non
3102 4403 3237 4453 ante
3260 4397 3630 4453 credidisset.
3657 4399 3845 4463 Quare
3869 4397 4032 4453 haud

2374 4486 2626 4540 molliter
2644 4486 3045 4558 castigandam
3070 4491 3228 4542 ratus
3251 4491 3668 4557 erumpentem
3698 4487 3757 4541 in
3791 4491 3913 4542 tam
3939 4488 4036 4541 in-

2373 4576 2732 4631 vrrecundos
2764 4592 2947 4631 ausus
2976 4575 3295 4645 insaniam,
3329 4576 3679 4648 gravissime
3709 4576 3881 4632 illum
3915 4594 4035 4648 qua

2368 4667 2771 4737 exprobrando
2791 4682 2906 4735 qua
2924 4665 3293 4737 objurganda
3322 4665 3631 4738 increpuit,
3656 4666 3833 4721 minis
3852 4666 4032 4722 etiam

2360 4754 3207 4811 intentatisiraedivinazﬁimul
3226 4754 3571 4827 allegatosin
3588 4756 3887 4811 obtentum
3902 4773 4036 4827 pro_

2360 4851 2535 4901 tervze
2556 4845 2803 4900 lasciviae
2829 4850 3142 4915 praetextas
3167 4851 3231 4900 ut
3250 4844 3397 4901 telas
3421 4862 3775 4901 aranearum
3802 4848 4040 4915 amovit

2358 4936 3063 5006 dilllavitque,sapienter
3089 4951 3336 4990 monens
3362 4935 3677 4991 formidare
3693 4937 3807 4990 vim
3833 4935 4039 4990 homi-

2359 5042 2499 5080 num
2533 5030 2590 5080 et
2626 5025 2721 5080 Dei
2755 5040 2970 5080 numen
3006 5042 3071 5080 ac
3094 5024 3332 5097 vigilem
3360 5024 3420 5080 in
3454 5024 3678 5081 scelera
3701 5025 4029 5081 vindictam

2356 5115 2563 5171 audaci
2598 5115 2830 5170 licentia
2874 5130 3151 5185 spernere
3184 5114 3421 5170 nonnisi
3466 5116 3596 5186 ejus
3644 5131 3774 5171 esse
3795 5117 3895 5188 qui
3947 5115 4030 5171 de

2352 5223 2485 5261 vere
2544 5204 2907 5260 terribilibus
2967 5204 3219 5276 pessime
3275 5205 3525 5275 judicet,
3554 5204 3694 5261 hinc
3773 5206 4027 5277 quidem

2353 5297 2534 5351 stulte
2561 5294 3003 5366 trepidus,inde
3037 5301 3390 5366 praepostere
3420 5311 3690 5350 securus.
3726 5298 3984 5361 Qua-cun
4007 5342 4034 5353 -

2352 5401 2465 5457 que
2496 5384 2605 5438 sibi
2640 5384 2876 5437 domum
2905 5385 3193 5437 terrorum
3230 5388 3461 5455 spectra
3502 5399 3678 5455 prave
3732 5383 4030 5439 formido-

2349 5473 2458 5529 losi
2492 5472 2848 5543 contingant,
2878 5471 3107 5526 divinas
3140 5472 3321 5527 vereri
3362 5471 3519 5544 leges
3542 5488 3739 5529 veram
3772 5473 4027 5529 demum

2349 5563 2727 5620 securitatem
2766 5576 2916 5615 esse.
2953 5560 3258 5617 Desineret
3314 5561 3498 5632 igitur
3545 5578 3695 5616 vana
3760 5561 4027 5617 commi-

2346 5653 2492 5710 nisci
2525 5655 2579 5707 et
2610 5649 3061 5721 trepidationem
3092 5650 3329 5705 inanem
3356 5651 3520 5720 justo
3571 5655 3629 5705 et
3661 5656 3867 5707 sancto
3908 5649 4035 5727 Dei

2346 5753 2505 5806 metu
2541 5738 2981 5811 comprimeret.
3018 5739 3145 5795 Haec
3178 5743 3236 5795 et
3292 5738 3387 5795 his
3451 5744 3849 5795 consentanea
3878 5754 4035 5813 εει-
