4246 6446
169 427 277 484 625

1234 420 1329 474 DE
1372 418 1741 474 MICHABLB
1778 416 2222 476 ρΑωοιοοο
2259 422 2392 475 LIB.
2434 424 2533 478 III.

3474 421 3580 476 626

170 553 403 620 ἐκεῖνον,
435 551 478 605 εί
511 548 653 605 ἄλλο
680 570 733 603 τι
763 546 1015 622 πράττοι,
1045 548 1147 609 τῆς
1187 547 1285 598 τοῦ
1337 546 1576 617 Χριστοῦ
1619 541 1825 613 ὁλομε-
1861 555 1910 618 Α
1943 546 2038 596 τοῦ
2068 545 2260 597 πάππα
2287 543 2375 598 καὶ
2406 550 2513 601 τῶν
2543 551 2639 602 τοῦ
2665 546 2877 618 πᾶππα,
2904 547 2993 603 καὶ
3020 548 3094 611 ὡς
3125 546 3280 601 αὐτοῖ
3308 551 3461 624 φαῖεν
3491 545 3576 616 ἃν,

173 642 323 702 λείας
356 642 434 702 ὡς
470 639 640 709 μὲλος
673 637 909 705 σεσηπὸς
938 632 1048 703 ἤδη
1082 633 1174 687 καὶ
1206 630 1487 706 θεραπείαν
1532 631 1607 695 μὴ
1658 650 1830 705 προσ-

176 731 415 801 ιὲμενον,
469 728 589 783 ἐπεὶ
633 726 771 801 ἔγνω
823 721 1201 797 προσκρούσας
1232 722 1259 775 6
1294 719 1549 795 βασιλεὺς
1602 718 1826 793 ἴσχυρο-

176 818 322 892 τὲρῳ
347 822 457 871 τῶν
491 816 655 871 αὐτοῦ
706 812 984 887 δυνάμεων
1034 811 1122 865 καὶ
1173 811 1248 873 ὡς
1290 810 1426 883 πρὸς
1456 812 1645 880 Κρῆτα
1689 827 1792 879 κρη

170 909 313 976 τίζει
370 906 531 976 δῆθεν
579 906 673 959 τὸν
722 901 830 973 ἤδη
886 902 1127 974 μαθόντα
1167 899 1262 960 τὰς
1293 897 1500 952 ἐκείνου
1532 898 1826 971 ὑπιχειρή-

179 1016 289 1058 σεις
337 993 491 1068 (οὐδὶ
532 996 634 1070 γὰρ
683 992 771 1047 ἐπὶ
816 991 1006 1063 μικρὸν
1056 986 1171 1043 οὐδ’
1212 986 1424 1042 ἐκείνου
1469 987 1696 1058 ἠρεμεῖν
1747 982 1828 1038 εά

173 1084 307 1147 τοὺς
362 1082 664 1160 λογισμοὺς
721 1084 756 1151 ἡ
804 1084 901 1136 τοῦ
944 1076 1136 1140 παιδὸς
1173 1079 1424 1132 Ἰωάννου
1453 1074 1539 1129 ἐπὶ
1568 1078 1638 1147 τῇ
1673 1076 1825 1149 βασι-

172 1172 297 1245 λείᾳ
350 1173 700 1247 παρόρασις),
755 1169 1006 1243 πρύμναν
1054 1188 1114 1221 τε
1154 1166 1429 1240 κρούεται,
1483 1164 1547 1218 τὸ
1594 1168 1691 1217 τοῦ
1740 1162 1829 1216 Αό·

172 1284 301 1339 γου,
361 1263 453 1317 καὶ
513 1262 589 1324 ὡς
643 1261 786 1335 εἶχεν
851 1254 1144 1333 ὲφοδιάσας
1196 1257 1297 1323 τὴν
1356 1251 1639 1308 δέσποιναν
1698 1257 1827 1308 Ἂν-

170 1338 268 1407 ναν
330 1350 420 1406 ἐπὶ
475 1352 545 1405 τὰ
602 1349 776 1403 οίκεῖα
832 1347 1066 1418 πεμπειν
1098 1346 1351 1415 αἱρεῖται,
1385 1344 1468 1413 [Ρ.
1509 1344 1627 1413 123]
1678 1338 1825 1409 πλὴν

171 1441 254 1497 ἐπ’
310 1436 623 1513 ἀνταμοιόᾖ
680 1442 777 1493 τοῦ
833 1436 982 1511 παρὰ
1051 1431 1309 1509 τάδελφῷ
1370 1431 1572 1500 ταύτης
1634 1431 1828 1507 Μαφρὶ

172 1532 556 1606 κατεχομένου
633 1527 920 1601 Καίσαρος·
1001 1523 1112 1579 ἐκεῖ
1182 1522 1283 1597 γάρ
1354 1523 1407 1575 o't
1465 1522 1492 1575 6
1568 1521 1824 1593 πενθερὸς

170 1619 384 1674 ἐκείνου
414 1616 648 1693 Μιχαὴλ
681 1618 709 1670 6
740 1614 1007 1683 δεσπότης
1051 1616 1239 1666 τοῦτον
1284 1612 1554 1684 κρατήσας
1600 1608 1824 1680 ἐξέπεμ-

166 1712 287 1782 ψεν,
352 1708 427 1769 ὡς
482 1705 827 1781 προείρηται.
884 1705 1010 1760 Ὀτι
1065 1698 1123 1755 δὲ
1174 1703 1374 1772 σκῆψις
1432 1700 1491 1767 ἦν
1546 1697 1733 1770 ἐκείνῳ
1762 1699 1823 1753 τὸ

1931 638 2031 699 τῆς
2056 632 2232 686 αὐτῶν
2268 633 2609 704 Ἑκκλησίας.
2642 634 2783 691 Οὐδὲ
2812 638 2911 711 γὰρ
2962 632 3258 691 ἐϐούλοντο
3287 634 3422 689 κατὰ
3450 634 3578 694 τοὺς

1934 718 2140 783 ἄλλους
2190 724 2278 776 καὶ
2326 723 2477 779 αὐτοὶ
2526 724 2789 788 εὐπειθεῖν
2840 747 2897 780 τε
2927 726 3015 780 καὶ
3059 723 3578 786 ὑποκατακλίνεσθαι

1934 811 2049 863 καθ’
2107 812 2135 864 ὅ
2190 832 2240 865 τι
2303 810 2445 884 λέξοι
2498 814 2587 867 καὶ
2644 814 2835 887 πράξοι
2895 812 3407 882 ὁτῆςἘκκλησίας
3437 812 3580 866 ἐπει-

1937 898 2401 971 λημμένος,ἆλλ’
2459 902 2787 973 αὐτονόμοις
2847 902 3056 976 χαίρειν
3109 905 3307 976 ὁρμαῖς
3366 900 3451 955 καὶ
3486 898 3579 954 οὕς

1934 1008 2040 1049 τως
2095 988 2181 1043 ἐπὶ
2218 989 2469 1051 Σικελίας
2502 990 2590 1045 καὶ
2639 995 2746 1044 τῶν
2782 991 2931 1053 ἐκτὸς
2974 994 3071 1059 τήν
3121 991 3301 1065 ἀρχῆν
3331 989 3575 1044 διοικεῖν.

1932 1072 2301 1151 Ὑϐριοπαθῶν
2337 1077 2382 1133 δ’
2414 1081 2440 1134 6
2480 1080 2704 1142 πάππας
2749 1080 2886 1154 πρὸς
2915 1085 3100 1149 ταῦτα,
3136 1081 3307 1155 εὑρὼν
3343 1077 3581 1152 δραστή-

1935 1188 2047 1244 ριον
2102 1167 2289 1243 ἄνδρα,
2348 1167 2579 1249 ἀδελφὸν
2632 1170 2802 1245 ῥηγὸς
2853 1177 2961 1227 τῶν
3012 1173 3397 1247 Φραντζίσκων
3456 1166 3580 1225 ὅντα

1933 1259 2022 1313 καὶ
2080 1257 2155 1320 εἷς
2201 1257 2424 1318 κόντους
2469 1261 2795 1334 τεταγμένον
2844 1260 2934 1313 τὸν
2969 1258 3276 1332 Κάρουλον,
3324 1258 3416 1312 τὸν
3462 1258 3577 1311 κατ’

1933 1346 2148 1401 ἐκείνων
2206 1348 2280 1409 ὡς
2341 1345 2501 1416 δῆθεν
2560 1347 2875 1403 ἀποστατῶν
2935 1348 3223 1424 ἐγχειρίζει
3280 1347 3577 1419 πόλεμον,

1931 1436 2087 1506 τάξας
2142 1434 2345 1491 ἐκεῖνον
2383 1483 2397 1507 ,
2458 1437 2533 1501 είς
2589 1440 2689 1507 τήν
2748 1438 2922 1492 αὐτῶν
2977 1439 3136 1514 ῥῆγα,
3184 1438 3273 1492 καὶ
3332 1435 3576 1506 πόλεμον

1933 1522 2192 1596 ἐμϐαλὼν
2241 1524 2467 1587 ἐκείνοις
2512 1524 2751 1581 ἐντεῦθεν
2806 1528 3107 1600 ἀκήρυκτον
3154 1530 3234 1600 ΙΡ.
3284 1528 3406 1598 124]
3457 1528 3578 1583 Πῶς

1931 1612 2022 1669 οὖν
2074 1614 2126 1668 οἱ
2155 1613 2311 1668 τόσον
2348 1612 2731 1691 διαφερόμενοι
2761 1616 2895 1688 πρὸς
2935 1616 3027 1670 τὸν
3080 1613 3362 1683 Κάρουλον
3412 1615 3578 1686 ὁμαι-

1931 1709 2097 1778 χιεεῖν
2152 1703 2285 1775 μετὰ
2332 1707 2429 1757 τοῦ
2482 1703 2757 1778 βασιλέως
2806 1702 3041 1777 ἔμελλον
3092 1706 3353 1772 nubimus;
3384 1705 3577 1775 ’Ὁμως

170 1792 659 1872 προϐαλλόμενον,
690 1794 777 1848 καὶ
816 1792 980 1865 μόνον
1008 1786 1209 1858 ἔρωτος
1240 1786 1491 1863 θεραπεία
1514 1787 1602 1841 καὶ
1636 1786 1698 1841 οὐ
1728 1791 1823 1841 τοῦ
1928 1795 1990 1849 τὸ
2046 1790 2424 1866 μελετώμενον
2471 1792 2837 1866 ἀπεκρούσθη,
2885 1794 2975 1847 καὶ
3023 1795 3049 1848 6
3104 1794 3356 1867 βασιλεὺς
3389 1789 3572 1864 ἔμενεν

164 1889 358 1941 κοινοῦ
388 1886 724 1961 προμήθεια,
771 1884 800 1936 δ
847 1886 955 1935 τῶν
1005 1880 1343 1954 πραγμάτων
1394 1875 1553 1940 εἶδὼς
1581 1873 1821 1951 ἀκριϐῶς
1854 1926 1902 1992 Β
1933 1883 2019 1939 ἐπὶ
2068 1884 2273 1954 τρόπου
2316 1883 2405 1936 καὶ
2451 1883 2516 1937 τὰ
2569 1883 2733 1936 αὐτοῦ
2794 1882 3041 1958 ἔπραττε,
3092 1885 3168 1937 Τὰ
3226 1882 3271 1937 δ’
3329 1884 3465 1951 ἦσαν
3512 1883 3576 1935 τὸ

212 1976 227 1992 \
383 1972 404 1992 Χ
428 1974 439 1992 Ι
706 1971 725 1992 Ἴ
816 1971 861 1992 Iv
898 1991 915 1992 κ
1938 1974 1966 1992 Λ
2042 1971 2062 1992 Ἰ
2089 1974 2102 1991 \
2206 1974 2218 1992 Ι
2315 1974 2327 1992 Ι
2530 1972 2541 1989 ‘
2654 1970 2680 1992 ﬂ
3038 1972 3063 1992 εν
3252 1973 3265 1992 τ
3413 1971 3458 1992 ον

163 1976 268 2045 τὴν
312 1972 547 2047 μελέτην
583 1971 971 2047 συνελογίζετο.

257 2141 331 2205 η’.
372 2136 450 2188 Τὰ
487 2134 623 2188 κατὰ
658 2133 749 2187 τὸν
772 2128 1024 2208 *ἀδελφὸν
1066 2131 1405 2208 ’ἒννηςιτῆς
1446 2125 1741 2199 δεσποίνης

607 2204 798 2282 Μαφρὲ
835 2204 921 2258 καὶ
940 2200 1054 2257 ’τὸν
1097 2200 1397 2276 Κάρουλον.

1937 1971 2139 2049 βουλὰς
2200 1974 2440 2051 ὑφαίνειν
2496 1972 2585 2026 σὺν
2647 1970 2954 2049 ἄρχουσιν,
3034 1972 3182 2035 ὅπως
3242 1971 3578 2041 ἆνακτίζοιτο

1938 2063 2033 2134 μὲν
2092 2066 2125 2131 ἡ
2184 2062 2347 2121 πόλις
2404 2060 2492 2117 διὰ
2547 2063 2758 2138 ταχέων
2804 2062 2887 2117 ἐπ’
2920 2060 3113 2134 ἀδήλῳ
3170 2066 3247 2134 τῷ
3296 2062 3347 2117 τί
3378 2060 3579 2119 Ἰταλοὶ

1935 2159 2183 2231 φρονοῖεν
2216 2151 2338 2226 περί
2370 2153 2537 2221 αὐτῆς
2567 2151 2707 2225 (δὲος
2748 2152 2850 2227 γὰρ
2888 2154 2964 2225 μὴ
3016 2153 3232 2230 ἀφανῶς
3263 2150 3578 2223 ἐπιθοῖντο),

1933 2242 2083 2303 ὅπως
2139 2239 2198 2296 δὲ
2252 2241 2561 2319 φυλαχθείη
2618 2239 2917 2314 Ῥωμαίοις
2964 2242 3294 2297 ἐπιστάντων
3337 2240 3578 2308 ἐκείνων,

244 2337 310 2391 Ἦ
342 2335 447 2408 γὰρ
478 2338 641 2391 Ἀννα
673 2330 1013 2407 Φρεδερίχου
1064 2331 1162 2405 μὶν
1204 2330 1270 2400 ἦν
1318 2330 1581 2405 θυγάτηρ,
1636 2330 1825 2405 Haupt
1931 2332 2021 2387 καὶ
2072 2333 2147 2405 μὴ
2197 2333 2447 2409 φανέντες
2482 2330 2769 2411 λαφύξαιεν
2801 2332 2875 2394 ὡς
2929 2329 2982 2403 ἐξ
3035 2332 3276 2409 ἀνάγκης
3323 2330 3579 2408 κραταιό-

170 2419 217 2478 δ⁸
251 2420 592 2499 αὖταδὲλφη,
613 2422 687 2484 ὡς
720 2422 748 2477 6
772 2420 937 2497 λόγος
958 2420 1162 2499 φθάσας
1185 2417 1482 2492 ἐδήλωσεν,
1505 2419 1821 2474 ἀποστατῶν
1929 2442 2083 2497 τερον
2141 2420 2443 2494 ἰπιθέμενοι
2486 2465 2500 2481 .

173 2623 355 2678 vitate
384 2621 486 2677 tali
524 2638 769 2692 persona
819 2621 999 2693 digna
1037 2626 1369 2677 monentem
1403 2620 1822 2692 patriarcbam,

170 2712 450 2783 clareque
499 2710 744 2783 insuper
773 2710 1098 2766 minantem
1152 2726 1279 2766 sese
1327 2709 1519 2779 illum,
1552 2711 1601 2766 si
1653 2726 1824 2783 porro

175 2802 436 2875 cogitata
468 2804 857 2873 promoveret,
889 2817 921 2856 e
949 2800 1163 2856 Christi
1193 2816 1433 2872 corpore
1466 2798 1622 2856 velut
1652 2816 1829 2856 mem-

178 2894 353 2947 brum
389 2889 691 2963 putridum
724 2893 783 2945 et
837 2889 1193 2944 curationem
1228 2904 1509 2961 respuens
1531 2888 1829 2944 abscissu-

175 2996 339 3049 rum,
373 2978 658 3035 reveritus
688 2978 1027 3049 imperator,
1060 2983 1161 3033 aut
1192 2978 1386 3047 potius
1425 2978 1706 3034 confusus
1736 2978 1831 3033 de-

190 3069 489 3142 prehensa
517 3069 707 3139 turpis
735 3068 851 3124 voti
886 3069 1264 3137 conscientia,
1304 3076 1699 3142 eventumque
1732 3070 1831 3124 de-

182 3175 438 3232 sperans
472 3157 643 3230 empti
697 3157 973 3213 facultate
1012 3158 1190 3230 (quod
1240 3174 1370 3213 sero
1419 3158 1728 3221 sentiebat)
1775 3162 1833 3214 et

180 3249 415 3304 viribus
438 3247 781 3319 superioris,
814 3248 1057 3319 insuper
1083 3252 1351 3303 metuens
1383 3264 1455 3303 ne
1484 3254 1706 3304 veteres
1739 3264 1834 3319 pa-

177 3336 455 3394 triarcha:
487 3336 545 3391 in
596 3352 658 3392 se
687 3335 1040 3392 offensiones
1067 3336 1141 3392 ob
1173 3341 1433 3393 amotum
1474 3338 1549 3393 ab
1598 3337 1829 3409 imperii

174 3427 429 3500 collegio
458 3426 744 3482 Joannem
781 3425 1103 3491 retricaret,
1137 3442 1203 3482 ac
1220 3429 1372 3482 clare
1394 3427 1627 3483 tandem
1662 3426 1829 3482 intel-

175 3516 372 3589 ligens
406 3519 624 3571 frustra
655 3531 716 3570 se
746 3515 943 3569 fucum
976 3514 1414 3587 perspicacibus
1446 3516 1597 3573 185
1641 3518 1830 3572 facere

178 3609 462 3664 cenatum
490 3607 835 3675 erumpente
864 3603 921 3658 in
956 3604 1224 3660 notitiam
1248 3605 1398 3661 male
1429 3610 1583 3661 tecta
1604 3605 1827 3673 fraude,

181 3694 521 3766 remigium,
556 3700 623 3747 ut
651 3693 737 3749 sic
758 3693 987 3765 loquar,
1018 3693 1295 3763 inhibuit,
1327 3699 1383 3751 et
1403 3697 1571 3767 quasi
1599 3712 1633 3752 a
1654 3711 1831 3751 cursu

179 3790 405 3841 temere
436 3782 603 3839 initio
634 3799 696 3838 se
728 3782 1053 3856 reprimens
1085 3783 1373 3853 incubuit,
1406 3785 1561 3857 quod
1596 3784 1831 3851 dicitur,

175 3876 237 3931 in
265 3888 536 3947 porrum,
569 3880 723 3929 retro
752 3871 966 3929 cessim
989 3872 1251 3943 nitendo,
1282 3890 1432 3931 novo
1471 3873 1739 3931 videlicet
1767 3891 1835 3930 ex

179 3979 243 4021 re
274 3967 449 4033 capto
507 3960 773 4031 consilio,
832 3962 1169 4017 dimittendi
1201 3964 1273 4019 ad
1325 3980 1433 4020 sua
1457 3964 1689 4037 copioso
1748 3964 1835 4019 in-

181 4057 475 4109 structam
507 4051 718 4107 viatico
749 4050 1044 4107 dominam
1069 4053 1318 4123 Annam,
1344 4056 1617 4109 caeterum
1645 4057 1837 4124 postu-

183 4142 319 4199 laus
350 4157 484 4196 cum
520 4157 589 4196 ea
622 4140 947 4211 permutari
978 4145 1036 4195 et
1055 4140 1314 4197 vicissim
1338 4140 1587 4198 liberum
1621 4142 1836 4197 dimitti

186 4231 483 4288 Caesarem
508 4228 661 4302 apud
686 4228 1050 4285 Mantredum
1074 4236 1255 4286 Anna:
1281 4231 1515 4286 fratrem
1540 4233 1836 4287 detentum

186 4336 257 4376 eo
289 4318 514 4391 quippe
544 4316 713 4373 illum
737 4335 770 4372 a
800 4334 863 4373 se
894 4318 1046 4375 bello
1078 4325 1316 4391 captum
1352 4320 1483 4391 ejus
1515 4336 1680 4376 socer
1710 4321 1845 4375 des-

188 4416 334 4482 pota
365 4406 608 4463 Michael
639 4407 973 4462 ducendum
1020 4413 1343 4476 curaverat,
1380 4414 1444 4464 ut
1473 4409 1693 4465 dictum
1734 4414 1843 4466 est.

190 4505 377 4555 Porro
409 4497 583 4552 istam
623 4497 695 4551 ab
726 4496 1075 4568 imperatore
1107 4501 1461 4555 ostentatam
1494 4498 1847 4555 sollicitudi-

2559 2419 2695 2476 Ούδὶ
2749 2421 2851 2495 γὰρ
2903 2422 3128 2497 ἠρεμεῖν
3184 2420 3314 2477 οὐδὲ
3384 2420 3577 2496 μικρὸν

1935 2639 1999 2677 ac
2027 2622 2259 2693 placitis
2283 2623 2646 2678 moderantis
2668 2621 2984 2678 Ecclesium
3007 2620 3295 2690 volebant,
3325 2622 3425 2678 sed
3451 2623 3587 2677 atl‘e-

1935 2713 2173 2769 ctabant
2194 2712 2681 2784 usurpabantque
2712 2711 2933 2768 nemini
2954 2710 3267 2767 obnoxiam
3290 2711 3587 2768 licentiam

1935 2802 2143 2874 agendi
2176 2806 2224 2857 et
2251 2801 2550 2857 statuendi
2576 2806 2749 2872 prout
2780 2800 3003 2862 liberet,
3028 2816 3093 2855 ac
3116 2799 3199 2854 sic
3221 2804 3335 2855 ιιιιιι
3364 2800 3420 2855 in
3446 2799 3588 2855 Sici-

1937 2891 2017 2946 lia
2035 2907 2208 2961 quam
2230 2898 2509 2959 extrema,
2532 2889 2704 2962 pleno
2719 2896 2775 2944 et
2793 2889 3019 2944 nullum
3041 2894 3390 2960 agnoscente
3410 2904 3584 2959 supe-

1940 2982 2149 3038 riorem
2181 2980 2467 3048 dominio,
2499 2995 2759 3051 regnare.
2802 2982 3061 3045 Quarum
3119 2977 3580 3034 intolerabilium

1940 3071 2291 3143 injuriarum
2318 3074 2527 3125 nactus
2553 3085 2701 3141 papa
2736 3069 3014 3124 idoneum
3038 3066 3285 3123 ultorem
3311 3068 3582 3123 Carolum

1943 3164 2177 3218 fratrem
2199 3158 2351 3230 regis
2371 3159 2745 3225 Francorum,
2771 3174 2835 3212 ex
2853 3161 3157 3213 contorum
3174 3156 3585 3213 sivecomitum

1942 3250 2166 3312 ordine,
2199 3250 2386 3305 virum
2432 3254 2762 3318 strenuum,
2796 3247 2949 3303 bello
2997 3262 3131 3303 eum
3163 3245 3423 3318 prefecit
3467 3245 3584 3303 illis

1941 3338 2119 3395 veluti
2156 3334 2473 3393 rebellibus
2496 3340 2552 3391 et
2582 3335 2866 3408 apostatis
2890 3333 3133 3402 indicto,
3162 3349 3409 3407 regnum
3435 3332 3584 3406 ipsis

1938 3431 2203 3499 ereptum
2232 3425 2317 3482 illi
2351 3425 2619 3481 tribuens
2650 3441 2827 3497 quam
2858 3423 3085 3497 optimo
3104 3424 3237 3493 jure
3265 3423 3581 3496 possiden-

1936 3519 2097 3587 dum,
2132 3517 2180 3571 si
2203 3533 2302 3573 eos
2330 3516 2380 3570 vi
2406 3522 2463 3571 et
2485 3516 2667 3571 armis
2691 3516 2827 3570 inde
2849 3513 3129 3587 pelleret;
3156 3513 3212 3569 id
3238 3514 3391 3587 quod
3412 3529 3581 3569 sum-

1938 3622 2035 3662 ma
2066 3621 2173 3679 epe
2202 3610 2340 3659 tunc
2372 3620 2501 3659 cum
2536 3603 2787 3659 maxime
2819 3601 2912 3657 ille
2943 3602 3156 3658 ardens
3180 3601 3443 3674 nihilque
3466 3617 3583 3657 non

1938 3712 2181 3751 movens
2210 3694 2552 3749 conabatur.
2585 3692 2887 3759 Quodnam
2919 3708 3079 3764 ergo,
3109 3706 3330 3763 quasso,
3361 3691 3586 3763 pericu-

1938 3783 2063 3839 lum
2090 3786 2234 3848 erat,
2259 3798 2331 3839 ne
2361 3782 2458 3837 isti
2482 3781 2636 3838 186
2658 3798 2791 3837 cum
2814 3780 3017 3837 Carolo
3037 3778 3375 3836 communis
3395 3779 3453 3835 in
3479 3795 3586 3836 nos

1941 3872 2330 3945 expeditionis
2345 3871 2684 3928 societatem
2716 3869 2958 3939 inirent,
2972 3869 3214 3941 quicum
3228 3867 3589 3942 capitalibus

1944 3961 2247 4019 commissi
2278 3960 2429 4017 odiis
2460 3958 2822 4016 internecino
2852 3958 3008 4015 bello
3037 3957 3113 4014 de
3130 3961 3287 4014 statu
3310 3961 3371 4014 et
3398 3957 3592 4014 salute

1946 4050 2355 4108 dimicabant?
2385 4049 2446 4105 In
2479 4049 2638 4105 hunc
2669 4048 2910 4104 modum
2940 4046 3053 4103 ille
3094 4048 3167 4103 de
3199 4062 3343 4103 novo
3384 4047 3591 4118 conju-

1947 4142 2041 4215 gio
2070 4139 2440 4210 imperatoris
2459 4138 2843 4210 cogitationes
2859 4140 3247 4206 evanuerunt,
3270 4134 3399 4209 ipso
3430 4138 3489 4191 in
3512 4134 3595 4190 of-

1948 4229 2080 4286 ficio
2108 4231 2485 4302 permanente
2498 4242 2563 4283 ac
2584 4226 2653 4282 de
2673 4230 2879 4283 caetero
2898 4225 3122 4282 intento
3137 4224 3311 4281 rebus
3333 4222 3477 4281 suis.
3499 4225 3594 4281 In-

1948 4326 2038 4375 ter
2049 4335 2197 4390 quas
2214 4334 2342 4389 quis
2354 4322 2494 4372 tunc
2509 4318 2815 4388 urgebant,
2831 4312 3457 4371 erantdeliberationss
3472 4328 3599 4369 cre-

1951 4411 2056 4466 bro
2070 4409 2141 4464 ab
2155 4406 2479 4464 illohabitte
2493 4422 2622 4461 cum
2654 4404 2860 4477 primis
2872 4419 3115 4460 suorum
3129 4404 3201 4460 de
3214 4403 3599 4460 restauranda

1955 4496 2397 4572 quamprimum
2434 4496 2595 4561 urbe,
2625 4495 2831 4566 sicque
2863 4493 3022 4549 omni
3058 4492 3463 4565 presidiorum
3498 4508 3599 4564 ge-

190 4605 328 4646 nem
355 4588 717 4661 precavendi
740 4602 813 4643 ne
834 4588 1067 4659 cognati
1088 4590 1265 4644 Anna
1286 4592 1564 4664 Augustin
1590 4606 1723 4645 cum
1747 4606 1849 4645 cm-
1957 4604 2093 4645 nere
2124 4593 2180 4643 et
2208 4586 2444 4641 intentae
2473 4583 2686 4656 vigiliae
2730 4584 2994 4640 custodia
3028 4582 3342 4650 ﬁrmanda,
3376 4587 3440 4636 ut
3468 4597 3596 4654 quas

192 4680 341 4737 teris
382 4680 608 4736 Latinis
644 4679 1073 4751 conspirarent,
1106 4681 1250 4736 nihil
1284 4682 1396 4738 nisi
1428 4699 1641 4738 vanum
1674 4689 1732 4738 et
1764 4684 1848 4737 in-

1959 4694 2171 4735 arcano
2203 4674 2532 4748 comparari
2564 4674 2898 4729 ferebantur
2912 4672 2978 4727 ad
2996 4688 3123 4727 eam
3140 4672 3600 4744 recuperandam

195 4769 577 4826 verisimilem
599 4776 940 4842 praetextum
969 4772 1149 4827 fuisse
1172 4773 1330 4828 vafra
1350 4773 1727 4829 simulatione
1747 4774 1845 4829 ob-
1886 4758 1928 4822 Β
1960 4768 2253 4825 insidiosa!
2283 4764 2618 4819 molitiones
2655 4761 3014 4825 Latinorum.
3050 4760 3519 4833 quandocumque
3541 4760 3600 4814 in

196 4865 431 4917 tentum
479 4860 688 4916 vitioso
721 4862 903 4917 amori
936 4879 1048 4932 quo
1095 4862 1402 4935 ﬂagrabat,
1436 4863 1629 4935 palam
1662 4880 1841 4935 appa-

194 4952 316 5008 ruit
346 4956 570 5008 statum
602 4968 799 5008 rerum
831 4957 974 5009 tunc
1001 4953 1329 5010 Italicarum
1352 4972 1420 5011 ex
1438 4972 1573 5011 vero
1605 4955 1843 5010 scienti-

193 5044 328 5099 bus.

188 5187 244 5242 8.
278 5186 358 5244 De
396 5186 577 5257 fratre
603 5186 847 5247 dominae
887 5190 1066 5247 Annae
1108 5188 1407 5261 Man/reda,
1439 5194 1490 5247 et
1522 5190 1589 5247 de
1629 5191 1844 5248 Carolo.

263 5310 601 5368 Fridericus
621 5312 776 5377 enim
800 5318 859 5369 et
878 5313 1499 5387 Manfredus,quorum
1525 5315 1692 5371 illum
1718 5316 1847 5387 qui-

197 5403 335 5457 dem
385 5403 565 5457 Annze
598 5408 844 5474 patrem,
879 5403 1033 5460 hunc
1066 5407 1302 5461 fratrem
1351 5405 1535 5462 fuisse
1566 5406 1848 5474 diximus,

200 5492 378 5549 ambo
411 5507 446 5546 a
477 5507 628 5565 papa
655 5496 712 5547 et
742 5509 908 5565 papas
930 5494 1196 5567 partibus
1224 5496 1578 5561 defecerant,
1602 5501 1657 5552 et
1690 5496 1848 5550 utibi

1954 4860 2074 4914 vim
2092 4856 2445 4928 erupissent,
2461 4869 2737 4910 successu
2764 4850 3604 4907 frustrarentur.Timehantur

1956 4948 2113 5004 enim
2145 4945 2384 5003 occultas
2415 4948 2568 4999 artes
2598 4949 2653 4997 et
2685 4941 3078 5014 proditionum
3113 4941 3367 4995 fraudes.
3393 4940 3602 5011 Copia.

1955 5055 2020 5095 ru
2032 5054 2084 5093 tn
2102 5050 2335 5109 quoque
2350 5050 2415 5090 ac
2431 5036 2769 5089 ceterorum
2785 5034 3172 5104 apparatuum
3206 5027 3340 5085 belli
3358 5029 3605 5085 curaba-

1951 5131 2141 5198 tur,ut
2169 5130 2401 5183 tantum
2421 5129 2578 5181 esset
2604 5122 2674 5178 ad
2701 5136 2940 5178 manum
2974 5124 3261 5192 quantum
3295 5135 3446 5191 opus
3484 5123 3610 5174 erat

1958 5221 2028 5275 ad
2064 5216 2521 5292 prohibendum,
2555 5228 2625 5269 ne
2657 5210 2851 5268 statim
2904 5214 3077 5282 atque
3110 5210 3166 5265 in
3226 5213 3608 5281 conspectum
3634 5211 3651 5221 '

1959 5309 2123 5364 urbis
2152 5308 2408 5362 venisset
2438 5299 2827 5365 formidabilis
2865 5298 2980 5363 ille,
3015 5315 3191 5371 quem
3226 5301 3381 5354 fama
3403 5315 3433 5354 e
3489 5302 3614 5353 erat
3670 5370 3675 5375 ι

1961 5397 2257 5463 adornari,
2281 5393 2570 5451 exercitus
2591 5391 3023 5456 ltslorum,eam
3047 5386 3515 5458 absorberet,sed
3541 5388 3612 5443 ab

1958 5488 2195 5545 illorum
2228 5481 2606 5557 quantumvis
2626 5477 3074 5537 vehementibus
3096 5476 3504 5534 defenderetur
3520 5476 3614 5531 in-

197 5582 624 5655 loquebantur,
675 5586 1165 5640 excommunicati
1199 5585 1271 5640 ab
1304 5585 1560 5641 Ecclesia
1590 5586 1852 5658 ipsorum
1962 5578 2220 5636 sultihus
2240 5582 2296 5631 et
2319 5574 2581 5629 Romano
2604 5570 2851 5643 imperio
2874 5573 3220 5658 servaretur.
3256 5568 3616 5658 linquentes

196 5654 344 5729 suus
375 5670 491 5727 sibi
542 5671 792 5729 seorsim
826 5688 919 5730 res
969 5674 1282 5732 habebant.
1332 5674 1458 5731 Non
1490 5654 1648 5730 enim
1700 5674 1857 5732 sicut
1964 5684 2136 5743 porro
2151 5661 2555 5721 memorabant
2577 5660 2767 5736 nuntii
2791 5656 2946 5715 haud
2972 5673 3201 5714 cessare
3228 5654 3348 5713 ulla
3369 5656 3428 5711 in
3454 5660 3616 5729 parte

202 5760 395 5818 caeteri
429 5760 835 5834 obtemperare
857 5779 923 5819 ac
947 5780 1009 5820 se
1040 5765 1363 5838 morigeros
1395 5764 1857 5837 praeberejussis

1969 5757 2169 5827 italos,
2185 5755 2284 5811 sed
2302 5754 2359 5809 in
2375 5750 2760 5825 expeditionis
2782 5758 3065 5827 apparatu
3082 5747 3303 5822 duplici
3316 5750 3470 5805 totos
3486 5760 3616 5803 esse
