4246 6446
659 387 766 442 627
1965 389 2271 446 GEORGII
2307 388 2771 447 PACHYMERB
3960 397 4070 453 628

652 508 946 579 ἠκούοντο,
977 505 1123 563 ἀλλᾶ
1154 508 1348 563 στόλον
1384 510 1640 582 μέγιστον
1669 509 1774 563 ἀπὸ
1814 515 1918 583 γῆς
1967 510 2056 563 καὶ
2106 505 2302 563 θαλάσ·
2332 510 2388 576 Α
2416 509 2612 564 ἱκανῶν
2670 510 2745 574 εἰς
2794 511 3059 587 γεωργίαν
3105 517 3213 567 τῶν
3263 513 3534 590 ἀρουρῶν,
3590 513 3728 571 ὅπου
3773 516 3833 572 ἂν
3881 516 4067 587 εἴησαν

654 619 752 667 σης
781 595 917 651 κατὰ
943 602 1045 663 τῆς
1078 597 1293 658 πόλεως
1327 596 1691 671 ἐξαρτύεσθαι.
2408 596 2563 652 αῦται
2592 599 2682 653 καὶ
2712 602 2838 675 παρ’
2894 602 2966 655 ὧν
3024 604 3370 677 κατέχοιντο,
3418 608 3525 658 τῶν
3576 602 3725 667 ἐντὸς
3776 603 3921 682 λέγω
3967 615 4066 677 τῆς

2407 685 2645 760 πόλεως,
2695 688 2892 750 αὐτοὺς
2943 696 3203 765 γεωργεῖν
3260 687 3406 766 ἕχεὶν
3457 697 3711 755 νεοῦντας
3766 696 3857 749 καὶ
3916 697 4069 751 σπεί-

2411 796 2603 851 ροντας
2662 777 2750 832 καὶ
2812 778 3160 851 θερίζοντας,
3216 779 3292 841 ὡς
3341 779 3474 834 εἶναι
3534 780 3623 834 καὶ
3681 786 3797 844 τοῖς
3858 784 4068 857 ἀνθρώ-

2409 885 2533 926 ποις
2566 866 2808 940 αὐτάρκη
2860 870 3091 944 τροφὴν,
3126 870 3207 941 [Ρ.
3244 871 3365 941 125]
3411 870 3549 943 πρὸς
3596 874 3674 941 τῷ
3724 870 3813 924 καὶ
3862 871 4066 947 ταρίχη

2408 956 2840 1029 προεισαχθῆναι
2872 960 3033 1011 τοῦτο
3075 958 3172 1030 μὲν
3223 957 3274 1027 ἐξ
3312 958 3465 1012 ὑείων
3500 962 3672 1033 κρεῶν
3721 964 3886 1014 τοῦτο
3921 958 3978 1015 δέ
4008 982 4071 1035 γε

2410 1041 2498 1096 καὶ
2530 1040 2589 1096 ἐκ
2633 1043 2729 1096 τοῦ
2774 1046 2882 1097 τῶν
2934 1038 3226 1117 προϐάτων
3267 1043 3564 1119 γάλακτος,
3614 1046 3703 1099 καὶ
3735 1047 3896 1121 χιλὸν
3949 1053 4073 1109 τοῖς

2408 1130 2602 1193 ’ἱπποις
2635 1133 3093 1207 προσαπομένειν,
3126 1132 3261 1187 εἶναι
3292 1130 3350 1187 δὲ
3398 1134 3488 1187 καὶ
3538 1139 3869 1211 γεωργοῦσιν
3920 1135 4073 1198 ἐντὸς

2409 1220 2476 1274 τὰ
2533 1218 2585 1281 ἐς
2642 1221 2849 1298 τροφήν
2929 1220 3274 1295 ἀνθρωπίνην
3330 1225 3435 1276 τῶν
3496 1223 3648 1290 ζώων
3726 1221 3778 1293 ἐξ
3831 1224 4073 1298 ἀνάγκης

2411 1309 2823 1383 περιγινόμενα,
2873 1310 2948 1373 ὡς
2986 1310 3198 1387 τρέφειν
3257 1310 3464 1365 ἰκπνως
3525 1310 3736 1386 ἔχουσι.
3798 1308 4081 1386 Περιϐλή-

2417 1418 2557 1470 ματα
2607 1395 2663 1452 δὲ
2712 1396 2771 1452 ἐκ
2818 1398 3013 1473 βοείων
3068 1396 3350 1473 δερμάτων
3392 1405 3513 1462 ταῖς
3547 1399 3751 1456 σανίσιν
3804 1400 4080 1467 ἐπιτεθεῖ-

2414 1487 2557 1557 σθαι,
2610 1487 2685 1559 μή
2734 1488 2820 1541 καὶ
2874 1491 2981 1563 πῦρ
3037 1487 3352 1549 ἐναύσαντες
3392 1487 3660 1543 ἐκκαίοιεν
3693 1491 3744 1543 οἱ
3776 1490 4073 1563 πολέμιοι.

2412 1576 2493 1631 Τά
2526 1575 2620 1647 μέν
2672 1573 2762 1629 οὖν
2804 1579 2911 1630 τῶν
2945 1573 3176 1631 σανίδων
3227 1575 3304 1638 εἷς
3335 1574 3487 1653 ἔργον
3521 1572 3700 1648 ἐξέϐη,
3748 1578 3837 1633 καὶ
3867 1580 4075 1655 πύργοι

645 1669 736 1723 καὶ
770 1663 1027 1742 στιϐαράς
1078 1667 1214 1741 πρὸς
1265 1667 1328 1721 τὸ
1378 1671 1496 1729 ταῖς
1527 1664 1813 1742 ἐπιφοραῖς
1867 1666 2113 1741 ἀντέχειν
2150 1666 2304 1732 εἶναι,
2418 1665 2512 1737 μέν
2558 1664 2631 1725 ὡς
2681 1664 2767 1717 έπὶ
2812 1669 2956 1738 τρεῖς
2989 1666 3287 1739 ἀνυψοῦντο
3323 1668 3550 1739 πήχεις,
3582 1665 3743 1742 τείχη
3778 1665 3837 1722 δέ
3865 1667 4075 1723 ἀναλό-

645 1757 771 1819 τούς
819 1778 877 1811 τε
924 1755 1162 1831 πύργους
1211 1755 1298 1809 καὶ
1348 1755 1413 1809 τά
1467 1754 1628 1831 τείχη
1690 1758 2068 1828 προσανυψοῦν
2103 1797 2117 1823 ,
2168 1755 2303 1829 πρὸς
2412 1773 2522 1827 γως
2570 1758 2686 1817 τοῖς
2728 1753 2955 1828 πύργοις
2982 1755 3081 1822 τὴν
3111 1750 3277 1825 αὔξην
3312 1749 3645 1826 ἐλάμϐανον
3696 1756 3761 1809 τά
3792 1753 3849 1810 δὲ
3898 1755 4074 1812 λοιπᾶ

650 1844 709 1901 δέ
778 1867 838 1919 γε
886 1845 949 1899 τὸ
1017 1845 1300 1918 αὐτάρκως
1358 1840 1503 1918 ἔχειν
1572 1848 1679 1899 τῶν
1757 1844 2085 1914 ἀνοεξόντων
2150 1841 2301 1905 ἐντὸς
2335 1867 2381 1931 Β
2418 1842 2790 1915 ὑπερετίθεντο
2845 1845 2916 1904 ὡς
2967 1842 3055 1897 ἐπὶ
3106 1847 3302 1918 καιροῦ
3350 1846 3662 1920 πράξοντες.
3715 1848 3788 1901 Τὸ
3846 1845 3892 1901 δ’
3943 1846 4077 1902 ἐλα-

650 1937 865 2003 πλῆθος
931 1938 1274 2008 στρατιωτῶν
1329 1928 1518 2006 ἔξωθεν
1576 1933 1906 2004 εἷσοικίζειν,
1966 1931 2111 2000 πλὴν
2177 1931 2302 1986 έλα-
2335 1928 2373 1931 —
2416 1937 2573 2007 φροῖς
2622 1933 2729 1986 τῶν
2783 1933 3126 2006 στρατιωτῶν
3176 1932 3398 2002 οἰκίζειν
3454 1935 3553 2003 τὴν
3602 1934 3765 2005 πόλιν
3804 1937 3895 1990 γαί
3948 1936 4076 1992 λίαν

651 2028 799 2102 φρῶν
852 2023 926 2084 ὠς
980 2022 1128 2084 ἐντὸς
1184 2021 1452 2093 μενόντων
1486 2022 1570 2076 ἐπὶ
1605 2026 1700 2076 τοῦ
1730 2026 1828 2087 τῆς
1860 2022 2046 2095 μάχης
2079 2026 2295 2096 καιροῦ,
2405 2019 2487 2074 ἐπ’
2544 2020 2781 2095 ἀνάγκης
2842 2024 3013 2096 εἶχεν,
3074 2022 3212 2076 ὅπου
3270 2043 3333 2098 γε
3390 2022 3481 2077 καὶ
3534 2021 3748 2079 Αοίκωσι
3790 2023 4081 2088 πλείστοις

640 2116 702 2181 ἣν
765 2111 820 2167 δέ
875 2133 932 2166 τε
990 2109 1101 2165 δέοι
1156 2112 1245 2165 καὶ
1305 2110 1411 2165 ἀπὸ
1441 2118 1544 2184 γῆς
1584 2110 1823 2188 ἐκφέρειν
1856 2110 2127 2183 πόλεμον,
2161 2111 2295 2164 εἶναι
2404 2108 2621 2184 ὕστερον
2675 2109 2734 2163 ἐκ
2790 2114 2886 2164 τοῦ
2937 2111 3154 2185 Μορέου
3202 2111 3527 2188 ἀφιγμένοις
3586 2112 3910 2188 ἐπιμερίσας
3967 2116 4069 2170 τό-

640 2201 769 2263 τοὺς
844 2202 1323 2273 ὑποστησομένους
1396 2199 1453 2254 ἐκ
1538 2197 1952 2274 στρατευμάτων
2041 2197 2290 2274 μεγάλων
2402 2218 2537 2259 πους
2571 2196 2656 2251 ἐπὶ
2688 2205 2786 2267 τῆς
2820 2198 3036 2261 πόλεως
3082 2204 3315 2274 παρεῖχε
3359 2206 3632 2255 κατοικεῖν
3680 2202 3753 2266 ὡς
3782 2202 4068 2279 αὐτόχθο-

2404 2308 2476 2355 σι,
2537 2288 2625 2341 καὶ
2686 2283 2875 2363 ρόγαις
2934 2288 3174 2359 ἐτησίοις
3229 2287 3576 2364 δωρούμενος
3633 2292 3721 2346 καὶ
3780 2292 4073 2355 πλείστοις

2402 2373 2594 2440 ἄλλοις
2651 2376 3092 2453 φιλοτιμήμασιν
3150 2376 3238 2433 ἐπὶ
3314 2377 3552 2441 πολλοῖς
3610 2382 3697 2435 καὶ
3760 2380 3915 2445 ἐντὸς
3974 2384 4070 2438 καὶ

2399 2462 2552 2525 ἐκτὸς
2606 2462 2833 2539 ἐχρῆτο,
2884 2467 2957 2528 ὡς
2999 2465 3147 2536 ἀξίαν
3201 2460 3397 2541 τριϐὴν
3457 2466 3507 2521 ἐν
3541 2464 3811 2540 πολέμοις
3845 2467 4071 2544 ἔχουσι.

653 716 714 771 θ’.
774 717 961 774 ’Όπως
1022 712 1252 788 σανίσινΔ
1288 714 1616 788 ιΞινυψοῦντοΔ
1659 713 1727 767 τὰ
1780 714 1916 788 πρὸς
1968 717 2037 786 τῇ
2099 711 2301 788 θαλάσέ

725 807 790 858 σῃ
844 784 1024 859 τείχῃ,
1085 785 1175 839 καὶ
1232 782 1321 839 διὰ
1370 782 1450 841 τί.
1518 785 1622 839 Καὶ
1684 782 1832 859 περὶ’
1868 782 2179 858 ἑτοιμασίας
2206 788 2303 839 τοῦ

728 856 1019 933 βασιλέως.

725 954 933 1011 Ἐδόκει
982 959 1111 1029 γοῦν
1170 956 1306 1029 πρὸς
1371 955 1438 1009 τὰ
1511 956 1855 1029 παραστάντα
1931 952 2019 1009 διὰ
2090 954 2303 1029 ταχέων

652 1047 888 1118 ἀνυψοῦν
948 1045 1013 1099 τά
1061 1044 1221 1119 τείχη
1254 1048 1355 1109 τῆς
1387 1041 1627 1111 πόλεως,
1678 1046 1765 1099 καὶ
1802 1042 2017 1117 μᾶλλον
2072 1044 2139 1097 τὰ
2166 1043 2304 1118 πρὸς

646 1139 716 1207 τῇ
769 1133 1029 1207 θαλάσσῃ,
1080 1130 1112 1187 ἃ
1162 1130 1229 1200 δὴ
1279 1131 1368 1187 καὶ
1420 1132 1687 1208 χθαμαλά
1733 1133 1889 1201 ἦσαν’
1934 1132 2161 1193 εῗκότως
2210 1143 2303 1195 θα-

643 1222 1146 1297 λασσοκρατοῦντος
1228 1220 1351 1276 τότε
1435 1226 1531 1276 τοῦ
1610 1222 1843 1295 πρώτως
1929 1220 2304 1294 ἀνεγείραντος

646 1310 1053 1368 Κωνσταντίνου
1100 1315 1195 1363 τοῦ
1245 1310 1353 1385 οὐχ
1383 1311 1546 1378 ἧττον
1597 1312 1659 1364 τὸ
1702 1305 1861 1371 σέϐας
1894 1309 1929 1378 ἢ
1959 1310 2054 1371 τὰς
2087 1307 2307 1384 πράξεις

652 1400 954 1476 μεγίστου,
1013 1397 1429 1474 κατεπείγοντος
1484 1398 1541 1453 δὲ
1592 1403 1688 1453 τοῦ
1741 1403 1975 1474 καιροῦ,
2032 1397 2149 1454 ἐπεὶ
2210 1396 2308 1451 οὐκ

650 1490 830 1565 ἔχοιεν
886 1489 1108 1562 πέτραις
1144 1488 1236 1541 σὺν
1286 1492 1487 1559 τιτάνῳ
1534 1489 1633 1556 τὴν
1681 1486 2112 1560 ἀνοικοδόμησιν
2160 1486 2304 1541 ἐκτε-

649 1578 788 1648 λεῖν,
845 1578 1060 1651 μόσοσι,
1091 1576 1264 1631 σανίσι
1294 1576 1578 1637 πλατείαις
1621 1577 1709 1630 καὶ
1763 1577 2056 1650 ἐπιμήκεσι
2103 1574 2194 1629 σὺν
2227 1580 2305 1647 τῷ

646 2290 948 2366 βασιλικῶν
985 2334 997 2347 .
1053 2290 1125 2345 Ti
1179 2288 1235 2344 δέ
1293 2311 1355 2364 γε
1411 2296 1509 2358 τῆς
1566 2297 1777 2367 τροφῆς
1832 2289 2041 2356 αὐτοῖς,
2104 2289 2149 2344 εἰ
2207 2286 2291 2342 ἐπὶ

645 2383 910 2453 μήκιστον
970 2378 1330 2453 παραμένοιεν
1386 2381 1851 2454 προσκαθήμενοι,
1902 2377 2138 2451 ἑτοίμως
2185 2377 2290 2431 ἀπὸ

640 2475 740 2539 τῆς
801 2468 1016 2532 πόλεως
1072 2465 1448 2541 ἑτοιμάζεσθαι
1482 2489 1495 2502 ·
1566 2466 1924 2543 εἰσαχθέντων
1983 2467 2083 2543 γὰρ
2146 2469 2289 2542 βοῶν

652 2687 789 2725 nam
823 2674 882 2726 et
918 2661 1166 2725 classem
1199 2668 1575 2724 instruebant
1607 2668 1949 2737 maximam,
1983 2685 2109 2738 qua
2150 2666 2299 2724 mari

652 2776 776 2816 rem
809 2763 1059 2831 gereret,
1109 2761 1167 2813 et
1197 2762 1533 2814 terrestrem
1566 2758 1884 2813 exercitum
1918 2757 2298 2829 pravalidum

658 2849 992 2915 armabant,
1025 2864 1137 2919 quo
1171 2846 1311 2903 urbs
1346 2847 1737 2918 undecunque
1769 2851 2225 2920 oppugnaretur.

647 2966 702 3019 9.
741 2966 802 3021 Ut
831 2966 1030 3019 mania
1063 2963 1220 3018 urbi:
1251 2977 1376 3033 quae
1403 2978 1556 3017 mare
1584 2968 1836 3033 spectant
1863 2966 2120 3033 suggestu
2142 2963 2301 3017 tabu-

722 3038 906 3091 larum
963 3040 1131 3092 aucta
1190 3034 1325 3104 sint,
1360 3042 1413 3089 et
1466 3050 1632 3105 quam
1678 3035 1742 3090 ob
1772 3051 2024 3090 causam.
2074 3037 2211 3089 Tum
2239 3034 2303 3089 de

718 3117 916 3164 calere
948 3107 1298 3178 imperatoris
1326 3108 1622 3177 apparatu.

2409 2666 2704 2736 tendoque
2735 2667 3090 2724 conficerent
3124 2669 3402 2727 frumenti
3433 2673 3587 2744 quod
3622 2676 3778 2727 esset
3808 2688 3963 2744 opus
3995 2674 4072 2729 ad

2411 2771 2705 2810 annonam
2739 2756 2796 2810 in
2832 2756 2974 2812 urbe
3006 2757 3372 2830 degentium,
3407 2761 3605 2817 addita
3636 2760 3815 2832 quam
3850 2762 4080 2834 pariter

2409 2843 2564 2898 intro
2597 2844 2832 2916 congeri
2864 2847 3109 2902 curabat
3138 2848 3306 2920 copia
3330 2866 3542 2919 magna
3572 2850 3923 2905 duratorum
3948 2850 4078 2906 sale

2412 2950 2479 2988 ac
2513 2934 2674 2988 fumo
2709 2934 2781 2988 ad
2832 2933 3176 2991 diuturnam
3217 2938 3721 2994 conservationem
3775 2938 4076 3007 ciborum,

2414 3022 2626 3093 partim
2659 3039 2725 3077 ex
2757 3022 2951 3078 suillis
3002 3024 3302 3094 carnibus,
3337 3027 3553 3098 partim
3583 3042 3647 3082 ex
3696 3026 3867 3083 ovino
3902 3027 4079 3085 lacte.

2414 3111 2553 3166 Feni
2604 3128 2838 3183 quoque
2872 3112 2987 3168 vim
3022 3114 3317 3185 ingentem
3368 3115 3427 3170 in
3460 3116 3743 3187 pabulum
3777 3132 4076 3188 equorum

723 3206 927 3262 Visum
980 3205 1161 3277 igitur
1190 3209 1278 3260 est
1327 3199 1727 3259 necessarium
1760 3204 1830 3259 ad
1873 3204 2294 3260 occurrendum
2330 3198 2371 3265 C
2410 3201 2692 3271 reposuit,
2734 3217 2846 3255 non
2882 3201 3157 3257 defutura
3180 3202 3329 3274 ipsis
3362 3204 3636 3276 agricolis
3671 3207 3826 3261 intra
3867 3207 4081 3262 urbem

655 3296 1019 3351 instantibus
1067 3300 1200 3349 ante
1232 3293 1429 3349 omnia
1486 3309 1717 3349 summa
1751 3292 2046 3349 celeritate
2089 3293 2302 3348 mania

652 3385 818 3440 urbis
868 3384 1155 3452 attollere,
1200 3383 1520 3455 praesertim
1556 3398 1683 3454 qua
1729 3399 1887 3438 mare
1932 3383 2299 3454 spectabant,

649 3474 863 3545 quippe
895 3490 1023 3544 qua
1056 3472 1372 3527 humiliora
1402 3477 1589 3540 erant,
1613 3489 1679 3527 eo
1714 3472 1811 3542 qui
1832 3472 2118 3540 condidit,
2144 3472 2300 3543 quod

650 3562 799 3618 mari
831 3562 1259 3627 dominaretur,
1293 3560 1523 3616 munire
1554 3560 1654 3616 illa
1686 3560 2030 3630 diligentius
2052 3576 2118 3616 ea
2140 3564 2302 3631 parte

652 3651 1020 3725 superﬂuum
1046 3656 1191 3706 rato.
1212 3650 1268 3706 Is
1300 3649 1998 3720 fuitConstantinus,non
2022 3648 2302 3720 religione

654 3743 854 3797 minus
887 3758 1065 3811 quam
1098 3740 1373 3795 civilibus
1406 3744 1462 3795 et
1494 3738 1718 3795 bellicis
1749 3740 1894 3794 actis
1928 3739 2181 3795 maxime
2212 3738 2304 3794 in-

656 3832 869 3903 clytus.
894 3830 1038 3894 Quia
1051 3847 1183 3885 vero
1200 3829 1491 3902 angustiis
1513 3828 1794 3900 temporis
1820 3829 2179 3901 urgebantur
2202 3845 2304 3883 nec

656 3929 834 3994 petra
866 3926 923 3975 et
952 3919 1079 3974 calx
1100 3920 1172 3974 ad
1205 3935 1447 3973 manum
1471 3922 1657 3987 erant,
1688 3917 1904 3973 tabulis
1927 3917 2062 3974 latis
2092 3923 2306 3989 etpra-

654 4012 844 4081 longis
879 4011 967 4064 usi
1000 4009 1291 4076 trabibus,
1325 4026 1473 4080 quas
1523 4008 1622 4062 ubi
1655 4007 1957 4063 deﬁciebat
1989 4009 2304 4063 summitas

664 4097 1051 4171 depressioris
1100 4098 1277 4162 muri,
1311 4096 1522 4152 validis
1569 4097 1817 4152 nexibus
1867 4096 2112 4152 aedificio
2152 4097 2299 4153 187

651 4188 831 4261 priori
863 4186 1333 4252 committebant,
1377 4193 1726 4258 suggestum
1762 4202 1987 4241 corona
2022 4186 2305 4242 manium

650 4283 708 4334 et
737 4276 1116 4349 surgentibus
1137 4274 1556 4347 perintervalla
1579 4275 1847 4330 turribus
1862 4276 2304 4344 adstruxerunt,

649 4375 939 4438 quantum
972 4366 1272 4420 sufﬁceret
1301 4366 1372 4419 ad
1420 4366 1705 4437 tegendos
1736 4363 1897 4419 intus
1931 4365 2305 4433 defensores;

651 4463 906 4529 quorum
942 4470 1013 4509 ne
1044 4454 1275 4510 deesset
1296 4453 1484 4525 copia,
1518 4452 1657 4509 foris
1690 4452 1899 4508 accivit
1937 4456 1994 4509 et
2024 4454 2179 4512 intra
2211 4471 2306 4510 ur—

648 4548 783 4603 bem
799 4542 1120 4613 collocavit,
1136 4542 1453 4599 domiciliis
1469 4543 1748 4615 pomario
1762 4543 1997 4610 vicinis,
2024 4559 2305 4616 magnum

648 4651 962 4693 numerum
986 4632 1395 4689 militumlevis
1418 4638 1725 4688 armatura
1755 4650 1901 4689 :non
1922 4632 2078 4687 enim
2102 4632 2308 4691 loricis

646 4733 971 4796 cateroque
1002 4722 1164 4794 gravi
1197 4727 1484 4794 apparatu
1517 4740 1665 4793 opus
1698 4725 1822 4778 erat
1854 4723 2206 4793 pugnaturis
2238 4742 2308 4779 ex

647 4822 790 4883 tuto,
825 4813 1020 4886 pinnis
1047 4828 1351 4867 murorum
1388 4811 1847 4882 protegentibus.
1882 4810 2027 4865 Nam
2063 4812 2133 4866 ad
2168 4828 2309 4867 eru-

644 4904 902 4978 ptiones,
936 4902 980 4957 si
1014 4919 1162 4973 quas
1194 4917 1339 4957 usus
1369 4900 1509 4956 belli
1560 4904 1846 4973 posceret,
1881 4904 1937 4957 et
1967 4905 2203 4973 apertas
2249 4902 2308 4958 in

645 5010 852 5066 campo
887 4991 1301 5046 dimicationes
1335 5008 1467 5045 cum
1504 4990 1941 5057 obsessoribus,
1972 4996 2181 5062 prasto
2213 4993 2310 5047 ad-

645 5084 879 5140 futuros
910 5080 1319 5152 cataphractos
1343 5096 1372 5133 e
1395 5079 1606 5135 castris
1633 5078 1959 5149 majoribus
1994 5078 2307 5150 imperato-

644 5192 757 5232 res.
794 5170 1052 5228 Providit
1093 5173 1291 5225 autem
1326 5186 1397 5223 ne
1430 5169 1815 5240 prasidiariis
1852 5170 2011 5224 hisce
2062 5170 2306 5226 urbanis

640 5264 923 5321 alimenta
954 5275 1216 5330 unquam
1244 5258 1535 5325 deferent,
1570 5263 2102 5331 quantumcunque
2134 5260 2307 5315 dura-

641 5357 718 5410 rit
748 5352 1004 5418 obsidio,
1030 5350 1131 5404 sed
1165 5352 1320 5404 esset
1352 5364 1585 5419 semper
1616 5348 1838 5403 affatim
1874 5349 2028 5403 unde
2057 5349 2203 5421 ipsis
2238 5368 2305 5406 ex

638 5446 784 5500 urbe
814 5439 1335 5513 suppeditarentur
1363 5438 1431 5491 ad
1467 5437 1685 5492 vietum
1717 5437 2085 5505 necessaria;
2122 5456 2302 5510 quam

641 5534 711 5590 ad
732 5549 855 5589 rem
882 5527 1207 5585 introduxit
1230 5528 1287 5582 in
1310 5528 1514 5591 urbem
1546 5528 1722 5583 boum
1750 5542 2085 5595 numerum,
2114 5545 2305 5598 quan-

640 5630 737 5681 tus
770 5622 1070 5678 sufficeret
1101 5616 1345 5673 cultura
1405 5634 1748 5689 camporum
1792 5616 2299 5687 suburbanorum,

641 5730 893 5787 quorum
909 5727 1087 5783 opera
1105 5707 1381 5764 industrii
1397 5707 1665 5779 agricola
1681 5707 1922 5775 arando,
1942 5708 2189 5763 serendo
2203 5724 2295 5763 me

2410 3289 2762 3360 degentibus
2789 3296 2845 3345 et
2874 3306 2942 3345 ex
2966 3307 3031 3346 ea
3056 3291 3113 3346 in
3132 3291 3291 3347 cultu
3304 3309 3423 3348 ram
3442 3294 3597 3349 ruris
3614 3294 3882 3367 undique
3895 3296 4079 3351 vicini

2410 3378 2672 3448 quotidie
2706 3380 3029 3451 prodituris
3060 3381 3238 3436 etiam
3271 3382 3599 3439 obsidionis
3630 3387 3896 3457 tempore
3928 3402 4081 3457 qua-

2409 3467 2544 3521 dam
2576 3466 2743 3538 copia
2774 3468 3040 3524 carnium
3065 3470 3246 3525 etiam
3271 3472 3623 3543 recentium,
3648 3473 3938 3530 nonnullo
3962 3476 4079 3530 uti-

2409 3571 2523 3625 que
2547 3571 2789 3611 numero
2814 3557 3155 3614 animalium
3180 3560 3540 3615 suburbanis
3564 3562 3801 3633 pascuis
3826 3562 4082 3629 alendo,-

2412 3645 2565 3701 unde
2598 3662 2711 3701 non
2745 3646 2937 3702 solum
2972 3648 3209 3704 soboles
3252 3656 3648 3706 succresceret
3681 3656 3820 3723 apta
3851 3652 4081 3708 labori-

2411 3738 2520 3793 bus
2553 3740 2736 3795 aratri
2766 3757 2833 3795 ac
2865 3739 3139 3812 plaustri,
3172 3742 3272 3797 sed
3315 3759 3443 3814 qua
3478 3744 3536 3797 in
3570 3743 3797 3800 macelli
3837 3762 4085 3819 quoque

2412 3841 2477 3880 ac
2510 3840 2849 3881 mensarum
2877 3845 3051 3883 usum
3079 3829 3371 3885 urbanum
3398 3830 3749 3889 abundaret.
3778 3833 3956 3890 Porro
3982 3853 4086 3891 co-

2412 3914 2497 3969 ria
2530 3915 2705 3970 boum
2739 3916 2822 3971 sic
2856 3918 2912 3972 in
2947 3918 3112 3973 cibos
3136 3918 3584 3989 absumptorum
3612 3920 3832 3994 imponi
3869 3924 4089 3997 agglu-

2411 4003 3233 4076 tinariquejubebatexterius
3257 4008 3330 4064 iis
3354 4009 3591 4081 tabulis,
3617 4028 3763 4082 quas
3793 4012 3916 4068 dixi
3950 4031 4090 4069 mu-

2414 4097 2494 4150 ris
2521 4095 2754 4150 additas
2781 4095 3109 4169 fuisse,quo
3135 4096 3248 4153 illa
3272 4104 3719 4171 protegerentur
3738 4103 4090 4174 abignebe-

2414 4182 2557 4250 stili,
2590 4183 2637 4238 si
2676 4184 2820 4240 forte
2855 4186 3215 4256 injiceretur.
3249 4189 3327 4242 Ae
3358 4194 3677 4262 suggestus
3709 4192 3953 4263 quidem
3988 4193 4094 4249 ille

2416 4289 2719 4328 murorum
2744 4291 2813 4330 ex
2838 4275 3106 4346 materia,
3132 4276 3217 4331 uti
3260 4277 3597 4334 destinatus
3623 4280 3833 4351 fuerat,
3867 4298 4080 4353 perac-

2413 4366 2511 4416 tus
2533 4366 2843 4429 est,turres
2860 4364 3133 4420 attollens
3151 4382 3333 4437 supra
3353 4367 3567 4423 molem
3594 4369 3849 4441 priorem
3870 4372 3941 4426 ad
3966 4376 4096 4428 tres

2416 4451 2667 4518 cubitos,
2697 4454 2753 4507 et
2785 4454 2999 4509 moenia
3032 4454 3325 4524 similiter,
3360 4456 3555 4513 debita
3590 4460 3979 4531 proportione
4009 4462 4090 4516 ad

2350 4572 2396 4637 D
2428 4548 2637 4597 turres.
2670 4543 2885 4597 Catera
2916 4543 3068 4612 ejus,
3100 4545 3334 4616 generis
3367 4549 3431 4600 ut
3464 4548 3665 4603 minus
3715 4550 3994 4622 urgentia
4025 4551 4091 4605 in

2430 4648 2687 4702 prasens
2704 4630 2852 4687 188
2868 4649 2973 4688 suo
2996 4636 3256 4704 tempore
3270 4636 3530 4691 curanda
3544 4635 3726 4694 dilata
3742 4643 3906 4694 sunt.
3924 4639 4091 4697 Illud

2418 4721 2633 4792 quippe
2658 4722 2786 4791 jam
2826 4737 2978 4777 nunc
3011 4722 3414 4778 necessarium
3448 4730 3679 4782 mature
3710 4744 3778 4782 ac
3802 4744 3939 4783 cum
3967 4729 4098 4785 sol-

2420 4808 2723 4864 licitudine
2763 4814 3056 4878 curatum,
3108 4816 3173 4866 ut
3224 4812 3480 4885 expediti
3513 4813 3839 4888 leviterque
3872 4820 4100 4875 armati

2420 4898 2639 4955 milites
2662 4899 2733 4954 ad
2753 4899 2912 4995 urbis
2943 4899 3798 4995 prasidiumidoneonumero,
3823 4907 4100 4995 admoti;

2418 4988 2638 5043 circum
2666 4988 2923 5060 undique
2947 4990 3225 5060 pomario
3248 4990 3589 5059 domiciliis,
3624 4988 4101 5057 collocarentur.

2416 5081 2541 5143 Quo
2572 5078 2631 5133 in
2659 5094 2863 5146 genere
2896 5079 3224 5135 Laconibus
3257 5079 3532 5151 plurimis
3561 5101 3591 5140 e
3616 5084 3809 5142 Moreo
3835 5092 3974 5158 post
4001 5104 4100 5145 re-

2414 5174 2643 5240 ceptam
2678 5168 3249 5240 Constantinopolim
3284 5172 3568 5243 profectis
3590 5174 3911 5245 assignatis
3932 5176 4100 5236 locis

2414 5260 2568 5314 ades
2594 5258 2881 5329 attribuit,
2908 5259 3291 5329 pensionibus
3316 5260 3471 5333 illos,
3498 5267 3782 5337 tanquam
3807 5264 3855 5321 si
3881 5274 4103 5325 essent

2414 5348 2725 5420 indigena,
2746 5350 2959 5403 annuis
2973 5349 3225 5415 donans,
3245 5356 3566 5423 cateraque
3589 5354 3840 5425 plurima
3858 5355 4102 5416 libera-

2416 5438 2571 5493 litate
2599 5437 2711 5492 sibi
2740 5436 3095 5492 devinciens.
3132 5437 3295 5495 Unde
3326 5440 3459 5497 illos
3492 5450 3793 5517 promptos
3824 5445 4106 5506 habebat

2414 5528 2482 5582 ad
2504 5526 2724 5598 quavis
2754 5525 3057 5598 obsequia,
3087 5526 3458 5601 libentesque
3484 5530 3735 5589 libenter
3751 5534 4100 5596 adhibebat

2413 5618 2484 5671 ad
2522 5615 2709 5675 multa
2742 5616 2907 5671 intus
2938 5620 2995 5670 et
3017 5620 3177 5671 extra
3214 5618 3438 5691 urbem,
3463 5622 3681 5694 quippe
3721 5640 3831 5679 usu
3867 5625 4099 5686 idoneo

2413 5705 2687 5779 praeditos
2714 5704 2792 5761 rei
2813 5704 3052 5763 bellicae.
3081 5705 3420 5766 Gasmulico
3441 5710 3582 5783 quin
3601 5713 3779 5770 etiam
3799 5713 4105 5787 Hybrida-
