4246 6446
180 397 282 451 629

1240 400 1334 452 DE
1372 396 1743 452 MICHAELE
1780 392 2221 447 PALEOLOGO
2260 393 2373 445 LIB
2438 395 2535 446 III.

3478 389 3590 443 630

174 524 257 589 Τῷ
308 517 365 573 δέ
422 539 485 593 γε
546 517 929 589 Γασμουλικῴ,
974 516 1064 579 οὒς
1116 516 1182 586 δὴ
1246 517 1580 590 συμμίκτους
1632 518 1666 583 ἡ
1716 519 1820 568 τῶν
1854 517 1903 583 Α
1939 514 2031 567 νόν
2083 514 2219 587 πρὸς
2269 511 2457 587 ἄρχειν
2507 511 2609 582 ἕξει
2671 514 2745 584 μὴ
2776 513 2903 574 τοὺς
2940 514 3214 582 ὑπηκόους
3272 511 3587 584 εὐεργετῶν.

178 608 403 663 Ἰταλῶν
451 607 619 661 εἷ’πειε
678 607 903 681 γλῶσσα
959 609 1114 679 (ἦσαν
1176 608 1278 680 γὰρ
1341 604 1399 661 ἔκ
1437 628 1493 660 τε
1541 603 1827 677 Ῥωμαίων

177 696 263 750 καὶ
322 696 565 749 Λατίνων
646 700 1075 769 γεγεννημένοι),
1134 697 1568 770 «perﬂuet-7,3310
1628 693 1798 763 ἐκπέμ

172 805 286 838 πων
346 785 432 838 ἐπὶ
493 788 637 853 νηῶν
675 803 687 814 ⁸
749 786 882 851 ἦσαν
943 786 1041 859 γὰρ
1111 788 1169 838 τὸ
1249 785 1340 856 μὶν
1416 785 1695 856 προμηθὲς
1755 782 1827 841 εἷς

174 871 459 944 πολέμους
511 875 599 926 καὶ
651 874 864 926 συνετὸν
915 872 972 925 ἐκ
1001 874 1313 945 Ῥωμαίων,
1344 875 1403 925 τὸ
1456 870 1500 925 δ’
1534 872 1831 945 ὁρμητικὸν

167 982 220 1016 τε
278 962 371 1015 καὶ
427 960 649 1023 αὔθαδες
710 962 767 1015 ἐκ.
826 961 1072 1016 Λατίνων
1142 959 1383 1035 ἔχοντες.
1452 962 1551 1014 Καὶ
1633 958 1827 1012 στόλον

170 1051 389 1123 μέτριον
451 1049 760 1123 ἐξηρτύετο,
820 1051 909 1104 καὶ
973 1056 1311 1123 προσελιτᾶτο
1369 1052 1437 1103 τὰ
1493 1053 1598 1102 τῶν
1650 1050 1829 1116 νήσων

166 1138 453 1211 ἒγγύτερα,
489 1138 649 1212 ρὀας
703 1139 797 1210 μὲν
860 1140 1173 1192 ἀποταττων
1221 1139 1405 1201 αὐτοῖς
1456 1137 1513 1191 ἐκ
1562 1142 1658 1191 τοῦ
1710 1157 1828 1189 κοι-

164 1232 257 1280 νοῦ
307 1226 561 1298 ταμιείου
610 1229 698 1280 καὶ
744 1227 1093 1304 φιλοτιμίαις
1129 1224 1299 1299 αὔξων
1340 1231 1435 1288 τὰς
1494 1225 1824 1301 προθυμίας,

167 1310 591 1386 ἀντιλαμϐάνων
655 1314 699 1369 δ’
738 1316 796 1369 ἐκ
832 1325 933 1384 τῆς
984 1315 1201 1370 ἐκείνων
1255 1314 1493 1383 σπουδῆς
1521 1316 1608 1368 καὶ
1668 1316 1823 1388 ἐργαο

170 1404 290 1464 σίας
353 1403 600 1458 πλείονα.
640 1406 769 1478 Εἶχε
819 1404 921 1478 γαρ
966 1410 1083 1465 ταῖς
1128 1404 1409 1474 ἀληθείαις
1454 1405 1543 1458 καὶ
1591 1406 1652 1457 τὸ
1685 1404 1824 1477 εὐερ-

164 1492 382 1567 γετικὸν
467 1494 603 1566 πρὸς
687 1495 956 1561 ἅπαντας,
1017 1492 1101 1546 καὶ
1178 1494 1508 1568 ἀμφοτέραις
1584 1490 1823 1562 έξήντλει

160 1580 393 1635 πολλῶν
455 1582 964 1654 προαποκειμένων,
1028 1583 1129 1635 οὐκ
1195 1580 1314 1635 οἶδα
1405 1579 1511 1635 εἶ’τε
1586 1602 1666 1642 τις
1723 1584 1821 1649 τήν

159 1670 318 1745 φύσιν
370 1675 625 1731 τοιοῦτος
690 1669 853 1739 ὢν,ἧ
906 1670 1381 1745 προσποιούμενος
1420 1668 1488 1723 δι’
1521 1668 1665 1723 ἄλλα
1729 1670 1821 1741 μέ-

158 1780 320 1832 γιστα
400 1759 463 1811 τὸ
551 1759 872 1832 φιλότιμον,

964 1762 1356 1833 ἀνα-[καστικας
1436 1760 1530 1820 τὰς
1608 1758 1819 1819 εὐνοίας

1942 606 2128 664 ’Ὁστις
2164 600 2220 656 δῖε
2256 602 2553 675 βασιλεύων
2588 602 2853 675 γλίσχρος
2890 601 2999 656 ἐστὶ
3048 603 3183 675 πρὸς
3242 602 3301 653 τὸ
3355 598 3584 661 διδόναι,

1942 691 2141 751 ἐκεῖνος
2174 692 2379 759 σκηνήν
2416 690 2713 762 βασιλείας,
2750 692 2810 743 οὐ
2865 690 3141 765 βασιλείαν
3199 690 3583 763 μεταχειρίζει.

1940 783 2025 849 [Ρ.
2082 782 2205 852 1‘26]
2265 781 2576 850 Τεκμήριον
2632 777 2685 832 δε
2739 782 2764 830 ο
2825 779 2909 833 ἐπὶ
2970 786 3173 847 σκηνῆς
3238 779 3585 849 Ἀγαμέμνων

1939 870 2026 923 καὶ
2086 870 2383 940 Οἰνόμαος,
2444 866 2707 929 Οἶόίπους
2786 889 2843 922 τε
2900 868 2987 922 καὶ
3047 870 3097 921 οἱ
3157 869 3207 937 ἐξ
3266 872 3431 922 αυτοῦ
3497 862 3583 922 καὶ

1940 954 2245 1031 ’Ἄδραστος
2306 955 2826 1030 βασιλευς’Δργους
2885 958 2973 1010 καὶ
3034 956 3085 1009 oi
3118 954 3447 1020 λοιποζῗνα
3509 958 3582 1027 μὴ

1939 1046 2305 1099 καθ’ἓκαστον
2360 1043 2505 1117 λέγω
2556 1049 2664 1097 τῶν
2726 1044 2809 1097 ἐπὶ
2864 1050 3068 1113 σκηνῆς
3127 1043 3414 1117 βασιλέων.
3452 1044 3583 1097 Πότε

1936 1136 2034 1207 γὰρ
2066 1133 2115 1204 ἐξ
2149 1133 2365 1187 ἐκείνων
2399 1154 2481 1192 τις
2513 1137 2567 1187 εὖ
2627 1135 2813 1198 πάθοι,
2845 1136 2975 1187 ποτε
3034 1131 3090 1187 δὲ
3146 1134 3233 1186 καὶ
3296 1133 3581 1207 εὐεργετη-

1938 1224 2076 1292 θείη,
2142 1222 2583 1296 ὑποκρινομένων
2648 1222 2713 1277 τα
2775 1226 2883 1276 τῶν
2942 1220 3208 1296 βασιλέων
3269 1222 3579 1295 πρόσωπας

1937 1310 2091 1367 Ἀλλ’
2150 1310 2373 1371 ἐκείνοις
2436 1312 2528 1382 μὲν
2586 1306 2696 1363 ἔστι
2754 1312 2843 1363 καὶ
2892 1308 3280 1385 ἀπολογεῖσθαι
3338 1312 3423 1363 καὶ
3479 1312 3578 1377 τὴν

1940 1402 2142 1474 μέμψιν
2200 1398 2499 1476 διαφεύγειν
2559 1401 2657 1467 τήν
2715 1404 2821 1453 τῶν
2854 1396 3081 1454 πολλῶν
3120 1421 3129 1433 ·
3166 1402 3425 1472 σχήματα
3479 1400 3577 1472 γὰρ

1935 1489 2243 1563 προσώπων
2297 1490 2386 1543 καὶ
2449 1488 2508 1541 οὐ
2561 1489 2827 1561 πρόσωπα
2858 1484 3013 1549 ὄντας
3047 1485 3245 1559 ἀνάγκη
3294 1487 3381 1540 καὶ
3436 1491 3575 1561 σχή-

1940 1599 2065 1648 μασι
2130 1578 2317 1650 μονοις
2381 1576 2672 1650 εὐεργετεῖν
2702 1598 2712 1610 ·
2743 1575 2957 1637 τούτοις
3010 1572 3065 1629 δέ
3113 1596 3173 1648 γε
3201 1575 3280 1635 τίς
3311 1573 3579 1649 ἀπολογία

1934 1673 2021 1727 καὶ
2058 1669 2451 1726 ὑπολέλειπται
2482 1669 2555 1740 μὴ
2593 1665 2871 1733 διδοῦσινς
2909 1667 2969 1724 Εἰ
3020 1666 3063 1721 δ’
3096 1665 3211 1727 οὖν,
3244 1667 3387 1721 ἀλλά
3430 1688 3574 1742 σχη-

1938 1762 2252 1835 ματίζονται
2282 1758 2369 1811 καὶ
2398 1759 2549 1811 οὗτοι
2590 1758 2679 1809 τὸν
2733 1754 2975 1829 βασιλέα,
3015 1752 3257 1830 βασιλεῖς
3307 1755 3381 1826 μὴ
3432 1753 3579 1817 ὄντες

161 1846 636 1919 ὑποποιούμενος,
672 1849 744 1912 ὡς
776 1847 935 1918 δῆθεν
970 1849 1067 1903 οὐκ
1098 1848 1323 1912 ἐκδίκως
1353 1851 1533 1923 αρξας,
1652 1848 1712 1902 τό
1762 1869 1818 1920 γε
1851 1883 1894 1947 Β
1939 1846 2067 1922 μηδ’
2098 1851 2368 1902 ὁπωσοῦν.
2400 1849 2650 1899 Τοιοῧτοι
2685 1842 2729 1898 δ’
2761 1842 2910 1904 ὄντες
2957 1844 3008 1898 τί
3060 1846 3262 1915 ἀξιοῦσι
3294 1851 3572 1915 τιμᾶσθαι,

155 1938 366 2011 τρίτον,
420 1938 555 2009 πρὸς
641 1940 736 2000 τας
811 1944 918 1992 τῶν
996 1942 1276 2014 προτέρων
1338 1938 1605 2013 βασιλέων
1663 1938 1810 2010 εὐερ-

154 2026 337 2100 γεσίας
414 2021 904 2098 ἀντιϐαλλόμενος,
958 2026 1050 2081 κᾶν
1134 2030 1209 2100 μὴ
1285 2029 1439 2083 τόσον

245 2113 291 2169 δ’
362 2115 423 2149 τ’-
560 2116 626 2172 Τέ
692 2138 710 2149 ρ
773 2114 821 2146 ‘1
882 2142 894 2152 ,
1065 2119 1119 2151 ,π
1378 2124 1425 2150 υ.
1582 2139 1627 2151 ..
1670 2120 1774 2157 ’γεφ

158 2138 233 2187 μη
328 2136 524 2175 ολως.
608 2138 708 2177 ..ως
770 2134 825 2171 οι
894 2139 939 2191 τε
995 2139 1129 2171 κα.α
1182 2120 1425 2193 βασιλει,
1472 2119 1806 2191 ήναμανώ

152 2205 401 2277 χρῆσθαι
454 2209 569 2263 τοῖς
622 2207 927 2279 πράγμασι,
966 2208 1040 2278 μὴ
1100 2208 1189 2261 καὶ
1239 2204 1382 2278 δοξοι
1416 2213 1686 2276 summa);
1744 2206 1805 2260 τὸ

154 2294 350 2367 ἄρχειν
410 2290 768 2362 ἐπιτηδεύων.
826 2292 959 2348 Οὔτε
1014 2295 1112 2370 γὰρ
1169 2294 1329 2363 ’ἥλιος
1406 2296 1659 2359 ποθεινὸς
1728 2297 1803 2367 μὴ

151 2381 243 2444 τὰς
303 2382 525 2442 ἀκτῖνας
586 2382 868 2459 παρίσχων
927 2388 1089 2438 τοῦτο
1146 2385 1242 2456 μὶν
1424 2389 1585 2439 τοῦτο
1638 2382 1685 2439 δ’
1716 2385 1804 2439 ἀν-

153 2471 405 2543 Θρώποις
438 2471 527 2524 καὶ
558 2472 719 2539 ζώοις
754 2474 971 2545 ἅπασιν,
1005 2470 1125 2528 οὔτε
1180 2473 1433 2548 βασιλεὺς
1481 2475 1541 2529 τὸ
1602 2472 1802 2545 ἀληθι-

1528 2028 1805 2101 εὐηργέτει

160 2687 293 2726 rum
329 2687 565 2743 genere,
599 2689 748 2745 quos
784 2672 1059 2730 Italorum
1096 2674 1296 2746 lingua
1314 2674 1623 2731 commisto
1664 2674 1811 2730 dice-

163 2761 543 2832 ret,confidit,
562 2767 784 2835 partem
808 2762 1034 2818 tulibus
1050 2764 1379 2835 reipublicae
1412 2764 1808 2833 committens,

163 2849 437 2905 navalem
473 2850 1133 2921 videlicetmilitiamﬁn
1151 2870 1325 2925 quam
1361 2869 1560 2909 eorum
1590 2853 1809 2925 pleros-

160 2955 275 3009 que
308 2939 681 3009 conscripsit,
706 2945 874 3011 aptos
904 2943 953 2996 ei
978 2942 1261 2997 functioni
1307 2947 1505 3013 utpote
1558 2944 1811 3013 pruden-

158 3026 304 3081 tiam
360 3026 780 3099 solertiamque
811 3046 879 3084 ex
916 3030 1217 3097 Romanis,
1251 3031 1539 3104 impetum
1581 3049 1714 3087 vero
1755 3037 1809 3085 et

160 3118 471 3174 audaciam
486 3119 777 3174 exLatinis
810 3120 1079 3175 haustam
1113 3122 1287 3177 simul
1303 3122 1811 3195 habentes.ltaque

161 3225 228 3264 ex
270 3208 366 3262 his
420 3209 669 3264 maxime
717 3209 963 3265 classem
1025 3200 1295 3267 instruxit
1326 3213 1463 3268 satis
1512 3228 1808 3285 magnam,

1930 1942 2005 2011 μὴ
2066 1935 2342 2006 ἀληθινῶς
2407 1934 2830 2009 βασιλεύοντες;
2883 1936 2916 2001 ἡ
2975 1935 3079 2006 γὰρ
3153 1934 3289 2003 τιμὴ
3359 1933 3573 2006 βασιλεῖ

1922 2027 2078 2099 μετὸν
2128 2025 2217 2079 καὶ
2290 2024 2350 2078 οὗ
2430 2027 2699 2093 σκηνικῶς
2783 2020 3146 2095 βασιλεύοντι.
3204 2022 3367 2084 Ταῦθ’
3416 2023 3555 2096 ὁρῶν

1916 2114 2251 2178 ὲκεῖνος,κσῖ
2290 2110 2501 2185 μᾶλλον
2555 2111 2605 2181 ἐξ
2658 2113 2899 2183 ὑπογύου
2956 2110 3175 2184 βλέπων
3232 2110 3358 2172 τοὺς
3417 2110 3562 2183 παρά

1914 2210 2020 2260 τῶν
2056 2203 2401 2266 ἀπελθόντων
2469 2200 2733 2275 βασιλέων
2784 2200 3287 2275 εὐεργετουμένους,
3322 2199 3561 2262 συνειδὸς

1916 2295 2061 2371 ἔχων
2121 2293 2419 2369 ἠλέγχετο,
2452 2291 2540 2346 καὶ
2596 2291 2871 2365 εὐηργέτει
2918 2290 3031 2363 μὶν,
3064 2290 3213 2358 πλὴν
3275 2291 3385 2364 οὐχ
3440 2288 3564 2345 ὅσον

1916 2384 2130 2453 ἐκεῖνοι,
2162 2385 2225 2438 τὸ
2285 2383 2379 2455 μὶν
2429 2379 2519 2435 διὰ
2564 2382 2662 2450 τὴν
2709 2380 2950 2454 ἀνάγκην
3000 2377 3089 2433 καὶ
3135 2378 3264 2441 τοὺς
3297 2378 3566 2454 ἐλέγχους

1916 2470 2109 2535 δεδιὼς
2142 2474 2215 2535 ὡς
2248 2474 2364 2527 κατ’
2396 2466 2717 2548 ὀψοαλμοὺς
2769 2465 2951 2538 ὄντας,
2980 2466 3059 2523 τὸ⁹
3094 2464 3151 2522 δὶ
3198 2468 3353 2545 φύσει
3414 2469 3566 2544 χρώ-

1918 2674 2329 2746 imperatorem
2388 2673 2697 2729 videretur.
2735 2677 2809 2729 Ut
2838 2673 2994 2728 enim
3027 2672 3301 2730 amabilis
3344 2673 3429 2729 sol
3456 2689 3566 2728 non

1919 2767 2076 2819 esset
2109 2762 2218 2817 nisi
2252 2761 2446 2817 radios
2479 2766 2802 2835 spargeret,
2829 2779 2931 2835 per
2951 2778 3100 2833 quos
3138 2763 3308 2833 juvat
3362 2767 3568 2828 terras,

1920 2852 2189 2909 homines
2220 2856 2277 2906 et
2305 2858 2549 2907 cunctas
2574 2853 2927 2919 animantes,
2961 2853 3043 2907 ita
3091 2852 3189 2907 ille
3240 2869 3438 2907 verum
3473 2852 3567 2907 in-

1922 2949 2046 2998 star
2075 2941 2355 3014 principis
2394 2956 2507 2995 non
2540 2941 2735 3007 habet,
2770 2942 2867 3011 qui
2910 2939 3211 2996 cumulare
3266 2942 3567 2997 beneﬁciis

1920 3049 2035 3087 non
2057 3033 2361 3087 studeteos
2376 3047 2407 3102 q
2422 3031 2595 3085 uibus
2610 3030 2687 3085 im
2700 3030 3040 3102 perat.Mea,
3057 3030 3567 3103 inquam,senten-

1920 3122 2126 3194 tia,qui
2148 3122 2300 3193 regis
2322 3122 2542 3176 habens
2564 3136 2775 3175 nomen
2802 3136 3012 3191 parcus
3042 3124 3099 3175 et
3133 3121 3337 3176 tardus
3369 3122 3439 3176 ad
3473 3123 3566 3177 do-

1921 3210 2181 3265 nandum
2213 3215 2318 3277 est,
2366 3207 2753 3265 simulacrum
2782 3212 2839 3263 et
2886 3208 3105 3263 larvam
3148 3213 3337 3280 gestat
3385 3210 3568 3281 regni,

164 3314 280 3368 qua
314 3298 541 3352 vicinas
572 3298 799 3355 insulas
832 3301 1197 3371 recuperavit
1249 3304 1305 3356 et
1362 3302 1643 3367 obtinuit,
1701 3302 1810 3355 sti-
1845 3314 1886 3378 C
1924 3299 2369 3354 minimeautem
2388 3314 2581 3354 veram
2598 3298 2724 3366 ejus
2757 3297 2908 3351 tituli
2932 3298 3292 3365 maiestatem
3323 3298 3567 3354 obtinet.

160 3386 377 3457 pendin
410 3392 467 3440 et
494 3387 766 3442 donativa
789 3389 931 3460 ipsis
964 3406 1031 3444 ex
1061 3390 1263 3445 aerario
1296 3392 1592 3445 communi
1645 3406 1811 3445 cons-

154 3476 403 3543 tituens,
430 3491 493 3528 ac
518 3492 647 3530 cum
670 3475 782 3530 fide
805 3483 1254 3547 repraesentans,
1280 3477 1529 3550 aliisque
1556 3478 1810 3551 praemiis

161 3563 317 3619 ultro
354 3564 606 3619 subinde
638 3566 791 3621 datis
826 3566 1183 3621 alacritatem
1231 3567 1493 3639 ipsorum
1545 3568 1809 3622 excitans

159 3670 533 3725 augensque,
567 3654 946 3726 vicissimque
978 3657 1049 3709 ab
1082 3655 1151 3709 iis
1185 3656 1386 3711 utilem
1418 3673 1650 3727 operam
1682 3664 1809 3711 stu-

159 3742 454 3814 diumque
486 3743 544 3797 in
578 3744 861 3816 obsequia
892 3745 1066 3800 etiam
1100 3744 1431 3817 periculosa
1466 3752 1807 3819 promptum

155 3832 475 3903 recipiens.
508 3832 725 3887 Habuit
755 3834 907 3889 enim
932 3834 1024 3888 hic
1058 3834 1374 3905 imperator
1403 3852 1531 3891 vere
1553 3835 1809 3892 liberali-

159 3925 348 3976 tatem
384 3921 441 3976 in
476 3938 648 3977 omne
682 3922 988 3979 hominum
1024 3940 1209 3995 genus
1243 3926 1511 3989 effusam,
1566 3932 1810 3998 utraque

160 4010 449 4066 hauriens
481 4028 657 4066 manu
690 4028 756 4068 ex
790 4017 990 4085 parata
1020 4015 1184 4085 copia
1216 4015 1585 4071 conditarum
1637 4016 1813 4090 longa

160 4099 893 4173 parcimoniaopum,quaa
916 4101 1027 4157 late
1059 4104 1433 4175 spargeretin
1471 4122 1613 4160 usus
1634 4122 1809 4177 egen-

159 4190 341 4255 tium,
378 4189 533 4244 haud
577 4191 849 4261 equidem
883 4192 1003 4247 scio
1062 4208 1133 4247 an
1176 4192 1453 4248 instinctu
1500 4194 1811 4267 indoleque

161 4284 417 4344 naturai,
438 4295 509 4334 an
533 4280 766 4349 judicio
797 4280 978 4337 animi
996 4282 1067 4336 ob
1085 4288 1425 4353 presentem
1448 4284 1671 4355 ejusrei
1700 4284 1811 4339 uti-

157 4366 387 4423 litatem
423 4368 667 4423 benefici
704 4385 914 4424 nomen
949 4370 1292 4435 effectantis,
1318 4387 1385 4427 eo
1417 4372 1638 4428 scllicet
1688 4375 1809 4429 adi-

157 4462 337 4529 gente
367 4458 719 4513 necessitate
744 4460 1014 4531 parandaa
1048 4459 1131 4515 sic
1164 4461 1318 4532 vulgi
1371 4462 1809 4530 benevolentiae,

158 4563 279 4617 qua
318 4545 380 4601 in
444 4546 649 4612 primis
707 4564 855 4620 opus
888 4547 1040 4603 189
1074 4554 1196 4603 erat
1254 4550 1301 4605 ei
1339 4552 1434 4620 qui
1492 4552 1601 4605 sibi
1654 4558 1811 4607 esset

156 4635 439 4691 conscius
464 4636 725 4709 usurpatl
761 4638 963 4693 fraude
998 4655 1102 4693 nec
1124 4640 1287 4710 juste
1317 4641 1572 4711 possessi
1600 4641 1809 4712 princi-

160 4728 572 4797 patus.Potest
601 4731 659 4779 et
684 4726 854 4781 tertia
868 4728 1180 4799 excogitari
1200 4745 1399 4797 causa,
1416 4747 1539 4798 quaa
1557 4730 1808 4787 Michae-

155 4814 270 4869 lem
307 4814 701 4887 Paleologum
724 4817 792 4870 ad
822 4816 978 4888 large
1011 4816 1282 4888 plurimis
1324 4819 1809 4875 benefaciendum

155 4906 419 4977 potuerit
448 4906 769 4976 impellere,
802 4906 1097 4963 aemulatio
1130 4908 1321 4964 laudis
1352 4908 1410 4964 in
1452 4910 1563 4964 isto
1602 4927 1813 4983 genere

157 4994 454 5068 praeclarae
483 4995 719 5051 illarum
748 4997 848 5069 qui
898 5003 1033 5053 ante
1092 4999 1283 5070 ipsum
1343 4998 1813 5071 imperaverant;

157 5101 417 5157 quorum
452 5085 705 5142 effusum
739 5087 1003 5143 studium
1028 5088 1171 5143 bene
1192 5090 1453 5145 merendi
1488 5091 1815 5146 tribuendi-

162 5192 278 5247 que
311 5192 382 5230 ex
414 5176 591 5247 priori
619 5178 904 5231 memoria
934 5194 1067 5231 cum
1086 5182 1394 5248 repeteret,
1429 5197 1728 5252 nunquam
1755 5198 1816 5237 se

158 5270 418 5337 putaret,
453 5266 838 5337 quantumuis
864 5265 1021 5337 large
1055 5267 1273 5338 passim
1299 5268 1813 5325 donandoconare-

158 5362 279 5422 tur,
316 5355 497 5409 decus
528 5354 911 5427 hocipsorum
947 5371 1011 5409 ac
1037 5357 1250 5409 famam
1286 5374 1329 5409 aa
1355 5358 1817 5423 luarsimitando

160 5450 261 5501 aut
297 5443 559 5516 assequi.
593 5443 732 5499 Mihi
766 5444 1003 5516 quidem
1038 5444 1122 5499 sic
1156 5445 1669 5515 videtur,illumex
1702 5467 1817 5522 quo

160 5532 541 5607 imperatoris
575 5549 785 5588 nomen
820 5540 1243 5606 assumpserat,
1275 5534 1557 5591 indixisse
1580 5536 1690 5592 sibi
1733 5540 1816 5593 in-

162 5622 541 5680 eluctabilem
577 5624 984 5679 necessitatem
1006 5623 1380 5695 imperatorio
1401 5640 1558 5681 more
1582 5628 1815 5699 agendi,

166 5712 239 5770 ne
271 5730 389 5769 non
422 5728 553 5767 vero
582 5711 869 5785 imperare
899 5712 1003 5769 sed
1036 5711 1193 5769 velut
1223 5713 1280 5769 in
1328 5730 1503 5771 scena
1533 5715 1817 5775 simulare

1924 3392 2276 3464 Argumento
2300 3390 2419 3445 sint
2444 3388 2526 3444 illi
2562 3388 2832 3444 tralatitii
2861 3405 3171 3444 scenarum
3206 3405 3391 3461 rcges,
3417 3394 3565 3460 Aga-

1919 3497 2215 3549 memnon,
2262 3481 2658 3548 OEnomanus,
2692 3478 2950 3550 (Edipus
3000 3484 3056 3532 et
3106 3478 3285 3548 hujus
3328 3481 3568 3551 posteri,

1915 3571 2201 3625 Adrastus
2253 3586 2489 3641 quoque
2528 3572 2809 3640 Argorum
2841 3584 2958 3633 rex,
2984 3570 3038 3622 et
3065 3582 3136 3621 ne
3158 3566 3425 3640 singulos
3456 3584 3566 3621 nu-

1917 3676 2159 3727 merem,
2196 3660 2325 3729 ejus
2359 3660 2555 3713 formze
2588 3658 2777 3713 casteri
2814 3677 2827 3724 ;
2862 3677 2889 3709 ἀ
2915 3656 3129 3727 quibus
3162 3656 3262 3727 qui
3304 3673 3566 3728 unquam

1916 3754 2313 3823 apectsitorum
2348 3748 2665 3820 patientem
2728 3745 2873 3818 ipsis
2914 3762 3150 3816 operam
3198 3744 3449 3802 inbianti
3489 3746 3567 3801 si-

1917 3839 2097 3896 lentio
2115 3839 2407 3902 dantium,
2440 3838 2581 3892 dum
2616 3852 2678 3892 se
2699 3834 3011 3907 magnifice
3025 3838 3327 3891 ostentant
3349 3836 3404 3891 in
3426 3852 3565 3908 pur-

1918 3946 2062 4001 pura
2079 3946 2188 3985 non
2207 3931 2561 3993 summatum
2577 3925 2895 3997 quidquam
2911 3924 3565 3997 accepitgratiaamuem

1918 4036 2101 4075 unum
2124 4019 2408 4090 juverunt
2439 4033 2497 4072 re
2516 4014 2678 4071 ulla?
2699 4015 2801 4070 Cui
2817 4014 3108 4070 commodi
3127 4014 3449 4087 quidquam
3467 4022 3571 4071 aut

1918 4108 2055 4164 doni
2100 4105 2700 4177 tribuerunt?Atque
2734 4104 2788 4159 bi
2839 4103 3076 4174 quidem
3129 4104 3567 4159 excusationem

1916 4198 2135 4254 habent
2181 4195 2499 4268 purganda
2551 4194 2619 4249 ad
2685 4190 2970 4265 populum
3006 4190 3426 4248 illiberalitatis
3457 4210 3572 4248 sua:

1920 4283 2481 4359 plausibilem,quod
2506 4282 2799 4354 personati
2818 4282 3232 4337 tantummodo
3264 4283 3571 4355 suntprin-

1918 4377 2113 4448 cipes;
2147 4389 2326 4446 quare
2356 4372 2499 4443 ipsis
2532 4371 2601 4427 ad
2637 4378 2931 4441 utcunque
2962 4369 3401 4443 defungendum
3445 4388 3570 4444 pre-

1917 4466 2075 4521 cario
2102 4463 2213 4518 isto
2238 4463 2495 4533 quodam
2534 4460 2725 4516 ofﬁcio
2759 4458 3049 4515 simulatae
3083 4459 3149 4513 ad
3183 4458 3387 4515 horam
3410 4467 3567 4532 pote-

1918 4554 2091 4610 statis
2124 4552 2355 4607 abunde
2407 4551 2486 4605 sit
2519 4549 2798 4605 simulata
2830 4549 2967 4602 item
3018 4553 3076 4603 et
3116 4566 3261 4604 vano
3292 4564 3571 4623 expressa

1918 4650 2086 4717 gestu
2146 4641 2555 4698 beneficentia.
2602 4644 2673 4697 At
2731 4640 2861 4695 istis
2911 4640 3009 4711 qui
3071 4656 3238 4695 veros
3295 4658 3356 4697 se
3406 4659 3570 4714 reges

1922 4738 2149 4807 putant,
2185 4732 2327 4803 quid
2363 4731 2431 4786 ad
2462 4730 2861 4785 defensionem
2893 4728 3282 4800 relinquitur;
3318 4732 3427 4785 nisi
3458 4734 3566 4786 lar-

1922 4826 2178 4895 giantur,
2213 4837 2327 4893 quo
2361 4820 2561 4873 minus
2604 4819 2661 4873 in
2692 4820 3046 4873 larvatorum
3081 4834 3312 4889 quoque
3362 4836 3566 4893 regum

1925 4928 2240 4968 numerum
2276 4927 2342 4964 ac
2382 4924 2615 4981 gregem
2674 4908 3085 4980 compingendi
3128 4907 3293 4961 sint?
3324 4913 3572 4966 Prorsus

1926 5017 2059 5056 vero
2108 5000 2461 5055 exturbandi
2512 4996 2801 5070 longeque
2859 4997 3244 5052 submovendi
3294 5014 3326 5052 a
3392 5016 3570 5055 censu

1928 5091 2081 5147 I90
2139 5106 2204 5145 ac
2256 5104 2537 5143 concessu
2580 5101 2845 5141 verorum
2907 5084 3263 5157 principum,
3320 5102 3571 5157 quorum

1927 5180 2026 5252 qui
2070 5195 2205 5251 ergo
2258 5178 2370 5233 sxbi
2420 5176 2698 5231 honorem
2752 5178 3049 5245 arrogant,
3084 5191 3217 5229 cum
3271 5176 3417 5232 tales
3460 5196 3573 5235 non

1926 5269 2258 5325 sint?Nam
2317 5268 2502 5322 honor
2537 5266 2693 5337 regis
2742 5264 2861 5319 veri
2912 5264 3144 5334 propria
3192 5281 3286 5320 res
3316 5270 3423 5333 est,
3461 5286 3573 5324 non

1927 5358 2093 5415 mimi
2124 5357 2453 5413 diademate
2486 5352 2855 5410 larvati.Hz’ec
2888 5353 3133 5409 Michael
3158 5354 3314 5410 clare
3347 5359 3571 5430 perspi-

1927 5448 2106 5513 ciens,
2142 5463 2207 5500 ac
2239 5445 2524 5501 beneficia
2556 5461 2681 5517 qua:
2706 5458 2921 5516 magna
2952 5443 3009 5497 in
3026 5441 3237 5499 multos
3268 5448 3576 5505 exstabant

1928 5536 2186 5610 priorum
2223 5538 2667 5607 imperatorum,
2701 5533 2826 5589 suis
2857 5539 3198 5604 comparata
3245 5536 3573 5607 prisci-Here

1926 5628 2226 5694 sentiens;
2269 5625 2591 5697 simulque.
2627 5623 2779 5695 quod
2811 5622 2938 5695 ipse
2961 5623 3342 5680 convincente
3366 5626 3570 5684 intime

1927 5714 2288 5774 conscientia
2328 5715 2544 5770 tacitus
2594 5713 2903 5779 fatebatur,
2941 5728 3011 5767 ne
3056 5711 3151 5768 alii
3205 5719 3571 5775 monstrante
