4246 6446
626 447 729 502 631

1931 431 2232 488 GEORGIX
2270 427 2733 483 PACHYMERB

3927 418 4041 473 632

635 589 819 642 μενος,
852 565 984 629 ἴσως
1017 567 1092 638 μὴ
1143 560 1542 638 παρακατέχειν
1603 555 1928 631 αἶῬοὖμενος
1990 554 2134 622 ζωὴν
2187 571 2282 605 τα·
2313 553 2363 619 Α
2397 549 2522 624 φασί
2580 567 2743 615 τινες,
2776 546 2955 622 ἀρχὴν
3013 544 3058 600 δ’
3108 545 3237 600 εἶναι
3289 545 3352 600 τὸ
3411 547 3526 600 οἷον
3584 549 4044 620 κατασιγασθῆναι

633 655 929 728 λαιπώρων
988 652 1312 727 ἀνθρώπων,
1357 653 1464 702 τῶν
1537 643 1813 722 προῦργου
1869 643 2065 702 παντὸς
2126 640 2283 712 ἀναγ-

633 744 789 798 καίου
844 744 1091 817 πορίζειν
1149 739 1374 814 ἔχοντος
1433 737 1531 803 τήν
1583 735 1789 810 τροφὴν
1852 731 1939 786 ἐπὶ
1998 728 2280 801 θεραπείαν

634 832 851 886 ἐκείνων
909 831 1099 884 ἰόντων
1159 828 1294 882 κατά
1349 847 1401 878 τι
1482 825 1714 898 ἀρχαῖον
1791 822 2050 892 νόμιμον.
2109 815 2285 872 Ἀλλὰ

632 925 800 975 ταῦτα
861 920 956 991 μὶν
1006 916 1143 978 τίσως
1197 915 1285 969 καὶ
1338 912 1690 987 παρακαίρια,
1720 910 1799 986 ἐφ’
1831 908 1875 979 ᾧ
1921 906 2083 978 μόνον
2117 901 2284 972 δεῖξαι

637 1008 789 1085 φύσει
844 1006 1044 1083 προσὸν
1103 1011 1170 1078 τῇ
1232 1001 1481 1079 βασιλείᾳ
1537 1001 1599 1054 τὸ
1659 996 2013 1073 εὐεργετικόν.
2049 993 2122 1047 Οῦ
2151 991 2286 1045 ἐκεῖ·

635 1119 725 1159 νος
756 1095 1037 1171 αὐτόίρκως
1074 1100 1348 1168 μετεῖχεν,
1378 1091 1440 1145 ού
1468 1092 1534 1144 τὰ
1564 1087 1750 1143 πολλά
1797 1107 1857 1160 γε
1911 1079 2287 1157 μικρολογού-

641 1209 820 1260 μενος.
855 1183 1184 1243 Ἀπέστελλε
1243 1181 1299 1237 δὲ
1355 1180 1445 1234 καὶ
1499 1179 1634 1250 πρὸς
1691 1174 1818 1237 τοὺς
1857 1171 2138 1244 έπιδόξους
2190 1171 2288 1236 τῆς

641 1275 895 1344 Ἰταλίας,
929 1277 1016 1329 καὶ
1075 1272 1286 1346 μᾶλλον
1346 1270 1471 1330 τοὺς
1529 1273 1629 1335 τῆς
1680 1262 2036 1333 Ἐκκλησίας,
2094 1256 2290 1336 φίλους

640 1365 872 1426 ἐκείνους
902 1363 990 1418 καὶ
1027 1361 1294 1436 μακρόθεν
1323 1360 1621 1431 κτώμενος.

641 1475 693 1532 ι’.
740 1475 925 1534 Ὅπως
978 1471 1069 1525 τὸν
1119 1469 1370 1536 Ἰωάννην
1432 1466 1459 1518 ὁ
1498 1461 1765 1536 *βασιλεὺς
1821 1455 2063 1514 ἐκποδὼν
2119 1457 2292 1509 ποιῶν

1305 1534 1622 1613 ἐξετύφλου.

711 1636 796 1707 [Ρ.
832 1635 954 1705 127]
988 1632 1125 1688 Τότε
1183 1627 1229 1682 δ’
1262 1627 1650 1700 ἐνευκαιρήσας
1698 1622 1756 1676 ἐκ
1799 1625 1905 1676 τῶν
1959 1615 2146 1672 ἄλλων
2203 1616 2297 1670 τὸν

638 1703 737 1794 τῆς
796 1703 1020 1797 καρδίας
1071 1715 1312 1792 ἔμμονον
1371 1715 1639 1788 λογισμὸν
1712 1708 1851 1785 ἔγνω
1909 1703 2292 1763 καταστέλλειν

642 1795 923 1873 κακίστοις
982 1810 1430 1885 ἐπιχειρήμασιν.
1483 1806 1545 1859 Ὀ
1607 1803 1700 1874 μὲν
1759 1799 1848 1854 οὖν
1910 1797 2180 1872 λογισμὸς
2234 1795 2295 1848 τὸ

646 1903 736 1957 καὶ
778 1899 1045 1957 εἷσέπειτά
1097 1900 1148 1953 οἱ
1194 1901 1479 1971 συνάρχειν
1530 1895 1623 1948 τὸν
1669 1891 1920 1958 Ἰωάννην
1999 1887 2086 1940 καὶ
2148 1882 2293 1939 δυοῖν

649 1989 910 2065 κεφαλαὶν
940 1991 1023 2058 (τὸ
1074 1992 1170 2042 τοῦ
1219 1985 1414 2059 λόγου)
1463 1983 1584 2055 μίαν
1641 1981 1939 2035 ἐπικεῖσθαι
1985 1974 2295 2046 καλύπτραν

655 2062 743 2135 καί
801 2079 921 2135 λίαν
976 2076 1180 2148 ἀπᾷδον
1234 2078 1373 2149 εἶχε,
1406 2074 1583 2148 χωρὶς
1627 2070 1715 2125 καὶ
1744 2073 1841 2123 τοῦ
1877 2068 1952 2138 μὴ
1985 2065 2036 2119 ἐν
2071 2062 2302 2141 ἀσφαλεῖ

656 2169 1006 2234 καθίστασθαι
1043 2187 1054 2198 ’
1113 2167 1204 2220 τὸν
1267 2165 1358 2236 μὲν
1417 2164 1516 2238 γὰρ
1596 2161 1750 2220 οὗτος
1825 2157 1916 2210 τὸν
1992 2153 2037 2209 δ’
2095 2153 2299 2215 ἐκεῖνος

657 2260 888 2335 στέρξοι,
924 2259 1020 2311 ἀνα
1076 2257 1240 2330 μέρος
1300 2251 1644 2327 ἀποστέργων
1690 2250 1779 2302 τὸν
1825 2246 2026 2319 ἕτερον,
2067 2243 2160 2298 καὶ
2207 2241 2297 2296 οῦ-

653 2370 761 2410 τως
817 2344 1042 2401 ἄτακτον
1093 2346 1154 2399 τὸ
1199 2341 1543 2416 πολύαρχον.
1594 2344 1803 2411 Χρῆναι
1849 2339 1977 2409 γοῦν
2031 2329 2298 2387 σϐεννύειν

652 2439 713 2494 τὸ
741 2439 815 2499 εἷς
845 2437 1047 2491 ἐκεῖνον
1080 2439 1187 2488 τῶν
1221 2431 1447 2487 πολλῶν
1511 2428 1736 2505 θάρρος,
1766 2425 1855 2478 καὶ
1916 2422 1981 2491 δὴ
2036 2422 2304 2495 καταρξά-

657 2549 814 2602 μενον
846 2525 1115 2582 τελειοῦν.
1149 2525 1357 2596 ’Ἡμισυ
1417 2519 1516 2595 γὰρ
1575 2521 1672 2572 τοῦ
1717 2515 1916 2578 παντὸς
1971 2513 2069 2580 τήν
2121 2510 2300 2585 ἀρχήν

655 2746 850 2787 rerum
885 2726 1178 2784 evidentia
1199 2725 1503 2780 cernerent
1535 2723 1589 2774 et
1621 2719 1679 2772 in
1713 2732 1775 2772 se
1797 2713 2084 2769 invidiose
2106 2711 2303 2782 loque-

656 2824 878 2883 rentur,
913 2822 1206 2879 metuens,
1227 2827 1350 2868 cum
1367 2810 1547 2880 hujus
1569 2798 2302 2878 praecavendasignominise

659 2907 1027 2976 necessitate,
1063 2910 1189 2959 tum
1223 2900 1418 2957 indole
1450 2900 1613 2954 bona:
1663 2901 1881 2950 natura:
1915 2891 2069 2947 haud
2120 2889 2304 2945 susti-

663 3002 836 3055 nente
882 2997 1059 3052 vitam
1120 2993 1470 3049 miserorum
1548 2978 2309 3042 hominum'intevsrtenda

664 3087 946 3160 operariis
982 3084 1245 3140 mercede
1270 3078 1508 3152 injustis
1540 3077 1799 3131 detinere
1831 3072 2129 3136 manibus,
2153 3066 2307 3140 quod

665 3156 1082 3250 antiquissima
1107 3174 1197 3229 lex
1219 3174 1394 3238 vetat,
1418 3165 1690 3240 stimulis
1717 3163 1872 3218 ultro
1905 3159 2121 3216 additis
2151 3156 2308 3211 haud

667 3248 943 3322 mollibus
959 3266 1220 3319 innatam
1236 3261 1305 3315 ad
1326 3261 1469 3314 bene
1485 3254 1722 3311 mereud
1738 3269 1832 3307 um
1860 3248 2310 3322 propensionem

2387 640 2489 706 τὴν
2547 637 2752 692 ἐκείνου
2801 639 3049 708 μνήμην,
3082 637 3155 696 ὡς
3213 634 3354 708 μηδὲ
3392 635 3680 708 συνάρχειν
3712 629 4042 705 ὑπολαμϐά-

2388 738 2569 789 νεσθαι
2605 746 2617 759 ·
2650 727 2712 779 τὸ
2743 725 2842 799 γὰρ
2889 725 2975 778 καὶ
3022 722 3270 799 δεύτερον
3328 723 3662 801 στεφομένου
3724 724 3798 795 μὴ
3853 722 4040 776 κᾶκεῖο

2390 836 2481 870 νον
2510 816 2861 886 συντιμᾶσθαι
2887 814 2974 867 καὶ
3026 818 3479 886 συνεεδφημεῖσθαι
3536 816 3633 866 τοῦ
3688 812 4041 885 πατριάρχου

2395 907 2681 976 πέφοντος
2740 903 2918 978 ἠρέμα
2975 923 3093 964 πως
3145 903 3397 978 ὑπορρεῖν
3459 903 3689 976 ἀνάγκη,
3721 901 3809 955 καί
3855 903 3905 974 γ’
3953 899 4040 953 εύ-

2395 994 2554 1069 χερὲς
2603 991 2662 1046 ἂν
2723 993 2854 1047 εἶναι
2909 991 2997 1046 καὶ
3052 992 3112 1046 τὸ
3170 989 3337 1046 πλέον
3391 991 3723 1058 ἐπιτεθῆναι,
3775 989 3847 1050 ὡς
3911 985 4044 1060 μηδ’

2397 1080 2595 1138 ἐλπίδα
2654 1079 3066 1156 ὑπολελεῖφθαι.
3109 1080 3356 1154 Τούτοις
3441 1079 4047 1154 καταστρατηγηθέντος

2394 1177 2510 1232 τοῖς
2569 1169 2860 1245 λογισμοῖς
2904 1173 3001 1222 τοῦ
3064 1168 3331 1242 βασιλέως
3375 1169 3624 1242 (ὑπέκαιε
3664 1169 3765 1241 γὰρ
3798 1166 3960 1220 αὐτὸν
4023 1165 4050 1218 ὁ

2396 1263 2494 1329 τῆς
2541 1259 2846 1334 μοναρχίας
2903 1255 3060 1331 ἔρως,
3101 1258 3190 1312 καὶ
3247 1258 3344 1325 τήν
3404 1257 3829 1331 παρερχομένην
3893 1253 4050 1327 δόξαν

2398 1349 2525 1423 περῗ
2577 1349 2836 1410 πλείονος
2885 1347 3047 1400 ἐτίθει
3102 1351 3198 1400 τοῦ
3227 1348 3375 1400 θείου
3433 1340 3607 1423 φόϐου
3639 1343 3725 1398 διὰ
3781 1346 3881 1412 τὴν
3943 1347 4046 1397 τοῦ

2399 1438 2658 1499 πλείονος
2692 1435 2889 1511 ὄρεξιν)
2924 1437 3133 1510 βουλὴν
3169 1435 3488 1511 βουλεύεται
3533 1433 3681 1506 μάλα
3731 1434 3826 1506 μὶν
3858 1432 4053 1506 αἰσχί-

2403 1549 2556 1598 στην,
2614 1525 2762 1599 μάλα
2821 1523 2878 1579 δὲ
2935 1526 3024 1578 καὶ
3101 1529 3234 1579 Θεοῦ
3301 1523 3491 1600 πόῤῥω
3568 1519 3902 1596 βάλλουσαν,
3965 1521 4059 1575 καὶ

2403 1615 2620 1688 πέμψας
2680 1613 2979 1691 ἐκτυφλοῦν
3036 1613 3129 1667 τὸν
3187 1609 3354 1668 παῖδα
3427 1609 3776 1686 προσέταττε,
3835 1606 4056 1664 παιδίον

2402 1703 2611 1758 ἆπαλὸν
2663 1703 2752 1758 καὶ
2805 1701 2972 1774 μηδὲν
3020 1699 3096 1757 ἔτι
3157 1699 3350 1776 σχεδὸν
3399 1699 3603 1761 τελέως
3633 1699 3667 1768 ἢ
3715 1700 3778 1753 τὸ
3835 1699 4059 1775 χαίρειν

2402 1795 2438 1863 ἢ
2467 1794 2530 1848 τὸ
2554 1792 2842 1856 λυπεῖσθαι
2874 1792 3166 1865 μαθὸν,καί
3193 1793 3242 1845 κ’
3272 1789 3324 1845 ἐν
3359 1789 3461 1862 ἴσῳ
3490 1790 3765 1862 τιθέμενον
3797 1788 3861 1843 τό
3891 1789 3939 1841 τ’
3962 1789 4057 1860 ἄρ-

2403 1903 2522 1959 χειν
2553 1882 2641 1938 καὶ
2667 1883 2729 1936 τὸ
2762 1884 3046 1956 ἄρχεσθαι,
3081 1881 3231 1954 μόνῳ
3264 1877 3320 1934 δὲ
3348 1884 3428 1951 τῷ
3457 1879 3771 1953 πατριάρχῃ
3805 1882 4062 1932 πιστεῦον

2403 1974 2493 2028 καὶ
2523 1977 2639 2032 τοῖς
2669 1971 2811 2025 οὕτω
2843 1974 2910 2024 τὰ
2939 1973 3054 2024 κατ’
3087 1969 3245 2024 αὐτὸν
3280 1966 3570 2040 διοικοῦσι,
3592 1967 3681 2022 καὶ
3717 1964 3860 2040 μηδὲ
3893 1967 3978 2020 ὅτι
4013 1965 4064 2020 τί

2411 2063 2548 2118 ἐστιν
2585 2061 2746 2137 ὅρκος
2779 2059 3012 2131 είδὸς,ἐξ
3036 2061 3096 2115 οὗ
3118 2061 3205 2114 καὶ
3241 2059 3455 2135 θαῤῥεῖν
3477 2061 3592 2133 εἶχε
3627 2059 3720 2130 μὲν
3754 2057 3856 2112 οὐκ
3879 2059 4064 2124 αὐτὸς,

2411 2151 2539 2206 ἀλλ’
2570 2153 2622 2206 οἱ
2680 2151 2802 2226 περὶ
2855 2151 3080 2220 ἐκεῖνον,
3116 2149 3320 2204 ἐκεῖνον
3377 2147 3660 2217 σώζεσθαι.
3694 2147 3907 2201 Γίνεται
3938 2145 4062 2220 γοῦν

2415 2243 2489 2305 ὡς
2539 2243 2638 2309 τὴν
2689 2242 2870 2316 ἀρχὴν
2910 2239 3282 2315 προσετάχθη,
3310 2237 3399 2292 καὶ
3441 2241 3537 2292 τοῦ
3574 2235 3804 2311 βρέφους
3871 2237 4066 2310 μικρὸν

2417 2325 2788 2404 ὑπερϐεϐηκὸς
2843 2327 3058 2384 παιδίον
3120 2332 3384 2403 στερεῖται
3441 2331 3539 2381 τοῦ
3602 2325 3846 2401 βλέπειν,
3909 2328 4067 2379 τοῦτο

2420 2419 2583 2492 μόνον
2634 2417 3272 2497 φιλανθρωπευσαμένων
3354 2421 3460 2471 τῶν
3549 2414 4064 2488 ἐξυπηριτουμένων

2413 2513 2492 2581 τῷ
2551 2513 2732 2584 μιαρῷ
2780 2508 3125 2581 τολμήματι,
3154 2508 3213 2562 τὸ
3269 2509 3344 2579 μή
3395 2503 3642 2581 σιδήροις
3699 2504 4068 2579 ἐκπυρωθεῖσι

2411 2709 2620 2780 capite,
2675 2715 3019 2782 matureque
3066 2709 3436 2780 exstinguere
3461 2723 3592 2760 mox
3648 2708 3998 2776 erupturam
4033 2719 4062 2758 e

2414 2797 2671 2853 scintilla
2702 2798 3025 2867 flammam;
3077 2814 3181 2853 nec
3214 2812 3444 2852 cessare
3483 2795 3542 2850 in
3589 2792 4066 2849 consummando

2416 2888 2570 2957 quod
2623 2888 2987 2954 inchoatum,
3035 2887 3154 2942 imo
3205 2889 3538 2957 promotum
3591 2883 3709 2938 sit:
3746 2881 4067 2936 dimidium

2416 2977 2574 3031 enim
2606 2976 2787 3032 totius
2821 2982 2973 3032 recte
3000 2977 3111 3032 dici
3147 2975 3413 3047 ccepisse,
3445 2977 3693 3044 coeptum
3729 2975 3929 3026 autem
3963 2971 4070 3025 du-

2420 3066 2559 3121 dum
2591 3071 2649 3121 et
2679 3067 2912 3138 quidem
2936 3066 3200 3135 feliciter,
3235 3065 3292 3119 id
3326 3061 3889 3136 negotium,abolita
3916 3076 4073 3132 paene

2422 3157 2582 3228 pueri
2619 3157 2898 3211 memoria
2930 3173 2995 3210 ac
3027 3154 3257 3210 nemine
3278 3155 3399 3224 jam
3434 3153 3549 3206 fere
3580 3153 3876 3221 imperare
3897 3149 4067 3204 illum

2422 3246 2718 3316 Opinante,
2750 3246 2952 3315 utique
2986 3243 3261 3300 Michaele
3293 3240 3474 3297 semel
3508 3257 3573 3295 ac
3633 3241 3744 3306 bis,
3782 3239 3912 3295 sine
3957 3237 4074 3293 ulla

666 3354 953 3411 incitavit.
1002 3352 1111 3407 Sed
1143 3350 1265 3405 hanc
1316 3346 1563 3403 otiosius
1596 3348 1652 3398 et
1685 3343 1832 3397 forte
1863 3336 2311 3408 intermpestive
2343 3352 2384 3420 ρ
2423 3335 2610 3406 ipsius
2648 3341 2709 3389 ut
2740 3334 2970 3406 imperii
3002 3334 3233 3403 collega;
3258 3330 3676 3387 acclamatione
3709 3332 3811 3383 aut
3832 3329 4076 3382 omnino

664 3439 1334 3516 disputamus.Sufticiat
1349 3435 1529 3507 igitur
1560 3433 1847 3486 hactenus
1878 3429 2313 3482 demonstrasse

662 3513 876 3589 natura
892 3523 1275 3601 conjunctum
1300 3542 1435 3580 cum
1469 3537 1749 3593 suprema
1774 3521 2060 3590 potestate
2083 3513 2314 3569 benefa-

661 3623 852 3680 ciendi
887 3621 1149 3676 studium
1181 3632 1329 3672 esse.
1365 3615 1488 3677 Quo
1523 3611 1638 3677 ille,
1674 3613 1961 3679 quantum
2012 3607 2101 3658 sat
2138 3608 2314 3671 esset,

665 3711 944 3785 praeditus
968 3709 1140 3764 etiam
1174 3708 1242 3761 ad
1280 3704 1538 3758 illustres
1574 3715 1674 3771 per
1706 3697 1930 3752 italiam
1962 3694 2135 3761 vires,
2172 3709 2315 3763 prae-

667 3802 872 3859 sertim
906 3796 1288 3855 ecclesiastici
1324 3791 1573 3857 ordinis,
1599 3788 1769 3861 pretii
1805 3803 1917 3841 non
1943 3782 2135 3855 exigui
2164 3784 2318 3837 dona

673 3892 853 3959 misit,
886 3891 1055 3962 longe
1088 3901 1393 3958 aucupans
1435 3881 1546 3937 sibi
1597 3875 2079 3946 utilem'gratiam
2113 3887 2316 3927 eorum

672 3984 744 4039 ad
778 3998 1024 4038 arcanas
1078 3974 1548 4050 opportunitates
1578 3965 1965 4024 consiliorum
2017 3967 2317 4017 votorum-

671 4089 806 4144 que,
841 4089 966 4145 quze
998 4073 1194 4125 mente
1225 4065 1513 4122 versabat.

706 4183 791 4237 10.
829 4183 892 4238 Ut
915 4184 1159 4235 amotum
1188 4177 1260 4232 ab
1282 4171 1504 4244 imperii
1525 4169 1798 4244 consortio
1819 4169 2094 4221 Joannem
2110 4163 2284 4231 impe-

1204 4241 1370 4302 rator'
1385 4241 1769 4300 excazcaverit.

739 4347 960 4398 Horum
1009 4355 1193 4395 unum
1233 4339 1379 4401 erat,
1413 4338 1471 4390 et
1510 4328 1797 4404 profunde
1849 4325 2090 4396 quidem
2123 4321 2321 4378 animo

671 4435 849 4488 fixum
882 4431 1141 4500 olimque
1187 4429 1508 4492 versatum,
1548 4415 1861 4490 expuuctio
1897 4412 2129 4485 pupilli,
2153 4411 2323 4480 cujus

672 4499 1061 4594 cogitationis
1084 4535 1152 4574 ex
1182 4517 1468 4572 hactenus
1518 4513 1816 4577 utcunque
1858 4500 2232 4559 dissimulata
2257 4499 2316 4551 in

674 4591 820 4684 Opus
865 4614 1129 4682 apertum
1190 4603 1505 4676 aliquando
1539 4595 1899 4671 proferenda:
1955 4591 2324 4647 commodam

676 4681 833 4758 nunc
878 4681 988 4755 sibi
1032 4699 1340 4751 videbatur
1389 4689 1882 4764 opportunitatem
1914 4681 2195 4752 temporis
2228 4696 2323 4732 na-

678 4799 827 4849 ctus.
859 4790 1189 4845 Absurdum
1219 4791 1275 4841 et
1302 4778 1840 4856 perincommodum
1861 4772 2105 4844 putabat
2137 4769 2323 4823 adhae-

680 4901 804 4940 rere
836 4883 1016 4936 istum
1052 4879 1162 4933 sibi
1197 4890 1442 4948 puerum
1479 4867 1705 4940 imperii
1737 4863 2041 4934 collegam,
2069 4875 2173 4914 nec
2207 4875 2323 4912 ma-

678 4975 768 5046 gis
784 4969 1086 5028 tolerabile
1103 4972 1204 5024 aut
1221 4964 1386 5020 facile
1403 4977 1580 5033 quam
1597 4961 1710 5014 duo
1725 4955 1900 5027 (quod
1925 4952 2108 5018 aiunt)
2133 4949 2326 5019 capita

679 5082 795 5119 uno
837 5060 946 5128 tegi
983 5059 1153 5131 pileo.
1173 5057 1318 5112 Nam
1347 5058 1733 5125 praeterquam
1752 5044 1906 5117 quod
1928 5043 2010 5097 sic
2031 5046 2238 5094 nutare
2261 5053 2326 5091 ac

678 5154 922 5210 minime
951 5151 1062 5206 sibi
1097 5151 1319 5202 certum
1354 5138 1729 5198 existimabat
1761 5136 1879 5188 fore
1930 5128 2326 5202 principatum

677 5245 823 5300 191
891 5256 1087 5304 suum,
1147 5235 1296 5291 votis
1346 5230 1617 5287 videlicet
1639 5224 1946 5281 hominum
1997 5218 2222 5280 divisis,
2269 5221 2328 5271 ct

678 5333 1034 5406 quibusdam
1060 5328 1300 5399 quidem
1329 5323 1427 5378 nni
1467 5321 1716 5374 duorum
1754 5318 2170 5385 Augustorum,
2191 5308 2324 5361 aliis

676 5397 1258 5480 alteristudentibus,
1284 5413 1461 5469 etiam
1486 5403 1849 5479 perturbatio
1878 5397 2212 5471 reipublicae
2248 5403 2330 5452 to-

679 5516 798 5569 tius
823 5517 1022 5580 etquae
1044 5509 1380 5577 sequuntur
1409 5518 1475 5555 ex
1499 5496 1782 5569 regimine
1816 5491 2067 5562 plurium
2105 5488 2328 5541 incom-

682 5603 858 5659 moda
882 5575 1164 5669 indejure
1185 5593 1569 5650 timebantur.
1587 5583 1838 5641 Omnino
1859 5581 2038 5651 igitur
2058 5575 2330 5648 expedire

681 5693 906 5750 semina
938 5689 1264 5745 novitatum
1300 5684 1357 5737 in
1401 5679 1720 5735 multorum
1751 5674 1873 5743 jam
1908 5668 2140 5734 animis,
2169 5665 2331 5738 pueri

683 5783 912 5852 ﬁducia,
949 5776 1309 5853 periculosos
1341 5787 1522 5828 ausus
1573 5761 2009 5835 designantium
2040 5755 2328 5812 eliderein

2425 3427 2742 3494 mentione,
2793 3428 3068 3480 coronato
3115 3439 3218 3495 per
3265 3421 3587 3478 solemnem
3648 3437 3681 3474 a
3738 3418 4079 3490 patriarcha

2420 3516 2827 3570 caeremoniam
2855 3533 2868 3581 ;
2893 3516 3048 3570 unde
3080 3514 3300 3569 sensim
3333 3512 3598 3567 difﬂuere
3630 3526 3695 3565 ac
3729 3525 4080 3565 evanescere

2420 3606 2578 3660 hunc
2627 3605 2786 3659 illius
2820 3605 3100 3660 honorem
3132 3618 3370 3658 necesse
3402 3600 3498 3669 sit,
3537 3604 3601 3656 ut
3634 3597 3801 3654 facile
3825 3599 3956 3670 jam
4003 3599 4076 3660 sit

2423 3697 2574 3767 quod
2612 3697 2775 3751 deest
2795 3696 3029 3758 addere,
3057 3711 3122 3749 ac
3155 3693 3452 3764 fastigium
3477 3690 3734 3760 aliejam
3759 3689 4083 3744 exstructis

2425 3785 2812 3856 ultimamque
2831 3784 2987 3838 velut
3019 3799 3257 3838 manum
3293 3781 3451 3853 operi
3486 3784 4081 3852 provectmmponere

2425 3875 2708 3931 demenda
2766 3873 2820 3927 in
2887 3877 3188 3944 posterum
3265 3869 3426 3926 omni
3471 3884 3594 3941 sps.
3652 3867 3961 3938 Ejusmodi
4024 3867 4082 3920 in

2427 3963 2729 4020 Michaelis
2762 3964 2977 4029 animo,
3012 3961 3237 4017 calcata
3260 3961 3414 4030 juris
3444 3963 3501 4014 et
3539 3957 3691 4029 sequi
3734 3956 4084 4021 reverentia,

2427 4055 2818 4128 praevalebant
2848 4054 3039 4125 impias
3061 4051 3466 4124 cogitationes,
3499 4046 3823 4104 ambitione
3868 4062 4086 4103 vesana

2427 4150 2481 4200 et
2501 4162 2649 4200 casco
2683 4161 2876 4199 amore
2911 4142 3271 4213 principatus
3305 4139 3654 4211 posthabere
3686 4136 3855 4190 ﬂuxa
3879 4135 4079 4208 gloriae

2427 4235 2528 4291 Dci
2561 4238 2780 4289 metum
2815 4232 3220 4288 suadentibus.
3258 4231 3460 4302 Itaque
3508 4227 3600 4282 his
3652 4224 4087 4297 impulsoribus

2429 4324 2737 4396 expeditur
2769 4324 3026 4394 impetus
3057 4321 3116 4374 in
3140 4321 3400 4375 immane
3427 4333 3602 4389 quam
3640 4320 3804 4370 atrox
3845 4314 4087 4384 Deoque

2431 4429 2671 4469 exosum
2719 4412 2966 4475 facinus,
2998 4408 3638 4480 mittenteimperatore
3661 4405 3758 4475 qui
3785 4403 4090 4473 suojussu

2430 4505 3041 4572 excazcarentpuerum
3061 4498 3252 4554 adhuc
3281 4496 3582 4559 tenellum,
3609 4497 3664 4550 et
3687 4492 3941 4547 necdum
3973 4495 4093 4546 fere

2433 4592 2574 4663 quid
2607 4591 2682 4645 sit
2711 4589 2992 4661 gaudium
3023 4593 3124 4641 aut
3154 4586 3320 4641 dolor
3353 4585 3631 4638 scientem
3676 4597 3788 4663 per
3829 4585 4091 4647 aetatem,

2435 4661 2648 4743 cuique
2665 4673 2819 4725 idem
2838 4675 2938 4724 aut
2963 4668 3203 4742 perinde
3217 4670 3372 4721 esset
3393 4665 3682 4736 imperare
3704 4661 3791 4716 vel
3816 4661 4094 4729 subesse,

2437 4763 2706 4831 infantia,
2758 4777 2883 4830 quas
2943 4759 3180 4813 vixdum
3223 4757 3574 4821 excesserat,
3625 4751 3836 4806 talium
3890 4766 4093 4804 rerum

2433 4853 2741 4924 ignorante
2773 4849 3112 4913 discrimen,
3157 4844 3626 4917 acquiescentem
3669 4844 3861 4896 autem
3918 4840 4095 4894 unice

2435 4942 2571 4998 fidei
2621 4939 3110 5013 providentiaaque
3143 4933 3507 5008 patriarchas,
3547 4929 3920 4986 nescientem
3959 4944 4096 4984 vero

2437 5034 2576 5104 quid
2603 5032 3004 5102 juramentum
3038 5029 3115 5081 sit
3154 5041 3402 5097 quasque
3430 5022 3521 5077 vis
3557 5019 3862 5092 religionis
3896 5018 4094 5085 istius,

2438 5138 2615 5194 quam
2651 5137 2764 5174 non
2800 5120 2945 5190 ipse,
2979 5117 3080 5172 sed
3103 5115 3143 5170 ii
3167 5114 3382 5187 quibus
3407 5115 3530 5168 erat
3553 5108 4096 5180 cumprofuturam

2438 5213 2488 5268 ei
2524 5213 2593 5266 ad
2628 5210 2868 5265 tutelam
2890 5207 3387 5274 securitatemque
3424 5203 3642 5258 frustra
3689 5203 4096 5270 speraverant.

2442 5303 2591 5357 I92
2627 5301 2771 5370 Ergo
2797 5297 3060 5369 privatur
3089 5295 3273 5350 oculis
3308 5291 3584 5365 parvulus
3613 5287 3856 5362 paulum
3883 5304 4096 5358 super-

2439 5384 3143 5464 gressusinfantiam,hoc
3161 5383 3349 5440 solum
3375 5376 4101 5448 humaneindulgentibus

2442 5480 2726 5536 ministris
2751 5477 2981 5533 barbari
3017 5474 3302 5540 mandati,
3335 5482 3398 5526 ut
3431 5488 3543 5525 non
3604 5468 3804 5524 ferreis
3836 5467 4026 5522 clavis
4074 5482 4101 5520 ο

2445 5572 2673 5627 fornace
2703 5566 3092 5623 candentibus
3108 5558 3651 5620 ocellostenellulos
3686 5558 3974 5626 foderent,
4001 5556 4100 5612 sed

2440 5657 2797 5731 crepitaculo
2829 5657 3082 5728 quodam
3118 5654 3301 5723 ignito
3335 5650 3478 5705 aciei
3538 5648 3835 5703 luminum
3867 5646 4101 5717 objecta

2440 5750 2678 5808 videndi
2702 5747 3036 5804 facultatem
3054 5745 3434 5800 absumerent
3457 5743 3512 5798 et
3529 5737 3751 5796 sensim
3784 5737 4100 5794 arefectam
