4188 6442
180 456 277 513 633

1241 456 1335 509 DE
1373 454 1747 511 IICHABLR
1786 454 2226 511 ΡΑῑιιοιοθο
2263 454 2394 511 LIB.
2434 459 2531 512 III.

3453 455 3558 510 634

179 581 293 644 τοὺς
324 577 642 653 ὀφθαλμοὺς
693 578 1057 653 λυμήνασθαι,
1110 576 1236 634 ἀλλ’
1277 578 1457 653 ἠχείῳ
1486 576 1593 631 τινὶ
1624 596 1810 650 πυρω-
1842 576 2168 647 Ατιλοῦντι
2225 578 2662 654 γραμματικοὺς,
2724 580 3116 654 ὑπὶρπαθουντι
3166 576 3210 633 δ’
3261 576 3413 652 ὅμως
3464 583 3560 633 τοῦ

182 672 315 735 “vn
372 670 457 724 ἐπὶ
514 672 622 723 τῶν
668 662 843 741 ὄψεων
891 669 1177 744 φερομένῳ
1226 667 1518 737 ἐξοπτῆσαι
1563 670 1644 738 τῷ
1690 686 1812 721 νεα-

178 760 334 830 νίσκῳ
387 757 517 817 τοὺς
576 754 898 833 ὀφθαλμοὺς
960 755 1439 829 ἀπομαρανοὲντας
1510 759 1578 828 τῇ
1651 752 1810 808 ἐκπυ-

183 849 335 922 ρώσει
394 845 482 899 καὶ
537 846 718 918 ἠρέμα
778 839 1092 908 σϐεσθέντας
1142 845 1204 898 τὸ
1255 843 1499 899 ὀπτικόν.
1553 844 1698 899 Μεθὸ
1756 840 1813 897 δὶ

180 938 317 991 ταῦτ’
368 934 650 1007 ὶτολμήθη
707 935 843 987 κατὰ
896 936 993 1002 τὴν
1064 933 1272 1008 ἡμέραν
1320 938 1422 1001 τῆς
1475 933 1667 1005 ἑορτῆς
1713 936 1810 986 τοῦ

184 1032 452 1098 Σωτῆρος,
511 1023 627 1077 καθ’
683 1023 744 1089 ἣν
796 1020 896 1097 ἄρα
944 1021 1033 1076 καὶ
1083 1021 1337 1097 ἐγεννήθη
1390 1022 1473 1095 [Ρ.
1512 1022 1632 1094 128]
1664 1021 1808 1095 χειρῖ

182 1114 263 1186 μὲν
322 1112 619 1188 παρανόμῳ
653 1154 667 1180 ,
724 1111 1008 1186 προστάξει
1065 1108 1122 1166 δὶ
1176 1112 1653 1185 παρανομωτέρα,
1714 1112 1807 1188 φξ-

181 1223 347 1277 ροντες
405 1202 604 1280 φόρτον
656 1200 887 1257 ἐλεεινὸν
948 1203 1038 1255 καὶ
1094 1203 1209 1255 οἷον
1272 1198 1485 1275 ἄψυχον
1541 1204 1619 1271 τῷ
1675 1201 1809 1275 πρὸς

180 1292 437 1359 θάλασσαν
487 1297 595 1347 τῶν
648 1290 993 1362 Νικητιάτων
1048 1297 1147 1359 τῆς
1204 1284 1506 1361 Δακιὸύζης
1562 1290 1807 1367 φρουρίῳ

178 1379 224 1435 tv
275 1379 505 1455 ἀσφαλεῖ
558 1379 978 1447 κατακλείουσι,
1036 1378 1125 1433 καὶ
1184 1380 1236 1433 οἱ
1307 1379 1533 1454 φρουροὶ
1594 1377 1808 1454 ἐγκαθί-

179 1490 401 1538 στανται,
488 1468 889 1544 ἇποταχθέντος
964 1466 1266 1542 αὐτάρκους
1345 1466 1651 1541 σιτηρεσίου
1729 1471 1808 1539 τῷ

177 1557 617 1633 ίγκεκλεισμὲνῳ.
676 1560 875 1633 ’Ὀρκοι
907 1555 954 1611 δ’
1008 1556 1202 1612 ἐκεῖνοι
1256 1556 1344 1612 καὶ
1404 1556 1668 1620 συνθεσίαι
1717 1557 1807 1611 καὶ

180 1646 500 1721 ἰμπεδώσεις
550 1650 767 1722 φρικταὶ
816 1648 891 1709 ὠς
945 1644 1163 1721 λάχανα
1208 1643 1542 1716 κατεδήδοτο
1593 1643 1810 1721 βασιλεῖ

177 1735 415 1793 δοκοῦντι
445 1738 750 1815 θεοφίλειαν
784 1736 955 1813 ἔχειν,
988 1734 1057 1792 δι’
1080 1738 1142 1806 ἣν
1173 1737 1263 1791 καὶ
1294 1735 1634 1809 προῦτιμᾶτο
1662 1736 1809 1809 παρὰ

175 1828 262 1895 τῆς
292 1826 619 1896 Ἐκκλησὶας
650 1826 727 1887 εἰς
756 1828 854 1894 τήν
888 1825 1087 1901 ἀρχήν.
1124 1824 1275 1882 Ἀλλ’
1304 1826 1370 1893 ἦν
1400 1822 1504 1900 ἄρα
1545 1825 1606 1879 τὸ
1651 1825 1807 1901 λεγό-

177 1935 322 1987 μενον
356 1914 581 1984 ἀληθὶς,
609 1914 684 1975 ὡς
723 1915 901 1989 Ἀρχή
961 1911 1119 1984 δείξει
1169 1911 1355 1988 ἄνδρα·
1408 1909 1573 1985 ἔδειξε
1618 1912 1721 1986 γὰρ
1772 1914 1806 1981 ἡ

175 2003 307 2078 ἀρχὴ
355 2002 625 2072 κάκεῖνον,
677 2003 827 2064 ὅπως
876 2000 1039 2075 ἔμελὲ
1087 2002 1139 2055 οἱ
1181 2005 1278 2056 τοῦ
1327 1998 1537 2055 δικαίου
1580 2000 1668 2055 καὶ
1711 2008 1810 2069 τῆς

171 2092 282 2164 περὶ
308 2093 403 2146 τὸν
462 2092 588 2147 Θεὸν
640 2085 945 2152 εὐλαϐείας.
1000 2089 1152 2159 Πλὴν
1202 2088 1534 2166 τυφλώττων
1564 2089 1809 2151 κάκεῖνος

170 2184 352 2254 τῇτῆς
408 2179 572 2251 δόξης
623 2182 944 2254 ματαιότητι
992 2180 1094 2248 τήν
1142 2181 1327 2254 ψυχὴν
1362 2177 1660 2252 ἐκτυφλοῦν
1693 2178 1811 2233 ὲκὲ-

174 2270 284 2325 λευε
312 2275 638 2344 σωματικῶς
665 2271 756 2325 τὸν
786 2269 1045 2325 ἀναίτιον.

177 2377 251 2432 ια’.
300 2376 554 2452 Τὰ-περὶ
602 2380 700 2452 τοῦ
751 2370 1076 2452 ’ρλοϐώλου
1103 2376 1408 2452 ’Πανουήμ
1436 2374 1655 2445 καὶτῆς
1702 2378 1809 2431 τῶν

398 2444 613 2503 λοιπῶν
649 2444 1003 2521 ὑποϐλὲψεως
1038 2447 1127 2502 διὰ
1153 2448 1245 2501 τὸν
1278 2444 1557 2517 Ἰωάννην.

232 2536 364 2593 Τότε
424 2534 485 2591 δὲ
538 2538 629 2591 καὶ
699 2537 875 2599 αῗτίας
944 2536 1297 2609 πλασάμενος
1351 2534 1432 2608 τῷ
1499 2533 1807 2609 Ὀλοὸώλῳ

174 2625 446 2694 Μανουήλ,
480 2622 685 2698 παιδίῳ
730 2647 794 2700 γε
841 2622 956 2681 ὄντι
1003 2624 1092 2680 καὶ
1142 2624 1220 2687 εἷς
1248 2623 1376 2686 τοὺς
1424 2624 1656 2687 οἰκείους
1686 2625 1809 2680 τότε

178 2752 636 2824 depascerentur.
670 2754 732 2809 Id
770 2752 994 2809 facinus
1026 2769 1206 2823 supra
1260 2769 1494 2809 omnem
1555 2754 1793 2810 modum

171 2840 385 2897 crudele
417 2842 517 2897 die
539 2842 802 2897 omnium
826 2841 1196 2897 sanctissima
1218 2846 1274 2896 et
1298 2841 1550 2897 maxime
1572 2842 1794 2911 festiva,

172 2928 364 2985 Christi
399 2930 721 2987 Salvatoris
753 2930 935 2986 nostri
992 2930 1195 2998 natali,
1229 2934 1626 3003 perpetratum
1685 2935 1796 3001 est,

174 3019 435 3075 manibus
470 3018 921 3085 scelestissimis,
946 3020 1224 3075 mandato
1248 3019 1428 3075 multo
1444 3021 1619 3075 etiam
1644 3020 1798 3076 dete-

174 3108 470 3164 stabiliori.
493 3109 614 3173 Quo
639 3108 834 3165 statim
862 3109 1010 3164 facto
1032 3108 1567 3181 barpymimmanes
1586 3108 1796 3166 iisdem

168 3197 475 3269 unguibus,
508 3198 724 3269 quibus
755 3198 1009 3269 praedam
1033 3197 1328 3254 innoxiam
1353 3199 1797 3255 excarniﬁcave-

1922 665 2173 722 Ἰωάννου
2213 668 2438 722 τοιαῦτα
2466 668 2731 731 παθόντος
2760 664 2981 733 ἀδίκως,
3015 668 3059 720 ὦ
3090 664 3211 737 δίκη
3241 670 3251 722 ί
3298 667 3386 720 καὶ
3418 666 3562 739 παρὰ

1918 756 1979 810 τὸ
2033 756 2199 823 εἰκὸς,
2251 758 2554 833 ἀφαιρεῖται
2606 756 2753 832 ῥινὸς
2800 758 2969 824 αὐτῆς
3005 756 3267 828 μετὰτῶν
3303 755 3555 829 χειλέων.

1916 845 2158 906 Ἐκεῖνος
2217 842 2274 899 δὲ
2319 845 2622 920 παραυτίκα
2670 843 3064 920 ῥακενδυτήσας
3106 846 3205 912 τὴν
3259 846 3428 915 μονήν
3462 849 3557 898 τοῦ

1920 930 2243 1009 Προδρόμου
2277 933 2598 1008 εἰσέρχεται.
2634 935 2731 988 Καὶ
2764 932 2829 1002 δὴ
2873 932 3075 996 ἄλλους
3132 933 3421 994 πλεῖστους
3468 931 3557 987 διὰ

1914 1022 2081 1077 ταῦτα
2136 1020 2578 1095 ὑποϐλεπὸμενος
2634 1024 2761 1085 τοὺς
2824 1023 2916 1095 μὲν
2977 1022 3029 1076 ἐν
3089 1019 3316 1095 οὐδεμιᾷ
3373 1018 3555 1077 ἔταττε

1920 1112 2106 1186 μοίρᾳ,
2134 1111 2259 1173 τοὺς
2292 1110 2348 1166 δὶ
2371 1111 2459 1166 καὶ
2509 1111 2750 1180 ἐκόλαζε.
2784 1114 3044 1167 Τοιοῦτον
3094 1111 3196 1185 γὰρ
3239 1112 3301 1165 τὸ
3356 1112 3431 1183 μή
3466 1110 3550 1164 εὖ·

1914 1201 2098 1273 νόμως
2157 1198 2344 1276 ἄρχειν
2402 1198 2548 1255 ἄλλα
2601 1205 2953 1274 τυραννικῶς·
3014 1202 3095 1262 οἷς
3152 1200 3253 1275 γὰρ
3312 1199 3555 1274 ἁμαρτά-

1914 1311 2020 1345 νειν
2081 1285 2362 1363 συμϐαίνει
2422 1291 2514 1345 τὸν
2586 1289 2854 1365 ἄρχοντας
2925 1289 3138 1351 τούτοις
3201 1287 3552 1361 ὑπειδόμενον

1914 1378 2041 1441 τοὺς
2099 1384 2206 1434 τῶν
2262 1380 2559 1453 ἀνθρώπων
2616 1376 3023 1448 εὖσυνειδήτους
3083 1380 3380 1453 ἄχθεσθαι,
3439 1378 3553 1431 ἐπεὶ

1917 1467 2016 1522 οὐκ
2063 1464 2203 1522 ἔστιν
2262 1466 2461 1524 ἐκεῖνον
2535 1473 2809 1540 μετανοεῖν
2880 1468 2960 1544 ἐφ’
3019 1469 3099 1528 οἷς
3160 1466 3408 1540 ἰπραχθη
3466 1466 3555 1520 καὶ

1916 1558 2245 1631 συγγνώμην
2302 1562 2479 1628 ζητεῖν
2540 1556 2998 1631 παραιτούμενον,
3067 1557 3269 1630 ἀνάγκη
3330 1553 3553 1617 δικαίως

1915 1643 2235 1700 πιστεύοντα
2284 1645 2677 1721 ἀπεχθάνεσθαι
2740 1651 2913 1717 μισεῖν
2973 1644 3211 1707 ἐντεῦθεν
3260 1644 3384 1705 τοὺς
3420 1645 3555 1698 ὑπο-

1916 1736 2242 1807 νοουμὲνους
2302 1736 2387 1789 καὶ
2448 1740 2754 1808 τιμωρεῖν.
2814 1736 2915 1789 Ἦν
2976 1732 3067 1788 οὖν
3130 1733 3251 1786 τότε
3302 1734 3438 1786 κατὰ
3491 1734 3552 1785 τὸ

1918 1824 2139 1898 ἀρχεῖον
2186 1825 2403 1899 ταραχὴ
2455 1825 2736 1899 λογισμῶν
2776 1818 2929 1900 φόϐῳ
2961 1823 3289 1895 σύμμικτος,
3319 1826 3426 1876 τῶν
3460 1822 3553 1893 μὲν

1917 1910 2201 1986 λογισμῶν
2235 1912 2320 1986 [Ρ.
2355 1914 2477 1985 129]
2512 1909 2652 1984 μηδὲ
2686 1913 2776 1966 τὸν
2810 1910 3116 1985 ἀνάλγητον
3145 1910 3297 1986 φύσει
3329 1913 3555 1984 ἠρεμεῖν

1918 1997 2151 2067 ἐώντων,
2178 2002 2275 2053 τοῦ
2307 1996 2363 2053 δὲ
2396 1994 2589 2073 φόϐου,
2623 2000 2697 2061 ὡς
2732 2001 2805 2071 μή
2837 2020 2920 2061 τις
2956 2000 3138 2071 μαθὼν
3163 1998 3557 2072 προσαγγείλοι

1917 2086 2005 2141 καὶ
2038 2086 2100 2141 οὐ
2127 2088 2300 2163 φυκτὰ
2347 2089 2399 2142 οἱ
2450 2089 2517 2142 τὰ
2544 2094 2643 2156 τῆς
2675 2086 2951 2149 κολάσεως
3001 2089 3236 2154 γένοιτο,
3288 2087 3555 2158 παρευθῦς

1917 2175 2331 2238 συστέλλοντος⁹
2366 2173 2513 2245 δεινή
2553 2176 2656 2251 γὰρ
2700 2177 2751 2230 ἐν
2800 2177 3225 2252 προσαγγελίαις
3276 2173 3557 2251 διαφερόν-

1913 2286 2024 2326 τως
2049 2268 2116 2334 ἧν
2147 2268 2181 2335 ἡ
2213 2270 2308 2320 τοῦ
2338 2286 2457 2321 τινα
2482 2264 2658 2321 δοκεῖν
2701 2267 3046 2342 προσκεῖσθαι
3076 2270 3155 2337 τῷ
3186 2262 3338 2320 παιδὶ
3370 2266 3559 2321 Ἰωάν-

1914 2375 1979 2429 νῃ
2010 2356 2097 2409 καὶ
2127 2360 2425 2428 συμπαθεῖν
2436 2398 2448 2410 .

1921 2463 2010 2539 ιβ’.
2068 2463 2149 2519 Τὰ
2203 2464 2350 2539 κατὰΔ
2390 2461 2518 2539 τορς
2599 2461 2903 2539 Ζργηνοὺς,
2965 2461 3115 2539 ὅπως
3187 2463 3556 2532 ἀπεστάτησαν

2326 2533 2594 2609 βασιλεως
2632 2532 2717 2589 3ιᾶ
2744 2536 2835 2588 τὸν
2864 2536 3147 2603 Ἰωάννην.

1989 2625 2123 2697 Παρ’
2177 2624 2238 2692 ἢν
2289 2623 2461 2678 αἰτίαν
2518 2623 2607 2678 καὶ
2663 2623 2847 2700 ὀλίγον
2907 2623 3125 2700 ὕστερον
3188 2626 3239 2680 οἱ
3293 2625 3428 2679 κατᾶ
3454 2631 3557 2695 τῆς

1910 2750 2065 2808 Alios
2095 2750 2232 2808 item
2266 2750 2551 2825 plurimos
2570 2751 2824 2808 similem
2848 2752 2921 2809 ob
2943 2769 3181 2808 causam
3208 2752 3319 2808 sibi
3347 2769 3554 2825 suspe-

1907 2845 2032 2896 ctos
2058 2840 2395 2912 invisosque
2418 2839 2629 2913 partim
2659 2840 2817 2897 ultus
2833 2842 3255 2898 contumelioso
3278 2842 3547 2915 neglectu

1906 2934 2013 2997 est,
2048 2928 2270 2986 nullam
2303 2946 2504 2985 eorum
2562 2929 2621 2985 in
2681 2930 3095 2988 distributione
3154 2933 3437 2988 bonorum
3481 2948 3545 2986 ac

1908 3035 2220 3075 munerum
2244 3019 2527 3076 rationem
2544 3018 3004 3092 habens,partim
3030 3021 3291 3093 quaesitis
3314 3026 3548 3093 praetex-

1905 3107 2067 3163 tibus
2095 3107 2243 3163 male
2269 3108 2560 3163 multavit.
2595 3112 2675 3163 En
2710 3108 2934 3164 fructus
2964 3108 3193 3182 imperii
3227 3126 3339 3166 non
3378 3110 3550 3181 juxta

1905 3194 2061 3267 leges
2086 3198 2389 3270 tyrannice
2437 3197 2585 3270 parti
2643 3197 2931 3271 gestique.
2991 3198 3217 3270 Quippe
3274 3198 3545 3271 princeps

166 3291 307 3351 rant,
329 3302 487 3342 onus
512 3286 843 3342 miserabile
861 3286 1193 3358 corpusculi
1218 3287 1347 3343 luce
1394 3288 1540 3342 cassi
1565 3294 1621 3343 et
1641 3288 1800 3345 velut
1827 3285 1871 3355 ο
1906 3283 2261 3353 istiusmodi,
2306 3302 2431 3359 qum
2454 3285 2614 3359 large
2641 3287 2993 3357 peccaverit;
3028 3304 3159 3343 cum
3194 3304 3226 3343 a
3250 3288 3446 3360 probls
3492 3294 3549 3345 et

167 3375 402 3430 exanimi
438 3375 713 3431 tollentes
740 3375 797 3430 in
831 3391 1024 3431 arcem
1059 3374 1205 3431 illud
1236 3375 1593 3432 maritimam
1628 3376 1805 3433 Nice-

165 3461 449 3532 tiatarum,
496 3465 785 3536 Dacibyw
814 3463 1057 3531 dictam,
1090 3465 1505 3536 importarunt,
1538 3465 1806 3523 tutaillic

168 3557 216 3606 et
240 3553 669 3626 impenetrabili
693 3554 954 3610 custodia
978 3554 1294 3610 tenendum
1320 3554 1589 3611 ﬁdissimi
1611 3556 1803 3628 praesi-

168 3640 255 3711 dii,
286 3659 521 3699 annona
542 3643 604 3698 in
638 3642 921 3698 alimenta
941 3642 1177 3711 inclusi,
1200 3648 1487 3715 quantum
1516 3650 1606 3700 sat
1636 3645 1801 3715 foret,

170 3732 401 3800 provisa.
428 3735 778 3789 Juramenta
809 3749 978 3805 porro
998 3732 1101 3788 illa
1121 3736 1177 3789 et
1198 3739 1363 3804 pacta
1384 3734 1804 3807 exquisitaque

170 3820 229 3874 ad
249 3820 597 3877 ﬁrmandam
617 3820 791 3878 ﬁdem
816 3821 1139 3893 cautiones,
1160 3821 1460 3878 horrenda:
1483 3823 1805 3895 quinetiam

172 3908 415 3966 dirarum
436 3910 901 3981 imprecationes
924 3910 983 3965 in
1007 3909 1399 3976 fallentem,ut
1419 3911 1576 3968 olera
1597 3912 1804 3986 deglu-

171 3998 261 4054 tita
289 4004 426 4056 sunt
458 4001 535 4055 ab
570 4000 922 4071 imperatore
955 4000 1294 4071 religionem
1328 4000 1541 4059 habere
1575 4002 1716 4070 viso,
1748 4008 1806 4060 et

168 4094 222 4141 ut
246 4090 342 4143 tali
373 4088 594 4145 eximie
625 4089 697 4143 ab
729 4087 988 4143 Ecclesia
1020 4089 1300 4145 honorato
1324 4106 1554 4163 praeque
1574 4091 1803 4148 cunctis

167 4176 226 4231 ad
247 4177 559 4250 imperium
588 4182 875 4251 promoto.
902 4181 1115 4233 Verum
1140 4195 1349 4251 nempe
1367 4184 1458 4236 est
1478 4181 1633 4252 quod
1657 4182 1803 4237 dici-

166 4269 264 4335 tur,
286 4268 670 4338 Magistratus
700 4267 967 4322 ostendet
996 4266 1210 4323 virum.
1242 4267 1386 4323 Nam
1419 4268 1576 4325 hunc
1608 4270 1803 4342 qualis

169 4360 320 4422 esset,
344 4356 546 4428 palam
581 4356 839 4411 ostendit
871 4355 1271 4427 magistratus:
1304 4374 1481 4430 quam
1513 4357 1596 4413 illi
1648 4375 1800 4415 curm

162 4443 245 4512 jus
274 4445 475 4517 fasque
508 4450 691 4512 esset,
741 4444 934 4515 qualis
986 4449 1146 4500 esset
1202 4445 1260 4501 in
1319 4445 1503 4502 Deum
1563 4447 1796 4519 pietate,

164 4532 573 4591 demonstravit
597 4534 933 4603 imperium.
957 4535 1239 4590 Caeterum
1263 4540 1583 4591 excaecatus
1614 4541 1671 4591 et
1701 4537 1799 4593 ille

166 4622 361 4692 animo,
393 4628 455 4680 et
487 4622 837 4722 caliginosis
868 4621 1099 4679 nebulis
1132 4622 1359 4726 glorias.
1387 4625 1618 4680 caducas
1650 4642 1796 4726 verse
1828 4660 1874 4726 υ

165 4714 423 4768 mentium
458 4713 622 4767 lucis
653 4712 869 4767 intuitu
902 4713 1145 4779 amisso,
1180 4712 1398 4769 nefarie
1425 4715 1667 4786 pascepit
1704 4713 1797 4770 in-

164 4806 434 4858 noc:ntem
471 4802 611 4857 visu
646 4801 907 4873 corporis
940 4801 1174 4873 privari.

166 4908 234 4961 14.
263 4910 329 4965 De
358 4906 935 4981 Holoboloﬂanuele,
969 4916 1024 4964 et
1060 4908 1126 4964 de
1152 4908 1561 4981 suspicionibus
1609 4910 1793 4967 odiis—

491 4996 606 5053 que
636 4978 697 5033 in
728 4979 970 5051 reliquos
998 4982 1225 5037 Joannis
1245 4978 1438 5037 causa.

218 5068 399 5143 Neque
428 5071 547 5126 hoc
582 5073 918 5139 contentus,
950 5069 1219 5125 confictis
1254 5074 1392 5126 tunc
1437 5070 1633 5128 causis
1672 5076 1797 5128 Ma-

164 5158 362 5217 nuelem
400 5157 785 5223 Holobolum,
820 5175 1069 5229 puerum
1125 5166 1337 5216 tenerae
1397 5160 1585 5217 etatis
1642 5166 1698 5218 et
1731 5162 1791 5217 in

165 5247 601 5307 domesticorum
636 5248 1157 5319 grammaticorum
1218 5254 1353 5306 tunc
1410 5250 1613 5307 ordine
1640 5251 1792 5308 108

164 5344 475 5409 merentem,
504 5336 673 5409 quod
704 5337 753 5391 is
770 5336 1027 5408 graviter
1048 5339 1195 5394 ferre
1215 5338 1373 5395 visus
1394 5344 1549 5396 esset
1571 5357 1694 5410 quae
1732 5341 1791 5396 in

163 5427 408 5487 Joannem
441 5435 572 5486 tam
609 5426 928 5484 crudeliter
957 5432 1085 5484 acta
1106 5428 1346 5498 viderat,
1372 5446 1547 5503 quam
1574 5432 1793 5500 injuste

163 5517 331 5588 (testor
352 5521 452 5592 jus
484 5525 547 5575 et
578 5518 867 5589 aequum),
900 5533 1076 5589 quam
1100 5518 1257 5574 ultra
1285 5536 1517 5576 omnem
1553 5521 1791 5578 modum

167 5608 486 5682 immaniter,
510 5605 779 5667 mutilari
805 5607 952 5664 foede
972 5609 1151 5678 jussit
1172 5609 1434 5665 abscisso
1457 5626 1587 5666 cum
1610 5610 1792 5668 labris

166 5713 299 5755 naso.
330 5699 427 5757 Ille
468 5703 680 5756 autem
714 5695 1007 5755 miserita
1034 5698 1393 5755 deformatus
1439 5699 1791 5757 centunculo

167 5786 371 5848 indutus
392 5792 453 5848 in
478 5786 918 5846 monasterium
946 5791 1327 5846 Precursoris
1354 5790 1659 5863 ingressus
1678 5796 1789 5852 est.

1910 3373 2806 3433 bonaeonscientimhominibu:
2824 3381 2924 3433 aut
2942 3378 3418 3434 animadverterit
3448 3383 3551 3434 aut

1910 3464 2248 3537 suspicatus
2278 3464 2451 3521 fuerit
2481 3465 2817 3538 vituperari,
2862 3468 3202 3523 exardescat
3250 3468 3307 3523 in
3367 3468 3550 3524 furias

1911 3568 2147 3609 necesse
2177 3558 2303 3621 est;
2336 3557 2393 3609 et
2415 3556 2514 3625 qui
2538 3555 2934 3625 pmnitentiam
2961 3557 3218 3628 proﬁteri
3246 3573 3549 3630 perperam

1908 3647 2174 3700 actorum
2197 3652 2297 3699 aut
2317 3643 2539 3699 veniam
2566 3659 2799 3716 poscere
2819 3643 3070 3701 alienum
3095 3663 3248 3702 asua
3268 3646 3550 3717 dignitate

1909 3748 1976 3788 ac
2007 3738 2189 3788 morte
2222 3733 2389 3804 pejus
2421 3733 2723 3787 vitandum
2776 3740 3032 3801 censeat,
3087 3741 3208 3791 toto
3260 3735 3550 3792 incumbit

1910 3822 2107 3878 animo
2139 3822 2209 3879 ad
2233 3821 2687 3879 existimandum
2714 3840 2826 3895 pra:
2850 3840 3029 3896 seque
3054 3824 3357 3880 ferendum
3383 3825 3549 3896 justa

1906 3928 2037 3969 esse
2068 3929 2194 3985 qua
2227 3912 2377 3969 fecit.
2412 3911 2574 3969 Unde
2605 3913 2745 3984 quid
2778 3922 2868 3969 est
2910 3930 3277 3987 consequens
3323 3916 3434 3971 nisi
3486 3921 3550 3971 ut

1908 4002 2098 4060 odisse
2128 4006 2372 4075 cogatur
2398 4006 2455 4059 et
2490 4019 2591 4074 pro
2650 4002 2872 4060 viribus
2903 4003 3104 4061 ulcisci
3164 4021 3332 4061 secus
3360 4006 3429 4061 de
3488 4023 3550 4062 se

1907 4098 2214 4149 censentes
2235 4092 2263 4147 Τ
2290 4096 2431 4149 Erat
2459 4110 2596 4165 ergo
2622 4099 2759 4148 tunc
2792 4095 2851 4149 in
2883 4094 3017 4150 aula
3046 4095 3309 4152 confusio
3326 4098 3547 4169 cogita-

1907 4182 2134 4238 tionum
2165 4187 2321 4239 metu
2356 4181 2650 4255 perplexa.
2683 4183 2829 4239 Nam
2889 4184 3027 4241 hinc
3081 4186 3316 4256 quidem
3377 4203 3547 4243 nemo

1907 4271 2178 4343 quamvis
2210 4270 2368 4327 ferus
2397 4276 2455 4327 et
2484 4272 2553 4326 ad
2585 4287 2827 4328 sensum
2872 4272 3261 4330 humanitatis
3318 4274 3548 4346 gelidus

1907 4361 2224 4416 informare
2243 4360 2439 4416 animo
2459 4366 2685 4433 poterat
2702 4361 2980 4434 tragicam
3006 4365 3259 4435 speciem
3282 4366 3549 4420 exercitae

1905 4450 1964 4505 in
1992 4450 2235 4524 puerulo
2256 4450 2384 4522 ejus
2407 4450 2515 4506 loci
2535 4468 2772 4522 prorsus
2802 4452 3033 4508 innoxio
3046 4453 3408 4511 crudelitatis
3429 4458 3548 4511 tam

1905 4539 2200 4606 immanis,
2229 4539 2371 4610 quin
2405 4545 2868 4596 commoveretur
2898 4542 3104 4598 intime
3151 4548 3209 4599 et
3237 4544 3309 4599 ad
3359 4545 3548 4599 vindi-

1904 4628 2158 4685 candum
2182 4629 2543 4685 incitaretur:
2561 4629 2697 4686 inde
2725 4629 2941 4701 pariter
2959 4647 3161 4689 omnes
3182 4633 3546 4706 constringe-

1907 4720 2007 4775 bat
2032 4726 2225 4775 metus
2255 4725 2312 4775 et
2343 4719 2677 4777 sollicitudo
2711 4724 2998 4794 cujusque
3031 4725 3100 4778 de
3134 4740 3194 4779 se
3226 4724 3374 4795 ipso,
3402 4743 3470 4781 ne
3498 4727 3548 4781 si

1904 4809 2057 4880 quod
2082 4815 2382 4864 emanaret
2414 4809 2661 4865 istorum
2695 4827 2975 4866 sensuum
3010 4811 3314 4881 indicium,
3339 4815 3549 4887 cupide

1903 4896 2212 4953 collectum
2245 4916 2277 4953 a
2310 4899 2529 4969 paratis
2578 4897 2937 4957 delatoribus
2984 4901 3055 4957 ad
3089 4902 3319 4973 tyranni
3374 4920 3548 4960 aures

1905 4987 2251 5058 perveniret,
2284 4992 2558 5043 secutura
2585 4989 2783 5044 statim
2815 4989 3134 5045 inevitabili
3160 5007 3343 5063 eaque
3365 4994 3547 5048 atroci

1906 5091 2096 5148 pcena,
2127 5076 2418 5148 siquidem
2455 5093 2523 5133 ex
2554 5076 2713 5133 omni
2745 5093 2956 5150 genere
3013 5079 3377 5136 delationum
3432 5081 3546 5137 illas

1901 5164 2396 5237 impotentissime
2427 5164 2849 5238 celerrimeque
2878 5169 3251 5235 concitabant
3270 5171 3324 5223 in
3351 5171 3547 5226 saevis-

1902 5255 2086 5313 simos
2121 5255 2344 5311 furores
2376 5255 2675 5312 Michaelis
2707 5257 2992 5325 animum,
3013 5274 3139 5330 quas
3172 5259 3243 5315 de
3271 5262 3546 5333 quopiam

1905 5345 2051 5401 forte
2074 5345 2410 5401 nuntiarent
2440 5345 2763 5401 condolere-
2799 5346 2968 5403 illum
3018 5349 3227 5405 Joanni
3283 5366 3463 5423 puero
3492 5354 3550 5406 et

1902 5451 2105 5492 casum
2139 5437 2266 5506 ejus
2297 5450 2445 5508 egre
2478 5436 2646 5491 ferre.

1904 5542 1989 5597 12.
2034 5543 2104 5598 De
2150 5541 2395 5619 Zygcnis_
2430 5546 2546 5619 sive
2573 5546 2886 5619 montanis,
2936 5554 2997 5601 ut
3048 5546 3107 5601 in
3156 5550 3549 5619 imperatorem

2314 5614 2643 5671 rebellarint
2684 5614 2913 5673 Joannis
2941 5634 3127 5674 causa.

1973 5708 2214 5776 PrOpter
2244 5720 2423 5776 quam
2454 5720 2694 5761 causam
2725 5705 2900 5762 etiam
2935 5706 3109 5780 paulo
3128 5712 3261 5781 post
3288 5713 3548 5782 agrestes

1902 5792 2001 5866 qui
2033 5791 2254 5849 vicinos
2282 5791 2484 5849 Nicen
2516 5794 3050 5867 montesincolunt,
3083 5803 3342 5854 aratores
3360 5797 3546 5855 homi-
