4246 6446
160 394 265 450 637

1244 400 1341 454 ΒΕ
1379 397 1750 454 MICBAELE
1786 395 2214 454 PALEOLOGO
2249 399 2382 454 LIB.
2425 402 2524 454 III.

3464 401 3570 457 638

158 519 246 574 καὶ
307 517 593 594 ὑποχαλᾷν
624 521 692 589 ἦν
747 519 841 583 τὰς
893 521 1070 595 ὁρμάς
1102 519 1272 598 σφίσι.
1317 518 1545 576 Μᾶλλον
1584 518 1677 592 μὶν
1714 517 1807 572 οὖν
1840 525 1889 590 Α
1922 525 2132 592 τολμᾷν
2194 518 2479 576 εἷσελθεῖν.
2538 523 2803 578 Ἕπιπτον
2858 520 3038 576 τοίνυν
3093 524 3210 577 καθ’
3261 526 3471 598 ἡμέραν
3520 508 3573 580 οἱ

158 609 521 681 κακουμένοις
571 609 660 663 καὶ
710 610 860 685 παρὰ
928 612 1029 679 τήν
1089 611 1268 665 αὐτῶν
1318 608 1594 681 ὑπόληψιν
1655 607 1808 679 ἐπῄει

158 696 528 774 ἀνδρίζεσθαι,
578 702 663 754 καὶ
698 702 918 774 ἀπτὲρῳ
969 701 1126 775 τάχει
1158 702 1251 763 τάς
1305 698 1616 775 δυσχωρίας
1648 718 1809 753 κατα-

160 785 531 861 λαμϐάνοντες
593 791 681 843 ἀπ’
741 791 919 844 αὐτῶν
977 790 1252 861 ἠμύνοντο
1305 788 1626 865 βάλλοντες.
1677 790 1811 847 Τοῖς

157 876 212 933 δὶ
269 877 400 934 οὔτε
455 880 590 934 κατά
645 880 741 942 τάς
800 882 1077 956 φάραγγας
1136 882 1394 955 προσιτὸν
1455 880 1544 949 ἦν,
1602 878 1691 933 καὶ
1748 878 1810 931 τὸ

158 972 425 1046 μακρόθεν
478 971 701 1045 βάλλειν
766 973 991 1041 μάταιον
1054 971 1364 1045 ἐνομίζετο’
1426 968 1811 1040 ἑπενδυόμενοι

152 1062 251 1134 γάρ
308 1060 508 1114 ἐκεῖνοι
558 1060 626 1114 τά
684 1057 878 1132 δὲνδρα
931 1058 1154 1135 βάλλειν
1193 1062 1287 1134 μὲν
1320 1060 1471 1135 εἶχον
1504 1058 1593 1114 καὶ
1626 1057 1814 1112 εὐστο-

225 1154 246 1163 -
401 1149 447 1201 θ,
539 1147 565 1165 ν
809 1148 820 1166 .
921 1151 929 1167 ,
1195 1150 1206 1170 ,
1394 1150 1406 1167 ,
1521 1148 1532 1166 ,
1670 1146 1683 1161 ς
1731 1145 1741 1163 ,

156 1166 273 1223 χειν
329 1169 397 1201 κα
508 1170 569 1201 ου
623 1169 705 1210 τις
761 1170 822 1203 το
876 1149 1039 1224 βελος
1072 1148 1305 1212 ὲντεινας
1354 1170 1416 1204 το
1473 1151 1627 1220 τοξον
1660 1166 1809 1218 ανιῃ,

156 1234 457 1311 βάλλεσθαι
490 1233 547 1291 δὲ
574 1234 701 1291 οὐδὲ
760 1237 823 1291 τὸ
880 1238 1130 1312 παράπαν
1180 1238 1269 1307 ἧν.
1300 1235 1720 1313 Ἀπορουμὲνων
1757 1232 1813 1288 δὲ

151 1326 414 1380 πάντοθεν
444 1326 552 1380 τῶν
609 1326 760 1388 ἐκτὸς
793 1324 961 1398 μηδὲν
995 1326 1238 1402 ἐχόντων
1383 1321 1811 1403 προσϐάλλοιεν,

151 1414 327 1471 ἐδόκει
387 1420 493 1491 πῦρ
542 1416 759 1471 ἐνιέναι·
817 1418 985 1491 ταύτῃ
1026 1419 1115 1472 καὶ
1161 1418 1264 1494 γὰρ
1324 1418 1414 1473 καὶ
1469 1417 1648 1490 μόνως
1676 1416 1810 1470 ἀπο-

147 1506 525 1581 χωρησάντων
582 1505 776 1568 αύτοὺς
834 1503 982 1581 ἔχειν
1037 1507 1352 1582 ἐγγίζοντας
1416 1511 1531 1568 τοῖς
1587 1504 1813 1568 οἰκείοις

148 1596 328 1651 αὐτῶν
358 1595 750 1654 ἐπεισπίπτειν.
816 1597 974 1655 Ἀλλ’
1030 1602 1064 1668 ἡ
1116 1596 1396 1674 δυσχωρία
1426 1598 1534 1672 οὐχ
1568 1598 1813 1666 ὑπήκουε

147 1693 231 1759 τῷ
285 1688 436 1762 πυρί⁸
484 1687 565 1764 ἐφ’
616 1688 739 1744 ὅσον
767 1689 868 1764 γάρ
918 1690 979 1743 τὸ
1011 1694 1115 1762 πῦρ
1166 1689 1393 1759 ἥπτετο,
1427 1688 1515 1743 ἐπὶ
1544 1690 1807 1742 τοσοῦτον

153 1778 576 1853 ὑποχωροῦντες
632 1778 823 1834 ἰκεῖνοι
882 1781 1017 1834 κατά
1090 1783 1284 1854 θάτερα
1341 1778 1811 1851 παραταττόμενοι

1920 607 2288 682 δοκιμώτατοι
2319 615 2387 683 τῇ
2421 615 2517 665 τοῦ
2548 613 2722 682 θυμοῦ
2774 612 3225 685 παραθηγόμενοι
3273 616 3429 681 ζὲσει,
3481 620 3567 671 καί

1919 698 2018 753 οὐκ
2069 698 2152 753 ἐπ’
2210 697 2392 775 ὀλίγον
2452 698 2905 771 ἐκαινοτομοῦντο
2970 702 3345 773 στρατεύματα
3390 706 3477 758 οἷά
3517 726 3571 760 τε

1920 788 2180 845 δοκοῦντα
2218 792 2306 845 καὶ
2350 790 2598 863 μεγάλων
2653 789 2934 859 Bovianum
2988 800 3423 865 κατευμεγεθεῖν,
3476 796 3568 858 οὒς

1920 878 2107 954 ὀλίγοι
2158 882 2298 941 τινὲς
2330 880 2463 953 πρὸς
2495 880 2727 941 ἐκείνους
2756 880 2978 941 πλείους
3011 876 3169 942 ὄντας
3218 881 3305 935 καὶ
3340 882 3567 956 ἀγρόται

1920 966 2007 1023 ἐπὶ
2061 968 2316 1024 πλεῖστον
2370 974 2471 1024 τοῦ
2527 967 2719 1044 καιροῦ
2771 969 3139 1041 κακουμένους
3196 975 3272 1040 τῷ
3334 971 3567 1043 πολέμῳ

1917 1058 2379 1132 κατηγωνίζοντο.
2435 1058 2577 1131 Πρὸς
2624 1056 2841 1117 τούτοις
2889 1077 2945 1110 τε
2994 1056 3145 1111 αὐτοὶ
3199 1059 3294 1129 μὲν
3328 1059 3463 1125 ἦσαν
3516 1058 3566 1113 ἐν

1919 1147 2172 1225 ἀσφαλεῖ,
2218 1145 2313 1201 κᾶν
2366 1147 2395 1200 ὅ
2436 1166 2487 1199 τι
2533 1150 2739 1199 ποιοῖεν
2796 1146 2846 1199 οἱ
2898 1145 3001 1217 ’ἐξω
3046 1146 3121 1217 μὴ
3164 1145 3461 1215 ἐπαίοντες,
3493 1152 3569 1218 τῷ

1917 1244 2033 1298 τοῖς
2064 1238 2254 1297 τόποις
2284 1239 2741 1311 κατωχυρῶσθαι,
2774 1234 2867 1288 κᾶν
2902 1234 3125 1297 πλείους
3175 1234 3250 1289 ἔτι
3284 1230 3570 1309 προσϐάλ-

1920 1327 2087 1383 λοιεν·
2135 1322 2261 1380 οὐδὲ
2306 1324 2407 1400 γὰρ
2450 1324 2517 1392 ἦν
2568 1323 2601 1392 ἢ
2653 1323 2847 1387 αὐτοὺς
2894 1324 3332 1397 προσπίπτοντας
3384 1324 3565 1395 ἀλλή-

1920 1416 2039 1478 λοις
2088 1418 2170 1488 [Ρ.
2226 1418 2347 1485 131]
2402 1417 2471 1486 τῇ
2533 1411 2680 1487 ῥύμῃ
2736 1416 2843 1467 τῶν
2902 1413 3070 1484 τόξων
3133 1410 3261 1484 μηδ’
3320 1414 3561 1488 ἀντιχεῖν

1918 1500 2141 1580 ἔχοντας
2197 1501 2674 1578 παραπόλλυσθαι.
2722 1502 2999 1561 Ἐκείνους
3052 1498 3128 1571 δὲ,
3179 1500 3230 1555 εἶ’
3275 1502 3379 1555 πού
3427 1523 3564 1557 ποτε

1916 1596 2006 1650 καὶ
2064 1594 2361 1666 μερισθεῖεν
2418 1590 2553 1645 κατά
2607 1589 2793 1664 χρείας
2840 1588 3098 1663 ἀνάγκην,
3154 1588 3564 1663 ἀπολελειμμέ-

1917 1704 2043 1745 νους
2094 1680 2315 1756 ὀλίγους
2379 1678 2687 1752 ἑκασταχὺῦ
2761 1675 3087 1731 κινδυνεύειν
3146 1674 3449 1732 συνέϐαινεν
3512 1678 3563 1749 ἐξ

1918 1772 2089 1833 αἰτίας
2140 1775 2237 1824 τοῦ
2278 1768 2406 1830 τοὺς
2442 1768 2534 1840 μὶν
2585 1768 2684 1835 τὴν
2738 1768 2922 1841 χώραν
2958 1772 3092 1839 προς
3129 1767 3304 1820 αὐτῶν
3337 1765 3563 1841 ἔχοντας

150 1867 378 1924 ἒκᾶκουν
434 1870 563 1934 τοὺς
615 1868 844 1932 ἐνιέντας
903 1871 992 1925 καὶ
1047 1853 1388 1928 ἀπεκώλυον.
1453 1869 1709 1930 Ἐκείνοις
1762 1865 1812 1922 δ’
1845 1860 2005 1961 Βκαὶ
2059 1856 2227 1932 μηδὲν
2288 1857 2364 1919 εἰς
2422 1853 2670 1910 κίνδυνον
2720 1855 2853 1909 κατὰ
2910 1856 3081 1908 νώτου
3143 1853 3561 1929 προσδοκῶντας

152 1958 289 2026 ἦσαν
319 1959 463 2013 οὕτω
505 1962 595 2013 καὶ
625 1960 692 2013 τά
734 1962 848 2015 κατ’
902 1961 1047 2015 οἷκον
1077 1960 1131 2015 ἐν
1165 1959 1415 2028 ἀσφαλεῖ,
1449 1962 1525 2021 ὡς
1552 1964 1808 2034 γυναῖκας

156 2048 252 2120 μὲν
299 2048 391 2102 καὶ
447 2046 708 2122 παιδάρια
751 2055 871 2110 ταῖς
926 2047 1221 2122 ὀσωτὲραις
1266 2046 1629 2124 παραδύεσθαι
1680 2044 1804 2100 δυσ-

154 2141 361 2211 χωρίαι
399 2184 412 2205 ,
498 2140 587 2193 καὶ
647 2146 899 2214 σταυροῖς
959 2138 1016 2194 δὲ
1074 2142 1368 2213 ἐπιμήκεσι
1426 2140 1512 2194 καὶ
1577 2138 1803 2209 ἀμάξαις

150 2225 466 2305 διειλῆφθαι
522 2230 614 2283 τὸν
672 2228 862 2302 κύκλῳ
907 2230 1098 2296 τόπον,
1148 2230 1223 2293 ὡς
1276 2227 1405 2303 μηδ’
1455 2225 1806 2291 εἷσϐαΑόντας

147 2432 317 2499 petua
352 2426 573 2483 valuit:
610 2427 751 2499 quin
804 2429 997 2499 potius
1039 2429 1357 2498 inopinatis
1408 2444 1582 2483 sensu
1616 2426 1799 2483 cladis

144 2517 304 2572 velut
325 2517 571 2572 stimulo
605 2518 673 2571 ad
709 2518 1183 2573 contendendum
1207 2517 1435 2574 enixius
1456 2516 1801 2587 viriliusque

146 2606 535 2678 pugnandum
572 2607 801 2662 incitari
845 2608 955 2662 visi
990 2612 1147 2663 sunt.
1181 2607 1382 2678 Itaque
1422 2608 1549 2662 suis
1589 2604 1800 2661 redditi

148 2694 401 2765 rupibus
449 2711 514 2749 ac
539 2694 703 2767 jugis
754 2695 949 2763 inviis,
984 2711 1098 2765 quo
1132 2710 1367 2749 summa
1414 2693 1709 2749 celeritate
1741 2709 1801 2748 se

149 2789 519 2854 receperunt,
536 2783 673 2838 inne
688 2788 907 2838 tantam
924 2800 1395 2855 quoquoversum
1414 2784 1665 2837 telorum
1683 2782 1800 2835 vim

151 2872 394 2928 assidue
422 2873 575 2928 196
609 2873 988 2946 spargebant,
1023 2879 1085 2928 ut
1116 2873 1287 2946 plane
1309 2874 1435 2945 jam
1470 2872 1613 2929 nulli
1640 2889 1802 2929 secu-

152 2978 252 3017 rus
283 2967 443 3017 esset
470 2963 667 3017 aditus
696 2964 1099 3035 subjectarum
1136 2963 1399 3018 vallium.
1423 2962 1641 3018 Jaculis
1672 2979 1804 3017 vero

154 3050 359 3123 procul
384 3051 1004 3123 impeterejaculantes
1025 3068 1093 3107 ex
1120 3050 1236 3107 alto
1263 3068 1472 3107 vanum
1502 3051 1805 3123 experiens

152 3137 232 3192 tia
262 3138 701 3209 deprehensum
738 3144 825 3193 est
852 3156 863 3193 :
890 3156 1024 3194 nam
1041 3139 1140 3211 qui
1174 3140 1317 3194 adid
1351 3155 1412 3195 se
1433 3139 1807 3211 accingerent

150 3226 210 3281 in
242 3228 380 3298 ipso
410 3234 623 3283 conatu
652 3230 929 3283 tendendi
960 3245 1133 3284 arcus
1161 3230 1717 3301 prmoocupabantur
1747 3233 1805 3283 et

152 3318 570 3373 sternebantur
599 3318 830 3388 sagittis
861 3324 1298 3383 montanorum,
1331 3336 1361 3375 e
1392 3318 1593 3376 densis
1624 3318 1806 3374 ramis

140 3408 423 3462 arborum
457 3423 607 3478 quas
630 3406 1048 3462 inscenderant
1072 3408 1259 3463 otiose
1289 3423 1353 3463 ac
1378 3424 1583 3463 secure
1615 3408 1670 3461 in
1706 3424 1802 3462 ex-

140 3496 610 3567 positaundique
628 3494 1085 3566 collimantium,
1121 3498 1351 3552 nemine
1376 3496 1508 3553 illos
1546 3496 1803 3553 vicissim

148 3585 489 3656 contingere
516 3584 731 3655 jaculis
762 3584 1011 3653 valente,
1047 3586 1266 3658 quippe
1308 3602 1424 3641 non
1456 3586 1806 3658 conspicuos

146 3674 246 3729 sed
267 3672 444 3745 plane
466 3678 652 3727 tectos
680 3674 922 3727 obtentu
948 3672 1266 3729 frondium.
1295 3672 1357 3727 In
1407 3672 1625 3743 quibus
1649 3672 1804 3727 diffi-

142 3762 468 3817 cultatibus
490 3760 752 3818 melioris
775 3761 976 3834 inopes
999 3762 1229 3818 consilii
1248 3762 1467 3818 milites
1491 3762 1803 3835 imperato-

144 3856 226 3906 ris
260 3852 555 3922 optimum
591 3852 743 3907 factu
771 3851 1333 3925 judicaruntignem
1358 3852 1597 3922 injicere
1619 3851 1805 3908 obviis

145 3939 447 3995 saltibus:
484 3938 647 3995 silvis
682 3940 837 3995 enim
871 3939 1112 3995 flamma
1155 3940 1456 4013 populatis
1487 3941 1807 4013 sperabant

144 4045 488 4085 recessuros
521 4030 672 4084 haud
709 4030 887 4084 dubie
914 4029 1188 4095 rusticos,
1221 4035 1277 4086 et
1307 4031 1417 4086 iter
1442 4035 1708 4100 apertum
1735 4031 1803 4086 iri

140 4120 214 4175 ad
249 4119 497 4174 intimas
529 4116 784 4173 latebras
817 4134 1043 4188 eorum,
1076 4119 1175 4173 ubi
1200 4118 1452 4175 familias
1476 4120 1804 4176 absconde-

138 4213 296 4263 rent.
320 4210 608 4264 Caeterum
634 4224 704 4263 ne
724 4207 778 4262 id
804 4208 1043 4279 quidem
1066 4224 1409 4264 successum
1423 4208 1652 4273 habuit,
1679 4208 1805 4282 ipsa

138 4298 350 4353 eadem
384 4297 659 4352 obstante
678 4296 1021 4352 difficultate
1040 4296 1328 4364 locorum,
1348 4299 1637 4369 siquidem
1665 4315 1801 4354 eum

141 4388 202 4442 in
220 4403 400 4443 unam
420 4390 649 4458 partem
666 4386 1121 4442 incumbebatur
1143 4387 1521 4443 immittenda
1540 4388 1800 4457 ﬂamma,

138 4477 280 4531 inde
310 4475 605 4548 fugientes
630 4474 837 4531 rustici
869 4475 984 4531 alio
1015 4475 1271 4541 coibant,
1307 4477 1461 4532 unde
1493 4477 1801 4532 commodo

1918 1956 2121 2033 ἔχοιεν,
2164 1956 2567 2031 τετραμμένους
2607 1955 2739 2027 πρὸς
2789 1954 2917 2015 τοὺς
2970 1955 3220 2027 πρόσθεν,
3274 1953 3559 2022 ἐπηλυ)α-

1916 2048 2174 2119 ζομένους
2215 2045 2303 2099 καὶ
2351 2044 2577 2104 τούτους
2609 2042 2666 2096 ἐκ
2707 2038 2889 2119 φόϐων
2943 2040 3203 2115 δένδρεσι,
3252 2042 3555 2116 κατολιγω-

1916 2142 2049 2213 ρεῖν,
2105 2135 2229 2195 τοὺς
2289 2132 2345 2188 δὲ
2402 2130 2820 2207 προσδοκῶντας
2880 2130 2960 2190 ἐφ’
3019 2134 3179 2185 ἅπασι
3230 2132 3318 2186 καὶ
3367 2132 3556 2204 κύκλῳ

1912 2226 2003 2281 τὸν
2058 2221 2303 2279 κίνδυνον
2381 2220 2775 2297 ἐκδεχομένους
2852 2219 3159 2295 πολυωρεῐν
3195 2265 3211 2293 ,
3271 2222 3358 2275 καὶ
3419 2219 3560 2275 οὕτω

1910 2440 1982 2479 ne
2014 2427 2171 2477 tanto
2204 2421 2441 2493 quidem
2476 2420 2849 2491 paucioribus
2875 2435 3048 2488 quam
3085 2419 3194 2489 ipsi
3218 2424 3434 2485 essent,
3459 2419 3559 2473 iis-

1909 2513 2160 2582 demque
2192 2510 2263 2565 ab
2287 2515 2477 2564 aratro
2511 2525 2574 2563 ac
2607 2509 2832 2563 sarculo
2858 2508 3274 2562 semiermibus
3308 2507 3562 2563 rusticu-

1912 2601 1985 2656 lis
2015 2598 2378 2655 debellandis
2419 2615 2606 2668 pares,
2642 2614 2773 2651 cum
2811 2598 3025 2667 quibus
3060 2598 3255 2666 utique
3292 2614 3361 2651 ne
3393 2614 3562 2667 aequo

1912 2690 2149 2762 quidem
2181 2688 2380 2752 Marte,
2412 2687 2511 2741 sed
2544 2686 2713 2758 longe
2737 2685 2918 2757 pejori
2952 2702 3057 2740 sua
3080 2693 3258 2750 sorte,
3286 2684 3563 2757 plurimis

1912 2794 2154 2835 suorum
2188 2776 2334 2831 191
2363 2774 2567 2830 inultis
2589 2775 2954 2840 cadentibus,
2977 2775 3177 2830 tandiu
3206 2779 3560 2846 pugnarent.

1914 2867 2069 2924 Inter
2101 2867 2221 2921 haec
2265 2868 2679 2922 montanorum
2714 2864 2934 2936 Optimo
2989 2865 3112 2919 loco
3148 2880 3241 2919 res
3274 2870 3460 2919 erant.
3501 2868 3563 2921 In

1916 2963 2043 3013 tuto
2068 2955 2180 3029 ipsi
2214 2956 2484 3027 laresque
2516 2970 2581 3010 ac
2622 2955 2867 3027 pignora
2898 2953 3185 3027 ipsorum,
3221 2970 3334 3008 non
3389 2956 3561 3010 modo

1916 3048 2061 3105 citra
2079 3046 2433 3117 telijactum,
2460 3044 2559 3099 sed
2584 3044 2783 3111 etiam,
2809 3044 3093 3117 quidquid
3119 3044 3284 3101 intus
3304 3050 3566 3116 agerent,

1916 3140 2081 3195 extra
2113 3135 2385 3191 notitiam
2417 3138 2475 3189 et
2505 3149 2743 3189 sensum
2781 3134 2998 3189 frustra
3029 3135 3251 3189 dudum
3286 3134 3565 3189 obsiden-

1922 3227 2070 3283 tium
2104 3225 2363 3291 stabant,
2414 3222 2667 3278 naturali
2700 3223 2816 3278 eitu
2847 3227 2903 3278 et
2939 3224 3251 3293 asperitate
3296 3223 3565 3279 locorum

1915 3316 2149 3372 abunde
2182 3316 2415 3370 muniti.
2446 3318 2658 3368 Contra
2687 3329 2859 3384 quam
2893 3312 2941 3367 si
2972 3313 3056 3368 vel
3093 3313 3353 3369 insanire
3375 3330 3565 3385 oppu-

1913 3405 2260 3479 gnatoribus
2272 3404 2482 3460 liberet
2498 3403 2688 3475 palam
2704 3409 2907 3459 contra
2922 3404 3159 3460 nitendo
3172 3404 3563 3461 acieinstruc-

1912 3499 1992 3566 ta,
2026 3494 2166 3567 quid
2185 3493 2343 3550 aliud
2365 3492 2937 3566 quamignominiam
2960 3493 3174 3548 damno
3190 3494 3566 3549 cumularent

1914 3601 2020 3640 sua
2044 3583 2235 3656 capita
2269 3599 2371 3655 pro
2417 3582 2611 3653 scopis
2641 3582 3017 3637 ostendentes
3050 3582 3565 3638 exercitatissimis

1916 3674 2187 3745 arquitis,
2220 3690 2289 3729 ex
2311 3672 2425 3728 alto
2456 3677 2511 3727 et
2528 3677 2651 3727 tuto
2668 3672 2725 3726 in
2743 3673 2982 3727 densam
3005 3672 3237 3727 turbam
3258 3689 3562 3744 nunquam

1904 3763 2068 3836 jactu
2100 3763 2264 3819 irrito
2286 3761 2605 3818 vibraturis
2624 3760 2847 3831 spicula
2872 3760 2899 3814 ?
2930 3762 3087 3827 Quod
3114 3760 3160 3816 si
3193 3778 3303 3817 non
3328 3762 3565 3816 univer~

1911 3853 1997 3907 sis
2028 3850 2202 3907 simul
2237 3851 2424 3924 copiis
2453 3852 2551 3907 sed
2606 3866 2708 3923 per
2740 3849 3074 3921 manipulos
3125 3856 3458 3921 segregatos
3506 3855 3564 3906 et

1912 3957 2177 3997 seorsum
2211 3940 2516 3997 immissos
2548 3945 2874 3996 tentaretur
2903 3938 3186 4008 assultus,
3220 3939 3275 3995 id
3325 3955 3559 4011 quoque

1912 4048 2041 4087 cum
2078 4032 2296 4086 frustra
2326 4035 2452 4086 tum
2486 4029 2813 4103 perniciose
2853 4029 3068 4085 factum
3104 4029 3172 4083 iri
3207 4030 3564 4101 experientia

1913 4122 2296 4178 monstrabat.
2330 4120 2473 4175 Nam
2508 4119 2607 4192 qui
2636 4120 2920 4175 hactenus
2948 4120 3021 4174 ob
3044 4117 3304 4174 locorum
3341 4122 3559 4174 multos

1912 4209 2088 4267 simul
2121 4225 2237 4266 non
2261 4209 2621 4283 capientium
2648 4208 2952 4280 angustias
2977 4206 3307 4263 necessario
3332 4207 3504 4263 divisi
3530 4225 3563 4263 a

1912 4299 2135 4355 ceteris
2167 4299 2402 4371 aggredi
2437 4302 2751 4354 montanos
2779 4297 3106 4364 voluerant,
3137 4301 3237 4351 aut
3267 4298 3324 4351 in
3349 4301 3560 4352 conatu

1910 4389 2266 4457 ceciderant,
2314 4392 2416 4445 aut
2448 4388 2599 4445 male
2629 4386 2863 4444 multati
2900 4386 3083 4443 coacti
3134 4387 3366 4443 fuerant
3405 4401 3561 4441 rece-

1910 4478 2066 4534 dere.
2098 4478 2277 4549 Cujus
2306 4477 2384 4532 rei
2418 4494 2596 4533 causa
2627 4482 2771 4542 erat,
2802 4476 2955 4548 quod
2991 4476 3174 4533 nostri
3206 4477 3564 4533 conscientia

136 4567 199 4620 in
224 4543 623 4621 incendiarios
648 4565 813 4635 jactu
840 4564 970 4621 telis
993 4581 1091 4621 eos
1113 4565 1507 4637 configebant,
1526 4565 1796 4637 prohibe-
1836 4543 1877 4608 θ
1910 4543 2239 4623 castrorum
2271 4566 2384 4622 late
2412 4571 2623 4622 cuncta
2672 4583 2799 4638 quas
2819 4543 2865 4621 -ο,
2895 4571 3055 4639 tergo
3085 4570 3252 4621 erant
3283 4566 3557 4621 obsiden-

137 4655 407 4727 bantque
440 4670 511 4709 ne
542 4654 888 4724 perﬁcerent
916 4655 1075 4726 quod
1107 4660 1404 4726 ceperant.
1438 4661 1617 4711 Porro
1650 4656 1795 4727 ipsis

134 4750 271 4801 tuta
301 4748 473 4799 erant
489 4742 649 4799 domi
679 4743 880 4799 omnia
905 4760 918 4799 :
954 4742 1232 4799 mulieres
1255 4744 1411 4799 enim
1444 4749 1501 4799 et
1523 4743 1797 4817 parvulos

136 4836 201 4889 in
234 4834 410 4890 sinus
442 4832 680 4888 intimos
695 4832 1352 4904 maximeabruptorum
1378 4832 1797 4889 submoverant

136 4922 462 4988 montium,
490 4926 775 4994 septaque
806 4922 884 4977 ibi
908 4922 1099 4977 valido
1122 4922 1419 4979 decussim
1447 4922 1793 4980 innexarum

132 5029 240 5086 per
262 5012 582 5067 circuitum
605 5010 863 5066 trabium
888 5009 1265 5081 vallaverant,
1294 5016 1354 5067 ut
1377 5028 1564 5084 neque
1586 5013 1635 5068 si
1659 5014 1793 5084 quis

128 5108 475 5159 nostrorum
494 5100 750 5155 militum
766 5116 1025 5173 eousque
1040 5106 1391 5173 penetraret,
1403 5103 1793 5159 tentareintra

123 5192 184 5249 id
210 5190 435 5247 vallum
452 5190 677 5246 aditum
696 5190 842 5245 foret
862 5206 1135 5247 ausurus.
1150 5189 1483 5247 Ducebatur
1496 5192 1603 5250 hoc
1618 5194 1791 5249 modo

127 5282 450 5345 bellum,et
463 5279 596 5336 telis
614 5286 1030 5335 montanorum
1046 5280 1213 5335 multi
1236 5282 1499 5352 quotidie
1524 5283 1787 5351 Romani,

122 5373 291 5443 iique
317 5386 387 5426 ex
418 5369 951 5441 praestantissimis,
983 5370 1289 5425 cadebant.
1318 5372 1464 5426 Tum
1493 5372 1789 5429 enimvero

125 5462 340 5517 ardere
370 5461 459 5514 ira
484 5459 777 5515 exercitus
797 5464 855 5515 et
875 5475 1153 5516 successu
1179 5460 1654 5533 inopinatissimo
1678 5463 1788 5517 fre-

127 5564 318 5618 mere,
352 5549 525 5621 quasi
560 5549 659 5620 qui
690 5547 972 5603 hactenus
1004 5563 1065 5603 se
1114 5549 1357 5605 idoneos
1400 5550 1667 5605 arbitrati
1700 5551 1785 5606 vel

126 5638 475 5695 fortissimis
506 5641 564 5693 et
589 5635 1095 5693 exercitatissimis
1126 5637 1251 5711 pari
1286 5655 1531 5696 numero
1585 5640 1784 5713 profli-

129 5729 352 5803 gandis
372 5727 581 5800 copiis,
616 5741 771 5782 nunc
791 5726 1188 5798 experimento
1210 5728 1789 5801 deprehenderentur

1907 4656 2056 4712 tium
2088 4655 2500 4711 circumveniri
2532 4672 2646 4711 non
2678 4656 2977 4719 timentes,
3009 4660 3066 4710 et
3096 4654 3152 4709 in
3187 4654 3343 4711 solos
3366 4672 3434 4710 ex
3460 4656 3558 4710 ad-

1904 4761 2072 4801 verso
2104 4744 2326 4818 positos
2357 4745 2563 4799 intenti
2596 4744 2815 4811 hostes,
2848 4761 3101 4817 quorum
3136 4743 3398 4815 plerique
3440 4761 3553 4799 non

1906 4834 2295 4908 aspectabiles
2326 4834 2758 4891 latebantinter
2784 4850 2979 4889 ramos
3010 4833 3288 4889 arborum
3322 4838 3377 4889 et
3409 4833 3559 4889 late-

1905 4925 2042 4982 bras
2058 4924 2437 4982 familiarium
2455 4927 2764 4990 silvarum,
2779 4924 2927 4981 falsa
2940 4942 3075 4980 secu
3087 4925 3257 4980 ritate
3274 4925 3525 4997 provehe
3538 4955 3561 4966 -

1905 5014 2122 5070 bantur
2151 5014 2208 5070 in
2240 5013 2365 5070 loca
2398 5015 2553 5070 unde
2585 5019 2855 5087 receptus
2888 5030 3001 5069 non
3036 5018 3213 5082 esset,
3239 5019 3549 5086 propterea

1902 5106 2056 5177 quod
2089 5106 2470 5161 observantes
2500 5120 2701 5159 eorum
2734 5105 3037 5159 incautum
3076 5120 3451 5175 progressum
3485 5121 3553 5159 ex

1900 5193 2129 5252 occulto
2161 5192 2364 5248 rustici
2393 5192 2802 5265 eruptionibus
2824 5192 2955 5249 illos
2969 5194 3361 5266 opportunisa
3377 5193 3552 5249 latere

1900 5288 2001 5341 aut
2029 5302 2062 5339 a
2092 5291 2277 5356 tergo,
2313 5283 2466 5338 unde
2500 5282 2741 5337 minime
2772 5283 3113 5352 timebatur,
3145 5284 3327 5339 coorti
3361 5284 3551 5338 caade-

1898 5375 2057 5430 bant.
2095 5374 2268 5429 Porro
2297 5372 2396 5427 ille
2426 5372 2550 5443 ipse
2580 5379 2771 5428 metus
2802 5379 2857 5429 et
2878 5371 3212 5428 sollicitudo
3241 5380 3548 5429 montano-

1899 5480 2051 5529 rum,
2086 5462 2485 5536 reputantium
2531 5480 2594 5519 se
2623 5479 2841 5532 paucos
2870 5480 2903 5518 a
2935 5462 3229 5534 plurimis,
3264 5462 3388 5519 loco
3431 5481 3548 5519 uno

1897 5554 2133 5609 clausos
2161 5553 2233 5607 ab
2249 5552 2583 5607 universam
2598 5550 2715 5607 late
2727 5552 2945 5607 circum
2964 5554 3258 5624 regionem
3275 5554 3547 5608 obtinen-

1896 5644 2058 5701 tibus
2090 5640 2316 5715 impeti,
2352 5641 2599 5697 acuebat
2626 5658 2829 5698 eorum
2862 5641 3122 5714 vigiliam
3156 5641 3211 5697 in
3254 5643 3540 5711 excubiis,

1898 5751 1969 5790 ne
2000 5732 2249 5805 opprimi
2276 5748 2309 5786 a
2342 5730 2561 5787 nostris
2594 5731 2710 5788 ulla
2751 5732 2809 5787 in
2857 5738 3016 5804 parte
3048 5732 3360 5805 improviso
3412 5750 3543 5805 pos-
