4188 6442
685 420 792 476 639

1979 421 2282 478 GEORGII
2320 417 2785 475 ΡΔΟΗῩΜΒΒΒ

3986 419 4094 474 640

687 547 920 616 συχναῖς
976 543 1113 596 ὅπου
1181 542 1431 617 παρείκοι
1485 543 1808 618 χρωμένους
1855 548 1973 602 ταῖς
2033 539 2325 613 ἐκδρομαῖς
2358 535 2722 608 ΑἸωέίννην,
2776 541 2904 615 μηγ’
2965 541 3025 594 ἃν
3084 542 3276 603 πάντες
3339 541 3569 616 λέγοιεν·
3629 542 3786 596 αὑτὸν
3817 543 3919 616 γὰρ
3949 541 4092 595 ἀπο-

689 629 1055 685 ἐπεισπίπτειν
1116 630 1206 685 καὶ
1267 631 1534 706 ῥοπάλοις
1599 634 1682 704 (οὗ
1738 633 1840 707 γὰρ
1899 634 2045 706 εἶχον
2106 631 2334 688 ἅπαντες

688 722 915 791 σπάθας)
967 721 1445 793 καταγωνίζεσθαι.
1508 721 1661 776 Οὕτω
1715 726 1841 793 γοῦν
1892 721 1977 774 ἐπὶ
2036 718 2183 774 πολὺ
2238 720 2335 771 τοῦ

629 870 633 873 ,
684 809 935 880 πολέμου
981 811 1365 881 συνισταμένου
1415 811 1505 863 καὶ
1552 815 1659 862 τῶν
1706 809 2037 884 πραγμάτων
2071 802 2336 882 τριϐομέ-

686 917 814 965 νων,
885 897 972 951 ἐπὶ
1049 896 1146 952 οὐκ
1222 897 1288 966 ἦν
1345 900 1493 974 σφίσι
1557 896 1898 973 μαχομένοις
1971 897 2334 971 περιγίνεσθαι

691 989 799 1038 τῶν
858 985 1300 1057 ἀνθισταμένων,
1361 985 1595 1060 ἔγνωσαν
1657 988 1954 1047 εὐσυνέτως
2010 985 2333 1060 ὑπέρχεσθαι

691 1075 805 1145 μετ’
854 1075 1100 1150 εἰρήνης,
1161 1075 1221 1130 ού
1280 1078 1483 1139 πάντας
1543 1078 1672 1148 ἅμαο
1729 1074 1963 1130 ἀδύνατα
2009 1077 2109 1150 γὰρ
2160 1073 2336 1128 οὕτως

685 1162 751 1230 ἦν
808 1163 1194 1227 ὑποκλίνεσθαι
1255 1163 1676 1236 σπενδομένουςο
1733 1170 1847 1226 τοῖς
1902 1166 2001 1238 γάρ
2060 1163 2111 1233 ἐξ
2160 1164 2338 1237 ἀρχῆς

687 1246 1054 1320 ἐγνωσμένοις
1120 1248 1447 1323 ἐμμένοντες
1525 1245 1884 1322 μεταϐάλλειν
1964 1248 2197 1323 ᾐδοῦντο
2247 1249 2337 1302 τὸν

686 1337 922 1407 πλησίον
955 1336 1200 1409 ἕκαστος,
1261 1339 1350 1394 καὶ
1406 1340 1468 1394 τὸ
1522 1336 1746 1393 δύσελπι
1797 1339 1941 1416 σρίσι
1994 1345 2202 1411 προσῆν
2261 1337 2336 1399 ὡς

689 1428 1096 1502 ἀπολουμένοις
1145 1429 1190 1483 εί
1237 1427 1458 1485 ἐνδοῖεν.
1511 1432 1604 1499 Τῷ
1644 1450 1729 1482 τοι
1775 1430 1862 1482 καὶ
1909 1430 2027 1491 καθ’
2076 1425 2168 1481 ἕνα
2197 1429 2338 1496 πέμ-

688 1539 884 1580 ποντες
931 1523 1040 1574 τῶν
1093 1521 1188 1591 μὲν
1248 1514 1565 1592 συμϐάντων
1594 1519 1891 1592 ἀμνηστίαν
1919 1516 2065 1593 ἔχειν
2114 1519 2203 1572 καὶ
2241 1519 2337 1591 βα-

689 1606 844 1662 σιλέα
873 1608 961 1661 καὶ
995 1607 1194 1669 αὐτοὺς
1230 1609 1615 1682 ὑπισχνοῦντο,
1657 1607 1880 1668 ἐκείνοις
1915 1605 1972 1661 δέ
2005 1607 2080 1679 μὴ
2113 1604 2336 1674 διηνεκῆ

685 1697 785 1763 τὴν
844 1696 928 1751 ἐπὶ
991 1695 1270 1758 κακίστοις
1330 1697 1588 1769 ὁμόνοιαν
1618 1698 1751 1769 πρὸς
1799 1697 1922 1758 τοὺς
1954 1695 2158 1756 ἄλλους
2192 1692 2336 1769 ἔχειν

685 1787 758 1847 ὡς
817 1785 931 1839 οἷόν
979 1807 1036 1840 τε
1094 1781 1482 1840 συνεϐούλευον
1517 1829 1530 1854 ,
1589 1785 1679 1840 καὶ
1737 1791 1922 1857 σφᾶς,
1978 1784 2022 1838 εί
2084 1783 2340 1863 θέλοιενξ

2444 627 2750 681 κεκλεῖσθαι
2809 634 2887 700 τῷ
2929 628 3034 682 τῶν
3085 631 3429 699 Νικητιάτων
3488 633 3736 706 φρουρίῳ
3784 633 3871 684 καὶ
3925 633 4092 706 ἀσφα-

2445 713 2556 768 λῶν
2602 714 3092 791 έγκαθείργνυσθαι.
3145 720 3241 775 Ἦν
3295 717 3351 772 δέ
3396 741 3480 780 τις
3508 723 3595 773 καὶ
3653 719 3908 793 βούλεται
3962 719 4093 794 βλέο

2443 824 2561 858 πειν
2610 806 2686 882 ἐφ’
2719 806 2902 880 ὅρκοις
2935 804 3116 861 λαϐὼν
3149 808 3214 862 τὰ
3245 809 3407 863 πιστᾶ
3455 807 3773 886 φρικώδεσι,
3811 814 4090 883 προσεῖναι

2441 898 2636 948 τοῦτον
2672 894 2804 950 ἰέναι
2853 896 2940 949 καὶ
2978 895 3220 970 βλέπειν.
3256 898 3487 960 Τούτοις
3536 899 3626 953 καὶ
3676 897 3924 954 πλείοσιν
3952 897 4093 952 ἐκεί-

2442 1002 2566 1042 νους
2615 984 2960 1058 ὑπεξάγοντες
3008 989 3127 1049 καθ’
3172 985 3378 1061 ἡμέραν
3416 1029 3429 1055 ,
3491 989 3604 1060 ἅμα
3661 986 3719 1042 δὲ
3774 988 3865 1041 καὶ
3921 1007 4092 1061 προσ-

2443 1070 2748 1142 πέμποντες
2816 1074 2994 1144 ἱκανὰ,
3055 1074 3219 1145 μόλις
3270 1072 3485 1139 ἔπειθον
3536 1078 3625 1130 καὶ
3683 1075 3944 1130 ἐδούλουν
4006 1078 4098 1138 τὰς

2442 1166 2665 1233 γνώμας
2725 1162 2937 1234 χρυσίῳ
2994 1163 3325 1234 μερίζοντες.
3360 1167 3459 1221 Καὶ
3491 1170 3581 1219 νῦν
3637 1167 3731 1236 μὶν
3763 1169 3978 1225 τοῦτον,
4010 1168 4099 1215 νῦν

2447 1246 2504 1303 δέ
2556 1249 2754 1304 ἐκεῖνον
2817 1251 3186 1326 ὑπερχόμενοι
3243 1259 3359 1315 τοῖς
3420 1254 3727 1328 μηνύμασι,
3774 1258 3939 1309 τοῦτο
4005 1255 4095 1326 μὲν

2444 1337 2853 1410 θεραπεύοντες,
2905 1345 3067 1395 τοῦτο
3099 1339 3156 1396 δέ
3206 1363 3266 1416 γε
3311 1344 3401 1396 καὶ
3452 1345 3882 1418 ὑπισχνούμενοι
3931 1344 4099 1414 παρέ-

2445 1428 2629 1480 πειθον
2688 1429 2815 1489 τοὺς
2873 1426 3140 1498 πολλοὺς,
3199 1431 3288 1486 καὶ
3351 1433 3564 1504 μᾶλλον
3621 1433 3747 1488 τοὺς
3798 1429 4098 1501 έπιδήλους

2447 1513 2514 1572 Oi
2567 1513 2623 1568 δὲ
2680 1515 2950 1591 ὁσημέραι
3008 1518 3172 1573 πλέον
3229 1521 3662 1594 μαλακιζόμενοι
3724 1523 3960 1593 ὑποψίαν
4004 1524 4099 1572 τοῦ

2447 1601 2770 1675 προδιδόναι
2800 1613 3063 1680 παρεῖχον
3095 1614 3211 1669 τοῖς
3241 1607 3458 1670 ἄλλοις.
3496 1608 3649 1678 Πλὴν
3680 1611 3767 1664 καί
3799 1617 3897 1677 τῆς
3935 1629 4098 1681 μετα·

2448 1686 2624 1759 ϐολῆς
2679 1691 3056 1767 αἰσθανόμενοι
3117 1697 3225 1771 οὑχ
3277 1699 3426 1772 εἶχον
3486 1699 3513 1753 ὁ
3569 1720 3620 1752 τι
3679 1699 3768 1753 καὶ
3821 1695 4102 1770 πράξειαν·

2454 1781 2653 1851 μόνους
2706 1784 2809 1855 γὰρ
2875 1783 3004 1846 τοὺς
3075 1784 3474 1859 σπενδομένους
3545 1782 3932 1859 ὑπελάμϐανον
3996 1789 4100 1838 σώ-

684 1881 928 1950 πρυῆγον
964 1875 1038 1936 ε”ς
1071 1875 1272 1936 τόπους
1325 1877 1776 1947 σεσημασμένους
1825 1872 1999 1942 ὄντας,
2038 1873 2184 1941 πλὴν
2223 1885 2321 1944 μεθ
2370 1909 2415 1974 Β
2453 1871 2654 1935 ζεσθαι,
2689 1872 2771 1944 [Ρ.
2827 1873 2947 1944 13η]
3001 1872 3267 1935 κάκείνοις
3307 1874 3573 1950 ὁσημέραι
3630 1873 3834 1930 πολλοὶ
3899 1895 4100 1945 προσε-

691 1965 794 1974 ..
1415 1962 1623 1974 -..
1825 1962 1983 1974 ..
2185 1963 2194 1974 .
2485 1957 2523 1974 ιη
2713 1956 2758 1974 σε,
2938 1967 2963 1974 -
3112 1960 3256 1974 ..
3421 1967 3482 1974 _--
3649 1963 3844 1974 ....
4079 1963 4100 1974 ..

685 1965 912 2036 ὁμήρων
969 1964 1054 2037 (ού
1112 1965 1212 2040 γὰρ
1267 1965 1468 2034 ἀπατᾷν
1539 1962 1838 2039 ὀρέγεσθαι)
1875 2006 1889 2030 ,
1967 1962 2330 2038 ἐντυγχάνειν,

685 2053 734 2125 ἐξ
787 2055 859 2106 ὧν
917 2053 1050 2107 εἶναι
1109 2053 1394 2125 μανθάνειν
1456 2052 1628 2107 ὁπόσα
1683 2054 1817 2127 πρὸς
1879 2049 2144 2126 βασιλέως
2178 2052 2330 2123 εὑερ-

682 2145 1079 2218 γετηθήσονται
1127 2139 1365 2205 ἐνδόντες
1419 2144 1511 2216 μὲν
1561 2143 1656 2206 τὰς
1713 2142 1980 2202 ἐνστάσεις
2034 2145 2115 2213 τῷ
2171 2140 2328 2194 σπέν-

683 2229 881 2299 δεσθαι,
915 2229 1206 2307 προδόντες
1261 2229 1317 2286 δὶ
1363 2233 1452 2286 καὶ
1498 2233 1590 2286 τὸν
1637 2233 1712 2295 εἷς
1764 2229 1987 2306 βασιλέα
2017 2231 2329 2306 φημιζόμε-

681 2341 771 2376 νον
831 2321 1054 2376 πλάνον.
1117 2317 1275 2392 Μηδὶ
1321 2322 1420 2396 γάρ
1471 2322 1601 2376 εἶναι
1659 2324 1849 2375 τοῦτον
1905 2321 1994 2374 τὸν
2057 2321 2327 2390 Λάσκαριν

681 2452 831 2504 sent.
867 2453 945 2504 Ae
971 2463 1311 2521 quanquam
1347 2449 1579 2504 illorum
1615 2448 1869 2520 plerique
1888 2453 2153 2503 carentes
2176 2449 2335 2502 ensi-

682 2538 794 2593 bus
825 2535 1017 2594 clavas
1049 2536 1243 2594 solum
1273 2542 1330 2594 et
1348 2538 1589 2594 ramalia
1607 2538 1827 2593 nodosa
1840 2553 1941 2609 pro
1957 2537 2136 2592 armis
2157 2535 2333 2592 babe-

681 2627 843 2692 bant,
877 2631 1075 2682 tamen
1108 2627 1422 2695 adjuvante
1464 2627 1776 2698 iniquitate
1807 2626 2067 2682 locorum
2103 2631 2333 2681 nostros

680 2720 974 2787 utcunque
1004 2715 1224 2786 optime
1240 2719 1525 2781 armatos,
1554 2719 1808 2787 pernota
1826 2714 1972 2788 ipsis
1993 2714 2335 2770 diverticula

681 2806 1094 2876 deprehensos,
1124 2804 1295 2860 facile
1308 2805 1722 2878 opprimebant
1742 2805 2090 2876 vincebantq
2103 2822 2192 2860 ue.
2220 2805 2256 2858 H
2269 2821 2333 2859 ac

683 2895 1017 2951 conditione
1047 2899 1168 2950 tam
1193 2894 1361 2950 nobis
1385 2895 1670 2950 damnosa
1692 2893 1828 2949 belli
1859 2910 1991 2950 cum
2015 2893 2330 2966 longojam

682 2989 836 3041 esset
867 2989 1132 3051 tempore
1163 2989 1485 3055 pugnatum
1537 3000 1641 3039 nee
1671 3000 1763 3040 res
1800 2984 2020 3039 exitum
2065 2983 2328 3050 haberet,

679 3075 830 3130 versi
867 3075 936 3128 ad
975 3079 1130 3129 artes
1156 3073 1359 3136 nostri,
1385 3075 1532 3143 quod
1568 3075 1653 3128 vis
1685 3091 1798 3128 non
1821 3074 2329 3136 succederet,ten-

679 3164 929 3220 tandum
964 3163 1072 3219 sibi
1108 3166 1411 3234 putarunt,
1437 3163 1484 3219 si
1510 3179 1726 3235 paucos
1750 3163 1953 3218 saltem
1978 3161 2233 3218 hostium
2263 3177 2328 3217 ac

685 3270 787 3326 per
811 3253 993 3309 vicem
1029 3253 1178 3309 198
1191 3251 1479 3325 singulos,
1495 3253 1603 3308 abd
1619 3270 1785 3308 ucers
1807 3270 1870 3307 ac
1893 3252 2327 3323 conspiratione

685 3343 982 3400 communi
998 3342 1136 3397 etad
1157 3342 1317 3414 pacis
1341 3343 1748 3398 tractationem
1767 3341 2049 3396 inclinare
2071 3346 2327 3412 possent.

685 3432 855 3488 Ratio
874 3431 993 3487 hac
1023 3430 1413 3496 eratconsolii
1438 3431 1762 3502 prudentis.
1790 3430 1954 3486 Haud
1979 3430 2332 3501 sperandum

687 3520 997 3576 videbatur
1028 3535 1200 3593 posse
1248 3519 1484 3576 admitti
1516 3536 1582 3575 ac
1624 3521 1710 3575 vel
1743 3518 1934 3575 audiri
1981 3520 2271 3590 patienter
2303 3536 2336 3574 a

685 3609 989 3666 communi
1023 3608 1270 3666 consilio
1326 3609 1541 3681 gentis,
1572 3613 1629 3665 et
1658 3609 1744 3666 ira
1773 3607 2078 3681 ﬂagrantis
2114 3613 2173 3664 et
2195 3625 2334 3664 suc-

686 3717 857 3756 cessu
892 3700 1030 3756 belli
1070 3699 1254 3768 elata,
1303 3699 1749 3772 compositionis
1791 3699 2180 3755 mentionem:
2235 3700 2333 3755 fixi

679 3789 898 3864 quippe
929 3805 1136 3845 omnes
1169 3798 1331 3846 erant
1363 3788 1422 3845 in
1454 3791 1754 3862 proposito
1786 3789 2121 3846 vindicandi
2152 3792 2331 3844 tuen-

678 3880 879 3947 dique,
912 3896 1086 3951 quem
1120 3895 1182 3935 ιο
1211 3879 1427 3935 habere
1458 3879 1767 3952 putabant,
1792 3877 2149 3950 legitimisui
2175 3877 2335 3950 prin-

680 3969 868 4042 cipis;
897 3969 966 4025 ad
1001 3969 1122 4024 haec
1145 3967 1390 4025 insidias
1419 3967 1476 4024 in
1504 3967 1885 4025 conventione
1906 3971 2333 4040 suspectantes,

681 4065 738 4118 et
771 4076 885 4116 non
919 4059 1046 4115 sine
1063 4075 1242 4114 eausa
1261 4063 1589 4114 metuentes
1605 4075 1676 4114 ne
1692 4056 2334 4129 doloseinductispecie

683 4149 847 4223 pacis
869 4148 1284 4203 irritatissimis
1303 4147 1574 4202 hostibus
1593 4147 1662 4201 ad
1692 4163 1892 4218 poenas
1915 4150 2139 4201 atroces
2161 4146 2333 4200 dede-

682 4242 910 4306 rentur,
926 4240 1138 4293 cuncta
1149 4237 1277 4307 ejus
1290 4236 1524 4309 generis
1537 4236 1738 4293 statim
1752 4235 1946 4293 oblata
1961 4235 2333 4306 respuebant.

685 4329 836 4401 Ergo
853 4328 1105 4400 primum
1125 4327 1195 4381 ad
1219 4343 1400 4381 unum
1413 4332 1470 4380 et
1489 4325 2125 4393 alterum,moxsensim
2141 4340 2336 4379 succe-

685 4420 856 4480 dente
905 4417 1136 4489 negotio
1177 4416 1246 4470 ad
1283 4414 1462 4471 alium
1499 4414 1798 4488 aliumque
1834 4415 2152 4470 mittuntur
2195 4414 2334 4470 certi

685 4525 792 4565 nee
816 4507 1026 4581 ingrati
1046 4505 1318 4578 privatim
1343 4505 1633 4571 homines,
1650 4506 1748 4577 qui
1773 4504 2122 4562 oblivionem
2151 4504 2336 4559 utrin-

685 4615 798 4671 que
834 4601 1261 4654 trausactorum
1295 4600 1716 4668 preponerent,
1742 4594 2085 4667 pollicentes
2115 4593 2338 4666 optima

2441 1957 2649 2011 τίθεντο
2709 1956 2814 2014 δέει
2873 1967 2968 2016 τοῦ
3019 1960 3359 2018 κινδυνεύιιν.
3421 1967 3590 2021 Ἦσαν
3645 1963 3702 2019 δὲ
3756 1965 3845 2018 καί
3876 1985 4020 2024 τινες
4053 1963 4102 2017 οἳ

2439 2045 2583 2099 πολὺ
2636 2047 2914 2120 κρείττονα
2970 2053 3062 2105 τὸν
3118 2052 3168 2106 ἐν
3228 2057 3305 2124 τῷ
3361 2052 3595 2126 πολέμῳ
3647 2056 3884 2127 ἡγοῦντο
3937 2053 4096 2116 θάνα-

2438 2154 2528 2188 τον
2573 2143 2674 2205 τῆς
2724 2138 3215 2213 προσδοκωμένης,
3279 2142 3323 2195 εί
3377 2145 3700 2213 καθυφεῖντο
3745 2142 3833 2196 καὶ
3892 2139 4098 2215 προδο-

2441 2227 2601 2290 θεῖεν,
2653 2225 2956 2299 κολάσεως,
3000 2230 3088 2284 καὶ
3138 2232 3381 2307 ἀννέχειν
3426 2229 3514 2286 διὰ
3557 2236 3724 2286 ταῦτα
3767 2229 3856 2286 διὰ
3902 2230 4096 2290 τέλους

2442 2309 2668 2381 ἤθελον.

2448 2450 2704 2507 universi
2739 2469 3111 2522 persuasum,
3140 2457 3240 2511 sed
3275 2461 3536 2528 agyrtam
3569 2461 3626 2512 et
3659 2455 3924 2529 planum,
3955 2456 4102 2514 falso

2446 2555 2508 2595 se
2563 2542 2958 2597 venditantem
3021 2545 3259 2600 nomine
3298 2545 3564 2617 ipsisque
3605 2544 3995 2601 illudentem:
4048 2552 4104 2601 et

2446 2629 2820 2686 manifestam
2880 2631 3219 2704 imposture
3275 2633 3696 2690 convictionem
3755 2634 4102 2704 offerebant,

2444 2721 2658 2774 servari
2691 2735 2892 2775 verum
2925 2722 3215 2778 Joannem
3249 2723 3613 2778 afﬁrmantes
3645 2723 3948 2780 tutissima
3969 2742 4101 2780 cus-

2443 2809 2604 2865 todia
2634 2810 2693 2865 in
2727 2827 2854 2867 arce
2886 2811 3327 2880 Nicetiatarnm,
3360 2829 3476 2884 quo
3504 2819 3830 2884 spectatum
3866 2830 3930 2869 se
3962 2830 4101 2870 con-

2441 2897 2588 2953 ferre
2605 2897 2732 2953 sine
2753 2897 2869 2953 ullo
2891 2899 3145 2969 periculo
3162 2906 3401 2971 possent
3424 2917 3436 2956 :
3461 2907 3924 2972 praesumpturos
3941 2903 4099 2956 enim

2441 2991 2931 3059 quantaecunque
2949 2989 3645 3061 vellentjuramentorum
3667 2995 3766 3044 aut
3786 2992 4100 3062 pignorum

2439 3073 2762 3146 cautiones,
2797 3077 2997 3145 sicque
3029 3077 3182 3132 istuc
3215 3094 3381 3150 aequo
3413 3095 3480 3134 ac
3512 3093 3720 3133 securo
3762 3077 4102 3134 intraturos

2438 3163 2657 3231 animo,
2709 3181 2840 3221 cum
2894 3165 3064 3238 pleno
3137 3168 3385 3222 arbitrio
3434 3167 3603 3222 liberi
3651 3167 3903 3236 reditus,
3952 3170 4102 3221 citra

2443 3251 2625 3308 ullam
2659 3255 3013 3325 suspicionis
3048 3255 3340 3312 umbram.
3375 3256 3676 3326 Ejusmodi
3711 3257 3864 3311 I99
3901 3255 4102 3312 blandi

2446 3342 2661 3397 mentis
2687 3341 3088 3412 plausibilium
3107 3361 3445 3400 sermonum
3471 3344 3912 3415 aliquantulum
3933 3346 4105 3400 initio

2446 3430 2793 3487 labefactata
2823 3434 3038 3490 duritie
3085 3435 3482 3505 quorumdam
3513 3450 3544 3490 e
3576 3433 3897 3500 montanis,
3938 3451 4103 3490 acce-

2444 3522 2618 3576 dente
2650 3539 2780 3576 vero
2812 3521 2974 3594 larga
3007 3524 3396 3578 missitatione
3439 3539 3746 3578 munerum
3780 3523 4107 3579 vehemen-

2445 3611 2560 3665 tius
2609 3610 2888 3683 impulsa,
2923 3613 3014 3667 vix
3047 3615 3282 3668 tandem
3321 3613 3444 3669 loco
3492 3615 3689 3674 cessit,
3725 3612 3963 3684 placida
3996 3613 4101 3668 do-

2444 3700 2662 3757 cilitate
2703 3702 3048 3757 succedente
3072 3719 3135 3755 ac
3161 3703 3332 3772 plena
3356 3703 3742 3774 promissione
3762 3703 3881 3757 veri
3904 3704 3964 3756 in
3991 3703 4099 3757 im-

2444 3788 2728 3860 peratoris
2751 3788 3029 3860 obsequia
3053 3789 3252 3858 studii,
3278 3806 3440 3855 auro,
3464 3794 3528 3845 ut
3549 3790 3714 3856 solet,
3733 3789 4106 3845 distrahente

2443 3877 2763 3933 concordes
2794 3883 2850 3932 et
2882 3879 3080 3934 studia
3128 3879 3377 3935 invicem
3409 3883 3658 3950 votaque
3691 3879 4104 3935 committente

2443 3967 2609 4038 prius
2643 3968 2999 4022 unanimiter
3029 3969 3517 4040 conspirantium.
3545 3969 3621 4023 Ea
3648 3969 3873 4023 ratione
3908 3974 4106 4024 traxe-

2443 4056 2658 4110 runtin
2696 4060 2887 4126 partes
2921 4055 3159 4125 multos,
3184 4063 3241 4111 et
3274 4057 3332 4111 in
3359 4057 3430 4112 iis
3454 4057 3649 4128 capita
3671 4058 3798 4129 ipsa
3815 4057 4103 4124 nationis,

2444 4144 2787 4200 auctoritate
2817 4145 2939 4201 illic
2961 4152 3017 4201 et
3037 4147 3471 4202 existimatione
3502 4147 3814 4218 principes.
3839 4147 4108 4210 Quibus-

2443 4251 2576 4290 cum
2613 4240 2912 4307 utcunque
2945 4236 3146 4291 isthaec
3177 4251 3391 4292 arcano
3419 4236 3846 4305 tractabantur,
3895 4240 3954 4290 et
3986 4235 4106 4308 ipsi

2444 4323 2646 4382 sedulo
2680 4325 2967 4393 celabant,
2999 4333 3192 4382 tamen
3220 4340 3353 4382 cum
3387 4326 3443 4380 in
3478 4325 4012 4382 deliberationibus
4036 4328 4110 4382 de

2446 4415 2595 4470 bello
2644 4420 2700 4470 et
2727 4415 2785 4469 in
2819 4415 2976 4470 omni
3011 4416 3315 4471 occasione
3365 4414 3647 4471 similium
3682 4430 4030 4470 sermonum
4067 4417 4106 4471 ii

2444 4503 2738 4560 molliores
2765 4505 2823 4559 in
2856 4506 2979 4560 dies
3013 4522 3074 4560 se
3125 4505 3472 4577 preberent,
3506 4505 3908 4578 suspicionem
3964 4505 4112 4562 aliis

2445 4601 2752 4648 moverunt
2780 4594 2946 4664 quasi
2970 4596 3356 4665 proditionem
3382 4595 3830 4650 meditarentur.
3852 4595 4112 4667 Moxque

687 4669 801 4743 fide
853 4689 925 4742 ab
973 4687 1330 4760 imperatore
1375 4686 1777 4754 sanciendam,
1829 4684 1881 4740 si
1909 4689 1965 4739 et
2014 4684 2126 4754 ipsi
2179 4683 2336 4755 paria
2369 4669 2411 4733 Ι)
2446 4683 2780 4754 suspicioin
2813 4683 3423 4754 Opinionemtransiit,
3448 4685 3678 4740 idoneis
3713 4686 4108 4743 exstantibus

685 4778 976 4850 spondere
1006 4777 1078 4831 de
1110 4793 1172 4832 se
1207 4776 1443 4831 vellent.
1481 4775 1600 4830 Sub
1635 4774 1755 4829 haec
1789 4774 2173 4829 insinuabant
2204 4789 2330 4827 sese

681 4866 824 4933 illis,
850 4867 1034 4922 amice
1066 4867 1436 4939 suggerendo
1461 4863 1839 4920 consulerent
1857 4863 2032 4918 rebus
2064 4861 2190 4917 suis
2213 4861 2330 4932 pri-

679 4957 886 5027 vatim,
940 4973 1047 5012 nec
1097 4973 1245 5012 casco
1277 4972 1340 5011 se
1391 4954 1714 5009 multorum
1749 4953 1970 5024 impetu
2018 4950 2075 5005 in
2109 4956 2332 5006 eertum

678 5044 921 5099 exitium
958 5044 1146 5116 abripi
1195 5044 1524 5116 praecipites
1555 5045 1834 5097 sinerent.
1875 5040 1999 5095 Non
2035 5055 2096 5094 se
2130 5044 2332 5111 postu-

679 5136 799 5190 lare
853 5140 917 5190 ut
946 5134 1138 5190 verbis
1190 5134 1494 5191 crederent
1537 5151 1548 5188 :
1601 5149 1807 5204 capere
1851 5130 2022 5186 licere
2077 5145 2331 5201 praesens

677 5224 1146 5295 experimentum
1205 5241 1400 5280 rerum
1451 5224 1738 5295 ipsarum.
1787 5221 2000 5276 Venire
2042 5220 2216 5275 modo
2261 5235 2333 5274 ne

676 5320 1087 5390 gravarentur,
1121 5314 1431 5371 obsidibus
1463 5313 1519 5367 in
1554 5316 1749 5368 tutum
1775 5312 2026 5368 reditum
2054 5311 2330 5381 acceptis,

679 5406 748 5461 ad
785 5405 912 5460 loca
933 5405 1262 5477 designata,
1295 5404 1394 5458 ubi
1415 5403 1759 5458 distinctius
1781 5398 2190 5471 explicandum
2218 5397 2334 5454 illis

680 5497 830 5552 foret
861 5495 1098 5566 quantis
1123 5497 1321 5549 essent
1338 5492 1410 5548 ab
1440 5491 1792 5563 imperatore
1814 5488 2160 5545 cumulandi
2186 5503 2331 5558 pris-

681 5585 838 5652 miis,
873 5601 936 5640 se
968 5584 1156 5639 redire
1187 5598 1401 5638 cumeo
1435 5582 1489 5635 in
1509 5581 1759 5652 gratiam
1777 5577 2331 5649 vellentimpostore

679 5674 796 5740 illo,
824 5690 928 5746 pro
951 5689 1067 5746 quo
1087 5676 1474 5746 pugnassent,
1493 5671 1840 5727 abdicando.
1872 5669 1994 5725 Non
2025 5669 2181 5724 enim
2206 5685 2336 5725 esse

681 5761 853 5820 illum
905 5763 1194 5820 Joannem
1244 5760 1568 5832 Lascarim,
1619 5759 1909 5832 quidquid
1954 5758 2100 5831 ipsis
2131 5758 2340 5816 fuisset

2442 4773 2790 4828 mutationis
2808 4772 3013 4843 signis.
3041 4771 3201 4828 Unde
3226 4792 3335 4828 non
3368 4791 3573 4845 parum
3599 4775 3936 4829 conturbari
3961 4792 4116 4832 con-

2440 4861 2570 4932 tigit
2586 4859 2915 4932 plerosque,
2930 4861 3197 4916 videlciet
3213 4862 3619 4916 existimantes
3637 4861 3746 4915 sibi
3765 4877 3977 4917 cavere
3992 4864 4114 4919 soii

2442 4965 2508 5005 ac
2538 4951 2786 5006 salutem
2822 4950 3104 5005 duntaxat
3127 4951 3429 5023 proprium
3455 4950 3668 5022 pacisci
3702 4967 3800 5006 eos
3832 4951 3935 5023 qui
3964 4969 4116 5010 eum

2443 5041 2791 5112 imperatore
2820 5044 3174 5096 tractarent:
3211 5047 3452 5098 caeteros
3470 5056 3677 5098 omnes
3700 5042 3799 5096 irae
3832 5041 4120 5100 hostium

2443 5129 2734 5201 expositos
2768 5127 3046 5199 relinqui.
3081 5129 3158 5185 Eo
3181 5129 3368 5185 valuit
3389 5130 3572 5202 hujus
3604 5128 3848 5200 periculi
3880 5137 4128 5199 metus,

2446 5227 2508 5274 ut
2539 5216 2710 5272 multi
2742 5218 3003 5288 quotidie
3026 5221 3095 5273 ad
3130 5236 3229 5274 eos
3245 5220 3340 5290 qui
3367 5219 3699 5274 tractabant
3729 5235 3792 5273 se
3814 5235 4134 5294 aggrega-

2443 5313 2593 5364 rent.
2628 5307 2807 5361 Erant
2837 5312 3032 5362 tamen
3067 5309 3164 5379 qui
3193 5315 3440 5365 mortem
3464 5309 3522 5364 in
3553 5307 3704 5365 bello
3727 5307 3932 5365 minus
3951 5327 4146 5370 acer-

2444 5400 2578 5454 bam
2612 5397 3081 5453 ducerentmalis
3113 5397 3789 5471 suppliciisque,quibus
3814 5414 3882 5454 se
3912 5403 4138 5473 subji-

2445 5488 2683 5542 eiendos
2714 5487 3152 5558 exspectabant,
3178 5488 3225 5542 si
3252 5492 3351 5542 aut
3369 5487 3520 5543 ultro
3543 5487 3814 5543 cederent
3834 5492 3941 5542 aut
3968 5489 4144 5547 alio-

2446 5592 2576 5630 rum
2610 5573 2741 5630 dolo
2774 5576 3246 5646 procederentur.
3300 5577 3488 5640 Quare
3519 5575 3920 5630 obfirmahaut
3952 5593 4028 5633 se
4067 5583 4140 5636 in

2448 5663 2738 5720 sententia
2771 5665 3078 5719 resistendi
3129 5663 3524 5738 bellandique,
3560 5663 3749 5736 quoad
3798 5664 4146 5726 vincerent

2449 5757 2547 5810 aut
2583 5752 2878 5809 caderent.
