4188 6442
186 432 272 486 641
1240 428 1337 481 DE
1376 426 1745 483 MICHAELE
1783 427 1840 479 Pi

1912 422 2225 480 .EOLOGO
2258 425 2393 478 LIB.
2435 425 2534 479 Ῑῐῐ.
3459 429 3566 483 642

188 559 263 631 ιγ’,
319 551 658 639 Ἀπολογία..
685 557 793 639 τῷν
830 555 1100 639 ’Ζυγηνῶν
1138 552 1319 639 ,πρξςι
1353 548 1640 618 ἀλλήλους
1693 547 1811 619 ὑνὶρ
1844 551 1898 617 Α
1930 546 2186 623 ἀφέμενοι
2242 548 2565 620 μέμφεσθαι,
2617 550 3060 620 συναρπασθεῖσιν
3111 547 3265 606 οὕτος
3315 549 3404 604 καὶ
3446 551 3561 605 κίν-

501 620 597 679 τὸὖ
630 624 687 678 δν
721 625 796 685 ὡς
830 620 1086 691 Ἰωάννην
1132 620 1475 693 ὑπεδέξαντο·
1922 620 2089 689 δυνων
2137 634 2588 707 ἰπανῃρτ,μένοις,
2616 635 2812 706 μῶμον
2866 633 3057 707 ἐκείνῳ
3116 633 3519 713 προστρίϐομεν
3546 682 3561 710 ,

249 733 327 803 [Ρ.
380 734 503 803 133]
554 730 971 786 Ἑπλεονὲκτουν
1020 726 1077 783 δὶ
1112 724 1325 800 μᾶλλον
1370 728 1421 782 οἱ
1452 725 1541 781 καὶ
1572 726 1638 780 τα
1683 725 1814 798 ὑπὶρ
1917 723 2007 776 καὶ
2038 723 2153 777 ἀντὶ
2184 728 2280 777 τοῦ
2311 724 2501 791 σώζειν
2557 724 2791 797 μεγίστῳ
2838 723 3071 796 κινδύνῳ
3119 720 3552 800 περιϐαλλομεν,

192 824 275 875 τοῦ
326 820 737 896 τυφλώττοντος
785 813 1261 893 προϐαλλόμενοι.
1316 816 1435 883 Καὶ,
1471 841 1496 866 ‹‹
1532 814 1596 871 Τί
1627 814 1752 887 γὰρ,
1788 835 1814 861 ››
1921 810 2108 874 ἄλλως
2153 831 2233 877 τε,
2285 810 2330 865 εὶ
2378 814 2465 865 καί
2514 812 2567 866 οἱ
2608 812 2675 865 τὰ
2721 812 3049 887 παγχάλεπα
3095 815 3436 888 πέπρακται,
3489 816 3551 869 τὸ

192 909 389 983 ἔλεγον,
425 905 690 962 «δίκαιον
725 910 861 979 ἡμῖν
906 908 1209 979 πέπρακται
1254 907 1342 960 ἐπὶ
1392 910 1470 976 τῷ
1517 900 1818 972 ἀλλοδαπῷ
1920 904 2048 973 γοῦν
2095 908 2289 974 σχῆμα
2334 907 2433 969 τῆς
2482 901 2708 962 ἱκετείας
2762 902 2944 956 ἱκανὸν
3008 904 3094 957 καὶ
3164 906 3256 959 τὸν
3308 904 3561 959 κάκιστον

190 997 345 1071 τῷδε,
394 997 441 1052 εἷ
490 996 741 1051 κάκεῖνοσ
788 995 898 1065 εἴη,
950 996 997 1050 εἲ
1046 995 1216 1056 ἄλλος
1254 1015 1269 1065 ;
1310 992 1485 1061 ὲοειδή
1538 991 1818 1063 δεξάμενοι
1922 989 2148 1056 σώζειν.
2203 986 2345 1043 Ούδὶ
2390 989 2490 1063 γὰρ
2540 989 2599 1042 ἂν
2664 988 2718 1043 τί
2766 996 2957 1052 παθεῖν
3022 991 3263 1060 ἐκεῖνον,
3313 991 3459 1047 αλλά
3509 992 3561 1046 τί

192 1087 413 1160 ἐτίθεμεν
470 1087 602 1159 ὑπὲρ
654 1085 817 1140 αὐτοῦ
862 1086 957 1146 τάς
1010 1085 1212 1159 ψυχὰς,
1259 1088 1512 1157 γυναῖκας
1554 1082 1641 1136 καὶ
1689 1080 1822 1135 αὐτά
1924 1083 2099 1131 ποιεῖν
2148 1077 2296 1147 ἄξιον
2340 1080 2487 1149 ἡμᾶς
2536 1084 2885 1151 προσκοπεῖν.
2926 1102 2948 1131 υ
2999 1084 3178 1136 Ταῦτα
3240 1086 3403 1136 τινῶν
3475 1099 3568 1135 Λε-

190 1178 245 1231 τά
283 1179 481 1251 γνήσια
526 1170 1001 1249 προϐαλλόμενοι,
1044 1174 1095 1235 ἐς
1131 1174 1188 1235 ὅς
1220 1173 1415 1241 σωθείη
1451 1174 1478 1227 ὁ
1509 1172 1586 1231 εἲς
1632 1176 1821 1245 χεῖρας
1922 1165 2125 1239 γόντων
2175 1162 2351 1220 ἐδόκει
2413 1166 2551 1219 τισὶν
2603 1164 2807 1239 ἀδοξεῖν
2871 1169 2939 1221 τὰ
2986 1167 3240 1242 μεγάλα,
3292 1169 3339 1223 εἷ
3403 1192 3569 1224 κατα-

192 1264 444 1339 ἡμετέρας
491 1264 833 1339 καταφυγὼν,
889 1266 980 1316 νῦν
1033 1258 1432 1335 μεταϐαλόντες
1498 1259 1822 1332 καταπροώ-
1924 1259 2186 1325 προοῖντο
2220 1255 2312 1308 τὸν
2344 1254 2547 1323 ixi-trp.
2584 1256 2684 1311 Καὶ
2734 1257 2795 1310 τὸ
2845 1258 2939 1328 μὲν
2990 1256 3258 1327 διηνεκῶς
3306 1258 3572 1331 πολεμεῖν

200 1357 356 1427 μεθα;
386 1354 438 1408 τί
471 1352 516 1407 δ’
547 1357 683 1425 ἡμῖν
716 1353 793 1415 εἷς
835 1351 1139 1426 ἀπολογίαν
1187 1354 1323 1425 πρὸς
1355 1350 1479 1411 τοῦς
1535 1347 1824 1421 μεμφομέ-
1927 1344 2041 1415 (καὶ
2090 1343 2192 1418 γὰρ
2242 1340 2301 1397 ἄν
2356 1343 2561 1417 ἀνάγκῃ
2611 1347 2757 1398 τοῦτ’
2807 1346 2937 1399 εἶναι
2991 1348 3066 1417 μὴ
3118 1349 3568 1421 περιγενομένους

196 1464 304 1503 νους
335 1442 535 1497 ἐπεῖται
567 1439 892 1515 προδοῦσινς
928 1438 1010 1494 ὅτι
1061 1441 1378 1515 παρώτρυνε
1423 1439 1498 1510 μή
1532 1438 1823 1507 θελονταςς
1927 1438 2034 1486 τῶν
2085 1432 2320 1500 πάντων,
2370 1437 2532 1486 τοῦτο
2568 1431 2613 1486 δ’
2660 1434 2725 1500 ἦν
2775 1430 3063 1507 ἀδύνατον)
3116 1436 3189 1496 ὡς
3245 1434 3574 1500 κινδυνῶδες

200 1530 501 1603 Ἀλλ’ἡμῖν
522 1530 884 1605 γλιχομένοις
910 1529 1043 1602 ὑπὲρ
1066 1527 1328 1583 δεσπότου
1349 1526 1578 1600 πάσχειν
1604 1525 1826 1592 tutata.
1930 1522 2019 1576 καὶ
2048 1518 2234 1583 ἄλλως
2274 1519 2332 1574 δν
2377 1521 2611 1591 ἀπρεπὲς
2664 1522 2948 1597 ἀπὲλεγον,
2997 1525 3060 1577 τὸ
3108 1522 3154 1577 δ’
3204 1526 3353 1589 αὖθις
3406 1547 3572 1580 κατα-

197 1620 336 1676 Ἀλλ’
368 1621 452 1674 ὅτι
480 1620 547 1675 τά
587 1621 705 1672 γαθ¹
755 1621 903 1690 ἡμᾶς
949 1617 1002 1672 ἐν
1032 1618 1247 1691 ταραχῆ
1301 1615 1620 1685 κατέστησεν
1657 1633 1670 1683 ;
1704 1613 1828 1668 ἀλλ’
1932 1612 2265 1687 προεμένους
2315 1612 2406 1665 τὸν
2460 1610 2605 1680 ξὲνον
2654 1610 2972 1688 σπὲνδεσφαι
3017 1614 3306 1687 ἐπὶμωμον
3360 1612 3574 1689 ἔκρινον

196 1713 316 1782 ἡμῖν
366 1730 429 1783 γε
482 1707 960 1783 προθυμουμένοις
1014 1706 1224 1778 μᾶλλον
1258 1705 1505 1776 ἢτούτῳ
1554 1703 1828 1776 μέμψοιτό
1932 1700 2019 1753 καὶ
2079 1697 2262 1753 ἄδικον
2317 1698 2490 1769 πάντη
2550 1700 2687 1772 πρὸς
2740 1700 2829 1755 τὸν
2889 1700 3114 1769 ἥκοντα,
3177 1702 3223 1756 εἶ’
3280 1703 3569 1765 πιστεύσας

197 1819 289 1859 τις.
342 1796 501 1853 Ἀλλ’
558 1798 641 1851 ὅτι
692 1796 951 1869 ὑπεκρίθη
1003 1796 1096 1849 τὸν
1162 1794 1386 1868 βασιλέα
1434 1794 1520 1847 καὶ
1571 1792 1832 1867 προσικὲ-
1935 1787 2161 1851 ἐκείνοις
2191 1789 2470 1865 σφάζοιτο.
2502 1793 2589 1859 Τῷ
2618 1810 2703 1843 τοι
2752 1790 2840 1843 καὶ
2882 1790 2981 1857 τὴν
3036 1790 3205 1861 μέσην
3237 1796 3574 1867 χωροῦντες,

198 1907 374 1954 τευσε;
428 1886 516 1939 καὶ
570 1888 784 1957 πρῶτον
843 1885 935 1955 μὲν
990 1883 1068 1944 τίς
1112 1880 1250 1937 οἶδεν
1298 1883 1356 1936 ἃν
1389 1882 1569 1950 ἀληθῆ
1616 1886 1781 1935 ταῦτα
1815 1899 1828 1948 ;
1862 1908 1908 1973 Β
1937 1877 2097 1931 αὐτὸν
2154 1878 2249 1949 μὲν
2301 1877 2528 1932 ἀπεῖπον
2585 1880 2659 1949 μή
2704 1876 3045 1953 προδιδόναι,
3092 1881 3291 1942 αὐτοὺς
3319 1880 3376 1935 δὲ
3421 1882 3578 1936 σπὲν-

203 1975 314 2047 ῥᾷον
344 1974 531 2035 αὐτοῖς
580 1972 751 2027 ἄλλον
800 1973 916 2027 ἀντὶ
965 1976 1061 2026 τοῦ
1092 1972 1348 2042 ἀληθοῦς·
1396 1970 1706 2045 ἐμφανίζειν
1740 1969 1831 2023 καὶ
1863 1964 1905 1973 ”
1942 1964 2122 2028 δεσθαι
2174 1966 2372 2031 οὕτως,
2404 1966 2449 2020 εἱ
2494 1966 2723 2021 θέλοιεν*
2762 1967 2805 2020 εἰ
2838 1965 2882 2021 δ’
2916 1969 3031 2035 οῦν,
3065 1968 3211 2023 ἀλλά
3251 1968 3336 2024 διὰ
3387 1969 3580 2032 τὲλους

204 2063 412 2133 ἀπατᾷν,
468 2063 512 2116 εἰ
553 2062 891 2134 ἑπισταῖμεν,
922 2062 956 2131 ἤ
989 2067 1179 2115 τοῦτον
1232 2060 1403 2116 ἄλλον
1453 2058 1578 2115 ὄντα
1630 2060 1830 2113 ἐκεῖνον
1946 2056 2211 2129 μάχεσθαι
2271 2056 2625 2111 συνετίθεντο.
2679 2058 2764 2110 Ἐν
2812 2058 3058 2130 τοσούτῳ
3108 2057 3197 2111 οὖν
3246 2063 3343 2113 τοῦ
3388 2064 3580 2133 καιροῦ

206 2153 625 2225 ὑποκρινεῖσθαι.
679 2152 806 2207 Εἶτα
854 2146 992 2204 ἔστω
1042 2150 1130 2205 καὶ
1168 2154 1349 2205 τοῦτο.
1386 2150 1539 2217 Ιιλήν
1570 2154 1696 2203 πᾶσι
1734 2149 1829 2220 μὲν
1940 2139 2270 2217 τριϐομένου
2326 2144 2415 2197 καὶ
2470 2148 2577 2198 τῶν
2643 2146 2735 2217 μὶν
2798 2143 2967 2216 μηδὲν
3025 2146 3261 2221 ἐχόντων
3314 2150 3391 2219 [Ρ.
3449 2151 3573 2220 434]

205 2243 351 2308 ἢτοῦ
378 2239 638 2303 πλείονος
684 2238 881 2313 ἔφεσις,
924 2240 1013 2293 καὶ
1058 2239 1339 2313 ἀγαπητὸν
1376 2238 1467 2311 μέν
1502 2238 1660 2292 αὐτὸν
1707 2234 1833 2291 ἓκα-
1942 2239 2116 2287 ποιεῖν
2154 2275 2165 2299 ,
2212 2236 2319 2286 τῶν
2360 2230 2417 2286 δὲ
2478 2236 2549 2305 μή
2602 2255 2654 2287 τι
2702 2235 3151 2306 ἀποκρινεῖσθαι,
3199 2238 3227 2290 ὁ
3284 2239 3377 2309 μὲν
3431 2237 3578 2307 ξενος

211 2351 326 2383 στον
356 2326 489 2384 ὄντα
517 2331 608 2384 τὸν
652 2325 1097 2400 σπουδαζόμενον
1147 2334 1255 2383 τῶν
1307 2325 1492 2382 καλῶν
1520 2327 1835 2401 τυγχάνειν,
1943 2323 2122 2377 ἀνεῖτο
2154 2322 2367 2397 φεύγειν
2399 2322 2533 2395 πρὸς
2579 2322 2802 2396 ΙΙὲρσας,
2849 2326 2932 2385 οἷς
2982 2322 3025 2378 δ’
3075 2326 3210 2392 ἦσαν
3262 2327 3583 2400 ὑποσχέσεις

208 2417 317 2471 εἶδ’
346 2417 463 2485 οῦν,
499 2416 644 2471 ἆλλά
674 2419 761 2471 καὶ
801 2419 861 2471 τὸ
894 2416 1154 2471 δοκοῦντα
1206 2418 1597 2492 μεγαλόνεσθαι
1636 2421 1834 2489 μοῖραν
1944 2413 2089 2485 παρὰ
2135 2416 2241 2464 τῶν
2295 2408 2426 2483 τῇδε
2475 2412 2560 2465 καὶ
2615 2413 2902 2481 συνθεσίαι,
2936 2411 3254 2483 ἐσπένδοντο
3310 2415 3378 2469 τὰ
3422 2417 3588 2469 πιστά

206 2506 259 2561 οὐ
301 2509 398 2575 τὴν
444 2510 715 2581 τυχοῦσαν
778 2505 1091 2583 φιλοτίμίας
1161 2505 1299 2579 ἔχει.
1360 2505 1425 2563 Τί
1482 2503 1570 2559 οῦν
1626 2505 1836 2565 ἑαυτοῖς
1948 2496 2207 2564 λαϐόντες
2234 2504 2331 2554 τοῦ
2384 2503 2459 2572 μὴ
2511 2506 2720 2565 παθεῖν,
2754 2502 2820 2559 Οἱ
2870 2499 2926 2556 δὶ
2972 2508 3091 2565 ταῖς
3142 2501 3398 2565 σπονδαῖς
3450 2506 3585 2579 πρὸς

203 2701 279 2755 13.
335 2702 594 2771 Allegan
649 2707 1038 2756 montanorum
1088 2701 1237 2757 inter
1284 2717 1399 2757 sese
1426 2716 1530 2771 pro
1577 2716 1637 2757 eo
1668 2716 1832 2771 quem
1940 2698 2119 2763 Quem
2156 2699 2360 2769 utique
2392 2698 2695 2755 absentem
2726 2700 3152 2771 desideratum,
3183 2708 3587 2759 occurrentem

388 2784 450 2828 ut
482 2775 744 2829 Joannem
773 2776 1058 2843 acceptum
1086 2772 1233 2844 apud
1259 2788 1317 2828 se
1340 2772 1635 2827 habebant.
1942 2805 2042 2844 eve

1942 2793 2231 2858 evectum,
2264 2804 2330 2843 ac
2358 2790 2405 2844 si
2440 2789 2574 2859 quid
2608 2789 2665 2845 in
2698 2805 2766 2844 eo
2794 2788 3061 2860 deliquit,
3096 2806 3333 2862 peccare
3357 2809 3389 2846 a
3422 2794 3591 2849 nobis

267 2878 524 2935 Maxima
580 2879 788 2936 horum
850 2897 986 2952 pars
1016 2885 1140 2935 erat
1169 2879 1583 2936 miserantium
1616 2894 1833 2935 caecum
1946 2882 2213 2934 coactum
2244 2877 2393 2933 tueri
2425 2876 2620 2950 potius
2653 2883 2711 2934 et
2743 2894 2979 2935 servare
3010 2880 3356 2938 deberemus
3386 2898 3594 2953 quam,

204 2984 361 3040 quem
394 2970 554 3041 apud
588 2986 649 3024 se
680 2969 1055 3037 habebant,et
1088 2970 1241 3024 factu
1265 2970 1574 3040 indignum
1596 2976 1835 3024 conten-
1947 2966 2100 3036 quod
2134 2965 2260 3021 sine
2281 2966 2449 3037 justa
2466 2966 2896 3037 vituperatione
2918 2968 3593 3039 nequimusfacerc,gra-

203 3058 455 3114 dentium
520 3057 709 3126 illum,
772 3060 1107 3131 quicunque
1158 3064 1333 3124 esset,
1396 3059 1660 3130 prodere.
1712 3059 1834 3123 Quo
1946 3054 3596 3127 vissimoillumpericuloexponere,sitientissimiscruo-

202 3148 639 3216 enim,aiebant,
670 3150 807 3220 jure
839 3148 1100 3205 alienum
1134 3149 1443 3217 hunc,sive
1474 3148 1731 3205 Joannes
1750 3156 1837 3203 est
1948 3145 2028 3200 ris
2058 3145 2191 3215 ejus
2225 3144 2419 3216 ipsum
2435 3145 3415 3220 hostibuscondonando.Atquivel
3443 3156 3597 3207 atro-

207 3237 464 3293 Lascaris
500 3238 619 3293 sive
652 3255 765 3293 non
799 3244 887 3294 est
914 3238 1184 3294 hostibus
1208 3240 1335 3310 ejus
1372 3239 1443 3294 ad
1468 3238 1762 3293 cruciatus
1785 3242 1842 3293 et
1949 3233 2552 3306 cissimicompertum
2570 3236 3016 3307 convictumque
3032 3237 3231 3310 flagitii
3252 3240 3602 3309 pessimum-

207 3343 393 3385 necem
460 3328 735 3382 acerbam
768 3328 1164 3383 dederemus?
1196 3332 1514 3399 Postquam
1547 3330 1704 3384 enim
1740 3343 1840 3397 pro
1873 3346 1916 3414 ρ
1957 3338 2083 3414 que
2102 3321 2752 3414 palam‘caputbabitus
2768 3325 3232 3397 supplicisfasac
3252 3330 3602 3386 verecundia

204 3414 355 3471 illius
385 3418 454 3471 ad
492 3432 602 3470 nos
633 3416 1026 3488 confugientis
1045 3418 1232 3473 salute
1254 3419 1449 3489 capita
1472 3423 1847 3481 nostra,uxo-
1885 3410 1915 3414 ⁷
1957 3410 2350 3483 conl'ugientis
2407 3411 2467 3467 in
2530 3412 2703 3468 ﬁdem
2754 3419 2929 3485 atque
2957 3415 3185 3487 asylum
3224 3418 3598 3487 protectionis

204 3520 287 3560 res
316 3510 371 3561 et
402 3505 762 3561 charissima
786 3522 1032 3577 qumque
1059 3506 1117 3561 in
1150 3506 1467 3562 discrimen
1494 3505 1845 3575 misimus,si
1958 3504 2190 3568 nostrae,
2224 3505 2499 3573 prastare
2528 3502 2807 3559 intactum
2829 3503 3270 3578 immunemque
3302 3509 3602 3564 communi

207 3592 352 3649 hunc
386 3596 566 3650 modo
596 3601 818 3651 mutata
851 3602 1084 3667 repente
1117 3597 1412 3653 sententia
1443 3597 1845 3665 destituimus,
1957 3589 2347 3647 humanitatis
2373 3589 2563 3648 ofﬁcio
2595 3593 2853 3649 deberet:
2885 3611 3076 3665 neque
3106 3598 3261 3652 enim
3298 3602 3435 3653 tunc
3480 3606 3598 3655 tam

206 3684 328 3753 quid
354 3688 533 3742 nobis
557 3687 626 3741 ad
651 3687 1051 3742 detensionem
1074 3687 1355 3743 faciemus
1380 3687 1846 3759 reliqui,quomi-
1958 3686 2221 3751 spectare
2250 3686 2544 3754 oporteret
2573 3683 2713 3755 quid
2767 3699 2898 3739 eum
2961 3686 3079 3755 pati
3135 3688 3364 3757 justum
3427 3696 3603 3760 esset,

208 3776 393 3828 nusab
434 3775 717 3831 omnibus
738 3775 1087 3847 proditionis
1105 3776 1848 3847 perfidiosissimaedamne-
1960 3784 2137 3841 quam
2171 3770 2307 3840 quid
2330 3787 2437 3827 nos
2460 3771 2648 3827 facere
2668 3773 2917 3829 deceret.
2951 3774 3113 3831 Talia
3135 3777 3378 3846 quidam
3411 3780 3607 3835 disso-

208 3879 328 3917 mur
357 3864 384 3917 ?
415 3869 503 3920 An
543 3865 809 3920 dicemus
866 3881 970 3920 nos
1003 3867 1075 3920 ab
1107 3865 1235 3937 ipso
1261 3866 1526 3922 nolentes
1559 3864 1850 3937 impulsos
1958 3866 2151 3917 rentes
2166 3862 2907 3937 persuadebantaliquibus
2923 3882 3035 3921 non
3053 3868 3361 3939 possesine
3376 3887 3605 3927 summa

207 3958 557 4025 coactosque
586 3954 612 4009 ?
669 3956 708 4009 Α
735 3953 904 4010 nobis
954 3957 1081 4025 jam
1108 3960 1279 4011 antea
1335 3956 1552 4027 paratis
1610 3962 1667 4011 et
1697 3954 1851 4011 πω)
1958 3968 2077 4008 suas
2107 3951 2298 4023 gentis
2329 3951 2573 4009 infamia
2606 3954 2769 4025 prodi
2796 3954 2867 4010 ab
2890 3954 3037 4027 ipsis
3060 3957 3311 4029 dedique
3334 3958 3605 4017 hostibus

208 4044 591 4109 gestientibus
623 4060 728 4115 pro
760 4044 998 4099 domino
1030 4044 1255 4114 injuste
1286 4061 1460 4116 passo
1503 4045 1852 4100 vindicando
1961 4041 2502 4112 supplicem.lidem
2535 4047 2753 4098 tamem
2792 4045 2948 4099 anxii
2978 4062 3176 4102 secum
3203 4047 3602 4118 inquirebant:

214 4148 466 4202 pugnare
504 4132 964 4203 supervenit.An
999 4132 1140 4188 illud
1161 4134 1697 4204 causabimur,ejus
1719 4150 1854 4204 gra-
1960 4130 2100 4203 quid
2136 4130 2315 4202 igitur
2346 4131 2658 4202 agendum?
2681 4131 2885 4189 Utrum
2921 4136 3304 4207 pugnandum
3329 4154 3560 4211 semper
3580 4139 3607 4194 ?

209 4220 281 4273 tia
297 4223 681 4291 perturbatas
694 4238 784 4277 res
800 4229 1031 4277 nostras
1048 4222 1206 4278 esse?
1227 4223 1404 4294 Atqui
1428 4228 1636 4278 nostrae
1658 4225 1853 4279 verius
1962 4220 2021 4275 Id
2051 4219 2267 4291 quippe
2283 4220 2610 4277 necessario
2633 4221 2995 4293 consequiex
3018 4225 3316 4295 praposito
3338 4242 3603 4298 perseve-

212 4310 485 4382 praecipiti
549 4311 619 4367 ad
653 4312 988 4367 novandum
1021 4312 1276 4368 audacia:
1313 4329 1482 4383 quam
1522 4312 1654 4368 huic
1685 4312 1857 4385 culpa
1962 4309 2132 4365 randi
2164 4310 2235 4364 ad
2270 4316 2598 4366 extremum
2629 4310 2776 4368 20]
2808 4310 2869 4366 in
2902 4312 3242 4371 defensione
3264 4316 3606 4387 pueri.Nisi,

210 4396 370 4455 istius
405 4400 712 4456 tumultus
744 4401 1248 4473 imputabitur.An
1271 4402 1426 4474 quod
1451 4419 1512 4458 se
1537 4403 1856 4474 imperato-
1961 4398 2116 4470 quod
2149 4399 2371 4470 sperari
2399 4414 2512 4455 non
2548 4405 2773 4471 poterat
2798 4416 2914 4456 una
2948 4400 3061 4473 ipsi
3090 4419 3195 4459 nec
3226 4419 3441 4475 magna
3461 4422 3607 4477 gens

206 4503 314 4543 rem
348 4506 481 4544 esse
515 4490 905 4559 simulavit,et
928 4492 1108 4546 uttsli
1131 4492 1242 4546 sibi
1266 4508 1853 4549 sucurreremusora-
1963 4490 2303 4546 universum
2331 4490 2389 4545 in
2423 4505 2485 4545 se
2518 4492 2893 4563 conjuratum
2927 4492 3239 4566 imperium
3285 4496 3606 4565 vincerent,

206 4575 304 4631 vit?
334 4578 612 4634 Primum
650 4580 787 4651 quis
814 4581 927 4635 scit
956 4580 1273 4637 simulasse
1306 4580 1560 4650 illum,et
1581 4599 1696 4638 non
1727 4599 1856 4639 esse
1963 4596 2030 4636 ac
2075 4596 2147 4635 ne
2180 4580 2229 4636 si
2280 4580 2520 4652 quidem
2572 4588 2770 4652 posset
2798 4583 3133 4654 succedere,
3168 4589 3364 4641 tamen
3397 4590 3609 4644 tentari

207 4680 395 4723 verum
430 4670 680 4740 qualem
715 4685 778 4724 se
802 4670 1069 4725 nominat
1094 4670 1379 4726 Joannem
1412 4671 1439 4725 ?
1470 4672 1537 4726 Et
1568 4671 1661 4727 cui
1695 4678 1853 4728 certo
1884 4718 1930 4784 Β
1962 4669 2319 4726 conveniret.
2350 4669 2452 4725 Hic
2479 4686 2611 4726 vere
2641 4688 2775 4727 cum
2807 4673 2877 4726 ad
2914 4673 3146 4728 unicam
3170 4674 3421 4730 oblatam
3446 4694 3608 4732 com-

208 4756 401 4784 λιιιιιεέι
440 4764 721 4784 -.η-ιιι---
756 4758 919 4784 HI“...
950 4758 1126 4784 -I:.-.....
1164 4776 1329 4784 κη-..
1357 4761 1657 4784 --ε,...ι-..-
1684 4760 1850 4784 _,.L!-
1965 4758 2244 4784 ..Α-Α-Ᾱ...
2270 4757 2426 4784 ...ι-ιζ..
2452 4758 2733 4784 -..ΗΑ-η...
2763 4760 3088 4784 _-f-_-L-_a
3114 4762 3373 4784 -..ἔ-,μμ
3416 4764 3479 4784 -.1
3517 4766 3569 4784 34

207 4756 405 4824 poterit
436 4764 724 4813 constare
756 4758 922 4814 illum
948 4758 1334 4830 alium,quem
1354 4761 1660 4816 ostendere
1683 4760 1853 4817 nobis
1884 4756 1930 4784 υ
1965 4758 2244 4829 ponenda:
2270 4757 2428 4829 pacis
2452 4758 2737 4814 rationem
2763 4760 3092 4816 referebant
3113 4762 3481 4831 animum,ad
3508 4766 3607 4820 de-

205 4859 259 4897 se
307 4852 549 4916 paratos
610 4847 798 4914 aiunt,
860 4849 1219 4904 custoditum
1252 4850 1406 4921 apud
1438 4849 1599 4921 ipsos
1635 4866 1854 4906 caecum
1965 4847 2249 4903 ditionem
2283 4863 2492 4919 nempe
2525 4850 2689 4918 pueri
2722 4847 2994 4920 hospitis,
3016 4850 3609 4925 abhorrebantatque

206 4933 712 4992 adolescentulum
772 4953 969 4994 revera
1023 4938 1309 4994 Joannem
1341 4955 1471 4996 esse
1504 4939 1798 4996 Lascarim
1826 4940 1853 4995 ?
1967 4937 2417 5005 aversabantur,
2469 4937 2786 5009 potiusque
2832 4940 3276 5010 propendebant
3305 4941 3363 4996 in
3397 4959 3615 5015 anceps

207 5023 405 5081 Deinde
434 5032 572 5082 esto
630 5027 731 5089 ita,
764 5026 840 5082 sit
872 5044 885 5082 :
919 5032 1117 5083 tamen
1150 5027 1245 5084 isti
1281 5030 1488 5100 culpas,
1523 5044 1594 5085 ne
1617 5046 1649 5084 a
1683 5030 1851 5085 nobis
1963 5027 2428 5097 damnosumque
2450 5025 2763 5082 consilium
2787 5026 3040 5083 bellandi
3072 5030 3143 5084 ad
3163 5038 3489 5087 extremum
3515 5049 3615 5104 pc-

206 5116 309 5168 tam
330 5116 987 5173 atrocitervindicanda
1020 5118 1306 5185 videatur,
1336 5134 1608 5190 magnam
1624 5125 1852 5191 partem
1965 5116 2158 5173 riculo
2192 5132 2565 5189 quocunque.
2601 5119 2755 5173 Inter
2780 5116 2889 5173 hos
2922 5118 3239 5177 multorum
3273 5126 3617 5190 aestus,cum

207 5200 444 5262 detrahit
478 5206 729 5261 invidia
761 5206 961 5262 innata
991 5208 1270 5263 omnibus
1300 5214 1358 5264 et
1382 5208 1498 5264 late
1517 5210 1853 5265 communis
1963 5206 2138 5278 longa
2157 5205 2563 5279 perplexarum
2579 5206 3067 5265 deliberationum
3085 5227 3249 5267 mora
3265 5212 3405 5267 certi
3422 5214 3615 5269 consi-

210 5293 489 5363 cupiditas
524 5297 784 5366 augendi
820 5296 1115 5351 fortunam
1141 5299 1662 5368 suam,prmsertim
1691 5286 1851 5370 inge-
1965 5297 2024 5352 lii
2054 5296 2199 5352 nihil
2221 5298 2617 5368 expediretur,
2646 5314 2837 5363 caecus
2860 5298 3288 5368 advena,causa
3310 5308 3610 5359 tantorum

209 5388 351 5440 rente
382 5403 445 5442 se
478 5384 799 5441 crescendi
847 5386 1151 5442 occasione
1199 5390 1257 5441 et
1288 5387 1501 5442 studiis
1547 5386 1852 5444 hominum
1968 5390 2263 5454 motuum,
2297 5387 2593 5443 dimissus
2645 5387 2716 5442 ad
2753 5391 2960 5443 Persas
3001 5389 3168 5461 fugit.
3204 5392 3312 5457 Qui
3345 5409 3515 5463 porro
3548 5410 3616 5449 ex

213 5471 348 5529 ultro
378 5476 451 5531 ad
485 5474 729 5546 majora
768 5475 1258 5545 vocantibus;quo
1287 5479 1551 5547 tempore
1580 5480 1715 5547 quis
1739 5494 1855 5534 non
1968 5476 2266 5533 montanis
2327 5477 2543 5549 pacisci
2604 5493 2738 5532 cum
2771 5478 2990 5534 nostris
3021 5484 3078 5534 et
3108 5496 3322 5537 arcano
3362 5487 3616 5540 tractare

206 5561 621 5636 veniadignam
641 5562 938 5620 existimet
954 5564 1333 5621 ambitionem
1350 5565 1855 5638 ejusquiregnum
1966 5568 2186 5624 dudum
2222 5574 2541 5639 cmperant,
2572 5567 2611 5624 ii
2646 5568 2964 5640 fcedusjam
2982 5569 3175 5642 palam
3198 5571 3615 5643 icerunt,rece—

208 5665 234 5703 a
266 5653 605 5711 volentibus
642 5653 907 5710 delatum
940 5671 1057 5711 non
1090 5653 1471 5711 recusaverit?
1501 5654 1650 5720 Quid
1683 5655 1860 5727 igitur
1969 5658 2170 5731 ptique
2200 5658 2259 5713 in
2292 5659 2568 5731 gratiam,
2601 5674 2734 5714 cum
2761 5663 2979 5728 essent,
3012 5665 3078 5716 ut
3102 5661 3244 5730 dixi,
3278 5666 3336 5719 et
3369 5664 3535 5720 multi
3560 5668 3617 5719 et

214 5740 399 5801 attinet
429 5745 617 5803 nobis
653 5746 826 5817 culpa
857 5743 1068 5803 solutis
1109 5743 1194 5801 illi
1228 5745 1448 5803 crimen
1479 5744 1805 5819 impingam
1834 5746 1862 5803 ?
1967 5747 2248 5822 precipui
2281 5752 2723 5817 montanorum,
2754 5746 3012 5819 reliquos
3042 5749 3403 5810 inﬁrmiores
3456 5752 3618 5810 illius
