4188 6442
626 432 731 486 643

1922 418 2224 473 GEORGII
2267 417 2728 475 PACHYMERB

3917 421 4024 475 644

623 555 859 612 ἐκείνους
892 550 1269 623 ἡμερωθέντες
1298 551 1415 605 τοῖς
1456 542 1651 606 ἄλλοις
1699 545 1877 602 κακῶς
1921 539 2012 594 καὶ
2044 539 2266 609 ἀπηνῶς
2299 543 2352 608 Α
2382 540 2470 594 καὶ
2527 543 2554 595 ὁ
2611 539 2875 612 ἀδικήσας
2933 539 3229 618 κερδαίνειν
3304 540 3450 614 δόξοι
3514 543 3856 617 ἀνεχομένης
3923 551 4027 613 τῆς

627 640 1044 716 προσεφέροντο,
1093 636 1183 690 καὶ
1232 633 1578 707 προσετίμων
1631 630 1852 702 ζημίαις
1896 630 1959 684 οὐ
2005 633 2268 704 φορηταῖς

623 731 711 784 καὶ
750 730 984 800 μείζοσιν
1020 726 1052 793 ἢ
1088 725 1214 779 ὥστ’
1267 724 1494 795 ἐνεγκεῖν
1547 719 1802 779 ἐκείνους.
1835 719 1911 775 Τὸ
1943 715 1988 771 δ’
2021 716 2264 771 ἐλαύνειν

623 818 821 880 ἐκεῖθεν
868 815 1237 889 ἐξορίζοντας,
1305 808 1529 882 ἅσμενοι
1600 805 1656 860 ἂν
1728 807 1801 867 εἷς
1845 805 2110 879 τιμωρίαν
2168 824 2263 876 με-

618 906 806 980 γίστην
866 902 1189 976 πράξοντες,
1246 901 1397 972 ὅμως
1456 895 1766 950 ἐκωλύοντο
1839 899 2134 969 πράττειν,
2187 894 2262 964 μή

619 993 828 1053 καὶτὰς
876 990 1040 1066 ἄκρας
1084 990 1324 1061 ἐρημοῦν
1381 983 1588 1060 ἀνδρῶν
1631 985 1725 1048 τάς
1774 985 1947 1056 ὁρμὰς
1986 988 2093 1037 τῶν
2129 989 2262 1056 Περ-

623 1087 728 1136 σῶν
779 1083 992 1155 ἀνέχειν
1055 1077 1383 1150 δυναμένων.
1445 1078 1625 1131 Ταῦτα
1699 1073 1805 1149 ιιὲρὶ
1854 1074 1980 1134 τοὺς
2025 1076 2261 1146 Τρικοκ-

621 1174 821 1232 κιώτας
879 1171 967 1223 καὶ
1017 1167 1141 1229 τοὺς
1206 1171 1302 1221 τοῦ
1357 1168 1518 1240 ζυγοῦ
1575 1161 1994 1238 διαπραξάμενοι
2055 1160 2260 1234 ἀνεχώ-

622 1281 746 1335 ρουν
781 1259 863 1314 ἐπ’
896 1256 1057 1311 οἷ’κων
1072 1299 1086 1314 .

618 1366 699 1422 ιδ’.
737 1369 922 1426 Ὀπως
956 1363 1168 1450 γιετέθη
1205 1363 1231 1415 ὁ
1255 1362 1601 1450 πατριάρχης
1640 1361 1824 1450 μαρὼν
1855 1357 1921 1412 τὰ
1954 1351 2255 1430 συμϐάντα,

948 1433 1035 1490 καὶ
1070 1437 1216 1495 ὅπως
1247 1435 1338 1488 τὸν
1378 1433 1599 1508 βασιλέα
1629 1433 1918 1509 ἀφώρισεν.

681 1529 750 1581 Τὸ
787 1526 966 1597 μέντοι
1002 1527 1121 1600 περὶ
1174 1526 1263 1578 τὸν
1317 1519 1484 1576 παῖδα
1526 1521 1780 1590 Ἰωάννην
1835 1514 2065 1592 συμϐὰν,
2104 1519 2256 1591 μέγι-

612 1637 735 1669 στον
787 1614 842 1669 ὃν
887 1615 920 1683 ἢ
957 1614 1092 1667 ὣστε
1151 1607 1442 1687 κρυϐῆναι,
1477 1609 1738 1664 ἔκπυστον
1793 1609 1982 1684 γέγονε
2033 1606 2120 1660 καὶ
2174 1609 2253 1676 τῷ

609 1705 940 1778 πατριάρχῃ.
992 1705 1052 1759 Ὀ
1104 1699 1147 1755 δ’
1200 1701 1430 1760 ἀκούσας
1488 1698 1539 1753 ἐν
1601 1696 1756 1768 δεινῷ
1810 1696 1967 1758 ἐτίθει
2015 1697 2112 1762 τὴν
2160 1694 2253 1769 ἀγο

607 1793 815 1869 γελίαν,
848 1792 937 1845 καὶ
973 1792 1070 1845 οὐκ
1110 1792 1256 1863 εἶχεν
1293 1790 1320 1842 δ
1352 1809 1401 1841 τι
1433 1787 1522 1842 καὶ
1554 1787 1769 1860 πράξοι,
1821 1781 1944 1838 οὐδὲ
1995 1785 2250 1843 καθεκτὸς

2382 625 2557 698 δίκης.
2614 654 2641 681 ‹‹
2675 631 2748 687 Τὸ
2805 635 2935 704 γοῦν
2996 631 3046 701 ἐξ
3099 634 3344 704 ἠμῶν,‹‹
3381 627 3508 704 ἔφη,
3568 630 3627 685 ἂν
3687 630 3862 701 ἐκείνη
3923 653 4028 686 πε-

2380 716 2656 792 ρίαργοίη,
2690 716 2896 774 δίκαιον
2937 719 3199 795 γίνεσθαι,
3249 720 3322 782 ὡς
3383 719 3440 774 ἃν
3498 724 3578 790 τῷ
3635 721 3756 792 περὶ
3816 719 4025 775 τούτων

2380 809 2694 880 ἀγανακτεῖν
2751 809 3114 880 μισοπόνηροι
3173 808 3434 880 δόξωμεν.
3471 833 3498 859 ››
3557 813 3733 864 Ταῦτα
3797 812 3857 882 [Ρ
3898 813 4022 884 435]

2375 900 2475 951 τοῦ
2531 896 2876 972 πατριάρχου
2936 896 3188 971 λέγοντος
3256 898 3575 972 ἀπήχθοντο
3639 899 3732 970 μὶν
3793 901 3844 954 οἱ
3894 901 4018 974 περὶ

2376 986 2578 1040 ἐκεῖνον
2641 985 2884 1048 ἐκτόπως
2941 988 3031 1041 καὶ
3090 987 3421 1060 ἀπεστύγουν
3491 989 3558 1042 τὰ.
3615 990 4018 1062 παπραγμένα,

2375 1074 2434 1128 τὸ
2466 1072 2523 1128 δὲ
2549 1080 2649 1128 πᾶν
2707 1073 2790 1128 ἐπ’
2845 1075 3032 1147 ἐκείνῳ
3087 1081 3294 1138 κεῖσθαι
3355 1072 3754 1149 διωμολόγουν,
3801 1077 3880 1137 ὡς
3927 1076 4018 1129 καὶ

2377 1163 2552 1216 αὐτῶν
2617 1162 2920 1236 ἑψομένων,
2951 1162 3003 1218 εἷ’
3049 1185 3098 1217 τι
3154 1162 3216 1218 ἃν
3260 1163 3449 1236 ἐκείνῳ
3495 1165 3583 1218 καὶ
3640 1161 3808 1234 δόξαι.
3859 1166 3920 1221 Ὀ
3963 1163 4020 1219 ὃὶ

2375 1252 2548 1325 ὅρκων
2610 1253 2827 1307 ἐκείνων
2883 1254 3305 1322 καταπενάξας,
3372 1253 3462 1307 καὶ
3541 1254 3797 1325 μνησθείς
3863 1255 4016 1315 ὅπως

2373 1339 2696 1414 ἐμπεδοῖντο
2727 1342 2814 1396 καὶ
2857 1339 3023 1397 ἄλλοι
3086 1345 3161 1415 μή
3213 1342 3319 1397 οἶοί
3366 1364 3424 1398 τε
3479 1342 3731 1418 πράττειν
3763 1343 3829 1396 τὰ
3861 1344 4016 1415 ὁμωο

2375 1432 2643 1502 μοσμένα,
2679 1431 2839 1491 αὐτὸς
2884 1430 2946 1485 τὸ
2979 1430 3052 1492 εἰς
3084 1433 3283 1485 ἐκεῖνον
3317 1431 3451 1500 ἧκον
3494 1436 3671 1485 ποιεῖν
3719 1429 4013 1506 ἀνεδέχετο

2374 1519 2556 1591 μόνος.
2592 1519 2743 1587 Πλὴν
2813 1519 2873 1572 οὐ
2928 1524 3257 1591 σωματικῶς
3314 1522 3561 1596 σφάττειν
3619 1521 3806 1593 ᾑρεῖτο
3867 1517 4018 1592 (οὐδὶ

2367 1608 2466 1683 γὰρ
2526 1607 2714 1680 ἄξιον)·
2777 1607 2900 1662 ὅσον
2954 1605 2999 1662 δ’
3046 1609 3146 1676 ἧκε
3174 1609 3310 1662 κατά
3365 1609 3550 1683 ψυχὴν
3604 1610 3881 1684 πράττειν,
3914 1609 4016 1663 οὐκ

2370 1697 2680 1772 ἐρρᾳθύμει,
2734 1699 2810 1754 Τὸ
2843 1696 2888 1751 δ’
2917 1699 2983 1766 ἦν
3017 1697 3232 1759 πάντως
3287 1697 3418 1773 ὅπερ
3464 1696 3555 1751 διὰ
3582 1702 3680 1762 τῆς
3731 1699 4012 1772 μαχαίρας

2365 1792 2460 1842 τοῦ
2509 1787 2815 1858 πνεύματος
2866 1787 3088 1862 γίνεται,
3123 1786 3289 1841 ὅέστι
3326 1787 3477 1862 ῥῆμα
3526 1792 3681 1842 Θεοῦ⁶
3737 1789 3811 1849 ὡς
3864 1785 4012 1841 διαι-

606 1884 672 1951 ἧν
705 1882 912 1938 ἀλύων.
957 1881 1086 1935 Εἶτα
1142 1880 1216 1951 μή
1249 1877 1430 1952 κρίνας
1461 1873 1716 1949 ἀσφαλῶς
1752 1875 1924 1944 ἕω)τῷ
1955 1871 2040 1926 ἐπὶ
2068 1871 2249 1925 τοιαύ·
2282 1885 2326 1946 Β
2363 1883 2480 1951 μεῖν
2513 1878 2602 1931 τὸν
2634 1875 2776 1946 ἄξιον
2805 1875 2894 1930 καὶ
2938 1876 3028 1932 τὸν
3077 1876 3309 1948 ἀνάξιον,
3342 1878 3428 1930 καὶ
3461 1877 3554 1930 τὸν
3591 1878 3685 1949 μὶν
3735 1875 4011 1951 εὐλογεῖν,

605 1993 724 2032 ταις
779 1970 997 2043 πράξεσι
1053 1972 1258 2037 σιωπᾷν
1301 1965 1388 2020 καὶ
1449 1967 1523 2037 μὴ
1569 1965 1827 2032 ἐπεξιέναι
1887 1961 2244 2033 ἐπιτιμῶντα,

601 2058 1114 2134 προσκαλεσάμενος
1174 2056 1299 2117 τοὺς
1376 2056 1498 2126 περὶ
1563 2054 1726 2108 αὑτὸυ
1795 2052 2099 2126 ἱεράρχας,
2157 2051 2246 2104 καὶ

603 2147 751 2203 δεινά
785 2147 1112 2223 σχετλιάσας
1174 2147 1234 2198 τὸ
1277 2149 1494 2220 πρῶτον
1546 2144 1617 2204 ὡς
1669 2143 2010 2217 χλευασΟεῖς,
2042 2141 2130 2194 καὶ
2164 2139 2244 2193 ὅτι

598 2238 761 2310 νόμοι
793 2241 1220 2314 καταφρονοῖντο
1261 2238 1393 2288 Θεοῦ
1446 2230 1534 2286 διὰ
1575 2239 1674 2300 τῆς
1717 2235 1825 2285 τῶν
1868 2229 2044 2304 ὅρκων
2073 2249 2244 2303 παρα-

599 2322 788 2388 ϐασίας
842 2325 1376 2400 ὑπεραγανακτήσας,
1418 2321 1581 2382 τέλος
1631 2321 1680 2374 τί
1737 2317 1818 2374 δεῖ
1864 2325 2038 2374 ποιεῖν
2085 2339 2244 2373 κατε-

600 2416 886 2485 σκέπτετο,
935 2413 1009 2474 ὡς
1074 2413 1148 2484 μή
1204 2408 1400 2484 ψεῦδος
1449 2408 1708 2480 ἀληθείας
1766 2409 2244 2484 κατακαυχήσαιτο

604 2617 796 2691 gentis
829 2617 924 2671 irze
949 2616 1352 2673 ministrorum
1381 2613 1757 2686 imperatoris
1776 2612 2246 2684 objecerunt;qui

605 2724 704 2764 eos
736 2706 941 2761 acerbe
972 2704 1409 2775 crudeliterque
1439 2701 2070 2773 vexarunt,spoliantes
2090 2700 2244 2756 into-

605 2796 924 2852 lerabiliter
951 2795 1283 2861 miseros,et
1309 2792 1507 2847 multae
1538 2791 2057 2847 nominesummas
2078 2791 2244 2846 abiis

599 2885 858 2958 pecunia:
875 2884 1124 2953 majores
1138 2887 1554 2952 extorquentes
1577 2895 1755 2952 quam
1781 2895 2030 2950 quas,ne
2051 2878 2244 2934 vendi-

598 2977 668 3030 tis
700 2974 936 3046 quidem
967 2989 1094 3043 quae
1131 2972 1423 3026 habebant
1451 2970 1762 3039 universis,
1800 2973 2040 3040 possent.
2069 2967 2245 3024 confl-

598 3083 745 3122 cere.
779 3065 892 3119 Nec
927 3063 1042 3118 ulla
1076 3061 1484 3133 imperatorios
1519 3058 1916 3114 misericordia
1949 3058 2137 3112 tenuit
2169 3057 2241 3112 ab

595 3154 668 3210 iis
725 3151 1195 3208 exterminandis
1245 3155 1303 3205 et
1336 3149 1720 3208 exturbandis
1769 3147 1907 3202 sede
1960 3145 2148 3217 patria
2179 3145 2238 3201 in

595 3243 878 3298 ultionem
940 3239 1273 3296 rebellionis
1309 3254 1322 3293 :
1357 3240 1457 3294 sed
1518 3239 1590 3293 ab
1622 3255 1688 3292 eo
1720 3236 1963 3292 consilio
2010 3235 2112 3290 illa
2141 3251 2239 3290 eos

591 3349 731 3387 cura
777 3329 1080 3393 revocavit,
1115 3328 1268 3400 quod
1319 3327 1701 3396 providebant
1733 3326 1852 3381 l‘ore
1884 3329 1946 3378 ut
1977 3324 2068 3378 his
2102 3323 2237 3378 inde

594 3422 779 3493 pulsis
812 3437 981 3476 nemo
1005 3421 1316 3489 jamessct
1347 3419 1443 3489 qui
1471 3419 1618 3488 juga
1644 3416 1768 3480 illa,
1796 3411 2236 3488 propugnacula

595 3510 841 3567 Romani
878 3509 1099 3576 limitis,
1135 3524 1167 3562 a
1199 3507 1503 3562 Persarum
1535 3506 1770 3562 assidue
1804 3503 1920 3559 illis
1970 3504 2236 3575 partibus

589 3598 1004 3655 insidiantium
1039 3597 1353 3665 crebroque
1388 3595 1840 3666 irrumpenlium
1882 3593 2235 3649 incursioni-

591 3691 702 3744 bus
737 3692 859 3742 tuta
885 3686 1322 3759 prestaretllis
1344 3685 1497 3739 circa
1524 3683 1914 3739 Tricocciotas
1936 3687 1988 3738 et
2017 3687 2239 3738 monta-

590 3795 700 3835 nos
736 3778 919 3849 gestis
953 3776 1228 3832 Romanae
1259 3775 1437 3846 copiae
1468 3774 1710 3830 domum
1744 3777 2126 3830 reverterunt.

605 3886 691 3942 14.
730 3885 794 3942 Ut
842 3885 1066 3955 affectus
1095 3884 1267 3952 fuerit
1299 3881 1618 3954 palriarcha
1648 3880 1839 3937 audita
1877 3883 2237 3938 excwcatiane

682 3957 938 4020 Joannis.
962 3963 1009 4011 et
1045 3965 1103 4011 ut
1145 3955 1533 4027 imperatorem
1564 3955 2144 4010 cxcommunicaverit.

660 4048 944 4102 Caeterum
979 4045 1134 4117 quod
1172 4060 1349 4115 puero
1369 4043 1585 4099 Joanni
1610 4042 2102 4113 evenerat,majus
2126 4042 2236 4097 uti-

596 4151 709 4207 que
738 4139 910 4206 atque
942 4134 1197 4189 atrocius
1229 4149 1406 4205 quam
1442 4139 1506 4188 ut
1536 4132 1712 4188 taceri
1746 4134 2036 4204 posset,ad
2062 4147 2236 4188 aures

597 4224 946 4298 patriarcbaa
996 4240 1232 4295 quoque
1289 4223 1576 4294 perlatum
1610 4221 1763 4279 202
1812 4227 1920 4278 est.
1957 4223 2012 4277 ls
2063 4236 2236 4294 porro

589 4314 796 4370 acerbo
827 4317 1240 4368 consternatus
1272 4312 1481 4367 nuntio
1519 4313 1808 4367 mstuabat
1838 4311 2056 4377 animo,
2090 4310 2231 4382 quid

584 4408 781 4475 ageret
813 4401 1100 4462 incertus;
1129 4417 1236 4457 nec
1268 4400 1449 4456 teneri
1485 4404 1711 4473 poterat
1741 4399 1885 4472 quin
1909 4416 1972 4456 se
1995 4400 2051 4455 in
2077 4416 2231 4455 cun-

585 4497 679 4547 cta
712 4490 902 4562 palam
945 4490 1374 4546 luctuosissimi
1409 4489 1865 4545 dolorisindicia
1887 4489 2228 4544 eli'underet.

585 4579 807 4636 Deinde
866 4584 1028 4634 ratus
1089 4578 1240 4634 haud
1277 4595 1549 4635 securum
1610 4595 1739 4634 esse
1773 4578 1887 4633 sibi
1921 4595 2099 4650 super
2127 4576 2230 4633 tali

583 4670 839 4725 facinore
871 4667 1042 4724 silere
1077 4670 1364 4739 necjustzn
1389 4667 1444 4723 id
1472 4667 2001 4724 animadversionis
2024 4666 2227 4722 ulcisci

2354 1969 2444 2021 τὸν
2497 1964 2543 2020 δ’
2598 1965 2892 2036 ἐκπέμπειν
2940 1968 3037 2033 τῆς
3090 1963 3418 2038 ὁλομελείας
3461 1969 3558 2020 τοῦ
3610 1965 3865 2038 σώματος
3908 1970 4009 2020 τοῦ

2355 2057 2610 2128 Χριστου.
2673 2056 2852 2110 Ταῦτα
2900 2056 3096 2122 στήσας
3145 2054 3264 2116 καθ’
3315 2053 3524 2120 έαυτὸν,
3553 2057 3661 2106 τῶν
3709 2051 3897 2108 ἄλλων
3925 2057 4008 2124 τῷ

2361 2144 2454 2215 μὶν
2489 2140 2682 2214 δικαίῳ
2728 2140 3161 2214 δυσωπουμένων
3195 2141 3273 2212 τῷ
3324 2137 3379 2194 δὲ
3433 2135 3652 2216 φοϐερῷ
3703 2141 4006 2195 συστελλοο

2359 2231 2532 2306 μένων
2570 2275 2583 2300 ,
2642 2233 2717 2304 μὴ
2777 2233 2864 2286 καὶ
2919 2229 3255 2307 ἀνεδέστερον
3313 2231 3724 2305 ἀπεργάσαιντο,
3785 2233 4010 2303 πέμψας

2358 2321 2561 2385 ἐκεῖνος
2605 2321 2717 2395 ἅμα
2763 2341 2820 2375 τε
2868 2319 3086 2397 ἐλέγχει
3132 2315 3471 2389 ἀσεϐήσαντα
3520 2320 3607 2374 καὶ
3638 2320 3732 2393 ἅμ’
3761 2318 4005 2398 ἐπιφέρει

2354 2411 2451 2479 τήν
2495 2414 2592 2466 τοῦ
2639 2409 2948 2482 πνεύματος
2997 2409 3175 2482 τομήν
3225 2408 3319 2462 τὸν
3368 2407 3691 2484 ἀφορισμόν.
3741 2406 4006 2465 Ἐκρταῦθά

2358 2630 2512 2679 mus,
2574 2614 2674 2669 sed
2736 2614 2942 2668 saltem
3014 2614 3513 2670 demonstratione
3552 2612 3750 2683 aliqua
3776 2610 4006 2683 insigni

2356 2703 2576 2758 mundo
2608 2708 2664 2758 et
2698 2703 2946 2774 posteris
2968 2703 3171 2758 testari
3192 2719 3304 2759 non
3329 2718 3468 2758 sane
3493 2700 3878 2775 probantibus
3901 2705 4009 2756 aut

2354 2792 2740 2848 tolerantibus
2773 2791 2940 2847 nobis
2974 2797 3032 2847 at
3063 2791 3438 2848 vehementer
3467 2789 3915 2862 indignantibus
3946 2794 4008 2845 et

2354 2882 2933 2949 detestantibus,tam
2964 2887 3126 2938 atrox
3149 2882 3340 2938 scelus
3361 2882 3541 2938 fuisse
3566 2883 4000 2953 perpetratum.

2351 2970 2512 3026 Talia
2543 2971 2817 3044 loquente
2851 2971 3180 3042 patriarcha
3201 2971 3627 3028 exhorruerunt
3658 2970 3727 3024 ad
3751 2969 4008 3024 mentio-

2352 3076 2482 3115 nem
2546 3062 2806 3116 l'anaticaa
2858 3060 3222 3116 crudelitatis
3253 3061 3352 3131 qui
3387 3062 3628 3116 aderant
3672 3059 4001 3123 antistites,

2352 3149 2629 3221 nulloque
2645 3167 2757 3206 non
2776 3149 2944 3222 signo
2967 3149 3341 3205 declararunt
3362 3148 3690 3204 abominari
3709 3163 3836 3203 sese
3861 3149 4006 3203 totis

2350 3239 2566 3294 animis
2600 3239 2826 3294 facinus
2847 3239 2988 3294 adeo
3021 3239 3394 3294 exsecrabile.
3430 3239 3860 3308 Adjunxerunt,
3895 3237 4003 3292 de-

2349 3333 2608 3384 cerneret
2637 3329 2788 3399 quod
2822 3327 2923 3383 tali
2956 3327 3258 3384 occasione
3289 3328 3376 3383 fas
3407 3331 3463 3382 et
3489 3343 3720 3398 (equum
3758 3340 4002 3397 poscere

2351 3423 2582 3490 putaret
2618 3435 2629 3472 :
2663 3418 3147 3488 comprobaturos
3189 3432 3316 3472 sese
3337 3432 3403 3471 ac
3437 3432 3539 3487 pro
3568 3414 3723 3470 virili
3756 3419 3999 3470 secutu-

2347 3523 2463 3563 ros.
2497 3507 2582 3561 Ad
2616 3523 2683 3562 ea
2714 3505 2809 3562 ille
2841 3507 2999 3579 gravi
3035 3522 3101 3562 ex
3128 3504 3244 3561 alto
3276 3509 3509 3578 pectore
3533 3505 3711 3559 ducto
3759 3503 3996 3574 gemitu,

2349 3596 2642 3652 recordari
2663 3613 2725 3651 se
2748 3600 3001 3651 testatus
3021 3611 3138 3667 qua
3161 3592 3843 3666 religionejurisjurandi
3867 3607 4001 3648 sese

2345 3701 2549 3741 omnes
2607 3685 2990 3741 astrinxerint
3046 3684 3116 3740 ad
3149 3684 3348 3740 statim
3377 3683 3791 3739 vindicandam
3829 3682 3996 3737 videt

2352 3791 2528 3831 manu
2585 3774 2914 3846 perﬁdiam,
2950 3773 3008 3828 in
3043 3778 3172 3830 utro
3229 3774 3630 3845 Augustorum
3681 3771 3997 3827 exsisteret

2345 3866 2509 3921 alteri
2535 3869 2738 3921 contra
2766 3869 2932 3936 pacta
2955 3869 3237 3920 conventa
3268 3863 3536 3920 insidiari
3559 3879 3626 3918 ac
3649 3864 3910 3934 grassari
3941 3863 4004 3919 in

2344 3955 2592 4011 alterum
2616 3953 3431 4026 audente,addidit,quoniam
3457 3956 3765 4026 appareret
3785 3951 4000 4008 deesse

2343 4043 2680 4100 facultatem
2738 4044 2964 4100 caeteris
3015 4045 3212 4113 jurata
3242 4041 3620 4114 exsequendi,
3656 4057 3717 4096 se
3748 4041 3996 4110 quidem

2342 4134 2495 4206 quod
2521 4138 2675 4190 esset
2703 4133 2763 4188 in
2795 4149 2856 4188 se
2887 4133 3202 4188 facturum.
3239 4131 3361 4188 Non
3395 4131 3738 4186 stricturum
3791 4133 3997 4186 autem

2344 4221 2685 4278 sensibilem
2715 4220 2979 4294 gladium
3005 4221 3063 4276 in
3087 4236 3303 4292 corpus
3326 4235 3393 4276 ac
3413 4218 3688 4291 jugulum
3714 4217 3998 4291 sacrilegi

2340 4313 2519 4384 (haud
2554 4313 2708 4367 enim
2745 4312 2799 4366 id
2835 4311 2946 4367 sibi
2971 4310 3323 4378 convenire),
3355 4310 3453 4364 sed
3488 4310 3643 4380 quod
3676 4325 3795 4362 sua:
3827 4313 3994 4380 pote-

2339 4401 2508 4457 statis
2533 4401 2699 4466 foret,
2758 4399 3000 4456 minime
3035 4402 3447 4455 cunctaturum
3480 4397 3998 4468 exsequi,utendo

2337 4490 2532 4563 gladio
2586 4490 2854 4563 spiritus,
2915 4491 3068 4562 quod
3127 4493 3217 4544 est
3246 4489 3490 4543 verbum
3545 4487 3698 4543 203
3751 4486 3879 4550 Dei,
3913 4487 3991 4542 ad

2337 4579 2716 4637 dividendum
2761 4581 2988 4652 justum
3016 4578 3088 4634 ab
3120 4577 3321 4649 impio,
3355 4580 3412 4632 et
3444 4574 3528 4630 illi
3562 4575 3801 4648 quidem
3836 4574 3994 4632 bene

2337 4669 2697 4742 precandum
2762 4668 2918 4722 hunc
2977 4684 3110 4722 vero
3173 4665 3636 4721 abscindendum
3697 4663 3992 4720 aChristi

583 4759 861 4825 vindicta,
891 4759 1224 4814 convocatis
1255 4758 1351 4829 qui
1387 4759 1456 4814 ad
1491 4775 1732 4814 manum
1762 4760 1925 4814 erant
1962 4755 2224 4829 praesuli-
2259 4757 2302 4822 D
2338 4775 2598 4831 corpore.
2658 4762 2791 4813 Hinc
2823 4773 2884 4813 se
2931 4756 3102 4829 plane
3136 4757 3321 4812 facere
3353 4754 3684 4810 decrevisse
3714 4769 3848 4808 cum
3882 4753 3989 4810 ille

579 4849 716 4914 bus,
749 4849 1000 4919 graviter
1030 4864 1393 4919 conquerens
1426 4849 1682 4919 primum
1705 4864 1768 4904 se
1789 4847 2062 4903 delusum
2099 4846 2226 4902 irri-

581 4953 830 5008 sumque
890 4942 1006 4990 tum
1064 4937 1210 4992 foede
1257 4943 1625 5010 contemptae
1669 4938 1768 4994 Dei
1820 4936 1977 5009 leges
2003 4935 2224 4992 nefaria

580 5025 892 5081 violatione
944 5026 1440 5096 juramentorum,
1496 5027 1909 5098 indignitatem
1945 5025 2223 5082 horrendi

577 5113 778 5183 flagitii
815 5114 1204 5184 exaggeravit;
1238 5131 1303 5169 ac
1343 5115 1597 5187 denique
1617 5114 2062 5170 deliberandum
2091 5131 2224 5186 pro-

580 5203 777 5275 posuit
834 5204 972 5274 quid
1036 5203 1137 5260 tali
1194 5206 1499 5261 occasione
1531 5222 1592 5261 se
1625 5205 1811 5262 facere
1852 5205 2101 5270 deceret,
2153 5220 2224 5261 ne

585 5295 832 5348 mendax
853 5295 1096 5366 perﬁdia
1113 5294 1184 5350 de
1208 5295 1547 5351 conculcata
1570 5296 1810 5352 veritate
1832 5296 2075 5366 impune
2098 5294 2222 5367 glo-

576 5383 853 5453 riaretur,
888 5400 1025 5439 neve
1058 5390 1358 5455 grassator
1388 5385 1804 5457 iniquissimus
1838 5385 2220 5456 opimo,quod

574 5471 1005 5528 immanissima
1039 5474 1316 5544 rapuerit,
1351 5475 1537 5546 spolio
1567 5475 2221 5545 gauderet,connivente

566 5561 800 5631 justitia
859 5560 1054 5616 divina
1087 5583 1101 5630 ;
1156 5579 1282 5631 quae
1315 5563 1363 5619 si
1396 5564 1542 5631 suis,
1578 5570 1640 5619 ut
1671 5564 2022 5637 plerumque
2050 5563 2218 5634 solet,

571 5649 958 5723 incompertis
1006 5651 1266 5708 humano
1307 5653 1540 5726 ingenio
1599 5653 1863 5710 consiliis
1892 5657 2218 5721 cunctetur,

570 5744 771 5798 tamen
791 5740 1012 5799 nostris
1042 5759 1170 5802 esse
1190 5744 1496 5803 ofﬁciinon
1518 5743 1812 5818 negligere
1833 5745 1990 5816 quod
2010 5760 2220 5818 possu-

2336 4847 2753 4920 signiﬁcasset,
2806 4845 2938 4902 aliis
2995 4847 3069 4902 ob
3103 4845 3479 4900 manifestam
3512 4842 3594 4898 rei
3642 4843 3989 4914 equitatem

2337 4937 2671 5008 improbare
2698 4953 2810 4992 non
2841 4934 3220 4999 audentibus,
3252 4938 3310 4989 et
3340 4939 3557 4990 terrore
3574 4935 3769 4988 tamen
3820 4931 3988 4988 haud

2335 5025 2514 5083 dubio
2537 5025 2858 5093 concussis,
2884 5041 2956 5081 ne
2987 5024 3132 5079 diris
3163 5040 3367 5080 omnes
3400 5020 3996 5095 suppliciis,satelli-

2334 5116 2497 5171 tibus
2527 5115 2599 5170 ab
2615 5115 2844 5171 irritata
2867 5113 3258 5170 anathematis
3283 5111 3609 5184 ignominia
3627 5110 3994 5182 imperatam

2335 5206 2647 5273 immissis,
2708 5203 3176 5274 conciderentur,
3236 5201 3568 5276 patriarcha
3597 5202 3989 5273 pronuntiato

2334 5295 2529 5368 palam
2584 5299 2644 5350 et
2702 5295 2912 5351 merita
2951 5293 3259 5351 severitate
3312 5293 3622 5364 objurgato
3675 5289 3991 5348 Michaelis

2334 5388 2580 5458 Augusti
2607 5383 3345 5459 scelere,ipsum,legitima
3372 5385 3596 5456 prolata
3618 5381 3993 5452 talisjudicii

2333 5478 2906 5550 t'ormula,spirituali
2941 5477 3198 5534 sectione
3233 5493 3266 5531 a
3295 5476 3709 5530 communione
3741 5472 3989 5530 Christo

2331 5568 2692 5623 credentium
2728 5566 2834 5622 rite
2866 5571 3108 5622 resecat.
3143 5564 3273 5621 Fuit
3302 5564 3359 5618 in
3397 5564 3567 5618 modo
3613 5579 3678 5617 ac
3723 5561 3992 5618 circum-

2331 5656 2550 5713 stantia
2581 5657 2836 5729 quadam
2868 5656 3049 5727 hujus
3079 5654 3216 5711 facti
3248 5653 3404 5725 quod
3431 5653 3567 5723 jure
3598 5651 3730 5723 quis
3778 5666 3993 5722 repre-

2331 5746 2640 5804 henderet:
2692 5746 2794 5804 sed
2841 5761 2947 5804 nec
3001 5745 3188 5802 defuit
3237 5743 3393 5815 quod
3441 5742 3512 5799 ad
3544 5741 3990 5801 excusationem
