4246 6446
188 417 302 481 645

1257 411 1354 466 ΒΕ
1392 407 1768 464 MICHAELE
1807 401 2252 461 PALEOLOGO
2289 405 2423 458 LIB.
2465 407 2561 458 III.

3489 409 3594 461 6'16

186 560 270 599 τις
299 539 391 593 καὶ
435 537 710 609 μέμψαιτο
766 539 879 595 τοῖς
927 532 1204 607 γεγονόσιν
1237 531 1312 592 ὡς
1343 531 1404 586 οὐ
1452 530 1588 584 κατὰ
1636 527 1838 600 τρόπον
1868 527 1920 593 Α
1951 547 2032 578 σιν
2078 527 2105 580 ὁ
2156 529 2390 596 κρατῶν,
2449 525 2537 578 καὶ
2595 524 2770 579 πόπον
2833 523 3013 587 διδοὺς
3063 531 3138 597 τῷ
3187 525 3381 600 δικαίῳ
3436 531 3595 601 Θυμῷ

189 627 486 701 γεγονόσι,
553 624 640 678 καὶ
721 622 1274 697 ὑπεραπολογήσαιτο
1345 624 1453 674 τῶν
1527 617 1846 690 παρξάντων

190 717 352 771 πάλιν
416 715 490 774 ὡς
551 713 656 766 ούκ
713 711 898 771 ἄλλως
958 715 1131 764 ποιεῖν
1195 708 1455 782 ἐχόντων.
1493 705 1595 761 Καὶ
1751 703 1844 774 μὶν

198 804 425 876 μέμψις,
468 801 552 856 ὅτι
599 801 708 860 Θεὶς
751 799 841 852 τὸν
893 795 1088 868 δεσμὸν
1147 794 1312 873 ἐφῆκε
1359 799 1475 846 τοῖς
1507 797 1602 846 τού
1635 790 1846 862 κλήρου

193 891 424 965 ψάλλειν
463 891 668 944 ἐκείνου
718 888 903 961 χάριν,
955 886 1093 939 ὥστε
1147 886 1198 938 οἱ
1247 884 1336 937 καὶ
1382 886 1663 936 κοινωνεῖν
1710 878 1850 932 ἐκεί-

193 1001 318 1041 νους
377 977 466 1033 διὰ
520 982 627 1031 τῶν
689 977 849 1048 ἱερῶν
910 973 1167 1042 τελετῶν,
1228 972 1390 1030 αὐτός
1446 991 1504 1023 τε
1555 969 1648 1028 τὰς
1705 966 1851 1037 ἱερᾶς

195 1070 367 1126 ὲτὲλει
423 1064 828 1140 μυσταγωγίας,
885 1063 964 1120 ἐφ’
1013 1064 1097 1122 αῖς
1148 1064 1212 1129 ἦν
1270 1057 1553 1133 ἀριδήλως
1602 1056 1695 1110 τὸν
1740 1052 1850 1108 δεσ-

202 1163 330 1230 μοῖς
392 1157 780 1225 πνευματικοῖς
851 1149 1218 1224 κατεχόμενον
1297 1145 1724 1219 μνημονεύσθαι.
1787 1142 1850 1198 Ἡ

200 1245 245 1301 δ’
276 1246 365 1300 ἰπὶ
398 1243 612 1303 τούτοις
657 1240 954 1313 ἀπολογία,
1005 1238 1088 1293 ὅτι
1141 1237 1424 1311 αὐτάρκως
1474 1235 1590 1308 εἶχε
1620 1231 1854 1302 τοιούτῳ

199 1336 483 1404 προσώπῳ
511 1333 579 1384 τὰ
605 1337 704 1398 τῆς
737 1329 1133 1397 ἐπιτιμήσεως,
1185 1326 1259 1386 ὡς
1290 1323 1333 1378 εἰ
1365 1323 1452 1376 καὶ
1502 1321 1853 1394 προσετίθετο

201 1423 400 1491 πλὲον,
452 1417 775 1474 κινδυνεύειν
829 1415 1194 1490 συγκεχύσθαι
1244 1414 1310 1468 τὰ
1356 1414 1531 1466 πάντα
1577 1409 1715 1464 κατὰ
1762 1409 1854 1461 τὸν

202 1507 632 1584 Ἐμπεδόκλειον
685 1511 945 1580 σφαῖροδ,
999 1503 1088 1558 καί
1125 1525 1176 1558 τι
1225 1502 1314 1556 καὶ
1363 1500 1675 1575 παράλογον
1718 1517 1854 1571 προ-

205 1596 488 1669 ϐῆναιτοῦ
545 1595 814 1670 βασιλέως
858 1590 1346 1655 ἀπαυθαδίσαντος.
1404 1589 1463 1644 Εἰ
1512 1588 1612 1660 γαρ
1668 1584 1858 1660 δυσχε-

208 1692 292 1766 ρὶς
333 1687 495 1762 μεγαν
547 1687 691 1739 οἶκον
748 1683 942 1757 μικράν
1005 1679 1294 1754 δυστυχίαν
1350 1676 1622 1752 δέχεσθαι,
1679 1678 1856 1749 ὥσπερ

205 1762 294 1834 καὶ
331 1777 525 1851 μικρὸν
564 1772 834 1848 μεγάλην,
869 1769 995 1826 ἀλλ’
1029 1768 1118 1823 οὖν
1151 1770 1214 1824 τὸ
1245 1770 1342 1836 τήν
1382 1765 1629 1840 μεγάλην
1664 1762 1860 1818 δυστυ-

209 1867 338 1942 χίαν
396 1869 476 1936 τῷ
538 1862 774 1936 μεγίστῳ
829 1858 964 1931 ο”κῳ
1014 1858 1430 1912 ἐπειπεσοῦσαν
1484 1857 1560 1926 μὴ
1617 1853 1750 1907 κατὰ
1797 1852 1859 1905 τὸ

213 1910 334 1942 Lu'
407 1910 473 1936 ’τ
538 1910 770 1936 Γ-ἰ---τ
840 1910 958 1931 τ--τ
1018 1910 1102 1912 -ην
1145 1910 1154 1911 ί
1219 1910 1226 1911 ί
1281 1910 1288 1911 ί
1484 1910 1492 1926 ι
1550 1910 1560 1922 ι

211 1957 356 2018 εἰκὸς
422 1952 864 2025 ἐκμειλιχθεῖσαν
921 1947 1233 2024 καθυφιὶναι
1287 1953 1389 2013 τῆς
1449 1942 1708 2012 ἀπηνείας
1757 1910 1937 1996 ούκΒ

212 2045 377 2119 ὀλίγα
449 2043 678 2116 βλάψειν
737 2038 844 2096 ἂν.
923 2034 1216 2098 Οἶδίποδες
1287 2039 1453 2088 ταῦτα
1525 2033 1612 2086 καὶ
1689 2033 1858 2084 θοῖναι

214 2133 449 2189 Θυὲστου
481 2129 568 2184 καὶ
601 2129 801 2183 πλάνοι
844 2123 1138 2180 Ὀδύσσειοι
1194 2124 1652 2198 μαρτυρήσουσιν.
1705 2118 1862 2176 Οὕτω

217 2224 310 2295 μὲν
360 2222 452 2275 οὖν
502 2223 598 2272 τοῦ
651 2217 998 2290 πατριάρχου
1056 2212 1417 2285 μετελθόντος
1457 2212 1517 2264 τὸ
1565 2211 1658 2263 τού
1713 2210 1864 2282 βασι-

212 2310 353 2373 λέως
383 2307 656 2381 τόλμημα
681 2353 695 2379 ,
728 2305 863 2360 ἑκὼν
901 2305 975 2376 μὴ
1010 2301 1182 2358 Θὲλων
1220 2299 1436 2375 δίχεται
1467 2300 1567 2368 τὴν
1602 2298 1864 2369 ἐπιτίμη-

212 2514 420 2567 contra
447 2507 710 2565 vicissim
733 2505 1090 2577 allegaretur
1117 2518 1219 2574 pro
1247 2500 1327 2554 sic
1352 2497 1686 2571 agentibus,
1710 2495 1864 2566 quod

213 2601 382 2656 aliter
411 2599 504 2652 vix
549 2602 805 2669 possent.
857 2595 1293 2663 lnconsequens
1325 2588 1506 2644 videri
1545 2587 1732 2658 potuit
1768 2601 1866 2655 pa-

211 2688 560 2758 triarcham,
595 2684 1099 2742 excommunicato
1139 2677 1488 2735 nominatim
1521 2676 1870 2747 imperatore

214 2777 576 2850 permittere,
593 2772 1092 2845 quemadmodum
1113 2769 1264 2837 fecit,
1281 2767 1510 2823 clericis
1535 2769 1599 2820 ut
1620 2777 1869 2820 consue-

212 2871 302 2922 tas
331 2870 440 2938 ‘pro
490 2880 556 2920 eo
592 2879 792 2935 preces
841 2860 1034 2933 palam
1085 2859 1141 2913 in
1196 2858 1372 2912 choro
1424 2852 1873 2926 pronuntiarent

215 2957 380 3027 (nam
417 2954 525 3009 hoc
557 2957 680 3008 erat
702 2952 863 3024 ipsos
894 2966 1026 3004 eum
1047 2965 1112 3004 eo
1145 2948 1202 3001 in
1227 2945 1410 3001 sacris
1433 2941 1872 3000 communicare

213 3045 311 3116 qui
346 3061 380 3099 ιι
411 3043 826 3099 communione
850 3038 1151 3094 abscissus
1172 3035 1401 3105 fuerat),
1428 3039 1552 3087 tum
1596 3035 1874 3102 praterea

216 3132 615 3205 patriarcham
664 3131 863 3202 ipsum
917 3143 1019 3200 per
1049 3143 1111 3182 se
1160 3125 1385 3197 operari
1422 3122 1502 3177 rei
1549 3122 1778 3186 divine,
1813 3118 1872 3174 in

218 3240 331 3294 qua
349 3221 577 3277 sciebat
597 3218 915 3274 honorifice
936 3214 1382 3272 memorandum
1404 3228 1534 3267 eum
1561 3225 1736 3282 quem
1762 3206 1875 3262 diri

217 3309 622 3368 anathematis
646 3308 896 3363 vinculis
924 3306 1226 3361 irretisset.
1263 3303 1475 3357 Verum
1502 3301 1571 3355 ad
1602 3299 1725 3354 haec
1755 3297 1870 3352 dici

222 3405 418 3474 potest
438 3399 644 3454 merito
659 3399 847 3452 visum
874 3396 1142 3450 sufficere
1171 3394 1379 3448 debere
1412 3392 1470 3445 in
1497 3389 1600 3444 tali
1629 3403 1878 3461 persona

227 3490 600 3546 severitatem
625 3483 1174 3550 animadversionis,
1199 3497 1329 3552 qua:
1353 3479 1573 3550 aliquid
1594 3493 1622 3533 e
1645 3491 1878 3532 summo

227 3580 425 3652 rigore
456 3578 816 3632 remitteret:
845 3572 1164 3644 periculum
1203 3569 1357 3626 enim
1388 3569 1591 3636 fuisse,
1626 3582 1696 3621 ne
1718 3564 1767 3620 si
1794 3562 1880 3618 vel

229 3664 563 3738 pauxillum
618 3661 752 3734 plus
803 3659 1138 3716 acerbitatis
1184 3657 1606 3712 admisceretur
1655 3654 1884 3725 negotio

228 3771 332 3828 per
353 3770 418 3809 se
437 3753 884 3819 edioso,cuncta
906 3749 1104 3805 statim
1123 3747 1353 3802 modico
1379 3749 1674 3800 momento
1689 3743 1746 3798 in
1766 3759 1888 3816 per-

232 3844 449 3899 niciem
471 3841 829 3914 precipitata
849 3838 1368 3901 confunderentur,
1390 3832 1888 3906 quemadmodum

231 3936 289 3989 in
354 3929 745 4005 Empedocleo
777 3927 1158 4001 contingebat
1215 3925 1406 3997 globo,
1468 3940 1643 3997 quem
1703 3923 1890 3978 ventis

236 4023 590 4094 compressis
622 4025 679 4076 et
719 4018 926 4091 sepitis
961 4017 1166 4072 {cetum
1200 4015 1249 4070 si
1281 4016 1416 4086 quis
1464 4013 1896 4084 imprudentius

237 4113 656 4176 contrectaret,
689 4125 756 4165 ex
782 4124 848 4164 eo
875 4110 1114 4179 repente
1147 4103 1407 4178 procella
1431 4103 1720 4159 immanes
1751 4118 1898 4158 cun-

238 4206 333 4258 cta
367 4200 483 4256 late
513 4202 979 4270 conquassantes
1009 4195 1418 4267 erumpebant.
1453 4193 1598 4248 Nam
1631 4209 1747 4263 quo
1782 4209 1896 4248 non

237 4295 366 4346 erat
386 4287 708 4344 verisimile
731 4287 964 4359 prodire
986 4283 1378 4341 immanitatis
1403 4299 1572 4354 posse
1594 4282 1897 4337 efferatum

239 4379 423 4438 nimis
455 4377 575 4434 aeri
608 4373 983 4440 contumelia,
1017 4371 1359 4429 irritabilem
1395 4370 1640 4442 alioqui,
1673 4371 1744 4425 ad
1778 4370 1899 4425 hinc

239 4484 491 4524 summa
526 4465 836 4538 potestatis
875 4462 987 4518 sibi
1020 4463 1320 4518 conscium
1369 4459 1740 4530 imperatoris
1771 4458 1900 4514 ani-

242 4574 434 4625 mum,
463 4555 557 4612 cui
591 4553 840 4610 tenendo
872 4553 1012 4607 dum
1036 4549 1364 4607 vehementi
1389 4550 1709 4620 cupiditate
1735 4564 1899 4620 rape-

1952 613 2249 688 ἡσύχαζεν,
2303 611 2428 668 οὔτε
2483 613 2832 688 μεμφόμενος
2879 613 2962 686 (ού
3019 615 3117 688 γάρ
3169 616 3218 669 οἱ
3267 617 3456 686 ἀξιον),
3505 621 3593 671 καὶ

1953 703 2017 756 τά
2071 707 2167 766 τῆς
2229 705 2471 777 πράξεως
2529 704 2600 763 ὡς
2663 703 2806 776 εἶχεν
2876 702 3216 777 ἀπελογεῖτο.
3295 707 3484 778 Ὀμως
3543 708 3592 761 ἐν

1954 791 2210 868 ἀφύκτοις
2264 791 2367 845 οὐκ
2421 793 2625 866 ἀγνοῶν
2705 793 3076 866 κατεχόμενος
3148 792 3326 866 ἠρέμα
3391 793 3600 872 διὲσρερε

1955 882 2052 948 τὴν
2101 881 2290 954 ὀργὴν,
2352 880 2438 933 καὶ
2499 882 2682 952 καιρὸν
2743 880 3027 952 μετανοίας
3083 881 3257 952 ἐζήτει
3319 882 3474 958 ὲρίβ
3507 887 3603 952 τὴν

1960 970 2309 1043 συγχώρησιν
2371 967 2613 1041 δέξασθαι
2652 1014 2662 1024 .
2734 969 2965 1038 Ἠλπιζε
3033 972 3134 1045 γὰρ
3187 972 3258 1031 ὡς
3311 971 3354 1026 εί
3407 975 3600 1046 μικρὸν

1958 1059 2262 1132 ἡσυχάσας,
2297 1059 2405 1112 εἶτα
2439 1062 2774 1133 μεταγνῶναι
2825 1056 2978 1129 δόξας
3034 1061 3132 1127 τήν
3193 1060 3345 1115 λύσιν
3381 1063 3599 1133 ζητοίη,

1957 1145 2144 1218 ἕψεταί
2176 1148 2226 1200 οἱ
2259 1148 2562 1222 παραυτίκα
2592 1147 2678 1201 καὶ
2712 1150 2744 1215 ἡ
2781 1149 3154 1223 συγχώρησις.

1964 1273 2029 1308 ιε.
2064 1254 2250 1314 Ὀπως
2285 1249 2373 1306 διὰ
2401 1257 2504 1327 τῶν
2556 1256 2825 1324 τριήρεων
2874 1251 3241 1327 ἡνδραγάθουν
3279 1258 3304 1311 ὁ
3335 1262 3430 1311 τοῦ
3481 1256 3603 1312 στό·

2403 1324 2502 1378 λου
2534 1333 2630 1393 τῆς
2663 1324 3153 1397 Ῥωμαὶδοςλαός.

2036 1412 2096 1484 [Ρ
2134 1413 2253 1481 136]
2287 1410 2506 1481 Ἀμέλει
2555 1432 2637 1465 τοι
2687 1418 2774 1464 καί
2825 1416 3014 1486 μικρὸν
3041 1413 3282 1488 ἐπισχὼν
3331 1415 3395 1468 τὰ
3440 1417 3604 1469 αύτοῦ

1964 1495 2239 1572 ἔπραττεν.
2290 1504 2343 1551 '0
2375 1497 2541 1554 δὀὗν
2605 1502 2700 1568 σὴς
2752 1506 2847 1555 τοῦ
2907 1499 3208 1564 συνειδότος
3272 1504 3344 1565 ὡς
3409 1502 3595 1558 όστὲον

1965 1591 2064 1656 τήν
2111 1585 2332 1662 καρδίαν
2368 1583 2642 1657 εϐόσκετο,
2688 1591 2775 1642 καὶ
2821 1592 3071 1653 ταπεινὸς
3130 1590 3326 1661 ἐδόκει,
3380 1591 3476 1646 κᾶν
3523 1593 3603 1664 τῷ

1967 1672 2185 1750 σοϐαρῷ
2242 1684 2340 1745 τῆς
2402 1676 2678 1750 βασιλείας
2737 1677 2976 1751 ατ’ρεσθαι
3037 1679 3375 1754 προύνοεῖτο,
3425 1680 3502 1758 ἐφ’
3563 1687 3608 1754 ᾦ

1973 1767 2046 1838 μὴ
2092 1765 2600 1842 καταφρονούμενος
2653 1767 2740 1820 καὶ
2771 1772 2875 1820 τῶν
2935 1767 3237 1842 ἀναγκαίων
3294 1771 3606 1844 ἀποτυγχά-

1967 1876 2066 1909 νοι.
2101 1856 2175 1910 Τὸ
2232 1859 2359 1928 γοῦν
2419 1855 2668 1910 ναυτικὸν
2731 1855 2905 1924 ἔπλει,
2967 1859 3165 1918 καὶ,αἱ
3196 1861 3439 1933 τριήρεις
3494 1867 3612 1924 ταῖς

1971 1945 2162 2012 vigui;
2210 1944 2605 2019 προσίσχουσαι
2666 1946 2767 1999 οὐκ
2806 1945 2996 2021 ὀλίγας
3045 1945 3261 2000 ἐκείνων
3294 1949 3484 2023 ᾕρουν,
3518 1949 3607 2004 καὶ

1972 2035 2276 2106 παραυτίκα
2335 2035 2388 2086 αἱ
2444 2033 2671 2087 ἁλοῦσαι
2732 2040 2991 2110 φρουροῖς
3050 2036 3414 2112 ἠσφαλίζοντο
3450 2083 3462 2107 ,
3523 2039 3610 2093 καὶ

1976 2119 2267 2192 Ῥωμαίοις
2348 2125 2726 2194 προσεκτῶντο
2795 2123 2846 2175 αἱ
2902 2122 3148 2186 Λατίνοις
3235 2121 3610 2182 δουλεύουσαι.

1974 2209 2059 2278 Ἐξ
2114 2207 2187 2261 ὧν
2245 2207 2578 2280 ἁλισκομένη
2642 2211 2735 2282 μὲν
2791 2207 3022 2284 ἔγνωστο
3074 2215 3260 2283 Νάξος,
3313 2215 3612 2288 αἱρουμένη

1976 2295 2032 2351 δὲ
2080 2298 2256 2371 Πάρος
2309 2299 2559 2371 ἠκούετο,
2619 2302 2704 2354 καί
2756 2300 2906 2362 Κὲως
2963 2301 3051 2354 καὶ
3113 2302 3384 2377 Κάρυστος
3445 2305 3616 2378 Ὠρεῷ

1979 2495 2089 2550 bus
2121 2496 2508 2566 prmcipitatos
2540 2498 2774 2569 injuriis
2823 2504 2938 2554 tota
2971 2501 3236 2572 queritur
3277 2503 3619 2574 antiquitas,

1979 2588 2467 2656 responsantibus
2486 2585 2776 2658 hodieque
2798 2590 3034 2659 tragicis
3057 2591 3269 2646 scenis.
3298 2594 3496 2662 Itaque
3522 2610 3622 2664 pa-

1978 2673 2242 2730 triarchae
2277 2692 2430 2731 nunc
2464 2692 2697 2748 quoque
2731 2677 2899 2733 istius
2935 2695 3052 2732 suae
3089 2681 3508 2736 moderationis
3533 2682 3625 2738 hic

1981 2764 2204 2820 fructus
2235 2764 2516 2832 constitit,
2553 2771 2616 2820 ut
2664 2765 2983 2838 imperator
3014 2784 3187 2823 suum
3222 2769 3449 2825 facinus
3483 2789 3626 2826 ana-

1981 2853 2237 2909 themate
2267 2853 2393 2910 diro
2415 2853 2770 2910 vindicatum
2798 2860 2898 2910 aut
2927 2855 3128 2912 tulerit
3152 2862 3250 2913 aut
3276 2858 3422 2914 ferre
3443 2860 3625 2914 simu-

1981 2941 2185 2998 laverit
2208 2944 2516 3014 patienter,
2536 2960 2602 2998 ac
2627 2945 2825 3000 volens
2852 2944 3056 3002 nolens
3082 2947 3379 3004 submissa
3397 2949 3624 3004 ferienti

1983 3034 2224 3102 cervice,
2257 3033 2404 3087 dans
2429 3033 2616 3088 locum
2643 3034 2817 3104 justas
2843 3035 2962 3104 iraa,
2993 3035 3299 3107 quieverit,
3327 3054 3439 3093 non
3468 3055 3630 3093 mur-

1986 3137 2227 3177 murans
2260 3121 2329 3177 de
2361 3139 2554 3194 pcens,
2587 3124 2688 3178 sed
2713 3123 2930 3179 factum
2964 3130 3023 3179 ut
3060 3129 3283 3197 poterat
3304 3143 3588 3182 excusans
3616 3144 3628 3182 :

1984 3226 2116 3266 cum
2153 3211 2309 3266 enim
2344 3227 2457 3266 non
2483 3212 2776 3283 ignoraret
2799 3213 2932 3268 talis
2964 3230 3024 3268 se
3047 3222 3408 3286 compertum
3435 3217 3631 3271 crimi-

1904 3270 1946 3336 δ
1990 3299 2079 3355 nis
2103 3301 2252 3370 quod
2283 3299 2442 3355 nulla
2465 3270 2608 3356 satis
2624 3305 2821 3372 posset
2839 3270 3354 3370 defensionellilui,
3389 3305 3631 3374 siquam

1984 3389 2148 3444 intus
2180 3389 2238 3443 in
2273 3390 2472 3444 animo
2523 3391 2803 3446 adversus
2833 3390 3212 3447 ulciscentem
3243 3393 3389 3448 iram
3426 3411 3636 3450 conce-

1987 3478 2094 3549 pit,
2128 3478 2373 3550 prodere
2404 3477 2606 3534 saltem
2659 3480 2908 3551 distulit,
2943 3480 3001 3536 in
3037 3498 3290 3553 praesens
3323 3489 3634 3540 contentus

1985 3565 2103 3620 leni
2128 3566 2706 3638 responso,-spatium
2723 3567 2790 3622 ad
2817 3569 3211 3639 pcenitentiam
3240 3587 3492 3642 poscere,
3519 3589 3636 3643 qua

1992 3654 2312 3726 promereri
2344 3655 2572 3710 veniam
2605 3661 2823 3728 posset,
2858 3657 2939 3712 sic
2971 3674 3167 3714 aecum
3202 3661 3493 3716 subducta
3517 3662 3639 3732 spei

1993 3759 2060 3799 ac
2101 3744 2394 3800 rationum
2428 3761 2683 3815 summa,
2719 3751 2851 3818 post
2881 3747 3111 3804 brevem
3137 3748 3395 3805 obnoxiae
3427 3751 3642 3822 quietis

1997 3850 2238 3900 moram,
2276 3834 2324 3890 si
2374 3833 2532 3890 velut
2552 3837 2678 3905 jam
2712 3836 2865 3891 datis
2897 3838 3042 3892 satis
3093 3837 3423 3895 illustribus
3457 3842 3644 3912 pmni-

1997 3924 2192 3979 tentias
2236 3940 2354 3980 sua
2400 3923 2582 3995 signis
2657 3926 3188 3983 reconciliationem
3241 3935 3482 4001 peteret,
3533 3931 3652 3985 voti

2000 4011 2198 4068 statim
2227 4029 2288 4068 se
2310 4018 2641 4084 compotem
2671 4014 2959 4082 futurum,
3008 4017 3226 4088 quippe
3255 4034 3385 4074 mox
3417 4020 3486 4073 ab
3513 4035 3652 4075 exo-

2001 4101 2145 4201 ratis
2165 4102 2518 4175 prasidibus
2538 4119 2839 4160 sacrorum
2859 4103 3106 4162 libenter
3129 4107 3650 4181 redintegrandum

2002 4192 2059 4247 in
2093 4198 2314 4248 statum
2349 4192 2688 4264 pristinum.

2042 4301 2126 4358 15.
2161 4300 2222 4358 Ut
2250 4300 2479 4356 navales
2509 4302 2881 4358 Romanorum
2927 4302 3102 4373 copia
3131 4305 3451 4361 triremibus
3484 4306 3620 4363 bene

2607 4388 2722 4428 rem
2757 4375 3046 4444 gesserint.

2079 4462 2193 4516 lloc
2228 4461 2473 4518 consilio
2505 4476 2565 4516 se
2597 4461 2791 4533 ipsum
2825 4462 3102 4519 cohibens
3133 4464 3480 4536 aliquandiu
3517 4485 3658 4524 suas

2007 4552 2118 4608 sibi
2154 4552 2422 4624 privatim
2456 4567 2548 4607 res
2580 4552 2810 4621 habuit,
2836 4551 2977 4608 lucti
3010 4554 3351 4627 indulgens,
3383 4572 3518 4614 vero
3553 4559 3663 4613 for-

239 4651 425 4709 retur,
475 4641 750 4697 infirmos
797 4655 926 4695 esse
977 4638 1338 4694 verecundia:
1398 4635 1692 4692 cancellos
1720 4643 1897 4705 atque
1928 4630 1977 4696 D
2010 4651 2161 4698 taase
2193 4640 2412 4708 dolore,
2447 4657 2619 4713 quem
2653 4641 2854 4713 utique
2884 4645 3098 4698 vermis
3142 4647 3543 4715 conscientias,
3577 4655 3662 4702 te-

241 4732 420 4790 ofﬁcii
456 4732 601 4787 satis
651 4735 772 4785 erat
811 4728 1173 4801 experientia
1220 4733 1611 4798 compertum.
1665 4728 1816 4782 Sans
1849 4727 1898 4782 si

242 4839 358 4878 non
395 4821 512 4876 fere
547 4819 868 4890 patientius
901 4819 1114 4873 domus
1141 4833 1355 4889 magna
1385 4833 1631 4889 parvum
1660 4816 1901 4872 infortu-

244 4911 408 4966 nium
447 4925 623 4981 quam
658 4909 870 4963 domus
905 4924 1079 4979 parva
1129 4906 1354 4961 cladem
1392 4908 1706 4962 maximam
1748 4906 1904 4962 204

242 4998 477 5068 tolerat,
511 4996 647 5068 quis
677 5000 846 5068 neget
878 4995 1196 5068 prudenter
1214 4995 1428 5050 factum
1463 4999 1526 5050 ut
1549 4994 1617 5049 de
1649 4993 1904 5050 maxima

242 5091 302 5146 in
330 5087 614 5144 familiam
639 5084 1048 5158 potentissime
1071 5091 1412 5157 regnantem
1439 5084 1768 5140 necessario
1793 5085 1904 5138 im-

245 5178 540 5237 mittenda
561 5175 918 5241 calamitate,
939 5180 1224 5246 quantum
1254 5179 1472 5247 posset,
1499 5174 1906 5230 detraheretur

245 5275 302 5326 et
323 5264 1418 5340 adjungerenturdelinimentaquibus
1434 5265 1734 5319 amarities
1760 5269 1904 5319 tem-

248 5362 575 5432 peraretur,
594 5371 666 5411 ne
683 5353 1110 5424 stimulisjusto
1129 5352 1488 5409 acutioribus
1508 5353 1594 5408 ira
1617 5355 1909 5409 concitata

246 5449 562 5505 efferretur
593 5446 652 5502 in
684 5444 1058 5515 desperatum
1092 5443 1382 5514 impetum
1405 5441 1676 5498 universa
1708 5459 1905 5498 secum

247 5552 495 5610 pessum
531 5535 588 5589 in
615 5531 1143 5589 exitiumtrahendi
1167 5531 1408 5588 ?Testes
1439 5533 1617 5604 hujus
1633 5533 1710 5588 rei
1737 5533 1908 5590 (Edi-

250 5628 460 5700 podes,
495 5640 674 5682 ccsnaa
705 5620 978 5696 Thyestis
1028 5627 1085 5678 et
1116 5620 1340 5694 Ulyssei
1369 5637 1619 5693 errores,
1653 5629 1912 5681 extrema

254 5716 460 5780 omnia
488 5713 760 5784 consilia,
793 5714 850 5769 in
887 5729 1014 5785 quas
1045 5712 1274 5784 priscos
1306 5711 1515 5770 heroas
1546 5713 1727 5771 nimis
1758 5715 1909 5771 aeri-

2009 4729 2228 4786 redinis
2262 4729 2449 4786 instar
2478 4746 2613 4786 ossa
2654 4729 2862 4786 intime
2894 4733 3174 4800 rodentis,
3209 4749 3309 4790 cor
3341 4735 3664 4806 depascens

2010 4820 2208 4876 animo
2223 4819 2460 4892 penitus
2487 4818 2772 4887 inﬁgeret.
2799 4820 2936 4876 lnde
2951 4819 3155 4877 habitu
3188 4823 3345 4879 tristi
3373 4824 3664 4880 demisso-

2013 4925 2124 4982 que
2178 4908 2505 4980 majestatis
2555 4909 2942 4981 imperatorias
2999 4911 3367 4983 deprimebat
3425 4914 3664 4984 fastum,

2012 5014 2143 5055 cum
2173 5014 2238 5054 eo
2270 5003 2468 5054 tamen
2504 5002 2569 5053 ut
2601 4997 2778 5053 simul
2811 5005 3129 5056 caveretne
3164 5003 3221 5056 in
3253 5006 3666 5075 contemptum

2015 5087 2409 5161 perniciosum
2464 5087 2641 5142 rebus
2681 5086 2805 5142 suis
2855 5089 2965 5143 ista
3021 5088 3361 5146 humilitate
3412 5093 3666 5148 caderet.

2013 5177 2148 5241 Quae
2178 5176 2356 5248 igitur
2385 5193 2534 5248 opus
2550 5181 2717 5232 erant
2739 5193 2853 5232 non
2871 5177 3152 5234 einittens
3176 5179 3265 5235 vel
3286 5181 3388 5236 tali
3406 5185 3670 5253 tempore

2015 5281 2244 5335 curare,
2269 5265 2455 5336 jussit
2487 5266 2720 5337 prodire
2752 5267 2988 5326 navales
3021 5267 3255 5340 cepias;
3289 5275 3346 5325 et
3377 5270 3525 5328 205
3564 5273 3670 5325 tri-

2016 5371 2206 5412 remes
2230 5355 2299 5410 ad
2331 5353 2557 5410 insulas
2575 5354 2832 5427 appulsae
2849 5372 2962 5411 non
2991 5372 3206 5428 paucas
3221 5375 3423 5415 earum
3449 5360 3672 5416 Latinis

2017 5448 2187 5500 antea
2205 5443 2470 5500 subditas
2493 5452 2933 5516 recuperarunt,
2959 5451 3278 5518 captasque
3298 5449 3499 5504 statim
3529 5466 3671 5520 prae-

2019 5536 2186 5593 sidiis
2217 5535 2510 5607 impositis
2536 5535 2594 5590 in
2630 5535 3033 5594 Romanorum
3069 5540 3438 5610 possessione
3473 5541 3672 5596 firma-

2021 5630 2178 5682 runt.
2214 5625 2431 5681 Horum
2470 5625 2656 5681 nuntii
2691 5642 3031 5684 successum
3067 5627 3163 5684 alii
3193 5646 3372 5702 super
3401 5630 3547 5686 alios
3580 5631 3676 5686 ad-

2017 5715 2284 5774 volantes
2334 5715 2545 5773 merita
2593 5715 2988 5788 gratulatione
3038 5719 3503 5792 excipiebantur,
3538 5721 3679 5779 dum
