4188 6442
670 413 775 467 647

1966 397 2272 458 GEORGII
2306 392 2777 458 ΡΛσΒΥΗΕΒΒ

3959 411 4069 467 648

668 537 805 591 κατὰ
834 532 1053 608 καιροὺς
1084 530 1254 590 ἰδίους
1312 520 1801 610 συνελαμϐάνοντο,
1833 524 1921 578 καὶ
1971 522 2063 578 σὺν
2112 521 2309 589 ἄλλοις
2336 529 2390 594 Α
2422 523 2557 597 εἶχε.
2592 526 2667 582 Τὸ
2699 524 2757 582 δὲ
2785 549 2846 602 γε
2872 530 3123 585 ναυτικὸν
3152 527 3304 589 ἔπλει
3355 534 3405 605 ἐξ
3453 535 3591 610 ἦρος
3629 534 3683 597 ις
3710 540 4073 609 »Δρποῦρυὴ

671 622 810 698 ἄκρα
866 621 1293 688 Πελοποννήσου
1342 616 1481 692 ἀμφὶ
1534 608 1913 685 Μονεμόασίαν
1947 611 2039 667 σὺν
2094 613 2314 688 Σπάρτῃ

671 715 759 769 καὶ
794 708 1152 782 Λακεδαίμονι
1187 706 1289 761 ὑπὸ
1318 702 1610 777 Ῥωμαίοις
1644 701 1910 775 ἐγένοντο.

673 822 757 884 ις’.
790 821 980 878 ’Ὀπως
1014 817 1063 870 οἱ
1090 812 1322 888 ,ἀδελφοί
1354 814 1450 888 ¹[τοῦ
1486 808 1749 888 βασιλέως
1799 810 1891 869 τὰς
1937 812 2043 862 τῶν
2079 805 2309 863 δυτικῶν

1086 879 1523 959 ἐνεχειρίσθησαν
1558 879 1876 951 διοικήσεις.

736 986 813 1052 [Ρ.
854 979 973 1050 13Ἱ]
1005 977 1144 1033 Τότε
1171 974 1345 1029 τοίνυν
1400 977 1517 1033 τοῖς
1566 969 1830 1045 ἀδελφοῖς
1881 969 2190 1045 ἐγχειρίσας
2244 970 2310 1024 τὰ

660 1067 868 1138 δυτικά,
900 1071 979 1137 τῷ
1015 1065 1108 1137 μὲν
1143 1060 1374 1134 δεσπότῃ
1406 1060 1625 1133 Ἰωάννῃ
1672 1060 1768 1119 τὰς
1818 1058 2146 1119 ἀνατολικὰς
2202 1079 2307 1112 πα-

661 1156 855 1231 ραδοὺς
915 1153 1166 1225 δυνάμεις
1228 1152 1439 1221 σύναμα
1496 1154 1576 1219 τῷ
1630 1149 1881 1219 Σκυθικῷ
1923 1150 1987 1201 τὰ
2014 1148 2149 1202 κατᾶ
2202 1154 2303 1221 γῆν

655 1246 981 1322 προσέταττε
1017 1242 1272 1313 μετιέναι,
1306 1240 1396 1293 καὶ
1444 1239 1509 1293 τὰ
1558 1242 1663 1291 τῶν
1698 1235 1987 1312 Ἰλλυριῶν
2052 1236 2301 1309 μεθέπειν

654 1338 744 1391 καὶ
777 1330 1131 1409 Τριϐαλλῶν,
1165 1329 1344 1383 καὶτὰ
1373 1332 1468 1382 τοῦ
1510 1330 1745 1397 Πηνειοῦ
1797 1324 1986 1401 πὲραν,
2016 1328 2117 1395 τὴν
2151 1324 2302 1388 ῗδίως

652 1423 892 1480 Ἑλλάδα
943 1419 1277 1495 λεγομένην,
1325 1418 1697 1489 κατατρέχειν,
1747 1420 1825 1485 τῷ
1898 1413 2130 1489 δεσπότῃ
2193 1420 2297 1470 Μι-

651 1512 803 1589 χαὴλ
839 1511 1189 1581 πολεμοῦντα
1223 1528 1234 1538 ·
1273 1506 1396 1559 οὐδὲ
1426 1506 1528 1579 γὰρ
1568 1506 1634 1573 ἦν
1686 1504 1831 1575 αὐτῷ
1876 1504 2297 1581 προφασίζεσθαι

650 1605 735 1657 ὅτι
792 1598 891 1671 ἔξω
922 1622 1025 1653 που
1077 1605 1176 1666 τῆς
1228 1593 1488 1671 πατρίδος
1522 1591 1676 1655 ὄντος
1734 1597 1829 1647 τοῦ
1888 1592 2156 1667 βασιλέως
2212 1590 2298 1647 δι-

646 1691 844 1746 καιοῖτ⁹
892 1688 950 1743 ἂν
1010 1688 1257 1747 κάκεῖνος
1314 1684 1382 1739 τὰ
1441 1683 1579 1755 μέρη
1641 1684 1911 1757 κατέχειν.
1965 1683 2069 1737 Τὸν
2124 1679 2179 1735 δὲ
2238 1702 2297 1754 γε

646 1776 1113 1850 σεϐαστοκράτορα
1172 1778 1535 1831 Κωνταντῖνον
1606 1772 1791 1825 ναυσὶν
1849 1765 2148 1842 ἐμϐιϐάσας
2206 1769 2291 1824 ἐπὶ

2422 614 2518 667 κάν
2554 614 2791 676 πολλοῖς
2821 617 3092 692 εὐστόχει.
3125 623 3257 696 Ἦγε
3308 620 3364 677 δὲ
3410 628 3571 679 τοῦτο
3604 626 3632 679 6
3665 624 4069 699 Φιλανθρωπη-

2418 700 2507 763 νὸς
2567 704 2595 757 6
2651 708 3087 780 πρωτοστράτωρ
3138 709 3405 783 ’Δλὲξιος,
3466 714 3603 789 ἀνὴρ
3672 716 3901 788 γεραρὸς
3975 712 4063 767 καὶ

2417 797 2683 863 γενναῖος,
2716 796 2863 867 παρὰ
2916 802 3171 852 τοσοῦτον
3232 800 3547 875 εἰργόμενος
3593 807 3674 873 τῷ
3735 798 4066 877 μεγαλοδου-

2416 879 2565 951 κάτῳ
2594 882 2945 953 σεμνύνεσθαι
2996 887 3261 959 ἀξιώματι
3314 892 3441 963 παρ’
3472 890 3600 946 ὅσον
3630 891 3693 958 ἦν
3741 889 3915 952 ἄλλος
3972 889 4058 947 ὂπῖ

2415 973 2513 1022 τοῦ
2545 969 2875 1042 ἀξιώματος,
2905 975 2933 1028 6
2962 975 3058 1028 τοῦ
3088 976 3325 1032 παλαιοῦ
3364 978 3603 1054 Λάσκαρι
3645 984 3742 1035 τοῦ
3794 978 4065 1055 βασιλέως

2415 1057 2773 1137 αὐτάδελφος,
2832 1059 3029 1137 ἔξωρος
3086 1064 3196 1137 ἤδη
3255 1068 3346 1122 καὶ
3395 1066 3737 1142 παρηϐηκὼς
3800 1070 3887 1125 ἰπὶ
3960 1077 4064 1139 τῆς

2417 1150 2826 1205 Κωνσταντίνου
2874 1154 3206 1227 καθήμενος,
3262 1158 3490 1232 βουλαῖς
3536 1160 3655 1223 καθ’
3698 1160 3934 1235 ὴσυχίαν
3985 1163 4067 1230 τῷ

2418 1236 2633 1310 βασιλεῖ
2660 1243 2757 1303 τῆς
2789 1244 2897 1295 τῶν
2929 1248 3126 1297 κοινῶν
3174 1244 3464 1321 φροντίδος
3523 1249 3600 1310 ὡς
3643 1246 3757 1303 ἐνὸν
3806 1247 4063 1321 συναιρό-

2416 1345 2598 1395 μενος,
2632 1328 2660 1380 6
2709 1330 2893 1399 μέντοι
2944 1351 3008 1404 γε
3065 1330 3529 1407 Φιλανθρωπὴνὸς
3580 1336 3923 1412 ἀγχιστεύων
3981 1337 4064 1407 τῷ

2415 1414 2632 1487 βασιΑεῖ
2664 1436 2678 1449 ·
2710 1418 2802 1471 τὸν
2860 1419 2963 1493 γὰρ
3021 1420 3238 1493 ἀνεψιὸν
3298 1422 3503 1479 ἐκείνου
3558 1425 3651 1479 τὸν
3706 1432 3809 1495 τῆς
3839 1426 4064 1498 Μάρθας

2409 1504 2525 1556 υἱὸν
2587 1505 2817 1579 Μιχαὴλ
2876 1505 3123 1584 γαμϐρὸν
3184 1513 3327 1587 εἶχεν
3385 1512 3471 1567 ἐπὶ
3534 1515 3779 1588 θυγατρί.
3812 1516 3871 1567 Ὀ
3927 1520 4059 1589 γοῦν

2406 1591 2653 1655 τοιοῦτος
2685 1600 2909 1670 κατεῖχε
2937 1599 2999 1651 τὸ
3056 1598 3323 1673 πλόϊμον,
3354 1603 3443 1656 καὶ
3493 1605 3631 1675 ¹ἦρος
3672 1602 4062 1675 ἐξαρτυόμενος

2409 1681 2602 1736 στόλον
2661 1683 2950 1753 ἀπέπλεεν,
2992 1687 3145 1759 ὅμως
3205 1688 3253 1743 δ’
3303 1690 3582 1764 ἐσύστερον
3642 1694 3901 1755 θανόντος
3960 1696 4061 1746 τοῦ

2405 1771 2644 1843 Λάσκαρι
2702 1774 2802 1841 τὴν
2861 1779 2957 1828 τοῦ
3012 1777 3253 1852 μεγάλου
3304 1776 3495 1841 δουκὸς
3526 1779 3673 1849 ἀξίαν
3704 1780 3850 1854 παρὰ
3898 1781 4063 1854 βασι-

642 1864 1030 1939 Μονεμϐασίας
1087 1864 1373 1934 ἐκπέμπει,
1422 1859 1709 1951 παραδοὺς,
1754 1859 2003 1951 κάκείνῳ-
2050 1858 2174 1951 ὅσον
2225 1859 2291 1925 ἦν
2328 1886 2373 1951 Β
2407 1857 2546 1921 λέως
2581 1858 2949 1951 εἶςμάμοιϐὴν
2986 1869 3100 1919 τῶν
3149 1866 3334 1921 κόπων
3394 1864 3721 1941 ἐλάμϐανεν,
3754 1869 3830 1930 ὡς
3885 1869 4061 1945 ῥηθῇ-

640 1956 700 2012 ἐκ
756 1954 1085 2031 Μαγεδῶνος
1143 1952 1456 2023 Ῥωμαίων,
1516 1950 1604 2003 καὶ
1663 1949 1724 2003 τὸ
1784 1948 2045 2023 Περσικὸν
2104 1948 2240 2001 ἅπαν
2276 1966 2291 1979 °

637 2048 701 2101 τὸ
756 2048 854 2119 γὰρ
886 2044 1155 2101 Ἰταλικὸν
1209 2043 1285 2113 μὴ
1336 2040 1577 2113 ἁρμόζον
1621 2038 1761 2110 πρὸς
1797 2037 1983 2109 μάχην
2018 2034 2292 2104 Ἰταλικὴν

638 2139 665 2191 ὁ
725 2134 991 2203 δεσπότης
1053 2129 1461 2205 συνεπεφὲρετο.
1522 2134 1767 2195 Συνῆσαν
1826 2124 1882 2179 δὲ
1929 2130 2006 2197 τῷ
2060 2125 2152 2198 μὶν
2206 2123 2291 2179 δε-

640 2228 811 2297 σπότῃ
860 2221 1064 2278 πολλοὶ
1115 2222 1209 2293 μὲν
1258 2220 1347 2273 καὶ
1396 2216 1561 2272 ἄλλοι
1610 2220 1718 2270 τῶν
1753 2215 2085 2289 μεγιστάνων
2140 2214 2231 2269 καὶ
2262 2215 2289 2269 6

634 2313 1079 2383 Καντακουζηνὸς
1126 2310 1359 2383 Μιχαὴλ
1410 2308 1438 2361 6
1485 2306 1577 2360 καὶ
1626 2306 1790 2379 μέγας
1843 2303 1896 2358 ἓν
1944 2301 2153 2380 ὑστέρῳ
2190 2324 2288 2357 κο-

632 2402 954 2472 νοσταῦλος,
1016 2400 1068 2455 οἱ
1130 2398 1342 2471 ἀνεψιοὶ
1425 2395 1633 2450 ἐκείνου
1701 2395 2139 2468 Ταρχανειῶται,
2194 2391 2287 2448 καὶ

633 2490 798 2547 ἄλλοι
832 2490 1026 2566 συχνοὶ
1057 2488 1117 2544 ἐκ
1144 2495 1245 2557 τῆς
1280 2484 1481 2545 δόσεως
1536 2487 1618 2555 τῷ
1679 2482 1897 2557 βασιλεῖ
1947 2484 2287 2557 προσχωρήο

635 2602 843 2652 σαντες,
873 2584 951 2651 τῷ
997 2576 1053 2633 δὲ
1108 2598 1168 2653 γε
1221 2570 1679 2648 σεϐαστοκράτορι
1724 2570 1888 2627 ἄλλοι
1918 2591 1977 2625 τε
2033 2571 2284 2626 πλεῖστοι

630 2671 720 2725 καὶ
754 2672 781 2725 6
817 2670 984 2743 μέγας
1036 2664 1360 2739 δομὲστικος
1408 2664 1436 2717 6
1479 2660 1660 2731 ψιλῆς
1689 2658 1963 2731 ’Δλὲξιος,
1994 2659 2086 2714 σὺν
2140 2661 2287 2733 αὐτῷ

628 2756 685 2813 δὶ
742 2759 831 2813 καὶ
886 2759 913 2812 6
974 2755 1288 2826 Maxpmoc,
1322 2754 1378 2807 ὃν
1440 2750 1939 2826 παρακοιμώμενον
1991 2749 2019 2803 ό
2068 2754 2281 2826 κρατῶν

626 2962 908 3018 referrent
938 2959 1111 3015 modo
1141 2957 1367 3012 Naxum
1402 2961 1769 3027 occupatam,
1802 2952 1951 3009 alias
1981 2967 2278 3024 expugna-

626 3056 747 3107 tam
787 3051 992 3113 Paron,
1042 3050 1189 3102 Ceon
1226 3063 1291 3101 ac
1320 3044 1629 3116 Carystum
1685 3058 1923 3115 quoque
1952 3057 2083 3097 cum
2132 3040 2278 3097 Oreo

628 3138 878 3196 subinde
928 3141 1145 3206 capta;
1198 3138 1252 3191 et
1296 3138 1359 3189 ut
1406 3136 1615 3209 caetera
1663 3131 2281 3199 omittam,-montana

630 3226 1010 3298 Peloponnesi
1058 3226 1211 3280 circa
1264 3222 1725 3278 Manembasiam
1776 3236 1911 3275 cum
1958 3222 2170 3290 Sparta
2221 3221 2279 3273 et

628 3317 1042 3373 Laoedemone
1064 3311 1346 3369 Romanis
1371 3325 1435 3366 ea
1452 3309 1817 3382 expeditione
1832 3309 2098 3380 subjecta
2119 3311 2277 3363 sunt.

660 3486 749 3541 46.
815 3485 878 3542 Ut
923 3483 1202 3553 fratribus
1258 3477 1613 3553 imperatoris
1649 3476 1918 3553 Occiduis
1940 3476 2246 3550 provinciae

1161 3550 1471 3608 commissa
1506 3551 1739 3619 fuerint.

2304 3592 2348 3662 C

691 3688 870 3739 Porro
918 3684 1061 3735 tunc
1109 3678 1433 3750 imperator
1477 3675 1603 3730 suis
1654 3674 1936 3729 fratribus
1985 3672 2272 3729 Occiduas

624 3770 958 3847 provincias
988 3765 1438 3825 commendavit.
1473 3771 1553 3821 Ac
1576 3764 1863 3821 Joannem
1896 3762 2133 3835 quidem
2170 3761 2273 3817 do-

623 3866 858 3935 spotam
891 3856 1079 3930 copiis
1126 3853 1529 3913 Orientalibus
1560 3857 1616 3908 et
1659 3851 2004 3925 Scytharum
2036 3849 2275 3907 auxiliis

624 3952 979 4007 instructum
1014 3952 1170 4003 terra
1220 3959 1421 4016 gerere
1452 3957 1573 3999 rem
1600 3940 1784 4013 jussit
1834 3955 1937 4013 per
1961 3940 2191 4013 Illyrios
2213 3943 2275 3996 et

619 4036 933 4107 Triballos,
980 4046 1156 4107 atque
1207 4034 1360 4089 ultra
1391 4036 1644 4087 Peneum
1697 4029 1990 4102 regionem
2040 4027 2276 4101 proprie

616 4130 899 4188 Graeciam
926 4132 1189 4183 vocatam
1214 4127 1537 4191 incursare,
1569 4122 1841 4177 bellando
1863 4121 2148 4177 advenas
2164 4120 2276 4177 Mi-

613 4219 877 4279 cbaelem
910 4219 1237 4289 despotam.
1272 4214 1375 4270 Cui
1398 4215 1524 4284 jam
1556 4212 1797 4284 dempta
1825 4209 2069 4267 eratilla
2098 4224 2273 4267 excu-

613 4310 789 4373 satio,
822 4324 935 4378 qua
984 4306 1171 4378 prius,
1204 4319 1338 4359 cum
1374 4300 1705 4375 provincias
1750 4299 1885 4355 illas
1915 4303 2277 4370 repeteretur

618 4398 884 4471 excipere
918 4392 1164 4457 solebat,
1219 4408 1424 4464 parum
1474 4388 1787 4445 convenire
1832 4387 2273 4460 imperatorem,

620 4487 719 4558 qui
754 4487 900 4540 urbe
930 4500 1039 4539 sua
1065 4481 1252 4555 patria
1271 4478 1576 4552 etimperii
1602 4478 1795 4549 capite
1810 4481 2052 4544 careret,
2087 4492 2273 4531 mem-

621 4577 726 4633 bra
755 4575 856 4630 illa
887 4578 945 4629 et
976 4577 1171 4645 partes
1200 4571 1462 4642 ejusdem
1495 4568 1661 4639 quasi
1692 4565 1956 4639 corporis
1987 4570 2275 4621 extremas

617 4665 920 4737 requirere
950 4678 1015 4717 ac
1048 4660 1218 4734 longe
1258 4659 1553 4732 persequi.
1592 4658 2130 4713 Scbastocratorem
2164 4670 2272 4710 au-

619 4761 740 4811 tem
768 4751 1178 4809 Constantium
1212 4748 1553 4821 impositum
1580 4746 1829 4803 navibus
1850 4745 2133 4801 adversus
2152 4747 2269 4800 Ilo-

615 4843 978 4901 nembasiam
1014 4839 1214 4905 mittit,
1246 4840 1486 4894 tradens
1530 4836 1613 4891 illi
1647 4842 1935 4908 quantum
1978 4833 2271 4889 Romano-

615 4951 750 4990 rum
786 4932 949 5006 prius
980 4931 1039 4986 in
1089 4930 1473 5030 Magedopum
1526 4926 1763 5031 regione
1803 4923 2175 5031 militaverat,
2202 4926 2275 5031 ‘et
2304 4965 2350 5031 Β

620 5022 955 5079 universam
993 5025 1268 5093 praeterea
1297 5016 1568 5073 militiam
1602 5014 1914 5072 Persicam.
1935 5012 2078 5069 Nam
2112 5012 2276 5069 Itali-

626 5129 759 5168 cum
789 5111 1132 5173 exercitum,
1166 5109 1317 5164 haui
1352 5110 1555 5178 aptum
1587 5107 1779 5161 visum
1813 5102 1966 5159 bello
1994 5103 2277 5158 adversus

618 5203 795 5261 Italos
826 5202 1102 5275 gerendo,
1129 5200 1386 5256 Joannes
1410 5198 1656 5271 despota
1687 5210 1890 5253 secum
1929 5194 2273 5251 abduxerat.

614 5296 759 5352 Cum
788 5293 992 5349 eodem
1016 5308 1185 5362 porro
1207 5292 1453 5360 despota
1474 5288 1720 5343 comites
1741 5284 2129 5358 expeditionis
2154 5284 2271 5339 ive-

612 5389 752 5441 runt
784 5383 882 5438 alii
917 5396 1153 5455 quoque
1186 5380 1352 5435 multi
1374 5378 1747 5450 optimatum,
1770 5370 1923 5430 inter
1952 5390 2101 5446 quos
2121 5374 2270 5429 Can-

609 5477 934 5527 tacuzsnus
954 5468 1216 5534 Michael,
1251 5467 1352 5538 qui
1382 5471 1587 5539 postea
1617 5480 1870 5537 magnus
1891 5462 2271 5519 conostaulus

636 5563 743 5629 uit,
778 5560 1060 5632 illiusque
1084 5557 1376 5630 patrueles
1397 5556 1800 5612 Tarchaniote
1828 5572 1843 5622 ;
1868 5554 2114 5625 insuper
2144 5552 2269 5619 alii,

609 5652 709 5726 qui
740 5651 1077 5724 frequentes
1107 5665 1173 5705 ex
1207 5647 1480 5704 Occiduis
1513 5646 1799 5703 tractibus
1831 5644 1902 5701 ad
1934 5649 2131 5717 partes
2159 5642 2270 5699 im-

610 5740 903 5819 peratoris
934 5738 1312 5798 transierant.
1334 5736 1869 5795 Sebastocratorem
1889 5749 2024 5790 vero
2055 5748 2268 5807 seque-

2404 1968 2573 2005 σεται.
2607 1948 2764 2005 Ἀλλ’
2797 1952 2947 2006 οὗτοι
2984 1954 3077 2025 μὶν
3108 1963 3277 2031 τριχῆ
3310 1958 3683 2030 κοσμούμενοι
3730 1958 3829 2012 ἀνά
3888 1960 4060 2032 μέρος

2403 2038 2469 2089 τὰ
2522 2040 2659 2091 κατᾶ
2716 2036 2865 2093 δύσιν
2926 2048 3199 2113 μεθεῖπον.
3254 2047 3353 2100 Καὶ
3420 2047 3447 2099 6
3506 2048 3601 2119 μὲν
3654 2043 3922 2116 δεσπότης
3979 2052 4064 2118 τῷ

2403 2125 2642 2199 Μιχαὴλ
2676 2124 2911 2195 δεσπότῃ
2941 2128 3151 2206 ἐπεῖχε,
3183 2132 3271 2187 καὶ
3332 2134 3648 2189 ἀνεκαλεῖτο
3681 2137 3766 2207 [Ρ.
3796 2137 3924 2209 138]
3952 2136 4058 2203 τὴν

2401 2212 2603 2269 ἐκείνου
2660 2218 2847 2292 χώραν
2894 2220 2969 2283 ὡς
3024 2219 3193 2275 πάλαι
3241 2226 3310 2297 τῇ
3366 2223 3615 2297 βασιλείᾳ
3644 2226 4057 2299 προσήκουσαν.

2396 2304 2455 2361 Ὀ
2514 2301 2571 2358 δὲ
2622 2306 2738 2380 εἶχε
2797 2309 2896 2380 μὲν
2955 2309 3218 2384 πρότερον
3276 2314 3724 2390 προφασίζεσθαι,
3754 2313 3845 2368 καὶ
3873 2312 4056 2388 ςίπρο-

2398 2394 2653 2466 φασίζετο
2710 2396 3268 2472 πιθανολογούμενος,
3324 2402 3397 2462 ὡς
3462 2401 3561 2456 οὐκ
3624 2402 3833 2477 ἀνάγκη
3882 2403 4057 2458 αὐτοῦ

2395 2488 2491 2539 τοῦ
2544 2483 2815 2561 βασιλέως
2860 2487 2952 2542 τὸν
3004 2495 3103 2558 τῆς
3149 2488 3429 2565 βασιλείας
3479 2492 3669 2566 θρόνον
3717 2493 3771 2563 (6
3818 2490 3867 2546 δ’
3895 2494 3967 2561 ἦν
4015 2496 4053 2562 ὴ

2393 2575 2997 2648 Κωνσταντινούπολις)
3062 2581 3138 2651 μὴ
3226 2578 3558 2655 κατέχοντος
3631 2580 3791 2637 αὐτὸν
3880 2582 4058 2637 ἀπαι-

2392 2665 2601 2718 τεῖσθαι
2629 2666 2691 2718 τὸ
2717 2662 2908 2719 λεῖπον
2943 2685 2957 2700 ο
3001 2667 3300 2738 ἀπαιτητὲα
3328 2669 3431 2745 γὰρ
3482 2670 3616 2725 εἶναι
3679 2668 3892 2742 μᾶλλον
3954 2672 4057 2726 τὸν

2394 2750 2585 2825 θρόνον
2616 2752 2745 2815 τοὺς
2777 2750 3019 2818 Ἰταλοὺς
3050 2757 3085 2827 ἢ
3131 2755 3334 2812 ἐκεῖνον
3379 2758 3447 2813 τὰ
3494 2758 3633 2814 κατὰ
3668 2755 3839 2826 δόσιν,
3869 2757 4056 2821 οὕτως

2390 2953 2603 3010 bantur
2633 2971 2766 3011 cum
2792 2956 2891 3012 alii
2924 2956 3163 3029 plurimi
3195 2961 3349 3018 που
3374 2964 3495 3017 tum
3520 2977 3775 3034 magnus
3805 2960 4055 3018 domes-

2389 3042 2539 3099 ticus
2572 3043 2766 3100 Philas
2796 3045 3033 3102 Alexius
3058 3065 3073 3117 ;
3103 3065 3235 3104 cum
3269 3050 3398 3123 ipso
3436 3050 3747 3107 Maerenus
3776 3055 3834 3106 et
3863 3066 4053 3122 quem

2390 3130 2713 3204 imperator
2743 3135 3000 3191 cubiculi
3033 3138 3367 3209 piasi'ectum
3399 3139 3605 3196 habuit
3624 3138 3845 3196 Classis
3876 3139 4051 3194 navi-

2390 3220 2547 3292 gavit
2568 3239 2600 3277 a
2631 3239 2761 3279 vere
2788 3226 2856 3278 ad
2888 3227 3225 3294 Arcturum,
3258 3232 3317 3283 st
3349 3228 3537 3283 multa
3584 3245 3719 3285 cum
3760 3243 4051 3283 successu

2392 3313 2653 3367 tentavit.
2688 3312 2978 3369 Ductabat
3027 3314 3188 3370 illam
3220 3316 3459 3373 Alexius
3497 3315 4051 3389 Philantbropenus

2390 3404 2799 3471 protostrator,
2834 3401 3160 3459 honoratus
3178 3404 3265 3459 vir
3292 3409 3350 3461 et
3379 3403 4052 3477 strenuus,designatus

2382 3488 2506 3559 jam
2527 3490 2644 3545 dux
2664 3507 2935 3563 magnus,
2955 3496 3011 3547 et
3027 3492 3332 3565 dignitatis
3350 3494 3523 3549 istius
3542 3493 3716 3550 titulo
3729 3498 3911 3565 atque
3928 3509 4048 3550 usu

2388 3578 2446 3634 in
2477 3582 2706 3635 tantum
2739 3580 3068 3653 abstinens,
3103 3583 3259 3652 quod
3280 3582 3509 3639 vivebat
3537 3583 3731 3640 adhuc
3763 3582 4053 3639 aliusillo

2385 3669 2738 3741 magistratu
2770 3669 3091 3743 insignitus
3115 3674 3291 3728 frater
3312 3688 3628 3744 germanus
3648 3673 3919 3729 Lasraris
3940 3690 4050 3729 se—

2380 3757 2563 3815 nioris
2593 3759 2863 3830 Augusti,
2885 3760 3093 3816 effetus
3113 3761 3243 3832 jam
3266 3760 3430 3817 senio
3453 3766 3510 3818 et
3534 3762 3649 3818 fere
3677 3760 4053 3839 decrepitus,

2379 3856 2437 3912 in
2463 3858 2659 3929 quiete
2671 3875 2846 3931 quam
2869 3864 3009 3917 astas
3032 3868 3289 3917 extrema
3306 3861 3605 3930 poscebat,
3622 3858 3917 3917 consilliis
3933 3860 4056 3916 im-

2380 3947 2633 4019 peratori
2648 3946 2996 4021 opportunis
3010 3949 3403 4006 adcommune
3422 3949 3676 4021 regimen
3691 3964 4057 4023 cooperaus.

2378 4035 2681 4093 Afﬁnitate
2712 4054 2885 4109 porro
2932 4037 3464 4111 Pbilantbropenus
3502 4038 3847 4112 imperatori
3879 4044 4061 4096 arcta

2378 4127 2733 4198 conjunctus
2763 4131 2911 4197 erat,
2934 4122 3157 4199 quippe
3185 4128 3287 4200 qui
3307 4126 3653 4185 Michaelem
3675 4126 3910 4183 Martha
3932 4127 4058 4183 im-

2377 4216 2664 4288 peratoris
2684 4231 2883 4273 sorore
2905 4220 3134 4286 natum,
3156 4216 3439 4274 collocata
3458 4216 3571 4289 ipsi
3592 4215 3734 4286 ﬁlia,
3754 4232 4059 4290 generum

2377 4302 2638 4360 haberet.
2672 4303 2831 4360 Talis
2862 4304 3045 4378 igitur
3070 4305 3160 4361 vir
3188 4303 3497 4361 navalibus
3526 4305 3833 4378 proiectus
3853 4306 4064 4377 copiis

2377 4390 2564 4449 classe
2598 4390 2787 4465 primo
2836 4408 2970 4450 vere
3014 4392 3305 4450 instructa
3336 4392 3652 4465 navigavit,
3691 4398 3752 4449 et
3799 4395 4065 4452 Laseari

2378 4478 2552 4551 paulo
2585 4485 2715 4550 post
2738 4484 2968 4536 mortuo
2986 4480 3217 4551 magnis
3246 4481 3415 4537 ducis
3444 4479 3794 4553 dignitatem
3819 4482 3896 4537 ab
3920 4482 4062 4538 im-

2378 4573 2644 4640 peratore
2674 4568 2735 4625 in
2766 4569 3072 4641 praemium
3103 4568 3366 4625 laborum
3400 4569 3647 4643 accepit,
3677 4574 3743 4625 ut
3774 4568 4051 4627 dicatur.

2378 4656 2544 4712 Hunc
2577 4657 2635 4712 iu
2661 4660 2901 4714 modum
2953 4658 3247 4715 trifariam
3283 4659 3556 4714 instructi
3593 4659 3800 4715 fratres
3831 4664 3890 4715 et
3940 4678 4065 4717 ne-

2377 4745 2616 4803 cessarii
2632 4746 3000 4818 imperatoris
3021 4748 3078 4803 in
3104 4748 3346 4804 totidem
3368 4747 3756 4805 Occiduarum
3778 4748 4065 4821 partium

2378 4839 2601 4892 tractus
2632 4841 2959 4893 moverunt.
3010 4838 3088 4892 Ac
3119 4836 3367 4908 despota
3415 4838 3656 4906 quidem
3688 4836 4066 4897 Michaelem

2381 4925 2685 4997 despotam
2718 4927 2961 4982 adortus
3008 4928 3311 4998 repetebat
3334 4930 3652 4998 occupatas
3697 4927 3771 4982 ab
3801 4943 3871 4983 eo
3903 4944 4070 5000 pro-

2382 5012 2603 5071 vincias
2634 5018 2700 5069 ut
2729 5012 2869 5070 olim
2902 5014 2973 5070 ad
3008 5014 3323 5087 imperium
3365 5014 3748 5086 pertinentes.
3784 5014 3874 5069 Ea
3901 5030 4070 5073 cum

2384 5109 2557 5161 antea
2580 5103 3060 5177 reposcebantur;
3094 5102 3320 5161 solebat
3348 5102 3448 5159 ille
3476 5103 3872 5175 plausibiliter
3899 5121 4077 5163 cau-

2384 5194 2504 5250 sari
2537 5194 2692 5249 haud
2745 5194 3155 5267 tempestivam
3188 5193 3597 5266 repetitionem
3642 5194 3817 5250 istam
3864 5208 4015 5251 esse
4050 5214 4073 5266 ;

2383 5308 2519 5349 nam
2555 5292 2693 5363 quid
2730 5292 3007 5349 attineret
3034 5288 3446 5364 imperatbrem
3480 5291 3615 5348 sede
3644 5291 3773 5363 ipsa
3802 5291 4077 5365 imperii

2383 5382 2528 5437 urbe
2556 5380 3085 5453 Constantinopoli,
3106 5380 3409 5436 exclusum
3435 5381 3506 5437 de
3529 5382 3705 5436 rebus
3736 5385 3903 5436 tanto
3927 5383 4077 5439 mi-

2381 5471 2542 5527 noris
2577 5470 2856 5543 momenti
2876 5470 3297 5541 recuperandis
3328 5484 3459 5524 esse
3478 5468 3792 5525 sollicitum
3818 5468 3847 5524 7
3871 5469 4078 5528 Reci-

2380 5556 2544 5624 peret
2573 5552 2831 5623 primum
2866 5550 2940 5606 ab
2971 5548 3133 5605 italis
3166 5551 3378 5605 solium
3417 5549 3603 5621 regni,
3632 5555 3760 5605 tum
3794 5567 3942 5607 sane
3976 5554 4081 5612 de

2379 5640 2743 5714 regiunculis
2791 5638 2924 5695 istis
2958 5638 3227 5695 Occiduis
3258 5639 3406 5696 ὐτ
3446 5640 3517 5695 ab
3550 5654 3613 5695 se
3658 5644 4084 5711 reposcendis

2378 5732 2683 5805 cogitaret.
2741 5729 2857 5787 Nec
2913 5745 3086 5803 porro
3142 5727 3317 5787 istam
3378 5744 3526 5801 rem,
3580 5742 3758 5801 quam
3816 5728 4085 5795 dixisse
