4246 6446
208 415 311 473 669

1273 414 1369 467 ΒΕ
1406 413 1779 467 MICHAELE
1816 414 2241 469 PALEOLOGO
2279 417 2409 470 LIB.
2444 420 2540 472 III.

3505 421 3611 474 650

207 537 612 614 ἀνηρτημᾶνους
658 534 885 608 πάμπαν
934 534 1023 588 καὶ
1085 532 1248 605 μόλις
1305 531 1661 609 ὁριζομένους
1717 543 1845 590 Θεσ-
1883 542 1933 605 Α
1967 548 2049 597 Οεν
2111 537 2559 609 ἐπαναζεύξαντος
2611 540 2827 615 ὕστερον
2881 543 3077 605 αὐτοὺς
3130 542 3608 619 ἐγκαταλελεῖφθαι

208 628 487 700 σαλονίκῃ.
540 628 783 683 Τοιαῦτα
831 627 956 697 γοῦν
1006 620 1332 697 ἀπελογεῖτο
1382 623 1666 698 πρότερον.
1728 625 1858 678 Τότε

208 715 261 771 δὲ
314 714 460 771 ἀλλᾶ
518 712 707 789 χώραν
761 714 820 781 ἣν
900 712 952 764 οἱ
1011 716 1191 783 γονεῖς
1262 710 1469 765 ἐκείνου
1521 714 1709 773 πόνοις
1769 714 1858 766 καὶ

208 804 395 880 ἱδρῶσι
453 804 545 857 καὶ
607 802 773 874 μόνον
834 798 941 873 οὐχ
1000 797 1190 871 α’ίμασι
1236 802 1518 868 στάζοντες
1549 804 1858 876 προσεκτή-

206 914 363 949 σαντο
422 893 512 947 καὶ
568 890 778 965 κλῆρον
833 888 1131 945 κατέλιπον
1190 895 1311 950 τοῖς
1372 890 1565 958 παισὶ,
1624 894 1742 951 πῶς
1800 887 1859 942 ἂν

207 986 291 1040 καὶ
350 981 577 1044 δικαίως
654 981 1055 1053 ἀπαιτούμενος
1128 977 1395 1051 ἀποδῲη;
1454 980 1697 1039 ἸταΑοὺς
1754 980 1857 1053 γᾶρ

207 1072 662 1147 ἀφαιρουμένους,
720 1070 809 1122 καὶ
871 1070 945 1141 μή
999 1066 1327 1139 Ῥωμαίους,
1381 1067 1517 1121 κατὰ
1551 1066 1615 1120 τὸ
1647 1064 1854 1120 δίκαιον

206 1163 291 1215 καὶ
347 1166 465 1221 τοῖς
520 1158 569 1231 ἐξ
630 1158 844 1213 ἐκείνων
898 1157 973 1218 εἷς
1044 1154 1309 1231 διαδοχὴν
1378 1154 1724 1209 καταλείπειν
1781 1155 1856 1215 ὠς

207 1251 463 1327 σφέτεφον
523 1246 741 1321 κλῆρον
799 1246 851 1315 ἐξ
911 1246 1127 1321 ἀρετῆς·
1192 1246 1247 1299 εὖ
1303 1244 1405 1321 γὰρ
1454 1244 1544 1299 καὶ
1594 1243 1855 1317 λελέχθαι

205 1339 277 1400 ὡς
309 1336 465 1392 οὐδὲν
507 1334 725 1397 οὐδενὸς
772 1335 921 1403 πλὴν
969 1336 1065 1389 τοὸ
1117 1330 1518 1401 σπουδάζοντος
1567 1334 1703 1386 κατὰ
1756 1334 1855 1385 πό-

204 1427 397 1499 λεμον.
462 1426 557 1483 Καὶ
616 1424 759 1479 οὕτω
821 1426 914 1495 μὲν
978 1418 1528 1499 διαμφισϐητούντων
1595 1421 1663 1475 τὰ
1718 1423 1855 1477 Ῥω-

207 1517 380 1589 μαίων
412 1520 491 1585 τῷ
524 1513 759 1587 δεσπότῃ
821 1514 1196 1584 στρατεύματα
1252 1505 1662 1578 κατετρίὸοντο·
1726 1511 1753 1563 ὀ
1799 1507 1858 1564 δέ

204 1625 264 1678 γε
317 1599 767 1677 σεϐαστοκράτωρ
824 1603 893 1671 τῇ
974 1594 1337 1672 Μονεμὸασίᾳ
1383 1599 1471 1651 καὶ
1529 1604 1645 1659 τοῖς
1702 1599 1855 1671 πέριξ

203 1694 652 1768 προσκαθήμενος
727 1689 1127 1763 καθημερινοὺς
1204 1686 1489 1758 πολέμους
1563 1688 1700 1762 πρὸς
1763 1689 1853 1741 τὸν

205 1782 473 1856 Πρίντζην
530 1780 703 1854 ἐξῆ-γε’
770 1777 911 1850 μηδὲ
965 1778 1067 1853 γὰρ
1107 1778 1385 1851 ἀρκεῖσθαι
1435 1779 1515 1847 τῷ
1576 1778 1723 1849 μέρει
1755 1783 1854 1845 τῆς

204 1872 391 1941 νήσου,
424 1876 595 1924 πᾶσαν
631 1866 687 1923 δὲ
717 1875 981 1943 κρατῆσαι
1023 1866 1221 1933 θέλων,
1277 1866 1557 1939 ὑπάρχους
1588 1864 1731 1940 ἔχων
1763 1866 1853 1920 τόν

203 1980 261 2014 τε
294 1959 461 2033 μέγαν
495 1956 817 2029 δομέστικον
847 1957 938 2011 τὸν
973 1955 1151 2024 Φιλῆν
1184 1955 1272 2009 καὶ
1303 1954 1394 2008 τὸν
1425 1956 1855 2030 παρακοιμώμε-

205 2068 293 2103 νον
322 2048 639 2120 Μακρηνὸν,
671 2048 746 2111 ὡς
774 2046 886 2101 ἐνὸν
919 2046 1237 2120 ἠγωνίζετο.

349 2194 433 2260 ιζ’.
466 2190 545 2247 Ti
576 2192 715 2245 κατᾶ
749 2189 840 2245 τὸν
874 2189 1371 2262 παρακοιμώμενον
1421 2188 1713 2262 Μακρηνὸν

894 2280 1171 2347 Ἰωάννην.

274 2407 372 2462 Ἠν
430 2403 477 2459 δ’
534 2402 840 2476 εὐδοκιμῶν
899 2406 927 2457 ὁ
984 2402 1521 2479 παρακοιμώμενος,
1580 2401 1671 2454 καὶ
1729 2401 1855 2475 παρ’

203 2496 423 2571 ἐχθροῖς
481 2490 660 2567 ὄνομα
711 2492 856 2567 ἔχων
922 2492 1008 2547 ἐπὶ
1070 2492 1320 2567 στρατείᾳ
1368 2490 1459 2545 καὶ
1510 2491 1574 2545 τὸ
1624 2484 1853 2566 φοϐερὸν

205 2581 636 2655 ἐνδεικνύμενος,
683 2582 824 2637 ὥστε
877 2581 968 2635 καὶ
1025 2585 1121 2636 τοῦ
1171 2576 1665 2654 σεϐαστοκράτορος
1715 2576 1853 2631 ἐκεῖ.

209 2787 452 2845 omnino
484 2781 962 2856 prevertendam,
1026 2780 1253 2835 facilem
1311 2782 1413 2834 aut
1450 2777 1608 2833 brevi
1642 2776 1852 2831 transi-

208 2877 459 2949 gendam
497 2888 775 2944 apparere
811 2888 823 2924 :
859 2869 1031 2925 Italos
1062 2870 1219 2924 enim
1272 2874 1390 2923 tam
1434 2868 1633 2939 procul
1661 2881 1789 2920 esse
1822 2881 1856 2920 a

208 2964 506 3023 reddenda
536 2960 812 3016 Romanis
843 2960 1074 3031 imperii
1104 2958 1426 3027 metropoli,
1460 2962 1524 3011 ut
1554 2956 1729 3010 etiam
1752 2971 1856 3025 spe

214 3072 328 3111 non
365 3067 609 3124 prorsus
640 3065 789 3103 vana
818 3048 1144 3119 majoribus
1176 3046 1421 3111 inhient,
1462 3050 1521 3101 et
1548 3045 1691 3099 adeo
1740 3060 1854 3099 non

207 3140 658 3200 contemnendis
690 3139 811 3194 sint
840 3138 1063 3193 viribus
1118 3142 1184 3191 ut
1238 3152 1442 3191 eorum
1502 3135 1647 3190 ditio
1705 3150 1856 3205 (egre

209 3231 638 3289 Thessalonica
684 3230 947 3283 ﬁniatur.
994 3233 1138 3297 Hac,
1189 3228 1457 3298 inquam,
1498 3226 1625 3295 ejus
1672 3224 1855 3289 omni,

212 3340 330 3394 qua
360 3322 528 3393 prius
584 3335 647 3375 se
698 3320 1046 3391 jactaverat,
1104 3317 1365 3371 oralione
1414 3330 1570 3368 nunc
1601 3312 1856 3381 sublata,

206 3411 353 3467 illud
391 3410 564 3465 modo
596 3424 699 3480 pro
731 3424 793 3463 se
824 3406 1137 3478 allegabat,
1170 3404 1467 3477 regionem
1502 3418 1565 3458 se
1595 3402 1858 3457 obtinere

206 3517 386 3573 quam
410 3505 603 3569 patres
629 3496 721 3552 sui
741 3494 1472 3561 laboribus,sudoribusac
1489 3496 1717 3547 tantum
1742 3508 1856 3547 non

207 3592 341 3647 fuso
388 3588 660 3644 stillatim
699 3585 935 3656 proprio
983 3583 1268 3654 sanguine
1320 3586 1649 3653 parassent.
1700 3584 1860 3635 Hanc

213 3678 613 3735 hereditatem
648 3676 722 3730 ab
753 3674 898 3746 ipsis
928 3674 998 3729 ad
1033 3673 1186 3729 filios
1218 3671 1632 3727 transmissam
1674 3670 1859 3741 possi-

206 3771 347 3826 dere
377 3784 506 3824 sese
529 3770 668 3838 jure
699 3782 875 3838 quam
910 3764 1129 3836 optimo
1162 3780 1176 3818 :
1210 3778 1495 3834 quorsum
1552 3777 1690 3833 ergo
1733 3760 1859 3831 ipse

196 3858 365 3913 illam
400 3856 602 3927 inique
648 3853 1050 3927 repetentibus
1100 3851 1424 3908 relaxaret?
1470 3855 1619 3905 Sane
1651 3850 1701 3905 si
1733 3851 1859 3905 red-

197 3946 399 4001 denda
421 3947 599 4009 esset,
618 3943 690 3997 iis
715 3942 911 4013 potius
927 3940 1089 3995 reddi
1108 3942 1400 4011 oporteret
1420 3938 1638 4008 quibus
1658 3940 1857 4007 erepta

202 4035 304 4090 sit.
333 4033 461 4089 Non
476 4038 673 4087 autem
698 4031 997 4096 Romanis,
1042 4029 1142 4084 sed
1186 4026 1346 4083 Italis
1382 4026 1545 4098 prius
1566 4028 1700 4096 jure
1722 4024 1857 4080 belli

203 4122 617 4179 obtinentibus
634 4125 821 4175 terras
845 4119 977 4173 illas
990 4119 1041 4172 vi
1073 4116 1390 4173 extorsisse
1423 4116 1672 4185 majores
1694 4131 1857 4182 suos,

199 4228 459 4286 quorum
485 4227 547 4266 se
571 4215 837 4281 posteros
859 4224 923 4262 ac
948 4206 1210 4263 sobolem
1244 4205 1379 4273 frui,
1400 4220 1574 4276 quam
1598 4203 1858 4275 legitime

210 4300 559 4366 crevissent,
592 4296 931 4354 hereditate
970 4313 1035 4351 ac
1058 4295 1412 4367 patrimonio
1435 4293 1690 4359 virtutis,
1725 4293 1860 4363 quis

203 4406 325 4447 non
358 4390 449 4444 fas
505 4396 558 4443 et
608 4402 844 4458 equum
893 4400 1025 4440 esse
1067 4382 1357 4439 fateatur?
1392 4381 1531 4437 Vere
1563 4382 1857 4453 siquidem

197 4480 427 4535 dictum
456 4477 601 4532 illud
666 4476 823 4541 ferri,
885 4473 1031 4529 nihil
1083 4473 1394 4545 cujusdam
1451 4470 1677 4526 meliori
1726 4472 1862 4542 jure

197 4568 512 4643 proprium
543 4566 767 4621 censeri
796 4580 974 4637 quam
1005 4563 1162 4634 quod
1197 4566 1478 4633 satagens
1510 4560 1766 4633 quisque
1795 4576 1861 4615 ac

201 4656 553 4730 periclitans
583 4671 764 4710 manu
796 4654 909 4708 sibi
942 4669 1006 4707 ac
1030 4656 1211 4707 Marte
1241 4650 1553 4722 quaesierit.
1579 4654 1735 4706 Inter
1756 4650 1863 4705 has

196 4746 555 4817 utrinquein
571 4745 814 4817 longum
832 4743 1216 4815 procedentes
1246 4758 1354 4795 sua
1371 4741 1504 4809 jura
1526 4739 1662 4794 hinc
1685 4745 1861 4811 atque

195 4839 343 4895 inde
372 4835 756 4907 allegantium
790 4833 1203 4887 altercationes
1233 4830 1412 4901 copias
1462 4829 1708 4885 Joannis
1756 4831 1858 4884 de-

196 4931 387 5000 spotce
417 4926 597 4980 ductu
623 4923 948 4978 militantes
968 4925 1203 4992 tempus
1245 4935 1368 4974 rem
1393 4919 1860 4991 regendicontri-

194 5020 437 5073 verunt.
472 5018 548 5069 At
586 5013 1021 5068 sebastocrator
1041 5008 1507 5065 Monemhasiam
1532 5012 1588 5063 et
1609 5008 1861 5064 circum-

196 5106 400 5181 posita
428 5103 708 5160 obsidens
731 5101 909 5173 loqua
930 5099 1194 5171 quotidie
1213 5115 1345 5154 cum
1362 5097 1625 5169 principe
1641 5114 1862 5170 pugna-

194 5196 301 5251 bat
326 5208 340 5248 :
366 5208 481 5247 non
516 5189 674 5245 enim
706 5204 774 5244 ea
790 5204 971 5260 quam
1005 5186 1253 5242 Romani
1280 5187 1403 5256 jam
1436 5192 1862 5257 occupaverant

195 5279 590 5353 Peleponnesi
615 5282 778 5350 parte
799 5280 1136 5341 contentus,
1169 5276 1505 5330 universam
1540 5276 1862 5348 subjugare

195 5370 540 5435 affectabat,
565 5368 636 5423 ad
670 5360 726 5421 id
764 5365 877 5437 ipsi
908 5382 1013 5437 pro
1046 5363 1199 5419 virili
1234 5366 1686 5433 cooperantibus
1712 5382 1862 5437 quos

194 5461 314 5517 sub
348 5476 412 5514 se
442 5456 696 5512 habebat
729 5456 932 5523 duces,
958 5454 1120 5509 Phile
1155 5453 1477 5525 praesertim
1512 5470 1724 5525 magno
1758 5456 1860 5511 do-

193 5547 453 5603 mestico
482 5548 540 5601 et
569 5549 836 5599 Macreno
869 5543 1019 5597 sacri
1053 5542 1305 5597 cubiculi
1337 5542 1628 5613 praefecto.

252 5638 349 5692 17.
380 5636 457 5691 De
474 5636 687 5691 Joanne
712 5637 980 5689 Macram
1000 5632 1229 5703 Augusti
1247 5632 1500 5688 cubiculi
1526 5636 1809 5702 prafecto.

273 5726 344 5781 In
378 5723 473 5780 bis
504 5724 657 5780 sacri
688 5720 951 5779 cubiculi
986 5720 1243 5793 praefecti
1275 5720 1567 5794 praecipua
1596 5729 1719 5777 erat
1742 5724 1863 5795 glo-

490 5844 761 5905 Parnoa.
809 5840 923 5903 Gs.
960 5839 1225 5902 CXLIII.

1964 628 2053 680 καὶ
2106 633 2205 681 τοῦ
2264 631 2662 702 στρατεύματος
2714 633 2926 707 ἄρχειν,
2980 634 3067 687 καὶ
3128 632 3194 701 δὴ
3259 636 3611 709 μαχομένους

1965 715 2236 771 πολλάκις
2296 719 2388 787 μὲν
2450 718 2749 793 εὐστοχεῖν,
2810 723 2935 791 μίαν
2972 719 3026 775 δὲ
3058 743 3119 797 γε
3154 722 3446 785 συαλὲντας
3479 745 3608 795 κρα-

1962 806 2193 872 τηθῆναι
2246 806 2379 859 κατὰ
2409 807 2653 878 πόλεμον
2688 809 2776 862 καὶ
2826 810 3190 886 ἀμφοτέρους.
3246 813 3380 867 Τότε
3428 812 3608 866 τοίνυν

1964 891 2047 945 ἐπ’
2098 892 2288 967 ὀλίγον
2340 895 2722 970 κατεχομένων
2772 900 2854 971 [Ρ.
2892 902 3012 971 139]
3066 900 3116 954 ὲν
3152 898 3420 974 φυλακαῖς
3454 902 3480 954 ὁ
3516 902 3609 972 μὲν

1968 983 2136 1055 μὲγας
2188 978 2506 1053 δομέστικος
2562 985 2908 1055 ἀποθνήσκει,
3042 985 3087 1041 δ’
3137 987 3339 1041 ἐκείνου
3382 990 3614 1062 πενθερᾶ

1966 1069 2209 1143 Εὐλογία
2264 1069 2411 1124 δεινᾶ
2458 1072 2624 1126 ἐποίει
2698 1079 2776 1143 τῷ
2851 1075 3066 1149 βασιλεῖ
3131 1076 3614 1151 προσαγγέλλουσα

1964 1159 2038 1219 ὡς
2071 1156 2295 1229 προδώη
2349 1162 2441 1230 μὶν
2495 1162 2522 1214 ὁ
2572 1165 3069 1236 παρακοιμώμενος
3101 1166 3193 1219 τὸν
3227 1166 3436 1235 ἐκείνης
3462 1187 3611 1241 γαμ-

1964 1242 2115 1321 ϐρὸν,
2176 1249 2264 1301 καὶ
2321 1249 2393 1309 ὡς
2447 1247 2699 1319 ἐπίτηδες
2732 1252 3025 1324 κρατηθείη
3086 1254 3175 1307 καὶ
3222 1255 3377 1317 οὗτος
3408 1254 3481 1315 εἷς
3512 1253 3617 1307 πό-

1965 1335 2134 1407 λεμον
2173 1380 2185 1404 ,
2252 1336 2493 1409 ὀρύσσων
2558 1338 2753 1413 βόθρον
2820 1346 2898 1412 τῷ
2958 1346 3332 1418 συστρατήγῳ,
3391 1342 3479 1396 καὶ
3539 1343 3612 1403 ὡς

1966 1424 2183 1493 ἀληθῶς
2242 1427 2328 1480 ἐπὶ
2377 1428 2591 1490 τούτοις
2638 1437 3044 1505 κατηγορεῖται,
3096 1431 3299 1506 λύγους
3349 1430 3491 1507 ἔχων
3524 1433 3615 1486 καὶ

1964 1515 2279 1591 συμφωνίας
2338 1519 2473 1587 πρὸς
2530 1519 2620 1571 τὸν
2683 1520 2947 1590 Πρίντζην
3011 1518 3307 1594 λόμϐἀνειν
3356 1523 3455 1589 τὴν
3513 1525 3611 1575 τοῖ’)

1962 1603 2200 1678 Λάσκαρι
2234 1604 2518 1679 Θεοδώρου
2550 1612 2645 1661 τοῦ
2676 1608 2944 1680 βασιλέως
2996 1612 3258 1685 θυγατέρα
3304 1613 3611 1684 (κεχήρωτο

1963 1693 2067 1766 γαρ
2124 1698 2223 1747 τοῦ
2281 1692 2500 1769 ἀνδρὸς)
2552 1696 2723 1750 ἐκεῖσε
2777 1695 3084 1773 διάγουσαν,
3130 1701 3221 1752 καὶ
3278 1702 3391 1771 μετ’
3440 1699 3613 1753 αὐτῶν

1964 1781 2097 1834 εἶναι
2155 1780 2467 1856 παραδόντα
2522 1787 2621 1853 τήν
2674 1788 2899 1861 χώραν,
2960 1788 3048 1841 καὶ
3106 1788 3480 1861 ἀντιπράττειν
3537 1790 3618 1857 τῷ

1888 1909 1934 1973 Β
1968 1868 2201 1942 βασιλεῖ.
2255 1870 2430 1925 Ταῦτα
2461 1871 2690 1947 λέγουσα
2738 1874 2827 1929 καί
2877 1896 2938 1949 γε
2970 1878 3321 1949 προστιθεῖσα
3350 1879 3383 1945 ἡ
3436 1872 3615 1932 Εὐλο-

2005 1957 2016 1975 1
2164 1958 2564 1975 .ε,α.ε.
2714 1961 2952 1975 ,.....
3127 1966 3155 1975 -
3296 1964 3400 1975 ..
3550 1963 3569 1975 ι

1962 1958 2051 2030 γία
2080 1960 2217 2031 πρὸς
2247 1960 2336 2013 τὸν
2371 1958 2603 2039 ἀδελφὸν
2635 1966 2829 2032 πιθανὴ
2865 1961 3058 2019 ἐδόκει·
3122 1966 3189 2033 ἦν
3249 1966 3352 2040 γὰρ
3384 1964 3443 2019 ἐκ
3472 1963 3615 2019 πολ-

1967 2046 2065 2100 λοῦ
2124 2054 2345 2103 τοιαῦτα
2392 2051 2623 2113 ἀκούσας
2678 2053 2802 2125 περὶ
2850 2053 3055 2107 ἐκείνου
3107 2056 3192 2107 καὶ
3255 2056 3281 2107 ὁ
3337 2053 3615 2129 βασιλεύς.

1966 2137 2200 2191 Συνίστα
2232 2135 2288 2192 δὲ
2335 2139 2427 2200 τὰς
2475 2142 2808 2215 κατηγορίας
2857 2142 2947 2196 καὶ
2994 2143 3059 2197 τὰ
3110 2148 3206 2196 τοῦ
3256 2140 3451 2214 ἀνδρὸς
3494 2164 3618 2197 κατ-

1965 2227 2280 2297 ορθώματα,
2314 2228 2387 2289 ὡς
2442 2227 2581 2290 εἷκὸς
2634 2230 2762 2284 εἶναι
2814 2232 2985 2295 οὕτως
3025 2230 3420 2300 εὐδοκιμοῦντα
3450 2232 3617 2287 ὑπελ-

1965 2319 2073 2377 θεῖν
2122 2316 2323 2368 ἐκεῖνον
2380 2318 2469 2370 τὸν
2529 2319 2794 2393 Πρίντζην
2854 2319 2941 2373 καὶ
3002 2323 3225 2373 τοιαῦτα
3279 2321 3393 2391 μετ’
3453 2317 3617 2373 αὐτοῦ

1964 2403 2371 2472 συσκευάζεσθαι
2408 2450 2422 2463 .
2498 2407 2567 2459 Τὸ
2629 2404 2684 2460 δέ
2741 2428 2803 2481 γε
2858 2408 2993 2481 πρὸς
3041 2408 3150 2475 ,τὴν
3204 2408 3467 2482 θυγατέρα
3522 2411 3618 2461 τοῦ

1970 2493 2240 2565 βασιλέως
2267 2492 2437 2558 κῆδος
2467 2495 2557 2549 καὶ
2589 2493 2711 2549 λίαν
2746 2497 2925 2551 ἱκανὸν
2960 2496 3210 2569 οἰόμενος
3241 2498 3443 2552 πείθειν
3479 2496 3617 2550 ἐκεῖ·

1966 2600 2055 2634 νον
2090 2581 2163 2643 ὠς
2210 2582 2485 2657 μεγίστοις
2538 2580 3138 2659 ἐπιγαμϐρευσόμενον,
3186 2586 3275 2640 καὶ
3330 2584 3452 2640 λίαν
3477 2606 3619 2659 παρ-

1965 2781 2071 2845 ria,
2098 2782 2222 2852 jam
2256 2784 2409 2853 apud
2447 2782 2643 2839 hostes
2676 2783 2919 2839 celebris
2962 2784 3116 2838 fama
3164 2783 3386 2855 peritia:
3420 2798 3615 2837 rerum

1964 2870 2306 2926 bellicarum
2331 2878 2387 2927 et
2408 2889 2474 2927 eo
2496 2874 2732 2928 nomine
2756 2873 2899 2944 ipsis
2921 2873 3234 2928 formidati.
3257 2872 3419 2927 Unde
3441 2874 3608 2927 seba-

1964 2965 2282 3015 stocratore
2306 2960 2466 3015 illinc
2499 2966 2695 3032 postea
2727 2962 3053 3023 recedente,
3086 2962 3135 3015 is
3168 2962 3247 3015 ibi
3280 2977 3413 3015 cum
3446 2961 3609 3016 Phile

1965 3054 2056 3103 est
2086 3049 2345 3109 relictus.
2371 3057 2435 3104 ut
2470 3052 2747 3105 exercitui
2782 3054 3118 3122 prwessent.
3154 3052 3278 3115 Qua
3308 3051 3366 3104 in
3404 3052 3606 3122 prmfe-

1967 3144 2129 3193 ctura
2160 3155 2293 3193 cum
2328 3156 2478 3209 saepe
2512 3156 2784 3211 prospere
2819 3140 3377 3211 pugnassent,‘208
3417 3138 3607 3194 semel

1966 3228 2350 3292 offenderunt,
2376 3230 2457 3283 ita
2490 3234 2553 3282 ut
2577 3228 2770 3298 praelia
2801 3230 3059 3283 infausto
3092 3229 3257 3283 ambo
3288 3228 3441 3299 capti
3474 3228 3609 3283 hos-

1966 3316 2114 3371 tium
2143 3317 2412 3371 custodia
2450 3316 2875 3382 detinerentur,
2899 3317 2956 3371 in
2982 3334 3099 3388 qua
3122 3333 3371 3386 magnus
3411 3318 3611 3371 dome-

1889 3431 1932 3497 ρ
1969 3406 2151 3461 sticus
2174 3410 2561 3462 estmortuus.
2586 3406 2773 3476 Hujus
2794 3423 2995 3461 socrus
3022 3405 3256 3473 Eulogia
3278 3422 3410 3461 cum
3432 3408 3610 3461 istum

1972 3496 2248 3549 nuntium
2280 3495 2477 3550 dolore
2525 3512 2632 3550 suo
2665 3496 2919 3551 maximo
2969 3496 3235 3549 auditum
3270 3496 3609 3566 imperatori

1971 3585 2229 3650 referret,
2254 3585 2551 3657 proditum
2584 3585 2657 3639 ab
2690 3584 2837 3640 sacri
2862 3584 3117 3639 cubiculi
3148 3584 3412 3656 praefecto
3434 3601 3609 3640 suum

1969 3688 2247 3744 generum
2277 3678 2483 3744 questa
2512 3679 2620 3740 est,
2651 3689 2920 3728 asserens
2951 3672 3241 3729 volentem
3272 3676 3608 3729 Macrenum

1970 3762 2119 3817 bello
2149 3762 2392 3829 victum,
2435 3764 2639 3831 fuisse,
2662 3768 2719 3819 et
2743 3778 2811 3818 ex
2841 3762 3165 3832 composito
3196 3762 3503 3817 inductum
3536 3764 3609 3817 ab

1965 3851 2095 3923 ipso
2127 3853 2182 3906 in
2208 3852 2469 3923 provisas
2502 3851 2749 3907 insidias
2781 3868 3055 3921 magnum
3090 3852 3498 3907 domesticum.
3542 3856 3610 3907 Et

1966 3955 2163 3996 revera
2193 3942 2460 4012 quaedam
2483 3941 2850 3996 increbuerat
2867 3958 2979 3996 non
2996 3957 3237 4012 prorsus
3257 3939 3489 3997 inverisi
3502 3941 3607 3995 mi-

1966 4029 2039 4085 lis
2071 4029 2208 4085 talis
2238 4031 2489 4101 perﬁdiae
2521 4030 2739 4101 opinio,
2763 4030 2964 4085 multis
2997 4046 3063 4084 ex
3096 4029 3428 4101 suspicione
3450 4032 3609 4085 διητ-

1968 4119 2268 4174 mantibus
2299 4120 2491 4189 egisse
2536 4118 2683 4173 clam
2718 4124 2777 4173 et
2806 4118 3150 4173 convenisse
3181 4135 3313 4173 cum
3349 4119 3611 4191 principe

1967 4214 2327 4277 Macreoum,
2349 4209 2638 4279 promissa
2658 4208 2795 4262 huic
2818 4208 2892 4262 ab
2916 4207 3012 4262 illo
3033 4208 3320 4262 Theodori
3344 4211 3612 4263 Lascaris

1967 4296 2338 4368 imperatoris
2362 4297 2567 4369 nuperi
2592 4296 2711 4352 ﬁlia
2736 4314 2747 4351 :
2775 4296 2896 4351 haec
2914 4297 3069 4351 enim
3096 4296 3173 4351 ibi
3199 4301 3403 4368 nupta,
3438 4303 3502 4351 ut
3532 4296 3616 4351 di-

1970 4387 2165 4441 ximus
2192 4387 2312 4442 viro
2358 4387 2568 4441 deinde
2617 4390 2848 4441 mortuo
2881 4386 3035 4458 apud
3088 4386 3413 4457 principem
3441 4387 3619 4441 vidua

1972 4477 2291 4547 perstabat.
2317 4474 2647 4530 Pollicitum
2668 4479 2860 4530 autem
2887 4475 2987 4529 tali
3005 4475 3268 4529 mercede
3283 4475 3620 4531 Macrenum

1971 4565 2207 4620 aiebant
2229 4565 2583 4619 traditurum
2600 4579 2727 4620 sese
2742 4563 2991 4636 principi
3016 4581 3141 4635 quae
3165 4564 3411 4619 Romani
3436 4566 3491 4619 in
3519 4565 3620 4620 Pe-

1972 4654 2291 4726 loponneso
2314 4658 2610 4725 ceperant,
2652 4660 2709 4709 et
2748 4654 3087 4725 imperatori
3111 4658 3396 4724 quantum
3423 4668 3623 4725 posset

1973 4744 2351 4800 obstiturum.
2378 4748 2507 4797 Haec
2547 4742 2794 4814 Eulogia
2844 4743 3007 4797 fratri
3033 4743 3235 4797 dicens
3278 4743 3623 4798 verisimilia

1970 4833 2129 4903 loqui
2160 4833 2286 4887 visa
2306 4838 2414 4901 est,
2440 4848 2506 4887 eo
2526 4832 2682 4903 quod
2710 4831 3066 4901 jamdudum
3093 4832 3233 4887 talia
3254 4833 3325 4887 de
3349 4832 3619 4888 Macreno

1966 4923 2289 4994 imperator
2344 4921 2623 4977 audisset.
2684 4921 2992 4976 Addebant
3023 4925 3217 4975 autem
3263 4921 3624 4977 accusationi

1969 5012 2141 5067 fidem
2168 5010 2340 5066 fortia
2370 5011 2475 5065 viri
2501 5011 2745 5078 facta,ex
2766 5010 2983 5081 quibus
3006 5009 3283 5067 credibile
3305 5012 3627 5083 apparebat

1969 5105 2243 5155 conatum
2278 5100 2460 5155 fuisse
2500 5099 2827 5171 principem
2881 5098 3125 5155 delinire
3172 5104 3289 5155 tam
3340 5098 3625 5172 inclytum

1969 5190 2121 5245 bello
2153 5190 2362 5245 ducem
2395 5194 2452 5245 et
2481 5190 2540 5243 in
2574 5206 2712 5245 suas
2736 5206 2870 5244 eum
2896 5194 3091 5258 partes
3121 5190 3434 5245 attrahere.
3458 5191 3622 5253 Quod

1913 5346 1920 5352 .
1972 5296 2144 5351 porro
2168 5280 2497 5335 addebatur
2519 5280 2589 5334 de
2630 5280 2878 5350 conjuge
2902 5279 3015 5349 ipsi
3041 5280 3331 5334 destinata
3356 5279 3476 5334 filia
3508 5280 3623 5333 im-

1974 5369 2256 5442 peratoris
2285 5368 2595 5438 Theodori,
2628 5368 2684 5423 id
2718 5374 2775 5423 et
2804 5368 3228 5423 efﬁcassimum
3264 5369 3625 5424 incentivum

1973 5459 2204 5530 quidvis
2226 5459 2480 5513 audendi
2524 5464 2795 5513 Macreno
2838 5458 3101 5511 futurum
3142 5458 3399 5527 videbat,
3428 5458 3633 5528 utique

1973 5564 2206 5603 summe
2226 5547 2571 5616 expetibiles
2597 5548 2742 5601 tales
2767 5546 3007 5619 nuptias
3032 5546 3141 5616 sibi
3166 5548 3459 5602 credituro
3493 5566 3630 5618 pro-

1974 5644 2102 5709 pter
2120 5637 2465 5692 affinitatem
2490 5653 2669 5708 quam
2702 5653 2804 5707 per
2829 5653 2928 5691 eas
2951 5653 3085 5691 cum
3131 5636 3409 5692 maximis
3457 5637 3634 5691 iniret

1973 5727 2274 5782 domibus.
2308 5726 2534 5797 thuia
2580 5727 2732 5781 idem
2757 5724 3206 5782 matrimonium
3257 5725 3632 5799 periculosis-

3272 5848 3342 5903 21
