  <div class='ocr_page' id='page_1' title='image "/cluster/home/n/w/nwhite01/storage/ocr_20150623/143/nnc1.0046980733/333.png"; bbox 0 0 4246 6446; ppageno 0'>
   <div class='ocr_carea' id='block_1_1' title="bbox 622 411 724 467">
    <p class='ocr_par' dir='ltr' id='par_1_1' title="bbox 622 411 724 467">
     <span class='ocr_line' id='line_1_1' title="bbox 622 411 724 467; baseline -0.039 0"><span class='ocrx_word' id='word_1_1' title='bbox 622 411 724 467; x_wconf 83' lang='grc'><strong>651</strong></span> 
     </span>
    </p>
   </div>
   <div class='ocr_carea' id='block_1_2' title="bbox 1932 404 2737 464">
    <p class='ocr_par' dir='ltr' id='par_1_2' title="bbox 1932 404 2737 464">
     <span class='ocr_line' id='line_1_2' title="bbox 1932 404 2737 464; baseline 0.002 -2"><span class='ocrx_word' id='word_1_2' title='bbox 1932 404 2234 462; x_wconf 77' lang='lat' dir='ltr'><strong>GEORGII</strong></span> <span class='ocrx_word' id='word_1_3' title='bbox 2271 404 2737 464; x_wconf 69' lang='lat' dir='ltr'><strong>PACHYMERB</strong></span> 
     </span>
    </p>
   </div>
   <div class='ocr_carea' id='block_1_3' title="bbox 3943 404 4056 465">
    <p class='ocr_par' dir='ltr' id='par_1_3' title="bbox 3943 404 4056 465">
     <span class='ocr_line' id='line_1_3' title="bbox 3943 404 4056 465; baseline 0 0"><span class='ocrx_word' id='word_1_4' title='bbox 3943 404 4056 465; x_wconf 83' lang='lat'><strong>652</strong></span> 
     </span>
    </p>
   </div>
   <div class='ocr_carea' id='block_1_4' title="bbox 621 522 4050 608">
    <p class='ocr_par' dir='ltr' id='par_1_4' title="bbox 621 522 4050 608">
     <span class='ocr_line' id='line_1_4' title="bbox 621 522 4050 608; baseline 0.004 -32"><span class='ocrx_word' id='word_1_5' title='bbox 621 534 822 600; x_wconf 66' lang='grc' dir='ltr'>ἔκνιζεν</span> <span class='ocrx_word' id='word_1_6' title='bbox 854 529 931 591; x_wconf 74' lang='grc' dir='ltr'>εἷς</span> <span class='ocrx_word' id='word_1_7' title='bbox 981 528 1147 603; x_wconf 72' lang='grc' dir='ltr'>ὀργὴν</span> <span class='ocrx_word' id='word_1_8' title='bbox 1201 524 1292 581; x_wconf 84' lang='grc' dir='ltr'><strong>διὰ</strong></span> <span class='ocrx_word' id='word_1_9' title='bbox 1334 527 1434 595; x_wconf 75' lang='grc' dir='ltr'>τὴν</span> <span class='ocrx_word' id='word_1_10' title='bbox 1482 529 1579 580; x_wconf 77' lang='grc' dir='ltr'><strong>τοῦ</strong></span> <span class='ocrx_word' id='word_1_11' title='bbox 1639 523 1828 596; x_wconf 80' lang='grc' dir='ltr'>μίσους</span> <span class='ocrx_word' id='word_1_12' title='bbox 1874 530 1974 592; x_wconf 75' lang='grc' dir='ltr'>τῆς</span> <span class='ocrx_word' id='word_1_13' title='bbox 2022 522 2273 596; x_wconf 82' lang='grc' dir='ltr'>γυναικὸς</span> <span class='ocrx_word' id='word_1_14' title='bbox 2308 528 2359 592; x_wconf 83' lang='grc' dir='ltr'><strong>Α</strong></span> <span class='ocrx_word' id='word_1_15' title='bbox 2390 524 2478 579; x_wconf 83' lang='grc' dir='ltr'>καὶ</span> <span class='ocrx_word' id='word_1_16' title='bbox 2541 526 2825 602; x_wconf 84' lang='grc' dir='ltr'>βασιλικὸν</span> <span class='ocrx_word' id='word_1_17' title='bbox 2858 527 3117 605; x_wconf 79' lang='grc' dir='ltr'>φρόνημα</span> <span class='ocrx_word' id='word_1_18' title='bbox 3168 532 3195 586; x_wconf 83' lang='grc' dir='ltr'><strong>ὁ</strong></span> <span class='ocrx_word' id='word_1_19' title='bbox 3253 531 3413 607; x_wconf 79' lang='grc' dir='ltr'>ἀνὴρ,</span> <span class='ocrx_word' id='word_1_20' title='bbox 3470 530 3560 588; x_wconf 79' lang='grc' dir='ltr'><strong>καὶ</strong></span> <span class='ocrx_word' id='word_1_21' title='bbox 3619 529 3682 587; x_wconf 81' lang='grc' dir='ltr'>οὐ</span> <span class='ocrx_word' id='word_1_22' title='bbox 3722 528 4050 608; x_wconf 85' lang='grc' dir='ltr'>κατεδέχετο</span> 
     </span>
    </p>
   </div>
   <div class='ocr_carea' id='block_1_5' title="bbox 623 609 2278 691">
    <p class='ocr_par' dir='ltr' id='par_1_5' title="bbox 623 609 2278 691">
     <span class='ocr_line' id='line_1_5' title="bbox 623 609 2278 691; baseline -0.005 -18"><span class='ocrx_word' id='word_1_23' title='bbox 623 617 878 691; x_wconf 70' lang='grc' dir='ltr'>ὑποψίαν.</span> <span class='ocrx_word' id='word_1_24' title='bbox 940 617 1096 677; x_wconf 83' lang='grc' dir='ltr'>Ὅθεν</span> <span class='ocrx_word' id='word_1_25' title='bbox 1145 613 1233 669; x_wconf 81' lang='grc' dir='ltr'><strong>καὶ</strong></span> <span class='ocrx_word' id='word_1_26' title='bbox 1294 614 1366 674; x_wconf 88' lang='grc' dir='ltr'><strong>ὡς</strong></span> <span class='ocrx_word' id='word_1_27' title='bbox 1411 612 1646 681; x_wconf 83' lang='grc' dir='ltr'>ἀληθινά</span> <span class='ocrx_word' id='word_1_28' title='bbox 1690 613 1756 667; x_wconf 76' lang='grc' dir='ltr'><strong>τά</strong></span> <span class='ocrx_word' id='word_1_29' title='bbox 1802 612 2003 675; x_wconf 75' lang='grc' dir='ltr'>πιθανά</span> <span class='ocrx_word' id='word_1_30' title='bbox 2052 609 2278 682; x_wconf 84' lang='grc' dir='ltr'>δεξάμε-</span> 
     </span>
    </p>
   </div>
   <div class='ocr_carea' id='block_1_6' title="bbox 621 700 2280 777">
    <p class='ocr_par' dir='ltr' id='par_1_6' title="bbox 621 700 2280 777">
     <span class='ocr_line' id='line_1_6' title="bbox 621 700 2280 777; baseline -0.005 -18"><span class='ocrx_word' id='word_1_31' title='bbox 621 728 732 775; x_wconf 80' lang='grc' dir='ltr'>νος,</span> <span class='ocrx_word' id='word_1_32' title='bbox 765 709 1028 777; x_wconf 78' lang='grc' dir='ltr'><strong>τιμωρεῖν</strong></span> <span class='ocrx_word' id='word_1_33' title='bbox 1059 703 1365 776; x_wconf 75' lang='grc' dir='ltr'>παραυτίκα</span> <span class='ocrx_word' id='word_1_34' title='bbox 1393 700 1559 769; x_wconf 72' lang='grc' dir='ltr'>ἤῦελε</span> <span class='ocrx_word' id='word_1_35' title='bbox 1588 700 1677 754; x_wconf 90' lang='grc' dir='ltr'><strong>καὶ</strong></span> <span class='ocrx_word' id='word_1_36' title='bbox 1710 700 1856 773; x_wconf 69' lang='grc' dir='ltr'>παρὰ</span> <span class='ocrx_word' id='word_1_37' title='bbox 1900 705 2016 761; x_wconf 89' lang='grc' dir='ltr'>τοῖς</span> <span class='ocrx_word' id='word_1_38' title='bbox 2053 700 2280 773; x_wconf 76' lang='grc' dir='ltr'>ἐχθροῖς</span> 
     </span>
    </p>
   </div>
   <div class='ocr_carea' id='block_1_7' title="bbox 622 785 2279 869">
    <p class='ocr_par' dir='ltr' id='par_1_7' title="bbox 622 785 2279 869">
     <span class='ocr_line' id='line_1_7' title="bbox 622 785 2279 869; baseline -0.006 -21"><span class='ocrx_word' id='word_1_39' title='bbox 622 795 673 848; x_wconf 86' lang='grc' dir='ltr'><strong>ἐν</strong></span> <span class='ocrx_word' id='word_1_40' title='bbox 720 797 787 866; x_wconf 79' lang='grc' dir='ltr'><strong>τῇ</strong></span> <span class='ocrx_word' id='word_1_41' title='bbox 821 791 1038 869; x_wconf 79' lang='grc' dir='ltr'>φυλακῇ</span> <span class='ocrx_word' id='word_1_42' title='bbox 1090 787 1493 864; x_wconf 86' lang='grc' dir='ltr'>συνισχημένον</span> <span class='ocrx_word' id='word_1_43' title='bbox 1544 790 1632 842; x_wconf 82' lang='grc' dir='ltr'>τὸν</span> <span class='ocrx_word' id='word_1_44' title='bbox 1681 785 1864 861; x_wconf 74' lang='grc' dir='ltr'>ἄνδρα.</span> <span class='ocrx_word' id='word_1_45' title='bbox 1911 787 2013 843; x_wconf 83' lang='grc' dir='ltr'><strong>Καὶ</strong></span> <span class='ocrx_word' id='word_1_46' title='bbox 2062 786 2279 859; x_wconf 75' lang='grc' dir='ltr'>πέμψας</span> 
     </span>
    </p>
   </div>
   <div class='ocr_carea' id='block_1_8' title="bbox 622 874 2279 952">
    <p class='ocr_par' dir='ltr' id='par_1_8' title="bbox 622 874 2279 952">
     <span class='ocr_line' id='line_1_8' title="bbox 622 874 2279 952; baseline -0.008 -14"><span class='ocrx_word' id='word_1_47' title='bbox 622 882 781 938; x_wconf 75' lang='grc' dir='ltr'>αὐτὸν</span> <span class='ocrx_word' id='word_1_48' title='bbox 837 877 1198 935; x_wconf 84' lang='grc' dir='ltr'>ἀνταλλάττει</span> <span class='ocrx_word' id='word_1_49' title='bbox 1261 877 1527 952; x_wconf 82' lang='grc' dir='ltr'><strong>μεγίστων</strong></span> <span class='ocrx_word' id='word_1_50' title='bbox 1584 878 1893 951; x_wconf 83' lang='grc' dir='ltr'><strong>προσώπων</strong></span> <span class='ocrx_word' id='word_1_51' title='bbox 1956 874 2279 944; x_wconf 74' lang='grc' dir='ltr'>Ἰταλικῶν,</span> 
     </span>
    </p>
   </div>
   <div class='ocr_carea' id='block_1_9' title="bbox 621 962 2282 1044">
    <p class='ocr_par' dir='ltr' id='par_1_9' title="bbox 621 962 2282 1044">
     <span class='ocr_line' id='line_1_9' title="bbox 621 962 2282 1044; baseline -0.005 -20"><span class='ocrx_word' id='word_1_52' title='bbox 621 971 710 1024; x_wconf 82' lang='grc' dir='ltr'>καὶ</span> <span class='ocrx_word' id='word_1_53' title='bbox 768 964 1115 1044; x_wconf 75' lang='grc' dir='ltr'>παρασχεδὸν</span> <span class='ocrx_word' id='word_1_54' title='bbox 1180 968 1289 1020; x_wconf 89' lang='grc' dir='ltr'><strong>τῶν</strong></span> <span class='ocrx_word' id='word_1_55' title='bbox 1359 964 1660 1041; x_wconf 76' lang='grc' dir='ltr'><strong>ὀφθαλμῶν</strong></span> <span class='ocrx_word' id='word_1_56' title='bbox 1720 965 2071 1040; x_wconf 68' lang='grc' dir='ltr'>ἀφαιρεῖται,</span> <span class='ocrx_word' id='word_1_57' title='bbox 2133 962 2282 1034; x_wconf 76' lang='grc' dir='ltr'>ἀξίας</span> 
     </span>
    </p>
   </div>
   <div class='ocr_carea' id='block_1_10' title="bbox 624 1050 2278 1129">
    <p class='ocr_par' dir='ltr' id='par_1_10' title="bbox 624 1050 2278 1129">
     <span class='ocr_line' id='line_1_10' title="bbox 624 1050 2278 1129; baseline -0.005 -16"><span class='ocrx_word' id='word_1_58' title='bbox 624 1056 924 1118; x_wconf 79' lang='grc' dir='ltr'><strong>ἀντιδόσεις</strong></span> <span class='ocrx_word' id='word_1_59' title='bbox 977 1053 1159 1116; x_wconf 73' lang='grc' dir='ltr'>διδοὺς</span> <span class='ocrx_word' id='word_1_60' title='bbox 1216 1059 1323 1108; x_wconf 84' lang='grc' dir='ltr'><strong>τῶν</strong></span> <span class='ocrx_word' id='word_1_61' title='bbox 1385 1051 1885 1129; x_wconf 68' lang='grc' dir='ltr'><strong>ἀνδραγαθημάτων</strong></span> <span class='ocrx_word' id='word_1_62' title='bbox 1946 1054 2017 1105; x_wconf 85' lang='grc' dir='ltr'><strong>ὧν</strong></span> <span class='ocrx_word' id='word_1_63' title='bbox 2074 1050 2278 1113; x_wconf 86' lang='grc' dir='ltr'>ἐκεῖνος</span> 
     </span>
    </p>
   </div>
   <div class='ocr_carea' id='block_1_11' title="bbox 622 1139 2278 1222">
    <p class='ocr_par' dir='ltr' id='par_1_11' title="bbox 622 1139 2278 1222">
     <span class='ocr_line' id='line_1_11' title="bbox 622 1139 2278 1222; baseline -0.005 -22"><span class='ocrx_word' id='word_1_64' title='bbox 622 1146 901 1222; x_wconf 56' lang='grc' dir='ltr'>εἰργάζετο</span> <span class='ocrx_word' id='word_1_65' title='bbox 951 1144 1088 1199; x_wconf 84' lang='grc' dir='ltr'><strong>κατά</strong></span> <span class='ocrx_word' id='word_1_66' title='bbox 1134 1142 1403 1215; x_wconf 74' lang='grc' dir='ltr'>πόλεμον,</span> <span class='ocrx_word' id='word_1_67' title='bbox 1460 1147 1579 1202; x_wconf 82' lang='grc' dir='ltr'>τοῖς</span> <span class='ocrx_word' id='word_1_68' title='bbox 1631 1141 1852 1216; x_wconf 78' lang='grc' dir='ltr'><strong>ἐχθροῖς</strong></span> <span class='ocrx_word' id='word_1_69' title='bbox 1906 1139 2160 1212; x_wconf 73' lang='grc' dir='ltr'><strong>γενναίως</strong></span> <span class='ocrx_word' id='word_1_70' title='bbox 2188 1139 2278 1192; x_wconf 81' lang='grc' dir='ltr'><strong>καὶ</strong></span> 
     </span>
    </p>
   </div>
   <div class='ocr_carea' id='block_1_12' title="bbox 623 1227 2282 1310">
    <p class='ocr_par' dir='ltr' id='par_1_12' title="bbox 623 1227 2282 1310">
     <span class='ocr_line' id='line_1_12' title="bbox 623 1227 2282 1310; baseline -0.005 -21"><span class='ocrx_word' id='word_1_71' title='bbox 623 1233 895 1310; x_wconf 81' lang='grc' dir='ltr'>ἀνδρικῶς</span> <span class='ocrx_word' id='word_1_72' title='bbox 946 1232 1352 1303; x_wconf 75' lang='grc' dir='ltr'><strong>ἀνθιστάμενος.</strong></span> <span class='ocrx_word' id='word_1_73' title='bbox 1412 1227 1574 1287; x_wconf 86' lang='grc' dir='ltr'>Ἀλλ’</span> <span class='ocrx_word' id='word_1_74' title='bbox 1634 1229 1777 1284; x_wconf 72' lang='grc' dir='ltr'>οὕτω</span> <span class='ocrx_word' id='word_1_75' title='bbox 1830 1230 1924 1301; x_wconf 78' lang='grc' dir='ltr'>μὶν</span> <span class='ocrx_word' id='word_1_76' title='bbox 1977 1235 2067 1283; x_wconf 85' lang='grc' dir='ltr'><strong>καί</strong></span> <span class='ocrx_word' id='word_1_77' title='bbox 2112 1231 2282 1282; x_wconf 76' lang='grc' dir='ltr'>ταῦτα</span> 
     </span>
    </p>
   </div>
   <div class='ocr_carea' id='block_1_13' title="bbox 622 1315 2271 1395">
    <p class='ocr_par' dir='ltr' id='par_1_13' title="bbox 622 1315 2271 1395">
     <span class='ocr_line' id='line_1_13' title="bbox 622 1315 2271 1395; baseline -0.004 -17"><span class='ocrx_word' id='word_1_78' title='bbox 622 1319 844 1392; x_wconf 74' lang='grc' dir='ltr'>συνέϐη·</span> <span class='ocrx_word' id='word_1_79' title='bbox 879 1324 907 1377; x_wconf 86' lang='grc' dir='ltr'>ὁ</span> <span class='ocrx_word' id='word_1_80' title='bbox 941 1320 997 1377; x_wconf 84' lang='grc' dir='ltr'><strong>δέ</strong></span> <span class='ocrx_word' id='word_1_81' title='bbox 1026 1343 1085 1395; x_wconf 86' lang='grc' dir='ltr'><strong>γε</strong></span> <span class='ocrx_word' id='word_1_82' title='bbox 1134 1317 1572 1395; x_wconf 83' lang='grc' dir='ltr'>πρωτοστράτωρ</span> <span class='ocrx_word' id='word_1_83' title='bbox 1602 1316 2075 1392; x_wconf 80' lang='grc' dir='ltr'>Φιλανθρωπηνὸς</span> <span class='ocrx_word' id='word_1_84' title='bbox 2121 1315 2271 1374; x_wconf 84' lang='grc' dir='ltr'>Ἀλέ-</span> 
     </span>
    </p>
   </div>
   <div class='ocr_carea' id='block_1_14' title="bbox 620 1405 2279 1482">
    <p class='ocr_par' dir='ltr' id='par_1_14' title="bbox 620 1405 2279 1482">
     <span class='ocr_line' id='line_1_14' title="bbox 620 1405 2279 1482; baseline -0.004 -16"><span class='ocrx_word' id='word_1_85' title='bbox 620 1413 733 1482; x_wconf 77' lang='grc' dir='ltr'>ξιος</span> <span class='ocrx_word' id='word_1_86' title='bbox 790 1416 910 1472; x_wconf 89' lang='grc' dir='ltr'>ταῖς</span> <span class='ocrx_word' id='word_1_87' title='bbox 968 1411 1158 1479; x_wconf 72' lang='grc' dir='ltr'>νήσοις</span> <span class='ocrx_word' id='word_1_88' title='bbox 1203 1406 1522 1482; x_wconf 83' lang='grc' dir='ltr'>προσίσχων</span> <span class='ocrx_word' id='word_1_89' title='bbox 1581 1406 1676 1469; x_wconf 78' lang='grc' dir='ltr'><strong>τὰς</strong></span> <span class='ocrx_word' id='word_1_90' title='bbox 1719 1410 1846 1467; x_wconf 83' lang='grc' dir='ltr'>ναῦς</span> <span class='ocrx_word' id='word_1_91' title='bbox 1898 1406 1981 1479; x_wconf 77' lang='grc' dir='ltr'><strong>(τὸ</strong></span> <span class='ocrx_word' id='word_1_92' title='bbox 2028 1405 2130 1481; x_wconf 74' lang='grc' dir='ltr'><strong>γὰρ</strong></span> <span class='ocrx_word' id='word_1_93' title='bbox 2176 1412 2279 1460; x_wconf 76' lang='grc' dir='ltr'><strong>Γαο</strong></span> 
     </span>
    </p>
   </div>
   <div class='ocr_carea' id='block_1_15' title="bbox 622 1494 2279 1573">
    <p class='ocr_par' dir='ltr' id='par_1_15' title="bbox 622 1494 2279 1573">
     <span class='ocr_line' id='line_1_15' title="bbox 622 1494 2279 1573; baseline -0.004 -18"><span class='ocrx_word' id='word_1_94' title='bbox 622 1498 925 1573; x_wconf 87' lang='grc' dir='ltr'>σμουλικὸν</span> <span class='ocrx_word' id='word_1_95' title='bbox 989 1496 1335 1573; x_wconf 75' lang='grc' dir='ltr'>θαῤῥούντως</span> <span class='ocrx_word' id='word_1_96' title='bbox 1400 1497 1521 1570; x_wconf 83' lang='grc' dir='ltr'>εἶχε</span> <span class='ocrx_word' id='word_1_97' title='bbox 1574 1495 1710 1569; x_wconf 84' lang='grc' dir='ltr'>πρὸς</span> <span class='ocrx_word' id='word_1_98' title='bbox 1762 1495 1862 1556; x_wconf 79' lang='grc' dir='ltr'>τὰς</span> <span class='ocrx_word' id='word_1_99' title='bbox 1925 1496 2143 1570; x_wconf 81' lang='grc' dir='ltr'>μάχας,</span> <span class='ocrx_word' id='word_1_100' title='bbox 2202 1494 2279 1556; x_wconf 86' lang='grc' dir='ltr'><strong>ὡς</strong></span> 
     </span>
    </p>
   </div>
   <div class='ocr_carea' id='block_1_16' title="bbox 622 1582 2276 1663">
    <p class='ocr_par' dir='ltr' id='par_1_16' title="bbox 622 1582 2276 1663">
     <span class='ocr_line' id='line_1_16' title="bbox 622 1582 2276 1663; baseline -0.004 -19"><span class='ocrx_word' id='word_1_101' title='bbox 622 1589 817 1652; x_wconf 75' lang='grc' dir='ltr'>αὐτοὺς</span> <span class='ocrx_word' id='word_1_102' title='bbox 871 1589 967 1663; x_wconf 74' lang='grc' dir='ltr'>μὲν</span> <span class='ocrx_word' id='word_1_103' title='bbox 999 1588 1137 1662; x_wconf 89' lang='grc' dir='ltr'>πρὸς</span> <span class='ocrx_word' id='word_1_104' title='bbox 1174 1585 1386 1660; x_wconf 82' lang='grc' dir='ltr'>μάχην,</span> <span class='ocrx_word' id='word_1_105' title='bbox 1418 1584 1545 1647; x_wconf 80' lang='grc' dir='ltr'>τοὺς</span> <span class='ocrx_word' id='word_1_106' title='bbox 1576 1582 1633 1639; x_wconf 80' lang='grc' dir='ltr'><strong>δέ</strong></span> <span class='ocrx_word' id='word_1_107' title='bbox 1662 1605 1725 1659; x_wconf 90' lang='grc' dir='ltr'><strong>γε</strong></span> <span class='ocrx_word' id='word_1_108' title='bbox 1775 1583 2105 1659; x_wconf 74' lang='grc' dir='ltr'>λεγομένους</span> <span class='ocrx_word' id='word_1_109' title='bbox 2136 1604 2276 1658; x_wconf 89' lang='grc' dir='ltr'>προ-</span> 
     </span>
    </p>
   </div>
   <div class='ocr_carea' id='block_1_17' title="bbox 620 1671 2277 1746">
    <p class='ocr_par' dir='ltr' id='par_1_17' title="bbox 620 1671 2277 1746">
     <span class='ocr_line' id='line_1_17' title="bbox 620 1671 2277 1746; baseline -0.005 -13"><span class='ocrx_word' id='word_1_110' title='bbox 620 1677 895 1740; x_wconf 87' lang='grc' dir='ltr'>σελῶντας</span> <span class='ocrx_word' id='word_1_111' title='bbox 927 1676 1002 1738; x_wconf 83' lang='grc' dir='ltr'><strong>είς</strong></span> <span class='ocrx_word' id='word_1_112' title='bbox 1041 1674 1262 1731; x_wconf 84' lang='grc' dir='ltr'>ἐλασίαν</span> <span class='ocrx_word' id='word_1_113' title='bbox 1314 1673 1403 1728; x_wconf 86' lang='grc' dir='ltr'><strong>καὶ</strong></span> <span class='ocrx_word' id='word_1_114' title='bbox 1458 1672 1629 1746; x_wconf 84' lang='grc' dir='ltr'>μόνην</span> <span class='ocrx_word' id='word_1_115' title='bbox 1678 1672 2006 1745; x_wconf 77' lang='grc' dir='ltr'>τάττεσθαι),</span> <span class='ocrx_word' id='word_1_116' title='bbox 2056 1671 2277 1746; x_wconf 88' lang='grc' dir='ltr'>προσέτι</span> 
     </span>
    </p>
   </div>
   <div class='ocr_carea' id='block_1_18' title="bbox 621 1758 2278 1838">
    <p class='ocr_par' dir='ltr' id='par_1_18' title="bbox 621 1758 2278 1838">
     <span class='ocr_line' id='line_1_18' title="bbox 621 1758 2278 1838; baseline -0.005 -15"><span class='ocrx_word' id='word_1_117' title='bbox 621 1765 680 1823; x_wconf 73' lang='grc' dir='ltr'>δὶ</span> <span class='ocrx_word' id='word_1_118' title='bbox 724 1766 816 1822; x_wconf 86' lang='grc' dir='ltr'>καὶ</span> <span class='ocrx_word' id='word_1_119' title='bbox 875 1765 1192 1822; x_wconf 74' lang='grc' dir='ltr'>Λακωνικὸν</span> <span class='ocrx_word' id='word_1_120' title='bbox 1241 1758 1387 1838; x_wconf 79' lang='grc' dir='ltr'>ἔχων</span> <span class='ocrx_word' id='word_1_121' title='bbox 1444 1761 1535 1825; x_wconf 74' lang='grc' dir='ltr'>οὓς</span> <span class='ocrx_word' id='word_1_122' title='bbox 1588 1760 1653 1830; x_wconf 80' lang='grc' dir='ltr'>δὴ</span> <span class='ocrx_word' id='word_1_123' title='bbox 1704 1761 1810 1816; x_wconf 83' lang='grc' dir='ltr'>ἀπὸ</span> <span class='ocrx_word' id='word_1_124' title='bbox 1856 1762 2278 1832; x_wconf 79' lang='grc' dir='ltr'>Πελοποννήσου</span> 
     </span>
    </p>
   </div>
   <div class='ocr_carea' id='block_1_19' title="bbox 623 1849 2274 1929">
    <p class='ocr_par' dir='ltr' id='par_1_19' title="bbox 623 1849 2274 1929">
     <span class='ocr_line' id='line_1_19' title="bbox 623 1849 2274 1929; baseline -0.004 -18"><span class='ocrx_word' id='word_1_125' title='bbox 623 1856 918 1929; x_wconf 78' lang='grc' dir='ltr'>μετῴκιζεν</span> <span class='ocrx_word' id='word_1_126' title='bbox 955 1855 982 1908; x_wconf 87' lang='grc' dir='ltr'>ὁ</span> <span class='ocrx_word' id='word_1_127' title='bbox 1012 1856 1251 1928; x_wconf 84' lang='grc' dir='ltr'>κρατῶν,</span> <span class='ocrx_word' id='word_1_128' title='bbox 1280 1851 1512 1912; x_wconf 79' lang='grc' dir='ltr'>τούτους</span> <span class='ocrx_word' id='word_1_129' title='bbox 1543 1852 1746 1913; x_wconf 82' lang='grc' dir='ltr'>πάντας</span> <span class='ocrx_word' id='word_1_130' title='bbox 1785 1849 1873 1905; x_wconf 88' lang='grc' dir='ltr'><strong>ἐπὶ</strong></span> <span class='ocrx_word' id='word_1_131' title='bbox 1904 1855 2051 1921; x_wconf 84' lang='grc' dir='ltr'>νηῶν</span> <span class='ocrx_word' id='word_1_132' title='bbox 2100 1850 2274 1927; x_wconf 76' lang='grc' dir='ltr'>φέρων</span> 
     </span>
    </p>
   </div>
   <div class='ocr_carea' id='block_1_20' title="bbox 618 1937 2278 2015">
    <p class='ocr_par' dir='ltr' id='par_1_20' title="bbox 618 1937 2278 2015">
     <span class='ocr_line' id='line_1_20' title="bbox 618 1937 2278 2015; baseline -0.004 -15"><span class='ocrx_word' id='word_1_133' title='bbox 618 1945 814 2000; x_wconf 87' lang='grc' dir='ltr'>ἐκάκου</span> <span class='ocrx_word' id='word_1_134' title='bbox 844 1944 939 2005; x_wconf 77' lang='grc' dir='ltr'><strong>τὰς</strong></span> <span class='ocrx_word' id='word_1_135' title='bbox 964 1945 1168 2012; x_wconf 81' lang='grc' dir='ltr'>νήσους</span> <span class='ocrx_word' id='word_1_136' title='bbox 1197 1940 1289 1995; x_wconf 88' lang='grc' dir='ltr'><strong>καὶ</strong></span> <span class='ocrx_word' id='word_1_137' title='bbox 1319 1941 1411 1995; x_wconf 87' lang='grc' dir='ltr'>τὸν</span> <span class='ocrx_word' id='word_1_138' title='bbox 1444 1943 1551 1994; x_wconf 87' lang='grc' dir='ltr'><strong>τῶν</strong></span> <span class='ocrx_word' id='word_1_139' title='bbox 1585 1939 1800 2015; x_wconf 72' lang='grc' dir='ltr'>ἐχθρῶν</span> <span class='ocrx_word' id='word_1_140' title='bbox 1852 1937 2093 1994; x_wconf 81' lang='grc' dir='ltr'>πλοῦτον</span> <span class='ocrx_word' id='word_1_141' title='bbox 2142 1960 2278 2015; x_wconf 91' lang='grc' dir='ltr'>προ-</span> 
     </span>
    </p>
   </div>
   <div class='ocr_carea' id='block_1_21' title="bbox 621 2030 1136 2109">
    <p class='ocr_par' dir='ltr' id='par_1_21' title="bbox 621 2030 1136 2109">
     <span class='ocr_line' id='line_1_21' title="bbox 621 2030 1136 2109; baseline -0.006 -19"><span class='ocrx_word' id='word_1_142' title='bbox 621 2040 753 2109; x_wconf 81' lang='grc' dir='ltr'>σῆγε</span> <span class='ocrx_word' id='word_1_143' title='bbox 779 2038 862 2107; x_wconf 77' lang='grc' dir='ltr'>τῷ</span> <span class='ocrx_word' id='word_1_144' title='bbox 900 2030 1136 2109; x_wconf 84' lang='grc' dir='ltr'>βασιλεῖ.</span> 
     </span>
    </p>
   </div>
   <div class='ocr_carea' id='block_1_22' title="bbox 625 2142 2279 2224">
    <p class='ocr_par' dir='ltr' id='par_1_22' title="bbox 625 2142 2279 2224">
     <span class='ocr_line' id='line_1_22' title="bbox 625 2142 2279 2224; baseline -0.003 -21"><span class='ocrx_word' id='word_1_145' title='bbox 625 2152 745 2224; x_wconf 62' lang='grc' dir='ltr'><strong>ιη’.Δ</strong></span> <span class='ocrx_word' id='word_1_146' title='bbox 777 2142 1066 2224; x_wconf 67' lang='grc' dir='ltr'>Πρεσβεῖαι</span> <span class='ocrx_word' id='word_1_147' title='bbox 1135 2146 1274 2224; x_wconf 66' lang='grc' dir='ltr'>πρρς</span> <span class='ocrx_word' id='word_1_148' title='bbox 1334 2146 1539 2224; x_wconf 69' lang='grc' dir='ltr'>πάτξαν,</span> <span class='ocrx_word' id='word_1_149' title='bbox 1586 2144 1686 2224; x_wconf 40' lang='grc' dir='ltr'>,καὶ</span> <span class='ocrx_word' id='word_1_150' title='bbox 1744 2142 1897 2224; x_wconf 78' lang='grc' dir='ltr'>ὅπως</span> <span class='ocrx_word' id='word_1_151' title='bbox 2027 2143 2279 2224; x_wconf 74' lang='grc' dir='ltr'>βασιλεὺς</span> 
     </span>
    </p>
   </div>
   <div class='ocr_carea' id='block_1_23' title="bbox 692 2214 2278 2296">
    <p class='ocr_par' dir='ltr' id='par_1_23' title="bbox 692 2214 2278 2296">
     <span class='ocr_line' id='line_1_23' title="bbox 692 2214 2278 2296; baseline -0.004 -19"><span class='ocrx_word' id='word_1_152' title='bbox 692 2220 760 2277; x_wconf 77' lang='grc' dir='ltr'><strong>τὰ</strong></span> <span class='ocrx_word' id='word_1_153' title='bbox 825 2214 949 2296; x_wconf 75' lang='grc' dir='ltr'>περὶ</span> <span class='ocrx_word' id='word_1_154' title='bbox 1017 2218 1108 2275; x_wconf 88' lang='grc' dir='ltr'><strong>τὸν</strong></span> <span class='ocrx_word' id='word_1_155' title='bbox 1180 2214 1363 2296; x_wconf 12' lang='grc' dir='ltr'>Ἀῖμονν</span> <span class='ocrx_word' id='word_1_156' title='bbox 1431 2214 1767 2296; x_wconf 70' lang='grc' dir='ltr'>διατεθείκιι,</span> <span class='ocrx_word' id='word_1_157' title='bbox 1841 2214 2278 2296; x_wconf 41' lang='grc' dir='ltr'>αὐτὸςξιέπιτάτ-</span> 
     </span>
    </p>
   </div>
   <div class='ocr_carea' id='block_1_24' title="bbox 694 2284 2279 2365">
    <p class='ocr_par' dir='ltr' id='par_1_24' title="bbox 694 2284 2279 2365">
     <span class='ocr_line' id='line_1_24' title="bbox 694 2284 2279 2365; baseline -0.003 -17"><span class='ocrx_word' id='word_1_158' title='bbox 694 2314 802 2348; x_wconf 90' lang='grc' dir='ltr'><strong>των</strong></span> <span class='ocrx_word' id='word_1_159' title='bbox 873 2284 993 2355; x_wconf 67' lang='grc' dir='ltr'><strong>⁸τοῖς</strong></span> <span class='ocrx_word' id='word_1_160' title='bbox 1068 2284 1394 2365; x_wconf 84' lang='grc' dir='ltr'>στρατηγοῖς</span> <span class='ocrx_word' id='word_1_161' title='bbox 1450 2294 1557 2344; x_wconf 91' lang='grc' dir='ltr'><strong>τῶν</strong></span> <span class='ocrx_word' id='word_1_162' title='bbox 1640 2287 1919 2359; x_wconf 83' lang='grc' dir='ltr'>δυνάμεων</span> <span class='ocrx_word' id='word_1_163' title='bbox 1983 2284 2126 2344; x_wconf 81' lang='grc' dir='ltr'>οἷ’κοι</span> <span class='ocrx_word' id='word_1_164' title='bbox 2184 2311 2279 2344; x_wconf 90' lang='grc' dir='ltr'>κα-</span> 
     </span>
    </p>
   </div>
   <div class='ocr_carea' id='block_1_25' title="bbox 694 2368 954 2439">
    <p class='ocr_par' dir='ltr' id='par_1_25' title="bbox 694 2368 954 2439">
     <span class='ocr_line' id='line_1_25' title="bbox 694 2368 954 2439; baseline -0.008 -19"><span class='ocrx_word' id='word_1_165' title='bbox 694 2368 760 2437; x_wconf 79' lang='grc' dir='ltr'><strong>θή</strong></span> <span class='ocrx_word' id='word_1_166' title='bbox 772 2385 954 2439; x_wconf 89' lang='grc' dir='ltr'>μενος,</span> 
     </span>
    </p>
   </div>
   <div class='ocr_carea' id='block_1_26' title="bbox 695 2473 2277 2553">
    <p class='ocr_par' dir='ltr' id='par_1_26' title="bbox 695 2473 2277 2553">
     <span class='ocr_line' id='line_1_26' title="bbox 695 2473 2277 2553; baseline -0.003 -20"><span class='ocrx_word' id='word_1_167' title='bbox 695 2483 777 2553; x_wconf 88' lang='grc' dir='ltr'><strong>[Ρ.</strong></span> <span class='ocrx_word' id='word_1_168' title='bbox 811 2480 936 2551; x_wconf 67' lang='lat' dir='ltr'><strong>MO]</strong></span> <span class='ocrx_word' id='word_1_169' title='bbox 968 2478 1045 2535; x_wconf 87' lang='grc' dir='ltr'>Ού</span> <span class='ocrx_word' id='word_1_170' title='bbox 1080 2477 1188 2550; x_wconf 82' lang='grc' dir='ltr'><strong>μὴν</strong></span> <span class='ocrx_word' id='word_1_171' title='bbox 1221 2474 1351 2531; x_wconf 77' lang='grc' dir='ltr'>ἀλλ’</span> <span class='ocrx_word' id='word_1_172' title='bbox 1406 2473 1526 2531; x_wconf 80' lang='grc' dir='ltr'>οὐδ’</span> <span class='ocrx_word' id='word_1_173' title='bbox 1572 2477 1600 2530; x_wconf 85' lang='grc' dir='ltr'>ὁ</span> <span class='ocrx_word' id='word_1_174' title='bbox 1637 2474 1893 2551; x_wconf 74' lang='grc' dir='ltr'>βασιλεὺς</span> <span class='ocrx_word' id='word_1_175' title='bbox 1935 2473 2076 2531; x_wconf 78' lang='grc' dir='ltr'>οἷ’κοι</span> <span class='ocrx_word' id='word_1_176' title='bbox 2109 2477 2277 2547; x_wconf 83' lang='grc' dir='ltr'>καθή-</span> 
     </span>
    </p>
   </div>
   <div class='ocr_carea' id='block_1_27' title="bbox 626 2564 2277 2643">
    <p class='ocr_par' dir='ltr' id='par_1_27' title="bbox 626 2564 2277 2643">
     <span class='ocr_line' id='line_1_27' title="bbox 626 2564 2277 2643; baseline -0.002 -20"><span class='ocrx_word' id='word_1_177' title='bbox 626 2588 788 2643; x_wconf 87' lang='grc' dir='ltr'>μενος</span> <span class='ocrx_word' id='word_1_178' title='bbox 846 2565 1112 2643; x_wconf 76' lang='grc' dir='ltr'>ἡπράκτεῑ</span> <span class='ocrx_word' id='word_1_179' title='bbox 1163 2565 1253 2620; x_wconf 90' lang='grc' dir='ltr'><strong>καὶ</strong></span> <span class='ocrx_word' id='word_1_180' title='bbox 1316 2570 1422 2620; x_wconf 88' lang='grc' dir='ltr'><strong>τῶν</strong></span> <span class='ocrx_word' id='word_1_181' title='bbox 1475 2565 1810 2639; x_wconf 84' lang='grc' dir='ltr'>πραγμάτων</span> <span class='ocrx_word' id='word_1_182' title='bbox 1859 2564 2277 2641; x_wconf 71' lang='grc' dir='ltr'>κατερρᾳθύμει,</span> 
     </span>
    </p>
   </div>
   <div class='ocr_carea' id='block_1_28' title="bbox 620 2650 2280 2731">
    <p class='ocr_par' dir='ltr' id='par_1_28' title="bbox 620 2650 2280 2731">
     <span class='ocr_line' id='line_1_28' title="bbox 620 2650 2280 2731; baseline -0.003 -17"><span class='ocrx_word' id='word_1_183' title='bbox 620 2657 825 2729; x_wconf 83' lang='grc' dir='ltr'>πόθεν;</span> <span class='ocrx_word' id='word_1_184' title='bbox 884 2653 1101 2712; x_wconf 82' lang='grc' dir='ltr'>πολλοῦ</span> <span class='ocrx_word' id='word_1_185' title='bbox 1131 2650 1195 2731; x_wconf 81' lang='grc' dir='ltr'><strong>γε</strong></span> <span class='ocrx_word' id='word_1_186' title='bbox 1245 2655 1336 2710; x_wconf 89' lang='grc' dir='ltr'><strong>καὶ</strong></span> <span class='ocrx_word' id='word_1_187' title='bbox 1391 2652 1493 2712; x_wconf 81' lang='grc' dir='ltr'>δεῖ.</span> <span class='ocrx_word' id='word_1_188' title='bbox 1541 2655 1675 2729; x_wconf 72' lang='grc' dir='ltr'>Εἶχε</span> <span class='ocrx_word' id='word_1_189' title='bbox 1702 2653 1803 2730; x_wconf 78' lang='grc' dir='ltr'><strong>γὰρ</strong></span> <span class='ocrx_word' id='word_1_190' title='bbox 1832 2658 1950 2718; x_wconf 87' lang='grc' dir='ltr'>τοῖς</span> <span class='ocrx_word' id='word_1_191' title='bbox 1994 2652 2280 2723; x_wconf 81' lang='grc' dir='ltr'>ἀληθείαις</span> 
     </span>
    </p>
   </div>
   <div class='ocr_carea' id='block_1_29' title="bbox 624 2855 2285 2930">
    <p class='ocr_par' dir='ltr' id='par_1_29' title="bbox 624 2855 2285 2930">
     <span class='ocr_line' id='line_1_29' title="bbox 624 2855 2285 2930; baseline -0.003 -10"><span class='ocrx_word' id='word_1_192' title='bbox 624 2862 843 2920; x_wconf 90' lang='lat' dir='ltr'><strong>simum</strong></span> <span class='ocrx_word' id='word_1_193' title='bbox 870 2861 1049 2918; x_wconf 80' lang='lat' dir='ltr'><strong>rebus</strong></span> <span class='ocrx_word' id='word_1_194' title='bbox 1071 2860 1197 2915; x_wconf 92' lang='lat' dir='ltr'><strong>suis</strong></span> <span class='ocrx_word' id='word_1_195' title='bbox 1216 2858 1482 2914; x_wconf 83' lang='lat' dir='ltr'><strong>futurum</strong></span> <span class='ocrx_word' id='word_1_196' title='bbox 1496 2855 2113 2930; x_wconf 86' lang='lat' dir='ltr'><strong>intelligebat,idcireo</strong></span> <span class='ocrx_word' id='word_1_197' title='bbox 2131 2860 2285 2930; x_wconf 88' lang='lat' dir='ltr'><strong>quod</strong></span> 
     </span>
    </p>
   </div>
   <div class='ocr_carea' id='block_1_30' title="bbox 629 2946 2284 3021">
    <p class='ocr_par' dir='ltr' id='par_1_30' title="bbox 629 2946 2284 3021">
     <span class='ocr_line' id='line_1_30' title="bbox 629 2946 2284 3021; baseline -0.004 -12"><span class='ocrx_word' id='word_1_198' title='bbox 629 2969 756 3009; x_wconf 88' lang='lat' dir='ltr'><strong>eam</strong></span> <span class='ocrx_word' id='word_1_199' title='bbox 790 2950 1099 3007; x_wconf 83' lang='lat' dir='ltr'><strong>mulierem</strong></span> <span class='ocrx_word' id='word_1_200' title='bbox 1134 2953 1339 3021; x_wconf 83' lang='lat' dir='ltr'><strong>utpote</strong></span> <span class='ocrx_word' id='word_1_201' title='bbox 1370 2963 1632 3003; x_wconf 79' lang='lat' dir='ltr'><strong>sororem</strong></span> <span class='ocrx_word' id='word_1_202' title='bbox 1666 2946 1928 3003; x_wconf 55' lang='lat' dir='ltr'><strong>exeacati</strong></span> <span class='ocrx_word' id='word_1_203' title='bbox 1959 2963 1992 3002; x_wconf 89' lang='lat' dir='ltr'><strong>a</strong></span> <span class='ocrx_word' id='word_1_204' title='bbox 2022 2962 2084 3002; x_wconf 84' lang='lat' dir='ltr'><strong>se</strong></span> <span class='ocrx_word' id='word_1_205' title='bbox 2102 2947 2284 3003; x_wconf 86' lang='lat' dir='ltr'><strong>Joan-</strong></span> 
     </span>
    </p>
   </div>
   <div class='ocr_carea' id='block_1_31' title="bbox 626 3036 2283 3108">
    <p class='ocr_par' dir='ltr' id='par_1_31' title="bbox 626 3036 2283 3108">
     <span class='ocr_line' id='line_1_31' title="bbox 626 3036 2283 3108; baseline -0.002 -11"><span class='ocrx_word' id='word_1_206' title='bbox 626 3042 720 3097; x_wconf 90' lang='lat' dir='ltr'><strong>nis</strong></span> <span class='ocrx_word' id='word_1_207' title='bbox 745 3041 860 3097; x_wconf 90' lang='lat' dir='ltr'><strong>sibi</strong></span> <span class='ocrx_word' id='word_1_208' title='bbox 895 3056 1026 3096; x_wconf 90' lang='lat' dir='ltr'><strong>esse</strong></span> <span class='ocrx_word' id='word_1_209' title='bbox 1058 3037 1350 3094; x_wconf 84' lang='lat' dir='ltr'><strong>infensam</strong></span> <span class='ocrx_word' id='word_1_210' title='bbox 1380 3036 1818 3108; x_wconf 87' lang='lat' dir='ltr'><strong>suspicabatur,</strong></span> <span class='ocrx_word' id='word_1_211' title='bbox 1850 3036 2181 3092; x_wconf 89' lang='lat' dir='ltr'><strong>concitatus</strong></span> <span class='ocrx_word' id='word_1_212' title='bbox 2224 3038 2283 3093; x_wconf 91' lang='lat' dir='ltr'><strong>in</strong></span> 
     </span>
    </p>
   </div>
   <div class='ocr_carea' id='block_1_32' title="bbox 623 3124 2287 3198">
    <p class='ocr_par' dir='ltr' id='par_1_32' title="bbox 623 3124 2287 3198">
     <span class='ocr_line' id='line_1_32' title="bbox 623 3124 2287 3198; baseline -0.002 -12"><span class='ocrx_word' id='word_1_213' title='bbox 623 3130 1032 3186; x_wconf 84' lang='lat' dir='ltr'><strong>vehementem</strong></span> <span class='ocrx_word' id='word_1_214' title='bbox 1066 3128 1301 3193; x_wconf 86' lang='lat' dir='ltr'><strong>iram,et</strong></span> <span class='ocrx_word' id='word_1_215' title='bbox 1323 3143 1450 3198; x_wconf 64' lang='lat' dir='ltr'><strong>quis</strong></span> <span class='ocrx_word' id='word_1_216' title='bbox 1483 3129 1714 3182; x_wconf 90' lang='lat' dir='ltr'><strong>tantum</strong></span> <span class='ocrx_word' id='word_1_217' title='bbox 1740 3124 2287 3183; x_wconf 84' lang='lat' dir='ltr'><strong>verisimititernar-</strong></span> 
     </span>
    </p>
   </div>
   <div class='ocr_carea' id='block_1_33' title="bbox 628 3213 2284 3290">
    <p class='ocr_par' dir='ltr' id='par_1_33' title="bbox 628 3213 2284 3290">
     <span class='ocr_line' id='line_1_33' title="bbox 628 3213 2284 3290; baseline -0.002 -15"><span class='ocrx_word' id='word_1_218' title='bbox 628 3219 934 3284; x_wconf 74' lang='lat' dir='ltr'><strong>rebantur,</strong></span> <span class='ocrx_word' id='word_1_219' title='bbox 958 3234 1062 3290; x_wconf 92' lang='lat' dir='ltr'><strong>pro</strong></span> <span class='ocrx_word' id='word_1_220' title='bbox 1088 3216 1244 3272; x_wconf 90' lang='lat' dir='ltr'><strong>veris</strong></span> <span class='ocrx_word' id='word_1_221' title='bbox 1278 3220 1335 3270; x_wconf 91' lang='lat' dir='ltr'><strong>et</strong></span> <span class='ocrx_word' id='word_1_222' title='bbox 1365 3213 1607 3271; x_wconf 87' lang='lat' dir='ltr'><strong>omnino</strong></span> <span class='ocrx_word' id='word_1_223' title='bbox 1657 3214 1830 3269; x_wconf 85' lang='lat' dir='ltr'><strong>certis</strong></span> <span class='ocrx_word' id='word_1_224' title='bbox 1863 3213 2088 3270; x_wconf 89' lang='lat' dir='ltr'><strong>habens</strong></span> <span class='ocrx_word' id='word_1_225' title='bbox 2122 3221 2284 3271; x_wconf 90' lang='lat' dir='ltr'><strong>atro-</strong></span> 
     </span>
    </p>
   </div>
   <div class='ocr_carea' id='block_1_34' title="bbox 2388 615 4049 692">
    <p class='ocr_par' dir='ltr' id='par_1_34' title="bbox 2388 615 4049 692">
     <span class='ocr_line' id='line_1_34' title="bbox 2388 615 4049 692; baseline 0.005 -27"><span class='ocrx_word' id='word_1_226' title='bbox 2388 615 2912 688; x_wconf 81' lang='grc' dir='ltr'>περιφρονούμενος.</span> <span class='ocrx_word' id='word_1_227' title='bbox 2966 618 3125 680; x_wconf 81' lang='grc' dir='ltr'>Ὅθεν</span> <span class='ocrx_word' id='word_1_228' title='bbox 3177 618 3266 672; x_wconf 83' lang='grc' dir='ltr'><strong>καὶ</strong></span> <span class='ocrx_word' id='word_1_229' title='bbox 3300 616 3561 692; x_wconf 84' lang='grc' dir='ltr'>συχνάκις</span> <span class='ocrx_word' id='word_1_230' title='bbox 3619 618 3713 690; x_wconf 77' lang='grc' dir='ltr'>μὶν</span> <span class='ocrx_word' id='word_1_231' title='bbox 3769 618 3909 691; x_wconf 83' lang='grc' dir='ltr'>πρὸς</span> <span class='ocrx_word' id='word_1_232' title='bbox 3954 619 4049 673; x_wconf 86' lang='grc' dir='ltr'>τὸν</span> 
     </span>
    </p>
   </div>
   <div class='ocr_carea' id='block_1_35' title="bbox 2389 701 4044 781">
    <p class='ocr_par' dir='ltr' id='par_1_35' title="bbox 2389 701 4044 781">
     <span class='ocr_line' id='line_1_35' title="bbox 2389 701 4044 781; baseline 0.003 -27"><span class='ocrx_word' id='word_1_233' title='bbox 2389 702 2568 757; x_wconf 85' lang='grc' dir='ltr'>πάπαν</span> <span class='ocrx_word' id='word_1_234' title='bbox 2627 701 2880 777; x_wconf 81' lang='grc' dir='ltr'>πρέσϐεις</span> <span class='ocrx_word' id='word_1_235' title='bbox 2936 705 3090 779; x_wconf 82' lang='grc' dir='ltr'>ἐξῆγε</span> <span class='ocrx_word' id='word_1_236' title='bbox 3145 708 3234 761; x_wconf 75' lang='grc' dir='ltr'><strong>καὶ</strong></span> <span class='ocrx_word' id='word_1_237' title='bbox 3294 703 3495 779; x_wconf 82' lang='grc' dir='ltr'>δώροις</span> <span class='ocrx_word' id='word_1_238' title='bbox 3556 707 3869 781; x_wconf 70' lang='grc' dir='ltr'>ὑπήρχετο·</span> <span class='ocrx_word' id='word_1_239' title='bbox 3931 708 4044 761; x_wconf 69' lang='grc' dir='ltr'>αἰὲν</span> 
     </span>
    </p>
   </div>
   <div class='ocr_carea' id='block_1_36' title="bbox 2388 790 4049 867">
    <p class='ocr_par' dir='ltr' id='par_1_36' title="bbox 2388 790 4049 867">
     <span class='ocr_line' id='line_1_36' title="bbox 2388 790 4049 867; baseline 0.003 -23"><span class='ocrx_word' id='word_1_240' title='bbox 2388 790 2492 863; x_wconf 84' lang='grc' dir='ltr'><strong>γὰρ</strong></span> <span class='ocrx_word' id='word_1_241' title='bbox 2563 790 2763 846; x_wconf 79' lang='grc' dir='ltr'>ἐκεῖθεν</span> <span class='ocrx_word' id='word_1_242' title='bbox 2836 794 2926 848; x_wconf 88' lang='grc' dir='ltr'>τὸν</span> <span class='ocrx_word' id='word_1_243' title='bbox 3002 792 3246 849; x_wconf 79' lang='grc' dir='ltr'>κίνδυνον</span> <span class='ocrx_word' id='word_1_244' title='bbox 3317 795 3719 864; x_wconf 84' lang='grc' dir='ltr'>καθυώπτευεν,</span> <span class='ocrx_word' id='word_1_245' title='bbox 3782 795 3855 857; x_wconf 82' lang='grc' dir='ltr'>ὠς</span> <span class='ocrx_word' id='word_1_246' title='bbox 3915 794 4049 867; x_wconf 83' lang='grc' dir='ltr'>μηδ’</span> 
     </span>
    </p>
   </div>
   <div class='ocr_carea' id='block_1_37' title="bbox 2392 877 4048 954">
    <p class='ocr_par' dir='ltr' id='par_1_37' title="bbox 2392 877 4048 954">
     <span class='ocr_line' id='line_1_37' title="bbox 2392 877 4048 954; baseline 0.003 -22"><span class='ocrx_word' id='word_1_247' title='bbox 2392 877 2639 933; x_wconf 72' lang='grc' dir='ltr'>ὁπωσοῦν</span> <span class='ocrx_word' id='word_1_248' title='bbox 2693 881 3084 954; x_wconf 74' lang='grc' dir='ltr'>ἠρεμησάντων</span> <span class='ocrx_word' id='word_1_249' title='bbox 3142 888 3251 937; x_wconf 88' lang='grc' dir='ltr'><strong>τῶν</strong></span> <span class='ocrx_word' id='word_1_250' title='bbox 3307 882 3553 940; x_wconf 86' lang='grc' dir='ltr'>Ἰταλῶν.</span> <span class='ocrx_word' id='word_1_251' title='bbox 3615 885 3693 938; x_wconf 81' lang='grc' dir='ltr'><strong>Δι’</strong></span> <span class='ocrx_word' id='word_1_252' title='bbox 3725 882 3798 937; x_wconf 85' lang='grc' dir='ltr'>ὧν</span> <span class='ocrx_word' id='word_1_253' title='bbox 3832 884 3921 937; x_wconf 84' lang='grc' dir='ltr'><strong>καὶ</strong></span> <span class='ocrx_word' id='word_1_254' title='bbox 3952 884 4048 937; x_wconf 83' lang='grc' dir='ltr'>τά-</span> 
     </span>
    </p>
   </div>
   <div class='ocr_carea' id='block_1_38' title="bbox 2387 962 4050 1047">
    <p class='ocr_par' dir='ltr' id='par_1_38' title="bbox 2387 962 4050 1047">
     <span class='ocr_line' id='line_1_38' title="bbox 2387 962 4050 1047; baseline 0.005 -27"><span class='ocrx_word' id='word_1_255' title='bbox 2387 970 2524 1021; x_wconf 88' lang='grc' dir='ltr'>κεῖΟι</span> <span class='ocrx_word' id='word_1_256' title='bbox 2583 970 2657 1030; x_wconf 82' lang='grc' dir='ltr'>ὡς</span> <span class='ocrx_word' id='word_1_257' title='bbox 2716 968 2829 1024; x_wconf 85' lang='grc' dir='ltr'>ἐνὸν</span> <span class='ocrx_word' id='word_1_258' title='bbox 2884 962 3422 1047; x_wconf 80' lang='grc' dir='ltr'>κατασφαλιζόμενος</span> <span class='ocrx_word' id='word_1_259' title='bbox 3470 972 3743 1047; x_wconf 75' lang='grc' dir='ltr'>ἐπεχείρει</span> <span class='ocrx_word' id='word_1_260' title='bbox 3791 977 3907 1035; x_wconf 85' lang='grc' dir='ltr'>τοῖς</span> <span class='ocrx_word' id='word_1_261' title='bbox 3949 970 4050 1029; x_wconf 73' lang='grc' dir='ltr'><strong>ἄλ·-</strong></span> 
     </span>
    </p>
   </div>
   <div class='ocr_carea' id='block_1_39' title="bbox 2390 1055 4050 1136">
    <p class='ocr_par' dir='ltr' id='par_1_39' title="bbox 2390 1055 4050 1136">
     <span class='ocr_line' id='line_1_39' title="bbox 2390 1055 4050 1136; baseline 0.002 -26"><span class='ocrx_word' id='word_1_262' title='bbox 2390 1055 2508 1117; x_wconf 84' lang='grc' dir='ltr'>λοις</span> <span class='ocrx_word' id='word_1_263' title='bbox 2568 1058 2930 1135; x_wconf 71' lang='grc' dir='ltr'>θαρῥούντως,</span> <span class='ocrx_word' id='word_1_264' title='bbox 2996 1066 3236 1134; x_wconf 83' lang='grc' dir='ltr'>Συχναῖς</span> <span class='ocrx_word' id='word_1_265' title='bbox 3295 1066 3422 1136; x_wconf 79' lang='grc' dir='ltr'>γοῦν</span> <span class='ocrx_word' id='word_1_266' title='bbox 3474 1057 3784 1135; x_wconf 79' lang='grc' dir='ltr'>πρεσϐείαις</span> <span class='ocrx_word' id='word_1_267' title='bbox 3832 1062 3923 1117; x_wconf 85' lang='grc' dir='ltr'><strong>καὶ</strong></span> <span class='ocrx_word' id='word_1_268' title='bbox 3958 1059 4050 1115; x_wconf 85' lang='grc' dir='ltr'>δε-</span> 
     </span>
    </p>
   </div>
   <div class='ocr_carea' id='block_1_40' title="bbox 2388 1144 4049 1221">
    <p class='ocr_par' dir='ltr' id='par_1_40' title="bbox 2388 1144 4049 1221">
     <span class='ocr_line' id='line_1_40' title="bbox 2388 1144 4049 1221; baseline 0.003 -24"><span class='ocrx_word' id='word_1_269' title='bbox 2388 1144 2598 1214; x_wconf 77' lang='grc' dir='ltr'>ξιώσεσι</span> <span class='ocrx_word' id='word_1_270' title='bbox 2635 1149 2708 1218; x_wconf 74' lang='grc' dir='ltr'>μή</span> <span class='ocrx_word' id='word_1_271' title='bbox 2748 1149 2913 1219; x_wconf 74' lang='grc' dir='ltr'>μόνον</span> <span class='ocrx_word' id='word_1_272' title='bbox 2943 1150 3033 1203; x_wconf 86' lang='grc' dir='ltr'>τὸν</span> <span class='ocrx_word' id='word_1_273' title='bbox 3077 1151 3276 1221; x_wconf 84' lang='grc' dir='ltr'>πάπαν,</span> <span class='ocrx_word' id='word_1_274' title='bbox 3309 1148 3455 1204; x_wconf 75' lang='grc' dir='ltr'>ἀλλὰ</span> <span class='ocrx_word' id='word_1_275' title='bbox 3504 1150 3594 1203; x_wconf 82' lang='grc' dir='ltr'>καὶ</span> <span class='ocrx_word' id='word_1_276' title='bbox 3644 1148 3891 1211; x_wconf 69' lang='grc' dir='ltr'>πολλοὺς</span> <span class='ocrx_word' id='word_1_277' title='bbox 3936 1155 4049 1204; x_wconf 89' lang='grc' dir='ltr'><strong>τῶν</strong></span> 
     </span>
    </p>
   </div>
   <div class='ocr_carea' id='block_1_41' title="bbox 2386 1231 4053 1311">
    <p class='ocr_par' dir='ltr' id='par_1_41' title="bbox 2386 1231 4053 1311">
     <span class='ocr_line' id='line_1_41' title="bbox 2386 1231 4053 1311; baseline 0.004 -24"><span class='ocrx_word' id='word_1_278' title='bbox 2386 1231 2768 1308; x_wconf 86' lang='grc' dir='ltr'>καρδηναλίων</span> <span class='ocrx_word' id='word_1_279' title='bbox 2800 1237 2889 1291; x_wconf 82' lang='grc' dir='ltr'><strong>καὶ</strong></span> <span class='ocrx_word' id='word_1_280' title='bbox 2919 1242 3025 1291; x_wconf 90' lang='grc' dir='ltr'><strong>τῶν</strong></span> <span class='ocrx_word' id='word_1_281' title='bbox 3059 1239 3189 1311; x_wconf 64' lang='grc' dir='ltr'>παρ’</span> <span class='ocrx_word' id='word_1_282' title='bbox 3237 1237 3428 1309; x_wconf 88' lang='grc' dir='ltr'>ἐκεινῳ</span> <span class='ocrx_word' id='word_1_283' title='bbox 3489 1236 3801 1311; x_wconf 71' lang='grc' dir='ltr'>δυναμένων</span> <span class='ocrx_word' id='word_1_284' title='bbox 3835 1237 4053 1310; x_wconf 74' lang='grc' dir='ltr'>ἐξεμει-</span> 
     </span>
    </p>
   </div>
   <div class='ocr_carea' id='block_1_42' title="bbox 2387 1319 4054 1399">
    <p class='ocr_par' dir='ltr' id='par_1_42' title="bbox 2387 1319 4054 1399">
     <span class='ocr_line' id='line_1_42' title="bbox 2387 1319 4054 1399; baseline 0.004 -26"><span class='ocrx_word' id='word_1_285' title='bbox 2387 1319 2622 1379; x_wconf 85' lang='grc' dir='ltr'>λίσσετο.</span> <span class='ocrx_word' id='word_1_286' title='bbox 2680 1325 2826 1397; x_wconf 85' lang='grc' dir='ltr'>Πρὸς</span> <span class='ocrx_word' id='word_1_287' title='bbox 2878 1321 2933 1378; x_wconf 83' lang='grc' dir='ltr'><strong>δέ</strong></span> <span class='ocrx_word' id='word_1_288' title='bbox 2980 1344 3041 1398; x_wconf 76' lang='grc' dir='ltr'><strong>γε</strong></span> <span class='ocrx_word' id='word_1_289' title='bbox 3087 1324 3215 1387; x_wconf 79' lang='grc' dir='ltr'>τοὺς</span> <span class='ocrx_word' id='word_1_290' title='bbox 3247 1323 3620 1399; x_wconf 71' lang='grc' dir='ltr'>Βουλγάρους,</span> <span class='ocrx_word' id='word_1_291' title='bbox 3666 1323 3779 1379; x_wconf 79' lang='grc' dir='ltr'>οὐδ’</span> <span class='ocrx_word' id='word_1_292' title='bbox 3810 1324 4054 1387; x_wconf 80' lang='grc' dir='ltr'>ἐκείνους</span> 
     </span>
    </p>
   </div>
   <div class='ocr_carea' id='block_1_43' title="bbox 2386 1408 4049 1490">
    <p class='ocr_par' dir='ltr' id='par_1_43' title="bbox 2386 1408 4049 1490">
     <span class='ocr_line' id='line_1_43' title="bbox 2386 1408 4049 1490; baseline 0.004 -27"><span class='ocrx_word' id='word_1_293' title='bbox 2386 1410 2609 1482; x_wconf 77' lang='grc' dir='ltr'>ἠρεμεῖν</span> <span class='ocrx_word' id='word_1_294' title='bbox 2645 1408 2745 1481; x_wconf 80' lang='grc' dir='ltr'><strong>εἷά,</strong></span> <span class='ocrx_word' id='word_1_295' title='bbox 2778 1410 2906 1466; x_wconf 87' lang='grc' dir='ltr'>ἀλλ’</span> <span class='ocrx_word' id='word_1_296' title='bbox 2931 1413 2990 1467; x_wconf 89' lang='grc' dir='ltr'><strong>ἐκ</strong></span> <span class='ocrx_word' id='word_1_297' title='bbox 3019 1418 3117 1467; x_wconf 78' lang='grc' dir='ltr'>τοῦ</span> <span class='ocrx_word' id='word_1_298' title='bbox 3148 1412 3404 1487; x_wconf 82' lang='grc' dir='ltr'>σύνεγγυς</span> <span class='ocrx_word' id='word_1_299' title='bbox 3446 1414 3739 1488; x_wconf 87' lang='grc' dir='ltr'>παρεκίνει.</span> <span class='ocrx_word' id='word_1_300' title='bbox 3792 1417 3891 1470; x_wconf 80' lang='grc' dir='ltr'><strong>Ἦν</strong></span> <span class='ocrx_word' id='word_1_301' title='bbox 3942 1416 4049 1490; x_wconf 74' lang='grc' dir='ltr'><strong>γάρ</strong></span> 
     </span>
    </p>
   </div>
   <div class='ocr_carea' id='block_1_44' title="bbox 2385 1497 4052 1578">
    <p class='ocr_par' dir='ltr' id='par_1_44' title="bbox 2385 1497 4052 1578">
     <span class='ocr_line' id='line_1_44' title="bbox 2385 1497 4052 1578; baseline 0.003 -27"><span class='ocrx_word' id='word_1_302' title='bbox 2385 1498 2475 1551; x_wconf 85' lang='grc' dir='ltr'>καὶ</span> <span class='ocrx_word' id='word_1_303' title='bbox 2507 1497 2694 1561; x_wconf 79' lang='grc' dir='ltr'>ἄλλως</span> <span class='ocrx_word' id='word_1_304' title='bbox 2743 1502 3017 1578; x_wconf 75' lang='grc' dir='ltr'>προφανὲς</span> <span class='ocrx_word' id='word_1_305' title='bbox 3038 1502 3100 1556; x_wconf 85' lang='grc' dir='ltr'>τὸ</span> <span class='ocrx_word' id='word_1_306' title='bbox 3148 1503 3282 1577; x_wconf 88' lang='grc' dir='ltr'>πρὸς</span> <span class='ocrx_word' id='word_1_307' title='bbox 3314 1499 3517 1557; x_wconf 76' lang='grc' dir='ltr'>ἐκεῖνον</span> <span class='ocrx_word' id='word_1_308' title='bbox 3566 1498 3728 1578; x_wconf 80' lang='grc' dir='ltr'>ἔχθος</span> <span class='ocrx_word' id='word_1_309' title='bbox 3758 1508 3855 1558; x_wconf 73' lang='grc' dir='ltr'><strong>τοῦ</strong></span> <span class='ocrx_word' id='word_1_310' title='bbox 3886 1507 4052 1559; x_wconf 86' lang='grc' dir='ltr'>Κων-</span> 
     </span>
    </p>
   </div>
   <div class='ocr_carea' id='block_1_45' title="bbox 2388 1589 4052 1667">
    <p class='ocr_par' dir='ltr' id='par_1_45' title="bbox 2388 1589 4052 1667">
     <span class='ocr_line' id='line_1_45' title="bbox 2388 1589 4052 1667; baseline 0.003 -27"><span class='ocrx_word' id='word_1_311' title='bbox 2388 1589 2689 1657; x_wconf 89' lang='grc' dir='ltr'>σταντίνου,</span> <span class='ocrx_word' id='word_1_312' title='bbox 2749 1589 3173 1666; x_wconf 81' lang='grc' dir='ltr'>ἐξοτρυνομένου</span> <span class='ocrx_word' id='word_1_313' title='bbox 3220 1591 3368 1663; x_wconf 84' lang='grc' dir='ltr'><strong>παρά</strong></span> <span class='ocrx_word' id='word_1_314' title='bbox 3423 1598 3524 1659; x_wconf 80' lang='grc' dir='ltr'><strong>τῆς</strong></span> <span class='ocrx_word' id='word_1_315' title='bbox 3570 1593 3824 1667; x_wconf 84' lang='grc' dir='ltr'>γυναικὸς</span> <span class='ocrx_word' id='word_1_316' title='bbox 3871 1592 4052 1665; x_wconf 71' lang='grc' dir='ltr'>Εἰρή-</span> 
     </span>
    </p>
   </div>
   <div class='ocr_carea' id='block_1_46' title="bbox 2384 1676 4053 1757">
    <p class='ocr_par' dir='ltr' id='par_1_46' title="bbox 2384 1676 4053 1757">
     <span class='ocr_line' id='line_1_46' title="bbox 2384 1676 4053 1757; baseline 0.003 -27"><span class='ocrx_word' id='word_1_317' title='bbox 2384 1697 2483 1745; x_wconf 85' lang='grc' dir='ltr'><strong>νης</strong></span> <span class='ocrx_word' id='word_1_318' title='bbox 2534 1681 2629 1731; x_wconf 72' lang='grc' dir='ltr'><strong>τοῦ</strong></span> <span class='ocrx_word' id='word_1_319' title='bbox 2688 1676 2883 1739; x_wconf 87' lang='grc' dir='ltr'>παιδὸς</span> <span class='ocrx_word' id='word_1_320' title='bbox 2939 1679 3101 1754; x_wconf 88' lang='grc' dir='ltr'>χάριν</span> <span class='ocrx_word' id='word_1_321' title='bbox 3155 1680 3409 1734; x_wconf 87' lang='grc' dir='ltr'>Ἰωάννου</span> <span class='ocrx_word' id='word_1_322' title='bbox 3467 1677 3707 1757; x_wconf 79' lang='grc' dir='ltr'>ἀδελφοῦ</span> <span class='ocrx_word' id='word_1_323' title='bbox 3747 1701 3809 1755; x_wconf 88' lang='grc' dir='ltr'><strong>γε</strong></span> <span class='ocrx_word' id='word_1_324' title='bbox 3865 1677 4053 1747; x_wconf 75' lang='grc' dir='ltr'>ὄντος,</span> 
     </span>
    </p>
   </div>
   <div class='ocr_carea' id='block_1_47' title="bbox 2384 1764 4052 1841">
    <p class='ocr_par' dir='ltr' id='par_1_47' title="bbox 2384 1764 4052 1841">
     <span class='ocr_line' id='line_1_47' title="bbox 2384 1764 4052 1841; baseline 0.004 -23"><span class='ocrx_word' id='word_1_325' title='bbox 2384 1765 2473 1819; x_wconf 78' lang='grc' dir='ltr'><strong>καὶ</strong></span> <span class='ocrx_word' id='word_1_326' title='bbox 2506 1764 2579 1819; x_wconf 82' lang='grc' dir='ltr'><strong>ὧν</strong></span> <span class='ocrx_word' id='word_1_327' title='bbox 2639 1765 2689 1836; x_wconf 79' lang='grc' dir='ltr'><strong>ἐξ</strong></span> <span class='ocrx_word' id='word_1_328' title='bbox 2725 1768 2961 1841; x_wconf 76' lang='grc' dir='ltr'>ὑπογύου</span> <span class='ocrx_word' id='word_1_329' title='bbox 2995 1768 3095 1823; x_wconf 80' lang='grc' dir='ltr'><strong>οὐκ</strong></span> <span class='ocrx_word' id='word_1_330' title='bbox 3151 1766 3399 1840; x_wconf 81' lang='grc' dir='ltr'>ἐνδίκως,</span> <span class='ocrx_word' id='word_1_331' title='bbox 3456 1770 3501 1822; x_wconf 86' lang='grc' dir='ltr'><strong>ὦ</strong></span> <span class='ocrx_word' id='word_1_332' title='bbox 3560 1765 3707 1837; x_wconf 87' lang='grc' dir='ltr'>δίκη,</span> <span class='ocrx_word' id='word_1_333' title='bbox 3759 1770 4052 1827; x_wconf 84' lang='grc' dir='ltr'>πέπονθεν.</span> 
     </span>
    </p>
   </div>
   <div class='ocr_carea' id='block_1_48' title="bbox 2388 1853 4055 1932">
    <p class='ocr_par' dir='ltr' id='par_1_48' title="bbox 2388 1853 4055 1932">
     <span class='ocr_line' id='line_1_48' title="bbox 2388 1853 4055 1932; baseline 0.001 -22"><span class='ocrx_word' id='word_1_334' title='bbox 2388 1855 2620 1929; x_wconf 84' lang='grc' dir='ltr'>Ἀνάγκη</span> <span class='ocrx_word' id='word_1_335' title='bbox 2681 1853 2727 1910; x_wconf 85' lang='grc' dir='ltr'>δ’</span> <span class='ocrx_word' id='word_1_336' title='bbox 2774 1858 2842 1925; x_wconf 85' lang='grc' dir='ltr'>ἧν</span> <span class='ocrx_word' id='word_1_337' title='bbox 2893 1855 3059 1931; x_wconf 82' lang='grc' dir='ltr'>ἔχθος</span> <span class='ocrx_word' id='word_1_338' title='bbox 3116 1854 3312 1931; x_wconf 77' lang='grc' dir='ltr'>ἔχοντα</span> <span class='ocrx_word' id='word_1_339' title='bbox 3366 1857 3495 1931; x_wconf 89' lang='grc' dir='ltr'>παρ’</span> <span class='ocrx_word' id='word_1_340' title='bbox 3552 1857 3769 1912; x_wconf 69' lang='grc' dir='ltr'>ἐκείνων</span> <span class='ocrx_word' id='word_1_341' title='bbox 3818 1859 3909 1912; x_wconf 85' lang='grc' dir='ltr'><strong>τὸν</strong></span> <span class='ocrx_word' id='word_1_342' title='bbox 3946 1860 4055 1932; x_wconf 85' lang='grc' dir='ltr'>βα-</span> 
     </span>
    </p>
   </div>
   <div class='ocr_carea' id='block_1_49' title="bbox 2385 1942 4049 2020">
    <p class='ocr_par' dir='ltr' id='par_1_49' title="bbox 2385 1942 4049 2020">
     <span class='ocr_line' id='line_1_49' title="bbox 2385 1942 4049 2020; baseline 0.004 -25"><span class='ocrx_word' id='word_1_343' title='bbox 2385 1949 2542 1997; x_wconf 76' lang='grc' dir='ltr'>σιλέα</span> <span class='ocrx_word' id='word_1_344' title='bbox 2570 1942 2659 1997; x_wconf 88' lang='grc' dir='ltr'><strong>καὶ</strong></span> <span class='ocrx_word' id='word_1_345' title='bbox 2708 1943 2865 1999; x_wconf 80' lang='grc' dir='ltr'>αὐτὸν</span> <span class='ocrx_word' id='word_1_346' title='bbox 2914 1944 3217 2020; x_wconf 81' lang='grc' dir='ltr'>ἐχθραίνειν</span> <span class='ocrx_word' id='word_1_347' title='bbox 3266 1946 3357 1999; x_wconf 86' lang='grc' dir='ltr'><strong>καὶ</strong></span> <span class='ocrx_word' id='word_1_348' title='bbox 3401 1946 3660 2016; x_wconf 82' lang='grc' dir='ltr'>ἀντιξύειν</span> <span class='ocrx_word' id='word_1_349' title='bbox 3690 1948 3781 2001; x_wconf 87' lang='grc' dir='ltr'>τὸν</span> <span class='ocrx_word' id='word_1_350' title='bbox 3829 1945 4049 2016; x_wconf 82' lang='grc' dir='ltr'>ξύοντα.</span> 
     </span>
    </p>
   </div>
   <div class='ocr_carea' id='block_1_50' title="bbox 2386 2031 4056 2109">
    <p class='ocr_par' dir='ltr' id='par_1_50' title="bbox 2386 2031 4056 2109">
     <span class='ocr_line' id='line_1_50' title="bbox 2386 2031 4056 2109; baseline 0.003 -24"><span class='ocrx_word' id='word_1_351' title='bbox 2386 2032 2597 2105; x_wconf 87' lang='grc' dir='ltr'>Μέχρις</span> <span class='ocrx_word' id='word_1_352' title='bbox 2651 2031 2741 2087; x_wconf 72' lang='grc' dir='ltr'>οὖν</span> <span class='ocrx_word' id='word_1_353' title='bbox 2798 2032 3141 2107; x_wconf 83' lang='grc' dir='ltr'>Ὀρεστιάδος</span> <span class='ocrx_word' id='word_1_354' title='bbox 3197 2035 3529 2109; x_wconf 81' lang='grc' dir='ltr'>ὁριζομένης</span> <span class='ocrx_word' id='word_1_355' title='bbox 3579 2042 3678 2103; x_wconf 79' lang='grc' dir='ltr'><strong>τῆς</strong></span> <span class='ocrx_word' id='word_1_356' title='bbox 3736 2033 4056 2108; x_wconf 75' lang='grc' dir='ltr'>Ῥωμαίδος</span> 
     </span>
    </p>
   </div>
   <div class='ocr_carea' id='block_1_51' title="bbox 2387 2118 4051 2199">
    <p class='ocr_par' dir='ltr' id='par_1_51' title="bbox 2387 2118 4051 2199">
     <span class='ocr_line' id='line_1_51' title="bbox 2387 2118 4051 2199; baseline 0.004 -26"><span class='ocrx_word' id='word_1_357' title='bbox 2387 2120 2476 2174; x_wconf 81' lang='grc' dir='ltr'><strong>καὶ</strong></span> <span class='ocrx_word' id='word_1_358' title='bbox 2538 2121 2701 2193; x_wconf 86' lang='grc' dir='ltr'>μόλις</span> <span class='ocrx_word' id='word_1_359' title='bbox 2747 2118 3034 2196; x_wconf 83' lang='grc' dir='ltr'>πρότερον,</span> <span class='ocrx_word' id='word_1_360' title='bbox 3069 2124 3145 2186; x_wconf 90' lang='grc' dir='ltr'>ὡς</span> <span class='ocrx_word' id='word_1_361' title='bbox 3175 2127 3283 2178; x_wconf 89' lang='grc' dir='ltr'><strong>τῶν</strong></span> <span class='ocrx_word' id='word_1_362' title='bbox 3332 2122 3531 2187; x_wconf 86' lang='grc' dir='ltr'>ἐκεῖθεν</span> <span class='ocrx_word' id='word_1_363' title='bbox 3564 2123 3667 2178; x_wconf 80' lang='grc' dir='ltr'>ὑπὸ</span> <span class='ocrx_word' id='word_1_364' title='bbox 3698 2123 4051 2199; x_wconf 82' lang='grc' dir='ltr'>Βουλγάροις</span> 
     </span>
    </p>
   </div>
   <div class='ocr_carea' id='block_1_52' title="bbox 2390 2204 4051 2289">
    <p class='ocr_par' dir='ltr' id='par_1_52' title="bbox 2390 2204 4051 2289">
     <span class='ocr_line' id='line_1_52' title="bbox 2390 2204 4051 2289; baseline 0.004 -27"><span class='ocrx_word' id='word_1_365' title='bbox 2390 2204 2599 2277; x_wconf 76' lang='grc' dir='ltr'>ὄντων,</span> <span class='ocrx_word' id='word_1_366' title='bbox 2655 2212 2887 2284; x_wconf 87' lang='grc' dir='ltr'>πέμπων</span> <span class='ocrx_word' id='word_1_367' title='bbox 2938 2212 3104 2274; x_wconf 76' lang='grc' dir='ltr'>αὐτὸς</span> <span class='ocrx_word' id='word_1_368' title='bbox 3163 2212 3367 2287; x_wconf 80' lang='grc' dir='ltr'>συχνὰς</span> <span class='ocrx_word' id='word_1_369' title='bbox 3425 2212 3735 2275; x_wconf 82' lang='grc' dir='ltr'>ἀποστολὰς</span> <span class='ocrx_word' id='word_1_370' title='bbox 3788 2234 4051 2289; x_wconf 77' lang='grc' dir='ltr'>στρατευ-</span> 
     </span>
    </p>
   </div>
   <div class='ocr_carea' id='block_1_53' title="bbox 2393 2299 4053 2377">
    <p class='ocr_par' dir='ltr' id='par_1_53' title="bbox 2393 2299 4053 2377">
     <span class='ocr_line' id='line_1_53' title="bbox 2393 2299 4053 2377; baseline 0.004 -25"><span class='ocrx_word' id='word_1_371' title='bbox 2393 2300 2596 2371; x_wconf 86' lang='grc' dir='ltr'>μάτων,</span> <span class='ocrx_word' id='word_1_372' title='bbox 2654 2300 2816 2364; x_wconf 83' lang='grc' dir='ltr'>αύτὸς</span> <span class='ocrx_word' id='word_1_373' title='bbox 2870 2299 3109 2365; x_wconf 77' lang='grc' dir='ltr'>ἐντεῦθεν</span> <span class='ocrx_word' id='word_1_374' title='bbox 3143 2299 3585 2375; x_wconf 84' lang='grc' dir='ltr'>διαταττόμενος,</span> <span class='ocrx_word' id='word_1_375' title='bbox 3642 2304 3705 2358; x_wconf 89' lang='grc' dir='ltr'>τὸ</span> <span class='ocrx_word' id='word_1_376' title='bbox 3745 2305 4053 2377; x_wconf 82' lang='grc' dir='ltr'>θαυμάσιον</span> 
     </span>
    </p>
   </div>
   <div class='ocr_carea' id='block_1_54' title="bbox 2387 2386 4059 2467">
    <p class='ocr_par' dir='ltr' id='par_1_54' title="bbox 2387 2386 4059 2467">
     <span class='ocr_line' id='line_1_54' title="bbox 2387 2386 4059 2467; baseline 0.002 -24"><span class='ocrx_word' id='word_1_377' title='bbox 2387 2389 2500 2460; x_wconf 76' lang='grc' dir='ltr'>(καί</span> <span class='ocrx_word' id='word_1_378' title='bbox 2549 2389 2653 2465; x_wconf 81' lang='grc' dir='ltr'>γὰρ</span> <span class='ocrx_word' id='word_1_379' title='bbox 2682 2386 2714 2443; x_wconf 78' lang='grc' dir='ltr'>ἃ</span> <span class='ocrx_word' id='word_1_380' title='bbox 2760 2391 2853 2463; x_wconf 72' lang='grc' dir='ltr'>μὲν</span> <span class='ocrx_word' id='word_1_381' title='bbox 2909 2386 3100 2463; x_wconf 79' lang='grc' dir='ltr'>ξυνέϐη</span> <span class='ocrx_word' id='word_1_382' title='bbox 3154 2389 3311 2462; x_wconf 73' lang='grc' dir='ltr'>ἰδεῖν,</span> <span class='ocrx_word' id='word_1_383' title='bbox 3358 2390 3575 2454; x_wconf 77' lang='grc' dir='ltr'>τούτοις</span> <span class='ocrx_word' id='word_1_384' title='bbox 3607 2393 3895 2467; x_wconf 59' lang='grc' dir='ltr'>γινώσκων</span> <span class='ocrx_word' id='word_1_385' title='bbox 3919 2392 4059 2457; x_wconf 82' lang='grc' dir='ltr'>τοὺς</span> 
     </span>
    </p>
   </div>
   <div class='ocr_carea' id='block_1_55' title="bbox 2388 2478 4051 2557">
    <p class='ocr_par' dir='ltr' id='par_1_55' title="bbox 2388 2478 4051 2557">
     <span class='ocr_line' id='line_1_55' title="bbox 2388 2478 4051 2557; baseline 0.002 -25"><span class='ocrx_word' id='word_1_386' title='bbox 2388 2479 2779 2549; x_wconf 88' lang='grc' dir='ltr'>πεμπομένους</span> <span class='ocrx_word' id='word_1_387' title='bbox 2837 2478 3107 2552; x_wconf 84' lang='grc' dir='ltr'>ἐπέταττε,</span> <span class='ocrx_word' id='word_1_388' title='bbox 3157 2481 3248 2535; x_wconf 84' lang='grc' dir='ltr'><strong>καὶ</strong></span> <span class='ocrx_word' id='word_1_389' title='bbox 3305 2478 3439 2535; x_wconf 77' lang='grc' dir='ltr'>ὅπευ</span> <span class='ocrx_word' id='word_1_390' title='bbox 3487 2481 3929 2557; x_wconf 84' lang='grc' dir='ltr'>προσκαθίσαιντ’</span> <span class='ocrx_word' id='word_1_391' title='bbox 3987 2481 4051 2536; x_wconf 79' lang='grc' dir='ltr'>ἃν</span> 
     </span>
    </p>
   </div>
   <div class='ocr_carea' id='block_1_56' title="bbox 2389 2563 4062 2644">
    <p class='ocr_par' dir='ltr' id='par_1_56' title="bbox 2389 2563 4062 2644">
     <span class='ocr_line' id='line_1_56' title="bbox 2389 2563 4062 2644; baseline 0.002 -23"><span class='ocrx_word' id='word_1_392' title='bbox 2389 2568 2479 2621; x_wconf 86' lang='grc' dir='ltr'><strong>καὶ</strong></span> <span class='ocrx_word' id='word_1_393' title='bbox 2535 2569 2685 2630; x_wconf 85' lang='grc' dir='ltr'>ὅπως</span> <span class='ocrx_word' id='word_1_394' title='bbox 2739 2563 3067 2641; x_wconf 75' lang='grc' dir='ltr'>ξυμϐαλοῖεν</span> <span class='ocrx_word' id='word_1_395' title='bbox 3118 2569 3208 2624; x_wconf 87' lang='grc' dir='ltr'><strong>καὶ</strong></span> <span class='ocrx_word' id='word_1_396' title='bbox 3259 2569 3378 2634; x_wconf 84' lang='grc' dir='ltr'>ὅθεν</span> <span class='ocrx_word' id='word_1_397' title='bbox 3435 2572 3758 2644; x_wconf 77' lang='grc' dir='ltr'>ὁρμήσαιντ’</span> <span class='ocrx_word' id='word_1_398' title='bbox 3804 2568 3889 2640; x_wconf 79' lang='grc' dir='ltr'><strong>ἂν,</strong></span> <span class='ocrx_word' id='word_1_399' title='bbox 3920 2570 3959 2639; x_wconf 69' lang='grc' dir='ltr'><strong>ἢ</strong></span> <span class='ocrx_word' id='word_1_400' title='bbox 3997 2572 4062 2625; x_wconf 85' lang='grc' dir='ltr'><strong>ἐκ</strong></span> 
     </span>
    </p>
   </div>
   <div class='ocr_carea' id='block_1_57' title="bbox 2390 2654 4057 2735">
    <p class='ocr_par' dir='ltr' id='par_1_57' title="bbox 2390 2654 4057 2735">
     <span class='ocr_line' id='line_1_57' title="bbox 2390 2654 4057 2735; baseline 0.001 -24"><span class='ocrx_word' id='word_1_401' title='bbox 2390 2654 2580 2731; x_wconf 89' lang='grc' dir='ltr'>λόχων</span> <span class='ocrx_word' id='word_1_402' title='bbox 2631 2656 2665 2726; x_wconf 73' lang='grc' dir='ltr'><strong>ἢ</strong></span> <span class='ocrx_word' id='word_1_403' title='bbox 2717 2658 2959 2735; x_wconf 82' lang='grc' dir='ltr'>φανεροὶ,</span> <span class='ocrx_word' id='word_1_404' title='bbox 3009 2658 3219 2733; x_wconf 78' lang='grc' dir='ltr'>ἡμέρας</span> <span class='ocrx_word' id='word_1_405' title='bbox 3249 2658 3284 2728; x_wconf 71' lang='grc' dir='ltr'><strong>ἢ</strong></span> <span class='ocrx_word' id='word_1_406' title='bbox 3327 2658 3418 2714; x_wconf 86' lang='grc' dir='ltr'><strong>καὶ</strong></span> <span class='ocrx_word' id='word_1_407' title='bbox 3464 2661 3679 2733; x_wconf 87' lang='grc' dir='ltr'>νυκτὸς,</span> <span class='ocrx_word' id='word_1_408' title='bbox 3719 2661 3927 2715; x_wconf 85' lang='grc' dir='ltr'>τάττων</span> <span class='ocrx_word' id='word_1_409' title='bbox 3965 2658 4057 2715; x_wconf 64' lang='grc' dir='ltr'>ἐν-</span> 
     </span>
    </p>
   </div>
   <div class='ocr_carea' id='block_1_58' title="bbox 2397 2861 4056 2935">
    <p class='ocr_par' dir='ltr' id='par_1_58' title="bbox 2397 2861 4056 2935">
     <span class='ocr_line' id='line_1_58' title="bbox 2397 2861 4056 2935; baseline 0.005 -20"><span class='ocrx_word' id='word_1_410' title='bbox 2397 2864 2455 2915; x_wconf 88' lang='lat' dir='ltr'><strong>et</strong></span> <span class='ocrx_word' id='word_1_411' title='bbox 2483 2861 2686 2917; x_wconf 90' lang='lat' dir='ltr'><strong>crebro</strong></span> <span class='ocrx_word' id='word_1_412' title='bbox 2716 2862 2786 2917; x_wconf 88' lang='lat' dir='ltr'><strong>ad</strong></span> <span class='ocrx_word' id='word_1_413' title='bbox 2820 2878 3034 2934; x_wconf 92' lang='lat' dir='ltr'><strong>papam</strong></span> <span class='ocrx_word' id='word_1_414' title='bbox 3070 2862 3296 2935; x_wconf 83' lang='lat' dir='ltr'><strong>legatos</strong></span> <span class='ocrx_word' id='word_1_415' title='bbox 3348 2863 3535 2933; x_wconf 84' lang='lat' dir='ltr'><strong>misit,</strong></span> <span class='ocrx_word' id='word_1_416' title='bbox 3587 2867 3645 2920; x_wconf 91' lang='lat' dir='ltr'><strong>et</strong></span> <span class='ocrx_word' id='word_1_417' title='bbox 3687 2865 3861 2921; x_wconf 91' lang='lat' dir='ltr'><strong>donis</strong></span> <span class='ocrx_word' id='word_1_418' title='bbox 3911 2882 4056 2923; x_wconf 82' lang='lat' dir='ltr'><strong>eum</strong></span> 
     </span>
    </p>
   </div>
   <div class='ocr_carea' id='block_1_59' title="bbox 2398 2949 4059 3027">
    <p class='ocr_par' dir='ltr' id='par_1_59' title="bbox 2398 2949 4059 3027">
     <span class='ocr_line' id='line_1_59' title="bbox 2398 2949 4059 3027; baseline 0.004 -23"><span class='ocrx_word' id='word_1_419' title='bbox 2398 2949 2663 3005; x_wconf 86' lang='lat' dir='ltr'><strong>delinivit</strong></span> <span class='ocrx_word' id='word_1_420' title='bbox 2686 2968 2699 3006; x_wconf 88' lang='lat'>:</span> <span class='ocrx_word' id='word_1_421' title='bbox 2726 2968 2859 3007; x_wconf 90' lang='lat' dir='ltr'><strong>nam</strong></span> <span class='ocrx_word' id='word_1_422' title='bbox 2893 2952 3029 3006; x_wconf 90' lang='lat' dir='ltr'><strong>inde</strong></span> <span class='ocrx_word' id='word_1_423' title='bbox 3050 2953 3285 3008; x_wconf 84' lang='lat' dir='ltr'><strong>assidue</strong></span> <span class='ocrx_word' id='word_1_424' title='bbox 3301 2952 3628 3024; x_wconf 91' lang='lat' dir='ltr'><strong>periculum</strong></span> <span class='ocrx_word' id='word_1_425' title='bbox 3644 2955 4059 3027; x_wconf 83' lang='lat' dir='ltr'><strong>suspectabat,</strong></span> 
     </span>
    </p>
   </div>
   <div class='ocr_carea' id='block_1_60' title="bbox 2396 3040 4057 3113">
    <p class='ocr_par' dir='ltr' id='par_1_60' title="bbox 2396 3040 4057 3113">
     <span class='ocr_line' id='line_1_60' title="bbox 2396 3040 4057 3113; baseline 0.004 -20"><span class='ocrx_word' id='word_1_426' title='bbox 2396 3054 2700 3111; x_wconf 86' lang='lat' dir='ltr'><strong>nunquam</strong></span> <span class='ocrx_word' id='word_1_427' title='bbox 2733 3040 3044 3111; x_wconf 84' lang='lat' dir='ltr'><strong>quieturis,</strong></span> <span class='ocrx_word' id='word_1_428' title='bbox 3078 3045 3145 3095; x_wconf 92' lang='lat' dir='ltr'><strong>ut</strong></span> <span class='ocrx_word' id='word_1_429' title='bbox 3190 3042 3536 3113; x_wconf 88' lang='lat' dir='ltr'><strong>apparebat,</strong></span> <span class='ocrx_word' id='word_1_430' title='bbox 3587 3041 3772 3100; x_wconf 87' lang='lat' dir='ltr'><strong>Italis.</strong></span> <span class='ocrx_word' id='word_1_431' title='bbox 3826 3047 4057 3100; x_wconf 81' lang='lat' dir='ltr'><strong>Verum</strong></span> 
     </span>
    </p>
   </div>
   <div class='ocr_carea' id='block_1_61' title="bbox 2394 3128 4057 3204">
    <p class='ocr_par' dir='ltr' id='par_1_61' title="bbox 2394 3128 4057 3204">
     <span class='ocr_line' id='line_1_61' title="bbox 2394 3128 4057 3204; baseline 0.004 -21"><span class='ocrx_word' id='word_1_432' title='bbox 2394 3128 2682 3200; x_wconf 89' lang='lat' dir='ltr'><strong>optimum</strong></span> <span class='ocrx_word' id='word_1_433' title='bbox 2718 3130 2871 3185; x_wconf 87' lang='lat' dir='ltr'><strong>factu</strong></span> <span class='ocrx_word' id='word_1_434' title='bbox 2905 3130 3149 3201; x_wconf 82' lang='lat' dir='ltr'><strong>putabat</strong></span> <span class='ocrx_word' id='word_1_435' title='bbox 3175 3130 3388 3186; x_wconf 84' lang='lat' dir='ltr'><strong>ofﬁciis</strong></span> <span class='ocrx_word' id='word_1_436' title='bbox 3433 3136 3492 3187; x_wconf 87' lang='lat' dir='ltr'><strong>et</strong></span> <span class='ocrx_word' id='word_1_437' title='bbox 3542 3132 4057 3204; x_wconf 85' lang='lat' dir='ltr'><strong>propositionibus</strong></span> 
     </span>
    </p>
   </div>
   <div class='ocr_carea' id='block_1_62' title="bbox 2394 3218 4057 3291">
    <p class='ocr_par' dir='ltr' id='par_1_62' title="bbox 2394 3218 4057 3291">
     <span class='ocr_line' id='line_1_62' title="bbox 2394 3218 4057 3291; baseline 0.003 -20"><span class='ocrx_word' id='word_1_438' title='bbox 2394 3218 2574 3288; x_wconf 80' lang='lat' dir='ltr'><strong>pacis,</strong></span> <span class='ocrx_word' id='word_1_439' title='bbox 2604 3219 2798 3289; x_wconf 87' lang='lat' dir='ltr'><strong>quoad</strong></span> <span class='ocrx_word' id='word_1_440' title='bbox 2835 3218 2956 3274; x_wconf 87' lang='lat' dir='ltr'><strong>ﬁeri</strong></span> <span class='ocrx_word' id='word_1_441' title='bbox 2986 3223 3229 3289; x_wconf 85' lang='lat' dir='ltr'><strong>poterat,</strong></span> <span class='ocrx_word' id='word_1_442' title='bbox 3274 3235 3365 3275; x_wconf 89' lang='lat' dir='ltr'><strong>res</strong></span> <span class='ocrx_word' id='word_1_443' title='bbox 3387 3220 3458 3274; x_wconf 92' lang='lat' dir='ltr'><strong>ab</strong></span> <span class='ocrx_word' id='word_1_444' title='bbox 3490 3236 3555 3275; x_wconf 88' lang='lat' dir='ltr'><strong>ea</strong></span> <span class='ocrx_word' id='word_1_445' title='bbox 3577 3227 3742 3291; x_wconf 90' lang='lat' dir='ltr'><strong>parte</strong></span> <span class='ocrx_word' id='word_1_446' title='bbox 3787 3220 4057 3289; x_wconf 91' lang='lat' dir='ltr'><strong>ﬁrmare,</strong></span> 
     </span>
    </p>
   </div>
   <div class='ocr_carea' id='block_1_63' title="bbox 631 3292 4059 3378">
    <p class='ocr_par' dir='ltr' id='par_1_63' title="bbox 631 3292 4059 3378">
     <span class='ocr_line' id='line_1_63' title="bbox 631 3292 4059 3378; baseline 0 -14"><span class='ocrx_word' id='word_1_447' title='bbox 631 3309 776 3364; x_wconf 91' lang='lat' dir='ltr'><strong>citer</strong></span> <span class='ocrx_word' id='word_1_448' title='bbox 806 3306 1009 3363; x_wconf 87' lang='lat' dir='ltr'><strong>ulcisci</strong></span> <span class='ocrx_word' id='word_1_449' title='bbox 1042 3305 1130 3361; x_wconf 87' lang='lat' dir='ltr'><strong>vel</strong></span> <span class='ocrx_word' id='word_1_450' title='bbox 1164 3306 1414 3378; x_wconf 88' lang='lat' dir='ltr'><strong>primam</strong></span> <span class='ocrx_word' id='word_1_451' title='bbox 1449 3303 1624 3359; x_wconf 88' lang='lat' dir='ltr'><strong>istius</strong></span> <span class='ocrx_word' id='word_1_452' title='bbox 1649 3302 1824 3358; x_wconf 86' lang='lat' dir='ltr'><strong>invisi</strong></span> <span class='ocrx_word' id='word_1_453' title='bbox 1857 3302 1970 3358; x_wconf 90' lang='lat' dir='ltr'><strong>sibi</strong></span> <span class='ocrx_word' id='word_1_454' title='bbox 2003 3304 2283 3360; x_wconf 90' lang='lat' dir='ltr'><strong>connubii</strong></span> <span class='ocrx_word' id='word_1_455' title='bbox 2316 3292 2358 3358; x_wconf 88' lang='lat' dir='ltr'>C</span> <span class='ocrx_word' id='word_1_456' title='bbox 2397 3322 2509 3375; x_wconf 87' lang='lat' dir='ltr'><strong>quo</strong></span> <span class='ocrx_word' id='word_1_457' title='bbox 2541 3313 2740 3377; x_wconf 90' lang='lat' dir='ltr'><strong>posset</strong></span> <span class='ocrx_word' id='word_1_458' title='bbox 2768 3307 2892 3378; x_wconf 91' lang='lat' dir='ltr'><strong>ipse</strong></span> <span class='ocrx_word' id='word_1_459' title='bbox 2923 3307 3281 3363; x_wconf 88' lang='lat' dir='ltr'><strong>securiorem</strong></span> <span class='ocrx_word' id='word_1_460' title='bbox 3339 3308 3461 3377; x_wconf 89' lang='lat' dir='ltr'><strong>jam</strong></span> <span class='ocrx_word' id='word_1_461' title='bbox 3522 3309 3746 3363; x_wconf 65' lang='lat' dir='ltr'><strong>caeteris</strong></span> <span class='ocrx_word' id='word_1_462' title='bbox 3790 3314 4059 3365; x_wconf 90' lang='lat' dir='ltr'><strong>mentem</strong></span> 
     </span>
    </p>
   </div>
   <div class='ocr_carea' id='block_1_64' title="bbox 636 3392 2285 3469">
    <p class='ocr_par' dir='ltr' id='par_1_64' title="bbox 636 3392 2285 3469">
     <span class='ocr_line' id='line_1_64' title="bbox 636 3392 2285 3469; baseline -0.002 -17"><span class='ocrx_word' id='word_1_463' title='bbox 636 3395 1049 3469; x_wconf 80' lang='lat' dir='ltr'><strong>cogitationem</strong></span> <span class='ocrx_word' id='word_1_464' title='bbox 1096 3395 1155 3449; x_wconf 92' lang='lat' dir='ltr'><strong>in</strong></span> <span class='ocrx_word' id='word_1_465' title='bbox 1217 3394 1369 3450; x_wconf 73' lang='lat'><strong>209</strong></span> <span class='ocrx_word' id='word_1_466' title='bbox 1429 3393 1699 3449; x_wconf 88' lang='lat' dir='ltr'><strong>Macreno</strong></span> <span class='ocrx_word' id='word_1_467' title='bbox 1749 3392 2079 3448; x_wconf 87' lang='lat' dir='ltr'><strong>constituit.</strong></span> <span class='ocrx_word' id='word_1_468' title='bbox 2140 3394 2285 3464; x_wconf 81' lang='lat' dir='ltr'><strong>Ergo</strong></span> 
     </span>
    </p>
   </div>
   <div class='ocr_carea' id='block_1_65' title="bbox 635 3482 2285 3553">
    <p class='ocr_par' dir='ltr' id='par_1_65' title="bbox 635 3482 2285 3553">
     <span class='ocr_line' id='line_1_65' title="bbox 635 3482 2285 3553; baseline -0.003 -11"><span class='ocrx_word' id='word_1_469' title='bbox 635 3501 771 3542; x_wconf 88' lang='lat' dir='ltr'><strong>eum</strong></span> <span class='ocrx_word' id='word_1_470' title='bbox 804 3485 1023 3542; x_wconf 89' lang='lat' dir='ltr'><strong>ostium</strong></span> <span class='ocrx_word' id='word_1_471' title='bbox 1052 3484 1246 3540; x_wconf 89' lang='lat' dir='ltr'><strong>adhuc</strong></span> <span class='ocrx_word' id='word_1_472' title='bbox 1265 3482 2285 3553; x_wconf 87' lang='lat' dir='ltr'><strong>custodiadetentum,permutatum</strong></span> 
     </span>
    </p>
   </div>
   <div class='ocr_carea' id='block_1_66' title="bbox 637 3570 2289 3645">
    <p class='ocr_par' dir='ltr' id='par_1_66' title="bbox 637 3570 2289 3645">
     <span class='ocr_line' id='line_1_66' title="bbox 637 3570 2289 3645; baseline -0.002 -13"><span class='ocrx_word' id='word_1_473' title='bbox 637 3592 775 3632; x_wconf 92' lang='lat' dir='ltr'><strong>cum</strong></span> <span class='ocrx_word' id='word_1_474' title='bbox 806 3574 1083 3631; x_wconf 80' lang='lat' dir='ltr'><strong>maximis</strong></span> <span class='ocrx_word' id='word_1_475' title='bbox 1110 3573 1378 3645; x_wconf 86' lang='lat' dir='ltr'><strong>personis</strong></span> <span class='ocrx_word' id='word_1_476' title='bbox 1412 3570 1595 3627; x_wconf 86' lang='lat' dir='ltr'><strong>Italici</strong></span> <span class='ocrx_word' id='word_1_477' title='bbox 1644 3571 1874 3643; x_wconf 78' lang='lat' dir='ltr'><strong>generis</strong></span> <span class='ocrx_word' id='word_1_478' title='bbox 1914 3573 1985 3627; x_wconf 87' lang='lat' dir='ltr'><strong>ad</strong></span> <span class='ocrx_word' id='word_1_479' title='bbox 2020 3588 2082 3628; x_wconf 90' lang='lat' dir='ltr'><strong>se</strong></span> <span class='ocrx_word' id='word_1_480' title='bbox 2105 3573 2289 3643; x_wconf 85' lang='lat' dir='ltr'><strong>jussit</strong></span> 
     </span>
    </p>
   </div>
   <div class='ocr_carea' id='block_1_67' title="bbox 635 3660 2286 3736">
    <p class='ocr_par' dir='ltr' id='par_1_67' title="bbox 635 3660 2286 3736">
     <span class='ocr_line' id='line_1_67' title="bbox 635 3660 2286 3736; baseline -0.004 -14"><span class='ocrx_word' id='word_1_481' title='bbox 635 3664 871 3734; x_wconf 87' lang='lat' dir='ltr'><strong>adduci,</strong></span> <span class='ocrx_word' id='word_1_482' title='bbox 893 3668 950 3720; x_wconf 90' lang='lat' dir='ltr'><strong>et</strong></span> <span class='ocrx_word' id='word_1_483' title='bbox 972 3661 1291 3736; x_wconf 91' lang='lat' dir='ltr'><strong>appulsum</strong></span> <span class='ocrx_word' id='word_1_484' title='bbox 1322 3660 1635 3718; x_wconf 82' lang='lat' dir='ltr'><strong>confestim</strong></span> <span class='ocrx_word' id='word_1_485' title='bbox 1666 3660 1992 3731; x_wconf 69' lang='lat' dir='ltr'><strong>excaecavit,</strong></span> <span class='ocrx_word' id='word_1_486' title='bbox 2034 3661 2187 3717; x_wconf 90' lang='lat' dir='ltr'><strong>hanc</strong></span> <span class='ocrx_word' id='word_1_487' title='bbox 2233 3660 2286 3716; x_wconf 91' lang='lat' dir='ltr'><strong>ei</strong></span> 
     </span>
    </p>
   </div>
   <div class='ocr_carea' id='block_1_68' title="bbox 634 3749 2284 3827">
    <p class='ocr_par' dir='ltr' id='par_1_68' title="bbox 634 3749 2284 3827">
     <span class='ocr_line' id='line_1_68' title="bbox 634 3749 2284 3827; baseline -0.002 -16"><span class='ocrx_word' id='word_1_488' title='bbox 634 3755 877 3827; x_wconf 89' lang='lat' dir='ltr'><strong>dignam</strong></span> <span class='ocrx_word' id='word_1_489' title='bbox 909 3752 1137 3810; x_wconf 86' lang='lat' dir='ltr'><strong>scilicet</strong></span> <span class='ocrx_word' id='word_1_490' title='bbox 1162 3751 1493 3808; x_wconf 88' lang='lat' dir='ltr'><strong>mercedem</strong></span> <span class='ocrx_word' id='word_1_491' title='bbox 1526 3750 1854 3822; x_wconf 86' lang='lat' dir='ltr'><strong>rependens</strong></span> <span class='ocrx_word' id='word_1_492' title='bbox 1894 3753 1981 3806; x_wconf 91' lang='lat' dir='ltr'><strong>tot</strong></span> <span class='ocrx_word' id='word_1_493' title='bbox 2019 3749 2284 3807; x_wconf 92' lang='lat' dir='ltr'><strong>heroico-</strong></span> 
     </span>
    </p>
   </div>
   <div class='ocr_carea' id='block_1_69' title="bbox 633 3840 2289 3906">
    <p class='ocr_par' dir='ltr' id='par_1_69' title="bbox 633 3840 2289 3906">
     <span class='ocr_line' id='line_1_69' title="bbox 633 3840 2289 3906; baseline -0.002 -6"><span class='ocrx_word' id='word_1_494' title='bbox 633 3861 766 3901; x_wconf 89' lang='lat' dir='ltr'><strong>rum</strong></span> <span class='ocrx_word' id='word_1_495' title='bbox 797 3842 1125 3899; x_wconf 79' lang='lat' dir='ltr'><strong>{acinorum</strong></span> <span class='ocrx_word' id='word_1_496' title='bbox 1161 3841 1234 3897; x_wconf 91' lang='lat' dir='ltr'><strong>ab</strong></span> <span class='ocrx_word' id='word_1_497' title='bbox 1264 3840 1367 3897; x_wconf 91' lang='lat' dir='ltr'><strong>illo</strong></span> <span class='ocrx_word' id='word_1_498' title='bbox 1416 3840 1733 3906; x_wconf 89' lang='lat' dir='ltr'><strong>editorum,</strong></span> <span class='ocrx_word' id='word_1_499' title='bbox 1775 3841 1917 3895; x_wconf 91' lang='lat' dir='ltr'><strong>dum</strong></span> <span class='ocrx_word' id='word_1_500' title='bbox 1948 3844 2152 3895; x_wconf 91' lang='lat' dir='ltr'><strong>contra</strong></span> <span class='ocrx_word' id='word_1_501' title='bbox 2180 3840 2289 3897; x_wconf 93' lang='lat' dir='ltr'><strong>ho-</strong></span> 
     </span>
    </p>
   </div>
   <div class='ocr_carea' id='block_1_70' title="bbox 632 3929 2285 4001">
    <p class='ocr_par' dir='ltr' id='par_1_70' title="bbox 632 3929 2285 4001">
     <span class='ocr_line' id='line_1_70' title="bbox 632 3929 2285 4001; baseline -0.004 -10"><span class='ocrx_word' id='word_1_502' title='bbox 632 3938 751 3991; x_wconf 86' lang='lat' dir='ltr'><strong>stes</strong></span> <span class='ocrx_word' id='word_1_503' title='bbox 783 3933 1029 3988; x_wconf 86' lang='lat' dir='ltr'><strong>Romani</strong></span> <span class='ocrx_word' id='word_1_504' title='bbox 1059 3930 1315 3987; x_wconf 89' lang='lat' dir='ltr'><strong>nominis</strong></span> <span class='ocrx_word' id='word_1_505' title='bbox 1348 3930 1524 3985; x_wconf 90' lang='lat' dir='ltr'><strong>toties</strong></span> <span class='ocrx_word' id='word_1_506' title='bbox 1556 3933 1678 3985; x_wconf 92' lang='lat' dir='ltr'><strong>tam</strong></span> <span class='ocrx_word' id='word_1_507' title='bbox 1705 3944 1985 4001; x_wconf 89' lang='lat' dir='ltr'><strong>generose</strong></span> <span class='ocrx_word' id='word_1_508' title='bbox 2015 3946 2081 3985; x_wconf 87' lang='lat' dir='ltr'><strong>ac</strong></span> <span class='ocrx_word' id='word_1_509' title='bbox 2120 3929 2285 3985; x_wconf 86' lang='lat' dir='ltr'><strong>forti-</strong></span> 
     </span>
    </p>
   </div>
   <div class='ocr_carea' id='block_1_71' title="bbox 633 4018 2284 4095">
    <p class='ocr_par' dir='ltr' id='par_1_71' title="bbox 633 4018 2284 4095">
     <span class='ocr_line' id='line_1_71' title="bbox 633 4018 2284 4095; baseline -0.002 -16"><span class='ocrx_word' id='word_1_510' title='bbox 633 4029 723 4080; x_wconf 87' lang='lat' dir='ltr'><strong>ter</strong></span> <span class='ocrx_word' id='word_1_511' title='bbox 752 4026 1061 4095; x_wconf 88' lang='lat' dir='ltr'><strong>pugnaret.</strong></span> <span class='ocrx_word' id='word_1_512' title='bbox 1090 4021 1161 4076; x_wconf 87' lang='lat' dir='ltr'><strong>Et</strong></span> <span class='ocrx_word' id='word_1_513' title='bbox 1209 4020 1330 4076; x_wconf 70' lang='lat' dir='ltr'><strong>haec</strong></span> <span class='ocrx_word' id='word_1_514' title='bbox 1379 4020 1624 4091; x_wconf 90' lang='lat' dir='ltr'><strong>quidem</strong></span> <span class='ocrx_word' id='word_1_515' title='bbox 1684 4018 1767 4074; x_wconf 92' lang='lat' dir='ltr'><strong>sic</strong></span> <span class='ocrx_word' id='word_1_516' title='bbox 1816 4036 1879 4075; x_wconf 90' lang='lat' dir='ltr'><strong>se</strong></span> <span class='ocrx_word' id='word_1_517' title='bbox 1932 4019 2284 4076; x_wconf 90' lang='lat' dir='ltr'><strong>habuerunt.</strong></span> 
     </span>
    </p>
   </div>
   <div class='ocr_carea' id='block_1_72' title="bbox 630 4107 2285 4183">
    <p class='ocr_par' dir='ltr' id='par_1_72' title="bbox 630 4107 2285 4183">
     <span class='ocr_line' id='line_1_72' title="bbox 630 4107 2285 4183; baseline -0.003 -13"><span class='ocrx_word' id='word_1_518' title='bbox 630 4116 919 4171; x_wconf 68' lang='lat' dir='ltr'><strong>Caeterum</strong></span> <span class='ocrx_word' id='word_1_519' title='bbox 981 4113 1365 4183; x_wconf 88' lang='lat' dir='ltr'><strong>protostrator</strong></span> <span class='ocrx_word' id='word_1_520' title='bbox 1420 4108 1661 4165; x_wconf 80' lang='lat' dir='ltr'><strong>Alexius</strong></span> <span class='ocrx_word' id='word_1_521' title='bbox 1728 4107 2285 4181; x_wconf 89' lang='lat' dir='ltr'><strong>Philanthropenus,</strong></span> 
     </span>
    </p>
   </div>
   <div class='ocr_carea' id='block_1_73' title="bbox 634 4196 2286 4274">
    <p class='ocr_par' dir='ltr' id='par_1_73' title="bbox 634 4196 2286 4274">
     <span class='ocr_line' id='line_1_73' title="bbox 634 4196 2286 4274; baseline -0.002 -17"><span class='ocrx_word' id='word_1_522' title='bbox 634 4216 911 4274; x_wconf 91' lang='lat' dir='ltr'><strong>egressus</strong></span> <span class='ocrx_word' id='word_1_523' title='bbox 941 4215 1076 4256; x_wconf 91' lang='lat' dir='ltr'><strong>cum</strong></span> <span class='ocrx_word' id='word_1_524' title='bbox 1107 4198 1316 4266; x_wconf 82' lang='lat' dir='ltr'><strong>classe,</strong></span> <span class='ocrx_word' id='word_1_525' title='bbox 1351 4214 1531 4271; x_wconf 89' lang='lat' dir='ltr'><strong>quam</strong></span> <span class='ocrx_word' id='word_1_526' title='bbox 1581 4196 1839 4253; x_wconf 87' lang='lat' dir='ltr'><strong>habebat</strong></span> <span class='ocrx_word' id='word_1_527' title='bbox 1885 4197 2116 4270; x_wconf 89' lang='lat' dir='ltr'><strong>egregie</strong></span> <span class='ocrx_word' id='word_1_528' title='bbox 2164 4198 2286 4254; x_wconf 89' lang='lat' dir='ltr'><strong>ins-</strong></span> 
     </span>
    </p>
   </div>
   <div class='ocr_carea' id='block_1_74' title="bbox 632 4287 2286 4359">
    <p class='ocr_par' dir='ltr' id='par_1_74' title="bbox 632 4287 2286 4359">
     <span class='ocr_line' id='line_1_74' title="bbox 632 4287 2286 4359; baseline -0.002 -13"><span class='ocrx_word' id='word_1_529' title='bbox 632 4294 885 4348; x_wconf 86' lang='lat' dir='ltr'><strong>tructam</strong></span> <span class='ocrx_word' id='word_1_530' title='bbox 919 4288 1212 4345; x_wconf 89' lang='lat' dir='ltr'><strong>militibus</strong></span> <span class='ocrx_word' id='word_1_531' title='bbox 1242 4287 1564 4343; x_wconf 90' lang='lat' dir='ltr'><strong>Gasmulici</strong></span> <span class='ocrx_word' id='word_1_532' title='bbox 1606 4287 1856 4359; x_wconf 89' lang='lat' dir='ltr'><strong>generis,</strong></span> <span class='ocrx_word' id='word_1_533' title='bbox 1909 4288 2126 4358; x_wconf 90' lang='lat' dir='ltr'><strong>quibus</strong></span> <span class='ocrx_word' id='word_1_534' title='bbox 2158 4304 2286 4343; x_wconf 85' lang='lat' dir='ltr'><strong>ma-</strong></span> 
     </span>
    </p>
   </div>
   <div class='ocr_carea' id='block_1_75' title="bbox 629 4375 2286 4451">
    <p class='ocr_par' dir='ltr' id='par_1_75' title="bbox 629 4375 2286 4451">
     <span class='ocr_line' id='line_1_75' title="bbox 629 4375 2286 4451; baseline -0.002 -14"><span class='ocrx_word' id='word_1_535' title='bbox 629 4380 787 4437; x_wconf 78' lang='lat' dir='ltr'><strong>xime</strong></span> <span class='ocrx_word' id='word_1_536' title='bbox 817 4379 878 4436; x_wconf 90' lang='lat' dir='ltr'><strong>in</strong></span> <span class='ocrx_word' id='word_1_537' title='bbox 911 4377 1128 4451; x_wconf 70' lang='lat' dir='ltr'><strong>preliis</strong></span> <span class='ocrx_word' id='word_1_538' title='bbox 1159 4377 1378 4433; x_wconf 87' lang='lat' dir='ltr'><strong>ﬁdebat</strong></span> <span class='ocrx_word' id='word_1_539' title='bbox 1407 4376 1505 4448; x_wconf 89' lang='lat' dir='ltr'><strong>(iis</strong></span> <span class='ocrx_word' id='word_1_540' title='bbox 1536 4375 1731 4432; x_wconf 91' lang='lat' dir='ltr'><strong>solum</strong></span> <span class='ocrx_word' id='word_1_541' title='bbox 1779 4376 1852 4432; x_wconf 91' lang='lat' dir='ltr'><strong>ad</strong></span> <span class='ocrx_word' id='word_1_542' title='bbox 1901 4376 2144 4433; x_wconf 89' lang='lat' dir='ltr'><strong>bellicas</strong></span> <span class='ocrx_word' id='word_1_543' title='bbox 2192 4393 2286 4433; x_wconf 90' lang='lat' dir='ltr'><strong>res</strong></span> 
     </span>
    </p>
   </div>
   <div class='ocr_carea' id='block_1_76' title="bbox 630 4452 2284 4538">
    <p class='ocr_par' dir='ltr' id='par_1_76' title="bbox 630 4452 2284 4538">
     <span class='ocr_line' id='line_1_76' title="bbox 630 4452 2284 4538; baseline -0.003 -12"><span class='ocrx_word' id='word_1_544' title='bbox 630 4452 826 4537; x_wconf 80' lang='lat' dir='ltr'><strong>utens,</strong></span> <span class='ocrx_word' id='word_1_545' title='bbox 861 4468 996 4525; x_wconf 90' lang='lat' dir='ltr'><strong>aliis</strong></span> <span class='ocrx_word' id='word_1_546' title='bbox 1022 4484 1181 4533; x_wconf 91' lang='lat' dir='ltr'><strong>vero,</strong></span> <span class='ocrx_word' id='word_1_547' title='bbox 1215 4483 1366 4538; x_wconf 89' lang='lat' dir='ltr'><strong>quos</strong></span> <span class='ocrx_word' id='word_1_548' title='bbox 1400 4465 1769 4522; x_wconf 90' lang='lat' dir='ltr'><strong>Proselontes</strong></span> <span class='ocrx_word' id='word_1_549' title='bbox 1798 4470 2031 4535; x_wconf 89' lang='lat' dir='ltr'><strong>vocant,</strong></span> <span class='ocrx_word' id='word_1_550' title='bbox 2075 4467 2147 4521; x_wconf 90' lang='lat' dir='ltr'><strong>ad</strong></span> <span class='ocrx_word' id='word_1_551' title='bbox 2191 4483 2284 4522; x_wconf 86' lang='lat' dir='ltr'><strong>re-</strong></span> 
     </span>
    </p>
   </div>
   <div class='ocr_carea' id='block_1_77' title="bbox 627 4555 2283 4632">
    <p class='ocr_par' dir='ltr' id='par_1_77' title="bbox 627 4555 2283 4632">
     <span class='ocr_line' id='line_1_77' title="bbox 627 4555 2283 4632; baseline -0.002 -18"><span class='ocrx_word' id='word_1_552' title='bbox 627 4559 882 4632; x_wconf 89' lang='lat' dir='ltr'><strong>migium</strong></span> <span class='ocrx_word' id='word_1_553' title='bbox 913 4556 1244 4628; x_wconf 81' lang='lat' dir='ltr'><strong>duntaxat),</strong></span> <span class='ocrx_word' id='word_1_554' title='bbox 1288 4563 1567 4627; x_wconf 68' lang='lat' dir='ltr'><strong>praeterea</strong></span> <span class='ocrx_word' id='word_1_555' title='bbox 1616 4555 1877 4610; x_wconf 88' lang='lat' dir='ltr'><strong>Lacones</strong></span> <span class='ocrx_word' id='word_1_556' title='bbox 1925 4570 2126 4610; x_wconf 87' lang='lat' dir='ltr'><strong>secum</strong></span> <span class='ocrx_word' id='word_1_557' title='bbox 2181 4556 2283 4611; x_wconf 88' lang='lat' dir='ltr'><strong>ha-</strong></span> 
     </span>
    </p>
   </div>
   <div class='ocr_carea' id='block_1_78' title="bbox 2396 3395 4064 3468">
    <p class='ocr_par' dir='ltr' id='par_1_78' title="bbox 2396 3395 4064 3468">
     <span class='ocr_line' id='line_1_78' title="bbox 2396 3395 4064 3468; baseline 0.003 -18"><span class='ocrx_word' id='word_1_558' title='bbox 2396 3397 2711 3450; x_wconf 88' lang='lat' dir='ltr'><strong>advertere.</strong></span> <span class='ocrx_word' id='word_1_559' title='bbox 2745 3395 2932 3467; x_wconf 89' lang='lat' dir='ltr'><strong>Igitur</strong></span> <span class='ocrx_word' id='word_1_560' title='bbox 2949 3396 3360 3468; x_wconf 80' lang='lat' dir='ltr'><strong>frequentibus</strong></span> <span class='ocrx_word' id='word_1_561' title='bbox 3379 3396 3539 3453; x_wconf 90' lang='lat' dir='ltr'><strong>hisce</strong></span> <span class='ocrx_word' id='word_1_562' title='bbox 3557 3398 4064 3455; x_wconf 87' lang='lat' dir='ltr'><strong>missitationibus</strong></span> 
     </span>
    </p>
   </div>
   <div class='ocr_carea' id='block_1_79' title="bbox 2394 3483 4064 3559">
    <p class='ocr_par' dir='ltr' id='par_1_79' title="bbox 2394 3483 4064 3559">
     <span class='ocr_line' id='line_1_79' title="bbox 2394 3483 4064 3559; baseline 0.003 -21"><span class='ocrx_word' id='word_1_563' title='bbox 2394 3483 2727 3556; x_wconf 85' lang='lat' dir='ltr'><strong>legatorum</strong></span> <span class='ocrx_word' id='word_1_564' title='bbox 2761 3489 2818 3539; x_wconf 87' lang='lat' dir='ltr'><strong>et</strong></span> <span class='ocrx_word' id='word_1_565' title='bbox 2866 3483 3285 3555; x_wconf 89' lang='lat' dir='ltr'><strong>largitionibus</strong></span> <span class='ocrx_word' id='word_1_566' title='bbox 3319 3485 3651 3557; x_wconf 88' lang='lat' dir='ltr'><strong>magniﬁcis</strong></span> <span class='ocrx_word' id='word_1_567' title='bbox 3682 3502 3798 3541; x_wconf 89' lang='lat' dir='ltr'><strong>non</strong></span> <span class='ocrx_word' id='word_1_568' title='bbox 3834 3503 4064 3559; x_wconf 88' lang='lat' dir='ltr'><strong>papam</strong></span> 
     </span>
    </p>
   </div>
   <div class='ocr_carea' id='block_1_80' title="bbox 2393 3572 4062 3641">
    <p class='ocr_par' dir='ltr' id='par_1_80' title="bbox 2393 3572 4062 3641">
     <span class='ocr_line' id='line_1_80' title="bbox 2393 3572 4062 3641; baseline 0.002 -12"><span class='ocrx_word' id='word_1_569' title='bbox 2393 3572 2742 3641; x_wconf 89' lang='lat' dir='ltr'><strong>solum,sed</strong></span> <span class='ocrx_word' id='word_1_570' title='bbox 2779 3573 2999 3630; x_wconf 89' lang='lat' dir='ltr'><strong>multos</strong></span> <span class='ocrx_word' id='word_1_571' title='bbox 3056 3572 3234 3629; x_wconf 90' lang='lat' dir='ltr'><strong>etiam</strong></span> <span class='ocrx_word' id='word_1_572' title='bbox 3287 3574 3443 3631; x_wconf 69' lang='lat'><strong>210</strong></span> <span class='ocrx_word' id='word_1_573' title='bbox 3501 3574 3889 3631; x_wconf 86' lang='lat' dir='ltr'><strong>cardinalium</strong></span> <span class='ocrx_word' id='word_1_574' title='bbox 3953 3581 4062 3632; x_wconf 91' lang='lat' dir='ltr'><strong>aut</strong></span> 
     </span>
    </p>
   </div>
   <div class='ocr_carea' id='block_1_81' title="bbox 2394 3662 4051 3736">
    <p class='ocr_par' dir='ltr' id='par_1_81' title="bbox 2394 3662 4051 3736">
     <span class='ocr_line' id='line_1_81' title="bbox 2394 3662 4051 3736; baseline 0.002 -18"><span class='ocrx_word' id='word_1_575' title='bbox 2394 3662 2614 3734; x_wconf 89' lang='lat' dir='ltr'><strong>alioqui</strong></span> <span class='ocrx_word' id='word_1_576' title='bbox 2644 3664 2796 3735; x_wconf 85' lang='lat' dir='ltr'><strong>apud</strong></span> <span class='ocrx_word' id='word_1_577' title='bbox 2830 3662 3026 3736; x_wconf 89' lang='lat' dir='ltr'><strong>ipsum</strong></span> <span class='ocrx_word' id='word_1_578' title='bbox 3059 3663 3392 3735; x_wconf 89' lang='lat' dir='ltr'><strong>potentium</strong></span> <span class='ocrx_word' id='word_1_579' title='bbox 3424 3664 3701 3718; x_wconf 89' lang='lat' dir='ltr'><strong>studebat</strong></span> <span class='ocrx_word' id='word_1_580' title='bbox 3731 3665 4051 3721; x_wconf 88' lang='lat' dir='ltr'><strong>demereri.</strong></span> 
     </span>
    </p>
   </div>
   <div class='ocr_carea' id='block_1_82' title="bbox 2391 3752 4057 3826">
    <p class='ocr_par' dir='ltr' id='par_1_82' title="bbox 2391 3752 4057 3826">
     <span class='ocr_line' id='line_1_82' title="bbox 2391 3752 4057 3826; baseline 0.002 -19"><span class='ocrx_word' id='word_1_581' title='bbox 2391 3752 2551 3817; x_wconf 88' lang='lat' dir='ltr'><strong>Quod</strong></span> <span class='ocrx_word' id='word_1_582' title='bbox 2570 3753 2852 3825; x_wconf 89' lang='lat' dir='ltr'><strong>Bulgaros</strong></span> <span class='ocrx_word' id='word_1_583' title='bbox 2870 3752 3299 3824; x_wconf 88' lang='lat' dir='ltr'><strong>attinet,neque</strong></span> <span class='ocrx_word' id='word_1_584' title='bbox 3313 3752 3444 3808; x_wconf 92' lang='lat' dir='ltr'><strong>illos</strong></span> <span class='ocrx_word' id='word_1_585' title='bbox 3458 3752 3760 3825; x_wconf 87' lang='lat' dir='ltr'><strong>quiescere</strong></span> <span class='ocrx_word' id='word_1_586' title='bbox 3782 3754 4057 3826; x_wconf 82' lang='lat' dir='ltr'><strong>patieba-</strong></span> 
     </span>
    </p>
   </div>
   <div class='ocr_carea' id='block_1_83' title="bbox 2392 3840 4053 3914">
    <p class='ocr_par' dir='ltr' id='par_1_83' title="bbox 2392 3840 4053 3914">
     <span class='ocr_line' id='line_1_83' title="bbox 2392 3840 4053 3914; baseline 0.002 -17"><span class='ocrx_word' id='word_1_587' title='bbox 2392 3846 2510 3912; x_wconf 84' lang='lat' dir='ltr'><strong>tur,</strong></span> <span class='ocrx_word' id='word_1_588' title='bbox 2543 3842 2644 3897; x_wconf 90' lang='lat' dir='ltr'><strong>sed</strong></span> <span class='ocrx_word' id='word_1_589' title='bbox 2675 3858 2706 3897; x_wconf 92' lang='lat' dir='ltr'><strong>e</strong></span> <span class='ocrx_word' id='word_1_590' title='bbox 2735 3842 2926 3897; x_wconf 89' lang='lat' dir='ltr'><strong>vicino</strong></span> <span class='ocrx_word' id='word_1_591' title='bbox 2957 3842 3304 3898; x_wconf 88' lang='lat' dir='ltr'><strong>lacessebat.</strong></span> <span class='ocrx_word' id='word_1_592' title='bbox 3329 3845 3465 3896; x_wconf 88' lang='lat' dir='ltr'><strong>Erat</strong></span> <span class='ocrx_word' id='word_1_593' title='bbox 3494 3840 3652 3897; x_wconf 90' lang='lat' dir='ltr'><strong>enim</strong></span> <span class='ocrx_word' id='word_1_594' title='bbox 3685 3842 3920 3914; x_wconf 90' lang='lat' dir='ltr'><strong>publice</strong></span> <span class='ocrx_word' id='word_1_595' title='bbox 3944 3861 4053 3900; x_wconf 92' lang='lat' dir='ltr'><strong>no-</strong></span> 
     </span>
    </p>
   </div>
   <div class='ocr_carea' id='block_1_84' title="bbox 2390 3930 4057 4003">
    <p class='ocr_par' dir='ltr' id='par_1_84' title="bbox 2390 3930 4057 4003">
     <span class='ocr_line' id='line_1_84' title="bbox 2390 3930 4057 4003; baseline 0.001 -17"><span class='ocrx_word' id='word_1_596' title='bbox 2390 3935 2517 3987; x_wconf 85' lang='lat' dir='ltr'><strong>tum</strong></span> <span class='ocrx_word' id='word_1_597' title='bbox 2548 3932 2833 3987; x_wconf 90' lang='lat' dir='ltr'><strong>adversus</strong></span> <span class='ocrx_word' id='word_1_598' title='bbox 2857 3932 3273 4003; x_wconf 89' lang='lat' dir='ltr'><strong>imperatorem</strong></span> <span class='ocrx_word' id='word_1_599' title='bbox 3292 3930 3491 3987; x_wconf 90' lang='lat' dir='ltr'><strong>odium</strong></span> <span class='ocrx_word' id='word_1_600' title='bbox 3515 3931 3889 3987; x_wconf 88' lang='lat' dir='ltr'><strong>Constantini</strong></span> <span class='ocrx_word' id='word_1_601' title='bbox 3913 3933 4057 3989; x_wconf 85' lang='lat' dir='ltr'><strong>Bul-</strong></span> 
     </span>
    </p>
   </div>
   <div class='ocr_carea' id='block_1_85' title="bbox 2391 4019 4065 4095">
    <p class='ocr_par' dir='ltr' id='par_1_85' title="bbox 2391 4019 4065 4095">
     <span class='ocr_line' id='line_1_85' title="bbox 2391 4019 4065 4095; baseline 0.002 -20"><span class='ocrx_word' id='word_1_602' title='bbox 2391 4020 2824 4093; x_wconf 89' lang='lat' dir='ltr'><strong>gari,continuo</strong></span> <span class='ocrx_word' id='word_1_603' title='bbox 2846 4019 3135 4076; x_wconf 88' lang='lat' dir='ltr'><strong>stimulati</strong></span> <span class='ocrx_word' id='word_1_604' title='bbox 3164 4021 3235 4075; x_wconf 90' lang='lat' dir='ltr'><strong>ad</strong></span> <span class='ocrx_word' id='word_1_605' title='bbox 3262 4019 3317 4074; x_wconf 89' lang='lat' dir='ltr'><strong>id</strong></span> <span class='ocrx_word' id='word_1_606' title='bbox 3342 4020 3415 4075; x_wconf 90' lang='lat' dir='ltr'><strong>ab</strong></span> <span class='ocrx_word' id='word_1_607' title='bbox 3430 4036 3605 4075; x_wconf 85' lang='lat' dir='ltr'><strong>uxore</strong></span> <span class='ocrx_word' id='word_1_608' title='bbox 3628 4021 3793 4076; x_wconf 87' lang='lat' dir='ltr'><strong>Irene</strong></span> <span class='ocrx_word' id='word_1_609' title='bbox 3811 4028 4065 4095; x_wconf 88' lang='lat' dir='ltr'><strong>propter</strong></span> 
     </span>
    </p>
   </div>
   <div class='ocr_carea' id='block_1_86' title="bbox 2393 4108 4064 4181">
    <p class='ocr_par' dir='ltr' id='par_1_86' title="bbox 2393 4108 4064 4181">
     <span class='ocr_line' id='line_1_86' title="bbox 2393 4108 4064 4181; baseline 0.002 -16"><span class='ocrx_word' id='word_1_610' title='bbox 2393 4126 2640 4181; x_wconf 84' lang='lat' dir='ltr'><strong>puerum</strong></span> <span class='ocrx_word' id='word_1_611' title='bbox 2683 4110 2972 4165; x_wconf 88' lang='lat' dir='ltr'><strong>Joannem</strong></span> <span class='ocrx_word' id='word_1_612' title='bbox 3024 4109 3264 4164; x_wconf 82' lang='lat' dir='ltr'><strong>fratrem</strong></span> <span class='ocrx_word' id='word_1_613' title='bbox 3312 4108 3517 4179; x_wconf 89' lang='lat' dir='ltr'><strong>utique</strong></span> <span class='ocrx_word' id='word_1_614' title='bbox 3549 4110 3819 4165; x_wconf 89' lang='lat' dir='ltr'><strong>mulieris</strong></span> <span class='ocrx_word' id='word_1_615' title='bbox 3852 4112 4064 4179; x_wconf 88' lang='lat' dir='ltr'><strong>istius,</strong></span> 
     </span>
    </p>
   </div>
   <div class='ocr_carea' id='block_1_87' title="bbox 2391 4198 4067 4270">
    <p class='ocr_par' dir='ltr' id='par_1_87' title="bbox 2391 4198 4067 4270">
     <span class='ocr_line' id='line_1_87' title="bbox 2391 4198 4067 4270; baseline 0.002 -16"><span class='ocrx_word' id='word_1_616' title='bbox 2391 4206 2511 4256; x_wconf 88' lang='lat' dir='ltr'><strong>tam</strong></span> <span class='ocrx_word' id='word_1_617' title='bbox 2546 4200 2952 4270; x_wconf 88' lang='lat' dir='ltr'><strong>injuste,ojus</strong></span> <span class='ocrx_word' id='word_1_618' title='bbox 2975 4198 3210 4269; x_wconf 78' lang='lat' dir='ltr'><strong>fasquel</strong></span> <span class='ocrx_word' id='word_1_619' title='bbox 3238 4198 3521 4253; x_wconf 88' lang='lat' dir='ltr'><strong>immania</strong></span> <span class='ocrx_word' id='word_1_620' title='bbox 3552 4215 3798 4270; x_wconf 90' lang='lat' dir='ltr'><strong>passum</strong></span> <span class='ocrx_word' id='word_1_621' title='bbox 3822 4201 4067 4257; x_wconf 89' lang='lat' dir='ltr'><strong>occulta</strong></span> 
     </span>
    </p>
   </div>
   <div class='ocr_carea' id='block_1_88' title="bbox 2390 4286 4062 4361">
    <p class='ocr_par' dir='ltr' id='par_1_88' title="bbox 2390 4286 4062 4361">
     <span class='ocr_line' id='line_1_88' title="bbox 2390 4286 4062 4361; baseline 0.001 -16"><span class='ocrx_word' id='word_1_622' title='bbox 2390 4305 2459 4345; x_wconf 83' lang='lat' dir='ltr'><strong>ex</strong></span> <span class='ocrx_word' id='word_1_623' title='bbox 2480 4288 2717 4345; x_wconf 88' lang='lat' dir='ltr'><strong>insidiis</strong></span> <span class='ocrx_word' id='word_1_624' title='bbox 2739 4288 3111 4361; x_wconf 90' lang='lat' dir='ltr'><strong>grassatione</strong></span> <span class='ocrx_word' id='word_1_625' title='bbox 3131 4286 3520 4343; x_wconf 88' lang='lat' dir='ltr'><strong>crudelitatis.</strong></span> <span class='ocrx_word' id='word_1_626' title='bbox 3544 4289 3731 4359; x_wconf 86' lang='lat' dir='ltr'><strong>Cujus</strong></span> <span class='ocrx_word' id='word_1_627' title='bbox 3760 4289 3878 4344; x_wconf 90' lang='lat' dir='ltr'><strong>sibi</strong></span> <span class='ocrx_word' id='word_1_628' title='bbox 3910 4291 4062 4347; x_wconf 83' lang='lat' dir='ltr'><strong>faci-</strong></span> 
     </span>
    </p>
   </div>
   <div class='ocr_carea' id='block_1_89' title="bbox 2394 4377 4064 4450">
    <p class='ocr_par' dir='ltr' id='par_1_89' title="bbox 2394 4377 4064 4450">
     <span class='ocr_line' id='line_1_89' title="bbox 2394 4377 4064 4450; baseline 0.001 -17"><span class='ocrx_word' id='word_1_629' title='bbox 2394 4378 2554 4434; x_wconf 90' lang='lat' dir='ltr'><strong>noris</strong></span> <span class='ocrx_word' id='word_1_630' title='bbox 2583 4379 2906 4450; x_wconf 88' lang='lat' dir='ltr'><strong>imperator</strong></span> <span class='ocrx_word' id='word_1_631' title='bbox 2929 4377 3225 4445; x_wconf 89' lang='lat' dir='ltr'><strong>conscius,</strong></span> <span class='ocrx_word' id='word_1_632' title='bbox 3248 4392 3381 4432; x_wconf 90' lang='lat' dir='ltr'><strong>cum</strong></span> <span class='ocrx_word' id='word_1_633' title='bbox 3407 4393 3522 4433; x_wconf 86' lang='lat' dir='ltr'><strong>non</strong></span> <span class='ocrx_word' id='word_1_634' title='bbox 3546 4382 3748 4449; x_wconf 89' lang='lat' dir='ltr'><strong>posset</strong></span> <span class='ocrx_word' id='word_1_635' title='bbox 3780 4378 3928 4450; x_wconf 89' lang='lat' dir='ltr'><strong>quin</strong></span> <span class='ocrx_word' id='word_1_636' title='bbox 3962 4381 4064 4436; x_wconf 90' lang='lat' dir='ltr'><strong>in-</strong></span> 
     </span>
    </p>
   </div>
   <div class='ocr_carea' id='block_1_90' title="bbox 2389 4466 4066 4540">
    <p class='ocr_par' dir='ltr' id='par_1_90' title="bbox 2389 4466 4066 4540">
     <span class='ocr_line' id='line_1_90' title="bbox 2389 4466 4066 4540; baseline 0.002 -17"><span class='ocrx_word' id='word_1_637' title='bbox 2389 4468 2552 4523; x_wconf 88' lang='lat' dir='ltr'><strong>visus</strong></span> <span class='ocrx_word' id='word_1_638' title='bbox 2575 4472 2632 4523; x_wconf 91' lang='lat' dir='ltr'><strong>et</strong></span> <span class='ocrx_word' id='word_1_639' title='bbox 2654 4466 2988 4539; x_wconf 89' lang='lat' dir='ltr'><strong>capitaliter</strong></span> <span class='ocrx_word' id='word_1_640' title='bbox 3012 4482 3221 4522; x_wconf 83' lang='lat' dir='ltr'><strong>exosus</strong></span> <span class='ocrx_word' id='word_1_641' title='bbox 3244 4470 3363 4521; x_wconf 87' lang='lat' dir='ltr'><strong>tam</strong></span> <span class='ocrx_word' id='word_1_642' title='bbox 3389 4467 3743 4539; x_wconf 89' lang='lat' dir='ltr'><strong>propinquis</strong></span> <span class='ocrx_word' id='word_1_643' title='bbox 3768 4484 4066 4540; x_wconf 89' lang='lat' dir='ltr'><strong>oppresso</strong></span> 
     </span>
    </p>
   </div>
   <div class='ocr_carea' id='block_1_91' title="bbox 2391 4556 4062 4631">
    <p class='ocr_par' dir='ltr' id='par_1_91' title="bbox 2391 4556 4062 4631">
     <span class='ocr_line' id='line_1_91' title="bbox 2391 4556 4062 4631; baseline 0.003 -20"><span class='ocrx_word' id='word_1_644' title='bbox 2391 4558 2617 4631; x_wconf 87' lang='lat' dir='ltr'><strong>pupillo</strong></span> <span class='ocrx_word' id='word_1_645' title='bbox 2639 4557 2907 4628; x_wconf 89' lang='lat' dir='ltr'><strong>personis</strong></span> <span class='ocrx_word' id='word_1_646' title='bbox 2927 4562 3104 4623; x_wconf 88' lang='lat' dir='ltr'><strong>esset,</strong></span> <span class='ocrx_word' id='word_1_647' title='bbox 3128 4556 3486 4627; x_wconf 86' lang='lat' dir='ltr'><strong>sequebatur</strong></span> <span class='ocrx_word' id='word_1_648' title='bbox 3509 4571 3579 4613; x_wconf 83' lang='lat' dir='ltr'><strong>ex</strong></span> <span class='ocrx_word' id='word_1_649' title='bbox 3611 4573 3773 4613; x_wconf 91' lang='lat' dir='ltr'><strong>more</strong></span> <span class='ocrx_word' id='word_1_650' title='bbox 3807 4575 3875 4614; x_wconf 90' lang='lat' dir='ltr'><strong>ac</strong></span> <span class='ocrx_word' id='word_1_651' title='bbox 3906 4560 4062 4617; x_wconf 83' lang='lat' dir='ltr'><strong>vitio</strong></span> 
     </span>
    </p>
   </div>
   <div class='ocr_carea' id='block_1_92' title="bbox 629 4642 4067 4741">
    <p class='ocr_par' dir='ltr' id='par_1_92' title="bbox 629 4642 4067 4741">
     <span class='ocr_line' id='line_1_92' title="bbox 629 4642 4067 4741; baseline 0 -36"><span class='ocrx_word' id='word_1_652' title='bbox 629 4649 800 4717; x_wconf 82' lang='lat' dir='ltr'><strong>bons,</strong></span> <span class='ocrx_word' id='word_1_653' title='bbox 831 4663 981 4719; x_wconf 86' lang='lat' dir='ltr'><strong>quos</strong></span> <span class='ocrx_word' id='word_1_654' title='bbox 1028 4661 1060 4701; x_wconf 93' lang='lat' dir='ltr'><strong>e</strong></span> <span class='ocrx_word' id='word_1_655' title='bbox 1093 4643 1567 4717; x_wconf 88' lang='lat' dir='ltr'><strong>Peloponneneso</strong></span> <span class='ocrx_word' id='word_1_656' title='bbox 1614 4642 1935 4716; x_wconf 88' lang='lat' dir='ltr'><strong>imperator</strong></span> <span class='ocrx_word' id='word_1_657' title='bbox 1964 4644 2282 4700; x_wconf 79' lang='lat' dir='ltr'><strong>transtule-</strong></span> <span class='ocrx_word' id='word_1_658' title='bbox 2313 4676 2360 4741; x_wconf 85' lang='lat' dir='ltr'><strong>D</strong></span> <span class='ocrx_word' id='word_1_659' title='bbox 2393 4648 2632 4703; x_wconf 83' lang='lat' dir='ltr'><strong>malitiae</strong></span> <span class='ocrx_word' id='word_1_660' title='bbox 2658 4646 3003 4702; x_wconf 91' lang='lat' dir='ltr'><strong>utvicissim</strong></span> <span class='ocrx_word' id='word_1_661' title='bbox 3026 4643 3532 4716; x_wconf 89' lang='lat' dir='ltr'><strong>illosipseodisset</strong></span> <span class='ocrx_word' id='word_1_662' title='bbox 3553 4662 3619 4701; x_wconf 91' lang='lat' dir='ltr'><strong>ac</strong></span> <span class='ocrx_word' id='word_1_663' title='bbox 3643 4651 3855 4703; x_wconf 88' lang='lat' dir='ltr'><strong>mutua</strong></span> <span class='ocrx_word' id='word_1_664' title='bbox 3881 4650 4067 4705; x_wconf 79' lang='lat' dir='ltr'><strong>colli-</strong></span> 
     </span>
    </p>
   </div>
   <div class='ocr_carea' id='block_1_93' title="bbox 628 4732 2273 4808">
    <p class='ocr_par' dir='ltr' id='par_1_93' title="bbox 628 4732 2273 4808">
     <span class='ocr_line' id='line_1_93' title="bbox 628 4732 2273 4808; baseline -0.003 -14"><span class='ocrx_word' id='word_1_665' title='bbox 628 4740 739 4808; x_wconf 85' lang='lat' dir='ltr'><strong>rat,</strong></span> <span class='ocrx_word' id='word_1_666' title='bbox 773 4752 906 4793; x_wconf 91' lang='lat' dir='ltr'><strong>cum</strong></span> <span class='ocrx_word' id='word_1_667' title='bbox 937 4734 1033 4793; x_wconf 91' lang='lat' dir='ltr'><strong>his</strong></span> <span class='ocrx_word' id='word_1_668' title='bbox 1064 4734 1343 4791; x_wconf 89' lang='lat' dir='ltr'><strong>omnibus</strong></span> <span class='ocrx_word' id='word_1_669' title='bbox 1374 4732 1597 4790; x_wconf 91' lang='lat' dir='ltr'><strong>bellum</strong></span> <span class='ocrx_word' id='word_1_670' title='bbox 1632 4748 1734 4805; x_wconf 90' lang='lat' dir='ltr'><strong>per</strong></span> <span class='ocrx_word' id='word_1_671' title='bbox 1762 4733 1992 4789; x_wconf 90' lang='lat' dir='ltr'><strong>insulas</strong></span> <span class='ocrx_word' id='word_1_672' title='bbox 2023 4734 2273 4789; x_wconf 90' lang='lat' dir='ltr'><strong>circum-</strong></span> 
     </span>
    </p>
   </div>
   <div class='ocr_carea' id='block_1_94' title="bbox 622 4822 2275 4899">
    <p class='ocr_par' dir='ltr' id='par_1_94' title="bbox 622 4822 2275 4899">
     <span class='ocr_line' id='line_1_94' title="bbox 622 4822 2275 4899; baseline -0.003 -16"><span class='ocrx_word' id='word_1_673' title='bbox 622 4828 781 4898; x_wconf 90' lang='lat' dir='ltr'><strong>tulit,</strong></span> <span class='ocrx_word' id='word_1_674' title='bbox 815 4826 1008 4899; x_wconf 89' lang='lat' dir='ltr'><strong>iisque</strong></span> <span class='ocrx_word' id='word_1_675' title='bbox 1036 4823 1281 4881; x_wconf 89' lang='lat' dir='ltr'><strong>vastatis</strong></span> <span class='ocrx_word' id='word_1_676' title='bbox 1310 4824 1652 4895; x_wconf 90' lang='lat' dir='ltr'><strong>opulentam</strong></span> <span class='ocrx_word' id='word_1_677' title='bbox 1694 4839 1763 4879; x_wconf 82' lang='lat' dir='ltr'><strong>ex</strong></span> <span class='ocrx_word' id='word_1_678' title='bbox 1814 4822 2090 4879; x_wconf 87' lang='lat' dir='ltr'><strong>hostibus</strong></span> <span class='ocrx_word' id='word_1_679' title='bbox 2127 4840 2275 4895; x_wconf 64' lang='lat' dir='ltr'><strong>pra:-</strong></span> 
     </span>
    </p>
   </div>
   <div class='ocr_carea' id='block_1_95' title="bbox 619 4912 1649 4990">
    <p class='ocr_par' dir='ltr' id='par_1_95' title="bbox 619 4912 1649 4990">
     <span class='ocr_line' id='line_1_95' title="bbox 619 4912 1649 4990; baseline -0.007 -16"><span class='ocrx_word' id='word_1_680' title='bbox 619 4914 1115 4990; x_wconf 87' lang='lat' dir='ltr'><strong>damimperatori</strong></span> <span class='ocrx_word' id='word_1_681' title='bbox 1148 4914 1381 4970; x_wconf 88' lang='lat' dir='ltr'><strong>rediens</strong></span> <span class='ocrx_word' id='word_1_682' title='bbox 1414 4912 1649 4969; x_wconf 88' lang='lat' dir='ltr'><strong>obtulit.</strong></span> 
     </span>
    </p>
   </div>
   <div class='ocr_carea' id='block_1_96' title="bbox 618 5019 2280 5095">
    <p class='ocr_par' dir='ltr' id='par_1_96' title="bbox 618 5019 2280 5095">
     <span class='ocr_line' id='line_1_96' title="bbox 618 5019 2280 5095; baseline -0.003 -15"><span class='ocrx_word' id='word_1_683' title='bbox 618 5025 685 5080; x_wconf 91' lang='grc'>18</span> <span class='ocrx_word' id='word_1_684' title='bbox 726 5025 1047 5095; x_wconf 79' lang='lat' dir='ltr'><strong>Legationes</strong></span> <span class='ocrx_word' id='word_1_685' title='bbox 1094 5021 1165 5077; x_wconf 86' lang='lat' dir='ltr'><strong>ad</strong></span> <span class='ocrx_word' id='word_1_686' title='bbox 1209 5037 1445 5095; x_wconf 73' lang='lat' dir='ltr'><strong>papam;</strong></span> <span class='ocrx_word' id='word_1_687' title='bbox 1497 5024 1548 5075; x_wconf 84' lang='lat' dir='ltr'><strong>et</strong></span> <span class='ocrx_word' id='word_1_688' title='bbox 1594 5028 1656 5074; x_wconf 76' lang='grc' dir='ltr'><strong>ιιι</strong></span> <span class='ocrx_word' id='word_1_689' title='bbox 1701 5019 2005 5095; x_wconf 76' lang='lat' dir='ltr'><strong>imperator</strong></span> <span class='ocrx_word' id='word_1_690' title='bbox 2042 5036 2158 5075; x_wconf 87' lang='lat' dir='ltr'><strong>rem</strong></span> <span class='ocrx_word' id='word_1_691' title='bbox 2204 5020 2280 5076; x_wconf 87' lang='lat' dir='ltr'><strong>ad</strong></span> 
     </span>
    </p>
   </div>
   <div class='ocr_carea' id='block_1_97' title="bbox 721 5093 2166 5163">
    <p class='ocr_par' dir='ltr' id='par_1_97' title="bbox 721 5093 2166 5163">
     <span class='ocr_line' id='line_1_97' title="bbox 721 5093 2166 5163; baseline -0.004 -10"><span class='ocrx_word' id='word_1_692' title='bbox 721 5093 971 5153; x_wconf 56' lang='lat' dir='ltr'><strong>Haemum</strong></span> <span class='ocrx_word' id='word_1_693' title='bbox 994 5097 1188 5151; x_wconf 83' lang='lat' dir='ltr'><strong>absens</strong></span> <span class='ocrx_word' id='word_1_694' title='bbox 1216 5098 1266 5149; x_wconf 85' lang='lat' dir='ltr'><strong>et</strong></span> <span class='ocrx_word' id='word_1_695' title='bbox 1295 5094 1447 5150; x_wconf 84' lang='lat' dir='ltr'><strong>domi</strong></span> <span class='ocrx_word' id='word_1_696' title='bbox 1475 5095 1717 5149; x_wconf 74' lang='lat' dir='ltr'><strong>residens</strong></span> <span class='ocrx_word' id='word_1_697' title='bbox 1758 5093 1892 5149; x_wconf 79' lang='lat' dir='ltr'><strong>bene</strong></span> <span class='ocrx_word' id='word_1_698' title='bbox 1919 5095 2166 5163; x_wconf 75' lang='lat' dir='ltr'><strong>gesserit.</strong></span> 
     </span>
    </p>
   </div>
   <div class='ocr_carea' id='block_1_98' title="bbox 685 5182 2275 5258">
    <p class='ocr_par' dir='ltr' id='par_1_98' title="bbox 685 5182 2275 5258">
     <span class='ocr_line' id='line_1_98' title="bbox 685 5182 2275 5258; baseline -0.003 -16"><span class='ocrx_word' id='word_1_699' title='bbox 685 5185 850 5243; x_wconf 83' lang='lat' dir='ltr'><strong>Haud</strong></span> <span class='ocrx_word' id='word_1_700' title='bbox 884 5201 1055 5258; x_wconf 92' lang='lat' dir='ltr'><strong>porro</strong></span> <span class='ocrx_word' id='word_1_701' title='bbox 1088 5184 1325 5239; x_wconf 91' lang='lat' dir='ltr'><strong>interim</strong></span> <span class='ocrx_word' id='word_1_702' title='bbox 1345 5182 1742 5238; x_wconf 85' lang='lat' dir='ltr'><strong>oliosusdomi</strong></span> <span class='ocrx_word' id='word_1_703' title='bbox 1766 5182 2068 5238; x_wconf 88' lang='lat' dir='ltr'><strong>desidebat</strong></span> <span class='ocrx_word' id='word_1_704' title='bbox 2092 5184 2275 5254; x_wconf 90' lang='lat' dir='ltr'><strong>impe-</strong></span> 
     </span>
    </p>
   </div>
   <div class='ocr_carea' id='block_1_99' title="bbox 614 5270 2276 5345">
    <p class='ocr_par' dir='ltr' id='par_1_99' title="bbox 614 5270 2276 5345">
     <span class='ocr_line' id='line_1_99' title="bbox 614 5270 2276 5345; baseline -0.002 -15"><span class='ocrx_word' id='word_1_705' title='bbox 614 5277 905 5345; x_wconf 87' lang='lat' dir='ltr'><strong>rator,aut</strong></span> <span class='ocrx_word' id='word_1_706' title='bbox 921 5271 1316 5329; x_wconf 89' lang='lat' dir='ltr'><strong>indormiebat</strong></span> <span class='ocrx_word' id='word_1_707' title='bbox 1335 5271 1915 5343; x_wconf 86' lang='lat' dir='ltr'><strong>rebus,negotiorum</strong></span> <span class='ocrx_word' id='word_1_708' title='bbox 1940 5270 2276 5327; x_wconf 87' lang='lat' dir='ltr'><strong>occasiones</strong></span> 
     </span>
    </p>
   </div>
   <div class='ocr_carea' id='block_1_100' title="bbox 615 5360 2273 5436">
    <p class='ocr_par' dir='ltr' id='par_1_100' title="bbox 615 5360 2273 5436">
     <span class='ocr_line' id='line_1_100' title="bbox 615 5360 2273 5436; baseline -0.001 -18"><span class='ocrx_word' id='word_1_709' title='bbox 615 5362 1092 5436; x_wconf 62' lang='lat' dir='ltr'><strong>praetermittens.</strong></span> <span class='ocrx_word' id='word_1_710' title='bbox 1137 5360 1303 5418; x_wconf 91' lang='lat' dir='ltr'><strong>Unde</strong></span> <span class='ocrx_word' id='word_1_711' title='bbox 1343 5364 1541 5415; x_wconf 82' lang='lat' dir='ltr'><strong>autem</strong></span> <span class='ocrx_word' id='word_1_712' title='bbox 1594 5364 1793 5432; x_wconf 90' lang='lat' dir='ltr'><strong>posset</strong></span> <span class='ocrx_word' id='word_1_713' title='bbox 1818 5360 1926 5416; x_wconf 90' lang='lat' dir='ltr'><strong>hoc</strong></span> <span class='ocrx_word' id='word_1_714' title='bbox 1958 5361 2273 5433; x_wconf 88' lang='lat' dir='ltr'><strong>quisquam</strong></span> 
     </span>
    </p>
   </div>
   <div class='ocr_carea' id='block_1_101' title="bbox 614 5448 2274 5523">
    <p class='ocr_par' dir='ltr' id='par_1_101' title="bbox 614 5448 2274 5523">
     <span class='ocr_line' id='line_1_101' title="bbox 614 5448 2274 5523; baseline -0.002 -14"><span class='ocrx_word' id='word_1_715' title='bbox 614 5454 687 5509; x_wconf 90' lang='lat' dir='ltr'><strong>de</strong></span> <span class='ocrx_word' id='word_1_716' title='bbox 718 5452 817 5509; x_wconf 89' lang='lat' dir='ltr'><strong>illo</strong></span> <span class='ocrx_word' id='word_1_717' title='bbox 847 5448 1504 5521; x_wconf 88' lang='lat' dir='ltr'><strong>autumare,quiatalis</strong></span> <span class='ocrx_word' id='word_1_718' title='bbox 1535 5450 1875 5522; x_wconf 89' lang='lat' dir='ltr'><strong>suspicione</strong></span> <span class='ocrx_word' id='word_1_719' title='bbox 1908 5449 2274 5523; x_wconf 72' lang='lat' dir='ltr'><strong>negligentiae</strong></span> 
     </span>
    </p>
   </div>
   <div class='ocr_carea' id='block_1_102' title="bbox 614 5539 2275 5616">
    <p class='ocr_par' dir='ltr' id='par_1_102' title="bbox 614 5539 2275 5616">
     <span class='ocr_line' id='line_1_102' title="bbox 614 5539 2275 5616; baseline -0.002 -17"><span class='ocrx_word' id='word_1_720' title='bbox 614 5543 964 5616; x_wconf 89' lang='lat' dir='ltr'><strong>longissime</strong></span> <span class='ocrx_word' id='word_1_721' title='bbox 986 5541 1257 5597; x_wconf 90' lang='lat' dir='ltr'><strong>omnium</strong></span> <span class='ocrx_word' id='word_1_722' title='bbox 1290 5539 1526 5595; x_wconf 80' lang='lat' dir='ltr'><strong>abfuit?</strong></span> <span class='ocrx_word' id='word_1_723' title='bbox 1556 5539 1877 5595; x_wconf 88' lang='lat' dir='ltr'><strong>Verissime</strong></span> <span class='ocrx_word' id='word_1_724' title='bbox 1908 5540 2125 5611; x_wconf 89' lang='lat' dir='ltr'><strong>quippe</strong></span> <span class='ocrx_word' id='word_1_725' title='bbox 2157 5540 2275 5595; x_wconf 88' lang='lat' dir='ltr'><strong>dici</strong></span> 
     </span>
    </p>
   </div>
   <div class='ocr_carea' id='block_1_103' title="bbox 612 5628 2274 5705">
    <p class='ocr_par' dir='ltr' id='par_1_103' title="bbox 612 5628 2274 5705">
     <span class='ocr_line' id='line_1_103' title="bbox 612 5628 2274 5705; baseline -0.002 -16"><span class='ocrx_word' id='word_1_726' title='bbox 612 5637 808 5705; x_wconf 88' lang='lat' dir='ltr'><strong>potest</strong></span> <span class='ocrx_word' id='word_1_727' title='bbox 838 5632 1023 5688; x_wconf 86' lang='lat' dir='ltr'><strong>fuisse</strong></span> <span class='ocrx_word' id='word_1_728' title='bbox 1054 5630 1180 5685; x_wconf 90' lang='lat' dir='ltr'><strong>viro</strong></span> <span class='ocrx_word' id='word_1_729' title='bbox 1216 5628 1355 5684; x_wconf 91' lang='lat' dir='ltr'><strong>huic</strong></span> <span class='ocrx_word' id='word_1_730' title='bbox 1386 5630 1655 5685; x_wconf 90' lang='lat' dir='ltr'><strong>animum</strong></span> <span class='ocrx_word' id='word_1_731' title='bbox 1710 5634 1769 5684; x_wconf 91' lang='lat' dir='ltr'><strong>et</strong></span> <span class='ocrx_word' id='word_1_732' title='bbox 1810 5629 2055 5701; x_wconf 88' lang='lat' dir='ltr'><strong>spiritus</strong></span> <span class='ocrx_word' id='word_1_733' title='bbox 2104 5629 2274 5699; x_wconf 89' lang='lat' dir='ltr'><strong>plane</strong></span> 
     </span>
    </p>
   </div>
   <div class='ocr_carea' id='block_1_104' title="bbox 608 5719 2273 5798">
    <p class='ocr_par' dir='ltr' id='par_1_104' title="bbox 608 5719 2273 5798">
     <span class='ocr_line' id='line_1_104' title="bbox 608 5719 2273 5798; baseline -0.004 -17"><span class='ocrx_word' id='word_1_734' title='bbox 608 5723 821 5795; x_wconf 88' lang='lat' dir='ltr'><strong>regios;</strong></span> <span class='ocrx_word' id='word_1_735' title='bbox 848 5736 1040 5798; x_wconf 76' lang='lat' dir='ltr'><strong>neque</strong></span> <span class='ocrx_word' id='word_1_736' title='bbox 1066 5719 1117 5777; x_wconf 90' lang='lat' dir='ltr'><strong>is</strong></span> <span class='ocrx_word' id='word_1_737' title='bbox 1139 5735 1199 5777; x_wconf 89' lang='lat' dir='ltr'><strong>se</strong></span> <span class='ocrx_word' id='word_1_738' title='bbox 1221 5735 1365 5777; x_wconf 89' lang='lat' dir='ltr'><strong>sane</strong></span> <span class='ocrx_word' id='word_1_739' title='bbox 1385 5720 1681 5776; x_wconf 87' lang='lat' dir='ltr'><strong>contemni</strong></span> <span class='ocrx_word' id='word_1_740' title='bbox 1717 5719 2076 5789; x_wconf 89' lang='lat' dir='ltr'><strong>sustinebat,</strong></span> <span class='ocrx_word' id='word_1_741' title='bbox 2118 5720 2273 5775; x_wconf 90' lang='lat' dir='ltr'><strong>unde</strong></span> 
     </span>
    </p>
   </div>
   <div class='ocr_carea' id='block_1_105' title="bbox 688 6320 923 6411">
    <p class='ocr_par' dir='ltr' id='par_1_105' title="bbox 688 6320 923 6411">
     <span class='ocr_line' id='line_1_105' title="bbox 688 6320 923 6411; baseline 0 0"><span class='ocrx_word' id='word_1_742' title='bbox 688 6320 923 6411; x_wconf 42' lang='lat' dir='ltr'><strong>ei</strong></span> 
     </span>
    </p>
   </div>
   <div class='ocr_carea' id='block_1_106' title="bbox 2392 4733 4071 4805">
    <p class='ocr_par' dir='ltr' id='par_1_106' title="bbox 2392 4733 4071 4805">
     <span class='ocr_line' id='line_1_106' title="bbox 2392 4733 4071 4805; baseline 0.002 -12"><span class='ocrx_word' id='word_1_743' title='bbox 2392 4738 2557 4793; x_wconf 91' lang='lat' dir='ltr'><strong>sione</strong></span> <span class='ocrx_word' id='word_1_744' title='bbox 2588 4737 2873 4792; x_wconf 89' lang='lat' dir='ltr'><strong>detereret</strong></span> <span class='ocrx_word' id='word_1_745' title='bbox 2904 4735 3241 4791; x_wconf 91' lang='lat' dir='ltr'><strong>obterentes</strong></span> <span class='ocrx_word' id='word_1_746' title='bbox 3270 4750 3353 4790; x_wconf 91' lang='lat' dir='ltr'><strong>se.</strong></span> <span class='ocrx_word' id='word_1_747' title='bbox 3379 4733 3522 4789; x_wconf 89' lang='lat' dir='ltr'><strong>Cum</strong></span> <span class='ocrx_word' id='word_1_748' title='bbox 3556 4735 3741 4805; x_wconf 86' lang='lat' dir='ltr'><strong>igitur</strong></span> <span class='ocrx_word' id='word_1_749' title='bbox 3774 4736 4071 4796; x_wconf 78' lang='lat' dir='ltr'><strong>Romana</strong></span> 
     </span>
    </p>
   </div>
   <div class='ocr_carea' id='block_1_107' title="bbox 2387 4823 4073 4896">
    <p class='ocr_par' dir='ltr' id='par_1_107' title="bbox 2387 4823 4073 4896">
     <span class='ocr_line' id='line_1_107' title="bbox 2387 4823 4073 4896; baseline 0.004 -15"><span class='ocrx_word' id='word_1_750' title='bbox 2387 4827 2530 4882; x_wconf 83' lang='lat' dir='ltr'><strong>ditio</strong></span> <span class='ocrx_word' id='word_1_751' title='bbox 2564 4826 2834 4881; x_wconf 88' lang='lat' dir='ltr'><strong>ﬁniretur</strong></span> <span class='ocrx_word' id='word_1_752' title='bbox 2863 4825 3185 4890; x_wconf 88' lang='lat' dir='ltr'><strong>Orestiade,</strong></span> <span class='ocrx_word' id='word_1_753' title='bbox 3234 4824 3449 4896; x_wconf 81' lang='lat' dir='ltr'><strong>vixque</strong></span> <span class='ocrx_word' id='word_1_754' title='bbox 3496 4823 3651 4880; x_wconf 85' lang='lat' dir='ltr'><strong>ultra</strong></span> <span class='ocrx_word' id='word_1_755' title='bbox 3696 4841 3828 4881; x_wconf 89' lang='lat' dir='ltr'><strong>eam</strong></span> <span class='ocrx_word' id='word_1_756' title='bbox 3880 4834 4073 4887; x_wconf 86' lang='lat' dir='ltr'><strong>antea</strong></span> 
     </span>
    </p>
   </div>
   <div class='ocr_carea' id='block_1_108' title="bbox 2390 4911 4075 4989">
    <p class='ocr_par' dir='ltr' id='par_1_108' title="bbox 2390 4911 4075 4989">
     <span class='ocr_line' id='line_1_108' title="bbox 2390 4911 4075 4989; baseline 0.001 -16"><span class='ocrx_word' id='word_1_757' title='bbox 2390 4917 2791 4989; x_wconf 90' lang='lat' dir='ltr'><strong>porrigeretur</strong></span> <span class='ocrx_word' id='word_1_758' title='bbox 2829 4914 3102 4987; x_wconf 79' lang='lat' dir='ltr'><strong>Bulgaria</strong></span> <span class='ocrx_word' id='word_1_759' title='bbox 3144 4913 3416 4969; x_wconf 90' lang='lat' dir='ltr'><strong>videlicet</strong></span> <span class='ocrx_word' id='word_1_760' title='bbox 3437 4911 3711 4969; x_wconf 78' lang='lat' dir='ltr'><strong>ulteriora</strong></span> <span class='ocrx_word' id='word_1_761' title='bbox 3735 4914 4075 4974; x_wconf 85' lang='lat' dir='ltr'><strong>obtinenti-</strong></span> 
     </span>
    </p>
   </div>
   <div class='ocr_carea' id='block_1_109' title="bbox 2386 5001 4070 5079">
    <p class='ocr_par' dir='ltr' id='par_1_109' title="bbox 2386 5001 4070 5079">
     <span class='ocr_line' id='line_1_109' title="bbox 2386 5001 4070 5079; baseline 0.001 -17"><span class='ocrx_word' id='word_1_762' title='bbox 2386 5005 2768 5073; x_wconf 90' lang='lat' dir='ltr'><strong>bus,crebras</strong></span> <span class='ocrx_word' id='word_1_763' title='bbox 2781 5002 3114 5060; x_wconf 88' lang='lat' dir='ltr'><strong>eoimmisit</strong></span> <span class='ocrx_word' id='word_1_764' title='bbox 3129 5001 3478 5057; x_wconf 90' lang='lat' dir='ltr'><strong>militarium</strong></span> <span class='ocrx_word' id='word_1_765' title='bbox 3494 5005 3796 5074; x_wconf 88' lang='lat' dir='ltr'><strong>copiarum</strong></span> <span class='ocrx_word' id='word_1_766' title='bbox 3816 5022 3953 5062; x_wconf 92' lang='lat' dir='ltr'><strong>man</strong></span> <span class='ocrx_word' id='word_1_767' title='bbox 3966 5024 4070 5079; x_wconf 83' lang='lat' dir='ltr'><strong>us,</strong></span> 
     </span>
    </p>
   </div>
   <div class='ocr_carea' id='block_1_110' title="bbox 2388 5091 4071 5168">
    <p class='ocr_par' dir='ltr' id='par_1_110' title="bbox 2388 5091 4071 5168">
     <span class='ocr_line' id='line_1_110' title="bbox 2388 5091 4071 5168; baseline 0.002 -17"><span class='ocrx_word' id='word_1_768' title='bbox 2388 5096 2772 5167; x_wconf 82' lang='lat' dir='ltr'><strong>praescribens</strong></span> <span class='ocrx_word' id='word_1_769' title='bbox 2807 5093 2953 5166; x_wconf 91' lang='lat' dir='ltr'><strong>ipsis</strong></span> <span class='ocrx_word' id='word_1_770' title='bbox 2974 5091 3281 5163; x_wconf 84' lang='lat' dir='ltr'><strong>sigillatim</strong></span> <span class='ocrx_word' id='word_1_771' title='bbox 3305 5092 3445 5163; x_wconf 86' lang='lat' dir='ltr'><strong>quid</strong></span> <span class='ocrx_word' id='word_1_772' title='bbox 3470 5092 3643 5149; x_wconf 89' lang='lat' dir='ltr'><strong>vellet</strong></span> <span class='ocrx_word' id='word_1_773' title='bbox 3664 5093 3810 5150; x_wconf 90' lang='lat' dir='ltr'><strong>ﬁeri.</strong></span> <span class='ocrx_word' id='word_1_774' title='bbox 3840 5095 3905 5150; x_wconf 93' lang='lat' dir='ltr'><strong>In</strong></span> <span class='ocrx_word' id='word_1_775' title='bbox 3939 5114 4071 5168; x_wconf 90' lang='lat' dir='ltr'><strong>quo</strong></span> 
     </span>
    </p>
   </div>
   <div class='ocr_carea' id='block_1_111' title="bbox 2386 5180 4070 5257">
    <p class='ocr_par' dir='ltr' id='par_1_111' title="bbox 2386 5180 4070 5257">
     <span class='ocr_line' id='line_1_111' title="bbox 2386 5180 4070 5257; baseline 0.001 -16"><span class='ocrx_word' id='word_1_776' title='bbox 2386 5191 2554 5241; x_wconf 87' lang='lat' dir='ltr'><strong>erant</strong></span> <span class='ocrx_word' id='word_1_777' title='bbox 2574 5185 2824 5241; x_wconf 62' lang='lat' dir='ltr'><strong>solertiae</strong></span> <span class='ocrx_word' id='word_1_778' title='bbox 2850 5184 3037 5255; x_wconf 88' lang='lat' dir='ltr'><strong>ipsius</strong></span> <span class='ocrx_word' id='word_1_779' title='bbox 3056 5187 3115 5238; x_wconf 88' lang='lat' dir='ltr'><strong>et</strong></span> <span class='ocrx_word' id='word_1_780' title='bbox 3136 5180 3356 5253; x_wconf 74' lang='lat' dir='ltr'><strong>peritiae</strong></span> <span class='ocrx_word' id='word_1_781' title='bbox 3379 5180 3599 5237; x_wconf 67' lang='lat' dir='ltr'><strong>bellicae</strong></span> <span class='ocrx_word' id='word_1_782' title='bbox 3640 5182 3781 5237; x_wconf 89' lang='lat' dir='ltr'><strong>artis</strong></span> <span class='ocrx_word' id='word_1_783' title='bbox 3818 5189 4070 5257; x_wconf 86' lang='lat' dir='ltr'><strong>experi-</strong></span> 
     </span>
    </p>
   </div>
   <div class='ocr_carea' id='block_1_112' title="bbox 2389 5271 4067 5347">
    <p class='ocr_par' dir='ltr' id='par_1_112' title="bbox 2389 5271 4067 5347">
     <span class='ocr_line' id='line_1_112' title="bbox 2389 5271 4067 5347; baseline 0.001 -17"><span class='ocrx_word' id='word_1_784' title='bbox 2389 5280 2587 5331; x_wconf 88' lang='lat' dir='ltr'><strong>menta</strong></span> <span class='ocrx_word' id='word_1_785' title='bbox 2610 5290 2852 5347; x_wconf 89' lang='lat' dir='ltr'><strong>prorsus</strong></span> <span class='ocrx_word' id='word_1_786' title='bbox 2876 5272 3045 5328; x_wconf 87' lang='lat' dir='ltr'><strong>mira.</strong></span> <span class='ocrx_word' id='word_1_787' title='bbox 3079 5271 3227 5326; x_wconf 89' lang='lat' dir='ltr'><strong>Nam</strong></span> <span class='ocrx_word' id='word_1_788' title='bbox 3258 5271 3308 5325; x_wconf 90' lang='lat' dir='ltr'><strong>si</strong></span> <span class='ocrx_word' id='word_1_789' title='bbox 3342 5286 3491 5341; x_wconf 92' lang='lat' dir='ltr'><strong>quos</strong></span> <span class='ocrx_word' id='word_1_790' title='bbox 3524 5287 3727 5327; x_wconf 89' lang='lat' dir='ltr'><strong>eorum</strong></span> <span class='ocrx_word' id='word_1_791' title='bbox 3779 5272 4067 5332; x_wconf 88' lang='lat' dir='ltr'><strong>locorum</strong></span> 
     </span>
    </p>
   </div>
   <div class='ocr_carea' id='block_1_113' title="bbox 2387 5359 4072 5436">
    <p class='ocr_par' dir='ltr' id='par_1_113' title="bbox 2387 5359 4072 5436">
     <span class='ocr_line' id='line_1_113' title="bbox 2387 5359 4072 5436; baseline 0.004 -19"><span class='ocrx_word' id='word_1_792' title='bbox 2387 5364 2512 5436; x_wconf 89' lang='lat' dir='ltr'><strong>ipse</strong></span> <span class='ocrx_word' id='word_1_793' title='bbox 2541 5369 2711 5419; x_wconf 85' lang='lat' dir='ltr'><strong>antea</strong></span> <span class='ocrx_word' id='word_1_794' title='bbox 2739 5363 3005 5428; x_wconf 88' lang='lat' dir='ltr'><strong>vidisset,</strong></span> <span class='ocrx_word' id='word_1_795' title='bbox 3042 5360 3308 5416; x_wconf 88' lang='lat' dir='ltr'><strong>edicebat</strong></span> <span class='ocrx_word' id='word_1_796' title='bbox 3336 5359 3552 5416; x_wconf 82' lang='lat' dir='ltr'><strong>absens</strong></span> <span class='ocrx_word' id='word_1_797' title='bbox 3586 5360 3784 5416; x_wconf 89' lang='lat' dir='ltr'><strong>missis</strong></span> <span class='ocrx_word' id='word_1_798' title='bbox 3834 5361 4072 5423; x_wconf 86' lang='lat' dir='ltr'><strong>litteris</strong></span> 
     </span>
    </p>
   </div>
   <div class='ocr_carea' id='block_1_114' title="bbox 2386 5450 4075 5525">
    <p class='ocr_par' dir='ltr' id='par_1_114' title="bbox 2386 5450 4075 5525">
     <span class='ocr_line' id='line_1_114' title="bbox 2386 5450 4075 5525; baseline -0.002 -16"><span class='ocrx_word' id='word_1_799' title='bbox 2386 5470 2502 5525; x_wconf 89' lang='lat' dir='ltr'><strong>quo</strong></span> <span class='ocrx_word' id='word_1_800' title='bbox 2525 5453 2651 5509; x_wconf 92' lang='lat' dir='ltr'><strong>loco</strong></span> <span class='ocrx_word' id='word_1_801' title='bbox 2664 5454 2873 5509; x_wconf 85' lang='lat' dir='ltr'><strong>stativa</strong></span> <span class='ocrx_word' id='word_1_802' title='bbox 2890 5450 3193 5522; x_wconf 84' lang='lat' dir='ltr'><strong>ﬁgere,ubi</strong></span> <span class='ocrx_word' id='word_1_803' title='bbox 3214 5453 3268 5503; x_wconf 87' lang='lat' dir='ltr'><strong>et</strong></span> <span class='ocrx_word' id='word_1_804' title='bbox 3284 5450 3579 5519; x_wconf 86' lang='lat' dir='ltr'><strong>quomodo</strong></span> <span class='ocrx_word' id='word_1_805' title='bbox 3600 5466 3865 5522; x_wconf 91' lang='lat' dir='ltr'><strong>pugnare</strong></span> <span class='ocrx_word' id='word_1_806' title='bbox 3882 5469 4075 5525; x_wconf 68' lang='lat' dir='ltr'><strong>Oper.</strong></span> 
     </span>
    </p>
   </div>
   <div class='ocr_carea' id='block_1_115' title="bbox 2382 5537 4073 5613">
    <p class='ocr_par' dir='ltr' id='par_1_115' title="bbox 2382 5537 4073 5613">
     <span class='ocr_line' id='line_1_115' title="bbox 2382 5537 4073 5613; baseline 0.003 -15"><span class='ocrx_word' id='word_1_807' title='bbox 2382 5548 2550 5611; x_wconf 88' lang='lat' dir='ltr'><strong>teret,</strong></span> <span class='ocrx_word' id='word_1_808' title='bbox 2578 5544 2735 5599; x_wconf 90' lang='lat' dir='ltr'><strong>unde</strong></span> <span class='ocrx_word' id='word_1_809' title='bbox 2770 5543 3057 5613; x_wconf 90' lang='lat' dir='ltr'><strong>impetum</strong></span> <span class='ocrx_word' id='word_1_810' title='bbox 3092 5540 3304 5605; x_wconf 79' lang='lat' dir='ltr'><strong>facere,</strong></span> <span class='ocrx_word' id='word_1_811' title='bbox 3329 5537 3417 5593; x_wconf 91' lang='lat' dir='ltr'><strong>vel</strong></span> <span class='ocrx_word' id='word_1_812' title='bbox 3456 5554 3524 5593; x_wconf 84' lang='lat' dir='ltr'><strong>ex</strong></span> <span class='ocrx_word' id='word_1_813' title='bbox 3548 5539 3782 5595; x_wconf 91' lang='lat' dir='ltr'><strong>insidiis</strong></span> <span class='ocrx_word' id='word_1_814' title='bbox 3804 5541 3893 5596; x_wconf 90' lang='lat' dir='ltr'><strong>vel</strong></span> <span class='ocrx_word' id='word_1_815' title='bbox 3927 5543 4073 5603; x_wconf 89' lang='lat' dir='ltr'><strong>luce</strong></span> 
     </span>
    </p>
   </div>
   <div class='ocr_carea' id='block_1_116' title="bbox 2384 5630 4071 5704">
    <p class='ocr_par' dir='ltr' id='par_1_116' title="bbox 2384 5630 4071 5704">
     <span class='ocr_line' id='line_1_116' title="bbox 2384 5630 4071 5704; baseline 0.002 -15"><span class='ocrx_word' id='word_1_816' title='bbox 2384 5632 2603 5704; x_wconf 89' lang='lat' dir='ltr'><strong>palam,</strong></span> <span class='ocrx_word' id='word_1_817' title='bbox 2638 5637 2741 5688; x_wconf 91' lang='lat' dir='ltr'><strong>aut</strong></span> <span class='ocrx_word' id='word_1_818' title='bbox 2770 5634 2949 5687; x_wconf 88' lang='lat' dir='ltr'><strong>etiam</strong></span> <span class='ocrx_word' id='word_1_819' title='bbox 2992 5647 3095 5702; x_wconf 91' lang='lat' dir='ltr'><strong>per</strong></span> <span class='ocrx_word' id='word_1_820' title='bbox 3127 5636 3379 5695; x_wconf 86' lang='lat' dir='ltr'><strong>noctem,</strong></span> <span class='ocrx_word' id='word_1_821' title='bbox 3403 5642 3474 5683; x_wconf 83' lang='lat' dir='ltr'><strong>ex</strong></span> <span class='ocrx_word' id='word_1_822' title='bbox 3504 5630 3751 5685; x_wconf 91' lang='lat' dir='ltr'><strong>memori</strong></span> <span class='ocrx_word' id='word_1_823' title='bbox 3782 5630 4071 5693; x_wconf 89' lang='lat' dir='ltr'><strong>visorum</strong></span> 
     </span>
    </p>
   </div>
   <div class='ocr_carea' id='block_1_117' title="bbox 2383 5716 4072 5796">
    <p class='ocr_par' dir='ltr' id='par_1_117' title="bbox 2383 5716 4072 5796">
     <span class='ocr_line' id='line_1_117' title="bbox 2383 5716 4072 5796; baseline -0.005 -18"><span class='ocrx_word' id='word_1_824' title='bbox 2383 5723 2640 5796; x_wconf 88' lang='lat' dir='ltr'><strong>imagine</strong></span> <span class='ocrx_word' id='word_1_825' title='bbox 2671 5727 2804 5795; x_wconf 85' lang='lat' dir='ltr'><strong>apte</strong></span> <span class='ocrx_word' id='word_1_826' title='bbox 2846 5726 3062 5777; x_wconf 90' lang='lat' dir='ltr'><strong>cuncta</strong></span> <span class='ocrx_word' id='word_1_827' title='bbox 3101 5717 3411 5787; x_wconf 89' lang='lat' dir='ltr'><strong>ordinans,</strong></span> <span class='ocrx_word' id='word_1_828' title='bbox 3442 5716 3603 5775; x_wconf 86' lang='lat' dir='ltr'><strong>velut</strong></span> <span class='ocrx_word' id='word_1_829' title='bbox 3634 5718 3684 5775; x_wconf 91' lang='lat' dir='ltr'><strong>si</strong></span> <span class='ocrx_word' id='word_1_830' title='bbox 3712 5736 3917 5777; x_wconf 86' lang='lat' dir='ltr'><strong>coram</strong></span> <span class='ocrx_word' id='word_1_831' title='bbox 3971 5724 4072 5783; x_wconf 85' lang='lat' dir='ltr'><strong>in-</strong></span> 
     </span>
    </p>
   </div>
  </div>
