  <div class='ocr_page' id='page_1' title='image "/cluster/home/n/w/nwhite01/storage/ocr_20150623/143/nnc1.0046980733/334.png"; bbox 0 0 4246 6446; ppageno 0'>
   <div class='ocr_carea' id='block_1_1' title="bbox 195 409 301 466">
    <p class='ocr_par' dir='ltr' id='par_1_1' title="bbox 195 409 301 466">
     <span class='ocr_line' id='line_1_1' title="bbox 195 409 301 466; baseline 0 0"><span class='ocrx_word' id='word_1_1' title='bbox 195 409 301 466; x_wconf 81' lang='grc'><strong>653</strong></span> 
     </span>
    </p>
   </div>
   <div class='ocr_carea' id='block_1_2' title="bbox 1267 397 2554 460">
    <p class='ocr_par' dir='ltr' id='par_1_2' title="bbox 1267 397 2554 460">
     <span class='ocr_line' id='line_1_2' title="bbox 1267 397 2554 460; baseline -0.003 -2"><span class='ocrx_word' id='word_1_2' title='bbox 1267 407 1362 459; x_wconf 78' lang='grc' dir='ltr'><strong>ΒΕ</strong></span> <span class='ocrx_word' id='word_1_3' title='bbox 1394 401 1769 460; x_wconf 72' lang='lat' dir='ltr'><strong>MICHAELE</strong></span> <span class='ocrx_word' id='word_1_4' title='bbox 1806 397 2249 455; x_wconf 64' lang='lat' dir='ltr'><strong>PALJEOLOGO</strong></span> <span class='ocrx_word' id='word_1_5' title='bbox 2282 401 2417 455; x_wconf 77' lang='lat' dir='ltr'><strong>LIB.</strong></span> <span class='ocrx_word' id='word_1_6' title='bbox 2458 404 2554 455; x_wconf 87' lang='lat' dir='ltr'><strong>III.</strong></span> 
     </span>
    </p>
   </div>
   <div class='ocr_carea' id='block_1_3' title="bbox 3503 409 3610 465">
    <p class='ocr_par' dir='ltr' id='par_1_3' title="bbox 3503 409 3610 465">
     <span class='ocr_line' id='line_1_3' title="bbox 3503 409 3610 465; baseline 0.019 -2"><span class='ocrx_word' id='word_1_7' title='bbox 3503 409 3610 465; x_wconf 68' lang='grc'><strong>654</strong></span> 
     </span>
    </p>
   </div>
   <div class='ocr_carea' id='block_1_4' title="bbox 194 516 3611 599">
    <p class='ocr_par' dir='ltr' id='par_1_4' title="bbox 194 516 3611 599">
     <span class='ocr_line' id='line_1_4' title="bbox 194 516 3611 599; baseline -0.002 -12"><span class='ocrx_word' id='word_1_8' title='bbox 194 536 373 595; x_wconf 82' lang='grc' dir='ltr'>τεῦθεν</span> <span class='ocrx_word' id='word_1_9' title='bbox 419 531 487 586; x_wconf 77' lang='grc' dir='ltr'><strong>τὰ</strong></span> <span class='ocrx_word' id='word_1_10' title='bbox 518 531 713 585; x_wconf 86' lang='grc' dir='ltr'>πάντα·</span> <span class='ocrx_word' id='word_1_11' title='bbox 764 527 809 584; x_wconf 72' lang='grc' dir='ltr'>εἰ</span> <span class='ocrx_word' id='word_1_12' title='bbox 842 526 889 583; x_wconf 76' lang='grc' dir='ltr'>δ⁹</span> <span class='ocrx_word' id='word_1_13' title='bbox 946 528 1046 583; x_wconf 82' lang='grc' dir='ltr'><strong>οὑκ</strong></span> <span class='ocrx_word' id='word_1_14' title='bbox 1074 524 1181 583; x_wconf 73' lang='grc' dir='ltr'>εἶδε</span> <span class='ocrx_word' id='word_1_15' title='bbox 1207 527 1299 582; x_wconf 85' lang='grc' dir='ltr'><strong>τὸν</strong></span> <span class='ocrx_word' id='word_1_16' title='bbox 1358 524 1553 592; x_wconf 80' lang='grc' dir='ltr'><strong>τόπον,</strong></span> <span class='ocrx_word' id='word_1_17' title='bbox 1604 518 1842 577; x_wconf 77' lang='grc' dir='ltr'><strong>κελεύων</strong></span> <span class='ocrx_word' id='word_1_18' title='bbox 1876 529 1924 591; x_wconf 78' lang='grc' dir='ltr'><strong>Α</strong></span> <span class='ocrx_word' id='word_1_19' title='bbox 1961 516 2117 588; x_wconf 77' lang='grc' dir='ltr'>δίκην</span> <span class='ocrx_word' id='word_1_20' title='bbox 2169 520 2480 587; x_wconf 72' lang='grc' dir='ltr'>ἀποθέσθαι,</span> <span class='ocrx_word' id='word_1_21' title='bbox 2544 522 2630 576; x_wconf 80' lang='grc' dir='ltr'>ὑπ’</span> <span class='ocrx_word' id='word_1_22' title='bbox 2687 524 3001 599; x_wconf 74' lang='grc' dir='ltr'><strong>ἀμηχανίας</strong></span> <span class='ocrx_word' id='word_1_23' title='bbox 3033 525 3106 580; x_wconf 74' lang='grc' dir='ltr'>ἑοὶ</span> <span class='ocrx_word' id='word_1_24' title='bbox 3169 529 3387 599; x_wconf 75' lang='grc' dir='ltr'>μεσίτας</span> <span class='ocrx_word' id='word_1_25' title='bbox 3445 534 3611 587; x_wconf 72' lang='grc' dir='ltr'>πνεύ.</span> 
     </span>
    </p>
   </div>
   <div class='ocr_carea' id='block_1_5' title="bbox 198 611 1855 697">
    <p class='ocr_par' dir='ltr' id='par_1_5' title="bbox 198 611 1855 697">
     <span class='ocr_line' id='line_1_5' title="bbox 198 611 1855 697; baseline -0.008 -22"><span class='ocrx_word' id='word_1_26' title='bbox 198 619 509 697; x_wconf 76' lang='grc' dir='ltr'><strong>διαγράφειν</strong></span> <span class='ocrx_word' id='word_1_27' title='bbox 557 618 685 679; x_wconf 79' lang='grc' dir='ltr'>τοὺς</span> <span class='ocrx_word' id='word_1_28' title='bbox 734 616 943 679; x_wconf 73' lang='grc' dir='ltr'>εἰδότας</span> <span class='ocrx_word' id='word_1_29' title='bbox 1009 615 1170 678; x_wconf 81' lang='grc' dir='ltr'>αὐτὸς</span> <span class='ocrx_word' id='word_1_30' title='bbox 1213 617 1440 669; x_wconf 78' lang='grc' dir='ltr'><strong>καθίστα</strong></span> <span class='ocrx_word' id='word_1_31' title='bbox 1484 611 1855 688; x_wconf 68' lang='grc' dir='ltr'><strong>προστάττων,</strong></span> 
     </span>
    </p>
   </div>
   <div class='ocr_carea' id='block_1_6' title="bbox 196 698 1860 783">
    <p class='ocr_par' dir='ltr' id='par_1_6' title="bbox 196 698 1860 783">
     <span class='ocr_line' id='line_1_6' title="bbox 196 698 1860 783; baseline -0.007 -19"><span class='ocrx_word' id='word_1_32' title='bbox 196 716 287 764; x_wconf 68' lang='grc' dir='ltr'>καὶ</span> <span class='ocrx_word' id='word_1_33' title='bbox 323 710 391 778; x_wconf 84' lang='grc' dir='ltr'>ἦν</span> <span class='ocrx_word' id='word_1_34' title='bbox 442 706 798 783; x_wconf 72' lang='grc' dir='ltr'>ἐπηρτημένη</span> <span class='ocrx_word' id='word_1_35' title='bbox 849 706 1027 781; x_wconf 83' lang='grc' dir='ltr'>κρίσις</span> <span class='ocrx_word' id='word_1_36' title='bbox 1074 706 1154 777; x_wconf 81' lang='grc' dir='ltr'>τῷ</span> <span class='ocrx_word' id='word_1_37' title='bbox 1202 704 1648 777; x_wconf 70' lang='grc' dir='ltr'><strong>παρακούσαντι),</strong></span> <span class='ocrx_word' id='word_1_38' title='bbox 1700 698 1860 761; x_wconf 74' lang='grc' dir='ltr'>αὐτὸς</span> 
     </span>
    </p>
   </div>
   <div class='ocr_carea' id='block_1_7' title="bbox 200 790 1856 869">
    <p class='ocr_par' dir='ltr' id='par_1_7' title="bbox 200 790 1856 869">
     <span class='ocr_line' id='line_1_7' title="bbox 200 790 1856 869; baseline -0.008 -16"><span class='ocrx_word' id='word_1_39' title='bbox 200 798 381 853; x_wconf 90' lang='grc' dir='ltr'>τοίνυν</span> <span class='ocrx_word' id='word_1_40' title='bbox 437 799 669 869; x_wconf 66' lang='grc' dir='ltr'>πέμπων</span> <span class='ocrx_word' id='word_1_41' title='bbox 736 796 830 856; x_wconf 82' lang='grc' dir='ltr'>τὰς</span> <span class='ocrx_word' id='word_1_42' title='bbox 907 792 1161 867; x_wconf 86' lang='grc' dir='ltr'>δυνάμεις</span> <span class='ocrx_word' id='word_1_43' title='bbox 1215 798 1295 865; x_wconf 77' lang='grc' dir='ltr'><strong>τῷ</strong></span> <span class='ocrx_word' id='word_1_44' title='bbox 1341 792 1464 847; x_wconf 89' lang='grc' dir='ltr'>τότε</span> <span class='ocrx_word' id='word_1_45' title='bbox 1522 790 1698 864; x_wconf 75' lang='grc' dir='ltr'>συχνά</span> <span class='ocrx_word' id='word_1_46' title='bbox 1748 792 1856 841; x_wconf 81' lang='grc' dir='ltr'><strong>τῶν</strong></span> 
     </span>
    </p>
   </div>
   <div class='ocr_carea' id='block_1_8' title="bbox 203 873 1856 957">
    <p class='ocr_par' dir='ltr' id='par_1_8' title="bbox 203 873 1856 957">
     <span class='ocr_line' id='line_1_8' title="bbox 203 873 1856 957; baseline -0.008 -16"><span class='ocrx_word' id='word_1_47' title='bbox 203 888 316 942; x_wconf 82' lang='grc' dir='ltr'>ἐκεῖ</span> <span class='ocrx_word' id='word_1_48' title='bbox 342 885 431 940; x_wconf 79' lang='grc' dir='ltr'><strong>ὐπ’</strong></span> <span class='ocrx_word' id='word_1_49' title='bbox 474 884 622 957; x_wconf 84' lang='grc' dir='ltr'>αύτῷ</span> <span class='ocrx_word' id='word_1_50' title='bbox 682 883 877 951; x_wconf 78' lang='grc' dir='ltr'>ἐποίει,</span> <span class='ocrx_word' id='word_1_51' title='bbox 936 883 1026 937; x_wconf 81' lang='grc' dir='ltr'>καὶ</span> <span class='ocrx_word' id='word_1_52' title='bbox 1083 880 1341 951; x_wconf 84' lang='grc' dir='ltr'>ἡλίσκετο</span> <span class='ocrx_word' id='word_1_53' title='bbox 1394 882 1487 953; x_wconf 73' lang='grc' dir='ltr'>μὲν</span> <span class='ocrx_word' id='word_1_54' title='bbox 1543 873 1856 933; x_wconf 81' lang='grc' dir='ltr'>Φιλιππού-</span> 
     </span>
    </p>
   </div>
   <div class='ocr_carea' id='block_1_9' title="bbox 203 966 1859 1049">
    <p class='ocr_par' dir='ltr' id='par_1_9' title="bbox 203 966 1859 1049">
     <span class='ocr_line' id='line_1_9' title="bbox 203 966 1859 1049; baseline -0.007 -18"><span class='ocrx_word' id='word_1_55' title='bbox 203 976 393 1046; x_wconf 88' lang='grc' dir='ltr'>πολις,</span> <span class='ocrx_word' id='word_1_56' title='bbox 435 974 714 1049; x_wconf 75' lang='grc' dir='ltr'>ἐκρατεῖτο</span> <span class='ocrx_word' id='word_1_57' title='bbox 764 972 822 1027; x_wconf 78' lang='grc' dir='ltr'>δὲ</span> <span class='ocrx_word' id='word_1_58' title='bbox 869 971 1212 1047; x_wconf 83' lang='grc' dir='ltr'>Σθενίμαχον</span> <span class='ocrx_word' id='word_1_59' title='bbox 1264 970 1545 1045; x_wconf 80' lang='grc' dir='ltr'>φρούριον,</span> <span class='ocrx_word' id='word_1_60' title='bbox 1598 966 1688 1021; x_wconf 84' lang='grc' dir='ltr'>καὶ</span> <span class='ocrx_word' id='word_1_61' title='bbox 1719 968 1859 1026; x_wconf 80' lang='grc' dir='ltr'>ἅπας</span> 
     </span>
    </p>
   </div>
   <div class='ocr_carea' id='block_1_10' title="bbox 206 1054 1859 1136">
    <p class='ocr_par' dir='ltr' id='par_1_10' title="bbox 206 1054 1859 1136">
     <span class='ocr_line' id='line_1_10' title="bbox 206 1054 1859 1136; baseline -0.007 -16"><span class='ocrx_word' id='word_1_62' title='bbox 206 1063 361 1135; x_wconf 78' lang='grc' dir='ltr'><strong>ὀέξω</strong></span> <span class='ocrx_word' id='word_1_63' title='bbox 389 1070 487 1120; x_wconf 78' lang='grc' dir='ltr'>τοῦ</span> <span class='ocrx_word' id='word_1_64' title='bbox 531 1061 712 1135; x_wconf 76' lang='grc' dir='ltr'>Α’ίμου</span> <span class='ocrx_word' id='word_1_65' title='bbox 763 1064 921 1135; x_wconf 83' lang='grc' dir='ltr'>ζυγὸς</span> <span class='ocrx_word' id='word_1_66' title='bbox 974 1060 1382 1136; x_wconf 83' lang='grc' dir='ltr'>συγκατείχετο.</span> <span class='ocrx_word' id='word_1_67' title='bbox 1432 1056 1613 1115; x_wconf 80' lang='grc' dir='ltr'>Ἑάλω</span> <span class='ocrx_word' id='word_1_68' title='bbox 1663 1054 1719 1110; x_wconf 74' lang='grc' dir='ltr'>δὲ</span> <span class='ocrx_word' id='word_1_69' title='bbox 1762 1056 1859 1110; x_wconf 65' lang='grc' dir='ltr'>τοῦ</span> 
     </span>
    </p>
   </div>
   <div class='ocr_carea' id='block_1_11' title="bbox 206 1140 1859 1224">
    <p class='ocr_par' dir='ltr' id='par_1_11' title="bbox 206 1140 1859 1224">
     <span class='ocr_line' id='line_1_11' title="bbox 206 1140 1859 1224; baseline -0.007 -16"><span class='ocrx_word' id='word_1_70' title='bbox 206 1152 435 1223; x_wconf 84' lang='grc' dir='ltr'>Μυλτζῆ</span> <span class='ocrx_word' id='word_1_71' title='bbox 495 1150 774 1220; x_wconf 82' lang='grc' dir='ltr'><strong>διδόντος,</strong></span> <span class='ocrx_word' id='word_1_72' title='bbox 820 1151 893 1211; x_wconf 86' lang='grc' dir='ltr'>ὡς</span> <span class='ocrx_word' id='word_1_73' title='bbox 950 1150 1319 1224; x_wconf 81' lang='grc' dir='ltr'>λεχθήσεται,</span> <span class='ocrx_word' id='word_1_74' title='bbox 1369 1148 1459 1201; x_wconf 84' lang='grc' dir='ltr'><strong>καὶ</strong></span> <span class='ocrx_word' id='word_1_75' title='bbox 1519 1140 1859 1218; x_wconf 71' lang='grc' dir='ltr'>Μεσέμϐρεια</span> 
     </span>
    </p>
   </div>
   <div class='ocr_carea' id='block_1_12' title="bbox 206 1232 1860 1318">
    <p class='ocr_par' dir='ltr' id='par_1_12' title="bbox 206 1232 1860 1318">
     <span class='ocr_line' id='line_1_12' title="bbox 206 1232 1860 1318; baseline -0.005 -22"><span class='ocrx_word' id='word_1_76' title='bbox 206 1240 417 1318; x_wconf 79' lang='grc' dir='ltr'>μεγάλη</span> <span class='ocrx_word' id='word_1_77' title='bbox 463 1240 647 1310; x_wconf 84' lang='grc' dir='ltr'>πόλις,</span> <span class='ocrx_word' id='word_1_78' title='bbox 677 1240 766 1295; x_wconf 84' lang='grc' dir='ltr'>καὶ</span> <span class='ocrx_word' id='word_1_79' title='bbox 800 1238 1100 1314; x_wconf 83' lang='grc' dir='ltr'>Ἀγχίαλος</span> <span class='ocrx_word' id='word_1_80' title='bbox 1143 1235 1517 1307; x_wconf 85' lang='grc' dir='ltr'>συνηλίσκετο.</span> <span class='ocrx_word' id='word_1_81' title='bbox 1556 1234 1665 1291; x_wconf 84' lang='grc' dir='ltr'>Καί</span> <span class='ocrx_word' id='word_1_82' title='bbox 1694 1254 1754 1308; x_wconf 88' lang='grc' dir='ltr'><strong>γε</strong></span> <span class='ocrx_word' id='word_1_83' title='bbox 1793 1232 1860 1287; x_wconf 78' lang='grc' dir='ltr'><strong>τὰ</strong></span> 
     </span>
    </p>
   </div>
   <div class='ocr_carea' id='block_1_13' title="bbox 202 1318 1853 1405">
    <p class='ocr_par' dir='ltr' id='par_1_13' title="bbox 202 1318 1853 1405">
     <span class='ocr_line' id='line_1_13' title="bbox 202 1318 1853 1405; baseline -0.005 -21"><span class='ocrx_word' id='word_1_84' title='bbox 202 1330 358 1405; x_wconf 76' lang='grc' dir='ltr'>πέριξ</span> <span class='ocrx_word' id='word_1_85' title='bbox 418 1329 634 1385; x_wconf 78' lang='grc' dir='ltr'>ἐκείνων</span> <span class='ocrx_word' id='word_1_86' title='bbox 671 1373 686 1396; x_wconf 87' lang='grc'><strong>,</strong></span> <span class='ocrx_word' id='word_1_87' title='bbox 746 1329 885 1398; x_wconf 78' lang='grc' dir='ltr'>ἅπαξ</span> <span class='ocrx_word' id='word_1_88' title='bbox 970 1328 1276 1401; x_wconf 80' lang='grc' dir='ltr'>γευσάμενα</span> <span class='ocrx_word' id='word_1_89' title='bbox 1358 1331 1458 1393; x_wconf 85' lang='grc' dir='ltr'><strong>τῆς</strong></span> <span class='ocrx_word' id='word_1_90' title='bbox 1520 1318 1853 1396; x_wconf 74' lang='grc' dir='ltr'>μεταϐολῆς,</span> 
     </span>
    </p>
   </div>
   <div class='ocr_carea' id='block_1_14' title="bbox 200 1414 1855 1495">
    <p class='ocr_par' dir='ltr' id='par_1_14' title="bbox 200 1414 1855 1495">
     <span class='ocr_line' id='line_1_14' title="bbox 200 1414 1855 1495; baseline -0.008 -21"><span class='ocrx_word' id='word_1_91' title='bbox 200 1422 429 1495; x_wconf 80' lang='grc' dir='ltr'>ἠγάπων</span> <span class='ocrx_word' id='word_1_92' title='bbox 474 1418 578 1472; x_wconf 88' lang='grc' dir='ltr'>ύπὸ</span> <span class='ocrx_word' id='word_1_93' title='bbox 640 1416 855 1492; x_wconf 82' lang='grc' dir='ltr'>βασιλεῖ</span> <span class='ocrx_word' id='word_1_94' title='bbox 903 1415 1257 1488; x_wconf 76' lang='grc' dir='ltr'>διοικούμενα</span> <span class='ocrx_word' id='word_1_95' title='bbox 1315 1416 1381 1487; x_wconf 84' lang='grc' dir='ltr'><strong>[Ρ</strong></span> <span class='ocrx_word' id='word_1_96' title='bbox 1413 1414 1535 1484; x_wconf 75' lang='grc'><strong>141]</strong></span> <span class='ocrx_word' id='word_1_97' title='bbox 1571 1416 1855 1468; x_wconf 84' lang='grc' dir='ltr'>Κωνσταν-</span> 
     </span>
    </p>
   </div>
   <div class='ocr_carea' id='block_1_15' title="bbox 199 1501 1854 1580">
    <p class='ocr_par' dir='ltr' id='par_1_15' title="bbox 199 1501 1854 1580">
     <span class='ocr_line' id='line_1_15' title="bbox 199 1501 1854 1580; baseline -0.006 -18"><span class='ocrx_word' id='word_1_98' title='bbox 199 1509 334 1580; x_wconf 82' lang='grc' dir='ltr'>τίνῳ</span> <span class='ocrx_word' id='word_1_99' title='bbox 367 1506 425 1562; x_wconf 73' lang='grc' dir='ltr'>δὲ</span> <span class='ocrx_word' id='word_1_100' title='bbox 456 1504 547 1561; x_wconf 77' lang='grc' dir='ltr'><strong>διὰ</strong></span> <span class='ocrx_word' id='word_1_101' title='bbox 573 1511 741 1561; x_wconf 80' lang='grc' dir='ltr'>ταῦτα</span> <span class='ocrx_word' id='word_1_102' title='bbox 788 1504 1048 1576; x_wconf 74' lang='grc' dir='ltr'>ἔκπληξις</span> <span class='ocrx_word' id='word_1_103' title='bbox 1107 1503 1388 1576; x_wconf 85' lang='grc' dir='ltr'>ἐμπίπτει,</span> <span class='ocrx_word' id='word_1_104' title='bbox 1421 1504 1511 1556; x_wconf 79' lang='grc' dir='ltr'><strong>καὶ</strong></span> <span class='ocrx_word' id='word_1_105' title='bbox 1561 1501 1854 1572; x_wconf 78' lang='grc' dir='ltr'>ἀμύνεσθαι</span> 
     </span>
    </p>
   </div>
   <div class='ocr_carea' id='block_1_16' title="bbox 207 1590 1860 1671">
    <p class='ocr_par' dir='ltr' id='par_1_16' title="bbox 207 1590 1860 1671">
     <span class='ocr_line' id='line_1_16' title="bbox 207 1590 1860 1671; baseline -0.006 -20"><span class='ocrx_word' id='word_1_106' title='bbox 207 1598 305 1670; x_wconf 75' lang='grc' dir='ltr'>μὲν</span> <span class='ocrx_word' id='word_1_107' title='bbox 339 1595 443 1653; x_wconf 80' lang='grc' dir='ltr'><strong>οὐκ</strong></span> <span class='ocrx_word' id='word_1_108' title='bbox 473 1598 589 1671; x_wconf 72' lang='grc' dir='ltr'>εἶχε</span> <span class='ocrx_word' id='word_1_109' title='bbox 626 1596 687 1649; x_wconf 87' lang='grc' dir='ltr'><strong>τὸ</strong></span> <span class='ocrx_word' id='word_1_110' title='bbox 745 1593 1021 1665; x_wconf 80' lang='grc' dir='ltr'>τηνικάδε,</span> <span class='ocrx_word' id='word_1_111' title='bbox 1075 1595 1228 1666; x_wconf 79' lang='grc' dir='ltr'>ὅμως</span> <span class='ocrx_word' id='word_1_112' title='bbox 1259 1590 1305 1647; x_wconf 86' lang='grc' dir='ltr'>δ’</span> <span class='ocrx_word' id='word_1_113' title='bbox 1338 1590 1567 1646; x_wconf 85' lang='grc' dir='ltr'>ἐνεκότει</span> <span class='ocrx_word' id='word_1_114' title='bbox 1597 1594 1714 1649; x_wconf 87' lang='grc' dir='ltr'>τοῖς</span> <span class='ocrx_word' id='word_1_115' title='bbox 1761 1608 1860 1641; x_wconf 86' lang='grc' dir='ltr'>πε-</span> 
     </span>
    </p>
   </div>
   <div class='ocr_carea' id='block_1_17' title="bbox 200 1679 1861 1761">
    <p class='ocr_par' dir='ltr' id='par_1_17' title="bbox 200 1679 1861 1761">
     <span class='ocr_line' id='line_1_17' title="bbox 200 1679 1861 1761; baseline -0.007 -20"><span class='ocrx_word' id='word_1_116' title='bbox 200 1686 561 1761; x_wconf 68' lang='grc' dir='ltr'>πραγμένοις,</span> <span class='ocrx_word' id='word_1_117' title='bbox 596 1684 684 1739; x_wconf 83' lang='grc' dir='ltr'>καὶ</span> <span class='ocrx_word' id='word_1_118' title='bbox 742 1685 931 1759; x_wconf 84' lang='grc' dir='ltr'>καιρὸν</span> <span class='ocrx_word' id='word_1_119' title='bbox 990 1685 1190 1753; x_wconf 68' lang='grc' dir='ltr'>ἐζήτει,</span> <span class='ocrx_word' id='word_1_120' title='bbox 1238 1682 1295 1736; x_wconf 80' lang='grc' dir='ltr'>ὅν</span> <span class='ocrx_word' id='word_1_121' title='bbox 1329 1679 1395 1748; x_wconf 81' lang='grc' dir='ltr'>δὴ</span> <span class='ocrx_word' id='word_1_122' title='bbox 1428 1685 1521 1734; x_wconf 86' lang='grc' dir='ltr'><strong>καῖ</strong></span> <span class='ocrx_word' id='word_1_123' title='bbox 1566 1683 1673 1733; x_wconf 77' lang='grc' dir='ltr'>τῶν</span> <span class='ocrx_word' id='word_1_124' title='bbox 1732 1697 1861 1751; x_wconf 86' lang='grc' dir='ltr'>πρα-</span> 
     </span>
    </p>
   </div>
   <div class='ocr_carea' id='block_1_18' title="bbox 200 1771 1513 1850">
    <p class='ocr_par' dir='ltr' id='par_1_18' title="bbox 200 1771 1513 1850">
     <span class='ocr_line' id='line_1_18' title="bbox 200 1771 1513 1850; baseline -0.006 -20"><span class='ocrx_word' id='word_1_125' title='bbox 200 1776 426 1850; x_wconf 85' lang='grc' dir='ltr'>γμάτων</span> <span class='ocrx_word' id='word_1_126' title='bbox 460 1775 644 1849; x_wconf 79' lang='grc' dir='ltr'>ψυχὴν</span> <span class='ocrx_word' id='word_1_127' title='bbox 680 1773 952 1849; x_wconf 65' lang='grc' dir='ltr'>λέγουσιν,</span> <span class='ocrx_word' id='word_1_128' title='bbox 980 1773 1141 1843; x_wconf 80' lang='grc' dir='ltr'>ἀξίως</span> <span class='ocrx_word' id='word_1_129' title='bbox 1172 1771 1513 1845; x_wconf 66' lang='grc' dir='ltr'>ἀμυνεῖσθαι.</span> 
     </span>
    </p>
   </div>
   <div class='ocr_carea' id='block_1_19' title="bbox 531 2002 1541 2079">
    <p class='ocr_par' dir='ltr' id='par_1_19' title="bbox 531 2002 1541 2079">
     <span class='ocr_line' id='line_1_19' title="bbox 531 2002 1541 2079; baseline -0.004 -19"><span class='ocrx_word' id='word_1_130' title='bbox 531 2006 630 2073; x_wconf 75' lang='grc' dir='ltr'><strong>τὴν</strong></span> <span class='ocrx_word' id='word_1_131' title='bbox 675 2002 773 2060; x_wconf 60' lang='grc' dir='ltr'><strong>τού</strong></span> <span class='ocrx_word' id='word_1_132' title='bbox 804 2002 1122 2079; x_wconf 63' lang='grc' dir='ltr'>ἀφορισμοῦ</span> <span class='ocrx_word' id='word_1_133' title='bbox 1154 2002 1305 2056; x_wconf 77' lang='grc' dir='ltr'>λύσιν</span> <span class='ocrx_word' id='word_1_134' title='bbox 1342 2002 1541 2071; x_wconf 72' lang='grc' dir='ltr'>ἐζήτει.</span> 
     </span>
    </p>
   </div>
   <div class='ocr_carea' id='block_1_20' title="bbox 270 2120 1863 2203">
    <p class='ocr_par' dir='ltr' id='par_1_20' title="bbox 270 2120 1863 2203">
     <span class='ocr_line' id='line_1_20' title="bbox 270 2120 1863 2203; baseline -0.006 -21"><span class='ocrx_word' id='word_1_135' title='bbox 270 2132 359 2200; x_wconf 77' lang='grc' dir='ltr'><strong>Τῷ</strong></span> <span class='ocrx_word' id='word_1_136' title='bbox 420 2127 604 2200; x_wconf 66' lang='grc' dir='ltr'>μέντοι</span> <span class='ocrx_word' id='word_1_137' title='bbox 660 2149 721 2203; x_wconf 87' lang='grc' dir='ltr'><strong>γε</strong></span> <span class='ocrx_word' id='word_1_138' title='bbox 781 2126 999 2202; x_wconf 78' lang='grc' dir='ltr'>βασιλεῖ</span> <span class='ocrx_word' id='word_1_139' title='bbox 1074 2127 1162 2180; x_wconf 82' lang='grc' dir='ltr'>καὶ</span> <span class='ocrx_word' id='word_1_140' title='bbox 1218 2130 1384 2180; x_wconf 71' lang='grc' dir='ltr'>ταῦτα</span> <span class='ocrx_word' id='word_1_141' title='bbox 1460 2124 1751 2199; x_wconf 86' lang='grc' dir='ltr'>πράττοντι</span> <span class='ocrx_word' id='word_1_142' title='bbox 1812 2120 1863 2173; x_wconf 76' lang='grc' dir='ltr'>οἱ</span> 
     </span>
    </p>
   </div>
   <div class='ocr_carea' id='block_1_21' title="bbox 204 2212 1863 2292">
    <p class='ocr_par' dir='ltr' id='par_1_21' title="bbox 204 2212 1863 2292">
     <span class='ocr_line' id='line_1_21' title="bbox 204 2212 1863 2292; baseline -0.007 -19"><span class='ocrx_word' id='word_1_143' title='bbox 204 2218 466 2292; x_wconf 87' lang='grc' dir='ltr'>λογισμοὶ</span> <span class='ocrx_word' id='word_1_144' title='bbox 530 2218 797 2292; x_wconf 68' lang='grc' dir='ltr'>ὁσημέραι</span> <span class='ocrx_word' id='word_1_145' title='bbox 858 2214 1291 2290; x_wconf 86' lang='grc' dir='ltr'>διεταράσσοντο.</span> <span class='ocrx_word' id='word_1_146' title='bbox 1348 2214 1423 2271; x_wconf 84' lang='grc' dir='ltr'>Ού</span> <span class='ocrx_word' id='word_1_147' title='bbox 1476 2214 1578 2287; x_wconf 74' lang='grc' dir='ltr'><strong>γάρ</strong></span> <span class='ocrx_word' id='word_1_148' title='bbox 1638 2212 1863 2285; x_wconf 85' lang='grc' dir='ltr'>ἠρεμεῖν</span> 
     </span>
    </p>
   </div>
   <div class='ocr_carea' id='block_1_22' title="bbox 202 2300 1859 2381">
    <p class='ocr_par' dir='ltr' id='par_1_22' title="bbox 202 2300 1859 2381">
     <span class='ocr_line' id='line_1_22' title="bbox 202 2300 1859 2381; baseline -0.007 -18"><span class='ocrx_word' id='word_1_149' title='bbox 202 2309 408 2363; x_wconf 84' lang='grc' dir='ltr'>ἐκεῖνον</span> <span class='ocrx_word' id='word_1_150' title='bbox 442 2306 525 2362; x_wconf 81' lang='grc' dir='ltr'><strong>εἷά</strong></span> <span class='ocrx_word' id='word_1_151' title='bbox 564 2304 828 2369; x_wconf 89' lang='grc' dir='ltr'>συνειδός·</span> <span class='ocrx_word' id='word_1_152' title='bbox 860 2308 922 2360; x_wconf 88' lang='grc' dir='ltr'><strong>τὸ</strong></span> <span class='ocrx_word' id='word_1_153' title='bbox 984 2307 1083 2381; x_wconf 76' lang='grc' dir='ltr'><strong>γάρ</strong></span> <span class='ocrx_word' id='word_1_154' title='bbox 1141 2305 1414 2367; x_wconf 71' lang='grc' dir='ltr'>τοιούτοις</span> <span class='ocrx_word' id='word_1_155' title='bbox 1472 2300 1693 2374; x_wconf 78' lang='grc' dir='ltr'>δεσμοῖς</span> <span class='ocrx_word' id='word_1_156' title='bbox 1742 2319 1859 2352; x_wconf 77' lang='grc' dir='ltr'>συνο</span> 
     </span>
    </p>
   </div>
   <div class='ocr_carea' id='block_1_23' title="bbox 206 2386 1861 2468">
    <p class='ocr_par' dir='ltr' id='par_1_23' title="bbox 206 2386 1861 2468">
     <span class='ocr_line' id='line_1_23' title="bbox 206 2386 1861 2468; baseline -0.008 -15"><span class='ocrx_word' id='word_1_157' title='bbox 206 2395 453 2461; x_wconf 79' lang='grc' dir='ltr'>δεδέσθαι</span> <span class='ocrx_word' id='word_1_158' title='bbox 486 2394 578 2451; x_wconf 69' lang='grc' dir='ltr'>ἴσα</span> <span class='ocrx_word' id='word_1_159' title='bbox 614 2396 704 2451; x_wconf 80' lang='grc' dir='ltr'><strong>καὶ</strong></span> <span class='ocrx_word' id='word_1_160' title='bbox 734 2396 797 2452; x_wconf 86' lang='grc' dir='ltr'><strong>τὸ</strong></span> <span class='ocrx_word' id='word_1_161' title='bbox 840 2393 1009 2468; x_wconf 73' lang='grc' dir='ltr'>μηδὲν</span> <span class='ocrx_word' id='word_1_162' title='bbox 1067 2400 1202 2449; x_wconf 87' lang='grc' dir='ltr'>εἶναι</span> <span class='ocrx_word' id='word_1_163' title='bbox 1260 2393 1443 2457; x_wconf 77' lang='grc' dir='ltr'>ἐτίθει.</span> <span class='ocrx_word' id='word_1_164' title='bbox 1497 2396 1585 2463; x_wconf 78' lang='grc' dir='ltr'><strong>Τῷ</strong></span> <span class='ocrx_word' id='word_1_165' title='bbox 1631 2408 1716 2444; x_wconf 84' lang='grc' dir='ltr'><strong>τοι</strong></span> <span class='ocrx_word' id='word_1_166' title='bbox 1772 2386 1861 2441; x_wconf 85' lang='grc' dir='ltr'><strong>καὶ</strong></span> 
     </span>
    </p>
   </div>
   <div class='ocr_carea' id='block_1_24' title="bbox 207 2478 1860 2561">
    <p class='ocr_par' dir='ltr' id='par_1_24' title="bbox 207 2478 1860 2561">
     <span class='ocr_line' id='line_1_24' title="bbox 207 2478 1860 2561; baseline -0.017 -3"><span class='ocrx_word' id='word_1_167' title='bbox 207 2489 347 2561; x_wconf 75' lang='grc' dir='ltr'>μήτε</span> <span class='ocrx_word' id='word_1_168' title='bbox 377 2487 547 2542; x_wconf 74' lang='grc' dir='ltr'>τόπον</span> <span class='ocrx_word' id='word_1_169' title='bbox 611 2483 912 2561; x_wconf 79' lang='grc' dir='ltr'>ὀπολογίας</span> <span class='ocrx_word' id='word_1_170' title='bbox 969 2484 1114 2558; x_wconf 77' lang='grc' dir='ltr'>ἔχων</span> <span class='ocrx_word' id='word_1_171' title='bbox 1178 2485 1306 2557; x_wconf 78' lang='grc' dir='ltr'>μήτ’</span> <span class='ocrx_word' id='word_1_172' title='bbox 1363 2482 1604 2538; x_wconf 80' lang='grc' dir='ltr'>ἐπίνοιαν</span> <span class='ocrx_word' id='word_1_173' title='bbox 1634 2482 1731 2534; x_wconf 75' lang='grc' dir='ltr'>τοῦ</span> <span class='ocrx_word' id='word_1_174' title='bbox 1759 2478 1860 2546; x_wconf 82' lang='grc' dir='ltr'>τὴν</span> 
     </span>
    </p>
   </div>
   <div class='ocr_carea' id='block_1_25' title="bbox 205 2678 1861 2757">
    <p class='ocr_par' dir='ltr' id='par_1_25' title="bbox 205 2678 1861 2757">
     <span class='ocr_line' id='line_1_25' title="bbox 205 2678 1861 2757; baseline -0.008 -14"><span class='ocrx_word' id='word_1_175' title='bbox 205 2691 495 2743; x_wconf 82' lang='lat' dir='ltr'><strong>tueretur.</strong></span> <span class='ocrx_word' id='word_1_176' title='bbox 532 2685 751 2750; x_wconf 86' lang='lat' dir='ltr'><strong>Quodsi</strong></span> <span class='ocrx_word' id='word_1_177' title='bbox 784 2684 975 2741; x_wconf 93' lang='lat' dir='ltr'><strong>locum</strong></span> <span class='ocrx_word' id='word_1_178' title='bbox 1010 2684 1067 2739; x_wconf 92' lang='lat' dir='ltr'><strong>in</strong></span> <span class='ocrx_word' id='word_1_179' title='bbox 1102 2701 1217 2757; x_wconf 88' lang='lat' dir='ltr'><strong>quo</strong></span> <span class='ocrx_word' id='word_1_180' title='bbox 1248 2683 1452 2739; x_wconf 89' lang='lat' dir='ltr'><strong>bellari</strong></span> <span class='ocrx_word' id='word_1_181' title='bbox 1484 2678 1861 2751; x_wconf 87' lang='lat' dir='ltr'><strong>contingebat</strong></span> 
     </span>
    </p>
   </div>
   <div class='ocr_carea' id='block_1_26' title="bbox 212 2767 1860 2847">
    <p class='ocr_par' dir='ltr' id='par_1_26' title="bbox 212 2767 1860 2847">
     <span class='ocr_line' id='line_1_26' title="bbox 212 2767 1860 2847; baseline -0.007 -15"><span class='ocrx_word' id='word_1_182' title='bbox 212 2792 521 2847; x_wconf 79' lang='lat' dir='ltr'><strong>nunquam</strong></span> <span class='ocrx_word' id='word_1_183' title='bbox 565 2791 821 2847; x_wconf 72' lang='lat' dir='ltr'><strong>praesens</strong></span> <span class='ocrx_word' id='word_1_184' title='bbox 866 2778 1208 2845; x_wconf 80' lang='lat' dir='ltr'><strong>spectasset,</strong></span> <span class='ocrx_word' id='word_1_185' title='bbox 1242 2771 1693 2841; x_wconf 88' lang='lat' dir='ltr'><strong>descriptionem</strong></span> <span class='ocrx_word' id='word_1_186' title='bbox 1734 2767 1860 2837; x_wconf 88' lang='lat' dir='ltr'><strong>ejus</strong></span> 
     </span>
    </p>
   </div>
   <div class='ocr_carea' id='block_1_27' title="bbox 214 2860 1861 2934">
    <p class='ocr_par' dir='ltr' id='par_1_27' title="bbox 214 2860 1861 2934">
     <span class='ocr_line' id='line_1_27' title="bbox 214 2860 1861 2934; baseline -0.008 -13"><span class='ocrx_word' id='word_1_187' title='bbox 214 2866 275 2920; x_wconf 91' lang='lat' dir='ltr'><strong>in</strong></span> <span class='ocrx_word' id='word_1_188' title='bbox 309 2864 512 2920; x_wconf 85' lang='lat' dir='ltr'><strong>tabula</strong></span> <span class='ocrx_word' id='word_1_189' title='bbox 559 2864 870 2934; x_wconf 82' lang='lat' dir='ltr'><strong>figuratam</strong></span> <span class='ocrx_word' id='word_1_190' title='bbox 918 2863 988 2918; x_wconf 93' lang='lat' dir='ltr'><strong>ab</strong></span> <span class='ocrx_word' id='word_1_191' title='bbox 1031 2862 1151 2917; x_wconf 88' lang='lat' dir='ltr'><strong>illic</strong></span> <span class='ocrx_word' id='word_1_192' title='bbox 1195 2861 1441 2917; x_wconf 83' lang='lat' dir='ltr'><strong>versatis</strong></span> <span class='ocrx_word' id='word_1_193' title='bbox 1480 2860 1704 2914; x_wconf 82' lang='lat' dir='ltr'><strong>habens</strong></span> <span class='ocrx_word' id='word_1_194' title='bbox 1749 2872 1861 2927; x_wconf 53' lang='lat' dir='ltr'><strong>pra).</strong></span> 
     </span>
    </p>
   </div>
   <div class='ocr_carea' id='block_1_28' title="bbox 211 2945 1863 3023">
    <p class='ocr_par' dir='ltr' id='par_1_28' title="bbox 211 2945 1863 3023">
     <span class='ocr_line' id='line_1_28' title="bbox 211 2945 1863 3023; baseline -0.007 -13"><span class='ocrx_word' id='word_1_195' title='bbox 211 2954 426 3019; x_wconf 90' lang='lat' dir='ltr'><strong>oculis,</strong></span> <span class='ocrx_word' id='word_1_196' title='bbox 471 2953 695 3009; x_wconf 86' lang='lat' dir='ltr'><strong>minute</strong></span> <span class='ocrx_word' id='word_1_197' title='bbox 734 2952 936 3008; x_wconf 89' lang='lat' dir='ltr'><strong>omnia</strong></span> <span class='ocrx_word' id='word_1_198' title='bbox 975 2952 1295 3007; x_wconf 89' lang='lat' dir='ltr'><strong>mandabat</strong></span> <span class='ocrx_word' id='word_1_199' title='bbox 1336 2964 1700 3023; x_wconf 63' lang='lat' dir='ltr'><strong>quascunque</strong></span> <span class='ocrx_word' id='word_1_200' title='bbox 1744 2945 1863 3016; x_wconf 85' lang='lat' dir='ltr'><strong>geri</strong></span> 
     </span>
    </p>
   </div>
   <div class='ocr_carea' id='block_1_29' title="bbox 210 3042 1863 3118">
    <p class='ocr_par' dir='ltr' id='par_1_29' title="bbox 210 3042 1863 3118">
     <span class='ocr_line' id='line_1_29' title="bbox 210 3042 1863 3118; baseline -0.005 -17"><span class='ocrx_word' id='word_1_201' title='bbox 210 3046 479 3118; x_wconf 87' lang='lat' dir='ltr'><strong>agiquee</strong></span> <span class='ocrx_word' id='word_1_202' title='bbox 513 3061 571 3099; x_wconf 92' lang='lat' dir='ltr'><strong>re</strong></span> <span class='ocrx_word' id='word_1_203' title='bbox 605 3044 789 3111; x_wconf 88' lang='lat' dir='ltr'><strong>foret;</strong></span> <span class='ocrx_word' id='word_1_204' title='bbox 823 3048 878 3098; x_wconf 92' lang='lat' dir='ltr'><strong>et</strong></span> <span class='ocrx_word' id='word_1_205' title='bbox 901 3043 1201 3099; x_wconf 89' lang='lat' dir='ltr'><strong>sanciebat</strong></span> <span class='ocrx_word' id='word_1_206' title='bbox 1248 3042 1617 3114; x_wconf 87' lang='lat' dir='ltr'><strong>disciplinam</strong></span> <span class='ocrx_word' id='word_1_207' title='bbox 1651 3044 1863 3105; x_wconf 85' lang='lat' dir='ltr'><strong>metus,</strong></span> 
     </span>
    </p>
   </div>
   <div class='ocr_carea' id='block_1_30' title="bbox 212 3127 1867 3204">
    <p class='ocr_par' dir='ltr' id='par_1_30' title="bbox 212 3127 1867 3204">
     <span class='ocr_line' id='line_1_30' title="bbox 212 3127 1867 3204; baseline -0.005 -15"><span class='ocrx_word' id='word_1_208' title='bbox 212 3140 372 3191; x_wconf 89' lang='lat' dir='ltr'><strong>certo</strong></span> <span class='ocrx_word' id='word_1_209' title='bbox 432 3134 807 3204; x_wconf 84' lang='lat' dir='ltr'><strong>impendente</strong></span> <span class='ocrx_word' id='word_1_210' title='bbox 853 3149 969 3187; x_wconf 91' lang='lat' dir='ltr'><strong>non</strong></span> <span class='ocrx_word' id='word_1_211' title='bbox 1018 3132 1561 3203; x_wconf 87' lang='lat' dir='ltr'><strong>obtemperantibus</strong></span> <span class='ocrx_word' id='word_1_212' title='bbox 1611 3127 1867 3201; x_wconf 90' lang='lat' dir='ltr'><strong>periculo</strong></span> 
     </span>
    </p>
   </div>
   <div class='ocr_carea' id='block_1_31' title="bbox 206 3217 1867 3293">
    <p class='ocr_par' dir='ltr' id='par_1_31' title="bbox 206 3217 1867 3293">
     <span class='ocr_line' id='line_1_31' title="bbox 206 3217 1867 3293; baseline -0.004 -15"><span class='ocrx_word' id='word_1_213' title='bbox 206 3222 442 3293; x_wconf 90' lang='lat' dir='ltr'><strong>judicii,</strong></span> <span class='ocrx_word' id='word_1_214' title='bbox 486 3221 773 3293; x_wconf 88' lang='lat' dir='ltr'><strong>supplicio</strong></span> <span class='ocrx_word' id='word_1_215' title='bbox 825 3238 958 3277; x_wconf 81' lang='lat' dir='ltr'><strong>mox</strong></span> <span class='ocrx_word' id='word_1_216' title='bbox 1002 3223 1436 3277; x_wconf 81' lang='lat' dir='ltr'><strong>damnationem</strong></span> <span class='ocrx_word' id='word_1_217' title='bbox 1483 3223 1774 3274; x_wconf 88' lang='lat' dir='ltr'><strong>secuturo.</strong></span> <span class='ocrx_word' id='word_1_218' title='bbox 1807 3217 1867 3271; x_wconf 91' lang='lat' dir='ltr'><strong>ln</strong></span> 
     </span>
    </p>
   </div>
   <div class='ocr_carea' id='block_1_32' title="bbox 1967 612 3611 696">
    <p class='ocr_par' dir='ltr' id='par_1_32' title="bbox 1967 612 3611 696">
     <span class='ocr_line' id='line_1_32' title="bbox 1967 612 3611 696; baseline 0.01 -35"><span class='ocrx_word' id='word_1_219' title='bbox 1967 630 2095 680; x_wconf 85' lang='grc' dir='ltr'>ματι</span> <span class='ocrx_word' id='word_1_220' title='bbox 2130 614 2329 677; x_wconf 81' lang='grc' dir='ltr'>ζῶντας</span> <span class='ocrx_word' id='word_1_221' title='bbox 2388 612 2476 664; x_wconf 77' lang='grc' dir='ltr'>καὶ</span> <span class='ocrx_word' id='word_1_222' title='bbox 2530 615 2777 682; x_wconf 70' lang='grc' dir='ltr'>συνήθεις</span> <span class='ocrx_word' id='word_1_223' title='bbox 2832 619 2911 685; x_wconf 74' lang='grc' dir='ltr'>τῷ</span> <span class='ocrx_word' id='word_1_224' title='bbox 2966 616 3279 693; x_wconf 84' lang='grc' dir='ltr'>πατριὸρχῃ</span> <span class='ocrx_word' id='word_1_225' title='bbox 3334 621 3611 696; x_wconf 68' lang='grc' dir='ltr'>ἐτρέπετο,</span> 
     </span>
    </p>
   </div>
   <div class='ocr_carea' id='block_1_33' title="bbox 1962 694 3610 782">
    <p class='ocr_par' dir='ltr' id='par_1_33' title="bbox 1962 694 3610 782">
     <span class='ocr_line' id='line_1_33' title="bbox 1962 694 3610 782; baseline 0.011 -32"><span class='ocrx_word' id='word_1_226' title='bbox 1962 699 2051 751; x_wconf 84' lang='grc' dir='ltr'>καὶ</span> <span class='ocrx_word' id='word_1_227' title='bbox 2109 694 2491 767; x_wconf 74' lang='grc' dir='ltr'>κατηντιϐόλει</span> <span class='ocrx_word' id='word_1_228' title='bbox 2552 702 2766 772; x_wconf 76' lang='grc' dir='ltr'>Θερμῶς</span> <span class='ocrx_word' id='word_1_229' title='bbox 2844 708 2937 756; x_wconf 70' lang='grc' dir='ltr'>τοῦ</span> <span class='ocrx_word' id='word_1_230' title='bbox 3021 702 3221 777; x_wconf 69' lang='grc' dir='ltr'>δεσμοῦ</span> <span class='ocrx_word' id='word_1_231' title='bbox 3278 710 3369 763; x_wconf 84' lang='grc' dir='ltr'><strong>τὸν</strong></span> <span class='ocrx_word' id='word_1_232' title='bbox 3426 712 3610 782; x_wconf 71' lang='grc' dir='ltr'>ἲκέτην</span> 
     </span>
    </p>
   </div>
   <div class='ocr_carea' id='block_1_34' title="bbox 1962 784 3615 872">
    <p class='ocr_par' dir='ltr' id='par_1_34' title="bbox 1962 784 3615 872">
     <span class='ocr_line' id='line_1_34' title="bbox 1962 784 3615 872; baseline 0.01 -33"><span class='ocrx_word' id='word_1_233' title='bbox 1962 784 2305 857; x_wconf 86' lang='grc' dir='ltr'>ἀνεῖναι,καί</span> <span class='ocrx_word' id='word_1_234' title='bbox 2366 791 2725 865; x_wconf 85' lang='grc' dir='ltr'>μετεγνωκότι</span> <span class='ocrx_word' id='word_1_235' title='bbox 2777 792 2874 859; x_wconf 73' lang='grc' dir='ltr'>τὴν</span> <span class='ocrx_word' id='word_1_236' title='bbox 2935 794 3216 867; x_wconf 81' lang='grc' dir='ltr'>Θεραπείαν</span> <span class='ocrx_word' id='word_1_237' title='bbox 3278 797 3519 872; x_wconf 76' lang='grc' dir='ltr'>ἐπάγειν,</span> <span class='ocrx_word' id='word_1_238' title='bbox 3548 800 3615 870; x_wconf 75' lang='grc' dir='ltr'>ἥν</span> 
     </span>
    </p>
   </div>
   <div class='ocr_carea' id='block_1_35' title="bbox 1962 873 3613 960">
    <p class='ocr_par' dir='ltr' id='par_1_35' title="bbox 1962 873 3613 960">
     <span class='ocr_line' id='line_1_35' title="bbox 1962 873 3613 960; baseline 0.01 -32"><span class='ocrx_word' id='word_1_239' title='bbox 1962 873 2164 939; x_wconf 84' lang='grc' dir='ltr'>ἐκεῖνος</span> <span class='ocrx_word' id='word_1_240' title='bbox 2226 875 2501 951; x_wconf 84' lang='grc' dir='ltr'>βούλεται’</span> <span class='ocrx_word' id='word_1_241' title='bbox 2561 880 2693 932; x_wconf 79' lang='grc' dir='ltr'>εἶναι</span> <span class='ocrx_word' id='word_1_242' title='bbox 2740 880 2839 954; x_wconf 79' lang='grc' dir='ltr'><strong>γὰρ</strong></span> <span class='ocrx_word' id='word_1_243' title='bbox 2898 878 3116 953; x_wconf 70' lang='grc' dir='ltr'>ἕτοιμον</span> <span class='ocrx_word' id='word_1_244' title='bbox 3179 885 3430 960; x_wconf 65' lang='grc' dir='ltr'>πράττειν</span> <span class='ocrx_word' id='word_1_245' title='bbox 3480 889 3510 943; x_wconf 78' lang='grc' dir='ltr'>ὅ</span> <span class='ocrx_word' id='word_1_246' title='bbox 3560 911 3613 945; x_wconf 89' lang='grc' dir='ltr'>τι</span> 
     </span>
    </p>
   </div>
   <div class='ocr_carea' id='block_1_36' title="bbox 1960 966 3614 1045">
    <p class='ocr_par' dir='ltr' id='par_1_36' title="bbox 1960 966 3614 1045">
     <span class='ocr_line' id='line_1_36' title="bbox 1960 966 3614 1045; baseline 0.01 -29"><span class='ocrx_word' id='word_1_247' title='bbox 1960 966 2336 1038; x_wconf 77' lang='grc' dir='ltr'>προστάσσοι,</span> <span class='ocrx_word' id='word_1_248' title='bbox 2395 967 2456 1019; x_wconf 73' lang='grc' dir='ltr'><strong>τ⁵&gt;</strong></span> <span class='ocrx_word' id='word_1_249' title='bbox 2514 969 2695 1039; x_wconf 69' lang='grc' dir='ltr'>μέντοι</span> <span class='ocrx_word' id='word_1_250' title='bbox 2749 989 2807 1043; x_wconf 85' lang='grc' dir='ltr'><strong>γε</strong></span> <span class='ocrx_word' id='word_1_251' title='bbox 2855 972 3073 1045; x_wconf 82' lang='grc' dir='ltr'>γεγονὸς</span> <span class='ocrx_word' id='word_1_252' title='bbox 3124 972 3386 1042; x_wconf 81' lang='grc' dir='ltr'>ἀποίητον</span> <span class='ocrx_word' id='word_1_253' title='bbox 3445 983 3614 1041; x_wconf 81' lang='grc' dir='ltr'>θεῖναι</span> 
     </span>
    </p>
   </div>
   <div class='ocr_carea' id='block_1_37' title="bbox 1968 1051 3614 1142">
    <p class='ocr_par' dir='ltr' id='par_1_37' title="bbox 1968 1051 3614 1142">
     <span class='ocr_line' id='line_1_37' title="bbox 1968 1051 3614 1142; baseline 0.01 -36"><span class='ocrx_word' id='word_1_254' title='bbox 1968 1055 2042 1123; x_wconf 82' lang='grc' dir='ltr'>μή</span> <span class='ocrx_word' id='word_1_255' title='bbox 2078 1051 2299 1119; x_wconf 62' lang='grc' dir='ltr'>δυνατὸν</span> <span class='ocrx_word' id='word_1_256' title='bbox 2362 1054 2507 1117; x_wconf 79' lang='grc' dir='ltr'>ὅλως</span> <span class='ocrx_word' id='word_1_257' title='bbox 2540 1059 2691 1112; x_wconf 74' lang='grc' dir='ltr'>εἶναι.</span> <span class='ocrx_word' id='word_1_258' title='bbox 2727 1059 2793 1113; x_wconf 73' lang='grc' dir='ltr'><strong>Οἱ</strong></span> <span class='ocrx_word' id='word_1_259' title='bbox 2828 1056 2884 1112; x_wconf 72' lang='grc' dir='ltr'>δέ</span> <span class='ocrx_word' id='word_1_260' title='bbox 2925 1061 3068 1135; x_wconf 70' lang='grc' dir='ltr'>παρὰ</span> <span class='ocrx_word' id='word_1_261' title='bbox 3125 1062 3215 1115; x_wconf 83' lang='grc' dir='ltr'><strong>τὸν</strong></span> <span class='ocrx_word' id='word_1_262' title='bbox 3266 1066 3614 1142; x_wconf 87' lang='grc' dir='ltr'>πατριάρχην</span> 
     </span>
    </p>
   </div>
   <div class='ocr_carea' id='block_1_38' title="bbox 1964 1141 3615 1227">
    <p class='ocr_par' dir='ltr' id='par_1_38' title="bbox 1964 1141 3615 1227">
     <span class='ocr_line' id='line_1_38' title="bbox 1964 1141 3615 1227; baseline 0.01 -32"><span class='ocrx_word' id='word_1_263' title='bbox 1964 1141 2254 1217; x_wconf 83' lang='grc' dir='ltr'>ἐρχόμενοι</span> <span class='ocrx_word' id='word_1_264' title='bbox 2328 1145 2674 1220; x_wconf 70' lang='grc' dir='ltr'>ἀπήγγεΛλον</span> <span class='ocrx_word' id='word_1_265' title='bbox 2736 1149 2830 1219; x_wconf 72' lang='grc' dir='ltr'>μὲν</span> <span class='ocrx_word' id='word_1_266' title='bbox 2889 1149 2976 1202; x_wconf 83' lang='grc' dir='ltr'>καὶ</span> <span class='ocrx_word' id='word_1_267' title='bbox 3030 1150 3096 1204; x_wconf 73' lang='grc' dir='ltr'><strong>τά</strong></span> <span class='ocrx_word' id='word_1_268' title='bbox 3146 1156 3243 1206; x_wconf 76' lang='grc' dir='ltr'>τοῦ</span> <span class='ocrx_word' id='word_1_269' title='bbox 3307 1141 3615 1227; x_wconf 70' lang='grc' dir='ltr'>βασιλέως,</span> 
     </span>
    </p>
   </div>
   <div class='ocr_carea' id='block_1_39' title="bbox 1962 1231 3622 1317">
    <p class='ocr_par' dir='ltr' id='par_1_39' title="bbox 1962 1231 3622 1317">
     <span class='ocr_line' id='line_1_39' title="bbox 1962 1231 3622 1317; baseline 0.01 -34"><span class='ocrx_word' id='word_1_270' title='bbox 1962 1231 2052 1284; x_wconf 85' lang='grc' dir='ltr'>καὶ</span> <span class='ocrx_word' id='word_1_271' title='bbox 2111 1233 2198 1306; x_wconf 72' lang='grc' dir='ltr'><strong>ἀφ’</strong></span> <span class='ocrx_word' id='word_1_272' title='bbox 2250 1233 2427 1287; x_wconf 77' lang='grc' dir='ltr'>αὐτῶν</span> <span class='ocrx_word' id='word_1_273' title='bbox 2491 1231 2547 1288; x_wconf 70' lang='grc' dir='ltr'>δὲ</span> <span class='ocrx_word' id='word_1_274' title='bbox 2598 1232 2828 1289; x_wconf 84' lang='grc' dir='ltr'>πλεῖστα</span> <span class='ocrx_word' id='word_1_275' title='bbox 2884 1238 3230 1311; x_wconf 80' lang='grc' dir='ltr'>πρεσετίθουν</span> <span class='ocrx_word' id='word_1_276' title='bbox 3270 1246 3349 1313; x_wconf 80' lang='grc' dir='ltr'>τῷ</span> <span class='ocrx_word' id='word_1_277' title='bbox 3406 1243 3622 1317; x_wconf 83' lang='grc' dir='ltr'>βασιλεῖ</span> 
     </span>
    </p>
   </div>
   <div class='ocr_carea' id='block_1_40' title="bbox 1964 1320 3620 1399">
    <p class='ocr_par' dir='ltr' id='par_1_40' title="bbox 1964 1320 3620 1399">
     <span class='ocr_line' id='line_1_40' title="bbox 1964 1320 3620 1399; baseline 0.01 -27"><span class='ocrx_word' id='word_1_278' title='bbox 1964 1320 2338 1393; x_wconf 84' lang='grc' dir='ltr'>χαριζόμενοι.</span> <span class='ocrx_word' id='word_1_279' title='bbox 2398 1323 2455 1374; x_wconf 79' lang='lat'><strong>&#39;0</strong></span> <span class='ocrx_word' id='word_1_280' title='bbox 2516 1320 2565 1375; x_wconf 85' lang='grc' dir='ltr'>δ’</span> <span class='ocrx_word' id='word_1_281' title='bbox 2610 1322 2889 1399; x_wconf 77' lang='grc' dir='ltr'>ὑπερεώρα</span> <span class='ocrx_word' id='word_1_282' title='bbox 2962 1330 3059 1394; x_wconf 68' lang='grc' dir='ltr'>τήν</span> <span class='ocrx_word' id='word_1_283' title='bbox 3121 1325 3301 1398; x_wconf 72' lang='grc' dir='ltr'>δέησιν</span> <span class='ocrx_word' id='word_1_284' title='bbox 3368 1332 3455 1386; x_wconf 82' lang='grc' dir='ltr'><strong>καὶ</strong></span> <span class='ocrx_word' id='word_1_285' title='bbox 3507 1331 3620 1387; x_wconf 82' lang='grc' dir='ltr'>οὐδ’</span> 
     </span>
    </p>
   </div>
   <div class='ocr_carea' id='block_1_41' title="bbox 1962 1408 3618 1489">
    <p class='ocr_par' dir='ltr' id='par_1_41' title="bbox 1962 1408 3618 1489">
     <span class='ocr_line' id='line_1_41' title="bbox 1962 1408 3618 1489; baseline 0.008 -27"><span class='ocrx_word' id='word_1_286' title='bbox 1962 1408 2108 1469; x_wconf 76' lang='grc' dir='ltr'>ὅλως</span> <span class='ocrx_word' id='word_1_287' title='bbox 2140 1415 2422 1484; x_wconf 82' lang='grc' dir='ltr'>προσεῖχε.</span> <span class='ocrx_word' id='word_1_288' title='bbox 2479 1414 2799 1486; x_wconf 72' lang='grc' dir='ltr'>Περιστερᾶν</span> <span class='ocrx_word' id='word_1_289' title='bbox 2831 1415 2931 1488; x_wconf 71' lang='grc' dir='ltr'>γὰρ</span> <span class='ocrx_word' id='word_1_290' title='bbox 2968 1416 3154 1489; x_wconf 78' lang='grc' dir='ltr'>βαλεῖν</span> <span class='ocrx_word' id='word_1_291' title='bbox 3209 1418 3285 1481; x_wconf 86' lang='grc' dir='ltr'><strong>εἰς</strong></span> <span class='ocrx_word' id='word_1_292' title='bbox 3340 1421 3432 1475; x_wconf 84' lang='grc' dir='ltr'>τὸν</span> <span class='ocrx_word' id='word_1_293' title='bbox 3484 1421 3618 1476; x_wconf 90' lang='grc' dir='ltr'>κόλ-</span> 
     </span>
    </p>
   </div>
   <div class='ocr_carea' id='block_1_42' title="bbox 1962 1495 3619 1587">
    <p class='ocr_par' dir='ltr' id='par_1_42' title="bbox 1962 1495 3619 1587">
     <span class='ocr_line' id='line_1_42' title="bbox 1962 1495 3619 1587; baseline 0.009 -37"><span class='ocrx_word' id='word_1_294' title='bbox 1962 1518 2061 1551; x_wconf 75' lang='grc' dir='ltr'><strong>πον</strong></span> <span class='ocrx_word' id='word_1_295' title='bbox 2123 1495 2247 1576; x_wconf 69' lang='grc' dir='ltr'>ἔφη,</span> <span class='ocrx_word' id='word_1_296' title='bbox 2301 1499 2553 1569; x_wconf 70' lang='grc' dir='ltr'>κάκείνην</span> <span class='ocrx_word' id='word_1_297' title='bbox 2617 1511 3223 1578; x_wconf 79' lang='grc' dir='ltr'>μετασχηματισοεῖσαν</span> <span class='ocrx_word' id='word_1_298' title='bbox 3258 1508 3333 1563; x_wconf 66' lang='grc' dir='ltr'>εἰ)</span> <span class='ocrx_word' id='word_1_299' title='bbox 3367 1506 3487 1587; x_wconf 74' lang='grc' dir='ltr'>ὄφιν</span> <span class='ocrx_word' id='word_1_300' title='bbox 3521 1508 3619 1581; x_wconf 83' lang='grc' dir='ltr'><strong>δῆ-</strong></span> 
     </span>
    </p>
   </div>
   <div class='ocr_carea' id='block_1_43' title="bbox 1965 1587 3620 1671">
    <p class='ocr_par' dir='ltr' id='par_1_43' title="bbox 1965 1587 3620 1671">
     <span class='ocr_line' id='line_1_43' title="bbox 1965 1587 3620 1671; baseline 0.009 -32"><span class='ocrx_word' id='word_1_301' title='bbox 1965 1587 2047 1655; x_wconf 80' lang='grc' dir='ltr'><strong>ξαι</strong></span> <span class='ocrx_word' id='word_1_302' title='bbox 2072 1587 2207 1660; x_wconf 85' lang='grc' dir='ltr'>πρὸς</span> <span class='ocrx_word' id='word_1_303' title='bbox 2242 1587 2482 1650; x_wconf 76' lang='grc' dir='ltr'>θάνατον·</span> <span class='ocrx_word' id='word_1_304' title='bbox 2520 1589 2796 1660; x_wconf 75' lang='grc' dir='ltr'>ὑπεδήλου</span> <span class='ocrx_word' id='word_1_305' title='bbox 2847 1591 2905 1647; x_wconf 75' lang='grc' dir='ltr'>δὲ</span> <span class='ocrx_word' id='word_1_306' title='bbox 2954 1591 3024 1647; x_wconf 87' lang='grc' dir='ltr'><strong>δι’</strong></span> <span class='ocrx_word' id='word_1_307' title='bbox 3074 1595 3278 1671; x_wconf 74' lang='grc' dir='ltr'>ἀμφοῖν</span> <span class='ocrx_word' id='word_1_308' title='bbox 3328 1603 3437 1653; x_wconf 79' lang='grc' dir='ltr'>τῶν</span> <span class='ocrx_word' id='word_1_309' title='bbox 3467 1598 3620 1654; x_wconf 85' lang='grc' dir='ltr'>ἐναν-</span> 
     </span>
    </p>
   </div>
   <div class='ocr_carea' id='block_1_44' title="bbox 1962 1675 3621 1764">
    <p class='ocr_par' dir='ltr' id='par_1_44' title="bbox 1962 1675 3621 1764">
     <span class='ocr_line' id='line_1_44' title="bbox 1962 1675 3621 1764; baseline 0.009 -37"><span class='ocrx_word' id='word_1_310' title='bbox 1962 1675 2237 1730; x_wconf 84' lang='grc' dir='ltr'>τιωτάτων</span> <span class='ocrx_word' id='word_1_311' title='bbox 2275 1679 2425 1745; x_wconf 83' lang='grc' dir='ltr'>ζώων</span> <span class='ocrx_word' id='word_1_312' title='bbox 2458 1679 2549 1732; x_wconf 78' lang='grc' dir='ltr'>τὸν</span> <span class='ocrx_word' id='word_1_313' title='bbox 2588 1680 2746 1733; x_wconf 80' lang='grc' dir='ltr'>αὐτὸν</span> <span class='ocrx_word' id='word_1_314' title='bbox 2802 1681 3025 1754; x_wconf 74' lang='grc' dir='ltr'>βασιλέα</span> <span class='ocrx_word' id='word_1_315' title='bbox 3077 1685 3164 1738; x_wconf 74' lang='grc' dir='ltr'>καὶ</span> <span class='ocrx_word' id='word_1_316' title='bbox 3195 1683 3307 1758; x_wconf 71' lang='grc' dir='ltr'>ἕνα,</span> <span class='ocrx_word' id='word_1_317' title='bbox 3343 1686 3402 1741; x_wconf 85' lang='grc' dir='ltr'>οὐ</span> <span class='ocrx_word' id='word_1_318' title='bbox 3439 1688 3621 1764; x_wconf 75' lang='grc' dir='ltr'>φύσιν,</span> 
     </span>
    </p>
   </div>
   <div class='ocr_carea' id='block_1_45' title="bbox 1966 1762 3623 1848">
    <p class='ocr_par' dir='ltr' id='par_1_45' title="bbox 1966 1762 3623 1848">
     <span class='ocr_line' id='line_1_45' title="bbox 1966 1762 3623 1848; baseline 0.01 -32"><span class='ocrx_word' id='word_1_319' title='bbox 1966 1762 2112 1817; x_wconf 83' lang='grc' dir='ltr'>ἀλλά</span> <span class='ocrx_word' id='word_1_320' title='bbox 2140 1766 2364 1838; x_wconf 82' lang='grc' dir='ltr'>γνώμην</span> <span class='ocrx_word' id='word_1_321' title='bbox 2394 1766 2537 1844; x_wconf 68' lang='grc' dir='ltr'>σφίσι</span> <span class='ocrx_word' id='word_1_322' title='bbox 2598 1771 3088 1843; x_wconf 78' lang='grc' dir='ltr'>παρεικαζόμενον.</span> <span class='ocrx_word' id='word_1_323' title='bbox 3142 1774 3253 1830; x_wconf 82' lang='grc' dir='ltr'><strong>Κπὶ</strong></span> <span class='ocrx_word' id='word_1_324' title='bbox 3302 1762 3469 1830; x_wconf 77' lang='grc' dir='ltr'>ταῦτα</span> <span class='ocrx_word' id='word_1_325' title='bbox 3527 1778 3623 1848; x_wconf 75' lang='grc' dir='ltr'>μὶν</span> 
     </span>
    </p>
   </div>
   <div class='ocr_carea' id='block_1_46' title="bbox 1968 1854 3630 1929">
    <p class='ocr_par' dir='ltr' id='par_1_46' title="bbox 1968 1854 3630 1929">
     <span class='ocr_line' id='line_1_46' title="bbox 1968 1854 3630 1929; baseline 0.009 -24"><span class='ocrx_word' id='word_1_326' title='bbox 1968 1854 1996 1907; x_wconf 84' lang='grc' dir='ltr'>ὁ</span> <span class='ocrx_word' id='word_1_327' title='bbox 2027 1854 2373 1929; x_wconf 81' lang='grc' dir='ltr'>πατριάρχης</span> <span class='ocrx_word' id='word_1_328' title='bbox 2417 1855 2504 1909; x_wconf 80' lang='grc' dir='ltr'>καί</span> <span class='ocrx_word' id='word_1_329' title='bbox 2552 1856 2725 1912; x_wconf 89' lang='grc' dir='ltr'>πλείω</span> <span class='ocrx_word' id='word_1_330' title='bbox 2774 1859 3006 1929; x_wconf 83' lang='grc' dir='ltr'>τούτων,</span> <span class='ocrx_word' id='word_1_331' title='bbox 3056 1861 3143 1915; x_wconf 84' lang='grc' dir='ltr'><strong>καὶ</strong></span> <span class='ocrx_word' id='word_1_332' title='bbox 3196 1863 3270 1925; x_wconf 87' lang='grc' dir='ltr'><strong>ὡς</strong></span> <span class='ocrx_word' id='word_1_333' title='bbox 3321 1861 3433 1918; x_wconf 78' lang='grc' dir='ltr'>οὐδ’</span> <span class='ocrx_word' id='word_1_334' title='bbox 3483 1863 3542 1919; x_wconf 74' lang='grc' dir='ltr'><strong>ἃν</strong></span> <span class='ocrx_word' id='word_1_335' title='bbox 3576 1863 3630 1920; x_wconf 60' lang='grc' dir='ltr'>εἴ</span> 
     </span>
    </p>
   </div>
   <div class='ocr_carea' id='block_1_47' title="bbox 206 1924 3181 2023">
    <p class='ocr_par' dir='ltr' id='par_1_47' title="bbox 206 1924 3181 2023">
     <span class='ocr_line' id='line_1_47' title="bbox 206 1924 3181 2023; baseline -0.004 -10"><span class='ocrx_word' id='word_1_336' title='bbox 206 1936 292 1998; x_wconf 66' lang='lat'><strong>‘0&quot;</strong></span> <span class='ocrx_word' id='word_1_337' title='bbox 342 1936 537 1995; x_wconf 34' lang='grc' dir='ltr'><strong>,Ὅπως</strong></span> <span class='ocrx_word' id='word_1_338' title='bbox 578 1933 961 2023; x_wconf 61' lang='grc' dir='ltr'>,ὑπερχόιξενος</span> <span class='ocrx_word' id='word_1_339' title='bbox 994 1933 1023 1986; x_wconf 70' lang='grc' dir='ltr'>ὁ</span> <span class='ocrx_word' id='word_1_340' title='bbox 1073 1928 1463 2023; x_wconf 26' lang='lat' dir='ltr'><strong>adfige“???</strong></span> <span class='ocrx_word' id='word_1_341' title='bbox 1513 1927 1862 2001; x_wconf 73' lang='grc' dir='ltr'>πατριάρχην</span> <span class='ocrx_word' id='word_1_342' title='bbox 1894 1924 2018 1995; x_wconf 64' lang='lat' dir='ltr'><strong>Bt:</strong></span> <span class='ocrx_word' id='word_1_343' title='bbox 2073 1942 2164 1996; x_wconf 83' lang='grc' dir='ltr'><strong>καὶ</strong></span> <span class='ocrx_word' id='word_1_344' title='bbox 2206 1945 2417 2017; x_wconf 70' lang='grc' dir='ltr'>γένοιτο</span> <span class='ocrx_word' id='word_1_345' title='bbox 2476 1947 2567 2000; x_wconf 84' lang='grc' dir='ltr'><strong>τὸν</strong></span> <span class='ocrx_word' id='word_1_346' title='bbox 2632 1948 2928 2022; x_wconf 82' lang='grc' dir='ltr'>άσορισμὸν</span> <span class='ocrx_word' id='word_1_347' title='bbox 3000 1949 3181 2005; x_wconf 78' lang='grc' dir='ltr'>λύσειε</span> 
     </span>
    </p>
   </div>
   <div class='ocr_carea' id='block_1_48' title="bbox 3217 1950 3624 2027">
    <p class='ocr_par' dir='ltr' id='par_1_48' title="bbox 3217 1950 3624 2027">
     <span class='ocr_line' id='line_1_48' title="bbox 3217 1950 3624 2027; baseline 0.002 -21"><span class='ocrx_word' id='word_1_348' title='bbox 3217 1996 3229 2019; x_wconf 92' lang='grc'><strong>,</strong></span> <span class='ocrx_word' id='word_1_349' title='bbox 3275 1950 3369 2006; x_wconf 73' lang='grc' dir='ltr'><strong>κᾶν</strong></span> <span class='ocrx_word' id='word_1_350' title='bbox 3421 1974 3624 2027; x_wconf 87' lang='grc' dir='ltr'>προσα-</span> 
     </span>
    </p>
   </div>
   <div class='ocr_carea' id='block_1_49' title="bbox 1972 2030 3627 2105">
    <p class='ocr_par' dir='ltr' id='par_1_49' title="bbox 1972 2030 3627 2105">
     <span class='ocr_line' id='line_1_49' title="bbox 1972 2030 3627 2105; baseline 0.007 -20"><span class='ocrx_word' id='word_1_351' title='bbox 1972 2030 2140 2105; x_wconf 85' lang='grc' dir='ltr'>πειλῇ</span> <span class='ocrx_word' id='word_1_352' title='bbox 2188 2030 2260 2086; x_wconf 50' lang='grc' dir='ltr'><strong>’τὰ</strong></span> <span class='ocrx_word' id='word_1_353' title='bbox 2313 2034 2468 2101; x_wconf 77' lang='grc' dir='ltr'>κοκὰ,</span> <span class='ocrx_word' id='word_1_354' title='bbox 2530 2034 2625 2090; x_wconf 65' lang='grc' dir='ltr'><strong>κᾶν</strong></span> <span class='ocrx_word' id='word_1_355' title='bbox 2687 2039 2849 2091; x_wconf 76' lang='grc' dir='ltr'>αὐτὸν</span> <span class='ocrx_word' id='word_1_356' title='bbox 2904 2038 3149 2094; x_wconf 83' lang='grc' dir='ltr'>Θάνατον.</span> <span class='ocrx_word' id='word_1_357' title='bbox 3212 2042 3277 2098; x_wconf 71' lang='grc' dir='ltr'><strong>Οἱ</strong></span> <span class='ocrx_word' id='word_1_358' title='bbox 3340 2040 3385 2096; x_wconf 79' lang='grc' dir='ltr'>δ’</span> <span class='ocrx_word' id='word_1_359' title='bbox 3431 2043 3627 2097; x_wconf 85' lang='grc' dir='ltr'>ὑπονο-</span> 
     </span>
    </p>
   </div>
   <div class='ocr_carea' id='block_1_50' title="bbox 1974 2123 3631 2205">
    <p class='ocr_par' dir='ltr' id='par_1_50' title="bbox 1974 2123 3631 2205">
     <span class='ocr_line' id='line_1_50' title="bbox 1974 2123 3631 2205; baseline 0.008 -31"><span class='ocrx_word' id='word_1_360' title='bbox 1974 2124 2218 2182; x_wconf 83' lang='grc' dir='ltr'>στοῦντες</span> <span class='ocrx_word' id='word_1_361' title='bbox 2248 2123 2337 2176; x_wconf 84' lang='grc' dir='ltr'><strong>καὶ</strong></span> <span class='ocrx_word' id='word_1_362' title='bbox 2368 2126 2433 2177; x_wconf 74' lang='grc' dir='ltr'><strong>τά</strong></span> <span class='ocrx_word' id='word_1_363' title='bbox 2462 2128 2557 2179; x_wconf 74' lang='grc' dir='ltr'>τοῦ</span> <span class='ocrx_word' id='word_1_364' title='bbox 2602 2126 2950 2203; x_wconf 77' lang='grc' dir='ltr'>πατριάρχου</span> <span class='ocrx_word' id='word_1_365' title='bbox 3006 2126 3304 2199; x_wconf 76' lang='grc' dir='ltr'>δηλοῦντες</span> <span class='ocrx_word' id='word_1_366' title='bbox 3360 2132 3437 2195; x_wconf 84' lang='grc' dir='ltr'>εἷς</span> <span class='ocrx_word' id='word_1_367' title='bbox 3490 2132 3631 2205; x_wconf 81' lang='grc' dir='ltr'>ἀμη-</span> 
     </span>
    </p>
   </div>
   <div class='ocr_carea' id='block_1_51' title="bbox 1974 2210 3625 2291">
    <p class='ocr_par' dir='ltr' id='par_1_51' title="bbox 1974 2210 3625 2291">
     <span class='ocr_line' id='line_1_51' title="bbox 1974 2210 3625 2291; baseline 0.01 -29"><span class='ocrx_word' id='word_1_368' title='bbox 1974 2210 2167 2283; x_wconf 88' lang='grc' dir='ltr'>χανίαν</span> <span class='ocrx_word' id='word_1_369' title='bbox 2218 2210 2475 2282; x_wconf 79' lang='grc' dir='ltr'>πλείστην</span> <span class='ocrx_word' id='word_1_370' title='bbox 2532 2210 2785 2270; x_wconf 74' lang='grc' dir='ltr'>ἐνέϐαλον</span> <span class='ocrx_word' id='word_1_371' title='bbox 2835 2218 2926 2271; x_wconf 89' lang='grc' dir='ltr'>τὸν</span> <span class='ocrx_word' id='word_1_372' title='bbox 2986 2223 3320 2289; x_wconf 79' lang='grc' dir='ltr'>κρατοῦντα.</span> <span class='ocrx_word' id='word_1_373' title='bbox 3377 2222 3475 2275; x_wconf 85' lang='grc' dir='ltr'><strong>Καὶ</strong></span> <span class='ocrx_word' id='word_1_374' title='bbox 3544 2219 3625 2291; x_wconf 83' lang='grc' dir='ltr'><strong>δς,</strong></span> 
     </span>
    </p>
   </div>
   <div class='ocr_carea' id='block_1_52' title="bbox 1973 2296 3625 2387">
    <p class='ocr_par' dir='ltr' id='par_1_52' title="bbox 1973 2296 3625 2387">
     <span class='ocr_line' id='line_1_52' title="bbox 1973 2296 3625 2387; baseline 0.009 -35"><span class='ocrx_word' id='word_1_375' title='bbox 1973 2296 2161 2368; x_wconf 78' lang='grc' dir='ltr'>ἐπειδὴ</span> <span class='ocrx_word' id='word_1_376' title='bbox 2218 2300 2307 2355; x_wconf 82' lang='grc' dir='ltr'><strong>καὶ</strong></span> <span class='ocrx_word' id='word_1_377' title='bbox 2356 2304 2418 2357; x_wconf 88' lang='grc' dir='ltr'>τὸ</span> <span class='ocrx_word' id='word_1_378' title='bbox 2464 2302 2892 2379; x_wconf 79' lang='grc' dir='ltr'>αὐτοπρόσωπον</span> <span class='ocrx_word' id='word_1_379' title='bbox 2926 2307 3338 2382; x_wconf 68' lang='grc' dir='ltr'>ἀντιφάρμακον</span> <span class='ocrx_word' id='word_1_380' title='bbox 3400 2308 3625 2387; x_wconf 66' lang='grc' dir='ltr'>λέγουσι</span> 
     </span>
    </p>
   </div>
   <div class='ocr_carea' id='block_1_53' title="bbox 1972 2390 3623 2477">
    <p class='ocr_par' dir='ltr' id='par_1_53' title="bbox 1972 2390 3623 2477">
     <span class='ocr_line' id='line_1_53' title="bbox 1972 2390 3623 2477; baseline 0.009 -36"><span class='ocrx_word' id='word_1_381' title='bbox 1972 2390 2157 2459; x_wconf 75' lang='grc' dir='ltr'>(τοῦτο</span> <span class='ocrx_word' id='word_1_382' title='bbox 2213 2390 2318 2465; x_wconf 80' lang='grc' dir='ltr'><strong>γὰρ</strong></span> <span class='ocrx_word' id='word_1_383' title='bbox 2376 2391 2507 2446; x_wconf 77' lang='grc' dir='ltr'>εἶναι</span> <span class='ocrx_word' id='word_1_384' title='bbox 2566 2398 2687 2454; x_wconf 90' lang='grc' dir='ltr'>ταῖς</span> <span class='ocrx_word' id='word_1_385' title='bbox 2745 2394 3022 2460; x_wconf 87' lang='grc' dir='ltr'>ὑπονοίαις</span> <span class='ocrx_word' id='word_1_386' title='bbox 3054 2397 3167 2452; x_wconf 79' lang='grc' dir='ltr'><strong>.καί</strong></span> <span class='ocrx_word' id='word_1_387' title='bbox 3239 2400 3339 2470; x_wconf 85' lang='grc' dir='ltr'>τήν</span> <span class='ocrx_word' id='word_1_388' title='bbox 3388 2402 3623 2477; x_wconf 84' lang='grc' dir='ltr'>Γοργὼ),</span> 
     </span>
    </p>
   </div>
   <div class='ocr_carea' id='block_1_54' title="bbox 1972 2476 3621 2564">
    <p class='ocr_par' dir='ltr' id='par_1_54' title="bbox 1972 2476 3621 2564">
     <span class='ocr_line' id='line_1_54' title="bbox 1972 2476 3621 2564; baseline 0.008 -34"><span class='ocrx_word' id='word_1_389' title='bbox 1972 2476 2136 2539; x_wconf 79' lang='grc' dir='ltr'>αὐτὸς</span> <span class='ocrx_word' id='word_1_390' title='bbox 2221 2477 2361 2554; x_wconf 78' lang='grc' dir='ltr'>ἔγνω</span> <span class='ocrx_word' id='word_1_391' title='bbox 2434 2483 2877 2559; x_wconf 78' lang='grc' dir='ltr'>προσερχόμενος</span> <span class='ocrx_word' id='word_1_392' title='bbox 2965 2485 3299 2564; x_wconf 81' lang='grc' dir='ltr'>ἐντυγχάνειν</span> <span class='ocrx_word' id='word_1_393' title='bbox 3350 2476 3471 2545; x_wconf 12' lang='grc' dir='ltr'>καὶν</span> <span class='ocrx_word' id='word_1_394' title='bbox 3522 2490 3621 2560; x_wconf 79' lang='grc' dir='ltr'>τὴν</span> 
     </span>
    </p>
   </div>
   <div class='ocr_carea' id='block_1_55' title="bbox 1971 2676 3624 2761">
    <p class='ocr_par' dir='ltr' id='par_1_55' title="bbox 1971 2676 3624 2761">
     <span class='ocr_line' id='line_1_55' title="bbox 1971 2676 3624 2761; baseline 0.008 -30"><span class='ocrx_word' id='word_1_395' title='bbox 1971 2676 2223 2735; x_wconf 91' lang='lat' dir='ltr'><strong>multum</strong></span> <span class='ocrx_word' id='word_1_396' title='bbox 2269 2681 2403 2737; x_wconf 91' lang='lat' dir='ltr'><strong>licet</strong></span> <span class='ocrx_word' id='word_1_397' title='bbox 2443 2685 2733 2755; x_wconf 88' lang='lat' dir='ltr'><strong>cogitans,</strong></span> <span class='ocrx_word' id='word_1_398' title='bbox 2775 2686 3147 2743; x_wconf 86' lang='lat' dir='ltr'><strong>comminisci</strong></span> <span class='ocrx_word' id='word_1_399' title='bbox 3194 2693 3415 2759; x_wconf 86' lang='lat' dir='ltr'><strong>posset,</strong></span> <span class='ocrx_word' id='word_1_400' title='bbox 3454 2689 3624 2761; x_wconf 86' lang='lat' dir='ltr'><strong>inops</strong></span> 
     </span>
    </p>
   </div>
   <div class='ocr_carea' id='block_1_56' title="bbox 1971 2769 3625 2851">
    <p class='ocr_par' dir='ltr' id='par_1_56' title="bbox 1971 2769 3625 2851">
     <span class='ocr_line' id='line_1_56' title="bbox 1971 2769 3625 2851; baseline 0.008 -29"><span class='ocrx_word' id='word_1_401' title='bbox 1971 2769 2347 2839; x_wconf 84' lang='lat' dir='ltr'><strong>expeditioris</strong></span> <span class='ocrx_word' id='word_1_402' title='bbox 2389 2774 2620 2828; x_wconf 82' lang='lat' dir='ltr'><strong>consilii</strong></span> <span class='ocrx_word' id='word_1_403' title='bbox 2664 2776 2831 2830; x_wconf 82' lang='lat' dir='ltr'><strong>vertit</strong></span> <span class='ocrx_word' id='word_1_404' title='bbox 2876 2793 3003 2831; x_wconf 91' lang='lat' dir='ltr'><strong>sese</strong></span> <span class='ocrx_word' id='word_1_405' title='bbox 3042 2778 3112 2833; x_wconf 90' lang='lat' dir='ltr'><strong>ad</strong></span> <span class='ocrx_word' id='word_1_406' title='bbox 3158 2778 3509 2851; x_wconf 86' lang='lat' dir='ltr'><strong>interpretes</strong></span> <span class='ocrx_word' id='word_1_407' title='bbox 3558 2795 3625 2835; x_wconf 90' lang='lat' dir='ltr'><strong>ac</strong></span> 
     </span>
    </p>
   </div>
   <div class='ocr_carea' id='block_1_57' title="bbox 1974 2859 3619 2939">
    <p class='ocr_par' dir='ltr' id='par_1_57' title="bbox 1974 2859 3619 2939">
     <span class='ocr_line' id='line_1_57' title="bbox 1974 2859 3619 2939; baseline 0.007 -28"><span class='ocrx_word' id='word_1_408' title='bbox 1974 2859 2379 2915; x_wconf 89' lang='lat' dir='ltr'><strong>conciliatores</strong></span> <span class='ocrx_word' id='word_1_409' title='bbox 2411 2864 2572 2932; x_wconf 89' lang='lat' dir='ltr'><strong>pacis</strong></span> <span class='ocrx_word' id='word_1_410' title='bbox 2604 2880 2706 2935; x_wconf 88' lang='lat' dir='ltr'><strong>pro</strong></span> <span class='ocrx_word' id='word_1_411' title='bbox 2740 2880 2800 2918; x_wconf 91' lang='lat' dir='ltr'><strong>se</strong></span> <span class='ocrx_word' id='word_1_412' title='bbox 2834 2866 2901 2919; x_wconf 88' lang='lat' dir='ltr'><strong>ad</strong></span> <span class='ocrx_word' id='word_1_413' title='bbox 2940 2867 3329 2937; x_wconf 86' lang='lat' dir='ltr'><strong>patriarcham</strong></span> <span class='ocrx_word' id='word_1_414' title='bbox 3365 2867 3619 2939; x_wconf 84' lang='lat' dir='ltr'><strong>allegan-</strong></span> 
     </span>
    </p>
   </div>
   <div class='ocr_carea' id='block_1_58' title="bbox 1974 2947 3629 3027">
    <p class='ocr_par' dir='ltr' id='par_1_58' title="bbox 1974 2947 3629 3027">
     <span class='ocr_line' id='line_1_58' title="bbox 1974 2947 3629 3027; baseline 0.007 -27"><span class='ocrx_word' id='word_1_415' title='bbox 1974 2947 2101 3002; x_wconf 91' lang='lat' dir='ltr'><strong>dos.</strong></span> <span class='ocrx_word' id='word_1_416' title='bbox 2126 2948 2310 3011; x_wconf 88' lang='lat' dir='ltr'><strong>Quam</strong></span> <span class='ocrx_word' id='word_1_417' title='bbox 2336 2951 2403 3004; x_wconf 85' lang='lat' dir='ltr'><strong>ad</strong></span> <span class='ocrx_word' id='word_1_418' title='bbox 2432 2967 2549 3006; x_wconf 89' lang='lat' dir='ltr'><strong>rem</strong></span> <span class='ocrx_word' id='word_1_419' title='bbox 2577 2956 2738 3007; x_wconf 88' lang='lat' dir='ltr'><strong>ratus</strong></span> <span class='ocrx_word' id='word_1_420' title='bbox 2760 2953 2999 3009; x_wconf 89' lang='lat' dir='ltr'><strong>idoneos</strong></span> <span class='ocrx_word' id='word_1_421' title='bbox 3024 2958 3309 3027; x_wconf 87' lang='lat' dir='ltr'><strong>quosdam</strong></span> <span class='ocrx_word' id='word_1_422' title='bbox 3337 2958 3466 3013; x_wconf 71' lang='lat' dir='ltr'><strong>vita:</strong></span> <span class='ocrx_word' id='word_1_423' title='bbox 3488 2974 3629 3012; x_wconf 85' lang='lat' dir='ltr'><strong>san-</strong></span> 
     </span>
    </p>
   </div>
   <div class='ocr_carea' id='block_1_59' title="bbox 1977 3037 3630 3115">
    <p class='ocr_par' dir='ltr' id='par_1_59' title="bbox 1977 3037 3630 3115">
     <span class='ocr_line' id='line_1_59' title="bbox 1977 3037 3630 3115; baseline 0.005 -24"><span class='ocrx_word' id='word_1_424' title='bbox 1977 3037 2177 3092; x_wconf 89' lang='lat' dir='ltr'><strong>ctioris</strong></span> <span class='ocrx_word' id='word_1_425' title='bbox 2210 3039 2588 3109; x_wconf 74' lang='lat' dir='ltr'><strong>professores,</strong></span> <span class='ocrx_word' id='word_1_426' title='bbox 2632 3042 2901 3097; x_wconf 80' lang='lat' dir='ltr'><strong>assiduos</strong></span> <span class='ocrx_word' id='word_1_427' title='bbox 2934 3048 2988 3097; x_wconf 88' lang='lat' dir='ltr'><strong>et</strong></span> <span class='ocrx_word' id='word_1_428' title='bbox 3029 3044 3349 3100; x_wconf 76' lang='lat' dir='ltr'><strong>familiares</strong></span> <span class='ocrx_word' id='word_1_429' title='bbox 3383 3046 3630 3115; x_wconf 83' lang='lat' dir='ltr'><strong>patriar-</strong></span> 
     </span>
    </p>
   </div>
   <div class='ocr_carea' id='block_1_60' title="bbox 1978 3126 3630 3199">
    <p class='ocr_par' dir='ltr' id='par_1_60' title="bbox 1978 3126 3630 3199">
     <span class='ocr_line' id='line_1_60' title="bbox 1978 3126 3630 3199; baseline 0.005 -18"><span class='ocrx_word' id='word_1_430' title='bbox 1978 3126 2231 3198; x_wconf 66' lang='lat' dir='ltr'><strong>chaeper</strong></span> <span class='ocrx_word' id='word_1_431' title='bbox 2260 3128 2365 3183; x_wconf 89' lang='lat' dir='ltr'><strong>hos</strong></span> <span class='ocrx_word' id='word_1_432' title='bbox 2398 3144 2597 3199; x_wconf 88' lang='lat' dir='ltr'><strong>preces</strong></span> <span class='ocrx_word' id='word_1_433' title='bbox 2617 3148 2754 3185; x_wconf 86' lang='lat' dir='ltr'><strong>suas</strong></span> <span class='ocrx_word' id='word_1_434' title='bbox 2780 3133 2848 3186; x_wconf 91' lang='lat' dir='ltr'><strong>ad</strong></span> <span class='ocrx_word' id='word_1_435' title='bbox 2882 3131 3043 3187; x_wconf 89' lang='lat' dir='ltr'><strong>illum</strong></span> <span class='ocrx_word' id='word_1_436' title='bbox 3078 3133 3630 3199; x_wconf 86' lang='lat' dir='ltr'><strong>detulit,vehemen-</strong></span> 
     </span>
    </p>
   </div>
   <div class='ocr_carea' id='block_1_61' title="bbox 1982 3220 3633 3295">
    <p class='ocr_par' dir='ltr' id='par_1_61' title="bbox 1982 3220 3633 3295">
     <span class='ocr_line' id='line_1_61' title="bbox 1982 3220 3633 3295; baseline 0.005 -25"><span class='ocrx_word' id='word_1_437' title='bbox 1982 3221 2067 3271; x_wconf 89' lang='lat' dir='ltr'><strong>ter</strong></span> <span class='ocrx_word' id='word_1_438' title='bbox 2096 3233 2267 3272; x_wconf 89' lang='lat' dir='ltr'><strong>orans</strong></span> <span class='ocrx_word' id='word_1_439' title='bbox 2300 3223 2363 3272; x_wconf 92' lang='lat' dir='ltr'><strong>ut</strong></span> <span class='ocrx_word' id='word_1_440' title='bbox 2412 3235 2472 3273; x_wconf 89' lang='lat' dir='ltr'><strong>se</strong></span> <span class='ocrx_word' id='word_1_441' title='bbox 2509 3220 2828 3291; x_wconf 87' lang='lat' dir='ltr'><strong>supplicem</strong></span> <span class='ocrx_word' id='word_1_442' title='bbox 2863 3223 3013 3277; x_wconf 92' lang='lat' dir='ltr'><strong>nodo</strong></span> <span class='ocrx_word' id='word_1_443' title='bbox 3055 3240 3169 3294; x_wconf 91' lang='lat' dir='ltr'><strong>quo</strong></span> <span class='ocrx_word' id='word_1_444' title='bbox 3229 3223 3633 3295; x_wconf 85' lang='lat' dir='ltr'><strong>stringebatur</strong></span> 
     </span>
    </p>
   </div>
   <div class='ocr_carea' id='block_1_62' title="bbox 214 3306 3633 3385">
    <p class='ocr_par' dir='ltr' id='par_1_62' title="bbox 214 3306 3633 3385">
     <span class='ocr_line' id='line_1_62' title="bbox 214 3306 3633 3385; baseline 0 -17"><span class='ocrx_word' id='word_1_445' title='bbox 214 3314 378 3368; x_wconf 90' lang='lat' dir='ltr'><strong>hunc</strong></span> <span class='ocrx_word' id='word_1_446' title='bbox 410 3312 650 3367; x_wconf 88' lang='lat' dir='ltr'><strong>modum</strong></span> <span class='ocrx_word' id='word_1_447' title='bbox 693 3310 894 3366; x_wconf 90' lang='lat' dir='ltr'><strong>missis</strong></span> <span class='ocrx_word' id='word_1_448' title='bbox 933 3315 1071 3365; x_wconf 91' lang='lat' dir='ltr'><strong>tunc</strong></span> <span class='ocrx_word' id='word_1_449' title='bbox 1104 3311 1287 3382; x_wconf 91' lang='lat' dir='ltr'><strong>copiis</strong></span> <span class='ocrx_word' id='word_1_450' title='bbox 1326 3310 1603 3381; x_wconf 89' lang='lat' dir='ltr'><strong>pleraque</strong></span> <span class='ocrx_word' id='word_1_451' title='bbox 1633 3307 1866 3363; x_wconf 90' lang='lat' dir='ltr'><strong>illorum</strong></span> <span class='ocrx_word' id='word_1_452' title='bbox 1901 3311 1945 3381; x_wconf 73' lang='grc' dir='ltr'>α</span> <span class='ocrx_word' id='word_1_453' title='bbox 1985 3306 2253 3369; x_wconf 83' lang='lat' dir='ltr'><strong>solveret.</strong></span> <span class='ocrx_word' id='word_1_454' title='bbox 2288 3323 2351 3362; x_wconf 91' lang='lat' dir='ltr'><strong>ac</strong></span> <span class='ocrx_word' id='word_1_455' title='bbox 2392 3308 2693 3379; x_wconf 74' lang='lat' dir='ltr'><strong>pmnitenti</strong></span> <span class='ocrx_word' id='word_1_456' title='bbox 2736 3311 3198 3367; x_wconf 82' lang='lat' dir='ltr'><strong>satisfactionem</strong></span> <span class='ocrx_word' id='word_1_457' title='bbox 3242 3328 3417 3385; x_wconf 83' lang='lat' dir='ltr'><strong>quam</strong></span> <span class='ocrx_word' id='word_1_458' title='bbox 3460 3312 3633 3369; x_wconf 91' lang='lat' dir='ltr'><strong>vellet</strong></span> 
     </span>
    </p>
   </div>
   <div class='ocr_carea' id='block_1_63' title="bbox 212 3394 1877 3477">
    <p class='ocr_par' dir='ltr' id='par_1_63' title="bbox 212 3394 1877 3477">
     <span class='ocr_line' id='line_1_63' title="bbox 212 3394 1877 3477; baseline -0.004 -22"><span class='ocrx_word' id='word_1_459' title='bbox 212 3404 515 3455; x_wconf 85' lang='lat' dir='ltr'><strong>tractuum</strong></span> <span class='ocrx_word' id='word_1_460' title='bbox 530 3398 641 3453; x_wconf 89' lang='lat' dir='ltr'><strong>sibi</strong></span> <span class='ocrx_word' id='word_1_461' title='bbox 665 3398 936 3468; x_wconf 87' lang='lat' dir='ltr'><strong>subjecit.</strong></span> <span class='ocrx_word' id='word_1_462' title='bbox 971 3398 1116 3453; x_wconf 90' lang='lat' dir='ltr'><strong>Nam</strong></span> <span class='ocrx_word' id='word_1_463' title='bbox 1139 3403 1306 3469; x_wconf 89' lang='lat' dir='ltr'><strong>capta</strong></span> <span class='ocrx_word' id='word_1_464' title='bbox 1320 3402 1407 3453; x_wconf 85' lang='lat' dir='ltr'><strong>est</strong></span> <span class='ocrx_word' id='word_1_465' title='bbox 1430 3394 1877 3477; x_wconf 59' lang='lat' dir='ltr'><strong>Philippopolis,</strong></span> 
     </span>
    </p>
   </div>
   <div class='ocr_carea' id='block_1_64' title="bbox 217 3483 1879 3559">
    <p class='ocr_par' dir='ltr' id='par_1_64' title="bbox 217 3483 1879 3559">
     <span class='ocr_line' id='line_1_64' title="bbox 217 3483 1879 3559; baseline -0.005 -14"><span class='ocrx_word' id='word_1_466' title='bbox 217 3494 577 3559; x_wconf 90' lang='lat' dir='ltr'><strong>occupatum</strong></span> <span class='ocrx_word' id='word_1_467' title='bbox 596 3487 1038 3542; x_wconf 90' lang='lat' dir='ltr'><strong>Stenimachum</strong></span> <span class='ocrx_word' id='word_1_468' title='bbox 1064 3485 1391 3553; x_wconf 79' lang='lat' dir='ltr'><strong>castellum,</strong></span> <span class='ocrx_word' id='word_1_469' title='bbox 1411 3487 1622 3557; x_wconf 86' lang='lat' dir='ltr'><strong>jugum</strong></span> <span class='ocrx_word' id='word_1_470' title='bbox 1648 3483 1879 3539; x_wconf 85' lang='lat' dir='ltr'><strong>univer-</strong></span> 
     </span>
    </p>
   </div>
   <div class='ocr_carea' id='block_1_65' title="bbox 222 3572 1877 3646">
    <p class='ocr_par' dir='ltr' id='par_1_65' title="bbox 222 3572 1877 3646">
     <span class='ocr_line' id='line_1_65' title="bbox 222 3572 1877 3646; baseline -0.004 -12"><span class='ocrx_word' id='word_1_471' title='bbox 222 3594 361 3635; x_wconf 86' lang='lat' dir='ltr'><strong>sum</strong></span> <span class='ocrx_word' id='word_1_472' title='bbox 389 3582 552 3633; x_wconf 77' lang='lat' dir='ltr'><strong>extra</strong></span> <span class='ocrx_word' id='word_1_473' title='bbox 574 3577 835 3631; x_wconf 75' lang='lat' dir='ltr'><strong>Haemum</strong></span> <span class='ocrx_word' id='word_1_474' title='bbox 871 3576 1148 3632; x_wconf 70' lang='lat' dir='ltr'><strong>Romana:</strong></span> <span class='ocrx_word' id='word_1_475' title='bbox 1170 3576 1513 3646; x_wconf 88' lang='lat' dir='ltr'><strong>adjunctum</strong></span> <span class='ocrx_word' id='word_1_476' title='bbox 1539 3572 1744 3629; x_wconf 88' lang='lat' dir='ltr'><strong>ditioni</strong></span> <span class='ocrx_word' id='word_1_477' title='bbox 1769 3577 1877 3628; x_wconf 89' lang='lat' dir='ltr'><strong>est.</strong></span> 
     </span>
    </p>
   </div>
   <div class='ocr_carea' id='block_1_66' title="bbox 222 3663 1879 3739">
    <p class='ocr_par' dir='ltr' id='par_1_66' title="bbox 222 3663 1879 3739">
     <span class='ocr_line' id='line_1_66' title="bbox 222 3663 1879 3739; baseline -0.004 -14"><span class='ocrx_word' id='word_1_478' title='bbox 222 3669 483 3739; x_wconf 82' lang='lat' dir='ltr'><strong>Recepta</strong></span> <span class='ocrx_word' id='word_1_479' title='bbox 514 3668 661 3723; x_wconf 93' lang='grc'><strong>211</strong></span> <span class='ocrx_word' id='word_1_480' title='bbox 700 3670 790 3721; x_wconf 88' lang='lat' dir='ltr'><strong>est</strong></span> <span class='ocrx_word' id='word_1_481' title='bbox 829 3665 1061 3737; x_wconf 83' lang='lat' dir='ltr'><strong>Myltza,</strong></span> <span class='ocrx_word' id='word_1_482' title='bbox 1095 3672 1159 3721; x_wconf 90' lang='lat' dir='ltr'><strong>ut</strong></span> <span class='ocrx_word' id='word_1_483' title='bbox 1195 3666 1441 3732; x_wconf 87' lang='lat' dir='ltr'><strong>dicetur,</strong></span> <span class='ocrx_word' id='word_1_484' title='bbox 1470 3665 1721 3720; x_wconf 86' lang='lat' dir='ltr'><strong>dedente</strong></span> <span class='ocrx_word' id='word_1_485' title='bbox 1762 3663 1879 3718; x_wconf 88' lang='lat' dir='ltr'><strong>Me-</strong></span> 
     </span>
    </p>
   </div>
   <div class='ocr_carea' id='block_1_67' title="bbox 225 3752 1879 3827">
    <p class='ocr_par' dir='ltr' id='par_1_67' title="bbox 225 3752 1879 3827">
     <span class='ocr_line' id='line_1_67' title="bbox 225 3752 1879 3827; baseline -0.004 -14"><span class='ocrx_word' id='word_1_486' title='bbox 225 3758 521 3822; x_wconf 85' lang='lat' dir='ltr'><strong>sembrea,</strong></span> <span class='ocrx_word' id='word_1_487' title='bbox 556 3771 770 3827; x_wconf 85' lang='lat' dir='ltr'><strong>magna</strong></span> <span class='ocrx_word' id='word_1_488' title='bbox 799 3756 1025 3825; x_wconf 88' lang='lat' dir='ltr'><strong>civitas,</strong></span> <span class='ocrx_word' id='word_1_489' title='bbox 1058 3771 1192 3811; x_wconf 91' lang='lat' dir='ltr'><strong>cum</strong></span> <span class='ocrx_word' id='word_1_490' title='bbox 1235 3772 1353 3827; x_wconf 90' lang='lat' dir='ltr'><strong>qua</strong></span> <span class='ocrx_word' id='word_1_491' title='bbox 1383 3759 1439 3809; x_wconf 82' lang='lat' dir='ltr'><strong>et</strong></span> <span class='ocrx_word' id='word_1_492' title='bbox 1468 3753 1788 3809; x_wconf 85' lang='lat' dir='ltr'><strong>Anchialus</strong></span> <span class='ocrx_word' id='word_1_493' title='bbox 1820 3752 1879 3807; x_wconf 90' lang='lat' dir='ltr'><strong>in</strong></span> 
     </span>
    </p>
   </div>
   <div class='ocr_carea' id='block_1_68' title="bbox 221 3841 1882 3920">
    <p class='ocr_par' dir='ltr' id='par_1_68' title="bbox 221 3841 1882 3920">
     <span class='ocr_line' id='line_1_68' title="bbox 221 3841 1882 3920; baseline -0.004 -17"><span class='ocrx_word' id='word_1_494' title='bbox 221 3851 585 3920; x_wconf 86' lang='lat' dir='ltr'><strong>potestatem</strong></span> <span class='ocrx_word' id='word_1_495' title='bbox 609 3850 949 3901; x_wconf 89' lang='lat' dir='ltr'><strong>nostrorum</strong></span> <span class='ocrx_word' id='word_1_496' title='bbox 972 3845 1144 3901; x_wconf 88' lang='lat' dir='ltr'><strong>venit.</strong></span> <span class='ocrx_word' id='word_1_497' title='bbox 1173 3845 1346 3899; x_wconf 88' lang='lat' dir='ltr'><strong>Porro</strong></span> <span class='ocrx_word' id='word_1_498' title='bbox 1370 3861 1497 3916; x_wconf 71' lang='lat' dir='ltr'><strong>quae</strong></span> <span class='ocrx_word' id='word_1_499' title='bbox 1530 3845 1751 3898; x_wconf 87' lang='lat' dir='ltr'><strong>circum</strong></span> <span class='ocrx_word' id='word_1_500' title='bbox 1775 3841 1882 3897; x_wconf 89' lang='lat' dir='ltr'><strong>has</strong></span> 
     </span>
    </p>
   </div>
   <div class='ocr_carea' id='block_1_69' title="bbox 223 3933 1885 4007">
    <p class='ocr_par' dir='ltr' id='par_1_69' title="bbox 223 3933 1885 4007">
     <span class='ocr_line' id='line_1_69' title="bbox 223 3933 1885 4007; baseline -0.004 -14"><span class='ocrx_word' id='word_1_501' title='bbox 223 3938 406 3993; x_wconf 83' lang='lat' dir='ltr'><strong>urbes</strong></span> <span class='ocrx_word' id='word_1_502' title='bbox 438 3934 652 4007; x_wconf 87' lang='lat' dir='ltr'><strong>oppida</strong></span> <span class='ocrx_word' id='word_1_503' title='bbox 686 3935 937 4006; x_wconf 85' lang='lat' dir='ltr'><strong>pagique</strong></span> <span class='ocrx_word' id='word_1_504' title='bbox 966 3938 1155 4003; x_wconf 90' lang='lat' dir='ltr'><strong>erant,</strong></span> <span class='ocrx_word' id='word_1_505' title='bbox 1189 3938 1364 4006; x_wconf 87' lang='lat' dir='ltr'><strong>gustu</strong></span> <span class='ocrx_word' id='word_1_506' title='bbox 1391 3933 1572 3989; x_wconf 88' lang='lat' dir='ltr'><strong>semel</strong></span> <span class='ocrx_word' id='word_1_507' title='bbox 1609 3933 1885 3988; x_wconf 88' lang='lat' dir='ltr'><strong>mutatio-</strong></span> 
     </span>
    </p>
   </div>
   <div class='ocr_carea' id='block_1_70' title="bbox 221 4021 1886 4096">
    <p class='ocr_par' dir='ltr' id='par_1_70' title="bbox 221 4021 1886 4096">
     <span class='ocr_line' id='line_1_70' title="bbox 221 4021 1886 4096; baseline -0.003 -15"><span class='ocrx_word' id='word_1_508' title='bbox 221 4025 317 4081; x_wconf 90' lang='lat' dir='ltr'><strong>nis</strong></span> <span class='ocrx_word' id='word_1_509' title='bbox 354 4028 591 4096; x_wconf 90' lang='lat' dir='ltr'><strong>accepto</strong></span> <span class='ocrx_word' id='word_1_510' title='bbox 615 4023 901 4078; x_wconf 87' lang='lat' dir='ltr'><strong>malentes</strong></span> <span class='ocrx_word' id='word_1_511' title='bbox 925 4024 1254 4094; x_wconf 87' lang='lat' dir='ltr'><strong>imperatori</strong></span> <span class='ocrx_word' id='word_1_512' title='bbox 1275 4021 1817 4090; x_wconf 88' lang='lat' dir='ltr'><strong>subesse,certatim</strong></span> <span class='ocrx_word' id='word_1_513' title='bbox 1852 4039 1886 4076; x_wconf 88' lang='lat' dir='ltr'><strong>a</strong></span> 
     </span>
    </p>
   </div>
   <div class='ocr_carea' id='block_1_71' title="bbox 220 4111 1886 4185">
    <p class='ocr_par' dir='ltr' id='par_1_71' title="bbox 220 4111 1886 4185">
     <span class='ocr_line' id='line_1_71' title="bbox 220 4111 1886 4185; baseline -0.003 -16"><span class='ocrx_word' id='word_1_514' title='bbox 220 4114 474 4185; x_wconf 85' lang='lat' dir='ltr'><strong>Bulgaro</strong></span> <span class='ocrx_word' id='word_1_515' title='bbox 505 4112 875 4168; x_wconf 86' lang='lat' dir='ltr'><strong>deﬁciebant.</strong></span> <span class='ocrx_word' id='word_1_516' title='bbox 901 4111 1159 4167; x_wconf 86' lang='lat' dir='ltr'><strong>Urebant</strong></span> <span class='ocrx_word' id='word_1_517' title='bbox 1176 4113 1295 4167; x_wconf 68' lang='lat' dir='ltr'><strong>haec</strong></span> <span class='ocrx_word' id='word_1_518' title='bbox 1322 4112 1528 4166; x_wconf 90' lang='lat' dir='ltr'><strong>intime</strong></span> <span class='ocrx_word' id='word_1_519' title='bbox 1552 4111 1886 4167; x_wconf 89' lang='lat' dir='ltr'><strong>Constanti-</strong></span> 
     </span>
    </p>
   </div>
   <div class='ocr_carea' id='block_1_72' title="bbox 226 4199 1887 4273">
    <p class='ocr_par' dir='ltr' id='par_1_72' title="bbox 226 4199 1887 4273">
     <span class='ocr_line' id='line_1_72' title="bbox 226 4199 1887 4273; baseline -0.004 -14"><span class='ocrx_word' id='word_1_520' title='bbox 226 4204 671 4273; x_wconf 89' lang='lat' dir='ltr'><strong>numimparem</strong></span> <span class='ocrx_word' id='word_1_521' title='bbox 693 4205 831 4256; x_wconf 93' lang='lat' dir='ltr'><strong>tunc</strong></span> <span class='ocrx_word' id='word_1_522' title='bbox 849 4201 1180 4257; x_wconf 82' lang='lat' dir='ltr'><strong>resistendo</strong></span> <span class='ocrx_word' id='word_1_523' title='bbox 1202 4201 1512 4271; x_wconf 87' lang='lat' dir='ltr'><strong>etjacturis</strong></span> <span class='ocrx_word' id='word_1_524' title='bbox 1532 4217 1597 4254; x_wconf 91' lang='lat' dir='ltr'><strong>ac</strong></span> <span class='ocrx_word' id='word_1_525' title='bbox 1620 4199 1887 4254; x_wconf 86' lang='lat' dir='ltr'><strong>cladibus</strong></span> 
     </span>
    </p>
   </div>
   <div class='ocr_carea' id='block_1_73' title="bbox 231 4290 1890 4365">
    <p class='ocr_par' dir='ltr' id='par_1_73' title="bbox 231 4290 1890 4365">
     <span class='ocr_line' id='line_1_73' title="bbox 231 4290 1890 4365; baseline -0.002 -18"><span class='ocrx_word' id='word_1_526' title='bbox 231 4292 414 4349; x_wconf 87' lang='lat' dir='ltr'><strong>toties</strong></span> <span class='ocrx_word' id='word_1_527' title='bbox 445 4290 709 4365; x_wconf 81' lang='lat' dir='ltr'><strong>repetitis</strong></span> <span class='ocrx_word' id='word_1_528' title='bbox 739 4290 1074 4345; x_wconf 88' lang='lat' dir='ltr'><strong>attonitum.</strong></span> <span class='ocrx_word' id='word_1_529' title='bbox 1097 4290 1355 4361; x_wconf 83' lang='lat' dir='ltr'><strong>Ringens</strong></span> <span class='ocrx_word' id='word_1_530' title='bbox 1376 4305 1512 4361; x_wconf 90' lang='lat' dir='ltr'><strong>ergo</strong></span> <span class='ocrx_word' id='word_1_531' title='bbox 1535 4305 1601 4345; x_wconf 89' lang='lat' dir='ltr'><strong>ac</strong></span> <span class='ocrx_word' id='word_1_532' title='bbox 1635 4290 1890 4344; x_wconf 86' lang='lat' dir='ltr'><strong>fremens</strong></span> 
     </span>
    </p>
   </div>
   <div class='ocr_carea' id='block_1_74' title="bbox 233 4378 1890 4453">
    <p class='ocr_par' dir='ltr' id='par_1_74' title="bbox 233 4378 1890 4453">
     <span class='ocr_line' id='line_1_74' title="bbox 233 4378 1890 4453; baseline -0.003 -17"><span class='ocrx_word' id='word_1_533' title='bbox 233 4381 404 4453; x_wconf 88' lang='lat' dir='ltr'><strong>(nam</strong></span> <span class='ocrx_word' id='word_1_534' title='bbox 436 4378 598 4435; x_wconf 88' lang='lat' dir='ltr'><strong>aliud</strong></span> <span class='ocrx_word' id='word_1_535' title='bbox 634 4380 690 4433; x_wconf 92' lang='lat' dir='ltr'><strong>in</strong></span> <span class='ocrx_word' id='word_1_536' title='bbox 725 4380 1037 4451; x_wconf 64' lang='lat' dir='ltr'><strong>praesentia</strong></span> <span class='ocrx_word' id='word_1_537' title='bbox 1067 4396 1181 4436; x_wconf 93' lang='lat' dir='ltr'><strong>non</strong></span> <span class='ocrx_word' id='word_1_538' title='bbox 1220 4379 1465 4451; x_wconf 87' lang='lat' dir='ltr'><strong>poterat)</strong></span> <span class='ocrx_word' id='word_1_539' title='bbox 1494 4378 1890 4451; x_wconf 80' lang='lat' dir='ltr'><strong>exspectabat,</strong></span> 
     </span>
    </p>
   </div>
   <div class='ocr_carea' id='block_1_75' title="bbox 231 4468 1890 4540">
    <p class='ocr_par' dir='ltr' id='par_1_75' title="bbox 231 4468 1890 4540">
     <span class='ocr_line' id='line_1_75' title="bbox 231 4468 1890 4540; baseline -0.004 -12"><span class='ocrx_word' id='word_1_540' title='bbox 231 4476 292 4528; x_wconf 84' lang='lat' dir='ltr'><strong>et</strong></span> <span class='ocrx_word' id='word_1_541' title='bbox 310 4470 607 4526; x_wconf 87' lang='lat' dir='ltr'><strong>inhianter</strong></span> <span class='ocrx_word' id='word_1_542' title='bbox 628 4469 904 4539; x_wconf 83' lang='lat' dir='ltr'><strong>captabat</strong></span> <span class='ocrx_word' id='word_1_543' title='bbox 927 4468 1167 4524; x_wconf 88' lang='lat' dir='ltr'><strong>ultionis</strong></span> <span class='ocrx_word' id='word_1_544' title='bbox 1185 4468 1890 4540; x_wconf 87' lang='lat' dir='ltr'><strong>opportunitatem,quam</strong></span> 
     </span>
    </p>
   </div>
   <div class='ocr_carea' id='block_1_76' title="bbox 233 4555 1892 4630">
    <p class='ocr_par' dir='ltr' id='par_1_76' title="bbox 233 4555 1892 4630">
     <span class='ocr_line' id='line_1_76' title="bbox 233 4555 1892 4630; baseline -0.003 -14"><span class='ocrx_word' id='word_1_545' title='bbox 233 4559 501 4616; x_wconf 88' lang='lat' dir='ltr'><strong>animam</strong></span> <span class='ocrx_word' id='word_1_546' title='bbox 546 4558 915 4630; x_wconf 84' lang='lat' dir='ltr'><strong>negotiorum</strong></span> <span class='ocrx_word' id='word_1_547' title='bbox 960 4559 1196 4629; x_wconf 89' lang='lat' dir='ltr'><strong>quidam</strong></span> <span class='ocrx_word' id='word_1_548' title='bbox 1230 4575 1344 4614; x_wconf 90' lang='lat' dir='ltr'><strong>non</strong></span> <span class='ocrx_word' id='word_1_549' title='bbox 1394 4557 1690 4613; x_wconf 89' lang='lat' dir='ltr'><strong>immerito</strong></span> <span class='ocrx_word' id='word_1_550' title='bbox 1732 4555 1892 4611; x_wconf 81' lang='lat' dir='ltr'><strong>dixe-</strong></span> 
     </span>
    </p>
   </div>
   <div class='ocr_carea' id='block_1_77' title="bbox 243 4653 408 4707">
    <p class='ocr_par' dir='ltr' id='par_1_77' title="bbox 243 4653 408 4707">
     <span class='ocr_line' id='line_1_77' title="bbox 243 4653 408 4707; baseline -0.03 0"><span class='ocrx_word' id='word_1_551' title='bbox 243 4653 408 4707; x_wconf 88' lang='lat' dir='ltr'><strong>runt.</strong></span> 
     </span>
    </p>
   </div>
   <div class='ocr_carea' id='block_1_78' title="bbox 244 4754 1898 4825">
    <p class='ocr_par' dir='ltr' id='par_1_78' title="bbox 244 4754 1898 4825">
     <span class='ocr_line' id='line_1_78' title="bbox 244 4754 1898 4825; baseline -0.003 -13"><span class='ocrx_word' id='word_1_552' title='bbox 244 4757 331 4812; x_wconf 84' lang='grc'><strong>19.</strong></span> <span class='ocrx_word' id='word_1_553' title='bbox 388 4756 453 4812; x_wconf 73' lang='lat' dir='ltr'><strong>Ut</strong></span> <span class='ocrx_word' id='word_1_554' title='bbox 516 4754 839 4825; x_wconf 79' lang='lat' dir='ltr'><strong>patriarcha</strong></span> <span class='ocrx_word' id='word_1_555' title='bbox 886 4765 1147 4811; x_wconf 75' lang='lat' dir='ltr'><strong>convento</strong></span> <span class='ocrx_word' id='word_1_556' title='bbox 1203 4759 1255 4811; x_wconf 84' lang='lat' dir='ltr'><strong>et</strong></span> <span class='ocrx_word' id='word_1_557' title='bbox 1320 4755 1645 4825; x_wconf 67' lang='lat' dir='ltr'><strong>suppliciter</strong></span> <span class='ocrx_word' id='word_1_558' title='bbox 1712 4757 1898 4824; x_wconf 78' lang='lat' dir='ltr'><strong>rogato</strong></span> 
     </span>
    </p>
   </div>
   <div class='ocr_carea' id='block_1_79' title="bbox 346 4827 1898 4910">
    <p class='ocr_par' dir='ltr' id='par_1_79' title="bbox 346 4827 1898 4910">
     <span class='ocr_line' id='line_1_79' title="bbox 346 4827 1898 4910; baseline -0.002 -28"><span class='ocrx_word' id='word_1_559' title='bbox 346 4827 657 4910; x_wconf 62' lang='lat' dir='ltr'><strong>imperatur</strong></span> <span class='ocrx_word' id='word_1_560' title='bbox 685 4827 1271 4884; x_wconf 74' lang='lat' dir='ltr'><strong>excommunicationis</strong></span> <span class='ocrx_word' id='word_1_561' title='bbox 1311 4828 1700 4883; x_wconf 79' lang='lat' dir='ltr'><strong>alsoluu‘onem</strong></span> <span class='ocrx_word' id='word_1_562' title='bbox 1729 4828 1898 4897; x_wconf 81' lang='lat' dir='ltr'><strong>petie-</strong></span> 
     </span>
    </p>
   </div>
   <div class='ocr_carea' id='block_1_80' title="bbox 352 4908 449 4955">
    <p class='ocr_par' dir='ltr' id='par_1_80' title="bbox 352 4908 449 4955">
     <span class='ocr_line' id='line_1_80' title="bbox 352 4908 449 4955; baseline 0.01 -2"><span class='ocrx_word' id='word_1_563' title='bbox 352 4908 449 4955; x_wconf 77' lang='lat' dir='ltr'><strong>rit.</strong></span> 
     </span>
    </p>
   </div>
   <div class='ocr_carea' id='block_1_81' title="bbox 312 5006 1900 5081">
    <p class='ocr_par' dir='ltr' id='par_1_81' title="bbox 312 5006 1900 5081">
     <span class='ocr_line' id='line_1_81' title="bbox 312 5006 1900 5081; baseline -0.001 -20"><span class='ocrx_word' id='word_1_564' title='bbox 312 5007 448 5061; x_wconf 67' lang='lat' dir='ltr'><strong>Hec</strong></span> <span class='ocrx_word' id='word_1_565' title='bbox 480 5006 704 5077; x_wconf 76' lang='lat' dir='ltr'><strong>agentis</strong></span> <span class='ocrx_word' id='word_1_566' title='bbox 732 5007 1101 5081; x_wconf 86' lang='lat' dir='ltr'><strong>imperatoris</strong></span> <span class='ocrx_word' id='word_1_567' title='bbox 1132 5025 1273 5065; x_wconf 91' lang='lat' dir='ltr'><strong>cura</strong></span> <span class='ocrx_word' id='word_1_568' title='bbox 1294 5010 1501 5081; x_wconf 90' lang='lat' dir='ltr'><strong>ingens</strong></span> <span class='ocrx_word' id='word_1_569' title='bbox 1531 5008 1739 5081; x_wconf 86' lang='lat' dir='ltr'><strong>agebat</strong></span> <span class='ocrx_word' id='word_1_570' title='bbox 1757 5007 1900 5061; x_wconf 87' lang='lat' dir='ltr'><strong>fere-</strong></span> 
     </span>
    </p>
   </div>
   <div class='ocr_carea' id='block_1_82' title="bbox 242 5096 1899 5171">
    <p class='ocr_par' dir='ltr' id='par_1_82' title="bbox 242 5096 1899 5171">
     <span class='ocr_line' id='line_1_82' title="bbox 242 5096 1899 5171; baseline -0.001 -20"><span class='ocrx_word' id='word_1_571' title='bbox 242 5098 465 5168; x_wconf 88' lang='lat' dir='ltr'><strong>batque</strong></span> <span class='ocrx_word' id='word_1_572' title='bbox 484 5096 673 5152; x_wconf 83' lang='lat' dir='ltr'><strong>anxiis</strong></span> <span class='ocrx_word' id='word_1_573' title='bbox 699 5098 1157 5169; x_wconf 87' lang='lat' dir='ltr'><strong>cogitationibus</strong></span> <span class='ocrx_word' id='word_1_574' title='bbox 1182 5099 1589 5171; x_wconf 90' lang='lat' dir='ltr'><strong>perturbatum</strong></span> <span class='ocrx_word' id='word_1_575' title='bbox 1611 5097 1899 5151; x_wconf 85' lang='lat' dir='ltr'><strong>animum.</strong></span> 
     </span>
    </p>
   </div>
   <div class='ocr_carea' id='block_1_83' title="bbox 240 5185 1905 5260">
    <p class='ocr_par' dir='ltr' id='par_1_83' title="bbox 240 5185 1905 5260">
     <span class='ocr_line' id='line_1_83' title="bbox 240 5185 1905 5260; baseline -0.002 -18"><span class='ocrx_word' id='word_1_576' title='bbox 240 5187 372 5242; x_wconf 82' lang='lat' dir='ltr'><strong>Non</strong></span> <span class='ocrx_word' id='word_1_577' title='bbox 393 5185 557 5241; x_wconf 88' lang='lat' dir='ltr'><strong>enim</strong></span> <span class='ocrx_word' id='word_1_578' title='bbox 580 5185 747 5242; x_wconf 92' lang='lat' dir='ltr'><strong>illum</strong></span> <span class='ocrx_word' id='word_1_579' title='bbox 767 5188 981 5259; x_wconf 89' lang='lat' dir='ltr'><strong>quietis</strong></span> <span class='ocrx_word' id='word_1_580' title='bbox 997 5194 1222 5260; x_wconf 91' lang='lat' dir='ltr'><strong>partem</strong></span> <span class='ocrx_word' id='word_1_581' title='bbox 1248 5187 1433 5244; x_wconf 89' lang='lat' dir='ltr'><strong>ullam</strong></span> <span class='ocrx_word' id='word_1_582' title='bbox 1447 5203 1653 5259; x_wconf 90' lang='lat' dir='ltr'><strong>capere</strong></span> <span class='ocrx_word' id='word_1_583' title='bbox 1673 5186 1905 5241; x_wconf 88' lang='lat' dir='ltr'><strong>sinebat</strong></span> 
     </span>
    </p>
   </div>
   <div class='ocr_carea' id='block_1_84' title="bbox 245 5275 1903 5352">
    <p class='ocr_par' dir='ltr' id='par_1_84' title="bbox 245 5275 1903 5352">
     <span class='ocr_line' id='line_1_84' title="bbox 245 5275 1903 5352; baseline -0.002 -19"><span class='ocrx_word' id='word_1_584' title='bbox 245 5293 486 5333; x_wconf 87' lang='lat' dir='ltr'><strong>morsus</strong></span> <span class='ocrx_word' id='word_1_585' title='bbox 511 5277 759 5334; x_wconf 90' lang='lat' dir='ltr'><strong>intimus</strong></span> <span class='ocrx_word' id='word_1_586' title='bbox 781 5279 1181 5349; x_wconf 71' lang='lat' dir='ltr'><strong>conscientias;</strong></span> <span class='ocrx_word' id='word_1_587' title='bbox 1208 5281 1470 5352; x_wconf 89' lang='lat' dir='ltr'><strong>adeoque</strong></span> <span class='ocrx_word' id='word_1_588' title='bbox 1494 5278 1745 5335; x_wconf 89' lang='lat' dir='ltr'><strong>fructum</strong></span> <span class='ocrx_word' id='word_1_589' title='bbox 1772 5275 1903 5331; x_wconf 93' lang='lat' dir='ltr'><strong>nul-</strong></span> 
     </span>
    </p>
   </div>
   <div class='ocr_carea' id='block_1_85' title="bbox 245 5356 1902 5439">
    <p class='ocr_par' dir='ltr' id='par_1_85' title="bbox 245 5356 1902 5439">
     <span class='ocr_line' id='line_1_85' title="bbox 245 5356 1902 5439; baseline -0.002 -18"><span class='ocrx_word' id='word_1_590' title='bbox 245 5366 368 5422; x_wconf 91' lang='lat' dir='ltr'><strong>lum</strong></span> <span class='ocrx_word' id='word_1_591' title='bbox 435 5356 740 5438; x_wconf 69' lang='lat' dir='ltr'><strong>presentis</strong></span> <span class='ocrx_word' id='word_1_592' title='bbox 792 5368 1089 5425; x_wconf 87' lang='lat' dir='ltr'><strong>felicitatis</strong></span> <span class='ocrx_word' id='word_1_593' title='bbox 1134 5370 1443 5439; x_wconf 88' lang='lat' dir='ltr'><strong>sentiebat,</strong></span> <span class='ocrx_word' id='word_1_594' title='bbox 1490 5370 1631 5423; x_wconf 91' lang='lat' dir='ltr'><strong>dum</strong></span> <span class='ocrx_word' id='word_1_595' title='bbox 1682 5383 1744 5423; x_wconf 90' lang='lat' dir='ltr'><strong>se</strong></span> <span class='ocrx_word' id='word_1_596' title='bbox 1791 5364 1902 5420; x_wconf 91' lang='lat' dir='ltr'><strong>diri</strong></span> 
     </span>
    </p>
   </div>
   <div class='ocr_carea' id='block_1_86' title="bbox 248 5457 1906 5523">
    <p class='ocr_par' dir='ltr' id='par_1_86' title="bbox 248 5457 1906 5523">
     <span class='ocr_line' id='line_1_86' title="bbox 248 5457 1906 5523; baseline -0.001 -10"><span class='ocrx_word' id='word_1_597' title='bbox 248 5457 651 5513; x_wconf 88' lang='lat' dir='ltr'><strong>anathematis</strong></span> <span class='ocrx_word' id='word_1_598' title='bbox 693 5461 1079 5516; x_wconf 84' lang='lat' dir='ltr'><strong>constrictum</strong></span> <span class='ocrx_word' id='word_1_599' title='bbox 1128 5460 1375 5517; x_wconf 83' lang='lat' dir='ltr'><strong>vinculis</strong></span> <span class='ocrx_word' id='word_1_600' title='bbox 1419 5460 1787 5523; x_wconf 82' lang='lat' dir='ltr'><strong>meminerat,</strong></span> <span class='ocrx_word' id='word_1_601' title='bbox 1842 5461 1906 5511; x_wconf 88' lang='lat' dir='ltr'><strong>ut</strong></span> 
     </span>
    </p>
   </div>
   <div class='ocr_carea' id='block_1_87' title="bbox 248 5546 1905 5623">
    <p class='ocr_par' dir='ltr' id='par_1_87' title="bbox 248 5546 1905 5623">
     <span class='ocr_line' id='line_1_87' title="bbox 248 5546 1905 5623; baseline -0.001 -20"><span class='ocrx_word' id='word_1_602' title='bbox 248 5546 352 5603; x_wconf 88' lang='lat' dir='ltr'><strong>tali</strong></span> <span class='ocrx_word' id='word_1_603' title='bbox 387 5551 544 5602; x_wconf 89' lang='lat' dir='ltr'><strong>statu</strong></span> <span class='ocrx_word' id='word_1_604' title='bbox 577 5563 707 5605; x_wconf 89' lang='lat' dir='ltr'><strong>esse</strong></span> <span class='ocrx_word' id='word_1_605' title='bbox 745 5566 811 5605; x_wconf 86' lang='lat' dir='ltr'><strong>ac</strong></span> <span class='ocrx_word' id='word_1_606' title='bbox 854 5550 999 5607; x_wconf 90' lang='lat' dir='ltr'><strong>nihil</strong></span> <span class='ocrx_word' id='word_1_607' title='bbox 1039 5567 1168 5607; x_wconf 85' lang='lat' dir='ltr'><strong>esse</strong></span> <span class='ocrx_word' id='word_1_608' title='bbox 1209 5551 1371 5623; x_wconf 88' lang='lat' dir='ltr'><strong>paria</strong></span> <span class='ocrx_word' id='word_1_609' title='bbox 1414 5554 1660 5622; x_wconf 87' lang='lat' dir='ltr'><strong>putaret.</strong></span> <span class='ocrx_word' id='word_1_610' title='bbox 1706 5548 1905 5616; x_wconf 84' lang='lat' dir='ltr'><strong>Itaque</strong></span> 
     </span>
    </p>
   </div>
   <div class='ocr_carea' id='block_1_88' title="bbox 248 5637 1904 5710">
    <p class='ocr_par' dir='ltr' id='par_1_88' title="bbox 248 5637 1904 5710">
     <span class='ocr_line' id='line_1_88' title="bbox 248 5637 1904 5710; baseline -0.003 -16"><span class='ocrx_word' id='word_1_611' title='bbox 248 5653 388 5694; x_wconf 88' lang='lat' dir='ltr'><strong>cum</strong></span> <span class='ocrx_word' id='word_1_612' title='bbox 422 5652 529 5693; x_wconf 88' lang='lat' dir='ltr'><strong>nec</strong></span> <span class='ocrx_word' id='word_1_613' title='bbox 557 5638 921 5708; x_wconf 89' lang='lat' dir='ltr'><strong>probabilem</strong></span> <span class='ocrx_word' id='word_1_614' title='bbox 955 5640 1136 5697; x_wconf 87' lang='lat' dir='ltr'><strong>ullam</strong></span> <span class='ocrx_word' id='word_1_615' title='bbox 1189 5641 1451 5697; x_wconf 88' lang='lat' dir='ltr'><strong>criminis</strong></span> <span class='ocrx_word' id='word_1_616' title='bbox 1500 5637 1904 5710; x_wconf 87' lang='lat' dir='ltr'><strong>depulsionem</strong></span> 
     </span>
    </p>
   </div>
   <div class='ocr_carea' id='block_1_89' title="bbox 249 5725 1907 5801">
    <p class='ocr_par' dir='ltr' id='par_1_89' title="bbox 249 5725 1907 5801">
     <span class='ocr_line' id='line_1_89' title="bbox 249 5725 1907 5801; baseline -0.003 -17"><span class='ocrx_word' id='word_1_617' title='bbox 249 5742 358 5784; x_wconf 88' lang='lat' dir='ltr'><strong>nec</strong></span> <span class='ocrx_word' id='word_1_618' title='bbox 389 5725 546 5782; x_wconf 84' lang='lat' dir='ltr'><strong>viam</strong></span> <span class='ocrx_word' id='word_1_619' title='bbox 592 5733 697 5785; x_wconf 90' lang='lat' dir='ltr'><strong>aut</strong></span> <span class='ocrx_word' id='word_1_620' title='bbox 744 5731 1030 5787; x_wconf 88' lang='lat' dir='ltr'><strong>rationem</strong></span> <span class='ocrx_word' id='word_1_621' title='bbox 1080 5731 1437 5788; x_wconf 75' lang='lat' dir='ltr'><strong>excutiendae</strong></span> <span class='ocrx_word' id='word_1_622' title='bbox 1478 5730 1653 5801; x_wconf 78' lang='lat' dir='ltr'><strong>justas</strong></span> <span class='ocrx_word' id='word_1_623' title='bbox 1704 5743 1907 5798; x_wconf 59' lang='lat' dir='ltr'><strong>poena,</strong></span> 
     </span>
    </p>
   </div>
   <div class='ocr_carea' id='block_1_90' title="bbox 1985 3394 3627 3473">
    <p class='ocr_par' dir='ltr' id='par_1_90' title="bbox 1985 3394 3627 3473">
     <span class='ocr_line' id='line_1_90' title="bbox 1985 3394 3627 3473; baseline 0.005 -25"><span class='ocrx_word' id='word_1_624' title='bbox 1985 3394 2344 3467; x_wconf 88' lang='lat' dir='ltr'><strong>imperaret:</strong></span> <span class='ocrx_word' id='word_1_625' title='bbox 2401 3414 2462 3452; x_wconf 90' lang='lat' dir='ltr'><strong>se</strong></span> <span class='ocrx_word' id='word_1_626' title='bbox 2528 3399 2745 3470; x_wconf 90' lang='lat' dir='ltr'><strong>quippe</strong></span> <span class='ocrx_word' id='word_1_627' title='bbox 2814 3407 3149 3472; x_wconf 88' lang='lat' dir='ltr'><strong>promptum</strong></span> <span class='ocrx_word' id='word_1_628' title='bbox 3221 3406 3487 3473; x_wconf 90' lang='lat' dir='ltr'><strong>paratum</strong></span> <span class='ocrx_word' id='word_1_629' title='bbox 3556 3402 3627 3457; x_wconf 85' lang='lat' dir='ltr'><strong>ad</strong></span> 
     </span>
    </p>
   </div>
   <div class='ocr_carea' id='block_1_91' title="bbox 1986 3485 3629 3563">
    <p class='ocr_par' dir='ltr' id='par_1_91' title="bbox 1986 3485 3629 3563">
     <span class='ocr_line' id='line_1_91' title="bbox 1986 3485 3629 3563; baseline 0.005 -24"><span class='ocrx_word' id='word_1_630' title='bbox 1986 3485 2422 3555; x_wconf 80' lang='lat' dir='ltr'><strong>exsequendum</strong></span> <span class='ocrx_word' id='word_1_631' title='bbox 2456 3489 2848 3560; x_wconf 89' lang='lat' dir='ltr'><strong>quodcunque</strong></span> <span class='ocrx_word' id='word_1_632' title='bbox 2872 3490 3227 3563; x_wconf 69' lang='lat' dir='ltr'><strong>praeciperet.</strong></span> <span class='ocrx_word' id='word_1_633' title='bbox 3262 3491 3379 3547; x_wconf 85' lang='lat' dir='ltr'><strong>Hoc</strong></span> <span class='ocrx_word' id='word_1_634' title='bbox 3410 3496 3629 3547; x_wconf 88' lang='lat' dir='ltr'><strong>restare</strong></span> 
     </span>
    </p>
   </div>
   <div class='ocr_carea' id='block_1_92' title="bbox 1990 3577 3629 3647">
    <p class='ocr_par' dir='ltr' id='par_1_92' title="bbox 1990 3577 3629 3647">
     <span class='ocr_line' id='line_1_92' title="bbox 1990 3577 3629 3647; baseline 0.005 -19"><span class='ocrx_word' id='word_1_635' title='bbox 1990 3589 2207 3629; x_wconf 87' lang='lat' dir='ltr'><strong>unum:</strong></span> <span class='ocrx_word' id='word_1_636' title='bbox 2244 3592 2376 3629; x_wconf 88' lang='lat' dir='ltr'><strong>nam</strong></span> <span class='ocrx_word' id='word_1_637' title='bbox 2411 3577 2564 3647; x_wconf 88' lang='lat' dir='ltr'><strong>quod</strong></span> <span class='ocrx_word' id='word_1_638' title='bbox 2603 3577 2819 3633; x_wconf 89' lang='lat' dir='ltr'><strong>factum</strong></span> <span class='ocrx_word' id='word_1_639' title='bbox 2864 3580 2941 3634; x_wconf 88' lang='lat' dir='ltr'><strong>sit</strong></span> <span class='ocrx_word' id='word_1_640' title='bbox 2981 3579 3258 3635; x_wconf 88' lang='lat' dir='ltr'><strong>infectum</strong></span> <span class='ocrx_word' id='word_1_641' title='bbox 3302 3580 3464 3636; x_wconf 90' lang='lat' dir='ltr'><strong>reddi</strong></span> <span class='ocrx_word' id='word_1_642' title='bbox 3507 3586 3629 3637; x_wconf 83' lang='lat' dir='ltr'><strong>arte</strong></span> 
     </span>
    </p>
   </div>
   <div class='ocr_carea' id='block_1_93' title="bbox 1989 3665 3633 3742">
    <p class='ocr_par' dir='ltr' id='par_1_93' title="bbox 1989 3665 3633 3742">
     <span class='ocr_line' id='line_1_93' title="bbox 1989 3665 3633 3742; baseline 0.005 -25"><span class='ocrx_word' id='word_1_643' title='bbox 1989 3668 2091 3718; x_wconf 92' lang='lat' dir='ltr'><strong>aut</strong></span> <span class='ocrx_word' id='word_1_644' title='bbox 2134 3668 2343 3719; x_wconf 88' lang='lat' dir='ltr'><strong>conatu</strong></span> <span class='ocrx_word' id='word_1_645' title='bbox 2408 3665 2527 3720; x_wconf 92' lang='lat' dir='ltr'><strong>ullo</strong></span> <span class='ocrx_word' id='word_1_646' title='bbox 2575 3682 2687 3721; x_wconf 91' lang='lat' dir='ltr'><strong>non</strong></span> <span class='ocrx_word' id='word_1_647' title='bbox 2738 3684 2928 3738; x_wconf 90' lang='lat' dir='ltr'><strong>posse.</strong></span> <span class='ocrx_word' id='word_1_648' title='bbox 2981 3668 3058 3724; x_wconf 90' lang='lat' dir='ltr'><strong>Ea</strong></span> <span class='ocrx_word' id='word_1_649' title='bbox 3103 3668 3185 3723; x_wconf 91' lang='lat' dir='ltr'><strong>illi</strong></span> <span class='ocrx_word' id='word_1_650' title='bbox 3242 3669 3633 3742; x_wconf 86' lang='lat' dir='ltr'><strong>patriarcham</strong></span> 
     </span>
    </p>
   </div>
   <div class='ocr_carea' id='block_1_94' title="bbox 1990 3753 3636 3832">
    <p class='ocr_par' dir='ltr' id='par_1_94' title="bbox 1990 3753 3636 3832">
     <span class='ocr_line' id='line_1_94' title="bbox 1990 3753 3636 3832; baseline 0.004 -25"><span class='ocrx_word' id='word_1_651' title='bbox 1990 3753 2241 3808; x_wconf 88' lang='lat' dir='ltr'><strong>adeunte</strong></span> <span class='ocrx_word' id='word_1_652' title='bbox 2287 3754 2521 3826; x_wconf 90' lang='lat' dir='ltr'><strong>copiose</strong></span> <span class='ocrx_word' id='word_1_653' title='bbox 2561 3762 2948 3829; x_wconf 89' lang='lat' dir='ltr'><strong>accurateque</strong></span> <span class='ocrx_word' id='word_1_654' title='bbox 2984 3759 3356 3832; x_wconf 85' lang='lat' dir='ltr'><strong>imperatoris</strong></span> <span class='ocrx_word' id='word_1_655' title='bbox 3384 3758 3636 3832; x_wconf 40' lang='lat' dir='ltr'><strong>jnomine</strong></span> 
     </span>
    </p>
   </div>
   <div class='ocr_carea' id='block_1_95' title="bbox 1991 3842 3637 3922">
    <p class='ocr_par' dir='ltr' id='par_1_95' title="bbox 1991 3842 3637 3922">
     <span class='ocr_line' id='line_1_95' title="bbox 1991 3842 3637 3922; baseline 0.005 -25"><span class='ocrx_word' id='word_1_656' title='bbox 1991 3846 2256 3914; x_wconf 89' lang='lat' dir='ltr'><strong>egerunt,</strong></span> <span class='ocrx_word' id='word_1_657' title='bbox 2311 3842 2607 3916; x_wconf 88' lang='lat' dir='ltr'><strong>multaque</strong></span> <span class='ocrx_word' id='word_1_658' title='bbox 2672 3847 3069 3917; x_wconf 82' lang='lat' dir='ltr'><strong>adjunxerunt</strong></span> <span class='ocrx_word' id='word_1_659' title='bbox 3123 3849 3319 3905; x_wconf 87' lang='lat' dir='ltr'><strong>studio</strong></span> <span class='ocrx_word' id='word_1_660' title='bbox 3379 3849 3637 3922; x_wconf 88' lang='lat' dir='ltr'><strong>proprio,</strong></span> 
     </span>
    </p>
   </div>
   <div class='ocr_carea' id='block_1_96' title="bbox 1993 3938 3641 4011">
    <p class='ocr_par' dir='ltr' id='par_1_96' title="bbox 1993 3938 3641 4011">
     <span class='ocr_line' id='line_1_96' title="bbox 1993 3938 3641 4011; baseline 0.004 -24"><span class='ocrx_word' id='word_1_661' title='bbox 1993 3948 2348 4005; x_wconf 87' lang='lat' dir='ltr'><strong>magnopere</strong></span> <span class='ocrx_word' id='word_1_662' title='bbox 2398 3938 2738 4006; x_wconf 87' lang='lat' dir='ltr'><strong>satagentes</strong></span> <span class='ocrx_word' id='word_1_663' title='bbox 2787 3939 3192 4006; x_wconf 84' lang='lat' dir='ltr'><strong>persuadendo</strong></span> <span class='ocrx_word' id='word_1_664' title='bbox 3239 3955 3305 3995; x_wconf 86' lang='lat' dir='ltr'><strong>ac</strong></span> <span class='ocrx_word' id='word_1_665' title='bbox 3354 3938 3641 4011; x_wconf 82' lang='lat' dir='ltr'><strong>placando</strong></span> 
     </span>
    </p>
   </div>
   <div class='ocr_carea' id='block_1_97' title="bbox 1995 4022 3645 4099">
    <p class='ocr_par' dir='ltr' id='par_1_97' title="bbox 1995 4022 3645 4099">
     <span class='ocr_line' id='line_1_97' title="bbox 1995 4022 3645 4099; baseline 0.004 -22"><span class='ocrx_word' id='word_1_666' title='bbox 1995 4022 2327 4093; x_wconf 87' lang='lat' dir='ltr'><strong>patriarcha</strong></span> <span class='ocrx_word' id='word_1_667' title='bbox 2379 4023 2715 4095; x_wconf 88' lang='lat' dir='ltr'><strong>imperatori</strong></span> <span class='ocrx_word' id='word_1_668' title='bbox 2774 4025 3115 4097; x_wconf 75' lang='lat' dir='ltr'><strong>gratiﬁcari.</strong></span> <span class='ocrx_word' id='word_1_669' title='bbox 3178 4032 3249 4082; x_wconf 82' lang='lat' dir='ltr'><strong>At</strong></span> <span class='ocrx_word' id='word_1_670' title='bbox 3306 4027 3645 4099; x_wconf 88' lang='lat' dir='ltr'><strong>patriarcha</strong></span> 
     </span>
    </p>
   </div>
   <div class='ocr_carea' id='block_1_98' title="bbox 1994 4110 3644 4189">
    <p class='ocr_par' dir='ltr' id='par_1_98' title="bbox 1994 4110 3644 4189">
     <span class='ocr_line' id='line_1_98' title="bbox 1994 4110 3644 4189; baseline 0.003 -24"><span class='ocrx_word' id='word_1_671' title='bbox 1994 4110 2135 4166; x_wconf 88' lang='lat' dir='ltr'><strong>talia</strong></span> <span class='ocrx_word' id='word_1_672' title='bbox 2168 4116 2470 4182; x_wconf 90' lang='lat' dir='ltr'><strong>precantes</strong></span> <span class='ocrx_word' id='word_1_673' title='bbox 2500 4112 2735 4184; x_wconf 88' lang='lat' dir='ltr'><strong>repulit,</strong></span> <span class='ocrx_word' id='word_1_674' title='bbox 2768 4120 2825 4170; x_wconf 90' lang='lat' dir='ltr'><strong>et</strong></span> <span class='ocrx_word' id='word_1_675' title='bbox 2858 4132 2928 4171; x_wconf 91' lang='lat' dir='ltr'><strong>ne</strong></span> <span class='ocrx_word' id='word_1_676' title='bbox 2959 4116 3160 4172; x_wconf 89' lang='lat' dir='ltr'><strong>audire</strong></span> <span class='ocrx_word' id='word_1_677' title='bbox 3191 4116 3428 4189; x_wconf 89' lang='lat' dir='ltr'><strong>quidem</strong></span> <span class='ocrx_word' id='word_1_678' title='bbox 3461 4117 3644 4171; x_wconf 86' lang='lat' dir='ltr'><strong>susti-</strong></span> 
     </span>
    </p>
   </div>
   <div class='ocr_carea' id='block_1_99' title="bbox 1999 4199 3645 4275">
    <p class='ocr_par' dir='ltr' id='par_1_99' title="bbox 1999 4199 3645 4275">
     <span class='ocr_line' id='line_1_99' title="bbox 1999 4199 3645 4275; baseline 0.003 -21"><span class='ocrx_word' id='word_1_679' title='bbox 1999 4204 2145 4255; x_wconf 85' lang='lat' dir='ltr'><strong>nens</strong></span> <span class='ocrx_word' id='word_1_680' title='bbox 2177 4199 2510 4257; x_wconf 90' lang='lat' dir='ltr'><strong>columbam</strong></span> <span class='ocrx_word' id='word_1_681' title='bbox 2544 4203 2697 4259; x_wconf 90' lang='grc'><strong>212</strong></span> <span class='ocrx_word' id='word_1_682' title='bbox 2732 4203 2875 4258; x_wconf 82' lang='lat' dir='ltr'><strong>dixit</strong></span> <span class='ocrx_word' id='word_1_683' title='bbox 2905 4220 2966 4259; x_wconf 91' lang='lat' dir='ltr'><strong>se</strong></span> <span class='ocrx_word' id='word_1_684' title='bbox 2998 4205 3053 4259; x_wconf 89' lang='lat' dir='ltr'><strong>in</strong></span> <span class='ocrx_word' id='word_1_685' title='bbox 3079 4204 3274 4260; x_wconf 89' lang='lat' dir='ltr'><strong>sinum</strong></span> <span class='ocrx_word' id='word_1_686' title='bbox 3310 4204 3645 4275; x_wconf 88' lang='lat' dir='ltr'><strong>admisisse,</strong></span> 
     </span>
    </p>
   </div>
   <div class='ocr_carea' id='block_1_100' title="bbox 2000 4288 3648 4366">
    <p class='ocr_par' dir='ltr' id='par_1_100' title="bbox 2000 4288 3648 4366">
     <span class='ocr_line' id='line_1_100' title="bbox 2000 4288 3648 4366; baseline 0.003 -22"><span class='ocrx_word' id='word_1_687' title='bbox 2000 4288 2159 4345; x_wconf 88' lang='lat' dir='ltr'><strong>illam</strong></span> <span class='ocrx_word' id='word_1_688' title='bbox 2194 4294 2388 4345; x_wconf 87' lang='lat' dir='ltr'><strong>autem</strong></span> <span class='ocrx_word' id='word_1_689' title='bbox 2431 4290 2511 4347; x_wconf 88' lang='lat' dir='ltr'><strong>ibi</strong></span> <span class='ocrx_word' id='word_1_690' title='bbox 2561 4296 2847 4349; x_wconf 88' lang='lat' dir='ltr'><strong>mutatam</strong></span> <span class='ocrx_word' id='word_1_691' title='bbox 2893 4294 2950 4348; x_wconf 92' lang='lat' dir='ltr'><strong>in</strong></span> <span class='ocrx_word' id='word_1_692' title='bbox 2998 4298 3331 4366; x_wconf 88' lang='lat' dir='ltr'><strong>serpentem</strong></span> <span class='ocrx_word' id='word_1_693' title='bbox 3382 4309 3648 4349; x_wconf 88' lang='lat' dir='ltr'><strong>morsum</strong></span> 
     </span>
    </p>
   </div>
   <div class='ocr_carea' id='block_1_101' title="bbox 1999 4376 3648 4454">
    <p class='ocr_par' dir='ltr' id='par_1_101' title="bbox 1999 4376 3648 4454">
     <span class='ocr_line' id='line_1_101' title="bbox 1999 4376 3648 4454; baseline 0.002 -21"><span class='ocrx_word' id='word_1_694' title='bbox 1999 4378 2106 4433; x_wconf 86' lang='lat' dir='ltr'><strong>sibi</strong></span> <span class='ocrx_word' id='word_1_695' title='bbox 2130 4376 2361 4434; x_wconf 86' lang='lat' dir='ltr'><strong>letalem</strong></span> <span class='ocrx_word' id='word_1_696' title='bbox 2393 4378 2674 4451; x_wconf 84' lang='lat' dir='ltr'><strong>inﬁxisse,</strong></span> <span class='ocrx_word' id='word_1_697' title='bbox 2701 4397 2883 4437; x_wconf 91' lang='lat' dir='ltr'><strong>unum</strong></span> <span class='ocrx_word' id='word_1_698' title='bbox 2909 4382 3300 4454; x_wconf 89' lang='lat' dir='ltr'><strong>eumdemque</strong></span> <span class='ocrx_word' id='word_1_699' title='bbox 3324 4381 3648 4447; x_wconf 90' lang='lat' dir='ltr'><strong>hominem,</strong></span> 
     </span>
    </p>
   </div>
   <div class='ocr_carea' id='block_1_102' title="bbox 2000 4466 3653 4539">
    <p class='ocr_par' dir='ltr' id='par_1_102' title="bbox 2000 4466 3653 4539">
     <span class='ocr_line' id='line_1_102' title="bbox 2000 4466 3653 4539; baseline 0.002 -18"><span class='ocrx_word' id='word_1_700' title='bbox 2000 4466 2267 4522; x_wconf 89' lang='lat' dir='ltr'><strong>videlicet</strong></span> <span class='ocrx_word' id='word_1_701' title='bbox 2288 4468 2719 4539; x_wconf 83' lang='lat' dir='ltr'><strong>imperatorem,</strong></span> <span class='ocrx_word' id='word_1_702' title='bbox 2738 4471 2967 4527; x_wconf 91' lang='lat' dir='ltr'><strong>duabus</strong></span> <span class='ocrx_word' id='word_1_703' title='bbox 2993 4471 3118 4527; x_wconf 84' lang='lat' dir='ltr'><strong>istis</strong></span> <span class='ocrx_word' id='word_1_704' title='bbox 3144 4472 3395 4527; x_wconf 83' lang='lat' dir='ltr'><strong>maxime</strong></span> <span class='ocrx_word' id='word_1_705' title='bbox 3420 4474 3653 4527; x_wconf 88' lang='lat' dir='ltr'><strong>contra-</strong></span> 
     </span>
    </p>
   </div>
   <div class='ocr_carea' id='block_1_103' title="bbox 2002 4557 3654 4633">
    <p class='ocr_par' dir='ltr' id='par_1_103' title="bbox 2002 4557 3654 4633">
     <span class='ocr_line' id='line_1_103' title="bbox 2002 4557 3654 4633; baseline 0.003 -23"><span class='ocrx_word' id='word_1_706' title='bbox 2002 4557 2220 4611; x_wconf 89' lang='lat' dir='ltr'><strong>riarum</strong></span> <span class='ocrx_word' id='word_1_707' title='bbox 2242 4557 2630 4612; x_wconf 88' lang='lat' dir='ltr'><strong>animantium</strong></span> <span class='ocrx_word' id='word_1_708' title='bbox 2656 4559 2974 4630; x_wconf 87' lang='lat' dir='ltr'><strong>designans</strong></span> <span class='ocrx_word' id='word_1_709' title='bbox 2988 4559 3368 4633; x_wconf 88' lang='lat' dir='ltr'><strong>symbolis,ad</strong></span> <span class='ocrx_word' id='word_1_710' title='bbox 3390 4560 3654 4615; x_wconf 89' lang='lat' dir='ltr'><strong>indican-</strong></span> 
     </span>
    </p>
   </div>
   <div class='ocr_carea' id='block_1_104' title="bbox 1928 4647 3656 4757">
    <p class='ocr_par' dir='ltr' id='par_1_104' title="bbox 1928 4647 3656 4757">
     <span class='ocr_line' id='line_1_104' title="bbox 1928 4647 3656 4757; baseline 0 -56"><span class='ocrx_word' id='word_1_711' title='bbox 1928 4688 1977 4757; x_wconf 67' lang='grc' dir='ltr'><strong><em>Β</em></strong></span> <span class='ocrx_word' id='word_1_712' title='bbox 2008 4648 2149 4701; x_wconf 92' lang='lat' dir='ltr'><strong>dum</strong></span> <span class='ocrx_word' id='word_1_713' title='bbox 2193 4662 2305 4701; x_wconf 92' lang='lat' dir='ltr'><strong>non</strong></span> <span class='ocrx_word' id='word_1_714' title='bbox 2338 4650 2557 4702; x_wconf 67' lang='lat' dir='ltr'><strong>naturae</strong></span> <span class='ocrx_word' id='word_1_715' title='bbox 2602 4647 2661 4702; x_wconf 92' lang='lat' dir='ltr'><strong>in</strong></span> <span class='ocrx_word' id='word_1_716' title='bbox 2694 4647 2815 4713; x_wconf 88' lang='lat' dir='ltr'><strong>illo,</strong></span> <span class='ocrx_word' id='word_1_717' title='bbox 2849 4650 2948 4703; x_wconf 90' lang='lat' dir='ltr'><strong>sed</strong></span> <span class='ocrx_word' id='word_1_718' title='bbox 2993 4665 3225 4704; x_wconf 91' lang='lat' dir='ltr'><strong>morum</strong></span> <span class='ocrx_word' id='word_1_719' title='bbox 3271 4649 3656 4703; x_wconf 88' lang='lat' dir='ltr'><strong>mutationem</strong></span> 
     </span>
     <span class='ocr_line' id='line_1_105' title="bbox 2013 4735 3653 4757; baseline 0 0"><span class='ocrx_word' id='word_1_720' title='bbox 2013 4738 2218 4757; x_wconf 60' lang='lat' dir='ltr'><strong>l&#39;--1__..</strong></span> <span class='ocrx_word' id='word_1_721' title='bbox 2280 4735 2411 4757; x_wconf 72' lang='grc' dir='ltr'><strong>Π--ι</strong></span> <span class='ocrx_word' id='word_1_722' title='bbox 2445 4735 2563 4757; x_wconf 55' lang='lat' dir='ltr'><strong>LM-</strong></span> <span class='ocrx_word' id='word_1_723' title='bbox 2603 4741 2651 4757; x_wconf 77' lang='grc' dir='ltr'><strong>,ι</strong></span> <span class='ocrx_word' id='word_1_724' title='bbox 2687 4736 2789 4757; x_wconf 74' lang='lat' dir='ltr'><strong>_I!_</strong></span> <span class='ocrx_word' id='word_1_725' title='bbox 2839 4737 2888 4757; x_wconf 69' lang='grc' dir='ltr'><strong>Ξ--</strong></span> <span class='ocrx_word' id='word_1_726' title='bbox 2936 4754 3050 4757; x_wconf 45' lang='lat' dir='ltr'><strong>A__-</strong></span> <span class='ocrx_word' id='word_1_727' title='bbox 3094 4737 3431 4757; x_wconf 29' lang='lat' dir='ltr'><strong>_-A_1A,,A!_;_</strong></span> <span class='ocrx_word' id='word_1_728' title='bbox 3476 4738 3653 4757; x_wconf 45' lang='grc' dir='ltr'><strong>,4-η1ι-</strong></span> 
     </span>
    </p>
   </div>
   <div class='ocr_carea' id='block_1_105' title="bbox 2013 4735 3663 4793">
    <p class='ocr_par' dir='ltr' id='par_1_105' title="bbox 2013 4735 3663 4793">
     <span class='ocr_line' id='line_1_106' title="bbox 2013 4735 3663 4793; baseline 0 -2"><span class='ocrx_word' id='word_1_729' title='bbox 2013 4738 2246 4791; x_wconf 88' lang='lat' dir='ltr'><strong>factam.</strong></span> <span class='ocrx_word' id='word_1_730' title='bbox 2280 4735 2416 4791; x_wconf 90' lang='lat' dir='ltr'><strong>Post</strong></span> <span class='ocrx_word' id='word_1_731' title='bbox 2445 4735 2566 4791; x_wconf 72' lang='lat' dir='ltr'><strong>haec</strong></span> <span class='ocrx_word' id='word_1_732' title='bbox 2596 4741 2655 4791; x_wconf 90' lang='lat' dir='ltr'><strong>et</strong></span> <span class='ocrx_word' id='word_1_733' title='bbox 2684 4736 2799 4792; x_wconf 90' lang='lat' dir='ltr'><strong>alia</strong></span> <span class='ocrx_word' id='word_1_734' title='bbox 2839 4737 2898 4792; x_wconf 91' lang='lat' dir='ltr'><strong>in</strong></span> <span class='ocrx_word' id='word_1_735' title='bbox 2930 4754 3058 4793; x_wconf 90' lang='lat' dir='ltr'><strong>eam</strong></span> <span class='ocrx_word' id='word_1_736' title='bbox 3088 4737 3440 4793; x_wconf 88' lang='lat' dir='ltr'><strong>sententiam</strong></span> <span class='ocrx_word' id='word_1_737' title='bbox 3475 4738 3663 4792; x_wconf 89' lang='lat' dir='ltr'><strong>multa</strong></span> 
     </span>
    </p>
   </div>
   <div class='ocr_carea' id='block_1_106' title="bbox 2013 4826 3665 4900">
    <p class='ocr_par' dir='ltr' id='par_1_106' title="bbox 2013 4826 3665 4900">
     <span class='ocr_line' id='line_1_107' title="bbox 2013 4826 3665 4900; baseline 0.001 -19"><span class='ocrx_word' id='word_1_738' title='bbox 2013 4826 2234 4894; x_wconf 91' lang='lat' dir='ltr'><strong>intulit,</strong></span> <span class='ocrx_word' id='word_1_739' title='bbox 2267 4842 2332 4882; x_wconf 92' lang='lat' dir='ltr'><strong>eo</strong></span> <span class='ocrx_word' id='word_1_740' title='bbox 2362 4826 2529 4881; x_wconf 87' lang='lat' dir='ltr'><strong>vultu</strong></span> <span class='ocrx_word' id='word_1_741' title='bbox 2580 4844 2644 4882; x_wconf 91' lang='lat' dir='ltr'><strong>ac</strong></span> <span class='ocrx_word' id='word_1_742' title='bbox 2692 4827 2902 4899; x_wconf 88' lang='lat' dir='ltr'><strong>spiritu</strong></span> <span class='ocrx_word' id='word_1_743' title='bbox 2954 4829 3056 4900; x_wconf 90' lang='lat' dir='ltr'><strong>qui</strong></span> <span class='ocrx_word' id='word_1_744' title='bbox 3105 4828 3250 4885; x_wconf 83' lang='lat' dir='ltr'><strong>satis</strong></span> <span class='ocrx_word' id='word_1_745' title='bbox 3298 4828 3665 4884; x_wconf 88' lang='lat' dir='ltr'><strong>declararent</strong></span> 
     </span>
    </p>
   </div>
   <div class='ocr_carea' id='block_1_107' title="bbox 2013 4917 3663 4990">
    <p class='ocr_par' dir='ltr' id='par_1_107' title="bbox 2013 4917 3663 4990">
     <span class='ocr_line' id='line_1_108' title="bbox 2013 4917 3663 4990; baseline 0.002 -19"><span class='ocrx_word' id='word_1_746' title='bbox 2013 4933 2315 4987; x_wconf 89' lang='lat' dir='ltr'><strong>nunquam</strong></span> <span class='ocrx_word' id='word_1_747' title='bbox 2357 4917 2571 4988; x_wconf 81' lang='lat' dir='ltr'><strong>ipsum,</strong></span> <span class='ocrx_word' id='word_1_748' title='bbox 2606 4919 2893 4990; x_wconf 89' lang='lat' dir='ltr'><strong>quidquid</strong></span> <span class='ocrx_word' id='word_1_749' title='bbox 2936 4919 3121 4988; x_wconf 85' lang='lat' dir='ltr'><strong>fieret,</strong></span> <span class='ocrx_word' id='word_1_750' title='bbox 3152 4919 3553 4974; x_wconf 88' lang='lat' dir='ltr'><strong>inducendum</strong></span> <span class='ocrx_word' id='word_1_751' title='bbox 3591 4920 3663 4974; x_wconf 91' lang='lat' dir='ltr'><strong>ad</strong></span> 
     </span>
    </p>
   </div>
   <div class='ocr_carea' id='block_1_108' title="bbox 2012 5006 3665 5081">
    <p class='ocr_par' dir='ltr' id='par_1_108' title="bbox 2012 5006 3665 5081">
     <span class='ocr_line' id='line_1_109' title="bbox 2012 5006 3665 5081; baseline 0.002 -20"><span class='ocrx_word' id='word_1_752' title='bbox 2012 5006 2638 5062; x_wconf 87' lang='lat' dir='ltr'><strong>excommunicationis</strong></span> <span class='ocrx_word' id='word_1_753' title='bbox 2660 5007 3090 5063; x_wconf 88' lang='lat' dir='ltr'><strong>absolutionem</strong></span> <span class='ocrx_word' id='word_1_754' title='bbox 3124 5008 3569 5081; x_wconf 88' lang='lat' dir='ltr'><strong>indulgendam,</strong></span> <span class='ocrx_word' id='word_1_755' title='bbox 3592 5025 3665 5065; x_wconf 91' lang='lat' dir='ltr'><strong>ne</strong></span> 
     </span>
    </p>
   </div>
   <div class='ocr_carea' id='block_1_109' title="bbox 2012 5095 3685 5171">
    <p class='ocr_par' dir='ltr' id='par_1_109' title="bbox 2012 5095 3685 5171">
     <span class='ocr_line' id='line_1_110' title="bbox 2012 5095 3685 5171; baseline 0.002 -20"><span class='ocrx_word' id='word_1_756' title='bbox 2012 5096 2060 5151; x_wconf 87' lang='lat' dir='ltr'><strong>si</strong></span> <span class='ocrx_word' id='word_1_757' title='bbox 2088 5095 2326 5167; x_wconf 81' lang='lat' dir='ltr'><strong>quidem</strong></span> <span class='ocrx_word' id='word_1_758' title='bbox 2378 5095 2533 5151; x_wconf 86' lang='lat' dir='ltr'><strong>mala</strong></span> <span class='ocrx_word' id='word_1_759' title='bbox 2575 5097 2887 5167; x_wconf 87' lang='lat' dir='ltr'><strong>quantavis</strong></span> <span class='ocrx_word' id='word_1_760' title='bbox 2929 5097 3247 5169; x_wconf 88' lang='lat' dir='ltr'><strong>imperator</strong></span> <span class='ocrx_word' id='word_1_761' title='bbox 3296 5103 3685 5171; x_wconf 86' lang='lat' dir='ltr'><strong>mortemque</strong></span> 
     </span>
    </p>
   </div>
   <div class='ocr_carea' id='block_1_110' title="bbox 2010 5184 3665 5260">
    <p class='ocr_par' dir='ltr' id='par_1_110' title="bbox 2010 5184 3665 5260">
     <span class='ocr_line' id='line_1_111' title="bbox 2010 5184 3665 5260; baseline 0.002 -20"><span class='ocrx_word' id='word_1_762' title='bbox 2010 5186 2200 5255; x_wconf 91' lang='lat' dir='ltr'><strong>ipsam</strong></span> <span class='ocrx_word' id='word_1_763' title='bbox 2227 5184 2761 5251; x_wconf 86' lang='lat' dir='ltr'><strong>minaretur.0uare</strong></span> <span class='ocrx_word' id='word_1_764' title='bbox 2781 5188 3183 5260; x_wconf 88' lang='lat' dir='ltr'><strong>deprecatores</strong></span> <span class='ocrx_word' id='word_1_765' title='bbox 3199 5188 3392 5244; x_wconf 78' lang='lat' dir='ltr'><strong>mmsti</strong></span> <span class='ocrx_word' id='word_1_766' title='bbox 3408 5188 3665 5260; x_wconf 87' lang='lat' dir='ltr'><strong>repulsa,</strong></span> 
     </span>
    </p>
   </div>
   <div class='ocr_carea' id='block_1_111' title="bbox 2013 5273 3667 5350">
    <p class='ocr_par' dir='ltr' id='par_1_111' title="bbox 2013 5273 3667 5350">
     <span class='ocr_line' id='line_1_112' title="bbox 2013 5273 3667 5350; baseline 0.002 -22"><span class='ocrx_word' id='word_1_767' title='bbox 2013 5290 2144 5346; x_wconf 60' lang='lat' dir='ltr'><strong>quas</strong></span> <span class='ocrx_word' id='word_1_768' title='bbox 2169 5274 2475 5329; x_wconf 86' lang='lat' dir='ltr'><strong>audierant</strong></span> <span class='ocrx_word' id='word_1_769' title='bbox 2514 5273 2853 5346; x_wconf 83' lang='lat' dir='ltr'><strong>imperatori</strong></span> <span class='ocrx_word' id='word_1_770' title='bbox 2888 5277 3231 5344; x_wconf 88' lang='lat' dir='ltr'><strong>referentes,</strong></span> <span class='ocrx_word' id='word_1_771' title='bbox 3265 5277 3326 5333; x_wconf 91' lang='lat' dir='ltr'><strong>in</strong></span> <span class='ocrx_word' id='word_1_772' title='bbox 3358 5279 3667 5350; x_wconf 83' lang='lat' dir='ltr'><strong>angustias</strong></span> 
     </span>
    </p>
   </div>
   <div class='ocr_carea' id='block_1_112' title="bbox 2014 5365 3667 5438">
    <p class='ocr_par' dir='ltr' id='par_1_112' title="bbox 2014 5365 3667 5438">
     <span class='ocr_line' id='line_1_113' title="bbox 2014 5365 3667 5438; baseline 0.002 -18"><span class='ocrx_word' id='word_1_773' title='bbox 2014 5380 2147 5420; x_wconf 86' lang='lat' dir='ltr'><strong>eum</strong></span> <span class='ocrx_word' id='word_1_774' title='bbox 2172 5368 2467 5437; x_wconf 63' lang='lat' dir='ltr'><strong>aestusque</strong></span> <span class='ocrx_word' id='word_1_775' title='bbox 2489 5365 2660 5422; x_wconf 90' lang='lat' dir='ltr'><strong>multo</strong></span> <span class='ocrx_word' id='word_1_776' title='bbox 2680 5367 2931 5436; x_wconf 87' lang='lat' dir='ltr'><strong>majores</strong></span> <span class='ocrx_word' id='word_1_777' title='bbox 2949 5368 3453 5438; x_wconf 84' lang='lat' dir='ltr'><strong>conjecerunt.llle</strong></span> <span class='ocrx_word' id='word_1_778' title='bbox 3470 5373 3667 5424; x_wconf 88' lang='lat' dir='ltr'><strong>autem</strong></span> 
     </span>
    </p>
   </div>
   <div class='ocr_carea' id='block_1_113' title="bbox 2020 5456 3670 5533">
    <p class='ocr_par' dir='ltr' id='par_1_113' title="bbox 2020 5456 3670 5533">
     <span class='ocr_line' id='line_1_114' title="bbox 2020 5456 3670 5533; baseline 0.003 -22"><span class='ocrx_word' id='word_1_779' title='bbox 2020 5473 2243 5513; x_wconf 89' lang='lat' dir='ltr'><strong>memor</strong></span> <span class='ocrx_word' id='word_1_780' title='bbox 2272 5456 2530 5527; x_wconf 77' lang='lat' dir='ltr'><strong>vulgaris</strong></span> <span class='ocrx_word' id='word_1_781' title='bbox 2561 5458 2697 5513; x_wconf 87' lang='lat' dir='ltr'><strong>dicti</strong></span> <span class='ocrx_word' id='word_1_782' title='bbox 2739 5476 2854 5531; x_wconf 88' lang='lat' dir='ltr'><strong>quo</strong></span> <span class='ocrx_word' id='word_1_783' title='bbox 2900 5460 3305 5533; x_wconf 85' lang='lat' dir='ltr'><strong>significantur</strong></span> <span class='ocrx_word' id='word_1_784' title='bbox 3332 5461 3445 5516; x_wconf 90' lang='lat' dir='ltr'><strong>vim</strong></span> <span class='ocrx_word' id='word_1_785' title='bbox 3476 5462 3670 5516; x_wconf 88' lang='lat' dir='ltr'><strong>inesse</strong></span> 
     </span>
    </p>
   </div>
   <div class='ocr_carea' id='block_1_114' title="bbox 2020 5547 3668 5619">
    <p class='ocr_par' dir='ltr' id='par_1_114' title="bbox 2020 5547 3668 5619">
     <span class='ocr_line' id='line_1_115' title="bbox 2020 5547 3668 5619; baseline 0.004 -19"><span class='ocrx_word' id='word_1_786' title='bbox 2020 5547 2370 5619; x_wconf 63' lang='lat' dir='ltr'><strong>praecipuam</strong></span> <span class='ocrx_word' id='word_1_787' title='bbox 2404 5548 2671 5618; x_wconf 74' lang='lat' dir='ltr'><strong>praasenti</strong></span> <span class='ocrx_word' id='word_1_788' title='bbox 2700 5550 2893 5605; x_wconf 86' lang='lat' dir='ltr'><strong>lacieri</strong></span> <span class='ocrx_word' id='word_1_789' title='bbox 2922 5566 3117 5605; x_wconf 86' lang='lat' dir='ltr'><strong>coram</strong></span> <span class='ocrx_word' id='word_1_790' title='bbox 3146 5551 3379 5607; x_wconf 79' lang='lat' dir='ltr'><strong>atlantis</strong></span> <span class='ocrx_word' id='word_1_791' title='bbox 3410 5551 3668 5607; x_wconf 80' lang='lat' dir='ltr'><strong>medenti</strong></span> 
     </span>
    </p>
   </div>
   <div class='ocr_carea' id='block_1_115' title="bbox 2017 5638 3669 5713">
    <p class='ocr_par' dir='ltr' id='par_1_115' title="bbox 2017 5638 3669 5713">
     <span class='ocr_line' id='line_1_116' title="bbox 2017 5638 3669 5713; baseline 0.004 -21"><span class='ocrx_word' id='word_1_792' title='bbox 2017 5638 2441 5692; x_wconf 78' lang='lat' dir='ltr'><strong>offensionibus</strong></span> <span class='ocrx_word' id='word_1_793' title='bbox 2461 5642 2516 5692; x_wconf 90' lang='lat' dir='ltr'><strong>et</strong></span> <span class='ocrx_word' id='word_1_794' title='bbox 2546 5641 2738 5707; x_wconf 75' lang='lat' dir='ltr'><strong>gratia:</strong></span> <span class='ocrx_word' id='word_1_795' title='bbox 2763 5640 3124 5695; x_wconf 67' lang='lat' dir='ltr'><strong>demerendre</strong></span> <span class='ocrx_word' id='word_1_796' title='bbox 3154 5641 3235 5713; x_wconf 89' lang='lat' dir='ltr'><strong>(id</strong></span> <span class='ocrx_word' id='word_1_797' title='bbox 3263 5642 3418 5697; x_wconf 90' lang='lat' dir='ltr'><strong>enim</strong></span> <span class='ocrx_word' id='word_1_798' title='bbox 3440 5642 3669 5697; x_wconf 83' lang='lat' dir='ltr'><strong>indica-</strong></span> 
     </span>
    </p>
   </div>
   <div class='ocr_carea' id='block_1_116' title="bbox 2018 5728 3668 5803">
    <p class='ocr_par' dir='ltr' id='par_1_116' title="bbox 2018 5728 3668 5803">
     <span class='ocr_line' id='line_1_117' title="bbox 2018 5728 3668 5803; baseline 0.004 -21"><span class='ocrx_word' id='word_1_799' title='bbox 2018 5733 2142 5783; x_wconf 88' lang='lat' dir='ltr'><strong>tum</strong></span> <span class='ocrx_word' id='word_1_800' title='bbox 2190 5728 2454 5784; x_wconf 76' lang='lat' dir='ltr'><strong>fabulosa</strong></span> <span class='ocrx_word' id='word_1_801' title='bbox 2504 5732 2795 5802; x_wconf 89' lang='lat' dir='ltr'><strong>Gorgone,</strong></span> <span class='ocrx_word' id='word_1_802' title='bbox 2840 5732 2957 5787; x_wconf 86' lang='lat' dir='ltr'><strong>oris</strong></span> <span class='ocrx_word' id='word_1_803' title='bbox 3020 5731 3249 5803; x_wconf 77' lang='lat' dir='ltr'><strong>objecta</strong></span> <span class='ocrx_word' id='word_1_804' title='bbox 3312 5733 3668 5789; x_wconf 67' lang='lat' dir='ltr'><strong>immutante</strong></span> 
     </span>
    </p>
   </div>
  </div>
