4246 6446
575 451 683 504 655

577 572 730 628 λύσιν
773 571 1288 648 ἐξομολογούμενος
1341 573 1604 644 ἐκζητεῖν,
1637 578 1699 648 [Ρ
1734 576 1878 646 142]
1936 571 2225 648 Ἐφίστατο

571 661 746 716 τοίνυν
806 660 1101 731 πολλάκις,
1157 661 1246 716 καὶ
1306 661 1333 715 6
1396 663 1492 735 μὲν
1560 664 1736 733 ἐζήτει
1791 663 1889 730 τὴν
1945 657 2226 735 Θεραπείαν

570 754 667 804 τοῦ
696 749 1031 822 τραύματος,
1061 751 1088 804 6
1118 752 1178 824 γὲ
1205 750 1272 804 τά
1298 758 1396 820 τῆς
1431 751 1715 826 Θεραπείας
1756 751 2008 824 πράττειν
2057 768 2238 822 προσο.

571 839 794 907 ἐταττε,
854 836 1000 905 πλήν
1062 837 1162 892 ούλ
1224 837 1311 892 ἐπὶ
1371 839 1582 913 ῥητοῖς,
1635 836 1762 892 ἀλλ’
1814 836 2081 912 ἀορίστως
2135 835 2225 889 καὶ

568 927 815 1004 ἀφανῶς.
877 928 975 981 Καὶ
1035 928 1062 981 6
1115 927 1209 999 μὶν
1282 926 1465 1002 ῥητῶς
1533 926 1713 997 ἐζήτει
1773 929 1958 1000 μαθεῖν
2017 925 2101 979 ἐπὶ
2160 925 2223 978 τὸ

565 1023 743 1071 ποιεῖν
777 1028 1077 1089 προθυμως
1109 1017 1138 1070 6'
1167 1037 1219 1070 τι
1251 1019 1338 1070 καὶ
1389 1015 1565 1091 λέγοι,
1603 1018 1631 1070 6
1664 1015 1721 1070 δὲ
1751 1016 1840 1070 καὶ
1873 1014 2038 1070 πάλιν
2068 1016 2223 1089 ἀορι-

565 1105 790 1159 σταίνων
817 1099 990 1180 ἔλεγε,
1027 1130 1053 1156 ‹‹
1089 1104 1242 1161 ΙΙοίει
1272 1107 1372 1174 τήν
1422 1105 1737 1177 θεραπείαν,
1769 1105 1858 1159 καὶ
1909 1101 2156 1176 δέξομαι.
2188 1125 2216 1156 ι

561 1195 649 1255 Ὠς
684 1191 739 1247 δὲ
784 1191 1057 1254 πολλάκις
1115 1192 1323 1254 ἐκεῖνος
1382 1193 1477 1266 μὲν
1536 1192 1717 1264 ἐζήτει
1772 1192 1839 1246 τὰ
1904 1191 2219 1269 φάρμακαὸ

561 1279 618 1336 δέ
650 1280 712 1335 ού
744 1286 989 1357 φανερῶς
1039 1277 1246 1356 ἔλεγεν,
1296 1282 1466 1336 εἰπεῖν
1517 1283 1607 1337 τὸν
1643 1280 1890 1356 βασιλὲα,
1924 1305 1951 1332 ‹‹
1986 1282 2089 1336 Καὶ
2133 1301 2217 1341 τις

559 1368 702 1425 οἶδεν
742 1368 792 1424 εἷ’
838 1371 927 1424 καὶ
987 1367 1164 1424 πλείω
1221 1375 1485 1425 ποιοῦντα
1542 1370 1603 1425 ού
1661 1371 1948 1445 προσθήσῃ
2002 1373 2100 1423 τοῦ
2133 1367 2216 1422 δέ-

554 1461 740 1532 ξασθαι
771 1480 785 1529 ;
822 1480 846 1511 ι
876 1458 967 1514 καὶ
993 1460 1085 1514 τὸν
1118 1459 1508 1534 ἀποκρίνασθαι
1535 1459 1609 1521 ὡς
1657 1457 1914 1533 μεγάλων
1961 1459 2216 1532 ἁμαρτη-

557 1539 742 1621 μάτων
779 1547 1028 1623 μεγάλην
1068 1549 1199 1603 εἶναι
1259 1546 1342 1603 δεῖ
1395 1549 1487 1603 καὶ
1537 1549 1638 1616 τήν
1695 1546 2003 1603 ἀντίποινον
2056 1547 2212 1620 Θερα-

549 1637 726 1695 πείαν.
763 1637 860 1694 Καὶ
888 1637 982 1692 τὸν
1037 1636 1265 1712 βασιλέα
1303 1637 1442 1712 πρὸς
1489 1637 1552 1692 τὸ
1601 1637 1890 1711 βαθύτερον
1946 1637 2211 1709 βάψαντα,

548 1751 577 1779 ‹‹
608 1727 676 1784 Τί
725 1724 834 1800 δαὶ,
867 1751 896 1780 ››
930 1725 1122 1796 εἰπεῖν,
1158 1750 1186 1778 ‹‹
1223 1728 1298 1800 μὴ
1349 1733 1450 1796 τῆς
1509 1725 1784 1788 Βασιλείας
1839 1724 2090 1795 ἐκστῆναι
2122 1747 2208 1779 κε-

546 1814 726 1879 λεύεις
761 1835 774 1885 ;
811 1839 840 1867 ››
893 1815 983 1870 καὶ
1035 1815 1179 1870 οὕτω
1239 1814 1465 1890 λέγοντα
1520 1817 1619 1885 τήν
1681 1817 1892 1884 σπάθην
1953 1814 2207 1883 ἀποζών-

542 1906 724 1959 νυσθαι
776 1906 867 1959 καὶ
919 1901 1150 1974 διδόναι,
1183 1905 1283 1972 τής
1335 1904 1540 1959 ἐκείνου
1594 1903 1842 1965 διανπίας
1895 1905 2206 1977 ἀποπειρώ-

549 2015 732 2066 μενον.
781 1993 1027 2049 Ἐκείνου
1086 1992 1143 2048 δὲ
1206 1996 1305 2064 τήν
1351 1999 1513 2069 χεῖρα
1578 2015 1713 2048 κατα
1772 1992 2013 2062 σπουδὴν
2072 2015 2207 2068 προσ

541 2083 814 2145 τείναντος
876 2083 948 2138 ἐσ’
1001 2083 1045 2154 ᾦ
1096 2077 1394 2156 λαμϐάνειν
1450 2083 1512 2137 τὸ
1565 2079 1723 2151 δῆθεν
1786 2080 2070 2154 διδόμενον
2128 2086 2201 2155 μή

542 2193 659 2234 πως
706 2171 908 2234 τελέως
953 2172 1040 2226 καὶ
1102 2179 1204 2240 τῆς
1265 2172 1465 2249 ὀσφύος
1520 2170 1813 2239 ἀπολυθέν,
1857 2169 2199 2243 παλινῳδίαν

544 2282 603 2316 τε
631 2259 774 2332 ᾅδειν
806 2262 896 2316 τὸν
950 2259 1196 2337 βασιλέα,
1228 2261 1316 2314 καὶ
1366 2261 1439 2322 ὡς
1485 2254 1765 2332 ἐπιϐούλῳ
1813 2261 1869 2314 οἱ
1920 2267 2019 2328 τῆς
2071 2281 2200 2332 σφεα

542 2352 702 2424 τέρας
764 2356 910 2420 ζωῆς
967 2347 1225 2417 όνειδίζεν
1278 2349 1324 2403 εἰ
1355 2348 1495 2404 οὕτω
1559 2347 1838 2424 βούλεται.
1895 2348 2047 2418 Πλήν
2106 2356 2198 2410 καὶ

539 2446 640 2508 τῆς
716 2437 959 2516 κεφαλῆς
1033 2435 1346 2514 καλύπτραν
1425 2437 1821 2503 ἀποτιθέμενος
1896 2437 1950 2499 ἐς
2026 2435 2200 2500 πόδας

539 2527 730 2601 ἐκείνῳ
787 2528 971 2583 ἑαυτὸν
1028 2527 1287 2603 ἐρρίπτει,
1337 2528 1426 2582 καὶ
1475 2527 1703 2582 πολλῶν
1767 2526 2079 2601 βλεπόντων
2131 2527 2192 2581 ού

534 2617 846 2694 κατῃδεῖτο.
897 2620 952 2672 Ὀ
984 2615 1030 2672 δ’
1059 2616 1375 2700 ᾀπέπεμπεν
1424 2611 1703 2692 ἐμϐριθῶς
1763 2617 1855 2671 καὶ
1911 2618 2194 2692 ὑπερεώρα

529 2819 824 2890 homines)
856 2818 1112 2875 decrevit
1141 2833 1244 2890 per
1273 2832 1335 2873 se
1367 2815 1526 2872 adire
1562 2815 1961 2887 patriarcham
1994 2818 2050 2871 et
2078 2815 2192 2870 cri-

530 2926 664 2967 men
696 2908 748 2966 ei
781 2908 1082 2982 proprium
1117 2906 1426 2963 confessus
1474 2905 1703 2961 veniam
1736 2922 1930 2962 coram
1963 2922 2186 2976 rogare.

534 2999 638 3054 [vit
671 2997 1040 3071 prociditque
1091 2996 1203 3068 ipsi
1252 2993 1502 3066 supplex
1545 2995 1798 3067 saepius;
1850 2999 1908 3050 et
1963 2995 2190 3049 detecto

528 3087 712 3143 animi
746 3085 984 3143 vulnere
1017 3085 1378 3141 curationem
1400 3083 1584 3155 petiit.
1608 3084 1695 3139 Ad
1721 3100 1848 3154 quae
1881 3076 1978 3139 ille
2002 3082 2188 3138 facere

525 3175 721 3248 ipsum
757 3193 824 3231 ea
850 3174 1070 3246 quibus
1101 3172 1295 3229 curari
1328 3175 1560 3240 tantum
1596 3171 1736 3227 mali
1778 3172 2182 3243 possetjussit.

523 3264 807 3319 Caeterum
839 3279 970 3335 quae
1001 3263 1115 3317 ista
1144 3265 1341 3317 essent
1370 3277 1484 3315 non
1537 3259 1846 3331 expressit,
1880 3258 2184 3314 indefinite

528 3353 616 3408 sic
644 3358 820 3425 atque
851 3353 1099 3408 obscure
1129 3351 1443 3423 praecipere
1486 3353 1822 3405 contentus.
1857 3350 2182 3420 Imperator

523 3459 655 3498 vero
703 3441 948 3513 rogabat
996 3441 1255 3518 indicare
1306 3438 1656 3494 nominatim
1720 3453 1791 3493 ne
1841 3441 2180 3510 gravaretur
2212 3462 2254 3528 ρ

515 3531 656 3601 quid
683 3531 807 3585 ﬁeri
839 3548 871 3584 a
901 3546 964 3585 se
985 3513 1178 3599 vellet,
1199 3546 1261 3584 se
1293 3528 1577 3583 exhibens
1597 3527 1667 3583 ad
1698 3531 1910 3582 cuncta
1934 3526 2180 3597 obsequi

513 3625 784 3692 paratum
817 3635 1183 3691 quaecunque
1212 3617 1479 3684 dixisset,
1509 3616 1843 3688 patriarcha
1875 3614 2177 3671 nihilomi-

511 3726 626 3765 nus
658 3708 717 3763 in
758 3708 874 3763 illis
914 3707 1237 3763 indeﬁnitis
1279 3706 1821 3778 preseriptionibus
1853 3710 2174 3791 perstanle,

511 3815 578 3856 ac
609 3803 845 3855 tantum
877 3797 1021 3853 illud
1063 3797 1326 3853 dicente:
1379 3819 1406 3846 ‹‹
1437 3795 1658 3851 Exhibe
1707 3795 2170 3851 satisfactionem

508 3888 693 3962 culpas
743 3888 1219 3959 respondentem,
1252 3892 1307 3942 et
1357 3885 1662 3956 accipiam.
1701 3907 1728 3935 »
1786 3889 1928 3940 Cum
1975 3890 2170 3941 autem

505 3977 606 4034 ille
622 3977 839 4050 sapius
853 3977 1130 4033 distincte
1147 3975 1442 4047 praescribi
1469 3976 1583 4032 sibi
1607 3975 1864 4030 remedia
1879 3973 2166 4046 petiisset,

504 4083 612 4124 nec
645 4066 796 4122 clare
827 4065 1162 4138 patriarcha
1186 4066 1587 4137 responderet,
1611 4065 1830 4119 dixisse
1851 4064 2168 4136 imperato-

500 4173 626 4213 rem
658 4156 857 4213 aiunt:
922 4177 950 4205 «
994 4156 1063 4211 Et
1091 4156 1224 4226 quis
1273 4154 1385 4210 scit
1416 4171 1513 4222 an,
1555 4170 1689 4209 cum
1740 4169 1846 4224 ego
1908 4153 2165 4224 plurima

499 4243 709 4313 fecero,
769 4249 834 4301 tu
892 4243 1038 4300 satis
1097 4248 1450 4316 accepturus
1506 4243 1700 4299 sis?n
1761 4242 1867 4298 Cui
1911 4243 2163 4313 graviter

494 4334 876 4408 respondisse
904 4332 1302 4405 patriarcham
1356 4331 1686 4404 ingentium
1720 4331 2036 4386 criminum
2069 4331 2158 4386 in-

491 4424 695 4498 gentia
715 4440 846 4480 esse
865 4421 1099 4496 piacula
1126 4422 1456 4479 debere.2l
1471 4422 1518 4476 8
1537 4421 1689 4477 Tum
1714 4420 2154 4492 imperatorem,

485 4518 552 4569 ut
584 4513 847 4586 penitius
872 4513 978 4567 viri
1012 4512 1280 4568 animum
1313 4516 1593 4580 tentaret,
1631 4530 1660 4563 σ
1688 4510 1834 4577 Quid
1871 4509 2090 4581 porro?
2125 4530 2148 4560 υ

481 4601 758 4659 intulisse
784 4602 1015 4660 :«Num
1049 4617 1141 4658 me
1168 4602 1345 4657 etiam
1378 4600 1624 4671 imperio
1647 4601 1825 4672 jubes
1856 4601 2059 4655 cedere
2081 4600 2149 4653 ‘2»

481 4694 670 4765 Atque
691 4691 800 4749 hoc
833 4692 1125 4748 dicentem
1158 4707 1361 4747 ensem
1383 4689 1620 4746 baltbco
1655 4689 1878 4745 solvere
1902 4688 2149 4760 cmpisee

481 4783 717 4856 ipsique
763 4781 1082 4855 porrigere,
1113 4798 1294 4837 causa
1336 4779 1677 4851 experiundi
1723 4778 1861 4850 quid
1907 4779 2145 4833 tandem

1880 450 2184 507 GEORGlI
2223 447 2689 508 ΡΔΟΗΥΜΜ

3885 465 3994 524 656

2255 569 2666 662 Αάπρὶξλτῶν
2741 576 2981 648 γονάτων
3065 575 3353 651 ἐχομενον.
3425 577 3616 645 Οὕτως
3666 585 3701 654 ἡ
3761 587 3998 662 ἂμαρτία

2339 657 2622 734 περιδεὲς,
2679 661 2854 724 οὕτως
2895 666 2928 733 ἡ
2971 663 3135 734 ἀρετή
3196 666 3400 739 τίμιον.
3460 671 3550 731 Ὠς
3608 669 3665 726 δὶ
3722 657 3994 742 πολλάκις

2242 793 2255 806 ,
2336 747 2670 821 παρακαλῶν
2750 751 3049 820 ἠκολούθει
3121 755 3210 807 καὶ
3285 757 3710 833 κατηνάγκαζεν,
3789 763 3994 828 ἐκεῖνος

2337 835 2490 898 εὐθὺς
2537 839 2636 906 τὴν
2685 837 2886 894 κέλλαν
2937 839 3331 914 ὑποδυόμενος,
3388 846 3656 922 ἀπεζύγου
3704 852 3797 912 τάς
3829 853 3992 926 θύρας

2333 924 2481 996 αύτῷ
2517 927 2654 981 κατὰ
2704 929 2996 1003 πρόσωπον
3047 933 3135 986 καὶ
3185 932 3347 1007 ἀργὸν
3400 935 3569 1009 ἠφίει.
3622 941 3804 994 Ταῦτα
3850 924 3990 997 πολ-

2334 1012 2489 1076 λάκις
2543 1018 2783 1089 προσιὼν
2835 1019 2924 1072 καὶ
2987 1017 3186 1094 δράσας
3219 1041 3275 1074 τε
3305 1023 3393 1076 καὶ
3430 1026 3615 1087 παθὼν
3669 1028 3758 1081 καὶ
3821 1028 3992 1100 μηδὲν

2330 1101 2503 1157 ἀνύων
2556 1103 2860 1180 ἐξηγρίαινέ
2917 1129 2974 1161 τε
3031 1106 3223 1162 αὐτίκα
3258 1153 3271 1177 ,
3343 1110 3433 1164 καὶ
3487 1114 3838 1187 σκληρότητα
3893 1124 3994 1173 τοῦ

2328 1193 2672 1268 πατριάρχου
2723 1193 2810 1249 ἐπὶ
2856 1194 3086 1251 πολλῶν
3141 1198 3461 1272 κατηγόρει,
3489 1202 3578 1256 καὶ
3628 1205 3704 1266 ὡς
3734 1207 3799 1258 τὰ
3827 1210 3990 1262 κοινὰ

2328 1278 2546 1370 κελεύοι
2602 1285 3024 1370 καταπροεῖσθαι
3071 1281 3425 1360 διελοιδόρει,
3457 1289 3544 1342 καὶ
3605 1293 3742 1362 μήτε
3773 1294 3980 1370 φόρους

2324 1362 2563 1442 ἐκλέγειν
2627 1373 2766 1442 μήτε
2822 1369 2955 1441 τέλη
3033 1373 3287 1447 πράττειν
3365 1378 3503 1447 μήτε
3581 1362 3987 1456 μεταχειρίζειν

2324 1456 2617 1546 πράγματα
2657 1461 2795 1530 μήτε
2829 1461 2936 1532 μὴν
2990 1458 3215 1516 διοικεῖν
3250 1464 3348 1532 τὴν
3383 1465 3564 1540 ἀρχὴν
3612 1467 3757 1531 ὅλως
3806 1492 3990 1546 προσ-

2319 1545 2550 1617 τάττων,
2612 1548 2755 1602 οὕτω
2813 1549 3125 1624 Θεραπεύειν
3187 1553 3418 1627 αἱρεῖται
3465 1557 3492 1610 6
3537 1561 3642 1612 τῶν
3697 1545 3987 1634 ἡμετέρων

2319 1637 2678 1708 θεραπευτὴς.
2741 1639 2842 1694 Καὶ
2900 1638 3059 1701 τέλος
3119 1639 3350 1706 ἐπετίθει
3408 1643 3682 1710 πολλάκις
3740 1650 3812 1710 ὡς
3863 1650 3988 1706 ἐπεὶ

2320 1726 2406 1778 καὶ
2450 1724 2692 1780 κανόνων
2749 1727 3077 1805 ὑπερφρονεῖ
3127 1731 3418 1804 ὁριζόντων
3481 1735 3990 1812 μετάνοιαν,προσ-

2319 1813 2647 1886 πίπτειντῷ
2689 1821 2789 1885 τῆς
2846 1816 3067 1889 Ῥώμης
3121 1818 3316 1891 πάππᾳ
3373 1823 3563 1896 καιρὸς
3621 1827 3708 1879 καὶ
3756 1824 3983 1883 ἀντιϐο-

2318 1900 2432 1956 λεῖν
2491 1903 2775 1972 σώζεσθαι.
2835 1907 3026 1968 Οὕτως
3084 1903 3252 1982 ἔχων,
3286 1909 3524 1984 ἐγκοτων
3586 1912 3823 1980 ἐντεῦθεν
3882 1919 3983 1972 καὶ

2323 1991 2686 2064 βαρυνόμενος
2743 1991 2832 2046 ἐπὶ
2889 1996 2989 2062 τήν
3046 2001 3154 2050 τῶν
3213 2002 3410 2072 κοινῶν
3474 1997 3744 2072 διοίκησιν
3805 2003 3981 2060 πάλιν

2319 2078 2610 2152 ἐτράπετο,
2669 2081 3040 2154 ἀπειπάμενος
3104 2085 3197 2155 μὲν
3259 2089 3617 2161 προσπίπτειν
3676 2093 3762 2145 καί
3821 2093 3984 2158 αὖθις

2317 2165 2585 2243 (ᾔδειγάρ
2619 2169 2717 2224 οὐκ
2755 2171 3007 2245 άνυσων),
3057 2171 3324 2249 ἐγκαίρως
3365 2178 3428 2250 γὲ
3479 2179 3576 2247 τὴν
3627 2178 3833 2255 ἄμυναν
3883 2182 3980 2238 δια

2314 2258 2494 2321 θέσθαι
2524 2263 2630 2312 τῶν
2661 2257 2891 2315 δεόντων
2924 2263 3134 2335 ἡγεῖτο.

2241 1957 2286 2018 Β

2310 2365 2625 2444 κ’..”Οπως
2681 2363 2954 2444 συνῆλθον
3013 2368 3064 2422 ἐν
3125 2376 3304 2444 ταυτῷ
3358 2373 3497 2428 κατὰ
3575 2377 3852 2440 συνθεσίας
3911 2382 3970 2434 οἱ

2382 2433 2639 2491 δεσπόται
2712 2433 2967 2510 Ἰωάννης
3037 2461 3096 2494 τε
3168 2433 3287 2497 καῖ’
3331 2445 3566 2520 Μιχαὴλ
3627 2449 3654 2502 6
3710 2433 3978 2518 τῆςᾋύέ

2379 2528 2537 2570 σεως.
3448 2519 3451 2520 ⁷
3999 2519 4002 2522 ’

2378 2618 2442 2685 [Ρ
2498 2618 2620 2689 143]
2679 2616 2811 2671 Τότε
2865 2617 3046 2672 τοίνυν
3103 2619 3192 2673 καὶ
3250 2619 3415 2675 πάλιν
3470 2622 3799 2701 ἀπεπειρᾶτο
3857 2634 3977 2683 τῶν

2304 2814 2679 2870 vehementer
2717 2815 2950 2871 instans
2998 2817 3173 2874 etiam
3219 2819 3533 2878 abeuntem
3587 2816 3966 2899 sequeretur.

2303 2904 2469 2976 quasi
2503 2905 2906 2977 expugnandae
2937 2905 2988 2959 vi
3024 2907 3121 2978 pia
3159 2910 3489 2966 severitatis
3521 2919 3740 2981 certus,
3769 2917 3980 2974 ferunt

2300 2993 2694 3064 patriarcham
2751 2994 2955 3049 cellam
3005 2996 3341 3067 ingressum
3387 3000 3539 3056 fores
3587 3003 3646 3057 in
3691 3021 3756 3059 os
3806 3012 3978 3062 arcte
4024 3037 4026 3039 ν

2299 3080 2533 3137 clausas
2565 3082 2864 3138 abdidisse
2896 3086 3238 3152 assectanti,
3272 3087 3474 3158 sicque
3507 3089 3671 3146 illum
3705 3110 3963 3151 vacuum

2297 3173 2352 3224 et
2383 3173 2572 3241 precis
2603 3170 2838 3225 irritum
2880 3173 3060 3228 crude
3090 3173 3406 3232 dimisisse.
3440 3181 3555 3232 Nec
3596 3181 3777 3236 semel
3812 3185 3963 3239 talia

2293 3263 2564 3330 expertus
2597 3259 2934 3331 imperator,
2962 3263 3061 3316 sed
3095 3264 3298 3319 eadem
3321 3265 3443 3320 haec
3477 3267 3690 3338 sepius
3720 3271 3967 3326 etlocu-

2289 3351 2385 3403 tus
2429 3352 2484 3402 et
2527 3354 2804 3420 operatus
2851 3354 2908 3404 et
2952 3367 3185 3421 pessus,
3238 3354 3642 3427 nequidquam
3691 3374 3954 3431 semper,

2292 3436 2566 3491 etl’eratus
2597 3437 2667 3492 ad
2693 3441 3017 3493 extremum
3038 3444 3148 3506 est,
3173 3446 3230 3495 et
3261 3442 3331 3496 de
3356 3443 3573 3499 duritia
3605 3447 3960 3516 patriarcha

2291 3527 2445 3596 apud
2472 3525 2688 3581 multos
2707 3531 2794 3581 est
2818 3529 3384 3598 questus,invidiose
3409 3537 3960 3606 exaggerans,velle

2279 3613 2492 3684 jubere
2515 3614 2677 3669 illum
2710 3615 2886 3686 abjiei
2918 3633 2950 3670 a
2982 3633 3044 3672 se
3066 3634 3259 3674 curam
3278 3623 3685 3677 communium
3720 3641 3951 3693 rerum,

2291 3718 2393 3758 nec
2445 3703 2638 3758 sinere
2685 3719 2747 3759 se
2797 3704 3052 3776 amplius
3101 3711 3202 3762 aut
3232 3725 3262 3764 e
3292 3710 3465 3765 terris
3510 3712 3735 3768 tributa
3780 3721 3888 3771 aut
3919 3733 3951 3772 e

2289 3794 2692 3849 mercimoniis
2715 3796 3017 3867 vectigalia
3031 3798 3298 3869 exigere;
3325 3800 3578 3873 denique
3595 3806 3951 3862 tractatione

2283 3882 2440 3936 omni
2489 3883 2859 3953 publicorum
2908 3887 3276 3956 negotiorum
3326 3889 3694 3962 interdicere,
3755 3911 3824 3949 ac
3871 3913 3949 3953 ne

2281 3969 2458 4025 ullam
2481 3971 2755 4043 deinceps
2779 3972 3112 4044 reipublicae
3145 3982 3366 4046 partem
3400 3979 3818 4037 administrare
3842 3994 3945 4040 aut

2277 4060 2539 4116 omnimo
2573 4062 2861 4133 attingere
2890 4063 3212 4134 imperator
3253 4067 3488 4134 audeat,
3519 4075 3734 4127 vetare.
3773 4073 3941 4129 Hunc

2275 4149 2366 4203 sui
2413 4151 2655 4212 curandi
2692 4152 2928 4206 modum
2976 4155 3335 4224 excogitasse
3386 4158 3808 4229 patriarcham,
3843 4163 3939 4217 cui

2270 4255 2338 4292 ex
2369 4238 2560 4294 otticio
2590 4241 2894 4295 incumbat
2923 4257 3179 4311 quaerere
3211 4245 3493 4316 optimam
3525 4249 3810 4305 rationem
3833 4254 3941 4306 ad-

2258 4326 2657 4396 juvandorum
2691 4333 2748 4383 et
2773 4329 2831 4382 in
2864 4333 3084 4385 statum
3120 4332 3436 4403 pristinum
3468 4338 3937 4405 reparandorum

2265 4431 2465 4470 eorum
2500 4417 2600 4487 qui
2634 4417 2979 4473 humanitus
3017 4419 3166 4490 lapsi
3202 4426 3360 4476 sunt.
3397 4422 3534 4478 Post
3575 4424 3697 4480 haec
3729 4427 3935 4484 decla-

2264 4510 2422 4560 mata
2463 4507 2618 4562 214
2669 4509 3053 4579 adjungebat,
3086 4511 3307 4582 saepius
3357 4511 3596 4581 iterans,
3647 4519 3932 4586 quoniam

2263 4596 2595 4665 patriarcha
2627 4597 2818 4668 palam
2854 4603 3258 4656 contemneret
3298 4619 3498 4658 sacros
3521 4619 3780 4663 canones
3803 4610 3936 4665 dari

2261 4685 2440 4757 lapsis
2465 4687 2870 4757 paenitentiam
2890 4688 3433 4762 jubentes,tempus
3457 4708 3584 4749 esse
3609 4712 3930 4754 recurren-

2256 4774 2313 4828 di
2346 4776 2415 4829 ad
2448 4791 2659 4846 papam
2713 4775 2905 4831 Romae
2938 4779 3262 4846 sedentem,
3287 4785 3341 4835 et
3373 4782 3444 4836 ab
3478 4799 3543 4838 eo
3575 4787 3936 4857 suppliciter

481 4837 1213 4929 vPatriar‘cha’vero
1231 4837 1442 4942 cupide
1476 4886 1719 4924 manum
1741 4837 2145 4940 ‘protendente
2179 4837 2222 4901 D
2255 4837 2486 4938 petendi
2522 4837 2779 4921 salutare
2812 4869 3032 4938 peccati
3079 4837 3426 4926 remedium.
3463 4873 3557 4929 Sic
3601 4837 3934 4949 indignans

481 4963 648 5036 quasi
709 4963 779 5019 ad
841 4962 1253 5035 accipiendum
1316 4961 1472 5031 quod
1513 4960 1788 5025 dabatur,
1839 4975 2142 5014 revocasse

478 5056 812 5126 Augustum
864 5068 1017 5123 sese,
1050 5069 1116 5107 ac
1152 5051 1414 5107 nondum
1449 5066 1481 5104 a
1532 5050 1750 5104 femore
1798 5048 2133 5120 expeditum

478 5143 794 5198 retinuisse
827 5141 1118 5214 gladium,
1152 5140 1656 5210 exprobrasseque
1705 5138 1950 5209 insuper
1977 5136 2138 5192 velut

471 5232 780 5289 insidianti
812 5233 947 5287 vitae
977 5248 1120 5300 sue,
1163 5230 1262 5301 qui
1295 5245 1358 5284 se
1386 5227 1470 5283 sic
1504 5232 1869 5282 exarmatum
1910 5227 2048 5293 iret;
2083 5232 2136 5280 et

469 5326 668 5378 tamen
699 5321 955 5395 tegmine
977 5320 1188 5392 capitis
1211 5318 1474 5390 deposito
1499 5317 1750 5388 abjicere
1777 5333 1837 5372 se
1861 5316 1933 5370 ad
1957 5315 2133 5386 pedes

465 5413 830 5484 ejus,multis
859 5410 1220 5477 videntibus,
1240 5425 1355 5465 non
1379 5407 1710 5463 dubitasse:
1735 5406 2129 5478 patriarcham

461 5519 598 5558 vero
647 5502 843 5574 ipsum
899 5500 1108 5556 acerbe
1157 5498 1467 5570 repulisse,
1515 5496 1784 5567 nihilque
1849 5495 2127 5549 inﬂexum

461 5592 804 5664 despexisse
837 5593 997 5646 arcto
1020 5588 1133 5645 sibi
1169 5586 1476 5659 complexu
1502 5601 1695 5658 genua
1717 5584 2127 5656 stringentem,

463 5683 608 5739 adeo
640 5679 1025 5738 formidolosa
1047 5677 1410 5734 conscientia
1435 5675 1674 5731 sceleris
1692 5680 1800 5730 est.
1830 5675 1986 5729 Adeo
2008 5674 2126 5728 vir-

459 5778 558 5829 tus
586 5770 944 5829 venerabilis
968 5770 980 5825 l
1008 5769 1154 5826 Cum
1187 5772 1382 5824 autem
1418 5765 1633 5837 saepius
1656 5765 1810 5821 idem
1838 5781 2052 5836 rogans
2071 5770 2128 5820 et

2253 4959 2661 5027 exasperatum
2695 4961 2812 5011 tam
2847 4957 3016 5012 saevis
3049 4959 3303 5030 repulsis
3335 4962 3598 5018 animum
3635 4966 3716 5020 ita
3750 4968 3926 5022 dein—

2252 5062 2388 5118 ceps
2432 5046 2502 5101 ad
2549 5046 2883 5118 reipublicae
2939 5048 3509 5106 administrationem
3575 5054 3803 5122 retulit,
3855 5064 3934 5112 ut

2247 5136 2504 5207 amplius
2535 5153 2650 5190 non
2691 5142 2922 5191 curaret
2953 5139 3264 5194 convenire
3315 5141 3734 5214 patriarcham,
3771 5146 3930 5203 satis

2245 5243 2464 5299 gnarus
2510 5242 2572 5282 se
2614 5225 2758 5280 nihil
2809 5228 3240 5300 profecturum,
3297 5236 3578 5302 praeterea
3627 5234 3932 5304 judicans

2244 5316 2481 5372 omnino
2513 5316 2846 5382 convenire,
2881 5334 2946 5372 ac
2980 5319 3312 5374 curandum
3366 5320 3478 5375 sibi
3530 5339 3661 5378 esse
3693 5341 3927 5398 oppor-

2241 5411 2384 5461 tuno
2416 5410 2698 5477 tempore,
2734 5407 2986 5462 utistius
3009 5409 3223 5464 atrocis
3258 5410 3926 5487 inclementiasculpam

2242 5497 2516 5568 congruis
2548 5496 2863 5567 aliquando
2891 5499 3076 5567 poenis
3111 5499 3447 5569 patriarcha
3480 5500 3686 5558 lueret.

2237 5604 2405 5680 20_Ut
2435 5603 2499 5658 de
2537 5607 3088 5680 paceufconvenerirgt
3138 5605 3289 5680 inter
3338 5623 3397 5661 se
3444 5610 3602 5664 ambo
3663 5612 3925 5680 despole

2307 5678 2552 5731 Jaanne:
2582 5682 2637 5730 et
2657 5676 2887 5731 Michael
2920 5679 2982 5732 in
3025 5677 3315 5734 Occidente
3343 5680 3652 5736 dominam.

2238 5765 2404 5830 Quod
2473 5781 2629 5819 nunc
2709 5765 2990 5835 instabat,
3058 5765 3205 5822 nulli
3285 5771 3749 5839 pra-vertendam
3822 5779 3930 5834 rei
