  <div class='ocr_page' id='page_1' title='image "/cluster/home/n/w/nwhite01/storage/ocr_20150623/143/nnc1.0046980733/336.png"; bbox 0 0 4246 6446; ppageno 0'>
   <div class='ocr_carea' id='block_1_1' title="bbox 210 378 317 466">
    <p class='ocr_par' dir='ltr' id='par_1_1' title="bbox 210 378 317 466">
     <span class='ocr_line' id='line_1_1' title="bbox 210 378 317 466; baseline -0.037 0"><span class='ocrx_word' id='word_1_1' title='bbox 210 378 317 466; x_wconf 78' lang='grc'><strong>657</strong></span> 
     </span>
    </p>
   </div>
   <div class='ocr_carea' id='block_1_2' title="bbox 1292 408 2571 497">
    <p class='ocr_par' dir='ltr' id='par_1_2' title="bbox 1292 408 2571 497">
     <span class='ocr_line' id='line_1_2' title="bbox 1292 408 2571 497; baseline -0.001 -33"><span class='ocrx_word' id='word_1_2' title='bbox 1292 413 1388 464; x_wconf 80' lang='lat' dir='ltr'><strong>DE</strong></span> <span class='ocrx_word' id='word_1_3' title='bbox 1428 410 1797 497; x_wconf 51' lang='lat' dir='ltr'><strong>M‘ICHAELB</strong></span> <span class='ocrx_word' id='word_1_4' title='bbox 1834 408 2260 465; x_wconf 78' lang='lat' dir='ltr'><strong>PALEOLOGO</strong></span> <span class='ocrx_word' id='word_1_5' title='bbox 2295 410 2429 465; x_wconf 82' lang='lat' dir='ltr'><strong>LIB.</strong></span> <span class='ocrx_word' id='word_1_6' title='bbox 2473 414 2571 464; x_wconf 86' lang='lat' dir='ltr'><strong>III.</strong></span> 
     </span>
    </p>
   </div>
   <div class='ocr_carea' id='block_1_3' title="bbox 3512 408 3619 461">
    <p class='ocr_par' dir='ltr' id='par_1_3' title="bbox 3512 408 3619 461">
     <span class='ocr_line' id='line_1_3' title="bbox 3512 408 3619 461; baseline 0 0"><span class='ocrx_word' id='word_1_7' title='bbox 3512 408 3619 461; x_wconf 90' lang='lat'><strong>658</strong></span> 
     </span>
    </p>
   </div>
   <div class='ocr_carea' id='block_1_4' title="bbox 3588 498 3613 538">
    <p class='ocr_par' dir='ltr' id='par_1_4' title="bbox 3588 498 3613 538">
     <span class='ocr_line' id='line_1_4' title="bbox 3588 498 3613 538; baseline 0 0"><span class='ocrx_word' id='word_1_8' title='bbox 3588 498 3613 538; x_wconf 84' lang='grc' dir='ltr'><strong>ς</strong></span> 
     </span>
    </p>
   </div>
   <div class='ocr_carea' id='block_1_5' title="bbox 204 526 3581 606">
    <p class='ocr_par' dir='ltr' id='par_1_5' title="bbox 204 526 3581 606">
     <span class='ocr_line' id='line_1_5' title="bbox 204 526 3581 606; baseline -0.001 -18"><span class='ocrx_word' id='word_1_9' title='bbox 204 532 456 589; x_wconf 79' lang='grc' dir='ltr'>δυτικῶν.</span> <span class='ocrx_word' id='word_1_10' title='bbox 518 528 661 588; x_wconf 71' lang='grc' dir='ltr'>Οὐδὲ</span> <span class='ocrx_word' id='word_1_11' title='bbox 717 531 821 605; x_wconf 74' lang='grc' dir='ltr'>γὰρ</span> <span class='ocrx_word' id='word_1_12' title='bbox 878 533 969 598; x_wconf 73' lang='grc' dir='ltr'>ἦν,</span> <span class='ocrx_word' id='word_1_13' title='bbox 1022 530 1121 585; x_wconf 78' lang='grc' dir='ltr'>οὐκ</span> <span class='ocrx_word' id='word_1_14' title='bbox 1175 530 1243 599; x_wconf 78' lang='grc' dir='ltr'>ἦν</span> <span class='ocrx_word' id='word_1_15' title='bbox 1302 531 1386 585; x_wconf 71' lang='grc' dir='ltr'>ἐπὶ</span> <span class='ocrx_word' id='word_1_16' title='bbox 1442 535 1641 585; x_wconf 84' lang='grc' dir='ltr'>ταυτοῦ</span> <span class='ocrx_word' id='word_1_17' title='bbox 1676 530 1851 602; x_wconf 76' lang='grc' dir='ltr'>μένειν</span> <span class='ocrx_word' id='word_1_18' title='bbox 1884 528 2193 602; x_wconf 82' lang='grc' dir='ltr'>Αέκείνῳ,</span> <span class='ocrx_word' id='word_1_19' title='bbox 2252 529 2341 584; x_wconf 83' lang='grc' dir='ltr'><strong>καὶ</strong></span> <span class='ocrx_word' id='word_1_20' title='bbox 2393 531 2573 585; x_wconf 85' lang='grc' dir='ltr'>πίστιν</span> <span class='ocrx_word' id='word_1_21' title='bbox 2626 532 2867 606; x_wconf 82' lang='grc' dir='ltr'>γενέσθαι</span> <span class='ocrx_word' id='word_1_22' title='bbox 2931 526 3149 605; x_wconf 80' lang='grc' dir='ltr'>βεϐαίαν</span> <span class='ocrx_word' id='word_1_23' title='bbox 3206 530 3265 584; x_wconf 81' lang='grc' dir='ltr'>ἐκ</span> <span class='ocrx_word' id='word_1_24' title='bbox 3318 538 3417 600; x_wconf 83' lang='grc' dir='ltr'><strong>τῆς</strong></span> <span class='ocrx_word' id='word_1_25' title='bbox 3474 532 3581 606; x_wconf 86' lang='grc' dir='ltr'><strong>πρὸ</strong></span> 
     </span>
    </p>
   </div>
   <div class='ocr_carea' id='block_1_6' title="bbox 201 616 1852 694">
    <p class='ocr_par' dir='ltr' id='par_1_6' title="bbox 201 616 1852 694">
     <span class='ocr_line' id='line_1_6' title="bbox 201 616 1852 694; baseline -0.002 -18"><span class='ocrx_word' id='word_1_26' title='bbox 201 622 479 687; x_wconf 69' lang='grc' dir='ltr'>ἐκείνους,</span> <span class='ocrx_word' id='word_1_27' title='bbox 533 619 623 674; x_wconf 84' lang='grc' dir='ltr'><strong>καὶ</strong></span> <span class='ocrx_word' id='word_1_28' title='bbox 684 616 775 673; x_wconf 74' lang='grc' dir='ltr'>διὰ</span> <span class='ocrx_word' id='word_1_29' title='bbox 826 623 990 673; x_wconf 81' lang='grc' dir='ltr'>τοῦτο</span> <span class='ocrx_word' id='word_1_30' title='bbox 1050 618 1150 673; x_wconf 79' lang='grc' dir='ltr'><strong>οὐκ</strong></span> <span class='ocrx_word' id='word_1_31' title='bbox 1205 619 1272 687; x_wconf 85' lang='grc' dir='ltr'><strong>ἦν</strong></span> <span class='ocrx_word' id='word_1_32' title='bbox 1332 621 1557 694; x_wconf 72' lang='grc' dir='ltr'>ἠρεμεῖν</span> <span class='ocrx_word' id='word_1_33' title='bbox 1616 619 1706 674; x_wconf 85' lang='grc' dir='ltr'><strong>καὶ</strong></span> <span class='ocrx_word' id='word_1_34' title='bbox 1761 620 1852 673; x_wconf 87' lang='grc' dir='ltr'>τὸν</span> 
     </span>
    </p>
   </div>
   <div class='ocr_carea' id='block_1_7' title="bbox 203 704 1855 781">
    <p class='ocr_par' dir='ltr' id='par_1_7' title="bbox 203 704 1855 781">
     <span class='ocr_line' id='line_1_7' title="bbox 203 704 1855 781; baseline -0.001 -18"><span class='ocrx_word' id='word_1_35' title='bbox 203 707 470 777; x_wconf 83' lang='grc' dir='ltr'><strong>δεσπότην</strong></span> <span class='ocrx_word' id='word_1_36' title='bbox 533 707 786 776; x_wconf 78' lang='grc' dir='ltr'>Ἰωάννην</span> <span class='ocrx_word' id='word_1_37' title='bbox 818 704 943 761; x_wconf 69' lang='grc' dir='ltr'>οὐδὲ</span> <span class='ocrx_word' id='word_1_38' title='bbox 972 707 1107 780; x_wconf 88' lang='grc' dir='ltr'>πρὸς</span> <span class='ocrx_word' id='word_1_39' title='bbox 1159 705 1377 781; x_wconf 80' lang='grc' dir='ltr'><strong>ὀλίγον,</strong></span> <span class='ocrx_word' id='word_1_40' title='bbox 1409 708 1521 779; x_wconf 77' lang='grc' dir='ltr'>ἅμα</span> <span class='ocrx_word' id='word_1_41' title='bbox 1554 709 1649 779; x_wconf 73' lang='grc' dir='ltr'>μὲν</span> <span class='ocrx_word' id='word_1_42' title='bbox 1698 708 1855 761; x_wconf 77' lang='grc' dir='ltr'>καθέ-</span> 
     </span>
    </p>
   </div>
   <div class='ocr_carea' id='block_1_8' title="bbox 203 794 1855 873">
    <p class='ocr_par' dir='ltr' id='par_1_8' title="bbox 203 794 1855 873">
     <span class='ocr_line' id='line_1_8' title="bbox 203 794 1855 873; baseline -0.001 -21"><span class='ocrx_word' id='word_1_43' title='bbox 203 795 326 873; x_wconf 77' lang='grc' dir='ltr'>δρᾳ,</span> <span class='ocrx_word' id='word_1_44' title='bbox 360 799 476 869; x_wconf 79' lang='grc' dir='ltr'>ἅμα</span> <span class='ocrx_word' id='word_1_45' title='bbox 506 794 562 850; x_wconf 66' lang='grc' dir='ltr'><strong>δὲ</strong></span> <span class='ocrx_word' id='word_1_46' title='bbox 601 796 691 850; x_wconf 75' lang='grc' dir='ltr'><strong>καὶ</strong></span> <span class='ocrx_word' id='word_1_47' title='bbox 740 795 1072 870; x_wconf 81' lang='grc' dir='ltr'><strong>ὁρμητηρίῳ</strong></span> <span class='ocrx_word' id='word_1_48' title='bbox 1122 795 1492 870; x_wconf 72' lang='grc' dir='ltr'><strong>Θεσσαλονίκῃ</strong></span> <span class='ocrx_word' id='word_1_49' title='bbox 1546 798 1855 870; x_wconf 85' lang='grc' dir='ltr'>χρώμενον.</span> 
     </span>
    </p>
   </div>
   <div class='ocr_carea' id='block_1_9' title="bbox 200 882 1851 954">
    <p class='ocr_par' dir='ltr' id='par_1_9' title="bbox 200 882 1851 954">
     <span class='ocr_line' id='line_1_9' title="bbox 200 882 1851 954; baseline -0.002 -13"><span class='ocrx_word' id='word_1_50' title='bbox 200 886 388 951; x_wconf 83' lang='grc' dir='ltr'><strong>Ἔνθεν</strong></span> <span class='ocrx_word' id='word_1_51' title='bbox 443 905 529 939; x_wconf 88' lang='grc' dir='ltr'><strong>τοι</strong></span> <span class='ocrx_word' id='word_1_52' title='bbox 581 888 673 939; x_wconf 83' lang='grc' dir='ltr'>καί</span> <span class='ocrx_word' id='word_1_53' title='bbox 732 882 884 946; x_wconf 79' lang='grc' dir='ltr'>αὖθις</span> <span class='ocrx_word' id='word_1_54' title='bbox 918 929 933 951; x_wconf 84' lang='grc'><strong>,</strong></span> <span class='ocrx_word' id='word_1_55' title='bbox 991 884 1176 938; x_wconf 83' lang='grc' dir='ltr'>καίτοι</span> <span class='ocrx_word' id='word_1_56' title='bbox 1249 889 1357 939; x_wconf 82' lang='grc' dir='ltr'>τῶν</span> <span class='ocrx_word' id='word_1_57' title='bbox 1410 886 1525 939; x_wconf 84' lang='grc' dir='ltr'>κατ’</span> <span class='ocrx_word' id='word_1_58' title='bbox 1582 884 1851 954; x_wconf 81' lang='grc' dir='ltr'>ἀνατολὴν</span> 
     </span>
    </p>
   </div>
   <div class='ocr_carea' id='block_1_10' title="bbox 198 971 1851 1047">
    <p class='ocr_par' dir='ltr' id='par_1_10' title="bbox 198 971 1851 1047">
     <span class='ocr_line' id='line_1_10' title="bbox 198 971 1851 1047; baseline -0.001 -16"><span class='ocrx_word' id='word_1_59' title='bbox 198 975 557 1045; x_wconf 71' lang='grc' dir='ltr'><strong>πονούντων,</strong></span> <span class='ocrx_word' id='word_1_60' title='bbox 616 976 730 1047; x_wconf 79' lang='grc' dir='ltr'><strong>ἅμα</strong></span> <span class='ocrx_word' id='word_1_61' title='bbox 788 972 1045 1046; x_wconf 83' lang='grc' dir='ltr'>δυνάμεσι</span> <span class='ocrx_word' id='word_1_62' title='bbox 1099 972 1381 1036; x_wconf 75' lang='grc' dir='ltr'>πλείσταις</span> <span class='ocrx_word' id='word_1_63' title='bbox 1436 976 1528 1029; x_wconf 88' lang='grc' dir='ltr'>τὸν</span> <span class='ocrx_word' id='word_1_64' title='bbox 1587 971 1851 1045; x_wconf 84' lang='grc' dir='ltr'><strong>δεσπότην</strong></span> 
     </span>
    </p>
   </div>
   <div class='ocr_carea' id='block_1_11' title="bbox 197 1059 1851 1138">
    <p class='ocr_par' dir='ltr' id='par_1_11' title="bbox 197 1059 1851 1138">
     <span class='ocr_line' id='line_1_11' title="bbox 197 1059 1851 1138; baseline -0.001 -19"><span class='ocrx_word' id='word_1_65' title='bbox 197 1064 486 1137; x_wconf 71' lang='grc' dir='ltr'>ἐκπέμπει.</span> <span class='ocrx_word' id='word_1_66' title='bbox 549 1063 645 1117; x_wconf 84' lang='grc' dir='ltr'>Καὶ</span> <span class='ocrx_word' id='word_1_67' title='bbox 679 1059 743 1131; x_wconf 70' lang='grc' dir='ltr'>δὴ</span> <span class='ocrx_word' id='word_1_68' title='bbox 776 1064 875 1130; x_wconf 75' lang='grc' dir='ltr'><strong>τὴν</strong></span> <span class='ocrx_word' id='word_1_69' title='bbox 915 1062 1179 1138; x_wconf 77' lang='grc' dir='ltr'><strong>ταχίστην</strong></span> <span class='ocrx_word' id='word_1_70' title='bbox 1226 1059 1419 1126; x_wconf 76' lang='grc' dir='ltr'>ἐπιϐὰς</span> <span class='ocrx_word' id='word_1_71' title='bbox 1465 1063 1669 1125; x_wconf 83' lang='grc' dir='ltr'>ἐκεῖνος</span> <span class='ocrx_word' id='word_1_72' title='bbox 1721 1071 1851 1119; x_wconf 82' lang='grc' dir='ltr'>Θεσ-</span> 
     </span>
    </p>
   </div>
   <div class='ocr_carea' id='block_1_12' title="bbox 194 1150 1855 1225">
    <p class='ocr_par' dir='ltr' id='par_1_12' title="bbox 194 1150 1855 1225">
     <span class='ocr_line' id='line_1_12' title="bbox 194 1150 1855 1225; baseline -0.001 -17"><span class='ocrx_word' id='word_1_73' title='bbox 194 1152 493 1222; x_wconf 88' lang='grc' dir='ltr'>σαλονίκης</span> <span class='ocrx_word' id='word_1_74' title='bbox 549 1152 831 1206; x_wconf 84' lang='grc' dir='ltr'>συνέταττέ</span> <span class='ocrx_word' id='word_1_75' title='bbox 884 1172 943 1206; x_wconf 85' lang='grc' dir='ltr'><strong>τε</strong></span> <span class='ocrx_word' id='word_1_76' title='bbox 1015 1154 1112 1215; x_wconf 78' lang='grc' dir='ltr'>τὰς</span> <span class='ocrx_word' id='word_1_77' title='bbox 1168 1150 1424 1225; x_wconf 81' lang='grc' dir='ltr'>δυνάμεις</span> <span class='ocrx_word' id='word_1_78' title='bbox 1473 1152 1563 1207; x_wconf 82' lang='grc' dir='ltr'><strong>καὶ</strong></span> <span class='ocrx_word' id='word_1_79' title='bbox 1612 1153 1855 1225; x_wconf 90' lang='grc' dir='ltr'>πόλεμον</span> 
     </span>
    </p>
   </div>
   <div class='ocr_carea' id='block_1_13' title="bbox 191 1238 1853 1316">
    <p class='ocr_par' dir='ltr' id='par_1_13' title="bbox 191 1238 1853 1316">
     <span class='ocr_line' id='line_1_13' title="bbox 191 1238 1853 1316; baseline 0.001 -21"><span class='ocrx_word' id='word_1_80' title='bbox 191 1241 399 1315; x_wconf 69' lang='grc' dir='ltr'>ὶξάγειν</span> <span class='ocrx_word' id='word_1_81' title='bbox 448 1241 584 1295; x_wconf 81' lang='grc' dir='ltr'>κατᾶ</span> <span class='ocrx_word' id='word_1_82' title='bbox 631 1238 866 1314; x_wconf 77' lang='grc' dir='ltr'>Μιχαὴλ</span> <span class='ocrx_word' id='word_1_83' title='bbox 917 1240 1281 1316; x_wconf 80' lang='grc' dir='ltr'>εὐτρεπίζετο.</span> <span class='ocrx_word' id='word_1_84' title='bbox 1334 1241 1431 1295; x_wconf 83' lang='grc' dir='ltr'>Καὶ</span> <span class='ocrx_word' id='word_1_85' title='bbox 1485 1238 1627 1315; x_wconf 68' lang='grc' dir='ltr'>μηδὲ</span> <span class='ocrx_word' id='word_1_86' title='bbox 1648 1241 1853 1304; x_wconf 87' lang='grc' dir='ltr'>τελέως</span> 
     </span>
    </p>
   </div>
   <div class='ocr_carea' id='block_1_14' title="bbox 191 1327 1853 1405">
    <p class='ocr_par' dir='ltr' id='par_1_14' title="bbox 191 1327 1853 1405">
     <span class='ocr_line' id='line_1_14' title="bbox 191 1327 1853 1405; baseline -0.001 -20"><span class='ocrx_word' id='word_1_87' title='bbox 191 1328 473 1391; x_wconf 79' lang='grc' dir='ltr'>ἆκουσθεὶς</span> <span class='ocrx_word' id='word_1_88' title='bbox 502 1327 719 1389; x_wconf 81' lang='grc' dir='ltr'>ἐπιστὰς</span> <span class='ocrx_word' id='word_1_89' title='bbox 753 1329 850 1401; x_wconf 78' lang='grc' dir='ltr'>ἅμ’</span> <span class='ocrx_word' id='word_1_90' title='bbox 900 1330 1131 1399; x_wconf 78' lang='grc' dir='ltr'>ἠκούετο</span> <span class='ocrx_word' id='word_1_91' title='bbox 1181 1330 1271 1384; x_wconf 79' lang='grc' dir='ltr'><strong>καὶ</strong></span> <span class='ocrx_word' id='word_1_92' title='bbox 1317 1331 1431 1402; x_wconf 77' lang='grc' dir='ltr'><strong>ἅμα</strong></span> <span class='ocrx_word' id='word_1_93' title='bbox 1476 1335 1595 1391; x_wconf 89' lang='grc' dir='ltr'>ταῖς</span> <span class='ocrx_word' id='word_1_94' title='bbox 1644 1330 1853 1405; x_wconf 77' lang='grc' dir='ltr'>χώραις</span> 
     </span>
    </p>
   </div>
   <div class='ocr_carea' id='block_1_15' title="bbox 188 1414 1851 1495">
    <p class='ocr_par' dir='ltr' id='par_1_15' title="bbox 188 1414 1851 1495">
     <span class='ocr_line' id='line_1_15' title="bbox 188 1414 1851 1495; baseline -0.001 -20"><span class='ocrx_word' id='word_1_95' title='bbox 188 1414 561 1495; x_wconf 86' lang='grc' dir='ltr'>προσέϐαλλε,</span> <span class='ocrx_word' id='word_1_96' title='bbox 618 1416 765 1471; x_wconf 89' lang='grc' dir='ltr'>λείαν</span> <span class='ocrx_word' id='word_1_97' title='bbox 828 1438 886 1471; x_wconf 93' lang='grc' dir='ltr'><strong>τε</strong></span> <span class='ocrx_word' id='word_1_98' title='bbox 942 1418 1202 1487; x_wconf 84' lang='grc' dir='ltr'>πλείστην</span> <span class='ocrx_word' id='word_1_99' title='bbox 1248 1414 1682 1493; x_wconf 79' lang='grc' dir='ltr'>περιϐαλόμενος</span> <span class='ocrx_word' id='word_1_100' title='bbox 1719 1421 1851 1474; x_wconf 84' lang='grc' dir='ltr'>ὑπο-</span> 
     </span>
    </p>
   </div>
   <div class='ocr_carea' id='block_1_16' title="bbox 190 1506 1848 1584">
    <p class='ocr_par' dir='ltr' id='par_1_16' title="bbox 190 1506 1848 1584">
     <span class='ocr_line' id='line_1_16' title="bbox 190 1506 1848 1584; baseline 0 -21"><span class='ocrx_word' id='word_1_101' title='bbox 190 1511 432 1583; x_wconf 75' lang='grc' dir='ltr'>στρέφει.</span> <span class='ocrx_word' id='word_1_102' title='bbox 486 1510 585 1564; x_wconf 78' lang='grc' dir='ltr'><strong>Καὶ</strong></span> <span class='ocrx_word' id='word_1_103' title='bbox 644 1509 671 1562; x_wconf 85' lang='grc' dir='ltr'><strong>ὁ</strong></span> <span class='ocrx_word' id='word_1_104' title='bbox 736 1508 827 1579; x_wconf 70' lang='grc' dir='ltr'>μὲν</span> <span class='ocrx_word' id='word_1_105' title='bbox 884 1510 979 1569; x_wconf 76' lang='grc' dir='ltr'><strong>τὰς</strong></span> <span class='ocrx_word' id='word_1_106' title='bbox 1012 1506 1267 1582; x_wconf 80' lang='grc' dir='ltr'>δυνάμεις</span> <span class='ocrx_word' id='word_1_107' title='bbox 1308 1515 1534 1584; x_wconf 85' lang='grc' dir='ltr'>κατεῖχε</span> <span class='ocrx_word' id='word_1_108' title='bbox 1565 1506 1848 1584; x_wconf 84' lang='grc' dir='ltr'>διαχειμε-</span> 
     </span>
    </p>
   </div>
   <div class='ocr_carea' id='block_1_17' title="bbox 191 1595 1845 1675">
    <p class='ocr_par' dir='ltr' id='par_1_17' title="bbox 191 1595 1845 1675">
     <span class='ocr_line' id='line_1_17' title="bbox 191 1595 1845 1675; baseline -0.001 -22"><span class='ocrx_word' id='word_1_109' title='bbox 191 1598 415 1675; x_wconf 77' lang='grc' dir='ltr'>ριοόσας</span> <span class='ocrx_word' id='word_1_110' title='bbox 444 1599 567 1671; x_wconf 80' lang='grc' dir='ltr'>περὶ</span> <span class='ocrx_word' id='word_1_111' title='bbox 598 1600 689 1653; x_wconf 89' lang='grc' dir='ltr'><strong>τὸν</strong></span> <span class='ocrx_word' id='word_1_112' title='bbox 723 1596 1051 1674; x_wconf 82' lang='grc' dir='ltr'>Βαρδάριον,</span> <span class='ocrx_word' id='word_1_113' title='bbox 1101 1600 1175 1661; x_wconf 85' lang='grc' dir='ltr'><strong>ὡς</strong></span> <span class='ocrx_word' id='word_1_114' title='bbox 1227 1597 1338 1672; x_wconf 73' lang='grc' dir='ltr'>ἅμα</span> <span class='ocrx_word' id='word_1_115' title='bbox 1380 1603 1473 1674; x_wconf 72' lang='grc' dir='ltr'><strong>ἦρι</strong></span> <span class='ocrx_word' id='word_1_116' title='bbox 1517 1595 1845 1673; x_wconf 88' lang='grc' dir='ltr'>προσϐαλὼν</span> 
     </span>
    </p>
   </div>
   <div class='ocr_carea' id='block_1_18' title="bbox 188 1685 1845 1765">
    <p class='ocr_par' dir='ltr' id='par_1_18' title="bbox 188 1685 1845 1765">
     <span class='ocr_line' id='line_1_18' title="bbox 188 1685 1845 1765; baseline 0 -22"><span class='ocrx_word' id='word_1_117' title='bbox 188 1690 367 1754; x_wconf 54' lang='grc' dir='ltr'>αὖθις</span> <span class='ocrx_word' id='word_1_118' title='bbox 427 1690 455 1743; x_wconf 86' lang='grc' dir='ltr'>ὁ</span> <span class='ocrx_word' id='word_1_119' title='bbox 513 1685 571 1742; x_wconf 70' lang='grc' dir='ltr'>δὲ</span> <span class='ocrx_word' id='word_1_120' title='bbox 627 1687 857 1763; x_wconf 76' lang='grc' dir='ltr'>Μιχαὴλ</span> <span class='ocrx_word' id='word_1_121' title='bbox 916 1685 1071 1765; x_wconf 76' lang='grc' dir='ltr'>φόϐῳ</span> <span class='ocrx_word' id='word_1_122' title='bbox 1123 1686 1353 1765; x_wconf 76' lang='grc' dir='ltr'>ληφθεὶς</span> <span class='ocrx_word' id='word_1_123' title='bbox 1404 1688 1465 1743; x_wconf 80' lang='grc' dir='ltr'>οὐ</span> <span class='ocrx_word' id='word_1_124' title='bbox 1500 1690 1706 1763; x_wconf 87' lang='grc' dir='ltr'>μετρίῳ</span> <span class='ocrx_word' id='word_1_125' title='bbox 1733 1691 1845 1762; x_wconf 87' lang='grc' dir='ltr'>(τὸν</span> 
     </span>
    </p>
   </div>
   <div class='ocr_carea' id='block_1_19' title="bbox 185 1774 1849 1851">
    <p class='ocr_par' dir='ltr' id='par_1_19' title="bbox 185 1774 1849 1851">
     <span class='ocr_line' id='line_1_19' title="bbox 185 1774 1849 1851; baseline 0 -20"><span class='ocrx_word' id='word_1_126' title='bbox 185 1776 288 1851; x_wconf 75' lang='grc' dir='ltr'><strong>γὰρ</strong></span> <span class='ocrx_word' id='word_1_127' title='bbox 346 1774 612 1845; x_wconf 74' lang='grc' dir='ltr'>δεσπότην</span> <span class='ocrx_word' id='word_1_128' title='bbox 673 1776 763 1829; x_wconf 86' lang='grc' dir='ltr'><strong>καὶ</strong></span> <span class='ocrx_word' id='word_1_129' title='bbox 822 1774 873 1845; x_wconf 79' lang='grc' dir='ltr'><strong>ἐξ</strong></span> <span class='ocrx_word' id='word_1_130' title='bbox 949 1776 1119 1845; x_wconf 81' lang='grc' dir='ltr'>ἀκοῆς</span> <span class='ocrx_word' id='word_1_131' title='bbox 1180 1774 1475 1831; x_wconf 81' lang='grc' dir='ltr'>έδεδίττετο</span> <span class='ocrx_word' id='word_1_132' title='bbox 1532 1777 1599 1830; x_wconf 77' lang='grc' dir='ltr'>τὰ</span> <span class='ocrx_word' id='word_1_133' title='bbox 1662 1775 1849 1831; x_wconf 83' lang='grc' dir='ltr'>πολλά</span> 
     </span>
    </p>
   </div>
   <div class='ocr_carea' id='block_1_20' title="bbox 1967 615 3615 694">
    <p class='ocr_par' dir='ltr' id='par_1_20' title="bbox 1967 615 3615 694">
     <span class='ocr_line' id='line_1_20' title="bbox 1967 615 3615 694; baseline 0.002 -23"><span class='ocrx_word' id='word_1_134' title='bbox 1967 616 2252 687; x_wconf 78' lang='grc' dir='ltr'>ἀλλήλους</span> <span class='ocrx_word' id='word_1_135' title='bbox 2286 620 2409 681; x_wconf 82' lang='grc' dir='ltr'>θέας</span> <span class='ocrx_word' id='word_1_136' title='bbox 2437 615 2723 675; x_wconf 82' lang='grc' dir='ltr'>ἐϐούλετο.</span> <span class='ocrx_word' id='word_1_137' title='bbox 2778 621 2839 676; x_wconf 79' lang='grc' dir='ltr'>Ὀ</span> <span class='ocrx_word' id='word_1_138' title='bbox 2896 624 3025 694; x_wconf 78' lang='grc' dir='ltr'>γοῦν</span> <span class='ocrx_word' id='word_1_139' title='bbox 3056 616 3325 689; x_wconf 82' lang='grc' dir='ltr'>δεσπότης</span> <span class='ocrx_word' id='word_1_140' title='bbox 3352 622 3452 689; x_wconf 76' lang='grc' dir='ltr'>τὴν</span> <span class='ocrx_word' id='word_1_141' title='bbox 3486 640 3615 693; x_wconf 91' lang='grc' dir='ltr'>πρε-</span> 
     </span>
    </p>
   </div>
   <div class='ocr_carea' id='block_1_21' title="bbox 1965 700 3615 781">
    <p class='ocr_par' dir='ltr' id='par_1_21' title="bbox 1965 700 3615 781">
     <span class='ocr_line' id='line_1_21' title="bbox 1965 700 3615 781; baseline 0.001 -22"><span class='ocrx_word' id='word_1_142' title='bbox 1965 700 2145 761; x_wconf 86' lang='grc' dir='ltr'>σϐείαν</span> <span class='ocrx_word' id='word_1_143' title='bbox 2208 705 2518 781; x_wconf 79' lang='grc' dir='ltr'>δεξάμενος,</span> <span class='ocrx_word' id='word_1_144' title='bbox 2578 709 2651 770; x_wconf 86' lang='grc' dir='ltr'><strong>ὡς</strong></span> <span class='ocrx_word' id='word_1_145' title='bbox 2707 702 2891 762; x_wconf 85' lang='grc' dir='ltr'>λαϐὼν</span> <span class='ocrx_word' id='word_1_146' title='bbox 2938 709 3083 781; x_wconf 75' lang='grc' dir='ltr'>παρὰ</span> <span class='ocrx_word' id='word_1_147' title='bbox 3136 706 3401 781; x_wconf 80' lang='grc' dir='ltr'>βασιλέως</span> <span class='ocrx_word' id='word_1_148' title='bbox 3434 707 3615 781; x_wconf 76' lang='grc' dir='ltr'>ἐκχώ-</span> 
     </span>
    </p>
   </div>
   <div class='ocr_carea' id='block_1_22' title="bbox 1964 794 3615 872">
    <p class='ocr_par' dir='ltr' id='par_1_22' title="bbox 1964 794 3615 872">
     <span class='ocr_line' id='line_1_22' title="bbox 1964 794 3615 872; baseline 0.002 -25"><span class='ocrx_word' id='word_1_149' title='bbox 1964 814 2143 867; x_wconf 78' lang='grc' dir='ltr'>ρησιν,</span> <span class='ocrx_word' id='word_1_150' title='bbox 2178 794 2391 851; x_wconf 76' lang='grc' dir='ltr'>ἐκέλευε</span> <span class='ocrx_word' id='word_1_151' title='bbox 2416 798 2544 859; x_wconf 81' lang='grc' dir='ltr'>τοὺς</span> <span class='ocrx_word' id='word_1_152' title='bbox 2577 798 2774 870; x_wconf 77' lang='grc' dir='ltr'>ὅρκους</span> <span class='ocrx_word' id='word_1_153' title='bbox 2802 796 3072 872; x_wconf 86' lang='grc' dir='ltr'>γενέσθαι.</span> <span class='ocrx_word' id='word_1_154' title='bbox 3114 796 3211 853; x_wconf 82' lang='grc' dir='ltr'><strong>Καὶ</strong></span> <span class='ocrx_word' id='word_1_155' title='bbox 3244 794 3310 864; x_wconf 81' lang='grc' dir='ltr'>δὴ</span> <span class='ocrx_word' id='word_1_156' title='bbox 3346 796 3615 851; x_wconf 82' lang='grc' dir='ltr'>συνελθὼν</span> 
     </span>
    </p>
   </div>
   <div class='ocr_carea' id='block_1_23' title="bbox 1962 883 3616 961">
    <p class='ocr_par' dir='ltr' id='par_1_23' title="bbox 1962 883 3616 961">
     <span class='ocr_line' id='line_1_23' title="bbox 1962 883 3616 961; baseline 0.001 -23"><span class='ocrx_word' id='word_1_157' title='bbox 1962 883 2109 956; x_wconf 78' lang='grc' dir='ltr'>αὐτῷ</span> <span class='ocrx_word' id='word_1_158' title='bbox 2139 884 2215 961; x_wconf 76' lang='grc' dir='ltr'><strong>ἐφ’</strong></span> <span class='ocrx_word' id='word_1_159' title='bbox 2236 884 2544 960; x_wconf 79' lang='grc' dir='ltr'>ὁρισθείσης</span> <span class='ocrx_word' id='word_1_160' title='bbox 2568 886 2800 959; x_wconf 80' lang='grc' dir='ltr'>ἡμέρας,</span> <span class='ocrx_word' id='word_1_161' title='bbox 2822 886 2911 940; x_wconf 81' lang='grc' dir='ltr'>καὶ</span> <span class='ocrx_word' id='word_1_162' title='bbox 2934 885 3414 957; x_wconf 76' lang='grc' dir='ltr'>κατασπασάμενος</span> <span class='ocrx_word' id='word_1_163' title='bbox 3439 884 3616 940; x_wconf 82' lang='grc' dir='ltr'><strong>ἀπλά-</strong></span> 
     </span>
    </p>
   </div>
   <div class='ocr_carea' id='block_1_24' title="bbox 1962 971 3614 1050">
    <p class='ocr_par' dir='ltr' id='par_1_24' title="bbox 1962 971 3614 1050">
     <span class='ocr_line' id='line_1_24' title="bbox 1962 971 3614 1050; baseline 0.002 -23"><span class='ocrx_word' id='word_1_164' title='bbox 1962 994 2072 1046; x_wconf 84' lang='grc' dir='ltr'>στῳ</span> <span class='ocrx_word' id='word_1_165' title='bbox 2120 974 2263 1043; x_wconf 81' lang='grc' dir='ltr'>ἤθει,</span> <span class='ocrx_word' id='word_1_166' title='bbox 2315 974 2361 1029; x_wconf 76' lang='grc' dir='ltr'><strong>εἷ’</strong></span> <span class='ocrx_word' id='word_1_167' title='bbox 2406 974 2656 1039; x_wconf 81' lang='grc' dir='ltr'>κάκεῖνος</span> <span class='ocrx_word' id='word_1_168' title='bbox 2686 974 2776 1030; x_wconf 80' lang='grc' dir='ltr'><strong>καὶ</strong></span> <span class='ocrx_word' id='word_1_169' title='bbox 2825 974 2991 1031; x_wconf 75' lang='grc' dir='ltr'>πάλιν</span> <span class='ocrx_word' id='word_1_170' title='bbox 3039 975 3131 1030; x_wconf 87' lang='grc' dir='ltr'>τὸν</span> <span class='ocrx_word' id='word_1_171' title='bbox 3167 972 3330 1030; x_wconf 83' lang='grc' dir='ltr'>δόλον</span> <span class='ocrx_word' id='word_1_172' title='bbox 3362 971 3614 1050; x_wconf 80' lang='grc' dir='ltr'>ἔκρυπτε,</span> 
     </span>
    </p>
   </div>
   <div class='ocr_carea' id='block_1_25' title="bbox 1961 1062 2712 1138">
    <p class='ocr_par' dir='ltr' id='par_1_25' title="bbox 1961 1062 2712 1138">
     <span class='ocr_line' id='line_1_25' title="bbox 1961 1062 2712 1138; baseline 0.005 -22"><span class='ocrx_word' id='word_1_173' title='bbox 1961 1063 2095 1138; x_wconf 89' lang='grc' dir='ltr'>πρὸς</span> <span class='ocrx_word' id='word_1_174' title='bbox 2127 1063 2192 1117; x_wconf 80' lang='grc' dir='ltr'>τὰ</span> <span class='ocrx_word' id='word_1_175' title='bbox 2222 1062 2395 1118; x_wconf 78' lang='grc' dir='ltr'>οἰκεῖα</span> <span class='ocrx_word' id='word_1_176' title='bbox 2424 1063 2712 1136; x_wconf 80' lang='grc' dir='ltr'>ἐκπέμπει.</span> 
     </span>
    </p>
   </div>
   <div class='ocr_carea' id='block_1_26' title="bbox 1958 1177 3612 1255">
    <p class='ocr_par' dir='ltr' id='par_1_26' title="bbox 1958 1177 3612 1255">
     <span class='ocr_line' id='line_1_26' title="bbox 1958 1177 3612 1255; baseline 0.001 -22"><span class='ocrx_word' id='word_1_177' title='bbox 1958 1185 2058 1234; x_wconf 89' lang='grc' dir='ltr'>κα’.</span> <span class='ocrx_word' id='word_1_178' title='bbox 2090 1180 2275 1240; x_wconf 86' lang='grc' dir='ltr'>Ὀπως</span> <span class='ocrx_word' id='word_1_179' title='bbox 2305 1180 2332 1233; x_wconf 87' lang='grc' dir='ltr'>ὁ</span> <span class='ocrx_word' id='word_1_180' title='bbox 2366 1177 2631 1255; x_wconf 85' lang='grc' dir='ltr'>δεσπότης</span> <span class='ocrx_word' id='word_1_181' title='bbox 2665 1182 2917 1255; x_wconf 73' lang='grc' dir='ltr'>Ἰωᾴννης</span> <span class='ocrx_word' id='word_1_182' title='bbox 2960 1179 3456 1255; x_wconf 22' lang='grc' dir='ltr'>ἀπαλλαγεὶςῌτῶν</span> <span class='ocrx_word' id='word_1_183' title='bbox 3508 1190 3612 1255; x_wconf 61' lang='grc' dir='ltr'><strong>Δυτ</strong></span> 
     </span>
    </p>
   </div>
   <div class='ocr_carea' id='block_1_27' title="bbox 2030 1248 3613 1327">
    <p class='ocr_par' dir='ltr' id='par_1_27' title="bbox 2030 1248 3613 1327">
     <span class='ocr_line' id='line_1_27' title="bbox 2030 1248 3613 1327; baseline 0.001 -23"><span class='ocrx_word' id='word_1_184' title='bbox 2030 1256 2338 1327; x_wconf 30' lang='grc' dir='ltr'>τικῶνιτολῖς</span> <span class='ocrx_word' id='word_1_185' title='bbox 2371 1253 2487 1306; x_wconf 89' lang='grc' dir='ltr'>κατ’</span> <span class='ocrx_word' id='word_1_186' title='bbox 2516 1248 2818 1327; x_wconf 77' lang='grc' dir='ltr'>Ἀνατολὴν</span> <span class='ocrx_word' id='word_1_187' title='bbox 2849 1252 3073 1327; x_wconf 70' lang='grc' dir='ltr'>ἐχθροῖς</span> <span class='ocrx_word' id='word_1_188' title='bbox 3113 1248 3475 1327; x_wconf 81' lang='grc' dir='ltr'>προσϐάλλει.</span> <span class='ocrx_word' id='word_1_189' title='bbox 3512 1254 3613 1310; x_wconf 82' lang='grc' dir='ltr'>Καὶ</span> 
     </span>
    </p>
   </div>
   <div class='ocr_carea' id='block_1_28' title="bbox 2036 1319 2740 1394">
    <p class='ocr_par' dir='ltr' id='par_1_28' title="bbox 2036 1319 2740 1394">
     <span class='ocr_line' id='line_1_28' title="bbox 2036 1319 2740 1394; baseline 0.006 -19"><span class='ocrx_word' id='word_1_190' title='bbox 2036 1320 2254 1394; x_wconf 82' lang='grc' dir='ltr'>μερικὸς</span> <span class='ocrx_word' id='word_1_191' title='bbox 2281 1319 2497 1385; x_wconf 80' lang='grc' dir='ltr'>ἔπαινος</span> <span class='ocrx_word' id='word_1_192' title='bbox 2522 1324 2740 1380; x_wconf 80' lang='grc' dir='ltr'>τούτου.</span> 
     </span>
    </p>
   </div>
   <div class='ocr_carea' id='block_1_29' title="bbox 2030 1417 3610 1495">
    <p class='ocr_par' dir='ltr' id='par_1_29' title="bbox 2030 1417 3610 1495">
     <span class='ocr_line' id='line_1_29' title="bbox 2030 1417 3610 1495; baseline -0.001 -20"><span class='ocrx_word' id='word_1_193' title='bbox 2030 1420 2092 1491; x_wconf 88' lang='grc' dir='ltr'>[Ρ</span> <span class='ocrx_word' id='word_1_194' title='bbox 2126 1420 2248 1490; x_wconf 75' lang='grc'>144]</span> <span class='ocrx_word' id='word_1_195' title='bbox 2282 1418 2388 1475; x_wconf 87' lang='grc' dir='ltr'>Τὸν</span> <span class='ocrx_word' id='word_1_196' title='bbox 2442 1420 2627 1491; x_wconf 83' lang='grc' dir='ltr'>μέντοι</span> <span class='ocrx_word' id='word_1_197' title='bbox 2676 1440 2739 1495; x_wconf 83' lang='grc' dir='ltr'>γε</span> <span class='ocrx_word' id='word_1_198' title='bbox 2790 1417 3055 1489; x_wconf 85' lang='grc' dir='ltr'>δεσπότην</span> <span class='ocrx_word' id='word_1_199' title='bbox 3092 1418 3345 1489; x_wconf 78' lang='grc' dir='ltr'>Ἰωάννην</span> <span class='ocrx_word' id='word_1_200' title='bbox 3380 1440 3610 1493; x_wconf 87' lang='grc' dir='ltr'>μετακα-</span> 
     </span>
    </p>
   </div>
   <div class='ocr_carea' id='block_1_30' title="bbox 1959 1504 3606 1583">
    <p class='ocr_par' dir='ltr' id='par_1_30' title="bbox 1959 1504 3606 1583">
     <span class='ocr_line' id='line_1_30' title="bbox 1959 1504 3606 1583; baseline 0.002 -23"><span class='ocrx_word' id='word_1_201' title='bbox 1959 1504 2251 1579; x_wconf 78' lang='grc' dir='ltr'>λεσάμενος</span> <span class='ocrx_word' id='word_1_202' title='bbox 2298 1507 2357 1563; x_wconf 77' lang='grc' dir='ltr'>ἐκ</span> <span class='ocrx_word' id='word_1_203' title='bbox 2386 1508 2788 1577; x_wconf 81' lang='grc' dir='ltr'>Θεσσαλονίκης</span> <span class='ocrx_word' id='word_1_204' title='bbox 2832 1510 2860 1564; x_wconf 85' lang='grc' dir='ltr'>ὁ</span> <span class='ocrx_word' id='word_1_205' title='bbox 2896 1507 3174 1583; x_wconf 77' lang='grc' dir='ltr'>βασιλεὺς,</span> <span class='ocrx_word' id='word_1_206' title='bbox 3235 1510 3425 1583; x_wconf 86' lang='grc' dir='ltr'>μικρὸν</span> <span class='ocrx_word' id='word_1_207' title='bbox 3483 1511 3606 1563; x_wconf 81' lang='grc' dir='ltr'>ὅσον</span> 
     </span>
    </p>
   </div>
   <div class='ocr_carea' id='block_1_31' title="bbox 1958 1592 3605 1671">
    <p class='ocr_par' dir='ltr' id='par_1_31' title="bbox 1958 1592 3605 1671">
     <span class='ocr_line' id='line_1_31' title="bbox 1958 1592 3605 1671; baseline 0.002 -23"><span class='ocrx_word' id='word_1_208' title='bbox 1958 1592 2314 1670; x_wconf 69' lang='grc' dir='ltr'>διατρίψαντα</span> <span class='ocrx_word' id='word_1_209' title='bbox 2370 1598 2443 1664; x_wconf 79' lang='grc' dir='ltr'>οἱ,</span> <span class='ocrx_word' id='word_1_210' title='bbox 2502 1598 2616 1669; x_wconf 78' lang='grc' dir='ltr'><strong>ἅμα</strong></span> <span class='ocrx_word' id='word_1_211' title='bbox 2661 1603 2781 1661; x_wconf 85' lang='grc' dir='ltr'>ταῖς</span> <span class='ocrx_word' id='word_1_212' title='bbox 2830 1595 3086 1669; x_wconf 81' lang='grc' dir='ltr'>δυνάμεσι</span> <span class='ocrx_word' id='word_1_213' title='bbox 3144 1598 3281 1671; x_wconf 87' lang='grc' dir='ltr'>πρὸς</span> <span class='ocrx_word' id='word_1_214' title='bbox 3335 1597 3605 1665; x_wconf 75' lang='grc' dir='ltr'>ἀνατολὴν</span> 
     </span>
    </p>
   </div>
   <div class='ocr_carea' id='block_1_32' title="bbox 1955 1682 3607 1762">
    <p class='ocr_par' dir='ltr' id='par_1_32' title="bbox 1955 1682 3607 1762">
     <span class='ocr_line' id='line_1_32' title="bbox 1955 1682 3607 1762; baseline 0.001 -24"><span class='ocrx_word' id='word_1_215' title='bbox 1955 1682 2242 1756; x_wconf 82' lang='grc' dir='ltr'>ἐκπέμπει,</span> <span class='ocrx_word' id='word_1_216' title='bbox 2296 1691 2414 1748; x_wconf 87' lang='grc' dir='ltr'>τοῖς</span> <span class='ocrx_word' id='word_1_217' title='bbox 2474 1685 2703 1762; x_wconf 84' lang='grc' dir='ltr'>Πέρσαις</span> <span class='ocrx_word' id='word_1_218' title='bbox 2767 1686 2841 1747; x_wconf 85' lang='grc' dir='ltr'>ὡς</span> <span class='ocrx_word' id='word_1_219' title='bbox 2897 1687 2964 1755; x_wconf 76' lang='grc' dir='ltr'>ἦν</span> <span class='ocrx_word' id='word_1_220' title='bbox 3026 1686 3383 1758; x_wconf 79' lang='grc' dir='ltr'>συμμίξοντα.</span> <span class='ocrx_word' id='word_1_221' title='bbox 3416 1689 3513 1743; x_wconf 84' lang='grc' dir='ltr'><strong>Ἦν</strong></span> <span class='ocrx_word' id='word_1_222' title='bbox 3549 1685 3607 1741; x_wconf 75' lang='grc' dir='ltr'>δὲ</span> 
     </span>
    </p>
   </div>
   <div class='ocr_carea' id='block_1_33' title="bbox 1953 1773 3608 1851">
    <p class='ocr_par' dir='ltr' id='par_1_33' title="bbox 1953 1773 3608 1851">
     <span class='ocr_line' id='line_1_33' title="bbox 1953 1773 3608 1851; baseline 0.002 -24"><span class='ocrx_word' id='word_1_223' title='bbox 1953 1773 2186 1845; x_wconf 83' lang='grc' dir='ltr'>κάκείνῳ</span> <span class='ocrx_word' id='word_1_224' title='bbox 2242 1774 2420 1851; x_wconf 83' lang='grc' dir='ltr'>τρυφή</span> <span class='ocrx_word' id='word_1_225' title='bbox 2478 1776 2539 1829; x_wconf 88' lang='grc' dir='ltr'>τὸ</span> <span class='ocrx_word' id='word_1_226' title='bbox 2596 1774 2823 1836; x_wconf 78' lang='grc' dir='ltr'>ἐκείνοις</span> <span class='ocrx_word' id='word_1_227' title='bbox 2881 1775 3202 1846; x_wconf 75' lang='grc' dir='ltr'>ἐφεστάναι,</span> <span class='ocrx_word' id='word_1_228' title='bbox 3259 1775 3348 1829; x_wconf 85' lang='grc' dir='ltr'><strong>καί</strong></span> <span class='ocrx_word' id='word_1_229' title='bbox 3398 1796 3451 1830; x_wconf 93' lang='grc' dir='ltr'><strong>τι</strong></span> <span class='ocrx_word' id='word_1_230' title='bbox 3506 1783 3608 1845; x_wconf 81' lang='grc' dir='ltr'><strong>τῆς</strong></span> 
     </span>
    </p>
   </div>
   <div class='ocr_carea' id='block_1_34' title="bbox 182 1859 3605 1962">
    <p class='ocr_par' dir='ltr' id='par_1_34' title="bbox 182 1859 3605 1962">
     <span class='ocr_line' id='line_1_34' title="bbox 182 1859 3605 1962; baseline -0 -42"><span class='ocrx_word' id='word_1_231' title='bbox 182 1866 295 1941; x_wconf 86' lang='grc' dir='ltr'>πρὸ</span> <span class='ocrx_word' id='word_1_232' title='bbox 352 1870 451 1921; x_wconf 76' lang='grc' dir='ltr'><strong>τοῦ</strong></span> <span class='ocrx_word' id='word_1_233' title='bbox 504 1864 585 1937; x_wconf 80' lang='grc' dir='ltr'><strong>τῷ</strong></span> <span class='ocrx_word' id='word_1_234' title='bbox 642 1864 899 1937; x_wconf 76' lang='grc' dir='ltr'>Ἰταλικῷ</span> <span class='ocrx_word' id='word_1_235' title='bbox 960 1866 1322 1939; x_wconf 70' lang='grc' dir='ltr'>στρατεύματι</span> <span class='ocrx_word' id='word_1_236' title='bbox 1392 1867 1794 1941; x_wconf 80' lang='grc' dir='ltr'>φρυαττόμενος</span> <span class='ocrx_word' id='word_1_237' title='bbox 1831 1884 1842 1897; x_wconf 91' lang='grc'><strong>·</strong></span> <span class='ocrx_word' id='word_1_238' title='bbox 1881 1861 2116 1962; x_wconf 75' lang='grc' dir='ltr'>Βαύτοῦ</span> <span class='ocrx_word' id='word_1_239' title='bbox 2155 1859 2333 1962; x_wconf 32' lang='grc' dir='ltr'>,δόξηις</span> <span class='ocrx_word' id='word_1_240' title='bbox 2399 1860 2545 1933; x_wconf 77' lang='grc' dir='ltr'>ἄξιον</span> <span class='ocrx_word' id='word_1_241' title='bbox 2600 1861 3015 1939; x_wconf 64' lang='grc' dir='ltr'>διαπράξεσθαι.</span> <span class='ocrx_word' id='word_1_242' title='bbox 3071 1866 3167 1920; x_wconf 81' lang='grc' dir='ltr'>Ἠν</span> <span class='ocrx_word' id='word_1_243' title='bbox 3224 1865 3329 1939; x_wconf 74' lang='grc' dir='ltr'>γὰρ</span> <span class='ocrx_word' id='word_1_244' title='bbox 3388 1864 3416 1918; x_wconf 85' lang='grc' dir='ltr'>ὁ</span> <span class='ocrx_word' id='word_1_245' title='bbox 3467 1864 3605 1940; x_wconf 79' lang='grc' dir='ltr'>ἀνὴρ</span> 
     </span>
    </p>
   </div>
   <div class='ocr_carea' id='block_1_35' title="bbox 185 1952 1839 2031">
    <p class='ocr_par' dir='ltr' id='par_1_35' title="bbox 185 1952 1839 2031">
     <span class='ocr_line' id='line_1_35' title="bbox 185 1952 1839 2031; baseline -0.001 -23"><span class='ocrx_word' id='word_1_246' title='bbox 185 1952 277 2009; x_wconf 76' lang='grc' dir='ltr'><strong>διὰ</strong></span> <span class='ocrx_word' id='word_1_247' title='bbox 330 1956 432 2030; x_wconf 73' lang='grc' dir='ltr'>γὰρ</span> <span class='ocrx_word' id='word_1_248' title='bbox 489 1955 552 2009; x_wconf 87' lang='grc' dir='ltr'>τὸ</span> <span class='ocrx_word' id='word_1_249' title='bbox 612 1956 749 2030; x_wconf 89' lang='grc' dir='ltr'>πρὸς</span> <span class='ocrx_word' id='word_1_250' title='bbox 804 1955 896 2009; x_wconf 87' lang='grc' dir='ltr'><strong>τὸν</strong></span> <span class='ocrx_word' id='word_1_251' title='bbox 951 1959 1048 2009; x_wconf 69' lang='grc' dir='ltr'><strong>τοῦ</strong></span> <span class='ocrx_word' id='word_1_252' title='bbox 1128 1953 1469 2031; x_wconf 78' lang='grc' dir='ltr'>Φρεδερίχου</span> <span class='ocrx_word' id='word_1_253' title='bbox 1526 1953 1692 2009; x_wconf 83' lang='grc' dir='ltr'>παῖδα</span> <span class='ocrx_word' id='word_1_254' title='bbox 1748 1956 1839 2008; x_wconf 86' lang='grc' dir='ltr'>τὸν</span> 
     </span>
    </p>
   </div>
   <div class='ocr_carea' id='block_1_36' title="bbox 182 2041 1843 2121">
    <p class='ocr_par' dir='ltr' id='par_1_36' title="bbox 182 2041 1843 2121">
     <span class='ocr_line' id='line_1_36' title="bbox 182 2041 1843 2121; baseline -0.001 -22"><span class='ocrx_word' id='word_1_255' title='bbox 182 2045 384 2121; x_wconf 78' lang='grc' dir='ltr'>Μαφρὶ</span> <span class='ocrx_word' id='word_1_256' title='bbox 440 2041 611 2112; x_wconf 78' lang='grc' dir='ltr'>κῆδος</span> <span class='ocrx_word' id='word_1_257' title='bbox 671 2044 758 2098; x_wconf 71' lang='grc' dir='ltr'>ἰπὶ</span> <span class='ocrx_word' id='word_1_258' title='bbox 810 2048 877 2117; x_wconf 79' lang='grc' dir='ltr'><strong>τῇ</strong></span> <span class='ocrx_word' id='word_1_259' title='bbox 909 2044 1129 2121; x_wconf 79' lang='grc' dir='ltr'>θυγατρὶ</span> <span class='ocrx_word' id='word_1_260' title='bbox 1158 2042 1378 2117; x_wconf 78' lang='grc' dir='ltr'>ἓτοιμον</span> <span class='ocrx_word' id='word_1_261' title='bbox 1420 2046 1692 2118; x_wconf 79' lang='grc' dir='ltr'>βοηθῆσον</span> <span class='ocrx_word' id='word_1_262' title='bbox 1727 2043 1843 2117; x_wconf 74' lang='grc' dir='ltr'>εἶχε</span> 
     </span>
    </p>
   </div>
   <div class='ocr_carea' id='block_1_37' title="bbox 180 2134 1842 2211">
    <p class='ocr_par' dir='ltr' id='par_1_37' title="bbox 180 2134 1842 2211">
     <span class='ocr_line' id='line_1_37' title="bbox 180 2134 1842 2211; baseline -0.001 -22"><span class='ocrx_word' id='word_1_263' title='bbox 180 2135 246 2189; x_wconf 81' lang='grc' dir='ltr'>τὸ</span> <span class='ocrx_word' id='word_1_264' title='bbox 294 2134 498 2198; x_wconf 74' lang='grc' dir='ltr'>ἐκεῖθεν</span> <span class='ocrx_word' id='word_1_265' title='bbox 556 2135 970 2209; x_wconf 83' lang='grc' dir='ltr'>στρατιωτικὸν)</span> <span class='ocrx_word' id='word_1_266' title='bbox 1017 2135 1173 2211; x_wconf 70' lang='grc' dir='ltr'>ἀφεὶς</span> <span class='ocrx_word' id='word_1_267' title='bbox 1226 2136 1288 2189; x_wconf 86' lang='grc' dir='ltr'>τὸ</span> <span class='ocrx_word' id='word_1_268' title='bbox 1345 2134 1428 2189; x_wconf 76' lang='grc' dir='ltr'><strong>ἐπ’</strong></span> <span class='ocrx_word' id='word_1_269' title='bbox 1458 2135 1683 2196; x_wconf 72' lang='grc' dir='ltr'>ἐκείνοις</span> <span class='ocrx_word' id='word_1_270' title='bbox 1710 2134 1842 2209; x_wconf 82' lang='grc' dir='ltr'><strong>θαρ-</strong></span> 
     </span>
    </p>
   </div>
   <div class='ocr_carea' id='block_1_38' title="bbox 181 2220 1841 2299">
    <p class='ocr_par' dir='ltr' id='par_1_38' title="bbox 181 2220 1841 2299">
     <span class='ocr_line' id='line_1_38' title="bbox 181 2220 1841 2299; baseline 0 -22"><span class='ocrx_word' id='word_1_271' title='bbox 181 2222 293 2299; x_wconf 79' lang='grc' dir='ltr'>ῥεῖν</span> <span class='ocrx_word' id='word_1_272' title='bbox 352 2221 447 2277; x_wconf 69' lang='grc' dir='ltr'>ἰπὶ</span> <span class='ocrx_word' id='word_1_273' title='bbox 500 2220 736 2284; x_wconf 73' lang='grc' dir='ltr'>σπονδὰς</span> <span class='ocrx_word' id='word_1_274' title='bbox 793 2222 1135 2299; x_wconf 74' lang='grc' dir='ltr'>καταφεύγει,</span> <span class='ocrx_word' id='word_1_275' title='bbox 1190 2224 1279 2278; x_wconf 81' lang='grc' dir='ltr'>καὶ</span> <span class='ocrx_word' id='word_1_276' title='bbox 1336 2226 1555 2298; x_wconf 77' lang='grc' dir='ltr'>πέμψας</span> <span class='ocrx_word' id='word_1_277' title='bbox 1617 2221 1841 2277; x_wconf 73' lang='grc' dir='ltr'>ἱκετεύει</span> 
     </span>
    </p>
   </div>
   <div class='ocr_carea' id='block_1_39' title="bbox 177 2309 1839 2387">
    <p class='ocr_par' dir='ltr' id='par_1_39' title="bbox 177 2309 1839 2387">
     <span class='ocr_line' id='line_1_39' title="bbox 177 2309 1839 2387; baseline 0 -22"><span class='ocrx_word' id='word_1_278' title='bbox 177 2311 275 2365; x_wconf 86' lang='grc' dir='ltr'>τὸν</span> <span class='ocrx_word' id='word_1_279' title='bbox 328 2314 590 2381; x_wconf 83' lang='grc' dir='ltr'>Ἰωάννην</span> <span class='ocrx_word' id='word_1_280' title='bbox 652 2309 1116 2384; x_wconf 85' lang='grc' dir='ltr'>μετακλαιόμενός</span> <span class='ocrx_word' id='word_1_281' title='bbox 1170 2333 1228 2367; x_wconf 83' lang='grc' dir='ltr'><strong>τε</strong></span> <span class='ocrx_word' id='word_1_282' title='bbox 1282 2313 1379 2375; x_wconf 77' lang='grc' dir='ltr'><strong>τὰς</strong></span> <span class='ocrx_word' id='word_1_283' title='bbox 1437 2312 1703 2387; x_wconf 70' lang='grc' dir='ltr'>προτέρας</span> <span class='ocrx_word' id='word_1_284' title='bbox 1734 2331 1839 2365; x_wconf 83' lang='grc' dir='ltr'>πα·-</span> 
     </span>
    </p>
   </div>
   <div class='ocr_carea' id='block_1_40' title="bbox 180 2394 1842 2477">
    <p class='ocr_par' dir='ltr' id='par_1_40' title="bbox 180 2394 1842 2477">
     <span class='ocr_line' id='line_1_40' title="bbox 180 2394 1842 2477; baseline 0 -23"><span class='ocrx_word' id='word_1_285' title='bbox 180 2394 514 2472; x_wconf 80' lang='grc' dir='ltr'>λιμϐολίας,</span> <span class='ocrx_word' id='word_1_286' title='bbox 553 2398 644 2455; x_wconf 86' lang='grc' dir='ltr'><strong>καὶ</strong></span> <span class='ocrx_word' id='word_1_287' title='bbox 670 2400 769 2474; x_wconf 79' lang='grc' dir='ltr'><strong>πρὶ</strong></span> <span class='ocrx_word' id='word_1_288' title='bbox 796 2405 904 2455; x_wconf 81' lang='grc' dir='ltr'><strong>τῶν</strong></span> <span class='ocrx_word' id='word_1_289' title='bbox 944 2398 1261 2472; x_wconf 70' lang='grc' dir='ltr'>μελλόντων</span> <span class='ocrx_word' id='word_1_290' title='bbox 1309 2400 1565 2476; x_wconf 71' lang='grc' dir='ltr'>ἐχέγγυον</span> <span class='ocrx_word' id='word_1_291' title='bbox 1607 2400 1842 2477; x_wconf 68' lang='grc' dir='ltr'>ἀσφαλὲς</span> 
     </span>
    </p>
   </div>
   <div class='ocr_carea' id='block_1_41' title="bbox 176 2485 1839 2563">
    <p class='ocr_par' dir='ltr' id='par_1_41' title="bbox 176 2485 1839 2563">
     <span class='ocr_line' id='line_1_41' title="bbox 176 2485 1839 2563; baseline 0 -20"><span class='ocrx_word' id='word_1_292' title='bbox 176 2488 309 2551; x_wconf 77' lang='grc' dir='ltr'>τοὺς</span> <span class='ocrx_word' id='word_1_293' title='bbox 340 2487 543 2563; x_wconf 76' lang='grc' dir='ltr'>ὅρκους</span> <span class='ocrx_word' id='word_1_294' title='bbox 614 2485 817 2543; x_wconf 78' lang='grc' dir='ltr'>ἐδίδου.</span> <span class='ocrx_word' id='word_1_295' title='bbox 880 2488 1094 2559; x_wconf 80' lang='grc' dir='ltr'>Ἑζήτει</span> <span class='ocrx_word' id='word_1_296' title='bbox 1150 2510 1209 2543; x_wconf 91' lang='grc' dir='ltr'><strong>τε</strong></span> <span class='ocrx_word' id='word_1_297' title='bbox 1275 2490 1362 2544; x_wconf 88' lang='grc' dir='ltr'><strong>καὶ</strong></span> <span class='ocrx_word' id='word_1_298' title='bbox 1422 2494 1696 2553; x_wconf 81' lang='grc' dir='ltr'>συνελθεῖν</span> <span class='ocrx_word' id='word_1_299' title='bbox 1745 2488 1839 2561; x_wconf 79' lang='grc' dir='ltr'>ἅμ’</span> 
     </span>
    </p>
   </div>
   <div class='ocr_carea' id='block_1_42' title="bbox 179 2686 1829 2759">
    <p class='ocr_par' dir='ltr' id='par_1_42' title="bbox 179 2686 1829 2759">
     <span class='ocr_line' id='line_1_42' title="bbox 179 2686 1829 2759; baseline 0 -17"><span class='ocrx_word' id='word_1_300' title='bbox 179 2686 414 2759; x_wconf 76' lang='lat' dir='ltr'><strong>putavit</strong></span> <span class='ocrx_word' id='word_1_301' title='bbox 437 2686 864 2759; x_wconf 82' lang='lat' dir='ltr'><strong>expeditionem</strong></span> <span class='ocrx_word' id='word_1_302' title='bbox 898 2688 955 2741; x_wconf 93' lang='lat' dir='ltr'><strong>in</strong></span> <span class='ocrx_word' id='word_1_303' title='bbox 989 2687 1279 2744; x_wconf 92' lang='lat' dir='ltr'><strong>Occiduos</strong></span> <span class='ocrx_word' id='word_1_304' title='bbox 1300 2692 1527 2743; x_wconf 88' lang='lat' dir='ltr'><strong>tractus</strong></span> <span class='ocrx_word' id='word_1_305' title='bbox 1550 2687 1788 2743; x_wconf 88' lang='lat' dir='ltr'><strong>alteram</strong></span> <span class='ocrx_word' id='word_1_306' title='bbox 1815 2703 1829 2752; x_wconf 89' lang='lat'><strong>;</strong></span> 
     </span>
    </p>
   </div>
   <div class='ocr_carea' id='block_1_43' title="bbox 179 2774 1843 2847">
    <p class='ocr_par' dir='ltr' id='par_1_43' title="bbox 179 2774 1843 2847">
     <span class='ocr_line' id='line_1_43' title="bbox 179 2774 1843 2847; baseline 0 -18"><span class='ocrx_word' id='word_1_307' title='bbox 179 2790 300 2831; x_wconf 88' lang='lat' dir='ltr'><strong>non</strong></span> <span class='ocrx_word' id='word_1_308' title='bbox 336 2774 517 2844; x_wconf 88' lang='lat' dir='ltr'><strong>enim,</strong></span> <span class='ocrx_word' id='word_1_309' title='bbox 570 2791 684 2830; x_wconf 92' lang='lat' dir='ltr'><strong>non</strong></span> <span class='ocrx_word' id='word_1_310' title='bbox 731 2774 935 2847; x_wconf 90' lang='lat' dir='ltr'><strong>utique</strong></span> <span class='ocrx_word' id='word_1_311' title='bbox 984 2780 1087 2830; x_wconf 90' lang='lat' dir='ltr'><strong>aut</strong></span> <span class='ocrx_word' id='word_1_312' title='bbox 1138 2778 1493 2847; x_wconf 90' lang='lat' dir='ltr'><strong>sperandum</strong></span> <span class='ocrx_word' id='word_1_313' title='bbox 1545 2779 1689 2843; x_wconf 88' lang='lat' dir='ltr'><strong>erat,</strong></span> <span class='ocrx_word' id='word_1_314' title='bbox 1742 2780 1843 2831; x_wconf 92' lang='lat' dir='ltr'><strong>aut</strong></span> 
     </span>
    </p>
   </div>
   <div class='ocr_carea' id='block_1_44' title="bbox 182 2864 1841 2938">
    <p class='ocr_par' dir='ltr' id='par_1_44' title="bbox 182 2864 1841 2938">
     <span class='ocr_line' id='line_1_44' title="bbox 182 2864 1841 2938; baseline -0.001 -17"><span class='ocrx_word' id='word_1_315' title='bbox 182 2864 429 2921; x_wconf 87' lang='lat' dir='ltr'><strong>omnino</strong></span> <span class='ocrx_word' id='word_1_316' title='bbox 460 2864 584 2919; x_wconf 81' lang='lat' dir='ltr'><strong>ﬁeri</strong></span> <span class='ocrx_word' id='word_1_317' title='bbox 617 2868 847 2936; x_wconf 79' lang='lat' dir='ltr'><strong>poterat</strong></span> <span class='ocrx_word' id='word_1_318' title='bbox 888 2869 952 2919; x_wconf 90' lang='lat' dir='ltr'><strong>ut</strong></span> <span class='ocrx_word' id='word_1_319' title='bbox 981 2867 1369 2935; x_wconf 69' lang='lat' dir='ltr'><strong>praesentibus</strong></span> <span class='ocrx_word' id='word_1_320' title='bbox 1400 2867 1841 2938; x_wconf 80' lang='lat' dir='ltr'><strong>acquiescerent</strong></span> 
     </span>
    </p>
   </div>
   <div class='ocr_carea' id='block_1_45' title="bbox 176 2954 1841 3027">
    <p class='ocr_par' dir='ltr' id='par_1_45' title="bbox 176 2954 1841 3027">
     <span class='ocr_line' id='line_1_45' title="bbox 176 2954 1841 3027; baseline 0.001 -18"><span class='ocrx_word' id='word_1_321' title='bbox 176 2959 281 3009; x_wconf 89' lang='lat' dir='ltr'><strong>aut</strong></span> <span class='ocrx_word' id='word_1_322' title='bbox 331 2969 537 3009; x_wconf 89' lang='lat' dir='ltr'><strong>secure</strong></span> <span class='ocrx_word' id='word_1_323' title='bbox 586 2954 887 3025; x_wconf 88' lang='lat' dir='ltr'><strong>quiescere</strong></span> <span class='ocrx_word' id='word_1_324' title='bbox 938 2970 1043 3009; x_wconf 92' lang='lat' dir='ltr'><strong>nos</strong></span> <span class='ocrx_word' id='word_1_325' title='bbox 1078 2954 1351 3011; x_wconf 81' lang='lat' dir='ltr'><strong>sinerent</strong></span> <span class='ocrx_word' id='word_1_326' title='bbox 1390 2954 1841 3027; x_wconf 74' lang='lat' dir='ltr'><strong>inquietissimaa</strong></span> 
     </span>
    </p>
   </div>
   <div class='ocr_carea' id='block_1_46' title="bbox 170 3044 1841 3116">
    <p class='ocr_par' dir='ltr' id='par_1_46' title="bbox 170 3044 1841 3116">
     <span class='ocr_line' id='line_1_46' title="bbox 170 3044 1841 3116; baseline -0.001 -15"><span class='ocrx_word' id='word_1_327' title='bbox 170 3048 402 3116; x_wconf 79' lang='lat' dir='ltr'><strong>gentes.</strong></span> <span class='ocrx_word' id='word_1_328' title='bbox 436 3044 623 3109; x_wconf 81' lang='lat' dir='ltr'><strong>Quare</strong></span> <span class='ocrx_word' id='word_1_329' title='bbox 650 3044 1105 3111; x_wconf 87' lang='lat' dir='ltr'><strong>cessandum,ao</strong></span> <span class='ocrx_word' id='word_1_330' title='bbox 1139 3062 1211 3101; x_wconf 92' lang='lat' dir='ltr'><strong>ne</strong></span> <span class='ocrx_word' id='word_1_331' title='bbox 1243 3046 1650 3101; x_wconf 89' lang='lat' dir='ltr'><strong>cunctandum</strong></span> <span class='ocrx_word' id='word_1_332' title='bbox 1685 3062 1719 3116; x_wconf 92' lang='lat' dir='ltr'><strong>q</strong></span> <span class='ocrx_word' id='word_1_333' title='bbox 1745 3044 1841 3099; x_wconf 90' lang='lat' dir='ltr'><strong>ui-</strong></span> 
     </span>
    </p>
   </div>
   <div class='ocr_carea' id='block_1_47' title="bbox 1950 1949 3609 2025">
    <p class='ocr_par' dir='ltr' id='par_1_47' title="bbox 1950 1949 3609 2025">
     <span class='ocr_line' id='line_1_47' title="bbox 1950 1949 3609 2025; baseline 0.002 -20"><span class='ocrx_word' id='word_1_334' title='bbox 1950 1956 2068 2012; x_wconf 91' lang='grc' dir='ltr'>ταῖς</span> <span class='ocrx_word' id='word_1_335' title='bbox 2118 1949 2401 2019; x_wconf 81' lang='grc' dir='ltr'>ἀληθείαις</span> <span class='ocrx_word' id='word_1_336' title='bbox 2452 1952 2729 2022; x_wconf 77' lang='grc' dir='ltr'>ὀξύτατος,</span> <span class='ocrx_word' id='word_1_337' title='bbox 2783 1954 2857 2015; x_wconf 87' lang='grc' dir='ltr'>ὡς</span> <span class='ocrx_word' id='word_1_338' title='bbox 2906 1957 2995 2006; x_wconf 75' lang='grc' dir='ltr'><strong>νῦν</strong></span> <span class='ocrx_word' id='word_1_339' title='bbox 3057 1954 3152 2025; x_wconf 72' lang='grc' dir='ltr'><strong>μὲν</strong></span> <span class='ocrx_word' id='word_1_340' title='bbox 3187 1953 3391 2007; x_wconf 73' lang='grc' dir='ltr'>ἐνταῦθ’</span> <span class='ocrx_word' id='word_1_341' title='bbox 3419 1954 3609 2009; x_wconf 76' lang='grc' dir='ltr'>ἀκούε-</span> 
     </span>
    </p>
   </div>
   <div class='ocr_carea' id='block_1_48' title="bbox 1949 2037 3608 2116">
    <p class='ocr_par' dir='ltr' id='par_1_48' title="bbox 1949 2037 3608 2116">
     <span class='ocr_line' id='line_1_48' title="bbox 1949 2037 3608 2116; baseline 0.002 -23"><span class='ocrx_word' id='word_1_342' title='bbox 1949 2042 2091 2113; x_wconf 75' lang='grc' dir='ltr'>σθαι,</span> <span class='ocrx_word' id='word_1_343' title='bbox 2138 2044 2227 2094; x_wconf 68' lang='grc' dir='ltr'>νῦν</span> <span class='ocrx_word' id='word_1_344' title='bbox 2279 2037 2336 2094; x_wconf 73' lang='grc' dir='ltr'>δὲ</span> <span class='ocrx_word' id='word_1_345' title='bbox 2382 2047 2634 2116; x_wconf 88' lang='grc' dir='ltr'>παρεῖναι</span> <span class='ocrx_word' id='word_1_346' title='bbox 2686 2043 2823 2096; x_wconf 82' lang='grc' dir='ltr'>ὅπου</span> <span class='ocrx_word' id='word_1_347' title='bbox 2872 2062 2954 2103; x_wconf 86' lang='grc' dir='ltr'><strong>τις</strong></span> <span class='ocrx_word' id='word_1_348' title='bbox 3016 2040 3157 2113; x_wconf 79' lang='grc' dir='ltr'><strong>μηδὲ</strong></span> <span class='ocrx_word' id='word_1_349' title='bbox 3207 2040 3608 2115; x_wconf 86' lang='grc' dir='ltr'>προσεδόκησεν</span> 
     </span>
    </p>
   </div>
   <div class='ocr_carea' id='block_1_49' title="bbox 1950 2126 3606 2205">
    <p class='ocr_par' dir='ltr' id='par_1_49' title="bbox 1950 2126 3606 2205">
     <span class='ocr_line' id='line_1_49' title="bbox 1950 2126 3606 2205; baseline 0.001 -22"><span class='ocrx_word' id='word_1_350' title='bbox 1950 2126 2009 2183; x_wconf 77' lang='grc' dir='ltr'>ἂν</span> <span class='ocrx_word' id='word_1_351' title='bbox 2042 2130 2287 2185; x_wconf 86' lang='grc' dir='ltr'>πώποτε.</span> <span class='ocrx_word' id='word_1_352' title='bbox 2338 2130 2539 2191; x_wconf 75' lang='grc' dir='ltr'>Σκευᾶς</span> <span class='ocrx_word' id='word_1_353' title='bbox 2601 2128 2645 2184; x_wconf 90' lang='grc' dir='ltr'>δ’</span> <span class='ocrx_word' id='word_1_354' title='bbox 2694 2130 2896 2194; x_wconf 74' lang='grc' dir='ltr'>ὲκείνας</span> <span class='ocrx_word' id='word_1_355' title='bbox 2940 2130 3030 2185; x_wconf 83' lang='grc' dir='ltr'><strong>καὶ</strong></span> <span class='ocrx_word' id='word_1_356' title='bbox 3076 2128 3368 2205; x_wconf 76' lang='grc' dir='ltr'>ταγμᾶτων</span> <span class='ocrx_word' id='word_1_357' title='bbox 3418 2128 3606 2202; x_wconf 78' lang='grc' dir='ltr'>πλήθη</span> 
     </span>
    </p>
   </div>
   <div class='ocr_carea' id='block_1_50' title="bbox 1949 2217 3611 2296">
    <p class='ocr_par' dir='ltr' id='par_1_50' title="bbox 1949 2217 3611 2296">
     <span class='ocr_line' id='line_1_50' title="bbox 1949 2217 3611 2296; baseline 0.001 -24"><span class='ocrx_word' id='word_1_358' title='bbox 1949 2217 2037 2272; x_wconf 86' lang='grc' dir='ltr'><strong>καὶ</strong></span> <span class='ocrx_word' id='word_1_359' title='bbox 2095 2219 2379 2293; x_wconf 88' lang='grc' dir='ltr'>θεραπείας</span> <span class='ocrx_word' id='word_1_360' title='bbox 2436 2218 2628 2296; x_wconf 81' lang='grc' dir='ltr'>ἀφιεὶς.</span> <span class='ocrx_word' id='word_1_361' title='bbox 2683 2220 2910 2295; x_wconf 72' lang='grc' dir='ltr'>ἰσπέρας</span> <span class='ocrx_word' id='word_1_362' title='bbox 2963 2219 3360 2293; x_wconf 79' lang='grc' dir='ltr'>σκευαζόμενος</span> <span class='ocrx_word' id='word_1_363' title='bbox 3415 2217 3611 2283; x_wconf 56' lang='grc' dir='ltr'>θίπποις</span> 
     </span>
    </p>
   </div>
   <div class='ocr_carea' id='block_1_51' title="bbox 1949 2305 3606 2383">
    <p class='ocr_par' dir='ltr' id='par_1_51' title="bbox 1949 2305 3606 2383">
     <span class='ocr_line' id='line_1_51' title="bbox 1949 2305 3606 2383; baseline 0 -20"><span class='ocrx_word' id='word_1_364' title='bbox 1949 2305 2155 2382; x_wconf 70' lang='grc' dir='ltr'>ἰχρῆτο</span> <span class='ocrx_word' id='word_1_365' title='bbox 2211 2305 2649 2383; x_wconf 81' lang='grc' dir='ltr'>ταχυδρομοῦσι,</span> <span class='ocrx_word' id='word_1_366' title='bbox 2706 2308 2797 2364; x_wconf 87' lang='grc' dir='ltr'><strong>καὶ</strong></span> <span class='ocrx_word' id='word_1_367' title='bbox 2854 2315 2972 2371; x_wconf 90' lang='grc' dir='ltr'>τοῖς</span> <span class='ocrx_word' id='word_1_368' title='bbox 3036 2307 3167 2381; x_wconf 83' lang='grc' dir='ltr'>μηδ’</span> <span class='ocrx_word' id='word_1_369' title='bbox 3223 2308 3300 2373; x_wconf 68' lang='grc' dir='ltr'>εἷς</span> <span class='ocrx_word' id='word_1_370' title='bbox 3353 2313 3475 2365; x_wconf 76' lang='grc' dir='ltr'>νοῦν</span> <span class='ocrx_word' id='word_1_371' title='bbox 3509 2311 3606 2379; x_wconf 71' lang='grc' dir='ltr'><strong>τὴν</strong></span> 
     </span>
    </p>
   </div>
   <div class='ocr_carea' id='block_1_52' title="bbox 1949 2394 3605 2473">
    <p class='ocr_par' dir='ltr' id='par_1_52' title="bbox 1949 2394 3605 2473">
     <span class='ocr_line' id='line_1_52' title="bbox 1949 2394 3605 2473; baseline 0.001 -22"><span class='ocrx_word' id='word_1_372' title='bbox 1949 2395 2151 2451; x_wconf 67' lang='grc' dir='ltr'>ἑκείνου</span> <span class='ocrx_word' id='word_1_373' title='bbox 2204 2394 2393 2471; x_wconf 85' lang='grc' dir='ltr'>ἔχουσι</span> <span class='ocrx_word' id='word_1_374' title='bbox 2474 2400 2770 2473; x_wconf 86' lang='grc' dir='ltr'>παρουσίαν</span> <span class='ocrx_word' id='word_1_375' title='bbox 2834 2397 3089 2473; x_wconf 79' lang='grc' dir='ltr'>ἐφίστατο</span> <span class='ocrx_word' id='word_1_376' title='bbox 3128 2440 3141 2457; x_wconf 94' lang='grc'><strong>.</strong></span> <span class='ocrx_word' id='word_1_377' title='bbox 3214 2397 3318 2455; x_wconf 86' lang='grc' dir='ltr'>Καὶ</span> <span class='ocrx_word' id='word_1_378' title='bbox 3380 2396 3468 2453; x_wconf 71' lang='grc' dir='ltr'>’ίνα</span> <span class='ocrx_word' id='word_1_379' title='bbox 3530 2400 3605 2471; x_wconf 79' lang='grc' dir='ltr'>μὴ</span> 
     </span>
    </p>
   </div>
   <div class='ocr_carea' id='block_1_53' title="bbox 1948 2485 3608 2565">
    <p class='ocr_par' dir='ltr' id='par_1_53' title="bbox 1948 2485 3608 2565">
     <span class='ocr_line' id='line_1_53' title="bbox 1948 2485 3608 2565; baseline 0.001 -24"><span class='ocrx_word' id='word_1_380' title='bbox 1948 2485 2313 2561; x_wconf 84' lang='grc' dir='ltr'>καταχαλῷτο</span> <span class='ocrx_word' id='word_1_381' title='bbox 2360 2486 2423 2542; x_wconf 87' lang='grc' dir='ltr'>τὸ</span> <span class='ocrx_word' id='word_1_382' title='bbox 2474 2492 2633 2560; x_wconf 81' lang='grc' dir='ltr'>σῶμα</span> <span class='ocrx_word' id='word_1_383' title='bbox 2682 2486 3006 2560; x_wconf 75' lang='grc' dir='ltr'>κινούμενον</span> <span class='ocrx_word' id='word_1_384' title='bbox 3036 2486 3117 2565; x_wconf 65' lang='grc' dir='ltr'><strong>ἐφ’</strong></span> <span class='ocrx_word' id='word_1_385' title='bbox 3143 2486 3332 2542; x_wconf 73' lang='grc' dir='ltr'>’ίππων</span> <span class='ocrx_word' id='word_1_386' title='bbox 3360 2487 3450 2542; x_wconf 84' lang='grc' dir='ltr'><strong>καὶ</strong></span> <span class='ocrx_word' id='word_1_387' title='bbox 3482 2487 3608 2543; x_wconf 83' lang='grc' dir='ltr'>ἀνα-</span> 
     </span>
    </p>
   </div>
   <div class='ocr_carea' id='block_1_54' title="bbox 1949 2683 3609 2757">
    <p class='ocr_par' dir='ltr' id='par_1_54' title="bbox 1949 2683 3609 2757">
     <span class='ocr_line' id='line_1_54' title="bbox 1949 2683 3609 2757; baseline 0.002 -19"><span class='ocrx_word' id='word_1_388' title='bbox 1949 2683 2345 2740; x_wconf 83' lang='lat' dir='ltr'><strong>immutabilis</strong></span> <span class='ocrx_word' id='word_1_389' title='bbox 2398 2686 2616 2757; x_wconf 86' lang='lat' dir='ltr'><strong>pignus</strong></span> <span class='ocrx_word' id='word_1_390' title='bbox 2654 2690 2829 2757; x_wconf 87' lang='lat' dir='ltr'><strong>atque</strong></span> <span class='ocrx_word' id='word_1_391' title='bbox 2860 2686 3125 2742; x_wconf 88' lang='lat' dir='ltr'><strong>obsidem</strong></span> <span class='ocrx_word' id='word_1_392' title='bbox 3176 2684 3390 2741; x_wconf 86' lang='lat' dir='ltr'><strong>obtulit</strong></span> <span class='ocrx_word' id='word_1_393' title='bbox 3426 2686 3609 2755; x_wconf 82' lang='lat' dir='ltr'><strong>juris—</strong></span> 
     </span>
    </p>
   </div>
   <div class='ocr_carea' id='block_1_55' title="bbox 1943 2772 3608 2847">
    <p class='ocr_par' dir='ltr' id='par_1_55' title="bbox 1943 2772 3608 2847">
     <span class='ocr_line' id='line_1_55' title="bbox 1943 2772 3608 2847; baseline 0.002 -20"><span class='ocrx_word' id='word_1_394' title='bbox 1943 2772 2190 2842; x_wconf 84' lang='lat' dir='ltr'><strong>jurandi</strong></span> <span class='ocrx_word' id='word_1_395' title='bbox 2222 2773 2585 2844; x_wconf 83' lang='lat' dir='ltr'><strong>religionem,</strong></span> <span class='ocrx_word' id='word_1_396' title='bbox 2620 2792 2736 2847; x_wconf 88' lang='lat' dir='ltr'><strong>qua</strong></span> <span class='ocrx_word' id='word_1_397' title='bbox 2768 2776 3036 2847; x_wconf 65' lang='lat' dir='ltr'><strong>praesenti</strong></span> <span class='ocrx_word' id='word_1_398' title='bbox 3087 2791 3151 2830; x_wconf 92' lang='lat' dir='ltr'><strong>se</strong></span> <span class='ocrx_word' id='word_1_399' title='bbox 3195 2776 3608 2847; x_wconf 89' lang='lat' dir='ltr'><strong>obstringeret,</strong></span> 
     </span>
    </p>
   </div>
   <div class='ocr_carea' id='block_1_56' title="bbox 1951 2861 3611 2935">
    <p class='ocr_par' dir='ltr' id='par_1_56' title="bbox 1951 2861 3611 2935">
     <span class='ocr_line' id='line_1_56' title="bbox 1951 2861 3611 2935; baseline 0.002 -19"><span class='ocrx_word' id='word_1_400' title='bbox 1951 2861 2227 2933; x_wconf 87' lang='lat' dir='ltr'><strong>colloquii</strong></span> <span class='ocrx_word' id='word_1_401' title='bbox 2281 2863 2513 2933; x_wconf 90' lang='lat' dir='ltr'><strong>copiam</strong></span> <span class='ocrx_word' id='word_1_402' title='bbox 2562 2865 2634 2918; x_wconf 91' lang='lat' dir='ltr'><strong>ad</strong></span> <span class='ocrx_word' id='word_1_403' title='bbox 2687 2865 2743 2919; x_wconf 91' lang='lat' dir='ltr'><strong>id</strong></span> <span class='ocrx_word' id='word_1_404' title='bbox 2795 2864 3131 2935; x_wconf 83' lang='lat' dir='ltr'><strong>postulans,</strong></span> <span class='ocrx_word' id='word_1_405' title='bbox 3177 2869 3233 2919; x_wconf 93' lang='lat' dir='ltr'><strong>et</strong></span> <span class='ocrx_word' id='word_1_406' title='bbox 3267 2881 3506 2935; x_wconf 88' lang='lat' dir='ltr'><strong>sperare</strong></span> <span class='ocrx_word' id='word_1_407' title='bbox 3550 2881 3611 2920; x_wconf 91' lang='lat' dir='ltr'><strong>se</strong></span> 
     </span>
    </p>
   </div>
   <div class='ocr_carea' id='block_1_57' title="bbox 1958 2950 3610 3024">
    <p class='ocr_par' dir='ltr' id='par_1_57' title="bbox 1958 2950 3610 3024">
     <span class='ocr_line' id='line_1_57' title="bbox 1958 2950 3610 3024; baseline 0.002 -20"><span class='ocrx_word' id='word_1_408' title='bbox 1958 2950 2117 3007; x_wconf 90' lang='lat' dir='ltr'><strong>aiens</strong></span> <span class='ocrx_word' id='word_1_409' title='bbox 2149 2956 2353 3007; x_wconf 89' lang='lat' dir='ltr'><strong>mutuo</strong></span> <span class='ocrx_word' id='word_1_410' title='bbox 2405 2957 2721 3024; x_wconf 88' lang='lat' dir='ltr'><strong>conspectu</strong></span> <span class='ocrx_word' id='word_1_411' title='bbox 2756 2953 2995 3009; x_wconf 67' lang='lat' dir='ltr'><strong>sincere</strong></span> <span class='ocrx_word' id='word_1_412' title='bbox 3028 2970 3147 3008; x_wconf 65' lang='lat' dir='ltr'><strong>sum</strong></span> <span class='ocrx_word' id='word_1_413' title='bbox 3198 2953 3520 3009; x_wconf 80' lang='lat' dir='ltr'><strong>voluntatis</strong></span> <span class='ocrx_word' id='word_1_414' title='bbox 3552 2954 3610 3008; x_wconf 90' lang='lat' dir='ltr'><strong>in</strong></span> 
     </span>
    </p>
   </div>
   <div class='ocr_carea' id='block_1_58' title="bbox 1951 3041 3610 3113">
    <p class='ocr_par' dir='ltr' id='par_1_58' title="bbox 1951 3041 3610 3113">
     <span class='ocr_line' id='line_1_58' title="bbox 1951 3041 3610 3113; baseline 0.001 -18"><span class='ocrx_word' id='word_1_415' title='bbox 1951 3043 2227 3096; x_wconf 67' lang='lat' dir='ltr'><strong>aeternam</strong></span> <span class='ocrx_word' id='word_1_416' title='bbox 2241 3042 2618 3096; x_wconf 84' lang='lat' dir='ltr'><strong>concordiam</strong></span> <span class='ocrx_word' id='word_1_417' title='bbox 2636 3042 2834 3105; x_wconf 84' lang='lat' dir='ltr'><strong>ﬁdem,</strong></span> <span class='ocrx_word' id='word_1_418' title='bbox 2860 3041 3610 3113; x_wconf 86' lang='lat' dir='ltr'><strong>quantumlibetduhitanti</strong></span> 
     </span>
    </p>
   </div>
   <div class='ocr_carea' id='block_1_59' title="bbox 169 3129 3611 3202">
    <p class='ocr_par' dir='ltr' id='par_1_59' title="bbox 169 3129 3611 3202">
     <span class='ocr_line' id='line_1_59' title="bbox 169 3129 3611 3202; baseline -0.001 -13"><span class='ocrx_word' id='word_1_419' title='bbox 169 3134 307 3189; x_wconf 89' lang='lat' dir='ltr'><strong>dem</strong></span> <span class='ocrx_word' id='word_1_420' title='bbox 341 3132 429 3189; x_wconf 89' lang='lat' dir='ltr'><strong>vel</strong></span> <span class='ocrx_word' id='word_1_421' title='bbox 463 3133 799 3202; x_wconf 89' lang='lat' dir='ltr'><strong>minimum,</strong></span> <span class='ocrx_word' id='word_1_422' title='bbox 831 3133 902 3188; x_wconf 88' lang='lat' dir='ltr'><strong>ab</strong></span> <span class='ocrx_word' id='word_1_423' title='bbox 924 3133 1007 3189; x_wconf 89' lang='lat' dir='ltr'><strong>eis</strong></span> <span class='ocrx_word' id='word_1_424' title='bbox 1030 3133 1184 3190; x_wconf 90' lang='lat' dir='ltr'><strong>ultro</strong></span> <span class='ocrx_word' id='word_1_425' title='bbox 1205 3134 1560 3191; x_wconf 86' lang='lat' dir='ltr'><strong>invadendis</strong></span> <span class='ocrx_word' id='word_1_426' title='bbox 1601 3139 1658 3191; x_wconf 90' lang='lat' dir='ltr'><strong>et</strong></span> <span class='ocrx_word' id='word_1_427' title='bbox 1684 3134 1845 3191; x_wconf 91' lang='lat' dir='ltr'><strong>malo</strong></span> <span class='ocrx_word' id='word_1_428' title='bbox 1954 3144 2017 3183; x_wconf 75' lang='grc' dir='ltr'><strong>ΒΘ</strong></span> <span class='ocrx_word' id='word_1_429' title='bbox 2048 3129 2362 3184; x_wconf 70' lang='lat' dir='ltr'><strong>facturum.</strong></span> <span class='ocrx_word' id='word_1_430' title='bbox 2396 3130 2562 3185; x_wconf 84' lang='lat' dir='ltr'><strong>Haud</strong></span> <span class='ocrx_word' id='word_1_431' title='bbox 2596 3136 2948 3201; x_wconf 87' lang='lat' dir='ltr'><strong>aspernatus</strong></span> <span class='ocrx_word' id='word_1_432' title='bbox 2981 3130 3329 3202; x_wconf 84' lang='lat' dir='ltr'><strong>legationem</strong></span> <span class='ocrx_word' id='word_1_433' title='bbox 3363 3131 3611 3202; x_wconf 79' lang='lat' dir='ltr'><strong>despota</strong></span> 
     </span>
    </p>
   </div>
   <div class='ocr_carea' id='block_1_60' title="bbox 170 3221 1842 3297">
    <p class='ocr_par' dir='ltr' id='par_1_60' title="bbox 170 3221 1842 3297">
     <span class='ocr_line' id='line_1_60' title="bbox 170 3221 1842 3297; baseline 0.001 -20"><span class='ocrx_word' id='word_1_434' title='bbox 170 3221 471 3278; x_wconf 75' lang='lat' dir='ltr'><strong>donandis</strong></span> <span class='ocrx_word' id='word_1_435' title='bbox 510 3222 724 3278; x_wconf 80' lang='lat' dir='ltr'><strong>Joanni</strong></span> <span class='ocrx_word' id='word_1_436' title='bbox 755 3223 1011 3295; x_wconf 66' lang='lat' dir='ltr'><strong>despota</strong></span> <span class='ocrx_word' id='word_1_437' title='bbox 1064 3239 1179 3279; x_wconf 92' lang='lat' dir='ltr'><strong>non</strong></span> <span class='ocrx_word' id='word_1_438' title='bbox 1211 3232 1355 3294; x_wconf 82' lang='lat' dir='ltr'><strong>erat,</strong></span> <span class='ocrx_word' id='word_1_439' title='bbox 1400 3240 1679 3297; x_wconf 78' lang='lat' dir='ltr'><strong>magnam</strong></span> <span class='ocrx_word' id='word_1_440' title='bbox 1712 3225 1842 3295; x_wconf 89' lang='lat' dir='ltr'><strong>ejus</strong></span> 
     </span>
    </p>
   </div>
   <div class='ocr_carea' id='block_1_61' title="bbox 1951 3216 3610 3290">
    <p class='ocr_par' dir='ltr' id='par_1_61' title="bbox 1951 3216 3610 3290">
     <span class='ocr_line' id='line_1_61' title="bbox 1951 3216 3610 3290; baseline 0.001 -18"><span class='ocrx_word' id='word_1_441' title='bbox 1951 3216 2227 3288; x_wconf 86' lang='lat' dir='ltr'><strong>Joannes,</strong></span> <span class='ocrx_word' id='word_1_442' title='bbox 2260 3217 2361 3289; x_wconf 89' lang='lat' dir='ltr'><strong>qui</strong></span> <span class='ocrx_word' id='word_1_443' title='bbox 2395 3234 2454 3274; x_wconf 91' lang='lat' dir='ltr'><strong>se</strong></span> <span class='ocrx_word' id='word_1_444' title='bbox 2488 3217 2661 3290; x_wconf 89' lang='lat' dir='ltr'><strong>plena</strong></span> <span class='ocrx_word' id='word_1_445' title='bbox 2691 3219 2760 3273; x_wconf 93' lang='lat' dir='ltr'><strong>ad</strong></span> <span class='ocrx_word' id='word_1_446' title='bbox 2806 3219 3180 3274; x_wconf 88' lang='lat' dir='ltr'><strong>tractandum</strong></span> <span class='ocrx_word' id='word_1_447' title='bbox 3216 3223 3500 3290; x_wconf 82' lang='lat' dir='ltr'><strong>potestate</strong></span> <span class='ocrx_word' id='word_1_448' title='bbox 3522 3221 3610 3274; x_wconf 85' lang='lat' dir='ltr'><strong>in-</strong></span> 
     </span>
    </p>
   </div>
   <div class='ocr_carea' id='block_1_62' title="bbox 181 3308 3611 3393">
    <p class='ocr_par' dir='ltr' id='par_1_62' title="bbox 181 3308 3611 3393">
     <span class='ocr_line' id='line_1_62' title="bbox 181 3308 3611 3393; baseline 0 -27"><span class='ocrx_word' id='word_1_449' title='bbox 181 3310 320 3393; x_wconf 81' lang='lat' dir='ltr'><strong>belli</strong></span> <span class='ocrx_word' id='word_1_450' title='bbox 343 3311 601 3366; x_wconf 89' lang='lat' dir='ltr'><strong>habente</strong></span> <span class='ocrx_word' id='word_1_451' title='bbox 616 3312 954 3367; x_wconf 79' lang='lat' dir='ltr'><strong>facultatem</strong></span> <span class='ocrx_word' id='word_1_452' title='bbox 970 3328 1177 3369; x_wconf 90' lang='lat' dir='ltr'><strong>secura</strong></span> <span class='ocrx_word' id='word_1_453' title='bbox 1204 3313 1580 3386; x_wconf 86' lang='lat' dir='ltr'><strong>possessione</strong></span> <span class='ocrx_word' id='word_1_454' title='bbox 1598 3314 1843 3370; x_wconf 87' lang='lat' dir='ltr'><strong>Thessa-</strong></span> <span class='ocrx_word' id='word_1_455' title='bbox 1879 3326 1922 3393; x_wconf 71' lang='grc' dir='ltr'>α</span> <span class='ocrx_word' id='word_1_456' title='bbox 1960 3310 2249 3362; x_wconf 71' lang='lat' dir='ltr'><strong>structum</strong></span> <span class='ocrx_word' id='word_1_457' title='bbox 2283 3308 2355 3362; x_wconf 75' lang='lat' dir='ltr'><strong>ab</strong></span> <span class='ocrx_word' id='word_1_458' title='bbox 2404 3308 2755 3379; x_wconf 76' lang='lat' dir='ltr'><strong>imperatore</strong></span> <span class='ocrx_word' id='word_1_459' title='bbox 2786 3308 3156 3373; x_wconf 80' lang='lat' dir='ltr'><strong>meminerat,</strong></span> <span class='ocrx_word' id='word_1_460' title='bbox 3192 3308 3346 3363; x_wconf 88' lang='lat' dir='ltr'><strong>diem</strong></span> <span class='ocrx_word' id='word_1_461' title='bbox 3383 3309 3611 3364; x_wconf 85' lang='lat' dir='ltr'><strong>locum-</strong></span> 
     </span>
    </p>
   </div>
   <div class='ocr_carea' id='block_1_63' title="bbox 172 3386 1843 3469">
    <p class='ocr_par' dir='ltr' id='par_1_63' title="bbox 172 3386 1843 3469">
     <span class='ocr_line' id='line_1_63' title="bbox 172 3386 1843 3469; baseline 0.002 -15"><span class='ocrx_word' id='word_1_462' title='bbox 172 3386 504 3455; x_wconf 85' lang='lat' dir='ltr'><strong>lonicensis</strong></span> <span class='ocrx_word' id='word_1_463' title='bbox 534 3400 841 3469; x_wconf 87' lang='lat' dir='ltr'><strong>urbis,ubi</strong></span> <span class='ocrx_word' id='word_1_464' title='bbox 866 3406 923 3456; x_wconf 87' lang='lat' dir='ltr'><strong>et</strong></span> <span class='ocrx_word' id='word_1_465' title='bbox 956 3402 1269 3459; x_wconf 90' lang='lat' dir='ltr'><strong>stationem</strong></span> <span class='ocrx_word' id='word_1_466' title='bbox 1303 3408 1521 3459; x_wconf 86' lang='lat' dir='ltr'><strong>certam</strong></span> <span class='ocrx_word' id='word_1_467' title='bbox 1554 3408 1613 3459; x_wconf 90' lang='lat' dir='ltr'><strong>et</strong></span> <span class='ocrx_word' id='word_1_468' title='bbox 1631 3403 1702 3458; x_wconf 91' lang='lat' dir='ltr'><strong>ad</strong></span> <span class='ocrx_word' id='word_1_469' title='bbox 1735 3404 1843 3457; x_wconf 84' lang='lat' dir='ltr'><strong>im-</strong></span> 
     </span>
    </p>
   </div>
   <div class='ocr_carea' id='block_1_64' title="bbox 177 3488 1839 3567">
    <p class='ocr_par' dir='ltr' id='par_1_64' title="bbox 177 3488 1839 3567">
     <span class='ocr_line' id='line_1_64' title="bbox 177 3488 1839 3567; baseline 0.002 -23"><span class='ocrx_word' id='word_1_470' title='bbox 177 3492 356 3560; x_wconf 81' lang='lat' dir='ltr'><strong>petua</strong></span> <span class='ocrx_word' id='word_1_471' title='bbox 371 3488 779 3544; x_wconf 88' lang='lat' dir='ltr'><strong>incursionum</strong></span> <span class='ocrx_word' id='word_1_472' title='bbox 796 3490 853 3545; x_wconf 91' lang='lat' dir='ltr'><strong>in</strong></span> <span class='ocrx_word' id='word_1_473' title='bbox 867 3507 1095 3546; x_wconf 91' lang='lat' dir='ltr'><strong>omnem</strong></span> <span class='ocrx_word' id='word_1_474' title='bbox 1112 3492 1562 3567; x_wconf 87' lang='lat' dir='ltr'><strong>circumquaque</strong></span> <span class='ocrx_word' id='word_1_475' title='bbox 1574 3494 1839 3549; x_wconf 76' lang='lat' dir='ltr'><strong>sitaster-</strong></span> 
     </span>
    </p>
   </div>
   <div class='ocr_carea' id='block_1_65' title="bbox 175 3576 1840 3655">
    <p class='ocr_par' dir='ltr' id='par_1_65' title="bbox 175 3576 1840 3655">
     <span class='ocr_line' id='line_1_65' title="bbox 175 3576 1840 3655; baseline 0.004 -25"><span class='ocrx_word' id='word_1_476' title='bbox 175 3593 275 3632; x_wconf 89' lang='lat' dir='ltr'><strong>ras</strong></span> <span class='ocrx_word' id='word_1_477' title='bbox 292 3576 567 3632; x_wconf 81' lang='lat' dir='ltr'><strong>Michaeli</strong></span> <span class='ocrx_word' id='word_1_478' title='bbox 581 3578 880 3648; x_wconf 87' lang='lat' dir='ltr'><strong>subjectas</strong></span> <span class='ocrx_word' id='word_1_479' title='bbox 895 3580 1148 3651; x_wconf 80' lang='lat' dir='ltr'><strong>despotas</strong></span> <span class='ocrx_word' id='word_1_480' title='bbox 1163 3581 1814 3655; x_wconf 86' lang='lat' dir='ltr'><strong>habebatopportunam</strong></span> <span class='ocrx_word' id='word_1_481' title='bbox 1827 3626 1840 3651; x_wconf 92' lang='lat'><strong>,</strong></span> 
     </span>
    </p>
   </div>
   <div class='ocr_carea' id='block_1_66' title="bbox 176 3668 1840 3744">
    <p class='ocr_par' dir='ltr' id='par_1_66' title="bbox 176 3668 1840 3744">
     <span class='ocr_line' id='line_1_66' title="bbox 176 3668 1840 3744; baseline 0.004 -23"><span class='ocrx_word' id='word_1_482' title='bbox 176 3683 314 3721; x_wconf 90' lang='lat' dir='ltr'><strong>cum</strong></span> <span class='ocrx_word' id='word_1_483' title='bbox 350 3670 555 3736; x_wconf 89' lang='lat' dir='ltr'><strong>parato</strong></span> <span class='ocrx_word' id='word_1_484' title='bbox 588 3672 841 3738; x_wconf 87' lang='lat' dir='ltr'><strong>receptu.</strong></span> <span class='ocrx_word' id='word_1_485' title='bbox 876 3668 975 3724; x_wconf 81' lang='lat' dir='ltr'><strong>His</strong></span> <span class='ocrx_word' id='word_1_486' title='bbox 1006 3671 1076 3724; x_wconf 89' lang='lat' dir='ltr'><strong>de</strong></span> <span class='ocrx_word' id='word_1_487' title='bbox 1106 3672 1302 3727; x_wconf 90' lang='lat' dir='ltr'><strong>causis</strong></span> <span class='ocrx_word' id='word_1_488' title='bbox 1333 3689 1399 3727; x_wconf 91' lang='lat' dir='ltr'><strong>eo</strong></span> <span class='ocrx_word' id='word_1_489' title='bbox 1422 3689 1629 3728; x_wconf 87' lang='lat' dir='ltr'><strong>rursus</strong></span> <span class='ocrx_word' id='word_1_490' title='bbox 1651 3673 1840 3744; x_wconf 89' lang='lat' dir='ltr'><strong>impe-</strong></span> 
     </span>
    </p>
   </div>
   <div class='ocr_carea' id='block_1_67' title="bbox 179 3754 1841 3834">
    <p class='ocr_par' dir='ltr' id='par_1_67' title="bbox 179 3754 1841 3834">
     <span class='ocr_line' id='line_1_67' title="bbox 179 3754 1841 3834; baseline 0.004 -25"><span class='ocrx_word' id='word_1_491' title='bbox 179 3760 345 3810; x_wconf 88' lang='lat' dir='ltr'><strong>rator</strong></span> <span class='ocrx_word' id='word_1_492' title='bbox 384 3754 672 3810; x_wconf 85' lang='lat' dir='ltr'><strong>Joannem</strong></span> <span class='ocrx_word' id='word_1_493' title='bbox 714 3757 1014 3828; x_wconf 89' lang='lat' dir='ltr'><strong>despotam</strong></span> <span class='ocrx_word' id='word_1_494' title='bbox 1057 3760 1219 3815; x_wconf 83' lang='lat' dir='ltr'><strong>misit</strong></span> <span class='ocrx_word' id='word_1_495' title='bbox 1257 3777 1390 3815; x_wconf 92' lang='lat' dir='ltr'><strong>cum</strong></span> <span class='ocrx_word' id='word_1_496' title='bbox 1440 3762 1841 3834; x_wconf 83' lang='lat' dir='ltr'><strong>maximapar-</strong></span> 
     </span>
    </p>
   </div>
   <div class='ocr_carea' id='block_1_68' title="bbox 183 3843 1839 3923">
    <p class='ocr_par' dir='ltr' id='par_1_68' title="bbox 183 3843 1839 3923">
     <span class='ocr_line' id='line_1_68' title="bbox 183 3843 1839 3923; baseline 0.005 -25"><span class='ocrx_word' id='word_1_497' title='bbox 183 3848 241 3899; x_wconf 90' lang='lat' dir='ltr'><strong>te</strong></span> <span class='ocrx_word' id='word_1_498' title='bbox 270 3843 599 3915; x_wconf 86' lang='lat' dir='ltr'><strong>copiarum,</strong></span> <span class='ocrx_word' id='word_1_499' title='bbox 634 3844 769 3900; x_wconf 89' lang='lat' dir='ltr'><strong>licet</strong></span> <span class='ocrx_word' id='word_1_500' title='bbox 797 3846 869 3901; x_wconf 92' lang='lat' dir='ltr'><strong>iis</strong></span> <span class='ocrx_word' id='word_1_501' title='bbox 900 3845 1233 3905; x_wconf 82' lang='lat' dir='ltr'><strong>laborantes</strong></span> <span class='ocrx_word' id='word_1_502' title='bbox 1267 3855 1325 3905; x_wconf 89' lang='lat' dir='ltr'><strong>et</strong></span> <span class='ocrx_word' id='word_1_503' title='bbox 1356 3851 1493 3923; x_wconf 67' lang='lat' dir='ltr'><strong>ipsae</strong></span> <span class='ocrx_word' id='word_1_504' title='bbox 1515 3851 1839 3907; x_wconf 80' lang='lat' dir='ltr'><strong>Orientales</strong></span> 
     </span>
    </p>
   </div>
   <div class='ocr_carea' id='block_1_69' title="bbox 174 3933 1835 4011">
    <p class='ocr_par' dir='ltr' id='par_1_69' title="bbox 174 3933 1835 4011">
     <span class='ocr_line' id='line_1_69' title="bbox 174 3933 1835 4011; baseline 0.005 -25"><span class='ocrx_word' id='word_1_505' title='bbox 174 3933 491 4003; x_wconf 68' lang='lat' dir='ltr'><strong>provinciae</strong></span> <span class='ocrx_word' id='word_1_506' title='bbox 518 3948 633 3987; x_wconf 92' lang='lat' dir='ltr'><strong>non</strong></span> <span class='ocrx_word' id='word_1_507' title='bbox 658 3950 867 4005; x_wconf 90' lang='lat' dir='ltr'><strong>parum</strong></span> <span class='ocrx_word' id='word_1_508' title='bbox 890 3935 1241 4009; x_wconf 88' lang='lat' dir='ltr'><strong>indigerent.</strong></span> <span class='ocrx_word' id='word_1_509' title='bbox 1276 3938 1331 3994; x_wconf 90' lang='lat' dir='ltr'><strong>ls</strong></span> <span class='ocrx_word' id='word_1_510' title='bbox 1362 3956 1533 4011; x_wconf 89' lang='lat' dir='ltr'><strong>porro</strong></span> <span class='ocrx_word' id='word_1_511' title='bbox 1565 3940 1677 3995; x_wconf 90' lang='lat' dir='ltr'><strong>cito</strong></span> <span class='ocrx_word' id='word_1_512' title='bbox 1709 3957 1835 4011; x_wconf 89' lang='lat' dir='ltr'><strong>per-</strong></span> 
     </span>
    </p>
   </div>
   <div class='ocr_carea' id='block_1_70' title="bbox 169 4022 1834 4087">
    <p class='ocr_par' dir='ltr' id='par_1_70' title="bbox 169 4022 1834 4087">
     <span class='ocr_line' id='line_1_70' title="bbox 169 4022 1834 4087; baseline 0.008 -13"><span class='ocrx_word' id='word_1_513' title='bbox 169 4027 376 4077; x_wconf 85' lang='lat' dir='ltr'><strong>vectus</strong></span> <span class='ocrx_word' id='word_1_514' title='bbox 401 4022 881 4079; x_wconf 87' lang='lat' dir='ltr'><strong>Thessalonicam</strong></span> <span class='ocrx_word' id='word_1_515' title='bbox 907 4027 1228 4082; x_wconf 84' lang='lat' dir='ltr'><strong>exercitum</strong></span> <span class='ocrx_word' id='word_1_516' title='bbox 1245 4028 1304 4083; x_wconf 91' lang='lat' dir='ltr'><strong>in</strong></span> <span class='ocrx_word' id='word_1_517' title='bbox 1326 4028 1666 4085; x_wconf 89' lang='lat' dir='ltr'><strong>Michaelem</strong></span> <span class='ocrx_word' id='word_1_518' title='bbox 1692 4031 1834 4087; x_wconf 90' lang='lat' dir='ltr'><strong>adeo</strong></span> 
     </span>
    </p>
   </div>
   <div class='ocr_carea' id='block_1_71' title="bbox 169 4109 1830 4190">
    <p class='ocr_par' dir='ltr' id='par_1_71' title="bbox 169 4109 1830 4190">
     <span class='ocr_line' id='line_1_71' title="bbox 169 4109 1830 4190; baseline 0.006 -25"><span class='ocrx_word' id='word_1_519' title='bbox 169 4109 733 4179; x_wconf 87' lang='lat' dir='ltr'><strong>celeriterimmisit,</strong></span> <span class='ocrx_word' id='word_1_520' title='bbox 767 4118 832 4167; x_wconf 91' lang='lat' dir='ltr'><strong>ut</strong></span> <span class='ocrx_word' id='word_1_521' title='bbox 869 4113 1084 4171; x_wconf 89' lang='lat' dir='ltr'><strong>famam</strong></span> <span class='ocrx_word' id='word_1_522' title='bbox 1116 4116 1569 4188; x_wconf 90' lang='lat' dir='ltr'><strong>opinionemque</strong></span> <span class='ocrx_word' id='word_1_523' title='bbox 1587 4136 1830 4190; x_wconf 71' lang='lat' dir='ltr'><strong>praever-</strong></span> 
     </span>
    </p>
   </div>
   <div class='ocr_carea' id='block_1_72' title="bbox 169 4198 1829 4283">
    <p class='ocr_par' dir='ltr' id='par_1_72' title="bbox 169 4198 1829 4283">
     <span class='ocr_line' id='line_1_72' title="bbox 169 4198 1829 4283; baseline 0.007 -30"><span class='ocrx_word' id='word_1_524' title='bbox 169 4206 306 4254; x_wconf 89' lang='lat' dir='ltr'><strong>tens</strong></span> <span class='ocrx_word' id='word_1_525' title='bbox 328 4198 422 4253; x_wconf 80' lang='lat' dir='ltr'><strong>vix</strong></span> <span class='ocrx_word' id='word_1_526' title='bbox 445 4200 612 4271; x_wconf 90' lang='lat' dir='ltr'><strong>prius</strong></span> <span class='ocrx_word' id='word_1_527' title='bbox 636 4202 872 4258; x_wconf 90' lang='lat' dir='ltr'><strong>auditus</strong></span> <span class='ocrx_word' id='word_1_528' title='bbox 894 4212 1230 4283; x_wconf 76' lang='lat' dir='ltr'><strong>cerneretur</strong></span> <span class='ocrx_word' id='word_1_529' title='bbox 1249 4211 1305 4261; x_wconf 92' lang='lat' dir='ltr'><strong>et</strong></span> <span class='ocrx_word' id='word_1_530' title='bbox 1327 4207 1642 4263; x_wconf 84' lang='lat' dir='ltr'><strong>sentiretur</strong></span> <span class='ocrx_word' id='word_1_531' title='bbox 1661 4225 1829 4281; x_wconf 90' lang='lat' dir='ltr'><strong>agere</strong></span> 
     </span>
    </p>
   </div>
   <div class='ocr_carea' id='block_1_73' title="bbox 173 4289 1830 4360">
    <p class='ocr_par' dir='ltr' id='par_1_73' title="bbox 173 4289 1830 4360">
     <span class='ocr_line' id='line_1_73' title="bbox 173 4289 1830 4360; baseline 0.007 -17"><span class='ocrx_word' id='word_1_532' title='bbox 173 4290 451 4360; x_wconf 80' lang='lat' dir='ltr'><strong>ferreque</strong></span> <span class='ocrx_word' id='word_1_533' title='bbox 469 4289 773 4347; x_wconf 85' lang='lat' dir='ltr'><strong>Michaelis</strong></span> <span class='ocrx_word' id='word_1_534' title='bbox 790 4292 1072 4349; x_wconf 89' lang='lat' dir='ltr'><strong>ditionem</strong></span> <span class='ocrx_word' id='word_1_535' title='bbox 1091 4295 1251 4350; x_wconf 90' lang='lat' dir='ltr'><strong>omni</strong></span> <span class='ocrx_word' id='word_1_536' title='bbox 1271 4294 1434 4351; x_wconf 88' lang='lat' dir='ltr'><strong>clade</strong></span> <span class='ocrx_word' id='word_1_537' title='bbox 1451 4296 1606 4352; x_wconf 89' lang='lat' dir='ltr'><strong>belli.</strong></span> <span class='ocrx_word' id='word_1_538' title='bbox 1636 4299 1830 4355; x_wconf 68' lang='lat' dir='ltr'><strong>Praeda</strong></span> 
     </span>
    </p>
   </div>
   <div class='ocr_carea' id='block_1_74' title="bbox 166 4378 1828 4458">
    <p class='ocr_par' dir='ltr' id='par_1_74' title="bbox 166 4378 1828 4458">
     <span class='ocr_line' id='line_1_74' title="bbox 166 4378 1828 4458; baseline 0.007 -25"><span class='ocrx_word' id='word_1_539' title='bbox 166 4378 395 4433; x_wconf 89' lang='lat' dir='ltr'><strong>dehinc</strong></span> <span class='ocrx_word' id='word_1_540' title='bbox 427 4378 621 4436; x_wconf 86' lang='lat' dir='ltr'><strong>omnis</strong></span> <span class='ocrx_word' id='word_1_541' title='bbox 649 4381 881 4451; x_wconf 85' lang='lat' dir='ltr'><strong>generis</strong></span> <span class='ocrx_word' id='word_1_542' title='bbox 911 4388 1158 4439; x_wconf 77' lang='lat' dir='ltr'><strong>onustas</strong></span> <span class='ocrx_word' id='word_1_543' title='bbox 1189 4386 1245 4439; x_wconf 90' lang='lat' dir='ltr'><strong>in</strong></span> <span class='ocrx_word' id='word_1_544' title='bbox 1281 4389 1473 4441; x_wconf 90' lang='lat' dir='ltr'><strong>tutum</strong></span> <span class='ocrx_word' id='word_1_545' title='bbox 1508 4387 1705 4458; x_wconf 92' lang='lat' dir='ltr'><strong>copias</strong></span> <span class='ocrx_word' id='word_1_546' title='bbox 1739 4406 1828 4445; x_wconf 87' lang='lat' dir='ltr'><strong>re-</strong></span> 
     </span>
    </p>
   </div>
   <div class='ocr_carea' id='block_1_75' title="bbox 165 4467 1827 4538">
    <p class='ocr_par' dir='ltr' id='par_1_75' title="bbox 165 4467 1827 4538">
     <span class='ocr_line' id='line_1_75' title="bbox 165 4467 1827 4538; baseline 0.007 -15"><span class='ocrx_word' id='word_1_547' title='bbox 165 4467 347 4538; x_wconf 87' lang='lat' dir='ltr'><strong>cepit,</strong></span> <span class='ocrx_word' id='word_1_548' title='bbox 382 4471 441 4521; x_wconf 92' lang='lat' dir='ltr'><strong>et</strong></span> <span class='ocrx_word' id='word_1_549' title='bbox 469 4468 623 4524; x_wconf 91' lang='lat' dir='ltr'><strong>circa</strong></span> <span class='ocrx_word' id='word_1_550' title='bbox 654 4470 997 4528; x_wconf 90' lang='lat' dir='ltr'><strong>Bardarium</strong></span> <span class='ocrx_word' id='word_1_551' title='bbox 1032 4491 1265 4530; x_wconf 89' lang='lat' dir='ltr'><strong>amnem</strong></span> <span class='ocrx_word' id='word_1_552' title='bbox 1300 4475 1664 4533; x_wconf 85' lang='lat' dir='ltr'><strong>hiematuras</strong></span> <span class='ocrx_word' id='word_1_553' title='bbox 1684 4478 1827 4534; x_wconf 90' lang='lat' dir='ltr'><strong>locis</strong></span> 
     </span>
    </p>
   </div>
   <div class='ocr_carea' id='block_1_76' title="bbox 163 4557 1822 4639">
    <p class='ocr_par' dir='ltr' id='par_1_76' title="bbox 163 4557 1822 4639">
     <span class='ocr_line' id='line_1_76' title="bbox 163 4557 1822 4639; baseline 0.006 -26"><span class='ocrx_word' id='word_1_554' title='bbox 163 4557 502 4613; x_wconf 87' lang='lat' dir='ltr'><strong>commodis</strong></span> <span class='ocrx_word' id='word_1_555' title='bbox 516 4558 832 4630; x_wconf 85' lang='lat' dir='ltr'><strong>disposuit,</strong></span> <span class='ocrx_word' id='word_1_556' title='bbox 852 4568 917 4615; x_wconf 90' lang='lat' dir='ltr'><strong>ut</strong></span> <span class='ocrx_word' id='word_1_557' title='bbox 934 4562 1201 4619; x_wconf 88' lang='lat' dir='ltr'><strong>videlicet</strong></span> <span class='ocrx_word' id='word_1_558' title='bbox 1213 4580 1281 4619; x_wconf 81' lang='lat' dir='ltr'><strong>ex</strong></span> <span class='ocrx_word' id='word_1_559' title='bbox 1298 4566 1389 4621; x_wconf 74' lang='lat'><strong>2|</strong></span> <span class='ocrx_word' id='word_1_560' title='bbox 1403 4567 1447 4623; x_wconf 74' lang='lat'><strong>5</strong></span> <span class='ocrx_word' id='word_1_561' title='bbox 1472 4568 1822 4639; x_wconf 89' lang='lat' dir='ltr'><strong>propinquo,</strong></span> 
     </span>
    </p>
   </div>
   <div class='ocr_carea' id='block_1_77' title="bbox 1961 3397 3606 3469">
    <p class='ocr_par' dir='ltr' id='par_1_77' title="bbox 1961 3397 3606 3469">
     <span class='ocr_line' id='line_1_77' title="bbox 1961 3397 3606 3469; baseline 0.001 -19"><span class='ocrx_word' id='word_1_562' title='bbox 1961 3397 2564 3467; x_wconf 88' lang='lat' dir='ltr'><strong>quejuramentorum</strong></span> <span class='ocrx_word' id='word_1_563' title='bbox 2587 3397 2944 3453; x_wconf 67' lang='lat' dir='ltr'><strong>caeremoniae</strong></span> <span class='ocrx_word' id='word_1_564' title='bbox 2967 3397 3304 3463; x_wconf 89' lang='lat' dir='ltr'><strong>constituit;</strong></span> <span class='ocrx_word' id='word_1_565' title='bbox 3329 3413 3514 3469; x_wconf 92' lang='lat' dir='ltr'><strong>eoque</strong></span> <span class='ocrx_word' id='word_1_566' title='bbox 3536 3398 3606 3452; x_wconf 91' lang='lat' dir='ltr'><strong>ad</strong></span> 
     </span>
    </p>
   </div>
   <div class='ocr_carea' id='block_1_78' title="bbox 1958 3484 3609 3552">
    <p class='ocr_par' dir='ltr' id='par_1_78' title="bbox 1958 3484 3609 3552">
     <span class='ocr_line' id='line_1_78' title="bbox 1958 3484 3609 3552; baseline 0.001 -13"><span class='ocrx_word' id='word_1_567' title='bbox 1958 3484 2292 3539; x_wconf 88' lang='lat' dir='ltr'><strong>condictum</strong></span> <span class='ocrx_word' id='word_1_568' title='bbox 2328 3501 2666 3552; x_wconf 88' lang='lat' dir='ltr'><strong>occurrens,</strong></span> <span class='ocrx_word' id='word_1_569' title='bbox 2699 3491 2765 3541; x_wconf 90' lang='lat' dir='ltr'><strong>ut</strong></span> <span class='ocrx_word' id='word_1_570' title='bbox 2795 3492 2918 3541; x_wconf 90' lang='lat' dir='ltr'><strong>erat</strong></span> <span class='ocrx_word' id='word_1_571' title='bbox 2946 3485 3201 3541; x_wconf 85' lang='lat' dir='ltr'><strong>naturali</strong></span> <span class='ocrx_word' id='word_1_572' title='bbox 3244 3485 3523 3542; x_wconf 80' lang='lat' dir='ltr'><strong>facilitatc</strong></span> <span class='ocrx_word' id='word_1_573' title='bbox 3555 3496 3609 3541; x_wconf 82' lang='lat' dir='ltr'><strong>et</strong></span> 
     </span>
    </p>
   </div>
   <div class='ocr_carea' id='block_1_79' title="bbox 1956 3574 3603 3647">
    <p class='ocr_par' dir='ltr' id='par_1_79' title="bbox 1956 3574 3603 3647">
     <span class='ocr_line' id='line_1_79' title="bbox 1956 3574 3603 3647; baseline 0.002 -19"><span class='ocrx_word' id='word_1_574' title='bbox 1956 3574 2093 3628; x_wconf 90' lang='lat' dir='ltr'><strong>recti</strong></span> <span class='ocrx_word' id='word_1_575' title='bbox 2128 3574 2482 3629; x_wconf 87' lang='lat' dir='ltr'><strong>conscientia</strong></span> <span class='ocrx_word' id='word_1_576' title='bbox 2512 3574 2810 3645; x_wconf 91' lang='lat' dir='ltr'><strong>credulus,</strong></span> <span class='ocrx_word' id='word_1_577' title='bbox 2844 3575 3074 3631; x_wconf 87' lang='lat' dir='ltr'><strong>sincera</strong></span> <span class='ocrx_word' id='word_1_578' title='bbox 3104 3575 3231 3647; x_wconf 90' lang='lat' dir='ltr'><strong>ipse</strong></span> <span class='ocrx_word' id='word_1_579' title='bbox 3263 3580 3455 3631; x_wconf 89' lang='lat' dir='ltr'><strong>mente</strong></span> <span class='ocrx_word' id='word_1_580' title='bbox 3488 3593 3603 3632; x_wconf 92' lang='lat' dir='ltr'><strong>non</strong></span> 
     </span>
    </p>
   </div>
   <div class='ocr_carea' id='block_1_80' title="bbox 1954 3662 3602 3737">
    <p class='ocr_par' dir='ltr' id='par_1_80' title="bbox 1954 3662 3602 3737">
     <span class='ocr_line' id='line_1_80' title="bbox 1954 3662 3602 3737; baseline 0.002 -19"><span class='ocrx_word' id='word_1_581' title='bbox 1954 3662 2079 3734; x_wconf 91' lang='lat' dir='ltr'><strong>pari</strong></span> <span class='ocrx_word' id='word_1_582' title='bbox 2111 3664 2361 3719; x_wconf 87' lang='lat' dir='ltr'><strong>candore</strong></span> <span class='ocrx_word' id='word_1_583' title='bbox 2383 3664 2688 3733; x_wconf 87' lang='lat' dir='ltr'><strong>juranlem</strong></span> <span class='ocrx_word' id='word_1_584' title='bbox 2706 3681 2770 3719; x_wconf 90' lang='lat' dir='ltr'><strong>ac</strong></span> <span class='ocrx_word' id='word_1_585' title='bbox 2790 3664 2953 3720; x_wconf 93' lang='lat' dir='ltr'><strong>dolos</strong></span> <span class='ocrx_word' id='word_1_586' title='bbox 2985 3670 3126 3720; x_wconf 90' lang='lat' dir='ltr'><strong>tunc</strong></span> <span class='ocrx_word' id='word_1_587' title='bbox 3148 3680 3381 3737; x_wconf 88' lang='lat' dir='ltr'><strong>quoque</strong></span> <span class='ocrx_word' id='word_1_588' title='bbox 3397 3666 3602 3721; x_wconf 89' lang='lat' dir='ltr'><strong>verbo-</strong></span> 
     </span>
    </p>
   </div>
   <div class='ocr_carea' id='block_1_81' title="bbox 1955 3770 3604 3845">
    <p class='ocr_par' dir='ltr' id='par_1_81' title="bbox 1955 3770 3604 3845">
     <span class='ocr_line' id='line_1_81' title="bbox 1955 3770 3604 3845; baseline 0.002 -20"><span class='ocrx_word' id='word_1_589' title='bbox 1955 3787 2081 3825; x_wconf 90' lang='lat' dir='ltr'><strong>rum</strong></span> <span class='ocrx_word' id='word_1_590' title='bbox 2116 3770 2347 3826; x_wconf 83' lang='lat' dir='ltr'><strong>fallacia</strong></span> <span class='ocrx_word' id='word_1_591' title='bbox 2379 3770 2664 3827; x_wconf 85' lang='lat' dir='ltr'><strong>celantem</strong></span> <span class='ocrx_word' id='word_1_592' title='bbox 2700 3771 2922 3827; x_wconf 88' lang='lat' dir='ltr'><strong>audivit</strong></span> <span class='ocrx_word' id='word_1_593' title='bbox 2945 3772 3313 3839; x_wconf 89' lang='lat' dir='ltr'><strong>Michaelem,</strong></span> <span class='ocrx_word' id='word_1_594' title='bbox 3350 3788 3604 3845; x_wconf 90' lang='lat' dir='ltr'><strong>eumque</strong></span> 
     </span>
    </p>
   </div>
   <div class='ocr_carea' id='block_1_82' title="bbox 1950 3859 2936 3933">
    <p class='ocr_par' dir='ltr' id='par_1_82' title="bbox 1950 3859 2936 3933">
     <span class='ocr_line' id='line_1_82' title="bbox 1950 3859 2936 3933; baseline 0 -18"><span class='ocrx_word' id='word_1_595' title='bbox 1950 3860 2165 3916; x_wconf 64' lang='lat' dir='ltr'><strong>foedere</strong></span> <span class='ocrx_word' id='word_1_596' title='bbox 2195 3859 2308 3917; x_wconf 90' lang='lat' dir='ltr'><strong>icto</strong></span> <span class='ocrx_word' id='word_1_597' title='bbox 2332 3860 2559 3917; x_wconf 85' lang='lat' dir='ltr'><strong>remisit</strong></span> <span class='ocrx_word' id='word_1_598' title='bbox 2587 3862 2654 3916; x_wconf 89' lang='lat' dir='ltr'><strong>ad</strong></span> <span class='ocrx_word' id='word_1_599' title='bbox 2683 3860 2936 3933; x_wconf 91' lang='lat' dir='ltr'><strong>propria.</strong></span> 
     </span>
    </p>
   </div>
   <div class='ocr_carea' id='block_1_83' title="bbox 1944 3976 3603 4049">
    <p class='ocr_par' dir='ltr' id='par_1_83' title="bbox 1944 3976 3603 4049">
     <span class='ocr_line' id='line_1_83' title="bbox 1944 3976 3603 4049; baseline 0.001 -19"><span class='ocrx_word' id='word_1_600' title='bbox 1944 3976 2049 4049; x_wconf 17' lang='lat'><strong>21.,</strong></span> <span class='ocrx_word' id='word_1_601' title='bbox 2095 3977 2173 4049; x_wconf 14' lang='lat' dir='ltr'><strong>Ut,</strong></span> <span class='ocrx_word' id='word_1_602' title='bbox 2210 3976 2428 4045; x_wconf 76' lang='lat' dir='ltr'><strong>despota</strong></span> <span class='ocrx_word' id='word_1_603' title='bbox 2472 3978 2709 4049; x_wconf 74' lang='lat' dir='ltr'><strong>Joannes</strong></span> <span class='ocrx_word' id='word_1_604' title='bbox 2749 3978 3075 4049; x_wconf 76' lang='lat' dir='ltr'><strong>perfunctus</strong></span> <span class='ocrx_word' id='word_1_605' title='bbox 3148 3976 3492 4049; x_wconf 73' lang='lat' dir='ltr'><strong>expeditione</strong></span> <span class='ocrx_word' id='word_1_606' title='bbox 3544 3976 3603 4033; x_wconf 76' lang='lat' dir='ltr'><strong>in</strong></span> 
     </span>
    </p>
   </div>
   <div class='ocr_carea' id='block_1_84' title="bbox 2020 4048 3599 4121">
    <p class='ocr_par' dir='ltr' id='par_1_84' title="bbox 2020 4048 3599 4121">
     <span class='ocr_line' id='line_1_84' title="bbox 2020 4048 3599 4121; baseline 0.001 -17"><span class='ocrx_word' id='word_1_607' title='bbox 2020 4048 2299 4121; x_wconf 78' lang='lat' dir='ltr'><strong>Occiduos,</strong></span> <span class='ocrx_word' id='word_1_608' title='bbox 2333 4065 2459 4104; x_wconf 84' lang='lat' dir='ltr'><strong>cum</strong></span> <span class='ocrx_word' id='word_1_609' title='bbox 2491 4048 2746 4121; x_wconf 62' lang='lat' dir='ltr'><strong>hostibus</strong></span> <span class='ocrx_word' id='word_1_610' title='bbox 2777 4048 2838 4102; x_wconf 80' lang='lat' dir='ltr'><strong>in</strong></span> <span class='ocrx_word' id='word_1_611' title='bbox 2870 4050 3083 4104; x_wconf 77' lang='lat' dir='ltr'><strong>oriente</strong></span> <span class='ocrx_word' id='word_1_612' title='bbox 3110 4049 3183 4104; x_wconf 67' lang='lat' dir='ltr'><strong>sit</strong></span> <span class='ocrx_word' id='word_1_613' title='bbox 3220 4048 3550 4121; x_wconf 66' lang='lat' dir='ltr'><strong>Congressus</strong></span> <span class='ocrx_word' id='word_1_614' title='bbox 3586 4071 3599 4119; x_wconf 86' lang='lat'><strong>;</strong></span> 
     </span>
    </p>
   </div>
   <div class='ocr_carea' id='block_1_85' title="bbox 2006 4119 3187 4192">
    <p class='ocr_par' dir='ltr' id='par_1_85' title="bbox 2006 4119 3187 4192">
     <span class='ocr_line' id='line_1_85' title="bbox 2006 4119 3187 4192; baseline 0.002 -17"><span class='ocrx_word' id='word_1_615' title='bbox 2006 4124 2059 4176; x_wconf 82' lang='lat' dir='ltr'><strong>et</strong></span> <span class='ocrx_word' id='word_1_616' title='bbox 2088 4119 2319 4175; x_wconf 81' lang='lat' dir='ltr'><strong>laudum</strong></span> <span class='ocrx_word' id='word_1_617' title='bbox 2348 4122 2467 4192; x_wconf 72' lang='lat' dir='ltr'><strong>ejus</strong></span> <span class='ocrx_word' id='word_1_618' title='bbox 2496 4119 2812 4175; x_wconf 76' lang='lat' dir='ltr'><strong>distinctior</strong></span> <span class='ocrx_word' id='word_1_619' title='bbox 2838 4122 3187 4191; x_wconf 65' lang='lat' dir='ltr'><strong>prmdz’catio.</strong></span> 
     </span>
    </p>
   </div>
   <div class='ocr_carea' id='block_1_86' title="bbox 2013 4216 3595 4289">
    <p class='ocr_par' dir='ltr' id='par_1_86' title="bbox 2013 4216 3595 4289">
     <span class='ocr_line' id='line_1_86' title="bbox 2013 4216 3595 4289; baseline 0.003 -18"><span class='ocrx_word' id='word_1_620' title='bbox 2013 4220 2087 4271; x_wconf 84' lang='lat' dir='ltr'><strong>At</strong></span> <span class='ocrx_word' id='word_1_621' title='bbox 2119 4216 2443 4289; x_wconf 89' lang='lat' dir='ltr'><strong>imperator</strong></span> <span class='ocrx_word' id='word_1_622' title='bbox 2488 4218 2792 4288; x_wconf 91' lang='lat' dir='ltr'><strong>despotam</strong></span> <span class='ocrx_word' id='word_1_623' title='bbox 2838 4216 3125 4273; x_wconf 89' lang='lat' dir='ltr'><strong>Joannem</strong></span> <span class='ocrx_word' id='word_1_624' title='bbox 3173 4217 3595 4276; x_wconf 70' lang='lat' dir='ltr'><strong>Thessalonica</strong></span> 
     </span>
    </p>
   </div>
   <div class='ocr_carea' id='block_1_87' title="bbox 1938 4306 3599 4380">
    <p class='ocr_par' dir='ltr' id='par_1_87' title="bbox 1938 4306 3599 4380">
     <span class='ocr_line' id='line_1_87' title="bbox 1938 4306 3599 4380; baseline 0.002 -19"><span class='ocrx_word' id='word_1_625' title='bbox 1938 4311 2271 4362; x_wconf 85' lang='lat' dir='ltr'><strong>revocatum</strong></span> <span class='ocrx_word' id='word_1_626' title='bbox 2288 4311 2416 4379; x_wconf 90' lang='lat' dir='ltr'><strong>post</strong></span> <span class='ocrx_word' id='word_1_627' title='bbox 2445 4306 2735 4362; x_wconf 84' lang='lat' dir='ltr'><strong>modicam</strong></span> <span class='ocrx_word' id='word_1_628' title='bbox 2754 4308 2909 4379; x_wconf 90' lang='lat' dir='ltr'><strong>apud</strong></span> <span class='ocrx_word' id='word_1_629' title='bbox 2934 4322 2996 4361; x_wconf 88' lang='lat' dir='ltr'><strong>se</strong></span> <span class='ocrx_word' id='word_1_630' title='bbox 3013 4324 3236 4363; x_wconf 90' lang='lat' dir='ltr'><strong>moram</strong></span> <span class='ocrx_word' id='word_1_631' title='bbox 3254 4324 3389 4364; x_wconf 91' lang='lat' dir='ltr'><strong>cum</strong></span> <span class='ocrx_word' id='word_1_632' title='bbox 3411 4309 3599 4380; x_wconf 91' lang='lat' dir='ltr'><strong>copiis</strong></span> 
     </span>
    </p>
   </div>
   <div class='ocr_carea' id='block_1_88' title="bbox 1937 4395 3569 4469">
    <p class='ocr_par' dir='ltr' id='par_1_88' title="bbox 1937 4395 3569 4469">
     <span class='ocr_line' id='line_1_88' title="bbox 1937 4395 3569 4469; baseline 0.002 -20"><span class='ocrx_word' id='word_1_633' title='bbox 1937 4395 1999 4451; x_wconf 88' lang='lat' dir='ltr'><strong>in</strong></span> <span class='ocrx_word' id='word_1_634' title='bbox 2018 4395 2298 4451; x_wconf 90' lang='lat' dir='ltr'><strong>orientem</strong></span> <span class='ocrx_word' id='word_1_635' title='bbox 2338 4396 2538 4464; x_wconf 88' lang='lat' dir='ltr'><strong>mittit,</strong></span> <span class='ocrx_word' id='word_1_636' title='bbox 2591 4396 2875 4451; x_wconf 90' lang='lat' dir='ltr'><strong>adversus</strong></span> <span class='ocrx_word' id='word_1_637' title='bbox 2900 4396 3105 4452; x_wconf 85' lang='lat' dir='ltr'><strong>Persas</strong></span> <span class='ocrx_word' id='word_1_638' title='bbox 3136 4395 3257 4452; x_wconf 92' lang='lat' dir='ltr'><strong>illic</strong></span> <span class='ocrx_word' id='word_1_639' title='bbox 3305 4402 3569 4469; x_wconf 85' lang='lat' dir='ltr'><strong>pugnatu</strong></span> 
     </span>
    </p>
   </div>
   <div class='ocr_carea' id='block_1_89' title="bbox 1938 4482 3594 4555">
    <p class='ocr_par' dir='ltr' id='par_1_89' title="bbox 1938 4482 3594 4555">
     <span class='ocr_line' id='line_1_89' title="bbox 1938 4482 3594 4555; baseline 0.001 -16"><span class='ocrx_word' id='word_1_640' title='bbox 1938 4500 2090 4541; x_wconf 88' lang='lat' dir='ltr'><strong>rum.</strong></span> <span class='ocrx_word' id='word_1_641' title='bbox 2127 4484 2529 4539; x_wconf 88' lang='lat' dir='ltr'><strong>Delectabatur</strong></span> <span class='ocrx_word' id='word_1_642' title='bbox 2556 4482 2649 4537; x_wconf 91' lang='lat' dir='ltr'><strong>hic</strong></span> <span class='ocrx_word' id='word_1_643' title='bbox 2672 4482 2886 4538; x_wconf 89' lang='lat' dir='ltr'><strong>viristo</strong></span> <span class='ocrx_word' id='word_1_644' title='bbox 2908 4483 3345 4555; x_wconf 86' lang='lat' dir='ltr'><strong>expeditionum</strong></span> <span class='ocrx_word' id='word_1_645' title='bbox 3366 4485 3562 4542; x_wconf 87' lang='lat' dir='ltr'><strong>labore</strong></span> <span class='ocrx_word' id='word_1_646' title='bbox 3580 4527 3594 4553; x_wconf 96' lang='lat'><strong>,</strong></span> 
     </span>
    </p>
   </div>
   <div class='ocr_carea' id='block_1_90' title="bbox 1937 4571 3592 4645">
    <p class='ocr_par' dir='ltr' id='par_1_90' title="bbox 1937 4571 3592 4645">
     <span class='ocr_line' id='line_1_90' title="bbox 1937 4571 3592 4645; baseline 0.002 -18"><span class='ocrx_word' id='word_1_647' title='bbox 1937 4576 1994 4627; x_wconf 88' lang='lat' dir='ltr'><strong>et</strong></span> <span class='ocrx_word' id='word_1_648' title='bbox 2025 4588 2272 4627; x_wconf 68' lang='lat' dir='ltr'><strong>summae</strong></span> <span class='ocrx_word' id='word_1_649' title='bbox 2305 4572 2386 4626; x_wconf 90' lang='lat' dir='ltr'><strong>illi</strong></span> <span class='ocrx_word' id='word_1_650' title='bbox 2409 4571 2731 4643; x_wconf 86' lang='lat' dir='ltr'><strong>voluptatis</strong></span> <span class='ocrx_word' id='word_1_651' title='bbox 2763 4571 2888 4627; x_wconf 90' lang='lat' dir='ltr'><strong>loco</strong></span> <span class='ocrx_word' id='word_1_652' title='bbox 2907 4577 3033 4627; x_wconf 90' lang='lat' dir='ltr'><strong>erat</strong></span> <span class='ocrx_word' id='word_1_653' title='bbox 3063 4572 3285 4645; x_wconf 89' lang='lat' dir='ltr'><strong>aliquid</strong></span> <span class='ocrx_word' id='word_1_654' title='bbox 3310 4574 3480 4631; x_wconf 91' lang='lat' dir='ltr'><strong>laude</strong></span> <span class='ocrx_word' id='word_1_655' title='bbox 3503 4576 3592 4630; x_wconf 90' lang='lat' dir='ltr'><strong>di-</strong></span> 
     </span>
    </p>
   </div>
   <div class='ocr_carea' id='block_1_91' title="bbox 161 4645 3592 4747">
    <p class='ocr_par' dir='ltr' id='par_1_91' title="bbox 161 4645 3592 4747">
     <span class='ocr_line' id='line_1_91' title="bbox 161 4645 3592 4747; baseline 0.007 -49"><span class='ocrx_word' id='word_1_656' title='bbox 161 4662 301 4700; x_wconf 84' lang='lat' dir='ltr'><strong>vere</strong></span> <span class='ocrx_word' id='word_1_657' title='bbox 322 4645 581 4716; x_wconf 89' lang='lat' dir='ltr'><strong>primum</strong></span> <span class='ocrx_word' id='word_1_658' title='bbox 616 4646 1011 4716; x_wconf 89' lang='lat' dir='ltr'><strong>illucescente,</strong></span> <span class='ocrx_word' id='word_1_659' title='bbox 1038 4651 1281 4707; x_wconf 86' lang='lat' dir='ltr'><strong>hostiles</strong></span> <span class='ocrx_word' id='word_1_660' title='bbox 1312 4653 1524 4709; x_wconf 85' lang='lat' dir='ltr'><strong>iterum</strong></span> <span class='ocrx_word' id='word_1_661' title='bbox 1556 4654 1823 4727; x_wconf 87' lang='lat' dir='ltr'><strong>regiones</strong></span> <span class='ocrx_word' id='word_1_662' title='bbox 1862 4684 1907 4747; x_wconf 83' lang='lat' dir='ltr'><strong>D</strong></span> <span class='ocrx_word' id='word_1_663' title='bbox 1938 4678 2121 4734; x_wconf 84' lang='lat' dir='ltr'><strong>gnum</strong></span> <span class='ocrx_word' id='word_1_664' title='bbox 2166 4677 2385 4734; x_wconf 88' lang='lat' dir='ltr'><strong>gerere.</strong></span> <span class='ocrx_word' id='word_1_665' title='bbox 2420 4665 2570 4717; x_wconf 90' lang='lat' dir='ltr'><strong>Vera</strong></span> <span class='ocrx_word' id='word_1_666' title='bbox 2611 4662 2741 4731; x_wconf 87' lang='lat' dir='ltr'><strong>ejus</strong></span> <span class='ocrx_word' id='word_1_667' title='bbox 2770 4661 2955 4732; x_wconf 85' lang='lat' dir='ltr'><strong>gloria</strong></span> <span class='ocrx_word' id='word_1_668' title='bbox 3002 4668 3126 4718; x_wconf 89' lang='lat' dir='ltr'><strong>erat</strong></span> <span class='ocrx_word' id='word_1_669' title='bbox 3157 4662 3592 4721; x_wconf 89' lang='lat' dir='ltr'><strong>velocissimum</strong></span> 
     </span>
    </p>
   </div>
   <div class='ocr_carea' id='block_1_92' title="bbox 161 4734 1820 4816">
    <p class='ocr_par' dir='ltr' id='par_1_92' title="bbox 161 4734 1820 4816">
     <span class='ocr_line' id='line_1_92' title="bbox 161 4734 1820 4816; baseline 0.007 -28"><span class='ocrx_word' id='word_1_670' title='bbox 161 4734 534 4789; x_wconf 85' lang='lat' dir='ltr'><strong>invaderent.</strong></span> <span class='ocrx_word' id='word_1_671' title='bbox 561 4739 631 4791; x_wconf 81' lang='lat' dir='ltr'><strong>At</strong></span> <span class='ocrx_word' id='word_1_672' title='bbox 656 4737 924 4807; x_wconf 82' lang='lat' dir='ltr'><strong>Michael,</strong></span> <span class='ocrx_word' id='word_1_673' title='bbox 950 4739 1148 4796; x_wconf 90' lang='lat' dir='ltr'><strong>dolore</strong></span> <span class='ocrx_word' id='word_1_674' title='bbox 1173 4742 1525 4797; x_wconf 88' lang='lat' dir='ltr'><strong>damnorum</strong></span> <span class='ocrx_word' id='word_1_675' title='bbox 1555 4761 1681 4816; x_wconf 66' lang='lat' dir='ltr'><strong>qua:</strong></span> <span class='ocrx_word' id='word_1_676' title='bbox 1699 4746 1820 4816; x_wconf 91' lang='lat' dir='ltr'><strong>jam</strong></span> 
     </span>
    </p>
   </div>
   <div class='ocr_carea' id='block_1_93' title="bbox 162 4823 1820 4897">
    <p class='ocr_par' dir='ltr' id='par_1_93' title="bbox 162 4823 1820 4897">
     <span class='ocr_line' id='line_1_93' title="bbox 162 4823 1820 4897; baseline 0.006 -18"><span class='ocrx_word' id='word_1_677' title='bbox 162 4828 443 4879; x_wconf 85' lang='lat' dir='ltr'><strong>senserat</strong></span> <span class='ocrx_word' id='word_1_678' title='bbox 486 4823 926 4882; x_wconf 88' lang='lat' dir='ltr'><strong>imminentium</strong></span> <span class='ocrx_word' id='word_1_679' title='bbox 961 4834 1119 4884; x_wconf 89' lang='lat' dir='ltr'><strong>metu</strong></span> <span class='ocrx_word' id='word_1_680' title='bbox 1153 4831 1471 4897; x_wconf 83' lang='lat' dir='ltr'><strong>cumulato,</strong></span> <span class='ocrx_word' id='word_1_681' title='bbox 1504 4833 1820 4889; x_wconf 86' lang='lat' dir='ltr'><strong>vehemen-</strong></span> 
     </span>
    </p>
   </div>
   <div class='ocr_carea' id='block_1_94' title="bbox 162 4910 1823 4978">
    <p class='ocr_par' dir='ltr' id='par_1_94' title="bbox 162 4910 1823 4978">
     <span class='ocr_line' id='line_1_94' title="bbox 162 4910 1823 4978; baseline 0.007 -12"><span class='ocrx_word' id='word_1_682' title='bbox 162 4917 254 4967; x_wconf 87' lang='lat' dir='ltr'><strong>ter</strong></span> <span class='ocrx_word' id='word_1_683' title='bbox 290 4910 552 4967; x_wconf 80' lang='lat' dir='ltr'><strong>afﬂiutus</strong></span> <span class='ocrx_word' id='word_1_684' title='bbox 585 4914 655 4969; x_wconf 91' lang='lat' dir='ltr'><strong>ad</strong></span> <span class='ocrx_word' id='word_1_685' title='bbox 683 4914 929 4972; x_wconf 85' lang='lat' dir='ltr'><strong>Joannis</strong></span> <span class='ocrx_word' id='word_1_686' title='bbox 951 4918 1039 4973; x_wconf 89' lang='lat' dir='ltr'><strong>vel</strong></span> <span class='ocrx_word' id='word_1_687' title='bbox 1059 4917 1243 4974; x_wconf 89' lang='lat' dir='ltr'><strong>solam</strong></span> <span class='ocrx_word' id='word_1_688' title='bbox 1270 4922 1630 4978; x_wconf 89' lang='lat' dir='ltr'><strong>mentionem</strong></span> <span class='ocrx_word' id='word_1_689' title='bbox 1654 4940 1823 4978; x_wconf 90' lang='lat' dir='ltr'><strong>cons-</strong></span> 
     </span>
    </p>
   </div>
   <div class='ocr_carea' id='block_1_95' title="bbox 161 5002 1819 5083">
    <p class='ocr_par' dir='ltr' id='par_1_95' title="bbox 161 5002 1819 5083">
     <span class='ocr_line' id='line_1_95' title="bbox 161 5002 1819 5083; baseline 0.008 -29"><span class='ocrx_word' id='word_1_690' title='bbox 161 5002 538 5067; x_wconf 87' lang='lat' dir='ltr'><strong>ternahatur,</strong></span> <span class='ocrx_word' id='word_1_691' title='bbox 572 5004 820 5060; x_wconf 81' lang='lat' dir='ltr'><strong>re&#39;nissa</strong></span> <span class='ocrx_word' id='word_1_692' title='bbox 851 5023 966 5061; x_wconf 93' lang='lat' dir='ltr'><strong>non</strong></span> <span class='ocrx_word' id='word_1_693' title='bbox 1000 5024 1206 5077; x_wconf 89' lang='lat' dir='ltr'><strong>parum</strong></span> <span class='ocrx_word' id='word_1_694' title='bbox 1235 5008 1335 5065; x_wconf 91' lang='lat' dir='ltr'><strong>illa</strong></span> <span class='ocrx_word' id='word_1_695' title='bbox 1366 5012 1581 5067; x_wconf 90' lang='lat' dir='ltr'><strong>ferocia</strong></span> <span class='ocrx_word' id='word_1_696' title='bbox 1620 5013 1819 5083; x_wconf 89' lang='lat' dir='ltr'><strong>priori,</strong></span> 
     </span>
    </p>
   </div>
   <div class='ocr_carea' id='block_1_96' title="bbox 156 5089 1821 5172">
    <p class='ocr_par' dir='ltr' id='par_1_96' title="bbox 156 5089 1821 5172">
     <span class='ocr_line' id='line_1_96' title="bbox 156 5089 1821 5172; baseline 0.007 -27"><span class='ocrx_word' id='word_1_697' title='bbox 156 5106 282 5162; x_wconf 85' lang='lat' dir='ltr'><strong>qua</strong></span> <span class='ocrx_word' id='word_1_698' title='bbox 305 5089 525 5147; x_wconf 84' lang='lat' dir='ltr'><strong>solitus</strong></span> <span class='ocrx_word' id='word_1_699' title='bbox 545 5097 715 5149; x_wconf 87' lang='lat' dir='ltr'><strong>antea</strong></span> <span class='ocrx_word' id='word_1_700' title='bbox 732 5100 858 5151; x_wconf 92' lang='lat' dir='ltr'><strong>erat</strong></span> <span class='ocrx_word' id='word_1_701' title='bbox 876 5096 1249 5168; x_wconf 90' lang='lat' dir='ltr'><strong>insolescere,</strong></span> <span class='ocrx_word' id='word_1_702' title='bbox 1279 5100 1491 5156; x_wconf 79' lang='lat' dir='ltr'><strong>ﬁducia</strong></span> <span class='ocrx_word' id='word_1_703' title='bbox 1517 5102 1714 5172; x_wconf 80' lang='lat' dir='ltr'><strong>utique</strong></span> <span class='ocrx_word' id='word_1_704' title='bbox 1738 5102 1821 5157; x_wconf 91' lang='lat' dir='ltr'><strong>Ita</strong></span> 
     </span>
    </p>
   </div>
   <div class='ocr_carea' id='block_1_97' title="bbox 154 5179 1815 5260">
    <p class='ocr_par' dir='ltr' id='par_1_97' title="bbox 154 5179 1815 5260">
     <span class='ocr_line' id='line_1_97' title="bbox 154 5179 1815 5260; baseline 0.008 -26"><span class='ocrx_word' id='word_1_705' title='bbox 154 5179 417 5236; x_wconf 90' lang='lat' dir='ltr'><strong>licorum</strong></span> <span class='ocrx_word' id='word_1_706' title='bbox 449 5182 802 5239; x_wconf 82' lang='lat' dir='ltr'><strong>auxiliorum</strong></span> <span class='ocrx_word' id='word_1_707' title='bbox 825 5202 859 5240; x_wconf 90' lang='lat' dir='ltr'><strong>a</strong></span> <span class='ocrx_word' id='word_1_708' title='bbox 881 5187 1177 5243; x_wconf 82' lang='lat' dir='ltr'><strong>Manfredo</strong></span> <span class='ocrx_word' id='word_1_709' title='bbox 1198 5204 1436 5260; x_wconf 92' lang='lat' dir='ltr'><strong>genero,</strong></span> <span class='ocrx_word' id='word_1_710' title='bbox 1457 5191 1732 5247; x_wconf 86' lang='lat' dir='ltr'><strong>Friderici</strong></span> <span class='ocrx_word' id='word_1_711' title='bbox 1751 5194 1815 5247; x_wconf 80' lang='lat' dir='ltr'><strong>li-</strong></span> 
     </span>
    </p>
   </div>
   <div class='ocr_carea' id='block_1_98' title="bbox 153 5267 1816 5351">
    <p class='ocr_par' dir='ltr' id='par_1_98' title="bbox 153 5267 1816 5351">
     <span class='ocr_line' id='line_1_98' title="bbox 153 5267 1816 5351; baseline 0.009 -28"><span class='ocrx_word' id='word_1_712' title='bbox 153 5267 259 5337; x_wconf 91' lang='lat' dir='ltr'><strong>lio,</strong></span> <span class='ocrx_word' id='word_1_713' title='bbox 294 5269 414 5341; x_wconf 90' lang='lat' dir='ltr'><strong>ipsi</strong></span> <span class='ocrx_word' id='word_1_714' title='bbox 448 5275 807 5342; x_wconf 85' lang='lat' dir='ltr'><strong>paratarum.</strong></span> <span class='ocrx_word' id='word_1_715' title='bbox 833 5274 943 5330; x_wconf 91' lang='lat' dir='ltr'><strong>Sed</strong></span> <span class='ocrx_word' id='word_1_716' title='bbox 977 5280 1118 5331; x_wconf 90' lang='lat' dir='ltr'><strong>tunc</strong></span> <span class='ocrx_word' id='word_1_717' title='bbox 1140 5277 1254 5333; x_wconf 93' lang='lat' dir='ltr'><strong>ista</strong></span> <span class='ocrx_word' id='word_1_718' title='bbox 1279 5295 1383 5351; x_wconf 92' lang='lat' dir='ltr'><strong>spe</strong></span> <span class='ocrx_word' id='word_1_719' title='bbox 1407 5296 1633 5351; x_wconf 89' lang='lat' dir='ltr'><strong>opeque</strong></span> <span class='ocrx_word' id='word_1_720' title='bbox 1653 5282 1816 5337; x_wconf 63' lang='lat' dir='ltr'><strong>demo</strong></span> 
     </span>
    </p>
   </div>
   <div class='ocr_carea' id='block_1_99' title="bbox 152 5360 1813 5441">
    <p class='ocr_par' dir='ltr' id='par_1_99' title="bbox 152 5360 1813 5441">
     <span class='ocr_line' id='line_1_99' title="bbox 152 5360 1813 5441; baseline 0.008 -26"><span class='ocrx_word' id='word_1_721' title='bbox 152 5366 299 5415; x_wconf 84' lang='lat' dir='ltr'><strong>nata</strong></span> <span class='ocrx_word' id='word_1_722' title='bbox 320 5360 499 5431; x_wconf 89' lang='lat' dir='ltr'><strong>quasi</strong></span> <span class='ocrx_word' id='word_1_723' title='bbox 522 5362 693 5418; x_wconf 82' lang='lat' dir='ltr'><strong>malis</strong></span> <span class='ocrx_word' id='word_1_724' title='bbox 706 5364 1051 5433; x_wconf 83' lang='lat' dir='ltr'><strong>urgentibus</strong></span> <span class='ocrx_word' id='word_1_725' title='bbox 1070 5372 1300 5437; x_wconf 88' lang='lat' dir='ltr'><strong>reperta</strong></span> <span class='ocrx_word' id='word_1_726' title='bbox 1320 5368 1549 5441; x_wconf 89' lang='lat' dir='ltr'><strong>impari,</strong></span> <span class='ocrx_word' id='word_1_727' title='bbox 1572 5371 1643 5425; x_wconf 92' lang='lat' dir='ltr'><strong>ad</strong></span> <span class='ocrx_word' id='word_1_728' title='bbox 1663 5376 1813 5428; x_wconf 84' lang='lat' dir='ltr'><strong>trac-</strong></span> 
     </span>
    </p>
   </div>
   <div class='ocr_carea' id='block_1_100' title="bbox 147 5450 1813 5533">
    <p class='ocr_par' dir='ltr' id='par_1_100' title="bbox 147 5450 1813 5533">
     <span class='ocr_line' id='line_1_100' title="bbox 147 5450 1813 5533; baseline 0.008 -30"><span class='ocrx_word' id='word_1_729' title='bbox 147 5450 446 5504; x_wconf 87' lang='lat' dir='ltr'><strong>tationem</strong></span> <span class='ocrx_word' id='word_1_730' title='bbox 472 5451 632 5523; x_wconf 87' lang='lat' dir='ltr'><strong>pacis</strong></span> <span class='ocrx_word' id='word_1_731' title='bbox 654 5452 949 5524; x_wconf 84' lang='lat' dir='ltr'><strong>confugit;</strong></span> <span class='ocrx_word' id='word_1_732' title='bbox 975 5460 1032 5509; x_wconf 90' lang='lat' dir='ltr'><strong>et</strong></span> <span class='ocrx_word' id='word_1_733' title='bbox 1048 5455 1254 5526; x_wconf 89' lang='lat' dir='ltr'><strong>legatis</strong></span> <span class='ocrx_word' id='word_1_734' title='bbox 1276 5458 1347 5512; x_wconf 89' lang='lat' dir='ltr'><strong>ad</strong></span> <span class='ocrx_word' id='word_1_735' title='bbox 1370 5458 1654 5515; x_wconf 90' lang='lat' dir='ltr'><strong>Joannem</strong></span> <span class='ocrx_word' id='word_1_736' title='bbox 1671 5477 1813 5533; x_wconf 87' lang='lat' dir='ltr'><strong>sup-</strong></span> 
     </span>
    </p>
   </div>
   <div class='ocr_carea' id='block_1_101' title="bbox 145 5537 1810 5614">
    <p class='ocr_par' dir='ltr' id='par_1_101' title="bbox 145 5537 1810 5614">
     <span class='ocr_line' id='line_1_101' title="bbox 145 5537 1810 5614; baseline 0.008 -21"><span class='ocrx_word' id='word_1_737' title='bbox 145 5537 418 5611; x_wconf 86' lang='lat' dir='ltr'><strong>plicibus</strong></span> <span class='ocrx_word' id='word_1_738' title='bbox 452 5540 675 5607; x_wconf 87' lang='lat' dir='ltr'><strong>missis,</strong></span> <span class='ocrx_word' id='word_1_739' title='bbox 702 5542 859 5597; x_wconf 89' lang='lat' dir='ltr'><strong>serio</strong></span> <span class='ocrx_word' id='word_1_740' title='bbox 900 5543 1026 5612; x_wconf 89' lang='lat' dir='ltr'><strong>jam</strong></span> <span class='ocrx_word' id='word_1_741' title='bbox 1061 5545 1339 5614; x_wconf 73' lang='lat' dir='ltr'><strong>pmnitere</strong></span> <span class='ocrx_word' id='word_1_742' title='bbox 1368 5563 1497 5604; x_wconf 86' lang='lat' dir='ltr'><strong>sese</strong></span> <span class='ocrx_word' id='word_1_743' title='bbox 1542 5549 1810 5605; x_wconf 86' lang='lat' dir='ltr'><strong>fraudum</strong></span> 
     </span>
    </p>
   </div>
   <div class='ocr_carea' id='block_1_102' title="bbox 145 5627 1809 5703">
    <p class='ocr_par' dir='ltr' id='par_1_102' title="bbox 145 5627 1809 5703">
     <span class='ocr_line' id='line_1_102' title="bbox 145 5627 1809 5703; baseline 0.008 -21"><span class='ocrx_word' id='word_1_744' title='bbox 145 5627 281 5683; x_wconf 89' lang='lat' dir='ltr'><strong>etin</strong></span> <span class='ocrx_word' id='word_1_745' title='bbox 296 5629 720 5700; x_wconf 86' lang='lat' dir='ltr'><strong>quietudinum</strong></span> <span class='ocrx_word' id='word_1_746' title='bbox 737 5632 1165 5703; x_wconf 66' lang='lat' dir='ltr'><strong>prrteritarum</strong></span> <span class='ocrx_word' id='word_1_747' title='bbox 1181 5634 1429 5692; x_wconf 83' lang='lat' dir='ltr'><strong>obnoxie</strong></span> <span class='ocrx_word' id='word_1_748' title='bbox 1442 5652 1507 5692; x_wconf 89' lang='lat' dir='ltr'><strong>ac</strong></span> <span class='ocrx_word' id='word_1_749' title='bbox 1521 5637 1809 5694; x_wconf 89' lang='lat' dir='ltr'><strong>lamenta-</strong></span> 
     </span>
    </p>
   </div>
   <div class='ocr_carea' id='block_1_103' title="bbox 1938 4750 3589 4822">
    <p class='ocr_par' dir='ltr' id='par_1_103' title="bbox 1938 4750 3589 4822">
     <span class='ocr_line' id='line_1_103' title="bbox 1938 4750 3589 4822; baseline 0.004 -18"><span class='ocrx_word' id='word_1_750' title='bbox 1938 4751 2153 4805; x_wconf 91' lang='lat' dir='ltr'><strong>ducum</strong></span> <span class='ocrx_word' id='word_1_751' title='bbox 2206 4751 2468 4807; x_wconf 89' lang='lat' dir='ltr'><strong>omnium</strong></span> <span class='ocrx_word' id='word_1_752' title='bbox 2525 4752 2582 4805; x_wconf 93' lang='lat' dir='ltr'><strong>in</strong></span> <span class='ocrx_word' id='word_1_753' title='bbox 2619 4750 3019 4822; x_wconf 88' lang='lat' dir='ltr'><strong>belligerando</strong></span> <span class='ocrx_word' id='word_1_754' title='bbox 3050 4769 3200 4819; x_wconf 90' lang='lat' dir='ltr'><strong>esse,</strong></span> <span class='ocrx_word' id='word_1_755' title='bbox 3234 4753 3315 4809; x_wconf 89' lang='lat' dir='ltr'><strong>ita</strong></span> <span class='ocrx_word' id='word_1_756' title='bbox 3345 4758 3410 4810; x_wconf 89' lang='lat' dir='ltr'><strong>ut</strong></span> <span class='ocrx_word' id='word_1_757' title='bbox 3456 4772 3589 4810; x_wconf 92' lang='lat' dir='ltr'><strong>cum</strong></span> 
     </span>
    </p>
   </div>
   <div class='ocr_carea' id='block_1_104' title="bbox 1934 4839 3592 4915">
    <p class='ocr_par' dir='ltr' id='par_1_104' title="bbox 1934 4839 3592 4915">
     <span class='ocr_line' id='line_1_104' title="bbox 1934 4839 3592 4915; baseline 0.004 -21"><span class='ocrx_word' id='word_1_758' title='bbox 1934 4839 2149 4895; x_wconf 91' lang='lat' dir='ltr'><strong>alicubi</strong></span> <span class='ocrx_word' id='word_1_759' title='bbox 2184 4840 2405 4895; x_wconf 82' lang='lat' dir='ltr'><strong>versari</strong></span> <span class='ocrx_word' id='word_1_760' title='bbox 2433 4840 2756 4908; x_wconf 89' lang='lat' dir='ltr'><strong>audiretur,</strong></span> <span class='ocrx_word' id='word_1_761' title='bbox 2787 4856 2917 4895; x_wconf 84' lang='lat' dir='ltr'><strong>mox</strong></span> <span class='ocrx_word' id='word_1_762' title='bbox 2944 4839 3064 4896; x_wconf 90' lang='lat' dir='ltr'><strong>illic</strong></span> <span class='ocrx_word' id='word_1_763' title='bbox 3095 4843 3323 4898; x_wconf 90' lang='lat' dir='ltr'><strong>adesset</strong></span> <span class='ocrx_word' id='word_1_764' title='bbox 3345 4860 3460 4915; x_wconf 91' lang='lat' dir='ltr'><strong>quo</strong></span> <span class='ocrx_word' id='word_1_765' title='bbox 3497 4861 3592 4900; x_wconf 90' lang='lat' dir='ltr'><strong>ne-</strong></span> 
     </span>
    </p>
   </div>
   <div class='ocr_carea' id='block_1_105' title="bbox 1935 4929 3589 5005">
    <p class='ocr_par' dir='ltr' id='par_1_105' title="bbox 1935 4929 3589 5005">
     <span class='ocr_line' id='line_1_105' title="bbox 1935 4929 3589 5005; baseline 0.004 -22"><span class='ocrx_word' id='word_1_766' title='bbox 1935 4945 2030 4985; x_wconf 90' lang='lat' dir='ltr'><strong>mo</strong></span> <span class='ocrx_word' id='word_1_767' title='bbox 2062 4946 2327 5001; x_wconf 88' lang='lat' dir='ltr'><strong>unquam</strong></span> <span class='ocrx_word' id='word_1_768' title='bbox 2359 4929 2752 4985; x_wconf 83' lang='lat' dir='ltr'><strong>existimasset</strong></span> <span class='ocrx_word' id='word_1_769' title='bbox 2783 4930 2937 4985; x_wconf 67' lang='lat'><strong>216</strong></span> <span class='ocrx_word' id='word_1_770' title='bbox 2980 4934 3098 4985; x_wconf 91' lang='lat' dir='ltr'><strong>tam</strong></span> <span class='ocrx_word' id='word_1_771' title='bbox 3134 4932 3291 4987; x_wconf 85' lang='lat' dir='ltr'><strong>brevi</strong></span> <span class='ocrx_word' id='word_1_772' title='bbox 3322 4938 3589 5005; x_wconf 88' lang='lat' dir='ltr'><strong>tempore</strong></span> 
     </span>
    </p>
   </div>
   <div class='ocr_carea' id='block_1_106' title="bbox 1934 5017 3587 5094">
    <p class='ocr_par' dir='ltr' id='par_1_106' title="bbox 1934 5017 3587 5094">
     <span class='ocr_line' id='line_1_106' title="bbox 1934 5017 3587 5094; baseline 0.003 -21"><span class='ocrx_word' id='word_1_773' title='bbox 1934 5017 2231 5089; x_wconf 85' lang='lat' dir='ltr'><strong>pervolare</strong></span> <span class='ocrx_word' id='word_1_774' title='bbox 2265 5018 2549 5090; x_wconf 90' lang='lat' dir='ltr'><strong>potuisse.</strong></span> <span class='ocrx_word' id='word_1_775' title='bbox 2582 5018 2802 5090; x_wconf 90' lang='lat' dir='ltr'><strong>Nempe</strong></span> <span class='ocrx_word' id='word_1_776' title='bbox 2834 5018 3262 5091; x_wconf 90' lang='lat' dir='ltr'><strong>impedimenta</strong></span> <span class='ocrx_word' id='word_1_777' title='bbox 3291 5022 3587 5094; x_wconf 86' lang='lat' dir='ltr'><strong>suppelle-</strong></span> 
     </span>
    </p>
   </div>
   <div class='ocr_carea' id='block_1_107' title="bbox 1929 5106 3585 5168">
    <p class='ocr_par' dir='ltr' id='par_1_107' title="bbox 1929 5106 3585 5168">
     <span class='ocr_line' id='line_1_107' title="bbox 1929 5106 3585 5168; baseline 0.004 -7"><span class='ocrx_word' id='word_1_778' title='bbox 1929 5106 2086 5162; x_wconf 90' lang='lat' dir='ltr'><strong>ctilis</strong></span> <span class='ocrx_word' id='word_1_779' title='bbox 2118 5108 2437 5163; x_wconf 76' lang='lat' dir='ltr'><strong>castrensis</strong></span> <span class='ocrx_word' id='word_1_780' title='bbox 2467 5112 2525 5163; x_wconf 89' lang='lat' dir='ltr'><strong>et</strong></span> <span class='ocrx_word' id='word_1_781' title='bbox 2554 5106 2684 5162; x_wconf 89' lang='lat' dir='ltr'><strong>illas</strong></span> <span class='ocrx_word' id='word_1_782' title='bbox 2710 5107 3055 5164; x_wconf 89' lang='lat' dir='ltr'><strong>ambitiosas</strong></span> <span class='ocrx_word' id='word_1_783' title='bbox 3073 5110 3292 5165; x_wconf 91' lang='lat' dir='ltr'><strong>ducum</strong></span> <span class='ocrx_word' id='word_1_784' title='bbox 3322 5113 3585 5168; x_wconf 90' lang='lat' dir='ltr'><strong>sarcinas</strong></span> 
     </span>
    </p>
   </div>
   <div class='ocr_carea' id='block_1_108' title="bbox 1930 5195 3583 5269">
    <p class='ocr_par' dir='ltr' id='par_1_108' title="bbox 1930 5195 3583 5269">
     <span class='ocr_line' id='line_1_108' title="bbox 1930 5195 3583 5269; baseline 0.005 -20"><span class='ocrx_word' id='word_1_785' title='bbox 1930 5196 2381 5269; x_wconf 87' lang='lat' dir='ltr'><strong>ministeriaque</strong></span> <span class='ocrx_word' id='word_1_786' title='bbox 2416 5195 2760 5252; x_wconf 83' lang='lat' dir='ltr'><strong>famulorum</strong></span> <span class='ocrx_word' id='word_1_787' title='bbox 2794 5201 2853 5251; x_wconf 87' lang='lat' dir='ltr'><strong>et</strong></span> <span class='ocrx_word' id='word_1_788' title='bbox 2902 5195 3109 5269; x_wconf 88' lang='lat' dir='ltr'><strong>longas</strong></span> <span class='ocrx_word' id='word_1_789' title='bbox 3140 5200 3583 5257; x_wconf 90' lang='lat' dir='ltr'><strong>clitellariorum</strong></span> 
     </span>
    </p>
   </div>
   <div class='ocr_carea' id='block_1_109' title="bbox 1928 5284 3583 5360">
    <p class='ocr_par' dir='ltr' id='par_1_109' title="bbox 1928 5284 3583 5360">
     <span class='ocr_line' id='line_1_109' title="bbox 1928 5284 3583 5360; baseline 0.004 -20"><span class='ocrx_word' id='word_1_790' title='bbox 1928 5284 2226 5342; x_wconf 90' lang='lat' dir='ltr'><strong>mulorum</strong></span> <span class='ocrx_word' id='word_1_791' title='bbox 2252 5287 2553 5354; x_wconf 85' lang='lat' dir='ltr'><strong>mandras,</strong></span> <span class='ocrx_word' id='word_1_792' title='bbox 2570 5290 2924 5358; x_wconf 89' lang='lat' dir='ltr'><strong>apparatum</strong></span> <span class='ocrx_word' id='word_1_793' title='bbox 2945 5288 3112 5343; x_wconf 87' lang='lat' dir='ltr'><strong>tarde</strong></span> <span class='ocrx_word' id='word_1_794' title='bbox 3135 5288 3583 5360; x_wconf 89' lang='lat' dir='ltr'><strong>mobilem,ubi-</strong></span> 
     </span>
    </p>
   </div>
   <div class='ocr_carea' id='block_1_110' title="bbox 1926 5376 3582 5450">
    <p class='ocr_par' dir='ltr' id='par_1_110' title="bbox 1926 5376 3582 5450">
     <span class='ocr_line' id='line_1_110' title="bbox 1926 5376 3582 5450; baseline 0.004 -20"><span class='ocrx_word' id='word_1_795' title='bbox 1926 5391 2159 5448; x_wconf 89' lang='lat' dir='ltr'><strong>cunque</strong></span> <span class='ocrx_word' id='word_1_796' title='bbox 2181 5377 2575 5449; x_wconf 90' lang='lat' dir='ltr'><strong>oppressisset</strong></span> <span class='ocrx_word' id='word_1_797' title='bbox 2595 5376 3131 5447; x_wconf 86' lang='lat' dir='ltr'><strong>vesper,omittens,</strong></span> <span class='ocrx_word' id='word_1_798' title='bbox 3155 5379 3493 5450; x_wconf 89' lang='lat' dir='ltr'><strong>pernicibus</strong></span> <span class='ocrx_word' id='word_1_799' title='bbox 3522 5380 3582 5435; x_wconf 90' lang='lat' dir='ltr'><strong>in</strong></span> 
     </span>
    </p>
   </div>
   <div class='ocr_carea' id='block_1_111' title="bbox 1924 5464 3582 5541">
    <p class='ocr_par' dir='ltr' id='par_1_111' title="bbox 1924 5464 3582 5541">
     <span class='ocr_line' id='line_1_111' title="bbox 1924 5464 3582 5541; baseline 0.003 -22"><span class='ocrx_word' id='word_1_800' title='bbox 1924 5468 2095 5536; x_wconf 88' lang='lat' dir='ltr'><strong>equis</strong></span> <span class='ocrx_word' id='word_1_801' title='bbox 2124 5466 2431 5538; x_wconf 87' lang='lat' dir='ltr'><strong>expeditus</strong></span> <span class='ocrx_word' id='word_1_802' title='bbox 2459 5470 2624 5522; x_wconf 89' lang='lat' dir='ltr'><strong>vasta</strong></span> <span class='ocrx_word' id='word_1_803' title='bbox 2654 5464 2931 5521; x_wconf 89' lang='lat' dir='ltr'><strong>noctibus</strong></span> <span class='ocrx_word' id='word_1_804' title='bbox 2952 5467 3234 5523; x_wconf 85' lang='lat' dir='ltr'><strong>emetiens</strong></span> <span class='ocrx_word' id='word_1_805' title='bbox 3266 5470 3477 5541; x_wconf 91' lang='lat' dir='ltr'><strong>spatia,</strong></span> <span class='ocrx_word' id='word_1_806' title='bbox 3502 5470 3582 5525; x_wconf 90' lang='lat' dir='ltr'><strong>ibi</strong></span> 
     </span>
    </p>
   </div>
   <div class='ocr_carea' id='block_1_112' title="bbox 1923 5553 3584 5628">
    <p class='ocr_par' dir='ltr' id='par_1_112' title="bbox 1923 5553 3584 5628">
     <span class='ocr_line' id='line_1_112' title="bbox 1923 5553 3584 5628; baseline 0.002 -18"><span class='ocrx_word' id='word_1_807' title='bbox 1923 5559 2163 5626; x_wconf 87' lang='lat' dir='ltr'><strong>repente</strong></span> <span class='ocrx_word' id='word_1_808' title='bbox 2191 5554 2514 5628; x_wconf 86' lang='lat' dir='ltr'><strong>apparebat</strong></span> <span class='ocrx_word' id='word_1_809' title='bbox 2534 5571 2651 5627; x_wconf 90' lang='lat' dir='ltr'><strong>quo</strong></span> <span class='ocrx_word' id='word_1_810' title='bbox 2676 5553 2964 5627; x_wconf 86' lang='lat' dir='ltr'><strong>perlatum</strong></span> <span class='ocrx_word' id='word_1_811' title='bbox 2987 5559 3108 5611; x_wconf 89' lang='lat' dir='ltr'><strong>tam</strong></span> <span class='ocrx_word' id='word_1_812' title='bbox 3132 5557 3357 5614; x_wconf 86' lang='lat' dir='ltr'><strong>volucri</strong></span> <span class='ocrx_word' id='word_1_813' title='bbox 3381 5558 3584 5615; x_wconf 85' lang='lat' dir='ltr'><strong>celeri-</strong></span> 
     </span>
    </p>
   </div>
   <div class='ocr_carea' id='block_1_113' title="bbox 1923 5642 3581 5715">
    <p class='ocr_par' dir='ltr' id='par_1_113' title="bbox 1923 5642 3581 5715">
     <span class='ocr_line' id='line_1_113' title="bbox 1923 5642 3581 5715; baseline 0.004 -17"><span class='ocrx_word' id='word_1_814' title='bbox 1923 5646 2042 5699; x_wconf 90' lang='lat' dir='ltr'><strong>tate</strong></span> <span class='ocrx_word' id='word_1_815' title='bbox 2073 5644 2243 5701; x_wconf 84' lang='lat' dir='ltr'><strong>fidem</strong></span> <span class='ocrx_word' id='word_1_816' title='bbox 2266 5659 2500 5701; x_wconf 90' lang='lat' dir='ltr'><strong>omnem</strong></span> <span class='ocrx_word' id='word_1_817' title='bbox 2534 5660 2599 5699; x_wconf 92' lang='lat' dir='ltr'><strong>ac</strong></span> <span class='ocrx_word' id='word_1_818' title='bbox 2622 5642 3039 5715; x_wconf 87' lang='lat' dir='ltr'><strong>cogitationem</strong></span> <span class='ocrx_word' id='word_1_819' title='bbox 3066 5648 3404 5715; x_wconf 75' lang='lat' dir='ltr'><strong>excederet;</strong></span> <span class='ocrx_word' id='word_1_820' title='bbox 3428 5653 3486 5705; x_wconf 93' lang='lat' dir='ltr'><strong>et</strong></span> <span class='ocrx_word' id='word_1_821' title='bbox 3507 5664 3581 5705; x_wconf 86' lang='lat' dir='ltr'><strong>ne</strong></span> 
     </span>
    </p>
   </div>
   <div class='ocr_carea' id='block_1_114' title="bbox 142 5715 3577 5810">
    <p class='ocr_par' dir='ltr' id='par_1_114' title="bbox 142 5715 3577 5810">
     <span class='ocr_line' id='line_1_114' title="bbox 142 5715 3577 5810; baseline 0.006 -37"><span class='ocrx_word' id='word_1_822' title='bbox 142 5715 359 5774; x_wconf 87' lang='lat' dir='ltr'><strong>biliter</strong></span> <span class='ocrx_word' id='word_1_823' title='bbox 386 5718 710 5791; x_wconf 84' lang='lat' dir='ltr'><strong>professus,</strong></span> <span class='ocrx_word' id='word_1_824' title='bbox 741 5718 879 5777; x_wconf 83' lang='lat' dir='ltr'><strong>ﬂdei</strong></span> <span class='ocrx_word' id='word_1_825' title='bbox 906 5723 1373 5797; x_wconf 63' lang='lat' dir='ltr'><strong>constantiaque</strong></span> <span class='ocrx_word' id='word_1_826' title='bbox 1398 5724 1456 5781; x_wconf 88' lang='lat' dir='ltr'><strong>in</strong></span> <span class='ocrx_word' id='word_1_827' title='bbox 1502 5731 1807 5799; x_wconf 89' lang='lat' dir='ltr'><strong>posterum</strong></span> <span class='ocrx_word' id='word_1_828' title='bbox 1919 5732 2233 5806; x_wconf 85' lang='lat' dir='ltr'><strong>rapiditate</strong></span> <span class='ocrx_word' id='word_1_829' title='bbox 2262 5731 2665 5791; x_wconf 83' lang='lat' dir='ltr'><strong>incitatissimi</strong></span> <span class='ocrx_word' id='word_1_830' title='bbox 2689 5736 2886 5788; x_wconf 89' lang='lat' dir='ltr'><strong>motus</strong></span> <span class='ocrx_word' id='word_1_831' title='bbox 2907 5748 3120 5806; x_wconf 89' lang='lat' dir='ltr'><strong>corpus</strong></span> <span class='ocrx_word' id='word_1_832' title='bbox 3141 5735 3201 5792; x_wconf 90' lang='lat' dir='ltr'><strong>in</strong></span> <span class='ocrx_word' id='word_1_833' title='bbox 3226 5738 3397 5810; x_wconf 88' lang='lat' dir='ltr'><strong>equis</strong></span> <span class='ocrx_word' id='word_1_834' title='bbox 3428 5738 3577 5794; x_wconf 74' lang='lat' dir='ltr'><strong>etfu-</strong></span> 
     </span>
    </p>
   </div>
  </div>
