4188 6442
594 397 702 452 659

1907 411 2209 468 GEORGII
2245 410 2708 467 PACHYMBBB

3899 404 4007 460 660

591 520 960 594 ϐρασσόμενον
1023 527 1301 597 συνεχῶς,
1349 526 1576 602 κειρίαις
1626 529 1688 582 τὸ
1746 531 1903 602 σῶμα
1958 527 2328 602 διείληπτόΑ
2361 527 2418 584 δέ
2472 532 2519 606 γ’
2574 510 3060 608 ἁφιλοῇρηματίας
3117 531 3153 598 ἢ
3235 530 3446 603 μᾶλλον
3507 526 3955 604 μισοχρηματίας
3993 571 4006 593 ,

590 629 647 662 τε
702 609 792 662 καὶ
851 612 1254 687 συνεσφίγγετο.
1318 615 1414 668 Διά
1459 620 1627 670 ταῦτα
1675 618 1762 671 καὶ
1794 616 2117 694 ἠνδραγάθει
2175 619 2241 673 τὰ

597 698 840 770 μέγιστα,
901 693 1132 775 φοϐερὸς
1184 701 1377 757 ἅπασιν
1439 704 1550 775 ὥν,
1613 706 1707 778 ἅμ’
1766 708 2100 779 ἀκουόμενος
2155 707 2243 762 καὶ

595 788 687 858 ἅμ’
751 785 1104 861 ἐφιστάμενος
1141 834 1151 846 .
1204 793 1279 846 Τὸ
1355 794 1534 863 μέντοι
1591 815 1652 868 γε
1713 797 2096 868 στρατιωτικὸν
2156 795 2246 850 καὶ

597 877 788 951 λόγοις
821 876 1020 933 ἔθαλπε
1068 882 1155 934 καὶ
1191 879 1391 956 δώροις
1422 885 1729 959 ἐθεράπευε,
1762 887 1853 941 καὶ
1881 888 1942 940 τὸ
1979 889 2248 962 μέγιστον,

600 965 662 1020 οὖ
695 964 1027 1028 δεσποτικῶς
1058 968 1306 1042 ἐκείνοις,
1339 969 1466 1026 ἀλλ’
1516 971 1824 1048 ἀδελφικῶς
1868 979 2253 1053 προσεφέρετο,

602 1054 736 1127 ἀνὴρ
771 1052 1034 1127 θεοφιλὴς
1080 1056 1169 1111 καὶ
1217 1064 1389 1129 πρᾶος
1437 1059 1527 1114 καὶ
1577 1062 1844 1136 χρηστὸς,
1877 1052 2255 1138 ἀνυπόκριτος.

600 1142 696 1203 Εἰς
729 1139 785 1195 δὲ
815 1141 1151 1217 φιλοδωρίαν
1185 1146 1274 1200 καὶ
1306 1149 1508 1210 πάντας
1552 1149 1720 1207 ἐνίκα.
1777 1152 2032 1222 Ἐπήνθει
2064 1150 2122 1207 δὲ
2168 1151 2257 1207 καὶ

602 1231 665 1284 τὸ
695 1234 912 1306 σῶφρον
945 1231 1154 1305 ἐκείνῳ,
1212 1236 1286 1297 ὡς
1349 1235 1517 1308 μηδὲν
1569 1239 1713 1314 παρά
1759 1240 1881 1311 μίαν
1929 1241 2259 1310 ἀκουσθῆναι

608 1319 964 1392 ὑποταγεῖσαν
997 1320 1140 1392 αὐτῷ
1166 1322 1312 1391 πλὴν
1364 1326 1461 1392 τήν
1511 1326 1732 1402 σύζυγον
1782 1328 1856 1390 εἰς
1907 1327 2110 1398 ἡδονῆς
2162 1328 2260 1383 νό-

610 1417 705 1469 θου
736 1408 1034 1462 κΛωπείαν·
1085 1411 1294 1480 Ἐκείνη
1359 1411 1405 1466 δ’
1436 1412 1494 1467 ἐκ
1539 1415 1752 1477 νοθείας
1795 1418 1882 1470 καὶ
1920 1420 2058 1488 μόνη
2085 1417 2264 1488 τούτῳ

611 1496 895 1570 θυγάτριον
944 1500 1189 1571 φυσικὸν,
1243 1499 1367 1555 ἀλλ’
1430 1502 1490 1556 οὐ
1545 1504 1781 1577 νόμιμον
1832 1506 2206 1580 ἀπεγέννησεν,
2236 1507 2265 1560 ’ὀ

612 1584 702 1638 καὶ
750 1589 830 1656 τῷ
879 1587 1031 1642 Μέπε
1061 1583 1303 1661 Ἰϐηρίας
1341 1589 1503 1644 Δαυίδ
1546 1593 1622 1655 εἷς
1672 1598 1848 1667 γάμον
1897 1592 2126 1651 ἐδίδοτο.
2185 1594 2269 1652 Τὰ

618 1669 665 1726 δ’
715 1672 857 1728 ἄλλα
910 1676 1128 1748 μέτριος
1174 1677 1241 1744 ἦν
1290 1679 1378 1732 καὶ
1429 1683 1748 1754 καρτερικὸς
1802 1683 1880 1759 ἐφ’
1929 1687 2144 1754 ἅπασιν,
2196 1684 2270 1743 εἷς

621 1760 667 1816 δ’
699 1761 976 1830 οἷκειακὴν
1010 1764 1153 1834 τάξιν
1181 1765 1270 1820 καὶ
1324 1766 1443 1822 λίαν
1497 1769 1814 1844 φιλότιμος,
1848 1775 1936 1826 καὶ
1963 1774 2024 1828 τὸ
2055 1773 2268 1847 σύμπαν

620 1853 945 1925 περιφανής.
1003 1853 1106 1908 Καὶ
1165 1851 1364 1927 ἀκριϐῆ
1417 1865 1617 1929 σημεῖα
1660 1864 1757 1928 τῆς
1813 1863 1905 1933 μὲν
1951 1862 2274 1939 φιλαγαθίας

625 1940 788 1995 αὐτοῦ
849 1940 939 1995 καί
989 1942 1314 2016 φιλοκαλίας
1361 1947 1482 2020 περὶ
1544 1950 1670 2010 τοὺς
1722 1950 1974 2019 οἰκείους,
2028 1956 2174 2024 [145]
2224 1953 2274 2026 ἐξ

633 2028 706 2084 ὧν
767 2028 1005 2093 ἐκείνους
1072 2031 1414 2098 παιδεύεσθαι
1487 2034 1784 2092 συνέϐαινεν
1843 2040 1892 2101 ἐς
1947 2042 2008 2096 τὸ
2060 2039 2279 2117 ἀκριϐὲς

629 2118 718 2174 καὶ
774 2119 848 2181 εἰς
903 2119 1196 2191 ἀληθινοὺς
1251 2126 1520 2200 ὑπηρέτας
1552 2124 1880 2198 ἀποϐαίνειν,
1929 2131 1990 2184 τὸ
2023 2131 2277 2194 θανόντος

629 2208 834 2263 ἐκείνου
889 2211 1015 2272 τοὺς
1070 2211 1273 2267 ἐκείνου
1331 2217 1654 2291 θεραπευτὰς
1714 2217 1795 2272 ἐπ’
1857 2220 2125 2289 ἀξιώμασι
2187 2242 2282 2293 με-

627 2299 838 2372 γίστοις
888 2299 1064 2370 ἀξίους
1097 2307 1420 2377 λογισθῆναι
1472 2303 1746 2361 δουλεύειν
1777 2307 1857 2380 τῷ
1893 2308 2126 2383 βασιλεῖ.
2163 2313 2280 2380 Τῆς

631 2495 868 2552 sissime
914 2500 1285 2556 currentibus
1345 2508 1602 2560 aestuans
1655 2506 2033 2577 relaxaretur,
2080 2508 2280 2564 devin-

633 2588 794 2640 ctum
826 2585 974 2642 illud
1027 2604 1259 2659 semper
1289 2591 1542 2648 habebat
1587 2597 1807 2662 fasciis,
1851 2602 1975 2652 arto
2023 2598 2284 2668 undique

632 2673 901 2745 amplexu
947 2667 1394 2749 strin‘gentibus.
1443 2682 1522 2737 Ea
1565 2683 1976 2754 praeclarorum
2024 2685 2083 2741 in
2130 2667 2283 2741 bello

632 2779 1016 2820 succcssuum
1051 2783 1230 2822 causa
1261 2768 1344 2823 illi
1379 2787 1594 2843 magna
1625 2778 1768 2843 erat,
1813 2773 2132 2846 imperatos
2160 2775 2284 2846 ple-

631 2867 884 2925 rumque
916 2855 999 2910 sic
1030 2856 1491 2927 deprehendenti
1514 2861 1712 2918 hostes
1737 2863 1894 2918 haud
1918 2864 2085 2920 facile
2115 2864 2285 2921 aliter

629 2943 1020 3014 superabiles,
1051 2945 1226 3001 simul
1251 2946 1420 3020 longe
1451 2951 1708 3016 auditus,
1732 2952 1910 3007 simul
1934 2959 2283 3024 conspectus

632 3048 891 3103 praesens
921 3035 1110 3089 etvim
1136 3035 1392 3092 inferens
1416 3038 1854 3096 ineluctabilem
1883 3063 1896 3110 ;
1923 3044 2077 3098 unde
2099 3048 2285 3099 terror

633 3121 763 3191 ejus
796 3120 910 3177 late
941 3121 999 3177 in
1021 3122 1220 3179 hostes
1245 3135 1605 3194 manaverat,
1631 3131 1858 3186 cunctis
1882 3133 1950 3186 ad
1973 3133 2101 3202 ejus
2120 3148 2280 3187 men-

637 3210 860 3266 tionem
904 3203 1709 3284 trepidantibusfMilitarem
1754 3221 2196 3277 multitudinem
2229 3229 2286 3278 et

637 3300 948 3356 verborum
1001 3303 1360 3375 benignitate
1427 3308 1842 3365 consolabatur
1888 3316 1944 3365 et
1997 3311 2287 3366 donorum

647 3388 919 3462 largitate
952 3391 1360 3462 demulcebat;
1423 3401 1479 3451 et
1509 3399 1665 3468 quod
1689 3403 1866 3470 caput
1895 3405 2003 3470 est,
2038 3417 2152 3455 non
2187 3400 2289 3455 do-

639 3478 785 3534 mini
808 3481 1215 3551 superciliUm,
1234 3484 1332 3538 sed
1350 3485 1557 3540 affectu
1571 3504 1623 3541 m
1643 3489 1839 3543 fratris
1857 3506 1991 3544 cum
2014 3489 2086 3544 iis
2111 3504 2290 3560 agens

638 3568 1099 3625 demonstrabat.
1138 3571 1442 3628 Eratidem
1469 3574 1957 3648 religiosissimus
1979 3578 2080 3633 Dei
2103 3577 2291 3633 cultor

639 3661 696 3712 et
738 3662 982 3727 amator,
1017 3659 1202 3729 mitis,
1247 3661 1560 3734 benignus,
1606 3665 2005 3722 simulationis
2047 3683 2292 3739 expers;

643 3746 1051 3804 munificentia
1082 3765 1216 3804 vero
1249 3755 1305 3805 et
1327 3752 1396 3806 ad
1422 3753 1760 3810 donandum
1787 3756 2078 3828 pronitate
2101 3755 2290 3810 omni-

645 3836 757 3892 bus
781 3836 1140 3893 antecclluit.
1167 3837 1578 3897 Ell'lorescebat
1599 3843 1656 3898 in
1677 3861 1743 3899 eo
1767 3845 2124 3901 castimoniae
2155 3861 2294 3917 quo-

645 3941 757 3996 que
788 3927 990 3994 decus,
1025 3929 1169 3984 adeo
1203 3937 1264 3984 ut
1298 3947 1367 3985 ne
1400 3932 1576 3987 fando
1606 3934 1842 4003 quidem
1877 3935 2196 4006 aliquando
2215 3935 2294 3989 sit

643 4015 911 4070 auditum
930 4015 1160 4073 furtivis
1182 4034 1318 4074 eum
1346 4019 1442 4074 ind
1456 4020 1666 4077 ulsisse
1679 4024 1979 4078 amoribus
1998 4024 2290 4080 autaliam

641 4121 906 4176 unquam
929 4106 1247 4178 voluptatis
1278 4125 1457 4165 causa
1479 4111 1787 4168 mulierem
1817 4115 2080 4186 attigisse
2112 4129 2290 4184 quam

640 4196 938 4267 propriam
963 4199 1296 4269 conjugem.
1331 4201 1402 4254 At
1425 4200 1548 4258 haec
1571 4201 1826 4258 multum
1854 4203 1934 4259 illi
1958 4204 2290 4269 dissimilis,

642 4283 826 4340 filiam
858 4301 927 4341 ex
960 4285 1072 4341 alio
1116 4287 1361 4359 peperit,
1405 4290 1732 4347 naturalem
1774 4294 1875 4348 sed
1918 4293 2288 4366 illegitimam

643 4374 884 4444 prolem,
916 4392 1042 4446 quae
1078 4377 1127 4431 ei
1163 4383 1362 4448 postea
1405 4379 1570 4452 Mepe
1601 4381 1799 4437 Iberia:
1831 4383 2032 4438 Davidi
2065 4384 2201 4438 data
2231 4383 2290 4437 in

640 4470 882 4520 ux‘orem
916 4469 1024 4520 est.
1059 4464 1140 4521 De
1173 4472 1380 4522 czrtero
1414 4471 1754 4526 moderatus
1785 4476 1910 4527 erat
1947 4482 2000 4527 et
2033 4472 2198 4527 fortis
2230 4471 2290 4526 in

640 4553 937 4609 omnibus.
980 4553 1308 4626 Disciplina
1348 4558 1701 4615 domesticos
1742 4566 1941 4617 exacta
1979 4561 2286 4617 continuit.

641 4640 824 4698 Mirus
855 4642 912 4697 in
939 4643 1159 4700 familia
1178 4661 1412 4718 semper
1433 4649 1597 4717 ordo,
1627 4650 2082 4722 incompositum
2107 4650 2249 4706 nihil
2277 4668 2292 4722 ;

638 4738 850 4789 cuncta
881 4735 952 4790 ad
987 4735 1363 4807 splendorem
1396 4739 1863 4813 dignitatemque
1894 4741 2113 4797 illustri
2145 4759 2291 4813 qua-

638 4823 774 4878 dam
808 4827 864 4879 et
895 4825 1074 4898 digna
1108 4826 1371 4901 principe
1404 4831 1730 4886 ambitione
1781 4835 2134 4904 comparata.
2168 4833 2290 4896 Quo

638 4911 699 4967 in
730 4929 941 4984 genere
964 4915 1194 4987 insigne
1225 4917 1439 4973 deinde
1459 4925 1876 4991 argumentum
1901 4921 2126 4978 exstitit
2153 4922 2291 4976 dili-

640 5002 850 5073 gentiae
882 5004 1030 5060 217
1068 5010 1124 5062 et
1149 5005 1444 5076 elegantiae
1479 5008 1666 5078 ipsius
1692 5012 1750 5064 in
1777 5011 2172 5067 familiaribus
2189 5029 2292 5067 cu-

640 5093 866 5163 randis,
889 5096 1042 5165 quod
1067 5096 1230 5168 quiei
1256 5097 1754 5168 ministravcrant,
1772 5101 1927 5156 sicin
1943 5089 2102 5157 omni
2120 5100 2293 5158 laude

639 5180 820 5237 istius
836 5182 1013 5238 officii
1029 5184 1246 5240 eruditi
1264 5189 1320 5240 et
1335 5187 1636 5243 exercitati
1654 5198 1961 5246 evaserunt
1976 5195 2155 5245 uteos
2169 5195 2301 5262 post

639 5271 830 5343 ipsius
852 5275 1074 5330 obitum
1099 5291 1302 5332 omnes
1325 5277 1711 5349 requirerent,
1739 5284 1939 5353 utpote
1961 5281 2060 5352 qui
2084 5280 2294 5337 callere

639 5362 712 5417 ad
749 5378 1007 5436 unguem
1035 5381 1239 5422 omnes
1270 5371 1424 5423 artes
1447 5369 1623 5424 aulici
1650 5370 1986 5440 ministerii,
2019 5376 2076 5426 et
2099 5388 2290 5427 veram

641 5453 833 5509 ideam
851 5455 1242 5526 perfectorum
1265 5457 1620 5514 famulorum
1635 5462 1862 5517 cunctis
1878 5464 2295 5532 repraesentare

640 5542 1020 5623 viderentur,;
1052 5562 1233 5617 quare
1263 5547 1426 5618 digni
1459 5547 1641 5605 habiti
1677 5555 1817 5606 sunt
1847 5551 1950 5622 qui
1991 5566 2292 5622 promove-

642 5637 848 5688 rentur
877 5635 947 5690 ad
971 5635 1227 5692 maxima
1256 5653 1502 5709 quaeque
1531 5643 1588 5694 et
1617 5639 2076 5696 honoratissima
2103 5637 2296 5694 officia

643 5722 856 5780 domus
905 5728 1205 5798 Augusta.
1244 5729 1462 5784 Verum
1512 5727 1606 5786 hic
1637 5730 1794 5786 idem
1825 5729 1918 5785 vir
1947 5745 2128 5801 quam
2175 5744 2292 5785 non

2305 1908 2352 1971 Β

2321 3262 2362 3328 C

2353 617 2522 673 εἰπεῖν
2579 619 2932 695 οἰκειότερον,
2973 621 3063 674 καὶ
3093 623 3190 674 τοῦ
3221 619 3392 673 πάντα
3423 619 3778 694 στρατιώταις
3817 613 4006 688 προΐε-

2355 719 2512 776 σθαι,
2561 709 2622 762 τὸ
2671 709 2782 778 ἐξὸν
2835 710 3095 771 πιθάκνας
3145 705 3290 782 ἔχειν
3347 706 3649 784 χρημάτων
3699 704 3788 758 καὶ
3843 704 4010 776 ὑπερ-

2355 803 2610 851 πλουτεῖν
2643 799 2716 858 ὡς
2746 795 2992 858 πολλοὺς
3023 797 3110 851 καὶ
3167 796 3439 872 μεγάλους
3472 793 3811 870 διενεγκόντα
3840 791 4010 846 πολέα

2365 906 2497 957 μους
2526 885 2614 940 καὶ
2665 887 2852 961 χώρας
2883 887 3057 948 πάσας
3087 891 3209 948 ταῖς
3243 889 3659 958 στρατιωτικαῖς
3710 879 4017 954 ἐμπειρίαις

2360 975 2866 1048 παραστησάμενον,
2920 970 2997 1028 ἔτι
3056 972 3113 1029 δὶ
3159 975 3265 1028 κάκ
3308 978 3414 1027 τῶν
3461 973 3690 1028 ἐνόντων
3743 971 3820 1032 εἷς
3877 967 4020 1032 ἰδίας

2366 1063 2680 1136 οἲκονομίας
2723 1068 3091 1140 προσκτᾶσθαι
3150 1062 3376 1118 πλείονα
3409 1107 3423 1132 ,
3476 1063 3538 1118 τὸ
3601 1060 3968 1137 μετριώτατον
4009 1099 4022 1123 ,

2367 1151 2449 1206 ὅτι
2498 1153 2587 1206 καὶ
2635 1151 2871 1216 πολλοῖς
2921 1150 3070 1207 δοκεῖ
3119 1153 3312 1229 ἀρετῆς
3360 1149 3528 1228 ἄκρας
3575 1156 3802 1224 σημεῖον
3853 1150 3914 1202 τὸ
3960 1151 4025 1200 τα

2370 1241 2544 1295 οἷ’κεῖα
2595 1242 2948 1316 καρπίζεσθαι
3003 1239 3170 1313 μηδὲν
3222 1238 3414 1311 ἔξωθεν
3463 1240 3945 1314 προσκτωμένους,
4000 1236 4026 1290 ὁ

2373 1328 2430 1384 δὲ
2455 1329 2708 1393 τοιαύτας
2737 1330 2811 1391 εἷς
2841 1330 2904 1384 τὸ
2952 1335 3213 1384 πηουτεῖν
3265 1329 3515 1405 ἀφορμὰς
3558 1322 4027 1402 προϐαλλομένης

2371 1425 2470 1487 τῆς
2520 1417 2699 1492 τύχης
2747 1418 2807 1472 τὸ
2839 1417 2983 1471 οὕτω
3013 1417 3269 1472 πλουτεῖν
3316 1417 3376 1472 lx
3426 1417 3736 1489 πλεονεξίας
3782 1414 4029 1472 ἐκτόπως

2375 1507 2641 1581 ἀπέστυγε
2687 1507 2776 1560 καὶ
2808 1505 3004 1578 ἐμίσει,
3064 1506 3199 1578 μόνῃ
3229 1509 3296 1579 τῇ
3352 1504 3480 1580 δόξῃ
3529 1505 3913 1577 ἑνασμενίζων,
3965 1504 4030 1568 ἧς

2378 1593 2529 1650 οὐδὲν
2561 1597 2678 1669 εἶχε
2706 1600 2977 1670 προτιμᾷν
3014 1594 3179 1652 ἀλλο.
3225 1591 3379 1665 Μόνη
3430 1596 3534 1670 γὰρ
3565 1595 3672 1648 τῶν
3722 1593 3858 1647 κατά
3911 1592 4032 1666 βίον

2377 1688 2707 1760 πραγμάτων
2756 1681 2883 1753 δόξα
2923 1688 3037 1744 τοῖς
3096 1683 3390 1739 ἀπελτοῦσι
3420 1683 3748 1757 παρέπεσθαι
3801 1683 4033 1757 πέφυκε.

2383 1775 2485 1829 Καὶ
2553 1775 2580 1827 ὁ
2643 1774 2736 1846 μὲν
2795 1772 2962 1845 νόμος
3019 1774 3114 1826 τοῦ
3171 1778 3278 1828 τιῖιν
3339 1775 3670 1847 Χριστιανῶν
3729 1769 4034 1843 νομοθέτου

2380 1866 2643 1934 Χριστοῦ,
2700 1863 2762 1916 οὐ
2815 1861 3070 1923 Σόλωνος
3121 1861 3245 1916 οὐδὲ
3297 1863 3638 1936 Λυκούργου,
3689 1858 3814 1914 ἀλλ’
3869 1859 4038 1913 αὐτοῦ

2383 1956 2480 2006 τοῦ
2529 1949 2773 2005 πλάστου
2811 1951 2901 2003 καὶ
2951 1954 3185 2019 ποιητοῦ
3233 1949 3322 2003 καὶ
3354 1953 3508 2017 Θεοῦ,
3561 1948 3620 2001 ἐκ
3646 1951 3754 2001 τῶν
3805 1947 4044 2020 προσόν-

2385 2061 2492 2094 των
2540 2036 2746 2093 διδόναι
2798 2037 2886 2092 καὶ
2921 2035 3334 2110 ἀντιλαμϐάνειν
3385 2039 3450 2092 τὰ
3505 2037 3695 2110 μείζω.
3728 2037 3797 2093 ’Ὀ
3831 2033 3898 2103 δὴ
3951 2035 4044 2088 καὶ

2387 2131 2700 2184 πιστευτέον
2753 2127 3067 2202 ἐπάναγκες,
3126 2127 3169 2181 εἰ
3228 2127 3473 2182 πιστεύοι
3529 2147 3611 2188 τις
3663 2130 3743 2197 τῷ
3816 2127 4045 2197 Χριστῷ

2394 2221 2469 2292 μὴ
2523 2219 2687 2292 μόνον
2738 2217 2927 2272 καθότι
2981 2217 3324 2290 βαπτίζοιτο.
3359 2216 3502 2272 ἀλλά
3550 2215 3737 2279 καθότι
3767 2215 3853 2269 καὶ
3897 2213 4046 2282 ἀλη-

2388 2307 2533 2363 θινὸν
2568 2307 2772 2362 ἐκεῖνον
2806 2301 2929 2379 ἔχοι
2959 2303 3038 2381 ἐφ’
3089 2309 3169 2368 οἷς
3223 2307 3633 2382 ἐπαγγέλλεται.
3684 2303 4053 2360 Βαπτισθέντα

2396 2507 2678 2562 amaverit
2706 2508 3039 2579 pecuniam,
3071 2510 3174 2560 aut
3204 2503 3400 2576 potius
3423 2507 3711 2574 quantum
3744 2517 3874 2556 eam
3909 2517 4052 2556 con-

2395 2597 2720 2667 tempserit,
2755 2613 3082 2652 memorare
3113 2593 3554 2650 convenientius
3587 2591 3779 2646 fuerit.
3809 2591 3942 2645 Erat
3979 2590 4055 2657 ei,

2394 2686 2442 2741 si
2474 2685 2672 2754 vellet,
2707 2686 3051 2741 facillimum
3085 2683 3280 2751 doliis,
3315 2688 3380 2738 ut
3406 2681 3592 2750 aiunt,
3628 2679 3818 2755 plenis
3841 2695 4054 2748 conge-

2392 2791 2517 2830 rere
2549 2791 2688 2846 opes
2721 2779 2776 2829 et
2809 2790 3118 2830 numerum
3152 2772 3466 2843 omnisque
3499 2768 3731 2842 generis
3762 2769 4054 2840 pretiosa-

2393 2881 2524 2920 rum
2559 2879 2755 2920 rerum
2796 2880 3033 2920 acervos
3070 2868 3297 2919 struere
3327 2861 3678 2926 immensos,
3712 2857 3920 2930 utique
3952 2859 4057 2928 qui

2393 2952 2544 3009 bello
2576 2969 2809 3024 semper
2842 2953 2975 3008 felix
3008 2967 3396 3024 quascunque
3428 2948 3672 3006 hostiles
3705 2947 3924 3002 invasit
3959 2964 4050 3002 re-

2392 3043 2593 3114 giones
2625 3043 2866 3114 (invasit
2895 3047 3091 3098 autem
3125 3039 3412 3112 plurimas
3439 3052 3658 3110 easque
3691 3035 4051 3105 ditissimas)

2386 3132 2520 3201 jure
2551 3131 2801 3187 victoriae
2835 3130 3164 3202 diripuerit.
3220 3128 3322 3184 llle
3352 3144 3485 3183 vero
3521 3127 3774 3198 prazdam
3806 3141 4063 3196 semper

2400 3227 2526 3276 erat
2549 3220 2780 3287 solitus,
2805 3237 2875 3276 ne
2904 3220 3152 3275 minima
3177 3219 3415 3290 quidem
3439 3218 3568 3289 ejus
3595 3220 3761 3287 parte
3785 3214 3898 3270 sibi
3927 3215 4062 3268 exi-

2401 3310 2517 3365 mie
2549 3315 2797 3376 servata,
2847 3308 3020 3363 militi
3070 3308 3401 3364 condonare
3451 3305 3829 3370 universam;
3884 3320 3953 3358 ac
3992 3319 4064 3358 ne

2401 3399 2822 3470 patrimonium
2875 3397 3113 3469 quidem
3177 3401 3279 3452 aut
3326 3412 3445 3451 rem
3480 3393 3832 3450 familiarem
3885 3409 4064 3447 suam

2401 3504 2613 3558 augere
2663 3488 2962 3544 consuetis
2993 3491 3048 3542 et
3078 3486 3259 3542 licitis
3311 3485 3558 3551 artibus,
3609 3489 3666 3538 et
3704 3484 3762 3537 in
3816 3482 4068 3537 modum

2400 3576 2726 3647 splendidis
2756 3578 3027 3650 expensis
3059 3577 3293 3632 abunde
3322 3574 3437 3630 sibi
3468 3572 3916 3642 hazredibusque
3936 3572 4068 3626 suf-

2403 3667 2692 3722 fecturum
2749 3671 2966 3723 attente
3015 3665 3341 3737 colligendo
3394 3664 3644 3719 formare
3703 3677 4068 3733 magnopere

2400 3772 2663 3828 unquam
2696 3757 2943 3826 studuit,
2995 3756 3131 3812 licet
3161 3755 3218 3810 id
3265 3755 3324 3809 in
3358 3757 3523 3826 parte
3572 3750 3889 3807 laudabilis
3921 3767 4063 3821 pre-

2402 3845 2668 3901 videntiaa
2699 3847 2837 3902 boni
2869 3847 3044 3901 etiam
3077 3849 3135 3900 et
3185 3843 3468 3900 moderati
3521 3844 3831 3897 numerent
3880 3840 4068 3911 pleri-

2403 3950 2536 4006 que.
2567 3935 2698 3991 Alia
2751 3937 2879 4007 ejus
2911 3940 3068 3993 secta
3112 3934 3224 3988 fuit
3272 3933 3561 4004 planeque
3611 3930 3844 3985 diversa
3889 3930 4070 3997 ratio,

2403 4025 2502 4095 qui
2537 4028 2724 4080 totum
2759 4025 2874 4081 sibi
2907 4027 3106 4080 sinum
3143 4023 3457 4096 pandentis
3479 4021 3747 4084 fortunae,
3783 4018 4072 4090 ultroque

2402 4114 2790 4184 congerendis
2841 4115 3102 4186 undique
3169 4111 3578 4170 occasionibus
3628 4108 3895 4163 lucrandi
3948 4124 4071 4162 non

2401 4201 2621 4273 injuste
2649 4204 2721 4258 ad
2747 4204 3090 4260 innocenter
3120 4202 3528 4259 ditescendum
3562 4197 3894 4264 invitantis,
3933 4213 4074 4251 mu-

2403 4307 2545 4348 nera
2573 4309 2786 4365 magno
2820 4293 3284 4366 semper‘animo
3317 4289 3605 4362 rejecerit,
3637 4285 3894 4342 avaritiae
3929 4303 4074 4357 spe-

2402 4381 2549 4438 ciem
2586 4382 2643 4437 in
2694 4383 2901 4439 sedula
2931 4383 3313 4455 congestione
3362 4379 3748 4452 quantumvis
3799 4375 4076 4447 legitime

2403 4475 2708 4542 partorum
2731 4473 3047 4541 quamdam
3063 4489 3183 4528 suis
3210 4469 3411 4526 virtuti
3425 4483 3660 4524 exosam
3683 4465 4076 4520 abominans.

2401 4563 2643 4617 Amores
2673 4562 2803 4631 ejus
2833 4579 3038 4618 omnes
3071 4563 3130 4617 in
3183 4560 3431 4633 gloriam
3466 4557 3843 4613 ferebantur:
3881 4571 4076 4610 unam

2326 4639 2373 4703 D
2404 4651 2725 4722 spectabat,
2762 4669 2879 4708 una
2910 4651 3008 4707 illa
3035 4650 3457 4716 delectabatur,
3494 4646 3642 4702 nihil
3670 4661 3939 4716 unquam
3966 4645 4080 4699 ad-

2405 4739 2654 4795 miratus
2687 4744 2789 4796 aut
2837 4740 3177 4813 complexus
3223 4741 3379 4812 quod
3428 4735 3511 4792 illi
3542 4735 3862 4808 praeferret,
3914 4733 4078 4789 nihil

2403 4833 2558 4902 quod
2594 4849 2697 4904 pro
2731 4832 2830 4887 illa
2864 4832 3250 4904 promercnda
3299 4829 3680 4902 parandaque
3719 4841 3836 4880 non
3876 4826 4084 4896 pacis-

2404 4927 2634 4978 ceretur
2665 4940 2730 4978 ac
2781 4923 3123 4995 proﬂigaret
3155 4921 3571 4984 libentissime,
3631 4915 3852 4988 quippe
3885 4931 4080 4988 quam

2404 5013 2559 5068 inter
2589 5030 2797 5069 omnes
2831 5029 2923 5068 res
2969 5013 3260 5068 humanas
3291 5010 3514 5066 sciebat
3563 5021 3741 5063 unam
3775 5019 3908 5060 esse
3941 5021 4080 5076 quas

2406 5103 2644 5158 duraret
2675 5109 2804 5175 post
2835 5101 2987 5158 hanc
3020 5103 3195 5157 vitam
3228 5106 3286 5156 et
3317 5097 3507 5155 funeri
3540 5099 3844 5167 superstes
3879 5101 4088 5151 morte

2408 5191 2540 5248 hinc
2573 5194 2900 5265 migrantes
2928 5195 3284 5248 coronatura
3313 5192 3679 5259 sequeretur.
3711 5185 3776 5239 In
3808 5182 4086 5239 eleemo-

2407 5299 2586 5353 synas
2635 5281 2934 5353 profusus,
2969 5281 3120 5337 hanc
3171 5281 3300 5351 ejus
3329 5278 3482 5336 218
3531 5274 3714 5332 studii
3766 5273 4082 5329 rationem

2407 5371 2757 5437 disserebat,
2809 5369 2996 5442 legem
3030 5385 3160 5426 esse
3209 5385 3324 5424 non
3365 5364 3598 5424 Solonis
3647 5365 3748 5418 aut
3794 5361 4088 5433 Lycurgi,

2406 5460 2506 5516 sed
2557 5459 2912 5531 legislatoris
2967 5457 3437 5514 Christianorum
3489 5451 3730 5521 Christi,
3787 5450 4097 5506 creatoris

2405 5551 2673 5622 ejusdem
2700 5548 3246 5620 conservatorisque
3272 5561 3470 5602 rerum
3491 5541 3760 5600 omnium
3786 5537 3920 5609 Dei,
3943 5555 4092 5611 qua

2407 5657 2516 5695 nos
2554 5640 2763 5710 jubcat
2793 5638 2947 5705 quod
2981 5653 3303 5710 possumus
3334 5653 3401 5692 ex
3433 5630 3711 5708 praesenti
3753 5626 3928 5699 copia
3961 5625 4095 5683 lar-

2409 5730 2543 5802 giri,
2568 5747 2670 5802 spe
2701 5733 2861 5785 certa
2891 5725 3212 5800 reeipiendi
3243 5727 3490 5798 maiora.
3525 5722 3667 5779 Huic
3689 5716 4094 5794 promissioni
