4246 6446
173 402 274 457 661

1237 398 1330 449 UE
1367 396 1733 450 MICHAELE
1773 396 2220 453 PALBOLOGO
2254 399 2388 452 LIB.
2433 399 2529 451 III.

3473 387 3580 441 662

174 523 230 578 δὲ
257 522 348 578 καὶ
379 521 737 576 πιστώσαντα
771 521 845 590 μή
878 523 996 580 τοῖς
1027 515 1220 590 λόγοις
1267 516 1533 571 πιστεύειν
1582 513 1808 582 ἐκείνου,
1843 521 1894 587 Α
1927 518 2046 572 σθαι
2077 520 2498 592 παρασκευάσοι,
2531 517 2605 578 ὡς
2666 515 2903 578 ἐντεῦθεν
2961 501 3170 585 μηδένα
3213 507 3420 564 διδόναι
3469 511 3578 592 τῶν

177 610 316 686 μηδέ
345 614 407 666 τὸ
436 612 668 686 πρώτως
722 609 990 664 πιστεύειν
1047 602 1218 681 ἔχειν,
1251 606 1346 660 κᾶν
1379 605 1408 660 ὅ
1435 627 1486 660 τι
1521 604 1692 680 λέγοι.
1721 606 1821 660 Καὶ

174 703 199 754 6
236 702 330 773 μὲν
363 702 599 774 Χριστοῦ
655 694 820 769 νόμος
882 696 1039 756 οὗτος
1099 689 1515 766 ἀνταμείϐεσθαι
1575 695 1709 748 κατά
1763 693 1825 746 τὸ

172 787 668 842 ἐκατονταπλάσιον
723 783 1113 858 ἐπαγγέλλεται
1164 803 1174 814 ·
1235 783 1409 857 χωρὶς
1469 780 1525 836 δέ
1580 781 1668 835 καὶ
1729 785 1824 834 τοῦ

171 875 478 951 προσδοκᾷν
536 879 703 930 ταῦτα
759 874 981 948 ἀπόχρη
1037 872 1126 926 καὶ
1189 873 1327 944 μόνη
1378 874 1410 939 ἡ
1445 869 1826 943 παραμένουσα

174 965 321 1037 δόξα,
380 965 456 1020 ’ἶν’
511 964 655 1020 εἶ’ποι
704 985 785 1025 τις
840 964 929 1018 καὶ
989 964 1105 1017 κατ’
1139 960 1676 1037 ἄνθρωπον,πείθειν
1733 961 1824 1013 τὸν

173 1057 389 1111 συνετὸν
421 1055 533 1128 οὐχ
559 1053 707 1117 ὅπως
738 1053 1141 1113 πλεονεκτικῶς
1197 1051 1649 1126 χρηματίζεσθαι,
1683 1046 1827 1102 ἀλλὰ

171 1147 260 1200 καὶ
318 1146 387 1199 τὰ
435 1145 710 1218 προσόντα
762 1147 880 1205 τοῖς
936 1146 1169 1216 τυχοῦσι
1237 1140 1538 1216 προίεσθαι.
1603 1138 1827 1209 Ἐξαίρω

173 1233 229 1290 δέ
285 1255 345 1310 γε
400 1233 496 1289 τοῖ’)
586 1229 753 1306 λόγου
830 1231 960 1293 τοὺς
1014 1231 1096 1286 ἐπ’
1151 1230 1463 1304 ἀναγκαίαις
1542 1225 1825 1290 δοκούσαις

174 1324 388 1400 χρείαις
433 1323 555 1377 τινὰ
604 1326 710 1376 τῶν
763 1316 931 1375 ὄντων
991 1319 1491 1395 παρακατέχοντας,
1525 1317 1571 1372 εἷ
1633 1319 1707 1390 μή
1769 1337 1830 1392 γε

172 1415 261 1470 καὶ
319 1413 470 1475 αὖθις
521 1410 698 1488 ἔχοιεν
752 1412 1153 1486 ἐκπορίζεσθαι.
1190 1409 1367 1466 Ἀλλα
1421 1414 1588 1464 ταῦτα
1648 1410 1741 1480 μὲν
1800 1408 1827 1461 ό

176 1503 445 1572 δεσπότης
481 1502 738 1572 Ἰωάννης
791 1501 880 1556 καὶ
948 1500 1071 1555 λίαν
1132 1498 1294 1575 ἔγνω,
1327 1501 1416 1554 καὶ
1473 1497 1632 1573 γνοὺς
1663 1496 1726 1550 τά
1777 1498 1827 1550 οἱ

175 1593 493 1648 συνοίσοντα
525 1591 800 1665 ἔπραττεν.
841 1592 986 1647 Ἑπεὶ
1048 1588 1105 1644 δέ
1151 1591 1201 1644 οἱ
1235 1591 1372 1663 ἀμφὶ
1435 1590 1526 1642 τὸν
1587 1588 1828 1661 μοναχὸν

174 1683 394 1752 Νεῖλον,
427 1684 485 1744 ὃς
541 1681 599 1737 ἐκ
657 1680 912 1743 Σικελίας
971 1683 1065 1753 μὲν
1125 1681 1375 1754 ὥρμητο,
1420 1678 1505 1734 ἐπὶ
1565 1683 1714 1749 κακῷ
1772 1676 1829 1730 δὲ

171 1780 271 1840 τῆς
356 1776 464 1826 τῶν
537 1769 824 1842 Ῥωμαίων
908 1769 1190 1830 πολιτείας
1279 1769 1498 1839 ἐπέστη,
1558 1764 1824 1820 διδάσκων

1931 587 2163 662 πάντων.
2198 608 2247 677 ἐξ
2300 608 2542 680 ἀνάγκης
2597 605 2834 680 ἐχόντων
2890 624 2966 673 τι,
2998 606 3079 672 [Ρ.
3114 601 3238 672 146]
3292 595 3431 653 διότι
3485 587 3581 680 nat:

1929 701 2024 749 τοῦ
2074 697 2130 750 εὖ
2189 696 2416 770 πάσχειν
2476 695 2612 749 κατὰ
2663 695 2755 748 τὸν
2800 691 3014 746 ἐκείνων
3046 691 3211 761 νὸμον
3272 672 3582 760 ἀπείργοιτ’

1934 783 1988 836 ἓν
2025 785 2330 860 εὐπρεπῶς,
2361 783 2450 838 καὶ
2505 782 2676 846 οὕτως
2726 781 2880 850 ὁτῆς
2935 775 3271 853 μεταδόσεως
3328 775 3577 844 ἀσθενοίη

1929 873 2298 946 νόμος,-ὧ
2356 878 2470 936 πῶς
2529 872 2694 928 ταῦτά
2754 892 2834 932 τις
2894 871 2980 924 καὶ
3046 864 3374 942 ἐξαγγείλαι,
3438 861 3577 917 ἰδίου

1930 967 2121 1036 καιροῦ
2152 963 2469 1038 χρῄζοντας
2502 963 2529 1017 6
2559 966 2689 1036 γοῦν
2743 958 3007 1027 δεσπότης
3063 953 3205 1031 ἔχων
3265 954 3399 1027 πρὸς
3453 957 3577 1013 τοῖς

1931 1052 2126 1116 ἄλλοις
2154 1051 2346 1114 καλοῖς
2373 1052 2461 1106 καὶ
2493 1052 2555 1106 τὸ
2587 1048 2992 1128 φιλομόναχον,
3025 1045 3260 1105 ἐκείνους
3288 1064 3393 1098 που
3438 1061 3579 1116 παρ-

1932 1145 2326 1219 εισφρησαντας
2381 1145 2450 1214 τῇ
2509 1140 2652 1210 οἰκίᾳ
2709 1141 2784 1201 ὡς
2842 1137 3038 1209 ἀρετῆς
3081 1133 3275 1212 φίλους
3334 1130 3576 1207 δέχεται,

1933 1231 2213 1294 κάντεῦθεν
2281 1228 2542 1304 σύγχυσίς
2596 1249 2679 1290 τις
2736 1226 2822 1282 ἐπὶ
2879 1231 3071 1300 μικρὸν
3130 1224 3255 1297 περὶ
3326 1223 3421 1282 τὰς
3471 1225 3578 1275 τῶν

1935 1319 2147 1374 οἰκείων
2205 1317 2378 1381 δόσεις
2435 1319 2494 1373 ἐκ
2546 1325 2645 1387 τῆς
2694 1316 2910 1372 ἐκείνων
2961 1311 3311 1374 διδασκαλίας
3369 1310 3582 1378 ἐπηκο-

1935 1406 2140 1465 λούθει.
2176 1408 2273 1462 Καὶ
2322 1408 2386 1461 τά
2447 1407 2540 1480 μὲν
2597 1405 2731 1461 κατά
2761 1405 2851 1460 τὸν
2883 1402 3148 1472 δεσπότην
3183 1399 3324 1455 οὕτω
3359 1419 3370 1431 ·
3407 1397 3584 1466 ἐνέαζε

1933 1497 2033 1572 γάρ
2084 1502 2201 1558 ταῖς
2259 1496 2611 1569 προθυμίαις,
2641 1493 2730 1548 καὶ
2789 1491 2961 1562 δῆλος
3012 1492 3076 1559 ἦν
3135 1492 3233 1559 την
3289 1495 3387 1556 τῆς
3448 1488 3582 1543 Ῥω-

1939 1584 2131 1659 μαίδος
2193 1585 2440 1639 σύστασιν
2499 1583 2622 1659 περὶ
2706 1581 2966 1638 πλείστου
3045 1579 3396 1650 ποιούμενος.
3452 1577 3584 1630 Τότε

1931 1677 2113 1729 τοίνυν
2162 1679 2271 1729 τῶν
2322 1677 2456 1728 κατά
2508 1675 2607 1741 τὴν
2655 1670 2728 1728 ’έω
2759 1669 3096 1746 πραγμάτων
3130 1672 3309 1728 κακῶς
3341 1665 3580 1740 ἐχόντων

1936 1764 2025 1818 σὺν
2057 1762 2256 1835 πολλῷ
2285 1768 2362 1835 τῷ
2383 1764 2542 1837 τάχει
2567 1767 2683 1825 τοῖς
2712 1762 2848 1816 κατὰ
2893 1761 2983 1814 τὸν
3034 1753 3342 1832 Μαίανδρον
3388 1755 3578 1816 τόποις

170 1859 594 1936 γλισχρεύεσθαι
627 1859 717 1913 καὶ
767 1864 1071 1933 προμηθεῖς
1131 1859 1261 1912 εἶναι
1320 1856 1449 1917 τοὺς
1508 1856 1823 1928 ἀνθρώπους
1858 1891 1904 1954 Β
1934 1852 2324 1928 ἐπεχωρίαζεν.
2359 1854 2472 1906 Ἔτι
2508 1849 2564 1906 δὲ
2609 1851 2698 1905 καὶ
2746 1853 3056 1924 περιφανεῖς
3100 1847 3218 1900 κατ’
3261 1845 3433 1900 ἐκεῖνο
3489 1843 3579 1897 καὶ

280 1948 290 1954 .
401 1949 410 1954 -
491 1945 544 1954 κ.
757 1950 765 1954 -
926 1947 941 1954 ι
1056 1947 1064 1954 .
1400 1944 1408 1954 ι
1575 1949 1599 1954 .-
2063 1941 2100 1954 ις
2348 1941 2359 1954 ι
2417 1942 2429 1954 ο
2491 1941 2504 1954 \
2724 1944 2745 1954 ν
2880 1939 2893 1954 \
3008 1936 3050 1954 I‘
3249 1939 3275 1949 -ο
3349 1931 3372 1954 δ
3495 1932 3505 1950 Ι

172 1948 297 2022 περὶ
353 1949 452 2016 τήν
488 1945 654 2015 δόσιν,
694 1950 894 2020 μήπως
926 1947 1105 2010 λαθών
1136 1967 1218 2007 τις
1256 1944 1489 2019 μετρίως
1535 1949 1641 1997 τῶν
1687 1963 1824 2017 πρα-

171 2039 396 2114 γμάτων
429 2034 575 2112 ἔχων
611 2031 794 2092 λαϐὼν
846 2041 925 2108 τῷ
977 2038 1068 2109 μὲν
1127 2033 1333 2090 διδόντι
1364 2036 1464 2103 την
1491 2038 1588 2087 τοῦ
1646 2036 1825 2092 κακῶς

174 2127 489 2198 οἰκονομεῖν
541 2128 609 2180 τά
666 2127 716 2180 οἱ
767 2125 1040 2201 προσόντα
1097 2125 1424 2199 προσ-τρίψοι
1479 2121 1828 2195 μέμψιν,τὴν

173 2216 231 2272 δὶ
260 2216 427 2293 χάριν
459 2215 667 2285 ἐκείνην
702 2216 799 2271 οὐκ
830 2217 916 2271 ἐπὶ
971 2218 1164 2289 μισθῷ,
1202 2212 1328 2269 ἀλλ’
1360 2214 1410 2268 ἐν
1443 2219 1620 2274 κενοῖς
1680 2209 1828 2286 γενέ-

177 2419 510 2475 necessario
559 2419 915 2474 credendum
962 2418 1035 2472 ab
1075 2435 1140 2472 eo
1173 2418 1376 2488 utique
1403 2420 1492 2471 est
1523 2414 1622 2485 qui
1657 2413 1829 2467 fidem

174 2512 232 2564 in
287 2509 588 2565 Christum
637 2510 964 2580 profitetur,
997 2525 1111 2564 non
1141 2507 1333 2563 solum
1363 2510 1655 2578 quatenus
1684 2503 1829 2574 bap-

175 2602 418 2656 tismum
473 2600 754 2671 suscepit,
811 2599 912 2655 sed
960 2604 1251 2670 quatenus
1300 2598 1474 2653 etiam
1510 2595 1703 2668 palam
1734 2609 1830 2648 ac-

172 2689 429 2762 quiescit
459 2688 792 2745 assentiens
825 2705 1001 2744 sacras
1024 2688 1297 2743 doctrinae
1324 2687 1545 2760 passim
1568 2686 1628 2740 in
1645 2681 1829 2740 eccle-

173 2777 264 2833 sia
317 2777 656 2850 prapositaa.
717 2776 893 2834 Porro
950 2778 1306 2848 baptizatum
1359 2775 1724 2848 quempiam,
1775 2774 1832 2827 et

183 2866 462 2923 assentiri
493 2883 556 2923 se
588 2866 1041 2922 irrevocabiliter
1067 2866 1422 2924 Christianis
1454 2862 1830 2936 dogmatibus

178 2954 544 3026 professum,
575 2953 791 3010 Christi
831 2955 1042 3010 deinde
1071 2955 1264 3009 verbis
1304 2956 1555 3009 fructum
1589 2951 1829 3006 uberem

173 3045 563 3116 eleemosynas
609 3043 1027 3114 pollicentibus
1073 3060 1186 3100 non
1221 3044 1456 3099 credere
1488 3047 1830 3112 argumento

173 3138 265 3188 est
309 3133 508 3205 ipsum
559 3149 748 3205 neque
797 3138 969 3189 antea
997 3148 1128 3189 vere
1158 3133 1828 3204 credidisse,quantum-

176 3237 416 3292 cunque
446 3237 509 3277 se
541 3221 776 3278 credere
806 3219 1172 3277 simulaverit
1195 3226 1252 3276 et
1283 3216 1826 3288 altirmaverit.‘,Nec

176 3310 439 3382 vulgaris
463 3311 861 3368 remuneratio
894 3316 983 3366 est
1022 3327 1198 3383 quam
1219 3311 1309 3366 lex
1328 3310 1544 3367 Christi
1566 3307 1825 3381 largitori

177 3401 548 3458 misericordi
609 3403 918 3474 promittit,
979 3403 1079 3458 sed
1113 3419 1240 3475 quae
1301 3407 1539 3458 centum
1572 3418 1677 3473 pro
1709 3414 1826 3455 uno

176 3493 410 3548 referat.
445 3493 534 3548 Me
564 3509 718 3561 vero,
747 3499 803 3548 et
829 3494 1116 3565 quemvis,
1149 3497 1215 3548 ut
1264 3494 1537 3562 arbitror,
1570 3491 1826 3564 pruden-

175 3585 292 3635 tem
328 3579 833 3649 hominem,eliam
866 3581 1126 3637 humano
1159 3583 1440 3637 duntaxat
1475 3597 1586 3636 usu
1618 3595 1827 3635 sensu-

175 3687 292 3740 que
324 3672 394 3724 de
428 3673 605 3727 rebus
628 3671 1021 3743 judicantem,
1056 3671 1138 3726 vel
1175 3672 1224 3728 si
1258 3671 1404 3727 nihil
1437 3671 1551 3727 tale
1582 3672 1826 3743 jubere-

177 3776 312 3816 mur
340 3768 962 3833 exspectare,moveret
985 3764 1215 3818 abunde
1239 3765 1308 3818 ad
1340 3763 1824 3819 benefaciendum

173 3852 489 3923 egentibus
519 3851 645 3923 ipse
677 3852 955 3924 splendor
983 3853 1408 3910 efflorescentis
1436 3853 1574 3909 inde
1607 3853 1828 3925 gloria,

177 3940 236 3994 in
288 3957 478 3996 aevum
529 3957 704 3997 omne
754 3957 1176 4014 permansurae;
1207 3944 1378 4012 cujus
1412 3958 1514 4014 spe
1546 3941 1829 3997 invitante

179 4046 296 4084 non
333 4032 502 4085 modo
535 4035 766 4086 avertor
795 4032 866 4086 ab
894 4048 1064 4086 avare
1095 4031 1482 4102 congerendis
1514 4030 1830 4102 superﬂuis

179 4119 421 4189 opibus,
446 4134 648 4174 verum
682 4121 860 4176 etiam
895 4121 1063 4176 facile
1096 4121 1342 4176 inducor
1374 4121 1444 4175 ad
1481 4119 1831 4176 subtrahen-

177 4209 320 4263 dum
357 4209 566 4265 usibus
597 4209 772 4265 etiam
805 4209 950 4281 ipsis
982 4209 1127 4265 meis
1160 4227 1284 4280 quae
1310 4210 1364 4264 in
1389 4209 1588 4266 obvios
1611 4225 1829 4282 paupe-

179 4315 273 4353 res
300 4299 748 4365 eii‘undam,non
781 4304 981 4355 tamen
1017 4304 1120 4355 aut
1155 4298 1212 4354 in
1248 4299 1381 4355 aliis
1413 4300 1700 4354 damnans
1733 4301 1834 4355 aut

176 4387 323 4442 mihi
372 4391 574 4444 vetans
625 4405 921 4444 reservare
953 4406 1079 4462 quae
1114 4393 1444 4460 opportuna
1473 4389 1833 4444 videbuntur

172 4475 262 4532 vel
287 4477 416 4547 jam
451 4479 800 4549 urgentibus
831 4478 918 4533 vel
942 4478 1001 4533 in
1027 4484 1328 4549 posterum
1350 4478 1832 4550 impendentibus

176 4566 633 4622 necessitatibus
666 4567 1148 4637 vitaa,praesertim
1183 4567 1282 4622 ubi
1317 4567 1544 4622 occasio
1576 4583 1831 4638 praesens

1940 1941 2173 2015 μεγάλαι
2205 1941 2363 2013 μοναὶ
2412 1941 2514 1995 ὑπὸ
2573 1944 2758 2010 σκοπῷ
2806 1939 2896 1994 καὶ
2956 1936 3156 2014 φύλακι
3210 1939 3290 2006 τῷ
3345 1931 3578 2006 δεσπότῃ

1937 2031 2268 2086 συνίσταντο.
2331 2030 2427 2084 Καὶ
2488 2027 2555 2099 δὴ
2615 2029 2648 2083 ἆ
2703 2030 2797 2102 μὲν
2855 2029 2907 2082 οἱ
2974 2027 3175 2099 Πέρσαι
3235 2020 3587 2095 προκαταλα-

1939 2116 2121 2184 ϐόντες
2149 2122 2416 2194 κατέσχον
2450 2118 2986 2194 συνεκχωρησάντων
3014 2120 3123 2170 τῶν
3179 2111 3406 2168 πολλῶν
3458 2109 3591 2165 ἐκεῖ·

1938 2212 2022 2264 θεν
2056 2214 2170 2272 τοῖς
2209 2211 2513 2282 βασιλεῦσι,
2543 2208 2794 2263 κάκείνου
2841 2205 3155 2272 λείποντος,
3184 2202 3250 2257 τὰ
3307 2199 3432 2276 περὶ
3487 2201 3588 2268 τὴν

1940 2430 2107 2485 illum
2144 2429 2371 2486 fraudet
2404 2429 2622 2485 frustra
2650 2431 2885 2500 sperata
2918 2425 3184 2483 mercede
3216 2422 3347 2478 talis
3368 2421 3584 2492 operis,

1941 2521 2158 2593 quippe
2173 2519 2330 2590 quod
2345 2519 2591 2589 nonjam
2608 2517 2720 2589 ipsi
2737 2517 2804 2572 ad
2826 2512 3582 2587 przsmiumimputandum,

1940 2609 2039 2665 sed
2070 2611 2220 2662 inter
2249 2625 2398 2662 vana
2426 2613 2484 2662 et
2510 2607 2696 2662 otiosa
2714 2605 3147 2660 numerandum
3169 2601 3356 2657 sit.Ex
3372 2599 3585 2670 hujus-

1941 2697 2099 2753 modi
2132 2697 2399 2752 doctrina
2427 2694 2646 2752 credita
2665 2702 3009 2766 receptaque
3027 2689 3356 2748 necessario
3373 2704 3582 2759 seque-

1940 2788 2117 2843 batur
2144 2791 2206 2842 ut
2236 2803 2407 2842 nemo
2438 2784 2657 2856 aliquid
2685 2782 3027 2839 habentium
3061 2781 3386 2853 quidquam
3418 2777 3588 2834 alteri

1941 2877 2203 2942 donaret,
2254 2875 2457 2946 sicque
2501 2873 2696 2929 omnis
2728 2888 2794 2928 ex
2825 2871 3214 2943 eleemosynis
3245 2871 3588 2942 proventus,

1941 2982 2056 3037 quo
2088 2981 2223 3037 spes
2253 2965 2519 3035 ratioque
2549 2962 2736 3017 victus
2753 2978 2818 3018 ac
2839 2965 3027 3016 status
3061 2959 3478 3031 plerarumque
3510 2961 3592 3010 te-

1943 3055 2150 3110 nuium
2203 3053 2563 3121 continetur,
2610 3052 2720 3108 hac
2768 3052 3014 3107 istorum
3061 3065 3238 3121 prava
3273 3045 3593 3120 disciplina

1942 3143 2209 3198 funditus
2262 3141 2756 3198 exterminaretur
2801 3156 2833 3196 e
2879 3136 3306 3195 consuetudine
3356 3151 3595 3206 usuque

1939 3231 2380 3301 hominum,illo
2413 3229 2708 3304 plausibili
2742 3233 3018 3303 prastextu
3044 3226 3382 3300 inquirendi
3415 3224 3588 3280 anxie

1938 3328 2073 3380 ante
2124 3322 2518 3395 largitionem,
2574 3335 2783 3376 verene
2814 3335 2890 3376 an
2921 3316 3194 3374 simulate
3225 3317 3464 3388 egerent
3489 3327 3594 3385 qui

1937 3412 2235 3484 petebant,
2281 3409 2511 3466 nullum
2564 3409 2686 3480 jam
2720 3407 3044 3480 erogationi
3100 3404 3370 3462 beneficis
3399 3401 3593 3458 locum

1937 3501 2344 3573 relinquente;
2400 3504 2578 3572 atque
2621 3497 2765 3554 adeo
2818 3497 2926 3552 hac
2973 3499 3180 3567 arguta
3221 3491 3592 3549 cavillatione

1935 3594 2062 3646 tota
2091 3591 2182 3645 lex
2211 3588 2714 3660 eleemosynarum
2749 3585 3208 3656 abrogaretur.0
3240 3581 3376 3654 quis
3409 3581 3593 3652 hujus

1938 3679 2256 3752 perniciem
2289 3676 2583 3750 dogmatis
2615 3676 2760 3732 satis
2789 3672 3057 3748 explicet!
3097 3673 3167 3729 ad
3201 3673 3358 3746 quod
3389 3671 3590 3741 utique

1939 3768 2175 3844 proprio
2222 3768 2352 3840 ejus
2395 3765 2724 3839 argumenti
2776 3763 3201 3821 commentario
3231 3765 3386 3818 esset
3417 3776 3586 3831 opus.

1939 3860 2126 3932 Igitur
2181 3858 2448 3930 despota,
2495 3856 2591 3912 cui
2647 3855 2854 3911 laudes
2901 3855 3058 3910 inter
3113 3856 3352 3908 ceteras
3391 3850 3583 3906 inerat

1939 3965 2106 4004 amor
2136 3947 2335 4003 nullus
2364 3943 2778 4016 veneratioque
2807 3942 3253 4011 monachorum,
3287 3939 3583 4012 quosdam

1937 4054 1969 4093 e
1997 4036 2112 4092 Nili
2144 4035 2415 4092 sectariis
2446 4051 2575 4090 eam
2604 4033 2781 4089 vitam
2812 4032 3150 4104 profitentes
3180 4035 3236 4086 et
3265 4046 3328 4084 se
3357 4027 3585 4085 insinu-

1940 4132 2107 4183 antes
2161 4125 2221 4181 in
2279 4127 2409 4196 ejus
2467 4124 2708 4178 domum
2769 4119 2940 4178 facile
2999 4121 3056 4176 in
3089 4118 3582 4176 consuetudinem

1940 4213 2179 4287 recepit,
2237 4214 2393 4269 viros
2452 4213 2638 4268 bonos
2698 4228 2728 4267 e
2785 4215 2944 4267 veste
2997 4209 3361 4266 existimans.
3422 4206 3585 4262 Unde

1939 4303 2187 4377 contigit
2239 4301 2413 4374 longe
2468 4300 2747 4373 deinceps
2807 4315 3046 4356 manare
3103 4298 3361 4370 parcius,
3394 4311 3584 4370 pravas

1940 4393 2115 4450 istius
2146 4393 2425 4447 doctrinis
2457 4390 2710 4458 quodam
2744 4390 2908 4445 obice
2936 4389 3323 4461 prohibitum,
3357 4387 3582 4442 fontem

1941 4483 2340 4539 beneﬁcentia;
2370 4496 2580 4553 greges
2609 4479 2852 4552 inopum
2886 4495 2955 4535 ex
2986 4478 3087 4534 illo
3116 4476 3354 4533 haurire
3383 4474 3584 4532 solito-

1942 4589 2075 4629 rum
2109 4576 2281 4628 antea
2305 4576 2427 4626 tam
2459 4569 2710 4642 benigne
2740 4566 3268 4640 irrigantem.Talis
3299 4569 3424 4622 erat
3451 4564 3584 4620 des-

176 4653 471 4724 largiendi
529 4672 643 4711 non
703 4655 974 4712 occurrit.
1007 4655 1176 4711 Tales
1223 4658 1467 4728 despota
1495 4656 1750 4712 Joannes
1781 4659 1835 4711 ct
1868 4646 1912 4711 Β
1944 4666 2091 4734 potae
2140 4660 2370 4718 indoles
2418 4660 2671 4731 vitaeque
2719 4658 2889 4726 ratio,
2928 4657 3037 4713 viri
3077 4656 3283 4729 utique
3309 4655 3379 4711 ad
3412 4669 3588 4710 omne

177 4744 297 4800 alte
330 4743 651 4816 impressos
675 4743 963 4817 pleneque
995 4761 1308 4818 persuasos
1342 4747 1609 4801 versabat
1630 4745 1826 4800 animo

178 4850 422 4901 sensus,
454 4839 511 4890 et
540 4834 613 4890 iis
651 4840 1044 4891 consentanee
1071 4852 1322 4908 operans
1354 4836 1423 4890 ad
1466 4834 1828 4908 prepositum

179 4923 298 4995 ipsi
343 4923 521 4978 linem
583 4923 779 4996 gloriae
841 4925 1138 4980 tendebat.
1176 4924 1336 4980 Istud
1363 4929 1553 4980 tamen
1587 4926 1714 4996 ejus
1744 4925 1832 4978 in-

182 5030 364 5070 censu
379 5030 432 5067 m
461 5012 621 5086 large
639 5014 894 5069 donandi
915 5015 1174 5069 studium
1196 5012 1504 5086 paululum
1524 5014 1833 5085 refrigera-

182 5106 326 5158 runt
373 5107 692 5158 sectatores
737 5103 852 5158 Nili
899 5103 1399 5174 pseudomonachi
1431 5119 1459 5157 s
1491 5102 1689 5160 Sicilia
1720 5104 1834 5158 huc

183 5209 403 5266 magno
437 5193 592 5248 malo
625 5193 904 5249 Romanae
935 5193 1269 5266 reipublicae
1292 5193 1834 5265 profecti,docentes

188 5281 575 5355 parcimoniae
625 5283 949 5352 attendere,
1006 5284 1443 5354 suadentesque
1496 5282 1836 5338 hominibus

182 5389 405 5445 magna
435 5369 963 5444 circumspectione
991 5372 1048 5427 in
1083 5373 1274 5428 dando
1303 5372 1385 5426 uti
1420 5373 1573 5429 219
1598 5391 1667 5428 ne
1693 5373 1835 5429 forte

178 5463 314 5533 quis
372 5461 548 5528 clam,
609 5461 830 5534 alioqui
867 5462 1096 5519 habens
1126 5462 1282 5534 quod
1316 5462 1462 5518 satis
1495 5462 1608 5535 ipsi
1639 5463 1737 5527 sit,
1782 5469 1838 5519 et

181 5549 390 5608 callide
411 5550 690 5606 simulata
710 5555 989 5624 egestate,
1009 5551 1258 5624 pecunia
1280 5567 1605 5622 emungens
1629 5569 1836 5626 parum

181 5644 427 5698 cautum
477 5640 942 5712 misericordem,
970 5640 1162 5697 labem
1212 5639 1297 5696 illi
1340 5639 1548 5697 allinat
1583 5645 1837 5701 multum

182 5730 377 5788 facilis
407 5738 464 5788 et
493 5746 603 5788 sua
631 5728 967 5788 inconsulte
993 5729 1377 5805 dilapidantis
1404 5747 1417 5799 ;
1441 5737 1840 5808 pratereaqus

1940 4753 2124 4808 decus
2157 4750 2334 4806 alacri
2367 4750 2590 4821 impetu
2623 4747 2875 4812 ruentis,
2907 4746 3242 4820 natique,ut
3271 4743 3589 4818 apparebat

1942 4859 2008 4898 ac
2038 4840 2318 4896 divinitus
2353 4839 2486 4895 facti
2511 4838 2582 4894 ad
2618 4837 3045 4893 restituendam
3077 4836 3136 4890 in
3169 4835 3348 4891 decus
3387 4832 3587 4906 pristi-

1944 4947 2082 4986 num
2118 4929 2436 4985 Romanam
2473 4943 2618 4983 rem.
2661 4927 2827 4981 Tunc
2876 4941 3014 4998 ergo
3057 4925 3232 4981 rebus
3275 4921 3589 4980 Orientalis

1943 5019 2150 5074 limitis
2201 5017 2353 5073 male
2403 5015 2785 5080 habentibus,
2838 5031 3074 5070 summa
3124 5013 3175 5069 is
3204 5011 3498 5069 celeritate
3529 5011 3588 5065 in

1945 5109 2212 5181 regiones
2245 5107 2538 5164 Menandro
2569 5107 2944 5164 circumsitas
2970 5122 3032 5161 se
3062 5100 3552 5174 contulit,maxim

1946 5199 2099 5253 inter
2156 5202 2364 5254 caetera
2410 5197 2564 5254 bono
2620 5197 2842 5253 dudum
2901 5199 3328 5252 exstructorum
3378 5190 3438 5246 in
3472 5188 3593 5245 illis

1944 5287 2119 5344 terris
2152 5303 2499 5356 magnorum
2534 5290 2710 5358 atque
2732 5285 3052 5341 illustrium
3076 5280 3592 5348 monasteriorum,

1948 5394 2076 5450 qua:
2108 5376 2472 5449 providentia
2502 5376 2887 5448 custodiaque
2917 5374 3104 5445 ipsius
3135 5391 3169 5429 a
3198 5372 3362 5429 clade
3391 5370 3594 5427 ruina-

1950 5483 2060 5538 que
2094 5466 2305 5523 ultima
2332 5471 2563 5522 servata
2587 5470 2727 5522 sunt
2755 5465 2976 5521 Horum
3010 5463 3278 5536 quaedam
3305 5464 3429 5533 jam
3461 5465 3596 5517 Per-

1951 5573 2026 5612 sa
2073 5561 2481 5629 prmoccupata
2532 5555 2899 5620 detinebant,
2945 5552 3244 5626 plerisque
3270 5549 3507 5624 oppidis
3535 5565 3602 5604 ac

1950 5647 2119 5719 pagis
2168 5645 2228 5702 in
2281 5663 2350 5703 ea
2400 5644 2617 5701 vicinia
2661 5645 2872 5716 positis
2901 5643 3058 5701 220
3087 5643 3148 5698 in
3178 5642 3490 5698 Persarum
3522 5637 3608 5695 di-

1950 5737 2110 5794 tione
2141 5735 2323 5794 simul
2355 5739 2458 5793 aut
2489 5733 2546 5791 vi
2581 5734 2779 5802 rectis,
2816 5738 2918 5791 aut
2947 5748 3020 5790 ne
3050 5730 3427 5790 traherentur
3457 5729 3610 5786 ultro
