4188 6442
650 369 758 424 663

654 577 681 600 ,Ι

652 579 780 635 ὄντα
837 579 1331 651 ἐπανακεκλῆσθαι,
1391 582 1505 638 οὐδ’
1563 583 1834 660 ἐπεχείρει
1920 588 2056 640 κατά
2113 593 2302 660 πεῖραν

650 676 942 744 κατασχεῖν
982 690 992 701 ⁸
1029 671 1153 725 ὅσον
1185 670 1229 726 δ’
1262 673 1326 740 ἦν
1359 675 1421 727 τὸ
1461 675 1595 728 κατά
1644 673 1950 749 Μαίανδρον
1997 677 2084 730 καὶ
2125 676 2301 749 Τρόίλ-

651 769 766 819 Λιις
818 759 906 812 καὶ
966 761 1266 834 Κάϋστρον,
1299 764 1365 816 τὰ
1414 767 1514 827 τῆς
1566 764 1748 828 Ἀσίας
1808 766 2096 840 βαθύτατα,
2146 766 2301 838 ἐκράο

647 848 770 902 τυνέ
831 869 889 902 τε
946 849 1319 923 προπολεμῶν
1371 853 1460 906 καὶ
1517 860 1617 921 τῆς
1669 856 1803 908 κατά
1849 861 1984 929 σφᾶς
2013 855 2304 930 ἀσφαλείας

655 935 900 1011 μετέχειν
962 935 1164 993 ἐδίδου.
1213 938 1352 1001 Τοὺς
1415 938 1471 994 δέ
1529 963 1588 1015 γε
1642 940 2024 1016 Μαγεδωνίτας
2085 942 2303 1015 (ἐκάκου

651 1025 755 1099 γάρ
781 1026 976 1088 αὐτοὺς
1005 1029 1066 1082 τὸ
1100 1028 1326 1084 πολλῶν
1361 1025 1506 1094 ἔνθεν
1565 1031 1638 1092 εἶς
1697 1034 1793 1093 τὰς
1825 1035 1959 1086 κατά
1996 1031 2143 1086 δύσιν
2178 1031 2302 1086 δου-

653 1112 804 1175 λείας
886 1119 1268 1192 μεταγομένων
1356 1119 1642 1195 καταρῥεῖν
1737 1126 1843 1174 τῶν
1924 1120 2299 1194 λελειμμένων

651 1203 776 1258 τοὺς
829 1202 1058 1279 Πέρσας)
1101 1207 1183 1261 ιιαὶ
1237 1207 1357 1262 λίαν
1411 1209 1631 1262 συνίστα
1682 1211 1769 1264 καῖ
1822 1209 2150 1287 ἠσφαλίζετο
2186 1231 2198 1245 ⁸
2239 1211 2305 1278 ἦν

650 1292 750 1369 γὰρ
790 1294 851 1347 τὸ
900 1294 1114 1349 ἐκείνων
1174 1296 1389 1366 πλῆθος
1446 1297 1669 1353 πίσυνον
1730 1301 1907 1369 τόξοις
1939 1301 2185 1376 καὶπερὶ
2241 1300 2304 1354 τὸ

653 1383 975 1457 ἀντιμαχεῖν
1036 1383 1376 1457 δεξιώτατον,
1435 1388 1522 1442 καί
1574 1410 1636 1462 γε
1702 1389 1796 1451 τὰς
1853 1390 2156 1464 προθυμίας
2213 1388 2302 1465 ἐῤ-

658 1469 829 1546 ῥώννυ
888 1472 1119 1546 χρυσίῳ,
1170 1474 1258 1528 καὶ
1312 1480 1443 1553 σιρᾶς
1503 1475 1758 1551 ἐδωρεῖτο
1813 1477 2176 1554 φιλοτιμίαις.
2239 1478 2306 1534 Οἱ

663 1559 845 1632 μέντοι
895 1583 956 1634 γε
1006 1562 1203 1635 Πέρσαι
1234 1565 1295 1618 τὸ
1326 1565 1496 1639 τάχος
1555 1573 1654 1634 τῆς
1689 1567 1998 1628 ἐπιστασίας
2049 1567 2306 1640 μαθόντες

654 1647 1053 1725 κατωρρώδουν
1084 1673 1163 1718 τε,
1192 1654 1281 1707 καὶ
1312 1655 1462 1716 αὖθις
1495 1655 1948 1718 παλινοστοῦντες
2006 1662 2126 1718 ταῖς
2187 1654 2309 1710 δυσ-

655 1739 891 1813 χωρίαις
939 1737 1237 1809 ἐνεδύοντο,
1282 1743 1608 1817 ἀπογνόντες
1669 1742 1724 1798 δὲ
1779 1750 1881 1799 τοῦ
1942 1744 2154 1820 θαρῥεῖν
2209 1743 2305 1798 αὖ·

654 1825 779 1880 τίκα
810 1824 1255 1904 διεπρεσϐεύοντο
1315 1830 1548 1886 ἀπέλυόν
1608 1854 1666 1887 τε
1725 1832 1853 1893 τοὺς
1911 1832 2305 1907 αἰχμαλώτους
2339 1871 2388 1936 Β

720 1915 746 1936 γ’
797 1917 810 1936 9
876 1919 885 1934 1
1131 1919 1184 1936 ul
1405 1923 1461 1936 In
1502 1919 1545 1936 λε
1649 1923 1661 1936 \
1772 1922 1786 1936 \
1894 1924 1906 1936 ι
2044 1921 2054 1936 Ι
2265 1924 2275 1936 ι

657 1915 750 1971 καὶ
783 1917 1010 1991 ἠγάπων
1046 1919 1370 1991 σωζόμενοι.
1405 1923 1464 1977 Ὁ
1498 1919 1553 1975 δὲ
1609 1923 1671 1976 τὸ
1732 1922 1824 1993 μὲν
1883 1921 2117 1996 ἡσυχίαν
2168 1924 2309 1996 σχή-

673 2024 783 2058 σειν
842 2005 1077 2069 ἐκείνους
1117 2008 1352 2072 εἷσαῦθις
1407 2009 1496 2064 καὶ
1559 2009 1705 2082 μάλα
1758 2011 1968 2086 θαρρῶν
2033 2009 2322 2079 ἐπίστευεν,

676 2093 778 2147 οὐκ
834 2094 883 2166 ἐξ
942 2097 1015 2150 ὧν
1071 2095 1264 2152 ἐκεῖνοι
1317 2095 1719 2175 διωμολόγουν,
1769 2098 1896 2153 ἀλλ’
1929 2099 1977 2171 ἐξ
2029 2100 2101 2152 ὧν
2164 2099 2324 2161 αὐτὸς

675 2180 819 2236 οἶδεν
880 2183 1279 2258 ἐπιθησόμενος
1337 2187 1425 2240 καὶ
1478 2191 1739 2258 νικήσων,
1773 2187 1824 2242 εἷ’
1846 2210 1948 2243 που
2005 2188 2095 2242 καὶ
2152 2209 2326 2262 παρα-

671 2272 941 2341 κινηθεῖεν
979 2294 991 2306 ο
1027 2274 1089 2329 τὸ
1123 2272 1179 2328 δὲ
1208 2276 1284 2348 μή
1317 2277 1504 2330 παθεῖν
1552 2275 1624 2329 ὦν
1685 2272 1911 2352 ἔδρασαν
1968 2277 2095 2340 τοὺς
2154 2298 2326 2351 προσ-

674 2473 1041 2530 cedentibus.
1096 2473 1261 2530 Unde
1291 2480 1349 2531 et
1380 2476 1493 2531 alia
1522 2477 1623 2531 illa
1649 2482 1872 2534 tractus
1903 2479 2033 2549 ejus
2055 2479 2180 2548 jam
2216 2478 2325 2532 im-

673 2563 1044 2634 peratoribus
1077 2579 1279 2640 parere
1312 2567 1624 2620 desierant:
1658 2583 1724 2621 ea
1757 2567 1884 2622 dico
1913 2583 2040 2637 qua!
2071 2565 2326 2623 Strobilo

675 2655 733 2706 et
783 2651 1232 2707 Stadiotrachiaa
1285 2654 1519 2724 ajacent
1565 2654 1715 2722 loca,
1751 2655 1834 2711 ita
1863 2655 2071 2711 validis
2099 2656 2329 2711 incessa

677 2740 970 2813 praasidiis
1022 2741 1310 2810 hostium,
1365 2749 1429 2799 ut
1463 2759 1663 2800 eorum
1697 2746 2195 2816 recuperationem
2231 2747 2328 2800 de-

679 2835 970 2900 speratam
990 2848 1060 2886 ne
1077 2834 1416 2887 tentandam
1434 2835 1670 2904 quidem
1689 2840 1790 2890 aut
1806 2841 1945 2890 tunc
1959 2836 2326 2907 cogitandam

683 2921 936 2976 Joannes
957 2923 1572 2989 putaverit.Quantum
1596 2930 1790 2978 autem
1809 2931 1930 2980 crat
1949 2924 2099 2980 circa
2114 2929 2325 2979 Maean-

683 3010 880 3075 drum,
932 3009 1159 3066 Tralles
1197 3028 1263 3066 ac
1315 3016 1620 3084 Caystrum
1656 3018 1713 3068 et
1745 3015 1894 3068 Asiae
1922 3014 2153 3083 intima,
2187 3031 2326 3069 con-

682 3098 935 3153 firmavit
965 3105 1552 3175 propugnans,atque
1575 3106 1638 3156 ut
1669 3118 1869 3157 secure
1901 3103 2151 3174 propriis
2176 3102 2327 3157 indi-

680 3204 843 3260 genae
900 3188 1259 3257 fruerentur,
1319 3190 1664 3260 proferendo
1725 3190 1876 3246 ultra
1934 3191 2086 3247 bello
2117 3191 2324 3246 etl'ecit.
2359 3228 2402 3292 Ο

681 3277 1072 3348 Magedonum
1105 3294 1339 3349 quoque
1364 3282 1598 3350 gentem
1635 3279 1897 3335 Romano
1929 3281 2182 3335 asseruit
2212 3281 2327 3334 im-

680 3366 1358 3439 perio,inextremotunc
1377 3368 1627 3438 positam
1653 3369 1997 3425 discrimine
2018 3364 2335 3426 deficiendi

680 3455 752 3510 ad
789 3455 986 3510 Persas
1017 3459 1121 3510 aut
1156 3453 1302 3527 ipsis
1335 3457 2333 3514 succumbendi.Laborabantenim

679 3543 917 3599 illorum
972 3561 1086 3613 res,
1137 3543 1434 3616 plerisque
1493 3545 1729 3602 illorum
1763 3549 2013 3603 evocatis
2045 3550 2118 3603 ab
2149 3550 2336 3621 impe-

679 3637 871 3688 ratore
920 3637 977 3689 et
1020 3633 1338 3689 militatum
1399 3634 1600 3690 missis
1630 3640 1836 3692 contra
1868 3637 2063 3692 hostes
2096 3639 2332 3693 Occidui

683 3721 914 3788 limitis,
945 3723 1147 3794 ibique
1174 3723 1448 3794 praasidio
1481 3724 1723 3790 relictis,
1757 3725 1973 3781 idcirco
2007 3729 2162 3798 quod
2205 3728 2334 3798 ejus

685 3812 942 3884 generis,
975 3816 1176 3882 utpote
1208 3812 1464 3868 arcubus
1495 3812 1851 3882 peritissime
1884 3815 2123 3882 utentis,
2160 3833 2336 3888 opera

692 3901 752 3956 in
789 3900 1230 3956 velitationibus
1263 3906 1321 3956 et
1352 3901 1567 3972 preliis
1598 3902 1956 3958 laudaretur.
1993 3907 2132 3960 Inde
2167 3922 2334 3976 porro

682 3991 902 4046 factum
954 3993 1022 4045 ut
1069 3990 1246 4046 vicini
1299 3989 1503 4057 Persaa,
1563 3991 1664 4062 qui
1699 3992 1920 4064 alioqui
1955 4010 2332 4050 numerosam

683 4078 977 4135 nationem
995 4079 1315 4150 sagittandi
1332 4081 1741 4136 exercitatione
1764 4082 2194 4140 formidabilem
2221 4102 2333 4139 non

685 4172 904 4223 temere
929 4168 1465 4238 lacesserent,nunc
1486 4185 1614 4224 eam
1635 4171 1958 4227 delectibus
1986 4173 2333 4229 exhaustam

688 4258 976 4330 imparem
1010 4258 1082 4313 ob
1117 4259 1469 4329 paucitatem
1495 4260 1824 4329 juventutis
1856 4261 1984 4318 suis
2015 4263 2335 4321 insultibus

689 4347 800 4403 rati
862 4347 1141 4402 audacter
1171 4347 1532 4415 invaderent,
1587 4349 1741 4404 haud
1803 4351 1980 4406 dubie
2007 4353 2333 4425 subacturi,

689 4436 1194 4507 despondentibus
1219 4437 1346 4508 jam
1381 4438 1612 4493 animos
1645 4439 1866 4507 exiguis
1893 4440 2012 4495 illis
2046 4441 2333 4513 reliquiis,

689 4526 750 4581 ni
783 4542 816 4579 a
843 4529 1067 4580 Joanne
1096 4527 1342 4596 despota
1371 4527 1883 4595 conﬁrmarentur,
1915 4546 2055 4585 auro
2088 4531 2248 4602 ipsos
2281 4536 2338 4586 et

1960 377 2262 431 GEORGII
2301 377 2766 431 PACHYMBRE

652 487 957 568 Στρόϐιλον
990 491 1134 568 λέγω
1159 495 1248 548 καὶ
1293 497 1390 564 τὴν
1447 495 1902 572 Σταδιοτραχίαν,
1937 499 2009 559 ὡς
2069 497 2300 554 ἀδύνατα
2332 499 2635 575 Αχώρους
2694 496 2978 552 ἀντίποινα
3030 493 3130 549 οὐκ
3176 489 3418 548 ἐδικαίου
3474 492 3535 546 τὸ
3593 490 3843 547 σύνολον.
3903 488 4066 558 Πλην

3951 364 4062 421 664

2414 587 2748 647 ἱκετεύοντας
2807 581 3191 659 προσεδέχετο,
3223 583 3313 636 καὶ
3362 580 3540 656 σφίσιν
3598 579 3757 652 ὅρους
3789 577 3977 648 ἐτίθει,
4011 579 4065 639 ἐς

2413 676 2611 730 ὁπόσον
2672 676 2730 729 ἂν
2789 675 2879 728 καὶ
2951 675 3219 740 κινηθεῖεν
3300 664 3852 743 προσκαταϐαίνοντες
3943 673 4064 728 ταῖς

2412 771 2655 835 σκηναῖς,
2682 766 2757 825 ὡς
2809 764 2903 824 τὰς
2963 763 3214 837 μεγίστας
3271 758 3538 819 δώσοντες
3598 756 3767 824 δίκας,
3801 757 3848 810 εἰ
3889 776 4064 828 παρα-

2413 852 2716 910 σπονδοῖεν.
2753 853 2856 910 Καὶ
2911 851 3051 907 οὕτω
3115 853 3209 922 μὶν
3254 851 3281 904 ὁ
3339 847 3606 916 δεσπότης
3658 847 3726 902 τὰ
3766 846 3900 900 κατά
3957 848 4061 912 τήν

2409 945 2484 999 Ea)
2535 945 2800 998 καθιστῶν
2857 947 2958 1010 τῆς
3015 941 3281 1016 προτέρας
3340 935 3671 1011 δυσκληρίας
3716 929 4066 1007 ἀνελάμϐανε

2411 1032 2538 1094 τοὺς
2585 1031 2717 1098 ἐκεῖ,
2765 1030 2854 1084 καὶ
2913 1029 3129 1106 θαρρεῖν
3174 1032 3434 1103 παρεῖχεν
3485 1021 3679 1094 ἀνέδην
3727 1025 3822 1085 τὰς
3882 1022 4061 1077 αὐτῶν

2413 1125 2789 1197 γεωργοῦντας
2816 1119 3186 1194 καρπίζεσθαι.

2573 1239 2758 1312 Ὅπως
2809 1234 3003 1312 Δἐνόσει
3076 1232 3438 1312 ἀποᾼλλόμενα
3491 1229 3747 1312 τὰ-κατά
3773 1231 4069 1312 -Μαρυαν-

2485 1306 2708 1434 δῖπνοὺς,
2765 1308 2833 1362 τὰ
2910 1301 3316 1383 Βουκελλάριᾶ’
3368 1326 3425 1359 τε
3503 1303 3594 1358 καὶ
3673 1305 3708 1370 ἡ
3772 1301 4073 1377 Παφλαγο-

2485 1401 2591 1434 να.

2482 1401 2591 1435 νια.

2487 1481 2570 1552 [Ρ.
2611 1480 2728 1550 14η
2761 1478 2964 1532 Ἐνόσει
2999 1474 3056 1531 δὲ
3083 1475 3150 1530 τὰ
3177 1479 3281 1529 τῶν
3334 1470 3752 1546 Βουκελλαρίων
3803 1475 4066 1541 Καρυαν-

2415 1565 2592 1637 δηνῶν
2647 1587 2704 1621 τε
2759 1565 2849 1621 καὶ
2909 1561 3276 1639 Παφλαγόνων
3310 1564 3397 1619 καὶ
3439 1561 3562 1617 λίαν
3595 1560 3852 1634 οῗκτρῶς.
3886 1559 3960 1611 Τὸ
4025 1555 4074 1610 δ’

2415 1653 2588 1709 αἴτιον
2622 1655 2705 1708 δτι
2755 1658 2852 1708 τοῦ
2909 1657 3234 1727 κρατοῦντος
3279 1652 3345 1706 τά
3392 1645 3855 1723 τεθησαυρισμένα
3907 1664 4075 1711 σκορ-

2414 1744 2673 1804 πίσαντος
2700 1741 2837 1797 κατά
2889 1762 2947 1796 τε
3003 1738 3146 1810 κήδη
3207 1740 3296 1795 καὶ
3352 1739 3574 1813 βαρείας
3630 1734 3954 1814 φιλοτιμίας
4007 1734 4078 1786 τὰ

2418 1834 2553 1906 πρὸς
2600 1832 2666 1886 τὰ
2718 1830 2867 1901 ἔθνη,
2924 1836 3147 1906 συχναῖς
3221 1827 3554 1888 ἀποστολαῖς
3630 1825 3958 1906 χρωμένουέ
4005 1855 4075 1864 --

2541 1921 2662 1992 148]
2694 1919 2796 1973 οὐκ
2827 1916 2945 1972 οῖδα
3085 1917 3136 1972 εἷ’
3177 1918 3264 1971 καὶ
3328 1917 3530 1987 σκῆψις
3577 1913 3643 1981 ἦν
3696 1913 3760 1966 τὸ
3814 1903 4080 1986 προϐαλ-

2435 2007 2684 2080 λόμενον,
2716 2009 2778 2062 τὸ
2810 2005 2983 2071 ἐνδεὲς
3014 2003 3228 2077 δηλαδὴ
3260 2006 3397 2078 πρὸς
3436 2004 3533 2065 τὰς
3581 2000 3771 2077 χρείας
3805 2017 3816 2030 ’
3848 1999 3924 2071 μὴ
3983 1999 4079 2051 καὶ

2438 2096 2655 2171 μᾶλλον
2687 2098 2754 2166 ἦν
2785 2099 2846 2152 τὸ
2877 2098 2966 2152 ὑπ’
2995 2095 3188 2151 ὀδόντα
3237 2095 3557 2170 λεγόμενον,
3591 2091 3666 2152 ὠς
3723 2090 3784 2144 τὸ
3839 2088 4094 2157 ὑπήκοον

2436 2186 2757 2242 ὑποπτεύων
2807 2185 2895 2241 διὰ
2953 2188 3019 2241 τὰ
3075 2180 3354 2258 συμϐάντα
3408 2187 3486 2255 τῷ
3543 2180 3696 2251 ἀλαῷ
3736 2182 3936 2233 κακοῦν
3995 2183 4098 2244 ζη-

2439 2275 2586 2349 μίαις
2616 2277 2890 2352 συμφέρον
2931 2270 3090 2350 ἔγνω,
3127 2277 3203 2348 μὴ
3261 2273 3351 2329 καὶ
3402 2272 3838 2341 κατεξανασταῖεν
3901 2266 4091 2341 ἐντρυο

2433 2476 2485 2532 si
2518 2476 2658 2548 quid
2692 2476 2946 2548 amplius
3007 2479 3324 2543 moverent,
3358 2473 3441 2528 ita
3473 2470 3623 2527 male
3654 2467 4001 2525 multandos
4026 2471 4097 2521 ut

2437 2567 2866 2640 praeteritarum
2927 2565 3279 2636 injuriarum
3342 2561 3670 2619 cumulatas
3720 2556 4088 2630 persoluturi

2437 2674 2640 2731 pcenas
2672 2657 2996 2724 forent,isto
3028 2660 3186 2711 metu
3211 2652 3595 2710 continendos
3632 2648 3766 2704 illos
3793 2649 3850 2709 in
3886 2646 4088 2701 ofﬁcio

2438 2749 2710 2821 speravit.
2768 2748 2969 2803 Pacem
3020 2749 3213 2802 autem
3249 2745 3409 2800 dedit
3439 2743 3513 2797 iis
3537 2739 3897 2813 petentibus,
3930 2753 4087 2808 quos

2437 2854 2499 2895 se
2531 2838 2682 2893 bello
2716 2842 3152 2909 superaturum,
3187 2835 3234 2890 si
3268 2837 3599 2898 conaretur,
3633 2830 3780 2886 221
3837 2826 4094 2882 minime

2438 2929 2766 2993 dubitabat,
2802 2927 3174 2982 miseratione
3205 2925 3466 2996 gentium
3499 2921 3722 2976 vicinos
3745 2918 3894 2990 ipsis
3927 2916 4091 2971 inco~

2436 3018 2684 3074 lentium
2735 3021 2982 3081 tractus,
3014 3031 3085 3070 ne
3114 3014 3252 3068 victi
3286 3012 3370 3067 illi
3401 3010 3690 3066 malorum
3722 3025 3785 3063 ac
3816 3005 4085 3060 cladium

2437 3123 2584 3179 quas
2645 3106 2801 3178 passi
2859 3103 3006 3159 bello
3061 3108 3259 3160 essent
3311 3101 3594 3157 ultionem
3627 3094 4088 3153 adebilioribus

2438 3196 2725 3253 vexationi
2772 3193 3141 3266 opportunis,
3190 3197 3454 3263 tempore
3496 3187 3706 3244 deinde
3737 3189 3929 3258 capto,
3965 3183 4094 3239 exi-

2445 3285 2959 3359 gerent.Cmterum
2981 3299 3098 3355 quo
3117 3281 3315 3337 minus
3334 3296 3523 3335 causa:
3541 3277 3825 3332 haberent
3841 3292 3873 3328 a
3893 3273 4093 3345 pactis

2446 3375 2767 3442 resiliendi,
2830 3375 2976 3428 fines
3035 3373 3109 3427 iis
3136 3369 3490 3443 prescripsit
3521 3368 3666 3423 satis
3712 3365 3898 3431 laxos,
3931 3362 4097 3418 intra

2446 3481 2592 3537 quos
2626 3464 2860 3519 abunde
2890 3477 3246 3535 pascuorum
3281 3459 3407 3516 suis
3429 3455 3711 3513 armentis
3732 3459 3788 3510 et
3804 3453 4096 3525 gregibus

2442 3555 2745 3622 haberent,
2779 3552 2928 3607 serio
2959 3551 3216 3618 edicens,
3251 3549 3299 3604 si
3333 3547 3486 3603 ultra
3516 3548 3915 3614 erumperent,
3967 3541 4102 3595 vio-

2444 3645 2542 3701 lati
2577 3642 2808 3699 fcederis
2851 3640 3144 3714 piaculum
3180 3638 3433 3694 maxima
3463 3636 3727 3708 ipsorum
3761 3631 4104 3687 calamitate

2440 3733 2750 3789 luendum.
2784 3734 2850 3785 In
2881 3729 3040 3785 hunc
3069 3730 3311 3784 modum
3346 3742 3448 3800 per
3476 3723 3730 3781 Orientis
3763 3719 4105 3794 provincias

2443 3825 2701 3893 despota,
2757 3819 2949 3876 deleta
2990 3817 3316 3890 ignominia
3369 3815 3534 3888 prius
3565 3820 3940 3882 acceptarum
3979 3808 4105 3863 illic

2441 3911 2701 3968 cladium
2758 3914 2816 3965 et
2873 3925 3070 3964 rerum
3104 3912 3259 3963 statu
3293 3906 3626 3964 emendato,
3658 3899 3939 3956 ﬁduciam
3978 3897 4105 3952 illis

2442 4001 2718 4074 gentibus
2749 3997 3028 4068 fecit,otio
3060 4014 3124 4053 ac
3157 4013 3298 4068 pace
3329 3995 3546 4065 ubique
3577 3990 3893 4057 restitutis,
3917 3987 4109 4042 libere

2444 4090 2724 4159 deinceps
2782 4086 3122 4143 attendendi
3183 4084 3425 4140 cultura:
3482 4095 3758 4153 agrorum
3807 4081 3866 4132 et
3897 4090 4111 4131 secure

2443 4178 2674 4251 legendi
2704 4177 2930 4233 fructus
2964 4176 3174 4231 uberes
3207 4178 3496 4229 terrarum
3533 4172 3591 4225 in
3625 4169 3846 4241 quibus
3879 4165 4116 4220 habita-

2444 4273 2592 4324 rent.

2441 4366 2530 4420 22.
2570 4365 2632 4421 Ut
2659 4365 2894 4436 pessimo
2910 4362 2978 4436 gin
2995 4365 3142 4418 statu
3161 4361 3376 4432 [uerinl
3391 4341 3566 4436 plane
3585 4354 3820 4436 perditae
3839 4351 4111 4436 μαι-μαγι-

2443 4426 2714 4493 άεηαγυὲη
2745 4426 3307 4504 Buceltarioruinque
3323 4426 3572 4500 rectene:
3586 4426 3638 4483 et
3652 4426 4013 4498 Paphalagon
4024 4426 4106 4476 ia.

2518 4535 2890 4591 Laborabant
2922 4537 3113 4590 autem
3149 4536 3206 4587 et
3229 4530 3509 4586 miserum
3528 4526 3587 4581 in
3614 4525 3854 4580 modum
3872 4521 4112 4577 afflictae

694 4615 994 4671 munificis
1045 4615 1461 4687 largitionibus
1501 4617 1838 4687 deliniente,
1872 4621 2066 4690 sicque
2101 4623 2169 4675 ad
2203 4621 2334 4676 ﬁdei
2368 4614 2413 4679 D
2437 4626 2714 4698 jacebant
2751 4622 3208 4679 Bucellariorum
3252 4625 3310 4675 et
3350 4614 3880 4689 Maryandenorum
3916 4609 4115 4682 regio-

696 4721 836 4777 erga
865 4705 1179 4777 imperium
1214 4707 1609 4763 constantiam
1644 4713 1698 4763 et
1730 4710 2037 4765 resistendi
2071 4711 2341 4767 hostibus

697 4795 1055 4851 alacritatem
1088 4795 1393 4852 excitante.
1445 4797 1631 4853 Persae
1692 4816 1863 4869 porro
1895 4799 2250 4857 incurrentis
2281 4802 2340 4856 in

696 4886 859 4956 ipsos
889 4889 1054 4940 tanta
1084 4885 1380 4942 celeritate
1415 4877 1672 4958 despotaa
1697 4888 2034 4958 improvisis
2079 4896 2343 4946 conster—

698 4975 818 5030 nati
870 4975 1118 5043 nuntiis,
1179 4979 1399 5030 terrore
1453 4992 1519 5031 ac
1577 4977 1983 5049 desperatione
2036 4997 2344 5038 successus

699 5063 890 5120 aversi
946 5074 1098 5119 retro
1158 5068 1320 5129 sunt,
1353 5081 1532 5136 seque
1565 5067 1765 5120 statim
1801 5067 1859 5122 in
1891 5085 2157 5138 suorum,
2193 5072 2346 5126 unde

706 5153 1378 5225 prodierant,inaccessa
1407 5153 1651 5209 latibula
1696 5158 1982 5212 montium
2005 5161 2346 5216 recondide-

704 5249 864 5300 runt.
899 5250 980 5300 Ac
1010 5244 1172 5300 velut
1205 5260 1274 5299 ne
1307 5243 1427 5298 illic
1463 5245 1702 5317 quidem
1732 5253 1967 5304 selutos
1987 5249 2348 5323 rati,legatis

704 5336 906 5393 missis
940 5335 1187 5407 captivis
1235 5335 1501 5404 redditis,
1535 5353 1734 5408 pacem
1769 5339 2053 5406 fecerunt,
2089 5340 2144 5395 in
2187 5341 2348 5397 lucro

709 5431 995 5499 ponentes
1044 5425 1196 5496 quod
1251 5424 1396 5480 salvi
1430 5433 1827 5497 superessent.
1861 5429 2120 5484 Joannes
2155 5436 2348 5486 autem

708 5517 1018 5588 quieturos
1050 5516 1210 5586 ipsos
1239 5515 1295 5568 in
1328 5519 1627 5586 posterum
1661 5522 1820 5573 certo
1852 5518 2202 5586 confidebat,
2233 5535 2348 5574 non

711 5608 990 5680 quoniam
1009 5603 1318 5678 pr‘omissis
1337 5605 1598 5677 ipsorum
1623 5608 1877 5665 multum
1898 5609 2031 5664 ﬁdei
2048 5609 2348 5676 tribueret,

712 5699 815 5757 sed
863 5697 1004 5773 quia
1051 5696 1164 5755 sibi
1210 5695 1482 5754 conscius
1531 5703 1588 5755 et
1616 5699 1827 5757 virium
1857 5707 1913 5758 et
1942 5699 2122 5757 animi
2147 5701 2219 5757 ad
2251 5717 2351 5759 eos

2453 4715 2840 4786 nes,itemque
2872 4709 3291 4783 Paphlagonia;
3327 4708 3497 4778 cujus
3518 4705 3596 4761 rei
3618 4700 3938 4760 causahaec
3959 4706 4114 4754 erat.

2452 4807 2776 4875 Imperator
2799 4803 2874 4857 iis
2905 4819 3031 4873 qua:
3053 4799 3425 4872 superiorum
3447 4793 3784 4868 principum
3806 4788 4120 4861 parcimo-

2455 4894 2553 4949 nia
2609 4895 2983 4964 congesserat
3039 4888 3404 4960 consumptis
3434 4886 3494 4941 in
3552 4887 3638 4939 tot
3663 4878 4016 4952 largitiones
4052 4894 4120 4931 ac

2457 4983 2732 5038 donativa
2752 4981 3044 5036 ambitosa
3075 4983 3473 5051 pretereaque
3495 4975 3554 5029 in
3580 4971 3835 5045 pretiosa
3855 4983 4121 5024 munera

2460 5071 2828 5144 principibus
2860 5073 2961 5125 aut
2990 5068 3202 5123 exteris
3234 5066 3511 5139 gentibus
3543 5056 4005 5128 missa,quibus
4031 5055 4123 5110 illi

2459 5167 2529 5222 ad
2588 5166 2783 5221 federa
2837 5169 2895 5219 et
2929 5161 3240 5218 societates
3301 5159 3700 5221 allicerentur,
3751 5149 4122 5206 exhaustum

2459 5256 2728 5311 mrarium
2781 5251 3058 5325 supplere
3098 5250 3300 5306 crebro
3356 5246 3559 5303 missis
3609 5259 3712 5316 per
3741 5255 3952 5296 omnes
3992 5255 4128 5310 pro-

2461 5346 2684 5401 vincias
2735 5344 2834 5414 qui
2896 5339 3175 5414 pecunias
3233 5337 3596 5409 colligerent,
3646 5329 3913 5387 curabat.
3949 5327 4124 5384 Haud

2460 5451 2630 5506 porro
2678 5432 2798 5488 scio
2862 5447 2931 5485 an
2988 5445 3128 5483 vera
3167 5425 3278 5485 illa
3329 5425 3506 5481 fuerit
3537 5416 3860 5478 exinanitio
3893 5415 4128 5506 publici

2459 5504 2827 5589 thesauri,an
2861 5537 2976 5577 non
3010 5519 3392 5591 potius,quod
3429 5504 4126 5588 quidamintrospicien-

2459 5619 2549 5671 tes
2600 5612 2855 5687 penitius
2895 5607 3485 5671 submurmurabant,
3517 5601 3837 5687 imperator
3859 5610 3941 5687 eo‘
3967 5593 4124 5687 falso

2459 5683 2739 5777 preat—anu
2773 5703 3174 5768 obtento,vere
3191 5702 3458 5755 metuens
3485 5710 3557 5753 ne
3572 5683 4117 5768 propterinvidiam
