4188 6442
1297 410 1387 464 OB
1423 408 1793 466 MICUABLB
1828 406 2269 464 PALBOLOGO
2304 410 2439 462 LIB.
2481 410 2554 462 II.

3543 404 3650 458 666

226 535 459 610 φῶντες.
509 528 728 602 Ταύτης
784 534 912 608 γοῦν
964 532 1064 599 τῆς
1123 528 1300 595 αἶ’τίας
1327 532 1363 601 ἢ
1412 530 1577 597 οὔσης
1604 531 1639 599 ἢ
1666 531 1756 585 καὶ
1790 527 1879 585 δο-
1912 534 1966 599 Α
1995 529 2046 582 οἱ
2075 533 2192 589 ταῖς
2223 527 2411 603 ἄκραις
2459 530 2920 603 προσκαθήμενοι,
2972 534 3054 598 τῷ
3080 548 3138 581 τε
3169 528 3402 599 πάσχειν
3438 523 3645 588 ἐνθένδε

227 620 438 689 κούσης
473 617 626 675 ένεκα
657 640 885 695 συχναις
932 620 1268 696 ἀναγραφαῖς
1309 618 1403 681 τὰς
1456 619 1642 694 χώρας
1689 617 1885 696 ἐκαλατ

234 716 395 782 μᾶτο.
447 710 785 766 Ένεπίστευε
846 706 903 763 δὲ
957 708 1052 770 τὰς
1108 709 1363 771 τοιαύτας
1420 707 1741 780 οἴκονομίας
1796 690 1885 761 καἱ

230 798 505 869 ὲξισώσεις
563 796 815 873 ἀνδράσιν
884 795 1060 852 οὐδέσι
1097 842 1110 867 ,
1201 797 1451 871 μεγάλων
1513 795 1600 851 ἐπὶ
1672 795 1885 856 τούτοις

227 887 566 962 τεταγμένων
625 889 687 943 τὸ
764 887 1048 962 πρότερον·
1138 891 1347 960 Καῖσπρ
1431 887 1536 960 γὰρ
1609 883 1886 956 Ῥωμανὸς

228 976 323 1029 καὶ
358 977 527 1051 μέγας
556 974 879 1048 δομέστικος
921 976 949 1030 ὁ
991 980 1088 1031 τοῦ
1144 972 1413 1051 βασιλέως
1469 974 1650 1047 πατὴρ
1699 973 1882 1045 ἰξισω-

226 1064 319 1118 ταὶ
394 1066 531 1120 κατὰ
600 1061 958 1140 Σκάμανδρον
1036 1064 1190 1133 ἦσαν.
1252 1062 1404 1132 Πλὴν
1476 1057 1882 1137 εχρυσολὸγουν

228 1150 471 1217 ἓντεῦθεν
502 1154 592 1209 καὶ
634 1158 715 1226 τῷ
770 1158 939 1225 κοινῷ
996 1152 1231 1226 ταμιείῳ
1287 1152 1567 1227 προσῆγον
1620 1152 1687 1205 τὰ
1742 1151 1887 1225 χρή-

230 1261 397 1313 ματα.
431 1244 603 1298 Τοῦτο
653 1236 865 1315 συμϐὰν
919 1240 1010 1296 καὶ
1066 1246 1185 1303 τοῖς
1242 1236 1562 1314 Παφλαγόσι
1619 1238 1709 1295 καὶ
1766 1242 1884 1299 τοῖς

224 1330 582 1404 προσωτίρω,
634 1331 1118 1405 ἡργυροΑογοῦντο
1173 1333 1254 1400 τῷ
1312 1328 1503 1403 χρόνῳ
1562 1327 1882 1399 κάμνοντες.

223 1419 351 1475 Τῶν
387 1418 482 1489 μὶν
523 1415 809 1494 χρεῖωδῶν
867 1419 958 1472 καὶ
1012 1438 1073 1493 γε
1129 1415 1250 1472 λίαν
1311 1418 1461 1492 εἶχον
1514 1415 1761 1488 εὐπόρως
1792 1411 1883 1469 δι-

224 1503 429 1576 δούσης
482 1514 584 1576 τῆς
640 1514 763 1583 γῆς,
821 1507 1177 1580 νομισμάτων
1211 1505 1267 1561 δὲ
1296 1510 1575 1581 πενιχρῶς
1610 1506 1758 1580 εἶχον
1810 1504 1885 1567 ὡς

223 1596 442 1652 πάντων
498 1598 883 1674 γεωργούντων
929 1601 997 1653 τὰ
1049 1598 1328 1673 ἀναγκαῖα.
1389 1594 1883 1675 Κεφαλαιουμένων

223 1688 357 1761 γοῦν
388 1691 496 1741 τῶν
522 1686 697 1743 τελῶν
729 1687 816 1741 ἐπὶ
846 1688 1146 1760 νομίσμασι
1192 1685 1423 1761 χρυσίου
1472 1686 1560 1741 καὶ
1600 1684 1881 1760 ἀργυρίου,

226 1772 476 1838 διδόντες
519 1777 582 1831 τὸ
630 1776 778 1840 τεθὶν
826 1774 877 1846 ἰξ
924 1774 1160 1851 ἀνάγκης
1204 1773 1591 1849 ἐξηποροῦντο.
1634 1775 1801 1831 Ἦσαν
1835 1766 1882 1826 δ’

224 1861 418 1958 ἄλλως
444 1866 531 1920 καὶ
561 1864 838 1958 στρατείας
857 1862 1256 1958 εἶδότες.
1288 1866 1473 1958 Ὅμως
1506 1862 1699 1958 ἔθνους
1720 1860 1880 1958 Ϊιλο-
1916 1895 1961 1958 Β

224 1949 457 2027 κερδοῦς
486 1952 749 2027 πονηρίαν
782 1951 967 2009 πολλὰ
996 1953 1055 2007 ἂν
1087 1953 1253 2025 κάμοι
1284 1973 1368 2017 τις
1397 1950 1647 2026 διορθοῦν
1679 1950 1877 2018 θὲλων,

223 2039 272 2095 εἰ
301 2043 397 2095 καὶ
432 2042 507 2114 μὴ
565 2042 792 2117 πάσχοι.
826 2040 872 2097 εί
905 2038 961 2095 δὲ
990 2042 1215 2116 πὶσχει,
1248 2042 1348 2096 οὑκ
1396 2038 1537 2096 ἔστιν
1588 2042 1737 2102 ὅπως
1801 2041 1877 2112 μὴ

223 2130 520 2204 ἀπρακτεῖν
552 2136 722 2187 πᾶσαν
755 2130 1016 2187 ἆπίνοιαν.
1048 2131 1277 2187 Ἐκεῖνοι
1306 2131 1509 2203 τοίνυν,
1540 2130 1630 2186 καὶ
1665 2128 1877 2203 μᾶλλον

225 2295 502 2351 excecati
532 2295 774 2353 Joannis
803 2295 1016 2353 etinde
1053 2286 1315 2353 secutam
1349 2312 1381 2350 a
1415 2293 1744 2367 patriarcha
1783 2309 1879 2349 ex-

224 2384 825 2441 communicationem
899 2386 1209 2457 provincia:
1270 2384 1642 2449 rebellarent,
1704 2383 1881 2439 rebus

223 2476 373 2528 tunc
400 2474 525 2529 suis
557 2473 700 2530 utile
730 2475 1019 2545 putaverit
1046 2475 1301 2547 spoliare
1323 2474 1592 2530 subditos
1615 2475 1671 2529 et
1693 2471 1878 2527 facul-

227 2562 459 2618 tatibus
493 2562 823 2634 privare,ne
850 2564 918 2618 ad
946 2568 1149 2620 contra
1175 2580 1236 2619 se
1270 2563 1700 2634 insurgendum
1730 2561 1883 2617 vires

228 2651 547 2707 haberent.
584 2650 656 2707 Ut
690 2668 924 2724 cunque
955 2653 1055 2717 sit,
1079 2670 1147 2709 ea
1175 2658 1316 2708 tunc
1342 2653 1433 2708 vel
1465 2669 1598 2707 vera
1628 2650 1714 2706 vel
1750 2652 1885 2705 ficta

231 2761 418 2800 causa
448 2745 725 2816 egestatis
757 2745 971 2813 aerarii,
1007 2744 1229 2801 crebris
1259 2744 1579 2817 imperator
1607 2742 1883 2799 censibus

236 2850 304 2889 ac
358 2833 857 2905 descriptionibus
915 2851 1017 2907 per
1066 2834 1369 2890 ministros
1411 2849 1883 2906 quoquoversum

241 2922 529 2978 dimissos
558 2938 731 2978 avare
762 2938 827 2978 ac
858 2925 1146 2995 rapaciter
1175 2922 1439 2979 exercitis
1466 2923 1618 2980 πα
1651 2921 1885 2995 spicile-

237 3012 338 3083 gia
375 3010 680 3082 regionum
716 3011 1036 3079 factitabat,
1071 3017 1242 3067 utens
1274 3012 1344 3067 ad
1376 3011 1432 3067 id
1469 3028 1643 3083 opera
1695 3010 1885 3066 homi-

239 3116 391 3155 num
417 3099 607 3169 nihili,
641 3116 775 3155 cum
806 3104 975 3156 antea
1034 3101 1439 3173 hujuscemodi
1495 3101 1700 3156 lustris
1750 3117 1886 3156 con-

236 3188 454 3243 dendis
486 3187 1016 3260 collationibusque
1065 3189 1367 3262 exigendis
1397 3191 1746 3263 populorum
1781 3205 1886 3244 no-

239 3276 525 3333 bilissimi
558 3278 777 3349 quique
825 3278 1038 3350 praefici
1060 3278 1213 3334 soliti
1239 3285 1441 3334 essent
1484 3295 1495 3331 :
1542 3295 1677 3333 nam
1700 3282 1893 3334 Caesar

233 3364 545 3420 Romanus
576 3370 633 3421 et
663 3381 915 3437 magnus
961 3366 1320 3422 domesticus
1344 3366 1709 3438 imperatoris
1732 3370 1892 3437 pater

236 3470 532 3509 censuras
550 3453 719 3510 istius
740 3454 973 3526 generis
999 3470 1100 3525 per
1120 3453 1387 3526 regiones
1417 3453 1568 3510 circa
1612 3455 1891 3511 Scaman-

231 3544 414 3597 drum
450 3542 598 3598 sitas
628 3548 949 3615 gesserant.
992 3543 1059 3599 Hi
1112 3560 1279 3613 porro
1310 3543 1584 3599 vilissimi
1635 3544 1893 3599 ministri

240 3648 460 3687 aurum
491 3632 1034 3689 immisericorditer
1053 3636 1340 3688 extortum
1375 3633 1637 3704 undique
1668 3634 1728 3688 in
1750 3650 1891 3689 aera-

254 3721 418 3777 rium
451 3721 863 3794 congerebant.
888 3722 995 3787 Qui
1015 3738 1147 3777 cum
1180 3721 1409 3777 obirent
1438 3721 1894 3794 Paphlagoniam

234 3814 297 3866 et
360 3807 671 3866 ulteriores
720 3811 989 3881 regiones
1038 3810 1304 3883 pecuniis
1336 3811 1538 3866 acerbe
1587 3811 1897 3867 corraden-

235 3900 357 3968 dis,
393 3915 460 3954 eo
494 3899 682 3971 magis
727 3899 1102 3955 oii'endebant
1133 3899 1263 3955 illos
1315 3898 1581 3971 populos,
1617 3900 1771 3971 quod
1802 3916 1895 3955 ve-

235 3988 544 4043 xationem
563 4004 664 4059 per
684 4004 746 4043 se
775 3988 1037 4044 odiosam
1064 3988 1553 4059 intempestivitas
1584 3994 1722 4045 tunc
1746 4005 1901 4061 quaa-

242 4078 391 4132 dam
418 4076 794 4149 aggravabat.
825 4077 1213 4150 Agricultura:
1233 4083 1435 4149 gentes
1454 4077 1894 4150 illaaplusquam

248 4166 663 4221 mercimoniis
716 4166 944 4235 deditae,
980 4166 1156 4222 rebus
1198 4167 1269 4221 ad
1302 4166 1521 4221 victum
1564 4183 1711 4238 quas
1742 4172 1898 4223 terra

242 4253 441 4328 gignit
472 4254 875 4321 abundabant,
912 4256 1157 4327 signata:
1185 4256 1443 4326 pecunia
1472 4272 1681 4328 parum
1713 4256 1896 4312 habs-

240 4342 413 4399 bant.
447 4344 636 4409 Quare
663 4342 812 4414 ipsis
841 4347 966 4398 erat
994 4344 1339 4416 perdifficile
1381 4360 1589 4400 aureos
1629 4348 1896 4416 argente-

237 4448 432 4504 osque
462 4447 763 4499 nummos,
814 4432 915 4504 qui
964 4432 1201 4505 singula
1233 4432 1291 4487 in
1332 4434 1523 4505 capita
1553 4433 1893 4489 indiceban-

1993 617 2191 687 καὶτῷ
2233 615 2473 685 ἐλπίζειν
2531 616 2727 672 ἰκεῖθεν
2782 616 2847 671 τὰ
2904 614 3106 688 λῲονα,
3157 614 3201 669 εί
3251 615 3412 686 μόνον
3472 634 3645 684 προσ-

1996 709 2227 779 χωροῖεν
2280 704 2513 777 ἑκόντες,
2562 710 2908 780 προσχωρεῖν
2951 701 3182 779 ἔγνωσαν
3233 702 3320 756 καὶ
3374 701 3642 772 ὁσημέραι

1994 795 2373 868 προσετίθεντο
2428 798 2680 867 Ηὲρσαις.
2741 794 2917 851 Τούτο
2969 797 3097 867 γοῧν
3159 791 3240 845 ἐπ’
3298 791 3395 844 οὐκ.
3455 790 3639 863 ὀλίγον

1994 884 2300 957 γενόμενον,
2360 884 2553 954 σύναμ’
2611 884 2834 946 ἐκείνοις
2892 884 2944 937 οἱ
3002 884 3196 954 Περσαι
3252 878 3477 952 ὁδηγοῖς
3530 886 3640 949 ἅμα

1992 971 2083 1026 καὶ
2138 973 2457 1045 συμμάχοις
2502 973 2783 1046 χρώμενοι
2827 970 3179 1046 καταθαρῥεῖν
3213 970 3364 1043 εἶχον
3408 973 3515 1021 τῶν
3553 966 3644 1021 λε-

1994 1059 2305 1133 λειμμένων
2341 1104 2353 1116 .
2413 1061 2509 1115 Καὶ
2563 1065 2781 1127 πρῶτον
2865 1061 2957 1132 μὶν
3017 1056 3287 1132 ἐκδρομὰς
3361 1061 3642 1115 ποιοῦντες

1992 1149 2240 1213 κατέθεον
2299 1153 2398 1219 τὴν
2455 1157 2555 1224 γῆν
2613 1148 2865 1219 ἐκείνων,
2924 1150 3011 1203 καὶ
3071 1146 3415 1207 σκυλεύοντες
3470 1142 3641 1215 (οὐδὲ

1990 1238 2091 1313 γαρ
2150 1238 2407 1315 ἐθάρρουν
2472 1237 2673 1312 μένειν)
2730 1240 3057 1314 ὑπεστρεφον
3096 1256 3108 1268 ’
3172 1236 3285 1291 εἶτα
3359 1239 3467 1289 τῶν
3546 1234 3638 1305 μὲν

1995 1326 2468 1400 ὑποκλινομένιυν,
2502 1332 2607 1382 τῶν
2670 1325 2841 1383 δὲκαὶ
2904 1326 3339 1399 ἀποικιζομὲνων
3397 1321 3504 1377 δέει
3558 1327 3639 1393 τῷ

1990 1416 2115 1490 περὶ
2166 1421 2265 1472 τοῦ
2310 1422 2430 1488 ζῆν,
2481 1416 2724 1492 εὐχερεῖν
2764 1415 2821 1471 ἐκ
2857 1421 2952 1470 τοῦ
2985 1416 3150 1490 ῥᾷστα
3206 1419 3321 1475 τοῖς
3380 1411 3639 1487 ἐναντίοις

1990 1504 2081 1573 ἦν,
2113 1506 2200 1559 καὶ
2251 1506 2616 1580 κατασχόντες
2644 1508 2741 1573 τήν
2805 1507 2990 1580 χώραν
3052 1504 3213 1558 κακὸν
3273 1503 3407 1570 ἦσαν
3462 1500 3638 1573 γειτό-

1989 1613 2141 1665 νημα
2167 1599 2285 1657 τοῖς
2313 1594 2572 1664 πλησίον.
2615 1598 2708 1666 Τῷ
2742 1594 2925 1665 μέντοι
2972 1614 3031 1666 γε
3067 1590 3281 1667 βασιλεῖ
3338 1588 3490 1659 δόξαν
3526 1590 3642 1641 ἀνα-

1989 1682 2223 1753 κλητεον
2271 1683 2470 1739 ἐκείνθν
2524 1684 2681 1756 εἶναι,
2739 1684 2828 1739 ’ὀτε
2880 1681 2945 1751 δὴ
3005 1683 3094 1736 καὶ
3138 1680 3382 1749 Θελήσοι,
3434 1681 3506 1740 ὡς
3552 1668 3637 1731 ἐπὶ

1990 1770 2151 1844 θύρας
2191 1793 2370 1845 οῃσαν,
2404 1771 2464 1827 οὐ
2500 1772 2668 1845 μέλον
2725 1773 2814 1840 ἦν,
2868 1769 3014 1827 ἀλλὰ
3043 1770 3175 1845 πρὸς
3229 1774 3344 1829 τοῖς
3404 1764 3639 1826 δ’)τικοῖς

1990 1865 2160 1915 πᾶσαν
2190 1862 2305 1936 εἶχε
2349 1862 2446 1930 τήν
2506 1859 2798 1935 ἀγχολίαν,
2828 1861 2893 1915 τε
2949 1860 3000 1913 ἐν
3054 1858 3180 1912 ποσὶ
3238 1856 3639 1926 καταπροῖέμε-

1986 1969 2101 2011 νος.
2143 1947 2319 2013 Εἵωθε
2367 1951 2469 2024 γὰρ
2528 1950 2609 2004 ἀεὶ
2652 1950 2713 2004 τὸ
2772 1950 2867 2021 μὲν
2894 1948 2989 2003 ἀνὰ
3048 1952 3237 2021 χεῖρας
3290 1948 3636 2019 καταφρονεῖ-

1990 2040 2113 2094 σθαι
2162 2036 2249 2092 διὰ
2294 2040 2357 2094 τὸ
2416 2040 2658 2110 σύνηθες,
2720 2044 2991 2108 ζητεῖσθαι
3051 2034 3108 2091 δέ
3164 2056 3223 2110 γε
3263 2035 3324 2089 τὸ
3373 2034 3447 2106 μὴ
3506 2052 3637 2106 κρα-

1988 2127 2250 2201 τούμενον
2284 2129 2359 2193 ὡς
2400 2125 2744 2199 θελξον.ἠ’δη
2796 2128 2847 2198 ἐξ
2895 2127 3195 2197 ἀσυνήθους
3245 2122 3632 2199 προσγεγονός-

1990 2296 2141 2348 certe
2160 2294 2396 2365 quando
2410 2294 2749 2350 exacerbata
2771 2294 3004 2349 damnis
3027 2292 3378 2362 acribusque
3402 2287 3634 2359 injuriis

1990 2383 2059 2438 ad
2084 2384 2554 2455 desperationem
2586 2383 2826 2439 efferata
2856 2383 3047 2447 fuerit,
3084 2384 3300 2437 frustra
3322 2377 3629 2451 quantavis

1990 2474 2367 2531 adhibebitur
2410 2475 2700 2532 industria
2746 2477 2817 2531 ad
2870 2475 3024 2530 illam
3060 2475 3119 2529 in
3152 2475 3264 2530 fide
3323 2473 3631 2542 ofﬁcioque

1991 2563 2422 2620 continendam.
2448 2564 2629 2636 Igitur
2651 2563 2756 2631 illi,
2782 2562 3067 2635 praecipue
3095 2579 3227 2619 vero
3259 2577 3507 2633 quorum
3536 2578 3630 2615 ar-

1992 2651 2160 2707 cibus
2220 2652 2442 2709 Persico
2473 2653 2739 2725 praesidio
2798 2652 3044 2708 insessis
3097 2651 3406 2706 viciniores
3463 2650 3629 2704 sedes

1991 2746 2178 2807 erant,
2211 2743 2365 2813 quod
2408 2758 2441 2798 ει
2466 2742 2684 2799 nostris
2716 2742 2947 2814 quidem
3002 2741 3220 2797 atrocia
3273 2745 3629 2812 paterentur,

1993 2830 2063 2885 ab
2096 2830 2365 2887 hostibus
2396 2848 2529 2887 vero
2573 2832 2972 2888 commodiora
3002 2836 3321 2903 sperarent,
3356 2828 3633 2901 pollicen-

1993 2920 2152 2975 tibus
2182 2919 2451 2976 videlicet
2478 2921 2597 2977 illis
2628 2926 2705 2989 et,
2739 2921 2788 2977 si
2829 2922 2981 2975 ultro
3032 2937 3094 2977 se
3142 2921 3443 2985 dederent,
3496 2917 3633 2971 mite

1993 3007 2307 3080 imperium
2338 3012 2786 3081 spondentibus,
2832 3011 3078 3065 deiicere
3099 3011 3169 3065 ad
3205 3009 3407 3064 Persas
3440 3008 3635 3061 decreo

1993 3104 2222 3167 verunt,
2258 3100 2591 3171 ﬁebantque
2622 3099 2869 3155 aliorum
2917 3105 3046 3171 post
3090 3098 3235 3153 alios
3284 3097 3633 3168 quotidianm

1994 3186 2373 3243 transitiones
2396 3189 2465 3243 ad
2483 3187 2949 3259 benigniores,ut
2972 3186 3435 3258 putabantﬂﬂl
3457 3184 3640 3238 domi-

1992 3292 2118 3331 nos.
2138 3276 2298 3343 Quod
2323 3276 2510 3349 primo
2538 3294 2568 3331 a
2590 3276 2843 3349 singulis
2866 3281 3180 3342 tentatum,
3208 3280 3261 3331 et
3284 3274 3382 3330 ubi
3407 3290 3637 3328 succes-

1994 3381 2093 3421 sus
2124 3366 2364 3435 impune
2412 3365 2537 3421 ﬂeri
2582 3366 2867 3437 probavit,
2918 3364 3312 3421 crebrioribus
3359 3362 3641 3432 exemplis

1995 3454 2454 3525 frequentatum,
2476 3454 2843 3527 irreparabili
2869 3456 3112 3526 jactura:
3138 3453 3441 3525 provinciae
3466 3452 3643 3506 totius

1997 3543 2359 3598 occasionem
2387 3543 2569 3612 dedit,
2602 3543 2897 3615 siquidem
2930 3543 3114 3598 Persis
3148 3543 3239 3598 his
3270 3542 3366 3613 qui
3400 3542 3468 3595 ad
3502 3557 3637 3612 par-

1995 3637 2084 3689 tes
2107 3634 2369 3706 ipsorum
2393 3634 2747 3691 transierant
2776 3634 3028 3690 d'lClbDS
3050 3639 3107 3689 et
3130 3633 3498 3705 adiutoribus
3523 3631 3638 3699 usi,

1999 3722 2355 3794 paucitatem
2387 3739 2590 3779 eorum
2624 3724 2723 3795 qui
2756 3728 3091 3779 constantes
3140 3723 3199 3777 in
3249 3720 3361 3775 ﬁde
3391 3719 3640 3791 impera-

1998 3811 2109 3866 tori
2133 3812 2333 3883 jurata
2367 3813 2705 3885 perstabant
2732 3816 3191 3879 contemnentes,
3225 3814 3409 3865 terras
3435 3824 3637 3863 eorum

1997 3901 2218 3956 crebris
2248 3901 2523 3957 infestare
2542 3901 2981 3957 incursionibus
3006 3904 3336 3973 coeperant;
3371 3916 3400 3954 e
3422 3898 3641 3969 quibus

1997 3990 2196 4045 onusti
2227 3992 2442 4063 prada,
2470 3990 2738 4063 spoliatis
2768 3990 3014 4046 subinde
3068 3990 3321 4054 miseris,
3373 3988 3641 4043 redibant

1998 4079 2261 4145 domum,
2294 4082 2557 4136 nondum
2588 4081 2667 4135 ibi
2700 4081 2827 4136 ausi
2859 4080 3182 4148 considere,
3214 4079 3404 4150 quoad
3438 4076 3639 4132 multis

2000 4167 2249 4223 istorum
2321 4169 2679 4241 experientia
2738 4168 3023 4225 malorum
3083 4167 3506 4225 inclinantibus
3565 4167 3636 4220 ad

1999 4259 2230 4321 Persas,
2264 4256 2468 4313 multis
2524 4258 2869 4329 quotidiana
2920 4258 3047 4312 vita:
3108 4255 3366 4329 pericula
3416 4256 3553 4328 fuga
3583 4261 3641 4311 et

1998 4344 2325 4401 voluntario
2345 4346 2546 4402 exsilio
2566 4346 3272 4415 redimentibus,subactu
3289 4346 3413 4416 jam
3439 4344 3637 4400 faciles

1999 4434 2187 4490 Persae
2220 4435 2486 4507 regiones
2509 4452 2626 4490 suae
2649 4435 2857 4490 ditioni
2883 4435 3260 4506 subjunxere,
3287 4434 3534 4505 ﬁxisque
3563 4432 3639 4488 ibi

234 4526 359 4587 tur,
398 4536 746 4587 numerare;
779 4529 835 4576 et
866 4537 929 4576 se
958 4522 1026 4577 ad
1052 4522 1207 4593 quod
1241 4538 1356 4577 non
1392 4529 1631 4594 possent
1661 4522 1893 4578 damnis
1927 4513 1970 4578 D
2002 4523 2311 4579 domiciliis
2343 4524 2559 4579 malam
2613 4524 2880 4579 finitimis
2934 4524 3208 4579 viciniam
3264 4525 3640 4595 praestabant,

236 4626 304 4666 ac
332 4609 834 4682 prehensionibus
880 4608 1009 4682 cogi
1048 4609 1465 4682 indignissime
1490 4610 1714 4667 scilicet
1742 4612 1893 4667 fere-

232 4700 405 4765 bant,
436 4698 757 4770 prasertim
791 4700 1073 4769 quoniam
1106 4698 1239 4754 inde
1266 4700 1622 4772 sequebatur
1652 4704 1774 4756 toto
1804 4701 1890 4773 ip-

231 4806 336 4845 sos
371 4788 653 4861 deinceps
704 4804 858 4844 anno
921 4788 1267 4845 necessariis
1327 4803 1519 4861 egere,
1577 4792 1892 4862 postquam

232 4894 471 4935 messes
503 4883 562 4933 et
589 4877 939 4945 vindemias,
972 4882 1038 4933 ut
1067 4893 1333 4934 summas
1356 4878 1607 4934 indictas
1627 4895 1892 4951 quoquo-

229 4969 417 5025 modo
448 4967 821 5034 conficerent,
856 4965 1047 5023 alieno
1078 4971 1343 5039 tempore
1393 4966 1495 5023 vili
1550 4969 1735 5041 pretio
1766 4968 1891 5024 dis-

225 5057 477 5114 trahere
536 5061 687 5113 totas
742 5060 1080 5112 exactorum
1158 5055 1539 5114 inclementia
1601 5057 1891 5130 compulsi

226 5147 497 5202 fuerant.
532 5144 771 5201 Nullum
802 5144 1041 5217 quidem
1074 5145 1194 5201 fere
1224 5145 1491 5217 plerique
1539 5144 1776 5202 illorum
1810 5145 1893 5202 rei

227 5235 466 5291 bellica:
498 5250 673 5291 usum
705 5233 1023 5304 habebant,
1048 5237 1113 5289 ut
1134 5232 1375 5290 rebellio
1397 5233 1597 5291 minus
1628 5235 1893 5291 timenda

226 5324 564 5380 videretur.
616 5322 834 5379 Tamen
893 5321 1085 5394 gentis
1148 5319 1299 5378 lucri
1351 5323 1596 5396 cupidae,
1656 5324 1891 5380 etiamsi

229 5413 416 5470 nulla
467 5413 798 5468 extorsione
830 5411 1087 5482 irritatis,
1121 5427 1224 5484 per
1254 5428 1316 5468 se
1347 5428 1587 5484 pronam
1635 5413 1705 5468 ad
1735 5429 1890 5485 quaa-

218 5512 510 5564 stuosum
544 5504 869 5575 perjurium
903 5502 1159 5559 indolem
1192 5519 1323 5559 cum
1362 5520 1596 5577 semper
1640 5520 1893 5578 magnus

216 5596 405 5653 labor
437 5595 517 5651 sit
561 5593 633 5650 ab
674 5591 802 5649 utili
858 5591 985 5649 visa
1041 5592 1370 5650 defectione
1435 5593 1729 5664 cohibere,
1761 5598 1887 5653 tum

2001 4613 2347 4669 infestantes
2370 4612 2833 4669 eoslatrociniis.
2867 4613 2994 4668 Haec
3035 4613 3280 4668 audiens
3326 4612 3644 4684 imperator

2000 4718 2067 4757 eo
2098 4718 2368 4757 accurere
2400 4701 2674 4774 neglexit,
2719 4702 3065 4758 existimans
3113 4719 3173 4757 se
3225 4705 3369 4757 istas
3412 4702 3640 4772 provin-

1997 4790 2140 4859 cias,
2181 4791 2412 4863 quippe
2444 4791 2502 4845 in
2546 4791 2876 4863 propinquo
2938 4791 3107 4858 sitas,
3161 4796 3642 4862 recuperaturum

2002 4880 2471 4952 quandocunque
2509 4880 2654 4935 foret
2676 4880 2930 4945 libitum,
2954 4884 3173 4935 ettunc
3202 4879 3260 4933 in
3294 4896 3385 4935 res
3408 4878 3643 4935 Occidui

1998 4974 2224 5025 tractus
2247 4985 2351 5040 spe
2380 4985 2447 5024 ac
2470 4970 2791 5040 cupiditate
2816 4974 2973 5025 totus
3009 4968 3349 5035 imminens,
3370 4970 3427 5024 in
3460 4986 3642 5040 eaque

2000 5075 2117 5114 una
2146 5058 2363 5114 deﬁxas
2391 5075 2532 5114 cura
2554 5059 2939 5131 cogitationes
2962 5058 3207 5128 habens,
3234 5075 3394 5114 more
3424 5058 3640 5130 ingenii

1999 5146 2267 5215 humani,
2293 5146 2662 5219 plerumque,
2695 5149 2837 5202 dum
2871 5146 3060 5202 inhiat
3090 5146 3446 5218 longinquis,
3480 5147 3648 5202 amit-

1998 5237 2177 5293 tentis
2223 5252 2419 5293 coram
2470 5236 2683 5309 posita,
2713 5243 2770 5293 et
2800 5236 3161 5308 voluptatem
3196 5253 3265 5293 ex
3306 5237 3639 5293 absentium

1999 5325 2387 5397 acquisitione
2429 5329 2745 5398 speratam,
2779 5326 2935 5397 quod
2983 5325 3222 5387 insolita
3252 5326 3330 5382 sit
3357 5326 3640 5398 potiorem

1998 5414 2337 5473 arbitrantis
2368 5415 2556 5471 fructu
2608 5420 2845 5488 propter
2876 5416 3197 5488 quamdam
3240 5415 3642 5472 assuetudinis

1999 5521 2280 5562 nauseam
2316 5505 2513 5562 minus
2536 5506 2819 5578 jucundo,
2853 5504 2953 5578 qui
2984 5522 3054 5561 ex
3092 5507 3467 5578 praesentium
3499 5506 3638 5563 olim

1997 5610 2405 5669 possessorum
2437 5598 2717 5651 consueto
2745 5593 3011 5668 amplexu
3052 5594 3389 5668 percipitur.
