4188 6442
611 379 719 435 667

1907 396 2203 450 GEORGII
2242 398 2706 455 PACHYMERE

3912 403 4029 459 668

614 502 723 574 κγ’.
756 501 839 589 Td
897 504 1021 590 περὶ
1057 509 1176 601 Δτοῦ
1233 509 1491 601 φανέντος
1540 513 1800 601 πομῄτρυ
1834 514 1916 601 ..ἐκ
1968 514 2148 601 ’βορῥᾶ
2177 514 2268 571 ἐπῖ
2296 520 2349 587 Α
2380 520 2629 593 περὶτοῦ
2672 523 3039 596 πατριάρχου.
3093 522 3242 578 Ἐκτῖ
3291 522 3391 598 γὰρ
3438 522 3528 577 καὶ
3575 544 3712 577 τισιν
3759 523 4029 578 ἐκινοῦντο

691 574 825 661 μησὶ
881 574 994 660 rei};
1043 574 1279 661 Λθὲρους,
1336 583 1456 661 καὶ-
1498 589 1595 661 τῆς
1625 574 1634 585 ’
1668 574 1754 661 ἔπὶ
1831 574 1985 640 δύσινΙ
2034 574 2263 661 ἐποτρα-

681 645 828 771 ἰξίας
884 651 980 737 τοῦ
1041 645 1337 723 βασιλέως.
1415 654 1515 708 Καὶ
1554 645 1709 730 ’περὶ
1768 662 1866 711 τοῦ
1918 645 2263 735 πατριάρῂου

756 736 989 771 οσενιου.

753 736 871 789 ρσεν
885 736 964 771 ιου
979 761 989 773 .

688 870 749 939 [Ρ
784 870 905 941 HQ]
946 870 1099 925 Οὕτω
1154 872 1334 929 τοίνυν
1392 874 1605 931 ἐκείνων
1664 880 2038 953 κακουμένων,
2092 879 2260 954 ἀστήρ

608 961 862 1029 κομήτης
918 957 975 1013 ἐκ
1025 957 1238 1023 δώσεως
1291 966 1426 1017 κατὰ
1479 966 1542 1020 τὸ
1601 966 1821 1023 ἑωθινὸν
1882 969 2177 1042 ἐξέλαμπεν
2212 969 2262 1037 ἐξ

610 1048 745 1119 ἦρος
790 1046 843 1108 ἐς
895 1050 1264 1124 φθινόπωρον,
1324 1049 1505 1130 ἐφόϐει
1561 1052 1618 1109 δὲ
1666 1056 1789 1119 τοὺς
1836 1060 2075 1132 ὁρῶντας
2132 1057 2262 1133 πυρὶ

610 1134 814 1189 καπνὸν
868 1137 1174 1209 σύμμικτον
1226 1141 1593 1214 ἀποπάλλων,
1644 1144 1717 1209 ὥς
1746 1167 1797 1199 τι
1829 1146 1991 1200 κακὸν
2052 1166 2261 1221 προση-

613 1224 961 1295 μαίνων.Ἦν
990 1226 1113 1301 γὰρ,
1150 1228 1247 1283 οὐκ
1293 1232 1382 1300 ᾖν,
1428 1233 1769 1309 φαινόμένων
1814 1235 2077 1290 τοιούτων
2127 1234 2260 1306 ἐξαι-

609 1314 739 1365 σίων
772 1316 887 1367 κατ’
939 1316 1165 1389 οὐρανὸν
1220 1318 1385 1388 οὕτω,
1421 1323 1494 1390 μή
1554 1323 1643 1376 καὶ
1700 1344 1821 1377 τινα
1850 1325 1986 1378 κατὰ
2009 1330 2109 1400 γῆν
2169 1325 2257 1378 καὶ

604 1399 727 1470 ἔθνη
758 1403 901 1476 παρὰ
951 1405 1012 1458 τὸ
1071 1418 1296 1474 σύνηθες
1350 1410 1608 1483 γίνεσθαι.
1669 1413 1728 1468 Εἴ
1789 1410 1845 1466 δὲ
1876 1414 1963 1467 καὶ
2004 1418 2111 1467 τῶν
2167 1433 2260 1467 κο-

610 1495 799 1561 μητῶν
829 1492 930 1545 εἶεν
991 1493 1042 1546 οἱ
1093 1492 1487 1569 φοϐερώτατοι,
1540 1500 1616 1561 ὡς
1664 1500 1869 1563 ἐλεῖνος
1916 1504 1982 1569 ἦν
2032 1502 2151 1555 τότε
2197 1502 2260 1555 τὸ

604 1580 767 1633 κακὸν
818 1579 1098 1655 πρόδηλον
1149 1583 1529 1659 ἐλευσόμενον.
1585 1592 1895 1665 Μαρτύριον
1931 1588 1987 1645 δὲ
2034 1596 2131 1645 τοῦ
2164 1589 2258 1645 λό-

602 1689 703 1743 γου
736 1668 917 1725 καὶτὸ
968 1670 1290 1747 λεγόμενον,
1342 1701 1367 1727 ‹‹
1404 1676 1598 1742 Οὐδεὶς
1637 1683 1891 1752 κομήτης
1938 1680 2083 1741 ὅστις
2115 1678 2196 1735 οὗ.
2233 1703 2259 1729 ››

603 1760 941 1831 προστιθεῖσι
996 1763 1097 1835 γὰρ
1147 1764 1236 1817 καὶ
1283 1765 1345 1819 τὸ
1407 1769 1601 1822 Λοιπὸν
1664 1771 1715 1822 οἱ
1772 1768 1827 1823 εὖ
1894 1768 2097 1831 εἰδότες
2151 1772 2257 1822 τῶν

602 1846 887 1919 τοιούτων,
915 1850 976 1903 τὸ
1015 1871 1036 1900 ι
1070 1853 1221 1924 φύσει
1271 1855 1457 1925 κακός,
1491 1858 1597 1917 »ὡς
1646 1857 1885 1933 γίνεσθαι
1932 1858 1994 1912 τὸ
2044 1858 2258 1931 σύμπαν

608 1930 827 2006 ἴαμϐον.

678 2024 817 2080 Τότε
872 2028 1049 2083 τοίνυν
1101 2027 1254 2102 δόξαν
1306 2038 1387 2104 τῷ
1440 2032 1654 2109 βασιλεῖ
1708 2039 1815 2089 τῶν
1879 2033 2108 2089 δυτικῶν
2167 2034 2257 2089 καὶ

607 2110 756 2175 αὖθις
786 2118 1137 2189 κινουμένων,
1185 2120 1257 2181 ὡς
1304 2122 1393 2175 καὶ
1442 2128 1822 2197 παρασπᾶσθαι
1868 2130 1993 2197 παρ’
2041 2121 2256 2176 ἐκείνων

602 2202 671 2255 τὰ
699 2203 927 2277 τούτων,
975 2206 1078 2261 οὐκ
1125 2208 1312 2285 ὀλίγας
1366 2208 1618 2284 δυνάμεις
1660 2215 1972 2288 συναγαγὼν
2018 2220 2117 2281 τῆς
2169 2211 2255 2266 ἐπὶ

601 2296 701 2360 τῆς
760 2294 1156 2367 Θεσσαλονίκης
1210 2299 1454 2369 ἥπτετο,
1517 2302 1592 2362 ιῗις
1648 2302 1847 2357 ἐκεῖθεν
1888 2301 2253 2377 ,συναρτύσων

596 2380 665 2435 τὰ
692 2385 790 2435 τοῦ
821 2382 1091 2457 πολέμου.
1130 2387 1221 2450 Εἲς
1252 2392 1515 2444 Ξάθθειαν
1568 2390 1659 2445 οὗν
1700 2393 2038 2460 καταντήσας
2088 2390 2257 2445 ἐκεῖσε

595 2477 887 2547 κατασχεῖν
938 2471 1079 2549 ἔγνω
1129 2475 1607 2553 διαχειμεριούσας
1655 2480 1750 2541 τὰς
1803 2481 2094 2551 συντάξεις.
2145 2482 2255 2536 Τοῦ

594 2564 789 2633 καιροῦ
845 2567 972 2636 γοῦν
1028 2561 1378 2640 τριϐομένου,
1428 2601 1497 2611 -—
1557 2571 1911 2643 συνήχθησαν
1964 2570 2062 2643 γὰρ
2120 2568 2255 2643 ἀμφ’

594 2645 797 2702 ἐκεῖνον
842 2651 935 2707 καὶ
980 2657 1102 2708 τῶν
1143 2654 1416 2732 ἱεραρχῶν
1464 2658 1563 2713 οὐκ
1608 2654 1810 2732 ὀλίγοι,
1853 2659 1942 2713 καὶ
1972 2660 2036 2727 ἦν
2068 2656 2253 2730 σκέψις

591 2962 681 3018 23.
718 2963 791 3046 ης
818 2972 1025 3046 cometa
1068 2973 1341 3046 exparte
1389 2966 1929 3046 borealiapparente
1967 2964 2239 3046 mensibus

660 3038 886 3109 aestivis,
917 3040 967 3093 et
998 3037 1345 3108 expeditione
1376 3040 1737 3109 imperatoris
1770 3040 1827 3093 in
1858 3038 2237 3101 Occidentem;

661 3107 899 3180 denique
928 3109 999 3165 de
1027 3107 1254 3165 Arsenio
1283 3107 1654 3181 partriarcha.

662 3231 784 3288 Illis
818 3233 877 3289 in
909 3232 1066 3289 hunc
1097 3234 1333 3290 modum
1359 3232 1507 3290 male
1530 3233 1901 3302 habentibus,
1936 3237 2161 3289 cometa
2175 3249 2242 3289 ex

597 3322 898 3379 occidente
929 3323 985 3378 in
1018 3327 1212 3379 ortum
1245 3323 1467 3380 effulsit
1508 3340 1541 3379 a
1590 3340 1719 3382 vere
1752 3340 1939 3395 usque
1970 3323 2039 3379 ad
2070 3327 2242 3378 autu-

591 3426 796 3467 mnum
840 3428 853 3468 ε

592 3500 831 3556 mistum
870 3501 1162 3571 evibrans;
1196 3501 1297 3557 illa
1327 3502 1459 3575 ipsa
1488 3502 1751 3558 horribili
1788 3502 1981 3575 specie
2011 3500 2239 3557 cunctis

591 3590 875 3646 suadente
906 3591 1143 3663 aliquod
1190 3591 1413 3647 malum
1452 3592 1562 3648 isto
1595 3592 1759 3663 signo
1808 3590 2099 3664 portendi.
2132 3590 2241 3645 Vix

587 3679 747 3735 enim
774 3678 833 3734 in
867 3679 1154 3736 memoria
1187 3681 1345 3736 omni
1380 3681 1638 3752 reperias
1668 3685 1801 3753 post
1840 3680 1982 3736 talia
2012 3683 2243 3734 ostenta

590 3785 695 3841 per
723 3768 930 3825 celum
962 3768 1070 3825 hoc
1104 3771 1275 3826 modo
1309 3770 1437 3826 visa
1467 3787 1581 3827 non
1632 3769 1863 3842 aliquas
1894 3786 1996 3842 per
2024 3774 2241 3824 terram

582 3872 651 3913 ac
706 3861 913 3930 gentes
996 3864 1205 3930 praeter
1266 3859 1509 3915 solitum
1570 3860 1927 3915 mutationes
1985 3861 2240 3914 secutas.

586 3944 810 4009 Quodsi
858 3951 1208 4019 apparentes
1238 3954 1478 4004 cometae
1513 3949 1582 4005 de
1611 3964 1823 4020 genere
1869 3946 2244 4020 peculiariter

584 4035 980 4091 terriﬁcorum
1014 4036 1154 4103 sint,
1187 4036 1379 4109 qualis
1410 4038 1651 4093 omnino
1684 4037 1779 4093 hic
1811 4037 1941 4105 fuit,
1993 4035 2239 4092 manife-

582 4128 745 4180 stum
776 4124 1091 4196 augurium
1118 4130 1209 4181 est
1240 4125 1543 4182 infortunii
1578 4131 1679 4183 aut
1709 4125 1893 4182 cladis
1924 4124 2241 4181 imminen-

582 4212 687 4282 tis,
717 4212 1077 4284 astipulante
1129 4214 1357 4287 vulgari
1412 4215 1567 4273 224
1618 4216 1794 4271 dicto.
1848 4236 1877 4266 «
1910 4214 2118 4272 Nullus
2148 4230 2243 4270 co-

585 4306 745 4357 meta
774 4302 920 4372 quin
953 4302 1050 4370 sit,
1085 4323 1113 4351 »
1146 4302 1242 4359 cui
1272 4302 1557 4360 inchoata
1591 4303 1894 4360 sententiae
1936 4320 2107 4359 nemo
2140 4320 2238 4374 pe—

588 4389 741 4445 ritus
771 4390 1020 4448 audiens
1052 4408 1166 4448 non
1199 4393 1481 4449 continuo
1513 4392 1795 4464 subjiciat
1826 4392 1976 4448 illud
2008 4392 2079 4448 ad
2127 4392 2239 4448 ab-

585 4465 931 4536 solvendum
964 4480 1158 4537 Graece
1205 4481 1506 4538 senarium
1552 4482 1877 4539 iambicum
1909 4481 2189 4537 deﬁciens
2224 4497 2237 4535 :

586 4590 615 4617 «
648 4568 869 4624 Natura
904 4569 1121 4625 malus.
1158 4592 1186 4619 ››

657 4658 821 4713 Tunc
856 4675 1027 4729 porro
1068 4658 1263 4714 visum
1315 4660 1680 4731 imperatori,
1730 4659 1968 4715 Occidui
2014 4664 2237 4715 tractus

586 4746 800 4803 incolis
834 4764 1043 4803 rursus
1074 4749 1454 4804 turbantibus
1487 4750 1565 4842 ita
1594 4754 1659 4842 ut
1690 4751 1760 4804 ab
1801 4748 1918 4805 illis
1965 4744 2238 4842 res-nos-
2268 4778 2314 4842 D

584 4842 809 4892 trorum
843 4843 1208 4907 raperentur,
1260 4837 1739 4894 Thessalonicam
1791 4839 2081 4910 proficisci
2125 4839 2232 4893 du-

578 4926 690 4983 ctis
722 4941 925 4981 secum
956 4927 1140 4999 copiis
1191 4944 1307 4983 non
1350 4929 1572 5000 paucis,
1605 4934 1669 4983 ut
1691 4928 1808 4984 illic
1840 4945 1869 4983 e
1900 4928 2228 5001 propinquo

578 5014 946 5070 commodius
978 5014 1203 5071 bellum
1234 5016 1575 5083 adornaret;
1610 5018 1708 5072 sed
1742 5033 1873 5072 cum
1907 5016 2229 5073 Xantheam

578 5120 643 5160 eo
677 5104 883 5160 itinere
912 5104 1192 5173 venisset,
1226 5105 1305 5162 ibi
1341 5107 1603 5162 detinere
1634 5105 1887 5161 decrevit
1926 5105 1985 5160 in
2036 5104 2229 5161 biber-

579 5194 672 5249 nis
704 5194 1049 5249 exercitum.
1086 5196 1276 5261 Quare
1302 5196 1439 5252 dum
1473 5202 1708 5268 tempus
1738 5195 2093 5268 expeditioni
2130 5211 2228 5267 ap-

576 5287 704 5339 tum
736 5288 1134 5356 exspectatur,
1170 5302 1270 5357 per
1300 5284 1444 5341 illud
1478 5286 1556 5341 ibi
1589 5286 1797 5350 otium,
1828 5302 1960 5341 cum
1992 5286 2063 5341 ad
2095 5301 2229 5341 eum

574 5373 833 5445 episcopi
867 5390 983 5429 non
1014 5374 1189 5447 pauci
1232 5376 1677 5447 conﬂuxissent,
1728 5375 1822 5448 agi
1866 5376 1938 5431 de
1984 5374 2231 5447 patriar-

574 5462 687 5517 cha
746 5466 1005 5534 coeptum
1064 5468 1155 5519 est
1225 5465 1587 5536 quibusdam
1646 5482 1763 5522 non
1824 5462 2233 5520 dubitantibus

578 5568 745 5607 reum
798 5551 993 5623 ipsum
1048 5554 1433 5625 pronuntiare
1482 5554 1821 5627 irreligiosaa
1853 5554 2231 5609 contumacia;

578 5641 638 5696 in
688 5640 960 5711 neganda
1034 5647 1236 5699 contra
1300 5660 1499 5700 sacros
1555 5660 1808 5699 canones
1868 5642 2229 5713 pcenitentia.

577 5728 764 5796 Quare
790 5744 859 5786 ex
888 5729 1137 5789 istorum
1161 5733 1455 5791 sententia
1498 5733 1713 5791 citatus
1762 5732 1814 5789 is
1864 5732 1973 5789 rite
2020 5736 2132 5803 est,
2165 5748 2232 5790 ao

2381 604 2539 682 λόγοι
2573 611 2709 683 πρὸς
2742 610 2942 664 ἐκεῖνον
2992 611 3406 687 ἀναφερόμενοι,
3432 608 3689 686 ἔγκλημα
3740 614 3815 674 ὡς
3870 611 4023 682 δῆθεν

2377 697 2776 763 καθοσιώσεως,
2826 697 2915 751 καὶ
2968 695 3057 751 διὰ
3102 703 3267 752 ταῦτα
3330 697 3651 772 διεμηνόετο
3705 700 3793 753 καὶ
3848 703 3877 754 ὁ
3924 722 4026 755 πα-

2376 784 2647 857 τριάρχης
2682 785 2815 838 κατὰ
2862 786 3123 839 Ξανθειαν
3178 787 3435 857 ἀπαντᾷν,
3469 788 3821 861 πεμφθέντων
3877 787 4024 843 δυοῖν

2376 870 2684 947 ἀρχειρὲοιν
2714 872 2789 934 εἰς
2820 878 3001 931 τοῦτο.
3061 876 3315 937 Κάκεῖνος
3369 877 3480 949 οὐχ
3532 876 3838 945 ὑπακούων,
3874 880 4025 950 ὅμως

2375 960 2464 1012 τὸν
2494 960 2678 1031 καιρὸν
2732 963 2790 1033 [Ρ
2844 965 2964 1033 150]
3014 962 3346 1037 Θεραπεύων,
3396 963 3485 1018 καί
3538 965 3673 1037 ἅπαξ
3722 967 3812 1019 καὶ
3857 964 3940 1027 δὶς
3972 966 4033 1020 ἐκ

2372 1053 2478 1101 τῶν
2528 1053 2623 1103 τοῦ
2670 1047 2883 1123 κλήρου
2942 1052 3017 1113 ὡς
3073 1051 3296 1127 βασιλία
3344 1052 3665 1125 ἀπέστελλε,
3714 1058 3878 1109 τοῦτο
3933 1057 4027 1127 μὶν

2373 1137 2460 1191 καὶ
2522 1138 2811 1213 εἰρηνικῶς
2854 1140 2976 1214 περὶ
3032 1146 3139 1195 τῶν
3196 1143 3495 1217 βασιλικῶν
3548 1144 3742 1217 ὑγειῶν
3781 1146 4033 1215 μαθησό-

2376 1248 2537 1299 μενος
2592 1232 2753 1282 τοῦτο
2809 1226 2866 1283 δὲ
2922 1229 3009 1282 καὶ
3066 1231 3162 1283 ἀνά
3222 1232 3385 1305 μέρος
3440 1230 3889 1305 ἀπολογούμενος
3947 1234 4029 1304 τῷ

2371 1318 2705 1390 προστείνειν
2736 1317 2906 1373 αἰτίαν
2944 1315 3209 1373 δολοῦσαν
3252 1317 3477 1395 εὔλογον
3525 1326 3621 1375 τοῦ
3670 1323 3745 1393 μὴ
3787 1323 4032 1396 παραγί-

2370 1408 2653 1469 νεσθαι.Ὀ
2687 1408 2779 1478 μὲν
2832 1406 2921 1460 οὖν
2986 1407 3239 1482 βασιλεὺς
3295 1410 3429 1463 ἑκὼν
3489 1411 3633 1465 ἄκων
3690 1412 3785 1471 τὰς
3815 1410 4029 1465 ἀπολο-

2370 1495 2487 1569 γίας
2548 1494 2765 1570 ἐδέχετο
2832 1496 2920 1550 καὶ
2974 1503 3357 1570 προσεποιεῖτο
3416 1498 3509 1560 τὰς
3568 1500 3881 1573 εἰρηνικὰς,
3940 1501 4034 1554 καὶ

2374 1586 2507 1655 πρὸς
2553 1586 2647 1656 μὲν
2707 1587 2798 1640 τὸν
2875 1590 3222 1661 πατριάρχην
3302 1588 3654 1659 ἀντιπέμπων
3715 1591 3780 1643 τὰ
3839 1589 4038 1666 φιλικᾶ

2376 1674 2707 1748 ὑπεκρίνετο,
2759 1676 2847 1728 καὶ
2898 1677 2949 1729 οἱ
3002 1676 3243 1747 εὐμενῶς
3292 1674 3437 1750 ἔχειν
3484 1676 3679 1732 ἐδόκει.
3743 1682 3879 1739 Τοῖς
3935 1680 4033 1750 μὲν

2370 1764 2459 1815 οὖν
2492 1762 2855 1836 ἀρχιερεῦσιν,
2916 1763 2991 1826 ὡς
3048 1763 3245 1819 ἐννοεῖν
3307 1768 3395 1833 ἦν,
3458 1764 3581 1821 ούδὶ
3628 1768 3731 1840 γὰρ
3782 1768 3938 1843 ἠφίει
3972 1768 4037 1820 τὸ

2289 1886 2337 1949 Β
2370 1848 2626 1923 ἔγκλημα
2673 1853 2809 1905 κατὰ
2857 1853 2919 1905 τὸ
2978 1849 3214 1921 λεληθὸς
3264 1853 3331 1906 τὰ
3386 1854 3511 1928 περὶ
3567 1854 3763 1908 τούτου
3821 1859 4034 1923 ζητεῖν-

2368 1938 2619 2013 οὐδὲγὰρ
2652 1940 2841 2015 ἐχρῆν,
2894 1937 3230 2016 δημηγορῶν
3262 1963 3343 2003 τις
3399 1938 3575 2016 ἔλεγε,
3606 1944 3706 2011 τὴν
3765 1948 3862 1997 τοῦ
3894 1964 4038 1997 παν-

2364 2029 2455 2090 τὸς
2487 2026 2711 2103 καρδίαν
2754 2028 2843 2082 τὸν
2884 2028 3110 2103 βασιλέα
3140 2031 3213 2102 μή
3268 2032 3414 2104 παρά
3461 2038 3563 2100 τῆς
3598 2030 3895 2101 ἐκκλησίας
3930 2034 4035 2099 τὴν

2368 2118 2564 2190 θάλψιν
2595 2117 2765 2192 ἔχειν,
2796 2116 2921 2173 ἀλλ’
2974 2117 3169 2173 ἐκεῖθεν
3220 2119 3295 2180 ὥς
3343 2140 3460 2173 τινα
3510 2122 3846 2197 φθοροποιὸν
3898 2120 4038 2195 ἀέρα

2363 2208 2463 2276 τὴν
2521 2204 2764 2261 δύσνοιαν
2823 2204 3207 2281 εἷ’σδεχόμενον
3260 2206 3635 2265 κινδυνεύειν.
3696 2211 3796 2265 Καὶ
3858 2214 4036 2263 ταῦτα

2369 2298 2462 2369 μὲν
2499 2299 2525 2351 ὁ
2555 2302 2765 2371 κρατῶν
2793 2297 2881 2351 καὶ
2915 2296 3060 2351 ἄλλα
3108 2296 3393 2373 προῦτεινε
3442 2298 3693 2371 πλεῖστα,
3728 2300 4038 2375 ’ἀποπροσ-

2364 2385 2696 2460 ποιούμενος
2732 2388 2825 2460 μὲν
2875 2388 2973 2455 τὴν
3025 2388 3160 2462 πρὸς
3210 2388 3301 2442 τὸν
3350 2390 3700 2465 πατριάρχην
3755 2386 4033 2463 δοκοῦσαν

2366 2474 2728 2549 δυσμένειαν,
2811 2474 3034 2539 ἐκείνοις
3090 2474 3147 2532 δὶ
3203 2479 3583 2551 προανατιθεὶς
3663 2478 3881 2554 ἐρευνᾷν
3963 2480 4043 2541 ὡς

2364 2563 2507 2637 ἄξιον
2537 2562 2594 2621 όν
2630 2571 2904 2636 ζητεῖσθαι
2936 2566 3073 2622 κατὰ
3101 2567 3314 2643 σχολὴν
3346 2569 3413 2622 τὰ
3440 2567 3762 2642 κινούμενα.

2344 2963 2554 3033 jussus
2586 2961 2655 3015 ad
2700 2962 3033 3018 Xantheam
3068 2979 3129 3019 se
3157 2963 3386 3033 sistere,
3436 2965 3670 3021 duobus
3720 2967 3790 3020 ad
3844 2965 4037 3023 illum

2348 3050 2661 3107 antistibus
2692 3067 2757 3105 ea
2788 3067 2964 3108 causa
3010 3052 3232 3108 missis.
3284 3057 3408 3109 Non
3463 3056 3659 3125 paruit
3712 3054 3813 3109 ille
3874 3056 4032 3127 qui-

2353 3142 2511 3201 dem.
2544 3144 2739 3195 tamen
2793 3139 3227 3211 aliquantulum
3260 3142 3329 3196 de
3360 3143 3576 3198 duritie
3608 3144 3923 3200 remittens
3950 3149 4023 3201 ut

2355 3230 2607 3301 tempori
2642 3230 2906 3297 serviret,
2961 3231 3140 3287 semel
3194 3232 3525 3305 iterumque
3574 3240 3762 3291 certos
3801 3236 3876 3291 de
3910 3252 4033 3291 suo

2352 3319 2509 3375 clero
2558 3320 2627 3373 ad
2681 3319 3092 3390 imperatorem
3150 3322 3311 3376 misit
3354 3324 3613 3379 ofﬁciose
3664 3323 3833 3378 illum
3868 3342 3902 3379 a
3960 3340 4030 3379 se

911 3412 1164 3491 terrebat
1221 3418 1418 3469 autem
1462 3413 1780 3479 intuentes,
1829 3413 2025 3485 ignem
2083 3413 2241 3467 fumo
2273 3410 2315 3477 C
2354 3408 2733 3471 salutaturos,
2767 3415 2821 3463 et
2852 3412 3291 3481 percontaturos
3323 3428 3389 3466 ex
3422 3428 3532 3467 usu
3593 3412 3747 3468 inter
3783 3411 4029 3469 amicos

2352 3497 2798 3554 consuetudinis
2830 3497 3101 3554 humanae
3132 3505 3196 3554 ut
3236 3502 3538 3572 Augustus
3587 3518 3717 3557 cum
3752 3503 4022 3574 conjuge

2350 3603 2417 3642 ac
2448 3585 2648 3641 liberis
2678 3586 2916 3653 valeret,
2948 3587 3244 3659 simulque
3264 3594 3669 3658 excusaturos,
3700 3590 3865 3646 velut
3899 3607 4009 3646 ne-

2350 3676 2663 3732 cessariam
2695 3676 2766 3732 ob
2799 3693 3009 3731 causas
3051 3676 3195 3732 alias
3224 3678 3530 3747 dicendas,
3603 3696 3670 3735 eo
3720 3697 3879 3735 nunc
3929 3696 4033 3736 oc-

2351 3766 2591 3821 curendi
2627 3781 2874 3820 moram.
2907 3765 3011 3821 His
3043 3767 3252 3822 officiis
3285 3784 3624 3840 quanquam
3671 3786 3786 3823 non
3835 3769 4019 3841 plene

2352 3854 2679 3911 satisfiebat
2710 3855 3072 3927 imperatori,
3107 3860 3306 3911 tamen
3337 3857 3463 3929 ipse
3494 3874 3728 3929 quoque
3781 3858 3841 3913 in
3874 3876 4027 3928 prae-

2351 3960 2487 4000 sens
2520 3943 2701 3999 animi
2734 3942 2971 3999 vulnere
2999 3944 3381 4003 dissimulato
3412 3951 3471 4002 et
3510 3946 3930 4003 salutationem
3970 3953 4036 4003 et

2351 4032 2786 4089 excusationem
2840 4033 3071 4105 placido
3112 4036 3337 4106 excepit
3384 4035 3574 4101 vultu,
3624 4036 4028 4107 vicissimque

2350 4138 2455 4193 per
2511 4122 2796 4193 quosdam
2850 4140 2880 4178 e
2934 4124 3212 4179 comitatu
3268 4124 3548 4196 allegatos
3609 4125 4026 4194 patriarcham

2350 4212 2537 4267 amice
2568 4210 2862 4279 salutavit,
2897 4210 3126 4283 placido
3159 4229 3221 4269 se
3251 4212 3310 4268 in
3342 4213 3509 4269 illum
3542 4230 3669 4269 esse
3700 4214 3904 4269 animo
3937 4217 4025 4270 si-

2348 4300 2657 4373 gnificans.
2691 4299 2974 4356 Caeterum
3010 4300 3162 4357 inter
3209 4302 3517 4375 episcopos
3547 4320 3725 4359 causa
3754 4303 4039 4359 crimen-

2348 4406 2462 4461 que
2530 4387 2873 4458 patriarcha:
2943 4389 3172 4446 occulta
3228 4392 3377 4449 225
3442 4391 3826 4464 inquisitione
3901 4401 4038 4448 tra-

2347 4479 2650 4534 ctabatur.
2679 4478 2803 4541 Qua
2824 4478 2894 4533 de
2927 4495 2985 4533 re
3018 4481 3259 4536 auditus
3290 4498 3357 4537 ex
3390 4481 3506 4536 illis
3540 4496 3835 4537 nonnemo
3866 4482 4036 4539 dum

2346 4568 2468 4622 haec
2527 4566 3048 4624 concionabundus
3099 4568 3477 4634 declamaret,
3539 4587 3644 4626 nec
3694 4577 4033 4626 consenta-

2348 4672 2523 4712 neum
2561 4672 2665 4711 nec
2700 4655 3005 4711 ferendum
3036 4656 3220 4712 videri
3247 4658 3594 4730 principem,
3649 4675 3747 4714 cor
3797 4659 4033 4732 utique

2348 4744 2704 4815 reipublicae,
2737 4761 2851 4799 non
2884 4744 2955 4800 ab
2984 4745 3240 4801 Ecclesia
3274 4747 3449 4802 foveri
3480 4752 3545 4802 ut
3576 4748 3630 4802 id
3663 4763 3733 4803 ex
3763 4764 3883 4818 quo
3919 4765 4032 4804 sa-

2346 4833 2439 4890 lus
2474 4832 2644 4888 unice
2678 4833 2928 4904 pendeat
2957 4834 3214 4904 publica.
3266 4835 3447 4899 Quale
3488 4836 3671 4907 igitur
3724 4836 3930 4901 fuerit,
3969 4841 4033 4893 si

2344 4941 2459 4980 non
2493 4924 2666 4979 modo
2693 4923 2831 4978 inde
2861 4940 2977 4978 non
3013 4924 3300 4994 foveatur,
3336 4927 3435 4981 sed
3473 4926 3739 4998 maligno
3771 4932 3829 4981 et
3869 4944 4035 4999 pes-

2340 5014 2529 5070 tilenti
2563 5012 2954 5068 dissensionis
2982 5016 3201 5087 spiritu
3228 5016 3422 5071 afﬂato
3446 5014 3503 5071 in
3531 5015 3850 5071 discrimen
3884 5033 4039 5073 ma-

2342 5104 2618 5159 nifestum
2642 5102 2957 5158 inducatur
2977 5104 3005 5158 ?
3038 5105 3114 5159 Ea
3145 5106 3254 5160 etsi
3285 5104 3431 5161 clam
3484 5114 3837 5178 procurante
3888 5107 4036 5163 im-

2342 5198 2610 5267 peratore
2656 5192 3007 5264 agebantur,
3040 5199 3237 5251 tamen
3270 5196 3320 5251 is
3350 5195 3480 5251 istis
3511 5213 3638 5268 qua)
3686 5196 4039 5256 retulimus

2343 5290 2399 5340 et
2428 5283 2562 5340 aliis
2596 5281 2868 5354 plurimis
2901 5285 3319 5340 benevolentia
3370 5285 3913 5356 signiﬁcationibus
3958 5288 4037 5345 in
4088 5346 4095 5353 ,

2342 5374 2513 5429 illum
2544 5372 2743 5439 editis,
2776 5372 3091 5445 diligenter
3114 5374 3435 5432 simulabat
3464 5392 3696 5447 aequum
3728 5392 3872 5448 erga
3906 5394 4039 5448 pa-

2352 5462 2672 5520 triarcbam
2720 5465 2777 5518 et
2826 5462 3147 5520 oernsione
3196 5465 3359 5523 omni
3407 5482 3656 5522 vacuum
3709 5466 4038 5537 animum,

2344 5553 2426 5609 sic
2483 5551 2665 5607 libere
2725 5550 2928 5608 sinens
2973 5558 3357 5626 congregatos
3410 5558 3613 5611 Patres
3657 5570 3762 5627 per
3815 5554 4039 5614 otium

2342 5642 2716 5698 considerare
2747 5641 2887 5711 quid
2920 5642 3025 5699 tali
3059 5648 3215 5699 statu
3275 5660 3473 5701 rerum
3523 5646 3819 5716 optimum
3857 5644 4040 5717 ipsis

2343 5732 2503 5790 factu
2530 5728 2715 5789 videri
2746 5745 2812 5788 ao
2845 5731 3157 5791 decernere
3188 5749 3296 5807 par
3320 5738 3491 5791 esset.
