4246 6446
132 430 234 486 669

1190 429 1289 483 ΒΕ
1325 426 1700 483 MICHABLE
1737 422 2182 479 PALBOLOGO
2218 425 2352 476 LIB.
2396 426 2491 476 Ill.

3422 402 3528 457 670

130 551 231 610 κδ’.
278 552 361 608 Ti
418 548 543 623 περὶ
598 552 696 625 τοῦ
743 548 1114 625 λΒέκκου-καὶ,
1157 546 1455 625 Ξιφιλίνου
1510 550 1618 601 τῶν
1675 550 1775 613 τῆς
1804 549 1854 614 Α
1884 542 2155 618 τριάρχην
2187 541 2352 598 πλέον
2395 538 2613 596 δύναιτο
2671 532 3039 625 λυπήσειν,
3088 532 3163 603 μὴ
3223 527 3392 625 όόξειν
3439 528 3528 625 ’ὡς

610 618 943 691 Ἐκκλησίας
973 618 1276 695 ἀρχόντων.

205 726 505 805 Συμϐαίνει
537 726 595 783 δέ
621 750 674 783 τι
704 728 842 783 κατά
868 729 967 797 τὴν
1000 727 1163 783 πόλιν
1190 727 1220 781 ’ὀ
1252 725 1320 795 δὴ
1360 725 1449 780 καὶ
1504 725 1595 779 τὸν
1633 725 1782 798 βασι-

1890 632 2201 704 ἀμυνεῖσθαι
2232 631 2319 686 καὶ
2356 629 2527 685 πλέον
2575 625 2791 682 δύναιτο
2835 620 3112 698 προύνόει.
3148 619 3248 674 Καὶ
3310 619 3529 689 πέμψας

1893 717 1982 773 διὰ
2009 720 2221 794 ταχέων
2267 723 2347 790 τῷ
2395 713 2851 789 σεϐαστοκράτορι
2910 708 3185 779 Τορνικίῳ
3232 706 3532 779 προσέτατ-

138 821 234 876 λέα
278 796 365 881 ἐἷς
424 819 631 891 ἄμυναν
683 796 1007 891 έξηρέθισίεν.
1040 820 1280 873 ’Ήπτετο
1312 812 1369 869 δὲ
1396 814 1458 869 τὸ
1490 796 1663 868 δεινὸν
1694 810 1784 866 καὶ
1890 830 1976 865 τεν
2033 811 2205 882 (αὑτῷ
2252 809 2355 883 γὰρ
2411 808 2533 863 τότε
2585 806 2653 861 τά
2699 811 2800 871 τῆς
2858 800 3071 855 πόλεως
3149 796 3531 891 ἐπετέτραπτοξ

136 914 231 965 τοῦ
260 908 630 983 πατριάρχου,
661 905 756 961 κᾶν
804 903 1055 979 πλαγίως
1093 906 1166 965 ὡς
1205 902 1392 959 ἄλλων
1443 903 1784 978 πασχόντων.

1893 898 2209 974 καταχαλᾷν
2248 899 2340 971 μὲν
2372 898 2469 960 τάς
2502 896 2677 957 οὶκίας
2732 896 2828 947 τοῦ
2874 911 2932 945 τε
2980 884 3399 963 χαρτοφύλακος
3449 881 3539 936 καὶ

139 1003 247 1056 Τυῦ
276 970 384 1073 γὰρ
410 970 709 1055 Βέκκοιίτὸ
756 970 1235 1073 χαρτοιρυλακικὸν
1289 993 1502 1065 ἀξίωμα
1558 970 1787 1065 ἔχοντος
1894 993 1991 1044 τοῦ
2020 970 2266 1063 μεγάλου
2296 985 2592 1073 οἰκονόμου
2625 984 2805 1073 (οὗτος
2911 980 2976 1048 ἦν
3011 979 3038 1031 6
3068 973 3364 1073 Ξιιριλξνος
3413 970 3543 1073 Θεό-

141 1086 469 1162 (προνόμιον
499 1082 545 1139 δ’
577 1082 687 1139 ἔστι
734 1084 799 1139 τὸ
847 1088 1187 1159 προτροπαῖς
1246 1081 1450 1136 ἐκείνου
1498 1082 1593 1142 τὰς
1650 1080 1790 1153 ἱερου

142 1175 336 1251 λογίας
364 1174 628 1250 γίνεσθαι)
658 1177 765 1229 τῶν
822 1193 907 1234 τις
954 1172 1146 1246 ἱερέων
1201 1168 1538 1226 ἰκδουλεόων
1587 1170 1675 1224 καὶ
1736 1167 1788 1222 έν

139 1270 217 1337 τῷ
272 1265 416 1319 κατά
470 1264 560 1317 τὸν
611 1262 793 1336 Φάρον
844 1259 960 1333 ναῷ
1011 1265 1118 1315 τῶν
1183 1257 1437 1333 μεγάλων
1483 1257 1791 1333 ἀνακτόρων

146 1354 417 1428 νυμφίους
445 1350 719 1427 ἱερολόγει
752 1349 884 1427 διχα
907 1356 1006 1419 τῆς
1034 1354 1133 1405 τοῦ
1180 1347 1601 1425 χαρτοφύλακος
1659 1367 1798 1419 προ-

1901 1058 2118 1153 δωρος),
2150 1076 2394 1152 έκριζοῦν
2454 1071 2512 1128 δὲ
2566 1073 2664 1135 τὰς
2719 1068 3025 1153 ἀμπέλους,
3056 1060 3400 1153 καὶ-αὖτοὺς
3456 1058 3547 1113 δε-

1900 1149 2094 1241 σμίους
2127 1149 2434 1226 ὡςέκεῖνον
2466 1162 2783 1235 ἐκπέμπειν.
2811 1152 3104 1214 Ἐϐούλετο
3159 1149 3216 1206 δὲ
3254 1151 3332 1241 ,τὸ
3381 1169 3549 1241 προσ-

1902 1235 2229 1328 ταττόμενον
2285 1252 2403 1308 κυνί
2462 1251 2657 1306 λέοντα
2717 1243 3130 1310 ἐκδεδίττεσθαι,
3174 1239 3262 1295 καί
3310 1258 3373 1328 γε
3421 1235 3551 1328 τού-ξ

1902 1366 2010 1401 των
2070 1341 2479 1398 ἀποκλινᾶντων
2554 1340 2689 1413 πρὸς
2753 1333 2979 1412 βασιλέα
3036 1330 3125 1387 διὰ
3178 1337 3278 1397 τῆς
3335 1326 3420 1381 ἐπὶ
3480 1327 3549 1396 τῇ
3599 1334 3609 1349 ⁸

143 1417 379 1519 τροπῆς.
413 1417 517 1498 Καὶ
576 1417 735 1504 εὐδὺς
788 1417 1069 1508 ἀκουσθέν,
1120 1417 1222 1500 (δέ’
1248 1417 1551 1513 πρόστιμον
1612 1417 1800 1507 ἐκείνῳ
1905 1433 2146 1508 τιμωρίᾳ
2174 1432 2542 1508 προσπαθείας
2600 1425 2769 1519 μηδὲν
2828 1425 2943 1519 οίόν
3000 1442 3059 1478 τε
3109 1421 3240 1519 εἶν-αι
3289 1417 3387 1519 ’τὸν
3446 1434 3553 1515 πα.

145 1536 178 1602 ἡ
208 1539 311 1602 τῆς
339 1529 642 1605 ἱερωσύνης
670 1528 952 1604 ἐπίσχεσις
996 1529 1082 1597 ἧν.
1114 1533 1285 1583 Τοῦτο
1323 1531 1453 1601 γοῦν
1498 1526 1596 1582 οὐκ
1654 1522 1802 1595 ἔδοξε
1907 1524 2176 1598 τριάρχην
2234 1522 2353 1575 καθ’
2385 1520 2543 1574 αὑτὸν
2603 1514 2730 1571 ὄντα
2785 1514 3062 1590 πράττειν,
3107 1509 3196 1564 καὶ
3256 1505 3397 1605 οὕτω
3450 1523 3551 1556 κα-

142 1589 403 1678 τόιοξτον
429 1620 465 1691 ἤ
488 1643 541 1676 τι
572 1589 714 1677 ἀλλο
750 1589 969 1695 μέτριον
1110 1589 1347 1693 βασιλεῖ⁸
1366 1617 1644 1693 ἀγγελθὲν,
1674 1589 1801 1671 ἀλλ’
1909 1589 2110 1668 κεῖνον·
2136 1589 2144 1592 ⁷
2167 1607 2482 1695 ὑποχαλᾷνγ
2533 1605 2939 1682 ἀναγκάζεσθαι.
2973 1601 3057 1695 -Ὁ
3095 1602 3239 1695 ’γοῦν
3297 1589 3556 1693 σεϐαστό-

144 1712 452 1790 ἀφορισμὸς
512 1706 766 1785 ἄντικρυς
824 1712 925 1763 τοῦ
980 1707 1267 1784 βασιλικοῦ
1349 1705 1641 1783 κληρικοῦ.
1698 1705 1802 1761 Καὶ
1910 1703 2127 1778 κράτωρ
2185 1699 2404 1760 ἐπιστὰς
2458 1694 2681 1769 ίέτοιμος
2736 1694 2803 1762 ἦν
2861 1691 3011 1790 κιιτάλ
3050 1689 3118 1743 τα
3166 1684 3559 1790 ἐπιτετιαγμενα

146 1773 307 1865 εόθῖλς
347 1773 813 1873 ξσυνυπενόείγάρ
838 1773 1051 1852 καὶτὸν
1111 1773 1477 1872 πατρίάρχηί
1513 1796 1588 1856 ὡς
1646 1792 1804 1863 δῆθεν
1911 1773 2188 1863 πράττειν.
2243 1786 2404 1844 Ἀλλ’
2458 1786 2655 1840 ἐκεῖνοι
2712 1784 2810 1849 τήν
2884 1776 3075 1856 ἔφοδον
3137 1773 3560 1873 προαισθόμενοι

148 1879 925 1959 συμπράξαντα)ὑ6ριοπαθῶν
960 1884 1052 1938 οὖν
1106 1885 1222 1937 οἷον
1285 1883 1359 1944 ὡς
1422 1880 1803 1953 ὑπεροπτικῶς
1836 1881 2027 1969 Bina
2082 1878 2295 1953 γυναιξὶ
2352 1876 2442 1931 καὶ
2502 1873 2653 1929 παισὶ
2708 1872 2770 1926 τὸ
2822 1870 2970 1942 ἱερὸν
3028 1862 3451 1968 προφεύγουσιν,
3485 1858 3559 1919 ὡς

2338 1967 2349 1969 _
2433 1964 2445 1969 -
2478 1964 2486 1969 .
2606 1960 2644 1969 υ.
2858 1960 2906 1969 ιᾼ
2997 1954 3039 1969 ha
3092 1953 3105 1969 9
3176 1958 3197 1968 υ
3480 1968 3493 1969 κ
3514 1947 3526 1962 ‘
3553 1967 3559 1969 _

152 1974 381 2050 ἔχοντος
415 1978 575 2046 θυμῷ
604 1973 670 2041 ἦν
704 1972 964 2046 κάτοχος,
997 1975 1083 2042 [Ρ.
1120 1973 1240 2043 151]
1273 1970 1361 2025 καὶ
1393 1970 1527 2045 ὀργὴ
1560 1970 1628 2038 ἦν
1671 1969 1807 2023 κατά

150 2070 259 2120 τῶν
309 2070 408 2132 τῆς
442 2061 771 2131 Ἐκκλησίας
831 2062 1010 2130 κοινὴ,
1041 2059 1131 2114 καὶ
1188 2060 1264 2121 ὡς
1318 2060 1379 2116 Ὁ
1434 2059 1805 2133 πατριάρχης,

153 2153 434 2229 κεκραγὼς
487 2151 681 2226 ἐπῆγε,
712 2150 973 2220 τεθέληκε
1032 2147 1122 2204 ὃιά
1178 2153 1345 2203 ταῦτα
1392 2151 1455 2204 τὸ
1484 2155 1583 2217 τῆς
1652 2149 1808 2223 βασι-

156 2242 305 2304 λείας
362 2243 562 2317 κράτος
618 2240 1005 2311 ἐξονθενεῖσθαι
1067 2240 1157 2293 καὶ
1230 2238 1297 2292 τὰ
1359 2238 1477 2313 ἱερὰ
1542 2236 1813 2313 ἀνάκτορα

163 2330 533 2409 ἀφορίζεσθαι.
561 2331 663 2386 Ἦν
711 2329 811 2405 γὰρ
861 2328 950 2384 καὶ
988 2331 1149 2381 τοῦτο
1180 2324 1385 2399 λῆμμα
1413 2327 1550 2402 πρὸς
1580 2328 1643 2380 τὸ
1672 2345 1813 2401 παρα

170 2422 484 2493 ιστάμενον,
516 2420 600 2474 ὅτι
644 2416 794 2479 ἐντὸς
850 2421 957 2472 τῶν
1010 2415 1319 2491 ἀνακτόρων
1378 2411 1567 2491 ἔτυχεν
1615 2417 1643 2469 ὁ
1682 2436 1813 2488 πρε-

161 2505 443 2583 σϐότερος,
471 2510 563 2563 ὅτε
620 2507 671 2561 οἱ
727 2506 824 2561 τοῦ
873 2504 1298 2583 χαρτοφύλακος
1341 2504 1655 2578 πέμψαντος
1707 2502 1816 2559 διε-

174 2597 412 2673 μηνύετο
469 2599 505 2666 ἡ
566 2595 871 2671 ἐπίσχεσις.
904 2595 1007 2652 Καὶ
1066 2593 1132 2664 δη
1191 2595 1284 2649 τὸν
1338 2594 1430 2667 μὲν
1476 2595 1821 2669 πατριάρχην

166 2688 274 2743 οὐκ
307 2688 451 2763 εἶχεν
486 2687 638 2750 ὅπως
664 2686 955 2759 ἀμύνοιτο,
986 2682 1160 2739 ἄλλον
1192 2680 1249 2737 δὲ
1278 2682 1479 2756 τρόπον
1526 2683 1821 2759 βαθύτερον

164 2779 249 2832 καὶ
310 2778 407 2832 τὸν
460 2776 941 2852 καταφρονήσαντα
988 2774 1329 2847 ἀμυνεῖσθαι,
1362 2772 1407 2827 εἰ
1459 2772 1549 2827 καὶ
1590 2773 1683 2828 τὸν
1714 2792 1824 2827 πα-

163 2990 255 3045 24.
313 2989 385 3044 De
443 2987 606 3043 Vacca
661 2989 717 3042 et
761 2984 1043 3055 Xiphitino
1100 2983 1408 3056 primaria:
1458 2986 1823 3057 prefecluras

642 3061 703 3115 in
734 3058 981 3114 Ecclesia
1010 3058 1352 3127 gerentibus.

236 3166 499 3239 Contigit
528 3181 670 3237 pore
702 3164 984 3236 quiddam
1016 3164 1076 3219 in
1111 3164 1255 3219 urbe
1288 3180 1405 3236 quo
1438 3164 1627 3236 magis
1658 3179 1822 3220 exas—

171 3258 479 3328 peraretur
510 3254 830 3324 imperator
850 3256 907 3307 et
936 3251 1007 3306 ad
1042 3250 1327 3307 ultionem
1371 3250 1721 3319 irritaretur,
1756 3266 1824 3306 ex

172 3360 293 3415 qua
320 3342 476 3415 quod
510 3346 776 3397 secutum
810 3341 1033 3395 malum
1067 3345 1157 3395 est
1197 3340 1391 3411 ipsum
1426 3339 1824 3412 patriarcham

174 3433 416 3507 oblique
443 3433 807 3506 perstrinxit,
841 3430 1137 3488 resiliente
1169 3432 1227 3486 in
1276 3430 1472 3504 ipsum
1505 3430 1831 3497 ignominia

175 3540 305 3596 qua
336 3522 472 3579 aliis
502 3522 893 3594 irrogabatur.
924 3520 1112 3577 Vecco
1132 3518 1602 3594 chartophylacis
1634 3519 1828 3592 digni-

172 3621 349 3670 tatem
368 3611 790 3679 obtinente,cui
816 3610 1187 3684 magistratui
1203 3610 1375 3681 juxta
1393 3627 1567 3666 usum
1587 3626 1652 3665 ac
1672 3610 1828 3682 leges

174 3703 234 3758 id
274 3702 433 3773 juris
480 3702 762 3773 competit
811 3706 878 3756 ut
909 3700 1037 3757 sine
1088 3699 1250 3756 illius
1296 3705 1441 3756 nutu
1488 3705 1544 3756 et
1586 3716 1833 3756 assensu

181 3790 480 3864 nuptiales
509 3790 950 3847 henedictiones
974 3808 1087 3846 non
1113 3790 1626 3861 administrentur,
1641 3806 1835 3845 sacer-

179 3885 289 3940 dos
312 3882 553 3956 quidam
591 3882 1016 3939 ministransin
1043 3882 1264 3954 templo
1298 3881 1491 3955 Magni
1513 3881 1722 3938 Palatii
1763 3882 1834 3938 ad

179 3974 440 4031 Pharum
464 3973 578 4030 sito
597 3972 835 4046 sponsis
856 3973 1154 4030 benedixit
1176 3990 1290 4029 non
1314 3973 1600 4046 requisita
1617 3973 1841 4029 charte-

180 4062 451 4135 phylacis
468 4062 829 4118 assensu.Ea
848 4078 907 4117 re
930 4061 1128 4117 statim
1157 4062 1358 4117 audita
1380 4061 1430 4118 is
1460 4062 1518 4117 in
1544 4077 1774 4134 poenam
1809 4077 1843 4117 a

180 4149 1345 4222 sacerdotiifunctionesuspensusestJd
1361 4149 1475 4205 sibi
1503 4150 1840 4205 nuntiatum

184 4239 515 4312 imperator
543 4240 817 4295 atrociter
848 4240 1267 4311 accepit,quasi
1291 4255 1359 4295 ea
1388 4255 1505 4295 non
1536 4239 1844 4295 mediocris

180 4328 388 4402 aliqua
404 4328 787 4399 censura,sed
803 4345 938 4386 vera
954 4336 1010 4386 et
1028 4346 1306 4403 suprema
1321 4329 1844 4387 excommunicatio

180 4419 397 4475 fuisset
420 4417 774 4491 regiiclerici
800 4435 902 4488 ;ac
927 4418 1129 4475 statim
1164 4418 1501 4490 suspicatus
1532 4418 1591 4474 id
1623 4419 1843 4474 factum

178 4511 423 4569 conscio
454 4514 512 4566 et
542 4512 891 4583 cooperante
921 4510 1275 4583 patriarcha,
1301 4509 1650 4583 gravissime
1666 4509 1845 4565 oﬁ‘en-

179 4618 285 4658 sus
314 4599 735 4668 est,contemni
754 4614 817 4656 se
843 4603 1031 4669 ratus,
1061 4599 1148 4656 ira
1175 4600 1572 4656 communiter
1607 4600 1762 4656 226
1784 4598 1845 4654 in

1918 1969 2118 2032 ἐκεῖθεν
2174 1969 2274 2035 τὴν
2327 1964 2548 2019 ἀσυλίαν
2606 1960 2944 2035 ἕξοντες.Ὠς
2994 1954 3039 2010 δ’
3088 1953 3288 2013 ἐκεῖνος
3348 1947 3565 2007 ἐπιστὰς

1918 2062 1995 2130 τῷ
2023 2061 2136 2129 ναῷ
2167 2055 2360 2126 ἐκσπᾷν
2396 2054 2645 2127 ἐπειρᾶτο
2683 2047 2822 2125 (ᾔδει
2856 2049 2961 2123 γὰρ
3016 2038 3430 2130 βλαϐησόμενος
3485 2038 3559 2104 μὴ

1920 2128 2159 2218 ἀνύσας),
2210 2144 2348 2201 λέων
2403 2144 2468 2212 ἦν
2536 2141 2671 2215 μετά
2724 2139 2928 2217 ξίφους.
2984 2137 3045 2193 Ὀ
3103 2131 3160 2187 δὲ
3215 2128 3566 2218 πατριάρχης

1923 2235 2118 2291 αὐτίκα
2200 2237 2592 2309 προσυπαντῶν
2653 2230 2741 2284 καὶ
2798 2222 3071 2300 έμῦριθῶς
3135 2221 3421 2290 ἀπέπεμπε
3474 2214 3567 2309 τόν

1926 2324 2165 2393 ἐπιόντα,
2217 2303 2331 2392 καὶ,
2365 2346 2392 2375 ‹‹
2425 2320 2488 2379 Τί
2536 2318 2817 2385 παθόντες,
2852 2339 2879 2366 ι)
2937 2313 3143 2387 ἔλεγεν,
3180 2332 3209 2361 ‹‹
3248 2303 3568 2393 ὀφθαλμοὺς

1926 2414 2017 2469 καὶ
2051 2418 2240 2488 χεῖρας
2290 2411 2381 2467 καὶ
2432 2410 2595 2473 ἀκοὰς
2624 2408 2917 2480 ἡμετέρας,
2947 2401 3074 2476 rei):
3110 2400 3214 2488 μὶν
3252 2397 3572 2488 ἐκτυιρλιοῦν,

1928 2506 2024 2565 τὰς
2066 2501 2111 2557 δ’
2144 2502 2421 2557 ἐκκόπτειν
2477 2503 2769 2567 «apricos;
2800 2520 2827 2547 ››
2880 2487 3141 2548 ἐπεϐοᾶτο
3198 2484 3264 2541 δὲΔ
3304 2484 3393 2539 καὶ
3445 2482 3574 2537 Θεὸν

1931 2594 2021 2649 καὶ
2066 2591 2385 2666 ἀνθρώπους
2436 2590 2511 2653 ὡς
2550 2585 2795 2643 ἀδικοῖτο
2842 2576 3337 2651 πλεονεκτούμενος
3370 2593 3383 2606 '
3440 2569 3581 2644 p.1‘,8‘s

1933 2682 2035 2759 γὰρ
2067 2660 2276 2737 δίκαιον
2324 2681 2455 2735 εἶναι
2505 2682 2620 2750 Θεῷ
2675 2673 3113 2750 καθιερωμένους
3167 2664 3363 2742 ἄνδρας
3402 2660 3579 2759 ἐὐθύς

1934 2751 2114 2836 secem
2143 2774 2457 2844 κοσμικοῖς.
2489 2768 2577 2830 Ὦς
2626 2763 2670 2821 δ’
2703 2762 2955 2838 ἀπεπάγη
2996 2760 3131 2837 πρὸς
3177 2759 3344 2813 ταῦτα
3395 2754 3423 2808 6
3471 2751 3578 2825 πρὸ

1933 2990 2127 3044 astute
2158 2987 2529 3042 commentus
2568 2986 2658 3039 est
2678 2996 2807 3038 eam
2841 2994 3070 3053 pcsnam
3102 2977 3175 3033 ab
3206 2977 3298 3033 sui
3322 2978 3582 3031 contem-

1932 3081 2097 3149 ptore
2147 3074 2472 3147 repetendi,
2523 3089 2649 3145 qum
2709 3069 2887 3127 simul
2928 3067 3275 3137 patriarchae
3324 3063 3585 3120 dolorem

1932 3165 2230 3233 inureret;
2269 3165 2353 3220 sic
2376 3180 2437 3221 se
2469 3159 3059 3232 cumulateinjuriam
3092 3155 3400 3225 utriusque
3427 3152 3586 3208 ultu-

1932 3271 2063 3311 rum
2123 3258 2308 3325 ratus,
2343 3252 2634 3309 curricqu
2689 3249 2868 3306 mittit
2928 3249 2999 3304 ad
3067 3246 3585 3303 sebastocratorem

1931 3343 2269 3400 Tornicium
2303 3347 2443 3398 tunc
2482 3340 2820 3414 praefectum
2866 3337 3017 3404 urbi,
3052 3334 3155 3408 qui
3200 3351 3233 3390 a
3263 3350 3324 3389 se
3348 3333 3587 3404 juberet

1936 3434 2166 3489 diruere
2197 3432 2475 3489 continuo
2506 3430 2675 3487 illum
2704 3429 2858 3486 aedes
2879 3422 3352 3497 chartephylacis
3374 3425 3431 3477 et
3463 3436 3587 3475 ma-

1937 3522 2035 3595 gni
2095 3522 2401 3579 meomonii
2453 3520 2602 3592 (erat
2645 3514 3145 3590 {hic-Xiphilinus
3200 3510 3587 3579 Theodorus),

1938 3611 2180 3669 evellere
2201 3611 2471 3683 stirpitus
2487 3610 2689 3665 vineas
2719 3604 3338 3676 amborum,ipsosqua
3364 3599 3589 3655 vinctos

1942 3701 2013 3757 ad
2046 3717 2108 3758 se
2138 3700 2387 3756 mittere.
2422 3699 2666 3756 Volebat
2698 3695 3105 3753 nimirumista
3120 3692 3344 3749 ratione
3377 3695 3595 3745 terrere

1942 3791 2120 3863 (quod
2151 3789 2342 3859 aiunt)
2374 3788 2606 3846 leonem
2654 3787 2919 3858 exemplo
2946 3783 3099 3840 male
3144 3780 3377 3838 multati
3411 3780 3593 3834 canis.

1946 3879 2233 3936 Futurum
2265 3883 2461 3936 autem
2521 3877 2795 3951 sperabat
2823 3879 2890 3931 ut
2918 3875 2981 3931 hi
3022 3870 3298 3946 supplicii
3331 3873 3487 3924 metu
3524 3868 3592 3922 ad

1945 3970 2389 4043 obsequendum
2406 3965 3152 4041 imperatoriquodcunque
3172 3958 3598 4017 velletinclina-

1947 4065 2153 4117 rentur
2180 4077 2194 4127 ;
2226 4059 2381 4131 quod
2415 4059 2465 4115 si
2499 4057 2863 4130 contigisset,
2889 4071 3005 4112 non
3040 4052 3212 4109 modo
3239 4048 3387 4106 nihil
3417 4065 3595 4105 ausu-

1950 4165 2081 4205 rum
2107 4147 2496 4221 patriarcham
2526 4145 2717 4202 solum
2737 4150 2794 4201 et
2809 4143 3066 4199 virorum
3090 4139 3292 4196 talium
3325 4139 3383 4194 in
3405 4142 3599 4209 partes

1952 4237 2237 4310 principis
2258 4237 2664 4292 traductorum
2691 4232 3280 4301 auxilioﬁdestitutum
3312 4232 3515 4284 contra
3538 4242 3599 4282 so

1956 4343 2147 4400 agere,
2193 4326 2294 4381 sed
2327 4326 2503 4381 etiam
2548 4329 2814 4381 coactum
2847 4322 2917 4378 iri
2960 4320 3162 4377 cedere
3191 4322 3249 4373 et
3286 4318 3356 4373 de
3387 4316 3605 4372 duritia

1956 4416 2250 4473 remittere
2280 4415 2339 4470 in
2366 4430 2547 4471 causa
2568 4406 3602 4480 excommunicationis.lgiturseba-

1955 4508 2239 4563 stoerator
2261 4508 2469 4577 praesto
2493 4504 2692 4560 aderat
2706 4501 2940 4559 stansin
2964 4498 3264 4573 procinctu
3280 4512 3602 4568 exsequen-

1957 4598 2014 4655 di
2047 4598 2633 4655 mandata.Cmterum
2666 4597 2737 4652 de
2767 4596 2896 4668 ejus
2925 4594 3139 4651 infesto
3171 4591 3419 4647 adventu
3452 4606 3599 4661 prae-

181 4691 534 4747 universum
585 4686 1048 4745 ecclesiasticum
1101 4690 1364 4747 ordinem
1429 4689 1840 4745 exardescente
1872 4662 1918 4727 Π
1950 4688 2192 4745 monitio
2226 4688 2399 4744 ambo
2430 4687 2515 4743 illi
2548 4703 2680 4743 cum
2712 4685 2994 4743 uxoribus
3026 4688 3083 4740 et
3110 4682 3311 4738 liberis
3342 4681 3413 4736 ad
3445 4681 3591 4737 227

182 4780 555 4848 vehementi;
580 4780 735 4837 unde
755 4781 816 4837 in
838 4780 1122 4837 clamores
1140 4780 1486 4854 erumpebat
1500 4780 1845 4837 vociferans:

185 4893 213 4921 ι(
240 4869 469 4941 Nempe
502 4868 609 4925 hoc
642 4868 975 4942 patriarcha
1004 4869 1090 4926 sic
1124 4867 1310 4925 voluit
1351 4872 1745 4925 consentanea
1775 4869 1847 4923 ad

189 4958 362 5033 prius
407 4957 466 5014 in
518 4974 627 5015 nos
663 4958 1262 5015 contumeliosissime
1303 4967 1487 5031 gesta,
1515 4961 1580 5013 ut
1623 4956 1851 5013 nullam

186 5047 564 5105 occasionem
587 5046 1498 5121 pratermitteretvilipendendaa
1520 5050 1577 5104 et
1596 5051 1853 5103 contem-

184 5144 294 5212 ptu
326 5141 591 5195 extremo
640 5136 1048 5194 conculcande
1079 5138 1457 5210 imperatoria
1504 5136 1850 5208 majestatis,

186 5228 349 5301 regia
370 5227 552 5283 etiam
583 5226 879 5300 imperiali
911 5226 1094 5284 sacris
1118 5227 1480 5300 prohibenda
1510 5226 1852 5282 interdicto-

182 5333 300 5390 qua
330 5316 741 5390 supponenda.
752 5338 781 5367 »
799 5319 918 5373 Hoc
934 5316 1475 5390 diccbat,quoniam
1493 5315 1647 5372 intra
1664 5314 1853 5387 impe-

186 5407 481 5464 ratorium
507 5404 794 5479 palatium
828 5405 977 5464 forte
1009 5410 1280 5479 repertus
1308 5411 1400 5463 est
1428 5406 1701 5463 sacerdos
1732 5404 1851 5473 ille,

189 5496 431 5569 quando
450 5494 502 5551 ei
526 5493 692 5551 missi
710 5510 744 5551 a
767 5493 1222 5569 chartophylace
1233 5494 1587 5552 sententiam
1603 5509 1853 5566 suspen-

192 5587 384 5645 sionis
430 5585 798 5643 intimarunt.
832 5586 1018 5643 Totus
1064 5601 1235 5659 porro
1269 5586 1495 5643 deﬁxus
1541 5584 1603 5641 in
1634 5585 1854 5657 cogita-

194 5677 356 5734 tione
401 5675 698 5741 vindictte,
750 5674 1144 5747 patriarcham
1188 5680 1329 5731 tunc
1373 5675 1613 5748 quidem
1655 5673 1853 5746 ipsum

200 5776 358 5825 recta
383 5765 446 5823 in
471 5764 709 5839 propria
731 5763 934 5822 ulcisci
955 5779 1212 5838 persona
1231 5780 1350 5823 non
1370 5763 1595 5839 valens,
1609 5766 1853 5824 modum

1956 4777 2242 4851 templum
2265 4776 2764 4849 confugiuntjure
2794 4774 2914 4830 illic
2935 4773 3081 4847 asyli
3114 4772 3223 4828 tuti
3249 4770 3448 4827 futuri.
3478 4772 3601 4836 Quo

1957 4867 2387 4923 sebastocrator
2432 4866 2685 4936 cognito,
2735 4869 3017 4937 reputans
3058 4880 3336 4937 magnum
3388 4862 3499 4918 sibi
3532 4862 3604 4918 ab

1959 4957 2311 5028 imperatore
2330 4957 2554 5012 malum
2578 4956 2755 5012 affore
2783 4955 2897 5011 nisi
2919 4972 3048 5028 quae
3070 4952 3378 5027 isjubebat
3404 4953 3607 5009 effecta

1958 5046 2246 5117 redderet,
2280 5046 2339 5102 in
2382 5045 2669 5119 templum
2715 5061 2854 5103 ense
2903 5045 3105 5102 stricto
3154 5049 3218 5101 ut
3257 5044 3345 5101 leo
3378 5044 3611 5101 irruens

1959 5137 2260 5193 extrahere
2281 5136 2414 5193 illos
2432 5137 2568 5194 inde
2591 5137 3343 5193 conabatur.Atoccurrens
3365 5136 3625 5209 patriarr

1959 5226 2071 5283 cha
2101 5241 2233 5283 eum
2257 5227 2508 5299 graviter
2530 5227 2878 5298 increpitum
2905 5226 3141 5300 repulit,
3167 5249 3194 5277 «
3218 5226 3364 5292 Quid
3384 5226 3604 5297 vobis,»

1957 5315 2254 5388 inquiens.
2305 5338 2332 5367 ‹‹
2365 5315 2621 5373 volentes
2653 5315 2854 5373 oculos
2878 5321 2935 5372 et
2966 5332 3174 5372 manus
3208 5319 3265 5371 et
3303 5330 3476 5372 aures
3502 5332 3606 5371 no-

1961 5410 2137 5475 stras,
2171 5404 2303 5462 illos
2326 5405 2565 5478 quidem
2590 5422 2813 5473 eruere,
2845 5406 2991 5462 istas
3022 5410 3217 5462 autem
3259 5406 3608 5463 abscindere

1961 5499 2257 5569 postremo
2288 5495 2395 5552 has
2418 5496 2721 5552 obstruere
2751 5495 3044 5552 conamini
3066 5494 3127 5551 Τ»
3169 5496 3608 5568 testabaturque

1958 5584 2286 5643 vociferans
2316 5586 2493 5641 Deum
2523 5590 2580 5642 et
2602 5584 2896 5654 homines,
2932 5586 3050 5644 vim
3085 5587 3198 5643 sibi
3230 5603 3333 5659 per
3369 5586 3609 5645 sacrile-

1960 5691 2096 5748 gam
2115 5673 2393 5747 injuriam
2417 5675 2543 5730 fieri
2570 5692 2583 5743 ;
2608 5692 2798 5748 neque
2827 5677 2985 5733 enim
3005 5677 3092 5735 fas
3114 5683 3235 5735 ctse
3257 5680 3368 5735 Deo
3409 5694 3607 5735 sacros

1960 5764 2231 5823 homines
2261 5779 2296 5822 a
2336 5762 2717 5823 secularibus
2760 5765 2996 5841 corripi.
3047 5767 3369 5844 Obstupuit
3418 5770 3491 5829 ad
3539 5789 3608 5831 ea
