4246 6446
649 343 750 399 671

1956 350 2253 404 GEORGII
2291 348 2752 404 PACHYNRRB

3950 351 4069 406 672

659 472 861 540 μικροῦ
896 467 1199 544 ὑπέροφρυς
1251 469 1325 531 ὡς
1381 468 1661 525 έκσπάσων
1709 470 1805 526 κᾶν
1855 470 1908 527 εἴ
1955 493 2007 526 τι
2062 473 2295 547 γένοιτο,
2330 477 2380 542 Α
2415 491 2572 543 μενον
2632 471 2970 542 συμπαθείας
3027 470 3266 546 ἀνάγκην
3318 470 3484 548 ἔχειν,
3539 470 3636 528 κᾶν
3712 476 3845 548 γοῦν
3925 477 4067 548 πρὸς

649 561 767 616 τοῖς
802 558 894 625 μὲν
930 554 1150 630 ἀνδράσι
1182 558 1242 611 τὸ
1274 559 1416 633 ἱερὸν
1470 563 1730 614 πατοῦσιν
1792 562 1846 613 αἱ
1896 561 2061 632 ὁρμαὶ
2096 560 2304 614 ἀνεῖντο

655 645 730 715 μή
790 642 1046 712 δεδιόσιν,
1080 644 1287 706 ἐκεῖνος
1347 643 1403 701 δὲ
1460 649 1597 721 πρὸς
1653 649 1747 710 τὰς
1800 647 1973 710 οἷ’κίας
2031 651 2304 724 τρέπεται,

650 731 951 803 Ἀμπέλοις
986 732 1031 787 δ’
1063 733 1334 798 ἐπιθέσθαι
1394 736 1496 790 οὐκ
1551 738 1640 806 ἦν,
1675 739 1759 792 δτι
1813 735 1931 792 οὐδ’
1980 738 2112 805 ἦσαν
2171 735 2309 791 ὲκεί-

650 842 770 881 νοις
797 819 1038 892 ἄμπελοι
1093 820 1248 895 τῇδε.
1285 824 1458 880 Ἀλλὰ
1515 826 1604 879 καὶ
1657 830 1764 880 τῶν
1825 826 2010 880 οἰκιῶν
2071 824 2307 899 ἀποτρέο

653 929 807 962 πεται
842 910 916 970 ὡς
956 912 1030 980 μή
1062 910 1243 984 σφίσιν
1276 911 1500 981 ἀληθῶς
1534 914 1730 984 οὐσῶν,
1765 912 1912 968 ἄλλά
1946 913 2160 986 μᾶλλον
2211 915 2310 980 τῆς

657 997 986 1068 Ἐκκλησίας
1019 999 1410 1073 λογιζομένων.
1446 1004 1820 1078 Ἐκκρουσθεὶς
1854 1003 1944 1057 οὗν
1984 1009 2102 1064 τοῖς
2159 1002 2313 1064 ὅλοις

658 1088 684 1140 ὁ
712 1085 1044 1159 ἐπιτιμητὴς
1070 1087 1273 1152 ἐκεῖνος
1309 1092 1512 1162 πέμπει
1571 1092 1852 1163 Νικαίαζε,
1885 1093 1973 1147 καὶ
2025 1093 2093 1146 τὰ
2139 1112 2312 1164 προσ-

658 1177 964 1249 τεταγμένα
1024 1177 1109 1232 έπὶ
1171 1185 1290 1242 τοῖς
1348 1186 1495 1257 σφῶν
1581 1184 1819 1254 κτήμασι
1904 1179 2308 1254 διαπράττεται.

658 1265 938 1327 Κωλυθεὶς
993 1264 1049 1320 δὲ
1098 1267 1444 1341 ἀποπέμπειν
1500 1268 1773 1342 δεσμίους,
1806 1271 1879 1332 ὡς
1929 1273 1963 1338 ἡ
2023 1269 2314 1344 πρόσταξις

661 1357 797 1429 εἶχε,
835 1352 1190 1412 συνεϐούλευε
1222 1359 1400 1436 σφίσιν
1435 1360 1628 1424 αὐτοὺς
1681 1361 1898 1423 ἀνέτους
1951 1361 2026 1422 ὡς
2088 1359 2313 1436 βασιλέα

659 1451 884 1519 χωρεῖν,
919 1448 982 1518 [Ρ
1020 1450 1139 1520 152]
1197 1453 1294 1502 τοῦ
1352 1449 1572 1519 ἀληθῶς
1633 1451 1894 1526 φρουρίου
1937 1446 2309 1512 ἀποσπασθέν-

654 1555 774 1600 τας,
807 1534 882 1596 ὡς
912 1535 976 1602 ἦν
1008 1537 1034 1589 ὁ
1086 1540 1214 1600 ναὸς
1272 1536 1539 1613 ἄντικρυς.
1578 1540 1907 1615 Ἀπολογίαν
1961 1539 2062 1613 γὰρ
2115 1538 2315 1592 ἐκεῖνον

658 1617 801 1697 ἔχειν
863 1625 999 1698 πρὸς
1059 1625 1285 1700 βασιλέα
1334 1630 1433 1696 τὴν
1468 1628 1695 1682 ἀσυλίαν
1727 1627 1823 1682 τοῦ
1855 1630 2005 1698 ἱεροῦ
2063 1627 2151 1682 καὶ
2210 1628 2310 1694 τὴν

653 1716 750 1764 τοῦ
809 1715 1154 1787 πατριάρχου
1217 1714 1480 1784 κώλυσιν,
1512 1719 1598 1772 καὶ
1662 1718 1735 1780 ὡς
1791 1717 1986 1779 αὐτοὺς
2044 1716 2166 1780 εύθῦ
2219 1720 2316 1770 τοῦ

661 1800 930 1874 βασιλέως
963 1804 1248 1874 ὁρμῶντας
1275 1802 1552 1878 δεσμεύειν
1586 1805 1685 1860 οὐκ
1713 1807 1802 1879 ἦν,
1836 1807 1910 1869 ὡς
1965 1807 2092 1880 παρ’
2125 1803 2308 1866 αὐτοῖς

661 1889 932 1961 μενούσης
996 1898 1096 1960 τῆς
1160 1901 1481 1970 προσφυγῆς
1551 1899 1710 1950 τοῦτο
1793 1896 1885 1949 μὶν
1958 1899 2035 1966 τῷ
2086 1895 2305 1956 ἑκόντας

657 1978 983 2054 ἀποφοιτᾷν,
1012 1981 1172 2036 τοῦτο
1206 1979 1264 2036 δὲ
1288 1983 1377 2038 καὶ
1424 1984 1516 2038 τὸν
1563 1982 1913 2059 πατριάρχην
1969 1984 2308 2056 ἐπιτιμῶντα

656 2067 926 2146 ἀμφέπειν
986 2077 1270 2146 πανταχοῦ
1329 2070 1637 2149 διάγοντας.
1693 2076 1922 2149 Προσέτι
1980 2073 2038 2128 δὶ
2102 2073 2190 2128 καί
2245 2073 2310 2128 τὸ

652 2163 752 2224 τῆς
802 2157 875 2219 εἰς
929 2159 1157 2232 βασιλέα
1205 2159 1479 2234 προσόδου
1530 2167 1725 2237 σχῆμα
1780 2165 1842 2218 τὸ
1901 2161 2118 2224 ἀνέτους
2177 2167 2312 2239 σφᾶς

655 2242 1030 2321 διατηρεῖσθαι
1089 2246 1278 2304 δίδωσι
1314 2269 1326 2282 '
1361 2251 1656 2322 πρόσωπον
1712 2255 1813 2328 γὰρ
1858 2248 2142 2328 ’βασιλέως
2175 2251 2310 2315 θεώ-

657 2451 1084 2524 perculsusque
1137 2470 1170 2508 a
1226 2459 1414 2525 empto
1474 2455 1703 2510 destitit
1763 2455 1862 2528 qui
1923 2460 2084 2511 tanto
2145 2454 2309 2527 prius

656 2541 811 2597 fastu
858 2546 1250 2597 extracturum
1305 2560 1367 2598 se
1417 2543 1734 2615 supplices,
1785 2545 2066 2615 quidquid
2118 2543 2310 2614 quivis

657 2637 860 2687 contra
893 2629 1216 2696 moliretur,
1268 2634 1647 2701 ostenderat;
1679 2650 1862 2703 eoque
1895 2649 2022 2688 sese
2066 2634 2309 2687 domum

655 2720 980 2790 recipiente
1029 2736 1090 2776 re
1131 2721 1365 2790 infecta,
1399 2722 1622 2778 Veccus
1666 2728 1722 2778 et
1769 2723 2112 2795 Xipbilinus
2158 2723 2313 2776 intra

657 2813 825 2877 septa
855 2807 994 2862 tedis
1027 2824 1204 2862 sacras
1237 2809 1346 2863 tuti
1393 2810 1704 2881 securique
1745 2812 2134 2868 versabantur
2166 2836 2178 2877 ;
2210 2810 2311 2864 sed

658 2913 764 2952 nec
796 2898 996 2952 vincas
1041 2898 1378 2954 exscindere
1421 2901 1632 2970 potuit,
1665 2917 1796 2956 cum
1838 2907 2043 2956 neuter
2077 2893 2312 2956 illorum

658 2986 855 3041 vineta
886 2986 1044 3041 circa
1077 2986 1646 3059 Constantinopolim
1682 2988 1962 3056 haberet;
1996 2989 2066 3043 ab
2097 2988 2314 3042 aedium

659 3090 895 3147 quoque
936 3075 1153 3146 quibus
1185 3078 1508 3132 utebantur
1557 3078 1951 3134 demolitione.
1981 3077 2315 3150 prohibitus

658 3169 768 3234 est,
803 3165 1151 3221 denuntiato
1190 3165 1303 3237 ipsi
1336 3167 1493 3222 haud
1523 3183 1653 3223 esse
1681 3167 1814 3223 illas
1838 3168 1993 3238 juris
2025 3168 2311 3238 ipsorum,

660 3254 761 3308 sed
796 3253 1090 3318 Ecclesia,
1124 3271 1250 3325 quae
1299 3271 1470 3311 usum
1515 3257 1802 3312 duntaxat
1841 3257 2148 3312 habitandi
2187 3255 2312 3311 suis

657 3342 778 3398 illic
811 3342 1102 3398 ministris
1135 3345 1461 3415 precarium
1498 3346 1858 3401 concederet.
1889 3351 2040 3416 Ergo
2072 3345 2167 3400 hic
2197 3352 2313 3399 tam

658 3450 787 3489 scer
834 3434 988 3489 ultor
1031 3435 1292 3506 undique
1340 3438 1612 3508 rejectus,
1667 3442 1724 3492 et
1766 3437 1994 3493 cunctis
2041 3437 2316 3492 exclusus

659 3539 788 3594 qua:
823 3527 1094 3590 tentarat,
1142 3541 1212 3580 ne
1245 3525 1389 3580 nihil
1442 3530 1657 3597 ageret,
1687 3527 1939 3581 Nicaeam
1987 3530 2174 3581 certos
2208 3525 2314 3579 mi-

661 3611 741 3666 sit
772 3611 872 3682 qui
906 3611 963 3665 in
1016 3612 1253 3684 praediis
1308 3614 1556 3669 istorum
1607 3615 1665 3670 in
1700 3614 1798 3670 illo
1847 3615 2139 3669 territorio
2189 3612 2317 3668 sitis

660 3701 1052 3757 vastationem
1109 3703 1179 3757 ab
1226 3703 1577 3774 imperatore
1633 3704 2032 3776 praescriptam
2092 3718 2318 3759 exerce-

665 3796 814 3846 rent.
866 3789 1014 3846 Cum
1069 3796 1263 3847 autem
1311 3793 1581 3864 nequiret
1627 3795 1861 3849 mittere
1908 3792 2040 3848 illos
2070 3792 2317 3858 vinctos,

664 3885 728 3934 ut
761 3880 948 3935 fuerat
975 3880 1208 3950 jussus,
1241 3883 1488 3938 suadere
1520 3881 1666 3954 ipsis
1709 3882 1927 3937 institit
1969 3886 2033 3937 ut
2063 3882 2215 3936 ultro
2247 3881 2318 3935 ad

665 3973 1083 4038 imperatorem
1153 3970 1446 4040 proﬁcisci
1514 3971 1752 4039 vellent,
1812 3971 1867 4025 id
1929 3970 2322 4028 communiter

665 4062 786 4113 tam
819 4058 962 4130 ipsis
991 4075 1168 4130 quam
1201 4058 1311 4115 sibi
1339 4060 1652 4117 consilium
1673 4077 1801 4116 esse
1826 4060 1968 4116 utile
1999 4061 2320 4126 disserens,

663 4147 943 4218 quoniam
979 4147 1026 4202 si
1072 4148 1332 4204 volentes
1381 4150 1494 4221 ipsi
1546 4167 1712 4206 sacro
1761 4150 1921 4222 asylo
1972 4150 2324 4205 absisterent

666 4237 918 4292 adeundi
954 4235 1236 4309 principis
1266 4255 1465 4305 causa,
1502 4239 1710 4295 idonea
1742 4241 1850 4311 ipsi
1883 4241 2037 4312 apud
2069 4239 2321 4310 impera-

668 4331 854 4381 torem
890 4327 1088 4382 futura
1117 4333 1294 4396 ,esset
1324 4329 1622 4384 excusatio
1667 4330 1896 4384 omissae
1943 4327 2321 4399 comprehen-

668 4416 854 4471 sionis
885 4421 940 4471 et
969 4417 1402 4473 constrictionis
1426 4419 1690 4489 ipsorum
1723 4419 1835 4474 sibi
1869 4419 1941 4474 ab
1973 4436 2039 4474 eo
2070 4417 2325 4488 impera-

669 4511 762 4560 ιω.
796 4505 942 4560 Nam
978 4522 1048 4561 ne
1081 4505 1211 4562 illos
1244 4507 1398 4562 intra
1430 4508 1714 4579 templum
1749 4513 2004 4580 caperet,
2039 4507 2323 4564 sanctita-

667 4600 785 4649 tem
841 4595 949 4650 loci
997 4599 1054 4650 et
1106 4596 1259 4652 228
1311 4597 1670 4653 occurrentis
1723 4614 1787 4652 ac
1839 4596 2178 4668 repellentis
2222 4612 2323 4667 pa-

666 4685 936 4739 triarcha:
998 4687 1408 4741 auctoritatem
1471 4687 1867 4758 prohibuisse,
1929 4685 2325 4757 plausibiliter

665 4779 1049 4831 causaturum
1102 4793 1248 4832 sese.
1297 4781 1470 4833 Porro
1507 4778 1668 4848 ipsos
1721 4781 1931 4848 sponte
1983 4776 2326 4831 abdicantes

666 4864 914 4918 tutelam
948 4881 1253 4921 sacrorum
1299 4867 1607 4938 adytorum
1664 4871 1727 4920 ut
1757 4864 2056 4920 communi
2088 4864 2325 4919 domino

667 4969 728 5009 se
763 4955 1062 5024 sisterent,
1099 4956 1184 5011 fas
1217 4957 1373 5011 haud
1407 4955 1590 5010 fuisse
1623 4955 1727 5010 abs
1747 4973 1808 5011 se
1842 4955 2052 5025 corripi
2081 4954 2326 5024 darique

667 5042 726 5097 in
761 5043 1019 5110 vincula,
1074 5044 1240 5100 facile
1280 5045 1550 5117 quemvis
1599 5046 1816 5110 videre,
1853 5061 1957 5100 nec
1999 5044 2325 5114 imperato-

667 5149 793 5188 rem
842 5133 1276 5190 dubitaturum.
1332 5134 1570 5191 Plenam
1618 5135 1799 5207 igitur
1849 5134 1920 5189 ab
1971 5150 2032 5189 se
2086 5133 2323 5204 quidem

665 5223 788 5278 fore
821 5224 965 5296 ipsis
1008 5225 1380 5281 securitatem
1415 5223 1699 5280 inviolata
1737 5222 2046 5290 libertatis,
2093 5223 2136 5277 si
2171 5223 2325 5294 quod

667 5313 954 5368 suadebat
1003 5313 1276 5370 facerent.
1315 5314 1556 5371 Nullum
1607 5317 1800 5370 autem
1853 5313 1924 5368 ab
1975 5311 2088 5366 alio
2121 5313 2327 5383 quovis

669 5404 1054 5459 metuendum
1089 5404 1238 5476 ipsis
1270 5422 1396 5461 esse
1425 5404 1540 5460 tale
1589 5401 1919 5477 periculum
1954 5403 2327 5458 demonstra-

666 5493 788 5562 bat,
848 5492 934 5548 vel
996 5495 1152 5566 quod
1214 5503 1368 5551 recta
1419 5494 1798 5551 tendentibus
1870 5492 1942 5547 ad
2001 5489 2328 5563 principem

666 5602 838 5642 nemo
873 5586 1160 5643 facessere
1185 5588 1517 5644 molestiam
1550 5583 1815 5654 auderet,
1846 5581 1933 5638 vel
1965 5583 2106 5654 quia
2135 5581 2327 5637 decla-

666 5679 793 5733 rato
826 5673 886 5732 in
917 5675 1079 5748 ipsos
1113 5675 1458 5751 patriarcha
1498 5673 1695 5749 palam
1739 5669 2101 5746 protegentis
2132 5679 2326 5745 patro-

2413 559 2577 632 ὥραν,
2609 566 2725 620 τοῖς
2758 558 3124 633 κατακρίτοις.
3157 562 3337 616 Ταῦτα
3392 562 3481 614 καὶ
3538 562 3604 616 τὰ
3649 563 3865 622 τούτοις
3895 562 4070 634 ὅμοια

2413 645 2589 720 λέγων
2623 642 2800 701 ἔπειθέ
2831 669 2888 701 τε
2915 648 3043 709 τοὺς
3075 647 3269 722 ἄνδρας
3323 649 3629 726 ἀποφοιτᾷν
3681 671 3740 704 τε
3785 655 3882 704 τοῦ
3933 656 4069 704 ναοῦ

2411 738 2497 790 καὶ
2560 737 2696 810 πρὸς
2765 734 2991 810 βασιλέα
3048 741 3276 811 χωρεῖν.
3332 739 3429 792 Καὶ
3487 735 3553 806 δὴ
3614 739 3759 812 παρὰ
3812 743 3910 792 τοῦ
3962 761 4071 792 πα-

2410 824 2678 900 τριάρχου
2740 823 3148 898 ἐκχωρηθέντες
3231 823 3385 894 δόξαν
3468 833 3718 881 συνοῖσον
3795 827 3942 904 σφίσι
4003 828 4068 881 τὸ

2413 911 2664 967 ἀπελθεῖν
2711 913 2798 985 (τὰ
2851 914 2952 989 γὰρ
3004 909 3282 986 συμϐάντα
3337 913 3554 976 τούτοις
3599 916 3790 990 πικρὰ,
3837 917 3930 970 καὶ
3993 917 4070 976 ὡς

2415 1000 2462 1055 εἲ
2492 1000 2578 1054 ἐπὶ
2611 1001 2934 1062 καθοσιώσει
2990 1002 3303 1075 εὐθύνοντο)
3335 1001 3489 1064 εὐθὺς
3543 1009 3664 1064 ταῖς
3717 1009 3816 1058 τοῦ
3877 1005 4070 1080 ἱερέως

2415 1087 2818 1166 ἐφοδιασθέντες
2853 1089 3041 1164 εὐχαῖς
3071 1111 3129 1144 τε
3161 1091 3249 1144 καὶ
3300 1090 3573 1167 εὐλογίαις
3631 1099 3731 1161 τῆς
3781 1094 3917 1165 πρὸς
3967 1094 4068 1160 τὴν

2415 1176 2815 1248 Θεσσαλονίκην
2850 1179 3118 1254 φερούσης
3151 1181 3430 1234 ἅπτονται.
3465 1183 3532 1238 Ἀ
3586 1183 3681 1253 μὲν
3735 1179 3823 1235 οῦν
3880 1182 4069 1253 ἐπιμί-

2417 1267 2560 1337 ξασιν
2621 1268 2846 1330 ἐκείνοις
2907 1267 3275 1342 Θεσσαλονίκῃ
3304 1271 3394 1322 καὶ
3458 1270 3677 1343 βασιλεῖ
3706 1269 4069 1346 προσελθοῦσι

2418 1352 2639 1425 συνέϐη,
2673 1357 2734 1412 ού
2786 1362 2881 1411 τοῦ
2937 1357 3205 1432 παρόντος
3258 1357 3435 1432 λέγειν
3483 1364 3697 1434 καιροῦ.
3732 1358 3885 1429 Πλὴν
3921 1359 4071 1413 εἰκά-

2419 1447 2556 1499 σαιτ’
2587 1444 2646 1499 ἄν
2679 1447 2860 1507 τιςὼς
2888 1445 2988 1500 οὐκ
3034 1444 3091 1499 ἂν
3152 1447 3208 1500 εὗ
3265 1446 3464 1502 ἐκεῖθεν
3527 1446 3742 1519 ἔπαθον,
3776 1448 3821 1501 εί
3880 1450 3954 1519 μή
4013 1468 4074 1521 γε

2419 1534 2771 1609 θεραπεύουσι
2801 1536 2893 1589 τὸν
2925 1537 3111 1610 καιρὸν
3173 1531 3367 1605 συνέϐη
3428 1541 3595 1591 ταῦτα
3651 1539 3860 1591 παθεῖν.
3894 1540 4072 1593 Τοῦτο

2421 1620 2467 1676 δ’
2498 1624 2563 1691 ἦν
2601 1628 2949 1695 μεμονῶσθαι
2992 1624 3083 1678 τὸν
3143 1623 3491 1698 πατριάρχην
3545 1625 3973 1696 ὑποκλιθέντων,
4003 1624 4078 1684 ὡς

2421 1711 2510 1766 καὶ
2540 1716 2645 1766 τῶν
2679 1710 2886 1780 ἄλλων,
2921 1712 3157 1766 ἐκείνων.

2343 1846 2389 1911 Β
2419 1864 2510 1919 κε’.
2544 1864 2618 1916 Τὰ
2643 1862 2767 1937 περὶ
2794 1866 2889 1916 τοῦ
2921 1863 3152 1918 σουλτάν
3186 1862 3495 1938 ’ᾼζατίνου,
3527 1864 3618 1916 καὶ
3675 1863 3742 1918 τᾶ
3788 1863 3914 1938 περὶ
3965 1868 4072 1917 τῶν

3093 1936 3354 2010 Τοχάρων
3365 1978 3379 1994 .

2495 2072 2559 2143 [Ρ
2590 2071 2712 2142 153]
2747 2067 3115 2139 ’Δναληπτέον
3169 2069 3258 2123 καὶ
3315 2070 3378 2124 τὸ
3435 2073 3534 2124 τοῦ
3591 2069 3820 2126 σουλτὰν
3855 2071 4077 2140 ’Δζατί-

2420 2179 2542 2227 νου,
2573 2159 2632 2220 ὃς
2689 2158 2856 2231 μοῖρά
2901 2177 2984 2219 τις
3031 2156 3218 2232 γέγονε
3273 2154 3548 2232 δυστυχὴς
3583 2156 3909 2226 Μακεδόσιν,
3944 2156 4080 2214 εἴπω

2423 2245 2594 2302 δὲκαὶ
2653 2247 2839 2323 Θρᾳξὶ,
2869 2247 2960 2302 καὶ
3008 2249 3070 2302 τὸ
3125 2251 3220 2302 τοῦ
3277 2249 3530 2320 κομήτου
3579 2247 3944 2324 προάγγελμα
4002 2249 4082 2311 εἷς

2418 2450 2570 2507 cinio
2603 2449 2714 2506 tuti
2748 2449 2966 2522 ubique
3006 2448 3388 2521 inviolatique
3417 2450 3601 2506 futuri
3651 2455 3867 2518 essent,
3899 2454 4080 2506 tanta

2418 2539 2581 2596 illius
2650 2555 2716 2594 ac
2791 2542 2910 2593 tam
2979 2538 3334 2594 venerabilis
3419 2543 3689 2611 respectu
3749 2539 4084 2611 potestatis.

2419 2628 2678 2700 Denique
2725 2632 3039 2700 postquam
3071 2645 3137 2684 eo
3184 2628 3608 2700 pervenissent,
3637 2628 3764 2701 ipso
3813 2628 3982 2683 vultu
4019 2645 4087 2684 ac

2420 2720 2734 2788 conspectu
2762 2716 3052 2788 principis
3073 2716 3471 2772 certissimum
3500 2717 3724 2773 sciebat
3740 2707 4086 2789 accepturos

2422 2806 2584 2878 ipsos
2635 2806 2847 2862 salutis
2892 2811 2948 2860 et
3002 2806 3340 2862 securitatis
3391 2807 3646 2879 pignus;
3683 2823 3818 2862 nam
3873 2807 4084 2861 faciem

2423 2894 2794 2967 imperatoris
2825 2911 3020 2950 coram
3053 2895 3141 2950 vel
3165 2895 3237 2950 ad
3270 2901 3635 2950 momentum
3668 2894 3857 2951 oculis
3889 2895 4090 2964 objec-

2423 2987 2543 3039 tam
2602 2983 2803 3056 gratiae
2836 3001 2902 3039 ac
2950 2985 3129 3039 veniae
3160 3000 3301 3056 erga
3352 2985 3670 3054 intuentes,
3723 2985 3901 3039 etiam
3937 3000 4087 3054 prae-

2424 3074 2736 3129 damnatos
2790 3089 2938 3139 reos,
2990 3074 3390 3130 necessariam
3441 3090 3682 3129 causam
3724 3071 4082 3128 existimari.

2429 3162 2556 3217 Haec
2587 3168 2644 3216 et
2666 3161 2843 3232 hujus
2862 3161 3169 3217 sententiae
3201 3161 3316 3217 alia
3346 3178 3480 3217 cum
3506 3161 3806 3233 allegaret,
3846 3177 4085 3232 persua-

2426 3249 2501 3305 sit
2533 3251 2687 3321 quod
2719 3249 2976 3313 volebat,
3018 3249 3311 3320 siquidem
3363 3249 3447 3304 illi
3480 3249 3852 3305 conducibile
3885 3249 3940 3303 id
3975 3249 4086 3303 sibi

2424 3337 2689 3394 futurum
2725 3338 2857 3406 rati,
2886 3338 3232 3409 patriarchae
3264 3338 3324 3393 in
3380 3339 3436 3393 id
3472 3338 3582 3393 iter
3611 3353 3860 3393 assensu
3895 3338 4082 3406 impe-

2423 3431 2597 3494 trato,
2627 3428 2831 3500 templi
2863 3427 3157 3499 refugium
3190 3426 3519 3498 relinquere
3542 3428 3732 3496 adque
3762 3427 4086 3497 imperato-

2427 3539 2549 3578 rem
2584 3538 2645 3576 se
2675 3522 2939 3576 conferre
2970 3522 3376 3590 decreverunt,
3408 3521 3587 3576 etiam
3621 3520 3759 3574 inde
3792 3519 4080 3574 allucente

2427 3626 2740 3666 successus
2770 3611 2825 3664 in
2876 3608 2977 3665 tali
3023 3608 3269 3665 consilio
3318 3624 3442 3680 spe,
3496 3608 3653 3679 quod
3699 3607 3847 3663 satis
3877 3605 4091 3662 intelli-

2428 3705 2628 3772 gerent
2656 3717 2723 3757 ea
2781 3717 2909 3771 qua
2957 3699 3018 3755 in
3049 3699 3210 3771 ipsos
3266 3705 3382 3754 tam
3435 3699 3640 3753 acerbe
3683 3703 3814 3753 acta
3869 3699 4088 3764 essent,

2430 3793 2662 3849 decreta
2718 3808 2848 3848 esse
2907 3792 2979 3847 ab
3038 3791 3381 3862 imperatore
3434 3790 3718 3845 arbitrato
3766 3789 3940 3844 utilia
3991 3788 4089 3842 illa

2430 3901 2561 3940 esse
2607 3883 2969 3940 emolliendze
2992 3881 3229 3936 duritiei
3253 3880 3600 3953 patriarchae
3623 3884 3680 3936 et
3702 3879 4088 3950 impetranda

2431 3974 2502 4030 ab
2553 3989 2619 4028 eo
2670 3989 2788 4028 sua:
2831 3971 3020 4043 ipsius
3089 3970 3565 4026 reconciliatonie
3610 3985 3747 4024 cum
3807 3968 4089 4043 Ecclesia.

2430 4062 2638 4118 Statim
2670 4042 2870 4132 igitur,
2906 4061 3051 4116 bene
3084 4064 3359 4131 precante
3390 4060 3536 4130 ipsis
3568 4059 3627 4113 in
3680 4042 3954 4129 digressi)
3993 4073 4089 4128 pa’

2432 4150 2691 4206 triarcha
2736 4157 2789 4204 et
2839 4149 2993 4204 viam
3036 4148 3187 4204 votis
3235 4152 3650 4219 prosequente,
3703 4146 4089 4201 Thessaloni-

2432 4256 2559 4295 cam
2593 4254 2797 4294 versus
2829 4237 3248 4308 profectionem
3291 4238 3701 4307 susceperunt.
3737 4235 3889 4300 Quid
3923 4249 4093 4306 porro

2432 4329 2603 4400 ipsis,
2663 4332 2974 4398 postquam
3021 4342 3086 4381 eo
3139 4329 3528 4397 pervenerunt
3571 4329 3628 4379 et
3673 4325 4091 4395 imperatorem

2435 4419 2728 4486 adierunt,
2762 4415 3093 4488 contigerit,
3124 4431 3241 4470 non
3276 4414 3456 4483 hujus
3483 4418 3572 4469 est
3600 4414 3888 4484 temporis
3922 4414 4095 4467 refer-

2435 4524 2512 4563 re.
2550 4511 2832 4561 Caeterum
2867 4503 3053 4559 facilis
3084 4503 3474 4574 prudentibus
3507 4503 3846 4572 conjectura
3878 4517 4097 4572 sugge-

2435 4601 2523 4652 ret
2552 4596 3010 4669 haudquaquam
3043 4593 3176 4648 illos
3206 4592 3528 4664 quidquam
3552 4591 3753 4662 gratia:
3785 4596 3891 4646 aut
3924 4592 4096 4646 bene-

2437 4686 2554 4741 ﬁcii
2590 4684 2772 4739 fuisse
2817 4683 2890 4739 ab
2925 4684 3273 4754 imperatore
3324 4684 3691 4752 accepturos,
3743 4679 3859 4735 nisi
3911 4696 4097 4752 quan-

2433 4781 2562 4831 tum
2607 4772 2928 4845 promereri
2972 4772 3350 4843 obsequendo
3403 4773 3724 4841 potuerunt
3772 4770 4097 4826 servientes

2437 4863 2728 4936 tempori;
2782 4863 2938 4918 unde
2989 4861 3237 4932 contigit
3265 4859 3445 4930 (quod
3505 4858 3564 4913 in
3627 4859 3837 4930 primis
3895 4859 4102 4915 avebat

2437 4955 2758 5025 imperator
2776 4957 2935 5007 tanto
2959 4950 3150 5022 magis
3181 4948 3371 5005 solum
3397 4945 3652 5019 relinqui
3672 4947 4102 5019 patriarchams

2440 5044 2591 5100 229
2630 5042 2722 5098 his
2748 5056 2999 5112 quoque,
3033 5038 3208 5094 sicuti
3253 5037 3380 5107 jam
3413 5036 3512 5091 alii
3547 5037 3826 5103 fecerant,
3862 5037 3937 5091 ad
3977 5055 4101 5109 par-

2438 5136 2527 5188 tes
2558 5130 2932 5203 imperatoris
2962 5126 3432 5184 transeuntibus.

2685 5275 2772 5329 25.
2805 5276 2878 5330 De
2898 5273 3115 5329 saltans
3135 5268 3373 5327 Ακαίίηο
3401 5271 3451 5325 et
3481 5268 3546 5322 de
3576 5267 3857 5323 Tochari}.

2511 5401 2886 5458 Resumenda
2928 5415 3086 5454 nunc
3154 5401 3243 5453 est
3291 5397 3518 5450 naratio
3585 5409 3783 5449 rerum
3849 5395 4104 5453 sultanis

2437 5490 2684 5557 Azatini,
2720 5489 2820 5561 qui
2848 5488 3032 5544 fatum
3064 5486 3234 5543 triste
3251 5487 3428 5556 atque
3450 5482 3776 5538 infaustum
3802 5487 4102 5556 quoddam

2440 5580 2861 5638 Macedonibus
2892 5577 3117 5635 exstitit
3138 5576 3229 5633 aio
3282 5574 3460 5630 etiam
3505 5570 3874 5644 Thracibus;
3906 5582 3973 5632 et
3989 5591 4108 5647 qua

2438 5668 2585 5727 lava
2628 5683 2897 5741 sevaquo
2944 5666 3145 5724 minax
3186 5665 3419 5721 cometa
3469 5661 3851 5734 portenderat
3896 5668 4103 5724 eventu
