4246 6446
158 409 262 467 673

855 533 882 546 θ

1220 413 1316 466 ΒΕ
1355 413 1727 467 MICHABLE
1767 415 2212 474 PALBOLOGO
2251 422 2381 475 LIB.
2427 423 2524 478 III.

3469 436 3576 491 674

167 530 379 590 ἔκϐασιν
425 529 576 598 ἔθετο
628 533 921 609 προφανῆ.
972 533 1215 594 Ἐκεῖνος
1263 533 1361 606 γὰρ
1421 534 1508 587 ἐπὶ
1557 533 1812 589 πλεῖστον
1845 540 1897 604 Α
1927 538 2126 611 γνόειν,
2159 543 2219 596 τὸ
2251 551 2492 617 κρεῖττον
2525 555 2623 616 τῆς
2666 547 2813 613 λείας
2861 551 2946 604 καὶ
2998 552 3155 607 αὐτὸν
3207 553 3573 631 διαφερόντως

165 627 232 695 τῇ
286 621 702 676 Κωνσταντίνου
747 618 1152 691 προστετηκὼς,
1198 619 1286 673 καὶ
1334 619 1600 695 ὁσημέραι
1651 641 1824 695 προσ-

166 709 342 765 δοκῶν
392 709 674 779 ἐπανήξειν
723 709 839 780 μεθ’
890 708 972 761 ὅτι
1025 707 1288 776 πλείστης
1336 708 1550 783 ἰσχύος,
1597 708 1709 764 ἐπεὶ
1761 712 1822 765 τὸ

163 800 212 853 ἐν
269 799 485 853 ἐλπίσιν
541 796 858 871 ἀπέγνωστο
889 793 1031 866 (ᾔδει
1088 797 1189 871 γὰρ
1243 795 1389 850 ἅλλα
1443 799 1536 851 τὸν
1599 799 1824 872 βασιλέα

160 887 707 962 πραγματευόμενον,
760 886 849 938 καὶ
908 886 969 938 τὸ
1026 883 1194 953 κῆδος
1250 881 1427 940 ἔπειθε
1472 886 1534 940 τὸ
1565 888 1699 960 πρὸς
1732 888 1820 941 τὸν

165 979 403 1050 Ἀπαγᾶν
466 977 540 1036 ὡς
600 974 774 1028 οὐκέθ’
835 973 1284 1047 ὑποστρέψειεν),
1343 973 1512 1047 εὑρὼν
1568 980 1647 1046 τῷ
1700 975 1824 1030 τότε

161 1067 348 1141 καιρὸν
396 1065 454 1119 δν
505 1068 539 1133 ἡ
589 1068 686 1118 τοῦ
735 1062 1006 1138 βασιλέως
1053 1062 1249 1117 ἀπουσί
1310 1061 1495 1118 δέοντά
1526 1065 1577 1118 οἱ
1632 1071 1824 1140 παρεῖ-

163 1177 278 1232 χεν,
314 1155 672 1228 διαμηνύεται
704 1159 810 1208 τῶν
843 1175 950 1208 τινι
984 1158 1281 1227 συγγενῶν,
1334 1152 1566 1225 ἐπιδόξῳ
1596 1176 1656 1229 γε
1707 1177 1819 1210 οντι

161 1247 298 1300 κατὰ
353 1247 420 1298 τὰ
478 1246 616 1319 πρὸς
675 1241 872 1318 ἄρκτον
936 1245 1072 1317 μέρη
1131 1247 1228 1297 τοῦ
1284 1243 1531 1315 Εὐξείνου
1593 1244 1819 1311 πόντου,

165 1337 429 1392 δυσωπῶν
478 1335 746 1407 ἐπαμῦναί
799 1337 851 1388 οἱ
919 1332 1166 1409 ἀσιδήρῳ
1222 1334 1624 1408 πεφυλαγμένῳ
1679 1336 1824 1410 παρὰ

163 1427 310 1505 φίλῳ
338 1428 418 1498 τῷ
470 1424 706 1502 βασιλεῖ,
749 1422 901 1478 οὐδὲν
935 1423 1139 1498 ἐχθροῦ
1172 1422 1502 1501 διαφέροντι.
1538 1427 1688 1481 Εἶναι
1721 1427 1822 1500 γὰρ

163 1517 378 1588 ἐκείνῳ,
407 1517 453 1570 εί
506 1514 764 1589 βούλοιτο
820 1515 1061 1588 βοηθεῖν,
1111 1513 1380 1577 συνελθεῖν
1432 1517 1825 1586 Κωνσταντίνῳ

168 1607 257 1660 καὶ
319 1602 619 1660 σπεύδοντα
676 1608 1008 1675 παροτρῦναι
1063 1606 1199 1678 πρὸς
1247 1606 1345 1672 τήν
1400 1608 1497 1657 τοῦ
1557 1604 1826 1677 βασιλέως

168 1696 441 1760 ἐπίθεσιν.
503 1696 606 1750 Καὶ
650 1694 809 1749 αὐτὸν
871 1693 1184 1765 οἰκονομεῖν
1242 1696 1368 1767 παρ’
1419 1693 1619 1747 ἐκεῖνον
1673 1694 1824 1762 ἱέναι,

164 1787 254 1841 καὶ
315 1786 491 1847 οὕτως
523 1785 714 1856 ἐκείνῳ
764 1784 992 1838 συνόντα
1042 1784 1167 1858 ῥᾷον
1225 1789 1343 1846 καθ’
1402 1781 1527 1837 ὁδὸν
1585 1783 1825 1838 ἐκπεσεῖν

168 1875 245 1936 εἰς
277 1880 468 1948 χεῖρας
503 1871 748 1933 ἐκείνοις.
801 1871 851 1925 εἴ
901 1871 1061 1942 μόνον
1113 1874 1390 1945 Τοχαροις
1440 1871 1664 1942 συνεξίοι
1719 1874 1830 1943 ἅμα
1864 1896 1907 1960 Β

173 1965 568 2035 Κωνσταντίνῳ
621 1963 754 2033 μετᾶ
803 1960 1148 2035 Βουλγάρων.
1198 1963 1298 2016 Καὶ
1358 1961 1407 2014 εἷ’
1461 1962 1553 2033 μὲν
1591 1961 1708 2031 ἀλῶ
1739 1963 1826 2015 καὶ

169 2052 328 2114 αὐτὸς
379 2051 673 2125 βασιλεὺς,
725 2052 778 2104 εὖ
827 2050 960 2104 εἶναι
1008 2056 1122 2111 τοῖς
1175 2049 1634 2121 ἐπιθησομένοις’
1687 2051 1732 2103 εἰ
1784 2049 1830 2103 δ’

171 2145 289 2210 οὖν,
339 2141 488 2196 ἀλλὰ
537 2141 685 2196 λείαν
719 2137 1192 2216 περιϐαλομένους
1233 2138 1492 2209 πλείστην
1540 2139 1694 2209 ὅσην,
1751 2137 1829 2194 ἔτι

172 2230 228 2286 δὲ
279 2233 364 2285 καὶ
412 2236 520 2285 τῶν
569 2235 666 2284 τοῦ
715 2228 981 2303 βασιλέως
1012 2227 1197 2284 πολλᾶ
1243 2224 1508 2290 λαϐόντας
1543 2228 1833 2297 ἐπαναζευ-

172 2430 507 2497 manifesto,
528 2427 765 2500 pernice
797 2427 1035 2498 publica
1068 2426 1334 2496 patravit.
1371 2425 1472 2480 Hic
1523 2432 1832 2497 postquam

183 2520 282 2574 diu
319 2519 476 2589 apud
530 2514 1104 2586 Constantinopolim
1145 2515 1387 2569 taediosa
1433 2515 1838 2570 contabuisset

185 2625 370 2673 mora,
406 2607 464 2660 in
515 2605 639 2660 dies
696 2609 1037 2675 exspectans
1078 2604 1277 2658 reduci
1336 2619 1396 2657 se
1440 2620 1575 2658 cum
1623 2620 1836 2675 magno

188 2697 449 2753 exercitu
509 2695 569 2749 in
628 2693 947 2760 Persidem,
1000 2692 1100 2747 ubi
1153 2709 1288 2764 spes
1337 2693 1463 2760 ejus
1515 2692 1593 2747 rei
1644 2693 1836 2748 omnis

188 2785 480 2841 exstincta
507 2783 621 2854 ipsi
657 2782 924 2837 funditus
955 2786 1065 2850 est,
1099 2787 1223 2836 tum
1258 2781 1433 2852 longa
1474 2781 1837 2836 inﬁnitarum

196 2875 645 2930 frustrationem
684 2872 1061 2943 experientia,
1104 2875 1227 2926 tum
1264 2871 1511 2926 maxime
1543 2873 1695 2943 quod
1726 2889 1840 2927 non

189 2966 490 3037 ignoraret
539 2963 640 3033 qui
699 2978 831 3015 cum
891 2961 1015 3016 suis
1066 2959 1337 3014 hostibus
1370 2961 1518 3015 clam
1572 2965 1844 3015 tractaret

189 3055 532 3124 imperator,
567 3057 626 3106 et
682 3051 872 3104 fcsdus
921 3051 992 3103 ab
1033 3065 1099 3104 eo
1150 3049 1328 3103 ictum
1385 3066 1518 3104 cum
1569 3053 1842 3121 Apagane

188 3147 560 3214 compertum
594 3141 857 3208 haberet,
889 3141 1045 3194 unde
1084 3139 1231 3193 satis
1281 3139 1569 3194 intellexit
1617 3140 1842 3196 nullam

191 3232 307 3287 sibi
340 3229 626 3286 redeundi
660 3244 916 3299 unquam
967 3227 1222 3298 amplius
1255 3229 1326 3282 ad
1363 3228 1646 3283 amissum
1681 3231 1843 3300 prin-

189 3323 454 3393 cipatum
519 3319 803 3390 reliquam
851 3333 981 3373 esse
1015 3319 1292 3372 ﬁduciam
1352 3319 1584 3388 debere,
1633 3325 1841 3374 nactus

188 3411 628 3466 accomodatam
664 3408 786 3462 suis
843 3407 1171 3462 rationibus
1202 3408 1594 3472 occasionem,
1626 3409 1838 3462 absen-

189 3502 333 3556 tiam
366 3499 762 3570 imperatoris,
798 3496 1012 3569 allegat
1047 3497 1224 3551 ﬁdum
1257 3497 1366 3552 sibi
1415 3497 1709 3552 hominem
1769 3499 1840 3552 ad

191 3589 511 3662 quemdam
531 3605 560 3643 e
586 3586 852 3658 cognatis
883 3586 942 3640 in
977 3587 1411 3656 septentrionali
1439 3586 1643 3640 Euxini
1681 3587 1843 3641 Ponti

193 3683 388 3732 tractu
423 3679 864 3747 praepotentem,
889 3691 1064 3729 orans
1093 3681 1158 3729 ut
1187 3675 1300 3728 sibi
1345 3675 1681 3728 subveniret
1703 3675 1846 3728 citra

194 3768 419 3823 ferrum
452 3771 510 3820 et
540 3763 773 3818 vincula
804 3763 1073 3818 custodia
1105 3764 1340 3817 detento
1391 3764 1463 3817 ab
1498 3763 1845 3834 imperatore

195 3855 387 3911 amico
423 3855 481 3909 in
516 3853 791 3926 speciem,
825 3869 1024 3907 revera
1055 3852 1205 3906 nihil
1237 3853 1308 3906 ab
1333 3852 1498 3907 hoste
1521 3853 1843 3908 diﬁ‘erente.

194 3952 376 4001 Posse
407 3945 561 4000 enim
586 3943 754 3998 illum
776 3941 965 4006 facile,
985 3943 1032 3996 si
1051 3941 1250 4009 vellet,
1279 3942 1545 3996 auxiliari
1571 3943 1681 3996 sibi
1708 3959 1848 4014 opes

191 4052 330 4092 cum
389 4034 775 4088 Constantino
836 4033 1266 4102 conjungendo,
1319 4037 1375 4085 et
1428 4032 1584 4085 hunc
1642 4039 1848 4102 sponte

189 4128 532 4180 currentem
575 4121 873 4175 incitando
916 4121 986 4174 ad
1041 4121 1384 4174 irruendum
1418 4121 1734 4190 improviso
1792 4122 1848 4174 in

189 4217 635 4284 imperatorem.
673 4211 810 4266 Sese
838 4210 1028 4280 ipsum
1065 4211 1180 4278 iam
1223 4209 1279 4262 id
1307 4225 1498 4279 agere,
1532 4226 1596 4263 ac
1645 4226 1852 4264 conse-

186 4311 471 4362 cuturum
504 4318 757 4374 sperare,
794 4306 858 4356 ut
889 4301 1049 4355 adire
1079 4299 1492 4370 imperatorem
1523 4301 1634 4355 sibi
1661 4302 1852 4370 liceat,

189 4412 259 4450 eo
293 4391 544 4448 consilio
578 4397 642 4445 ut
674 4405 932 4463 praesens
963 4405 1096 4444 eum
1132 4387 1579 4444 dissimulanter
1604 4389 1660 4443 in
1693 4407 1856 4461 para-

191 4490 288 4538 tas
355 4498 458 4554 per
501 4482 648 4536 viam
692 4480 940 4535 insidias
995 4479 1335 4550 praacipitet.
1372 4479 1576 4533 Venire
1626 4485 1854 4534 tantum

191 4579 252 4628 et
305 4573 555 4627 eductos
628 4585 828 4625 secum
891 4568 1188 4624 Tochoros
1269 4585 1402 4624 cum
1476 4569 1858 4624 Constantino

198 4661 593 4733 Bulgarisque
622 4659 681 4713 in
705 4675 1081 4714 communem
1108 4657 1538 4728 expeditionem
1565 4659 1850 4726 traheret;

195 4769 263 4808 ac
301 4752 349 4806 si
385 4749 651 4821 quidem,
683 4749 838 4817 quod
866 4763 1112 4818 pronum
1147 4752 1383 4816 speratu
1411 4746 1737 4810 videbatur,
1764 4765 1857 4802 ca-

197 4845 444 4915 peretur
476 4841 820 4910 imperator,
856 4837 1024 4892 facile
1056 4851 1335 4907 apparere
1382 4841 1671 4906 quantum
1704 4838 1857 4893 230

198 4932 337 4986 inde
368 4931 659 4984 bonorum
694 4928 753 4981 in
787 4927 948 4997 ipsos
972 4925 1439 4981 redundaturum
1465 4930 1656 4980 esset:
1686 4927 1776 4981 sin
1801 4928 1856 4982 id

196 5039 315 5077 non
367 5018 740 5084 succederet,
802 5020 956 5070 certe
1009 5032 1123 5069 non
1187 5029 1359 5085 posse
1410 5014 1664 5068 dubitari
1715 5017 1857 5087 quin

195 5108 664 5183 quaestuossima
693 5105 802 5177 ipsi
841 5105 989 5160 foret
1028 5103 1141 5158 ista
1183 5103 1414 5173 militia,
1448 5103 1651 5174 utique
1684 5106 1860 5160 redu-

195 5207 366 5257 cturo
420 5215 490 5253 ex
537 5213 604 5252 ea
656 5196 854 5267 copias
913 5199 1154 5248 onustas
1214 5193 1412 5263 opima
1456 5195 1666 5263 praeda,
1726 5211 1857 5250 cum

192 5290 452 5346 aliarum
486 5285 681 5341 omnis
729 5283 962 5356 generis
1014 5298 1230 5351 rerum,
1265 5287 1389 5336 tum
1435 5288 1760 5353 apparatus
1795 5301 1860 5339 ac

194 5375 590 5451 supellectilis
623 5361 1038 5445 imperatorias,
1073 5389 1142 5426 ex
1172 5370 1387 5442 quibus
1429 5371 1690 5441 excipere
1743 5374 1858 5429 sibi

193 5465 760 5541 praestantissimum
784 5463 1041 5534 quidque
1071 5467 1287 5533 posset,
1314 5465 1371 5515 et
1404 5460 1597 5531 ipsum
1619 5478 1866 5519 consan-

194 5559 481 5630 guineum
503 5553 828 5624 supplicem
851 5551 1091 5622 indigna
1114 5549 1390 5604 custodia
1413 5556 1679 5621 ereptum
1706 5553 1866 5610 inco-

194 5650 402 5704 lumen
436 5661 503 5700 ac
553 5644 807 5698 liberum
865 5657 1000 5695 cum
1057 5639 1331 5711 pretiosis
1373 5638 1576 5710 spoliis
1621 5644 1863 5700 domum

197 5736 486 5808 recipere.
543 5731 909 5789 Meminisset
967 5728 1182 5801 prioris
1227 5745 1347 5784 sue
1393 5727 1612 5799 gloriae,
1664 5746 1732 5787 ex
1758 5750 1872 5804 qua

1931 627 2248 700 ἀγομένους.
2308 634 2628 704 Μεμνῆσθαί
2687 657 2743 690 τε
2802 639 3106 712 συγγενείας
3165 641 3427 714 προτέρας
3483 646 3572 699 καὶ

1932 712 2110 783 δόξης.
2163 719 2256 773 Καὶ
2317 719 2367 773 εἶ’
2425 723 2499 793 μὴ
2535 721 2603 775 δι’
2632 723 2794 800 ἄμφω
2838 726 2926 779 καὶ
2959 728 3032 790 ὡς
3064 737 3293 802 συγγενῆ
3326 712 3571 786 σπεύδειν

1931 804 2020 856 καὶ
2075 805 2148 867 ὡς
2205 806 2497 875 ἐλπίζοντα
2557 809 2991 884 μεταλαμϐάνειν
3048 816 3212 869 πάλιν
3266 819 3331 872 τά
3405 820 3575 890 μείζω

1933 892 2161 966 θερῥεῖν,
2223 895 2347 950 ἀλλ’
2405 899 2496 950 οὖν
2547 897 2617 953 δι’
2645 898 2698 953 ἓν
2752 901 2957 956 τούτων
3021 903 3164 975 ἄξιον
3211 909 3577 980 συμπράττειν

1933 981 2158 1050 οἴεσθαι,
2209 987 2242 1054 ἢ
2299 986 2373 1046 ὡς
2414 995 2656 1062 συγγενεῖ
2708 989 3007 1062 βοηθοῦντα
3048 993 3080 1060 ἢ
3136 996 3210 1055 ὡς
3243 993 3422 1050 εἰδότα
3451 1019 3577 1053 κατ-

1932 1070 2182 1126 ελεοῦντα
2217 1116 2228 1129 .
2283 1079 2454 1128 Ταῦτα
2511 1074 2767 1146 δηλώσας
2815 1085 2893 1150 τῷ
2943 1081 3068 1153 θείῳ
3125 1080 3171 1135 δ’
3228 1084 3576 1159 ἀπορῥήτων,

1931 1161 1996 1212 τά
2046 1162 2206 1214 πιστά
2257 1159 2439 1216 λαϐὼν
2491 1164 2688 1220 ἐκεῖθεν
2743 1165 2832 1221 διὰ
2884 1171 3226 1242 γραμμάτων
3283 1195 3576 1248 προσεποι-

1933 1255 2041 1302 εῖτο
2101 1249 2290 1324 ἐφετήν
2349 1252 2480 1306 εἶναι
2541 1255 2591 1307 οἱ
2657 1257 2754 1322 τὴν
2815 1257 3082 1330 βασιλέως
3111 1259 3577 1338 θέαν,καὶγράμ-

1937 1359 2095 1409 μασιν
2118 1337 2325 1408 ἐδήλου
2367 1346 2445 1411 τῷ
2502 1342 2734 1415 βασιλεί,
2783 1346 2870 1398 καὶ
2922 1347 3152 1401 ἱκέτευεν
3202 1349 3402 1426 ἐφεῖναι
3442 1337 3579 1427 παρ’

1934 1424 2134 1479 ἐκεῖνον
2213 1430 2492 1501 γενέσθαι·
2577 1430 2706 1486 οὐδὲ
2761 1435 2861 1508 γὰρ
2923 1435 3114 1489 ἀνεκτά
3174 1424 3248 1490 οἱτ
3303 1441 3433 1493 εἶναι
3492 1424 3579 1496 ἐπὶ

1933 1520 2189 1569 τοσοῦτον
2246 1516 2557 1591 ἐστερῆσθαι
2615 1528 2716 1588 τῆς
2773 1520 3062 1594 βασιλικῆς
3094 1522 3288 1597 ὅψεως.
3342 1529 3400 1584 Εἰ
3452 1535 3579 1604 γοῦν

1935 1605 2284 1676 προστάσσοι·
2349 1606 2395 1659 εἰ·
2448 1605 2493 1660 δ’
2552 1607 2665 1675 οὖν,
2729 1609 2854 1664 ἁ)λ’
2912 1613 3073 1665 αὐτὸν
3125 1615 3350 1682 ἥξεικαὶ
3387 1619 3578 1687 οὕτως,

1937 1692 2047 1746 ἐπεὶ
2108 1694 2275 1757 πόθθς
2335 1695 2533 1770 ἐπείγει
2591 1699 2676 1751 καὶ
2732 1706 3012 1772 τυραννεῖ.
3070 1705 3250 1757 Ταῦτα
3312 1708 3492 1776 μαθὼν
3553 1709 3579 1760 ὁ

1941 1780 2216 1854 βασιλεὺς,
2270 1785 2375 1852 (καὶ
2426 1790 2530 1838 που
2577 1786 2678 1860 γάρ
2723 1789 2814 1840 τὸν
2867 1784 3029 1842 δόλον
3074 1791 3216 1864 εἶχεν
3271 1793 3580 1866 ὑπονοεῖν;)

1939 1865 2026 1922 διὰ
2093 1871 2428 1942 γραμμάτιον
2511 1875 2590 1945 [Ρ.
2653 1877 2777 1945 154]
2839 1874 3050 1950 ἐφίησιν
3119 1879 3400 1952 ἀφικέσθαι
3457 1885 3581 1955 παρ’

1938 1957 2174 2011 ἐκεῖνον·
2232 1959 2363 2013 ἰδεῖν
2421 1962 2520 2035 γάρ
2578 1964 2666 2016 καὶ
2721 1962 2968 2024 δυτικους
3021 1967 3220 2028 τόπους
3280 1972 3584 2044 ἐγγενέσθαι

1940 2048 2013 2111 οἰ,
2070 2046 2159 2108 οὒς
2209 2049 2310 2102 οὐκ
2365 2051 2432 2117 ἦν
2487 2053 2612 2123 ὸρᾷν
2656 2054 2772 2106 κατ’
2799 2052 3064 2116 ἀνατολάς
3095 2053 3362 2129 διάγοντα.
3397 2061 3457 2114 Ὀ
3491 2062 3584 2131 μὲν

1941 2135 2031 2189 οὖν
2105 2137 2338 2192 σουλτάν
2421 2137 2758 2213 ἐκχωρηθεῖς
2838 2143 2933 2210 τὴν
3019 2140 3198 2212 ἔξοδον
3269 2144 3582 2222 ἐπετάχυνε,

1939 2225 2028 2280 καὶ
2085 2226 2298 2295 πλῆθος
2349 2232 2651 2301 χρημάτων
2710 2231 2884 2306 ἀφεὶς,
2944 2226 3019 2284 ἔτι
3081 2230 3136 2286 δὲ
3183 2235 3271 2288 καὶ
3331 2243 3589 2309 γυναῖκας

1942 2425 2216 2480 felicitate
2248 2427 2305 2481 in
2339 2443 2513 2498 quam
2553 2430 2848 2484 miseriam
2883 2436 3008 2486 tam
3053 2437 3178 2486 arta
3221 2433 3331 2503 ipsi
3373 2451 3588 2505 cogna-

1948 2516 2124 2570 tionis
2159 2517 2592 2572 necessitudine
2616 2520 2920 2574 devinctus
2945 2521 3218 2592 princeps
3251 2523 3591 2588 decidisset,

1946 2611 2225 2674 reputans
2261 2607 2591 2660 miseretur.
2627 2609 2842 2672 Quodsi
2877 2609 2996 2663 hisc
3030 2626 3234 2679 parum
3297 2618 3595 2667 moverent

1947 2695 2016 2747 ad
2037 2694 2373 2749 audendum
2390 2697 2541 2766 quod
2562 2698 3016 2764 suadebatur,ac
3037 2699 3289 2754 fructum
3313 2702 3596 2770 cogitaret

1948 2781 2083 2836 inde
2116 2783 2224 2853 ipsi
2259 2791 2673 2854 proventurum
2726 2787 2962 2841 uberem
2995 2789 3082 2842 vel
3138 2805 3415 2845 successu
3460 2790 3594 2845 belli

1947 2870 2178 2926 lucroso
2214 2873 2582 2946 praemiisque
2610 2875 2886 2945 victoriis,
2918 2876 3003 2931 vel
3037 2893 3070 2931 a
3100 2878 3336 2948 propria
3355 2880 3596 2949 gratitu-

1951 2961 2085 3015 dine
2116 2962 2203 3014 sui
2233 2962 2440 3032 ipsius,
2475 2968 2782 3034 postquam
2815 2982 2943 3020 sese
2984 2965 3042 3019 in
3077 2972 3297 3021 statum
3347 2968 3592 3022 fortuna

1953 3050 2265 3120 pristinum
2322 3052 2664 3120 reposuerit,
2713 3054 2910 3108 omnia
2968 3056 3264 3110 liberatori
3317 3057 3593 3113 deliituri.

1953 3138 2080 3192 Haec
2131 3140 2177 3194 si
2227 3140 2562 3195 viderentur
2607 3141 2835 3198 inﬁrma
2893 3142 3147 3216 singula,
3187 3144 3362 3199 simul
3399 3150 3595 3200 tamen

1872 3260 1914 3326 Ο
1953 3229 2264 3298 conjuncta
2293 3229 2492 3283 omnia
2521 3232 2634 3284 vim
2671 3231 2880 3286 habere
2910 3231 3226 3287 maximam
3260 3234 3415 3305 apud
3467 3235 3595 3302 ejus

1953 3317 2216 3372 animum
2253 3335 2353 3389 par
2384 3334 2531 3374 esse.
2556 3321 2767 3399 _Ageret
2809 3320 3008 3391 igitur,
3031 3326 3086 3376 et
3117 3323 3201 3376 vel
3235 3324 3594 3393 consangui-

1955 3406 2156 3462 nitatis
2182 3413 2445 3478 respectu
2471 3408 2686 3463 auxilio
2709 3409 3042 3473 veniret,vel
3068 3426 3188 3465 sua
3210 3411 3594 3476 infelicitatis,

1953 3513 2128 3565 quam
2160 3495 2270 3566 ipsi
2304 3497 2812 3567 aperiret,'notitia
2841 3497 3083 3570 indigna
3115 3499 3395 3555 ferentem
3422 3502 3598 3556 mise-

1956 3591 2199 3639 raretur.
2250 3587 2351 3641 His
2385 3603 2598 3642 arcano
2649 3587 2928 3658 expositis
2986 3594 3220 3659 patruo,
3269 3589 3601 3661 litterisque

1956 3675 2145 3746 ipsius
2179 3678 2402 3730 mutuis
2451 3693 2697 3731 assensu
2741 3676 2928 3747 ipsius
2971 3677 3200 3749 ﬁdeque
3231 3684 3485 3750 accepta,
3522 3679 3601 3734 si-

1962 3764 2204 3820 mulavit
2226 3765 2556 3821 desiderate
2588 3782 2649 3821 se
2675 3768 2954 3837 majorem
2980 3767 3038 3821 in
3067 3769 3306 3823 modum
3331 3785 3605 3840 conspec-

1961 3862 2080 3908 tum
2111 3854 2498 3925 imperatoris,
2533 3856 2589 3909 in
2623 3872 2871 3927 eamque
2903 3857 3253 3912 sententiam
3313 3860 3380 3912 ad
3415 3857 3604 3929 impe-

1964 3948 2215 3998 ratorem
2251 3943 2508 4014 scripsit,
2543 3960 2718 3999 orans
2753 3945 2928 3999 etiam
2971 3950 3140 4016 atque
3190 3946 3362 4000 ctiam
3397 3951 3460 4001 ut
3491 3947 3605 4000 sibi

1965 4033 2330 4103 permitteret
2365 4033 2558 4102 ipsum
2603 4033 3158 4103 adire.Nequeenim
3185 4033 3295 4088 sibi
3312 4034 3618 4090 tolerabile

1966 4121 2144 4176 videri
2181 4126 2344 4175 tanto
2368 4122 2494 4189 jam
2531 4128 2790 4190 tempore
2819 4139 2928 4177 usu
2963 4138 3028 4176 ac
3060 4123 3188 4176 visu
3223 4122 3437 4192 privari
3471 4124 3608 4178 cha-

1967 4209 2186 4264 rissimi
2215 4217 2390 4281 atque
2419 4210 2864 4266 honoratissimi
2896 4210 3005 4266 sibi
3052 4212 3332 4282 principis
3363 4229 3374 4266 :
3404 4214 3612 4279 jubere

1968 4299 2147 4370 igitur
2178 4300 2616 4370 quamprimum
2643 4300 2984 4371 dignaretur
3014 4317 3075 4355 se
3098 4302 3327 4367 venire;
3369 4302 3458 4356 sin
3483 4317 3616 4373 gra-

1969 4388 2178 4442 tiﬁcari
2210 4387 2316 4442 hoc
2349 4389 2459 4443 sibi
2512 4389 2788 4453 ditl‘erret,
2831 4390 3010 4444 sciret
3040 4395 3206 4445 tanta
3235 4407 3297 4446 se
3348 4391 3437 4446 uri
3490 4393 3622 4462 ejus

1969 4494 2164 4531 coram
2210 4477 2472 4532 intuendi
2503 4478 2848 4548 cupiditate,
2885 4484 2948 4533 ut
2992 4479 3086 4534 vix
3135 4479 3246 4534 sibi
3295 4483 3622 4551 temperare

1974 4572 2225 4637 posseta
2254 4567 2610 4636 profectione
2645 4567 3050 4635 istucinjussu
3096 4569 3377 4622 tentanda
3411 4589 3424 4635 ;
3461 4570 3615 4639 quod

1892 4638 1938 4701 D
1971 4657 2020 4710 si
2056 4656 2512 4726 faceretignosci
2546 4674 2776 4726 aequum
2808 4657 3320 4728 fore.tyrannicam
3351 4674 3478 4712 esse
3502 4659 3617 4712 vim

1972 4745 2272 4811 desiderii,
2315 4751 2370 4798 et
2399 4761 2705 4816 erumpere
2765 4745 3112 4817 plerumque
3170 4748 3320 4801 ultra
3374 4747 3621 4802 rationis

1972 4839 2146 4906 atque
2170 4834 2413 4889 humani
2445 4835 2670 4889 arbitrii
2707 4835 3046 4906 praescripta
3076 4837 3303 4891 frenum
3335 4835 3623 4891 eluctatos

1971 4926 2100 4994 ejus
2123 4924 2399 4994 impetus.
2434 4923 2534 4978 His
2551 4924 2869 4996 imperator
2884 4925 3156 4996 acceptis,
3185 4941 3287 4980 nec
3303 4925 3622 4996 quidquam

1972 5016 2042 5070 de
2076 5014 2322 5069 occultis
2356 5030 2502 5084 quas
2531 5014 2787 5070 diximus
2803 5014 3340 5070 machinationibus
3365 5017 3625 5086 suspica-

1975 5110 2094 5171 tus,
2128 5104 2426 5176 rescripsit
2459 5105 2797 5160 humaniter
2827 5105 3142 5177 indulgens
3193 5104 3410 5160 sultani
3468 5105 3625 5178 quod

1976 5195 2232 5267 petebat,
2267 5195 2420 5249 ultro
2454 5195 2596 5265 quin
2638 5196 2814 5249 etiam
2867 5195 3119 5250 invitans
3149 5195 3221 5249 ad
3257 5195 3624 5250 occasionem

1980 5285 2389 5356 usurpandam
2421 5283 2647 5338 visendi
2707 5284 3032 5354 provincias
3063 5289 3119 5339 et
3177 5284 3352 5337 urbes
3387 5282 3631 5337 Occidui

1980 5378 2224 5438 tractus,
2263 5389 2510 5444 quarum
2552 5389 2854 5444 nunquam
2880 5373 3189 5436 hactenus,
3225 5372 3442 5444 quippe
3471 5388 3629 5426 sem-

1980 5479 2080 5535 per
2111 5467 2371 5518 moratus
2403 5461 2459 5515 in
2507 5461 2765 5529 Oriente,
2825 5479 3018 5517 coram
3071 5467 3128 5516 et
3179 5479 3288 5516 usu
3355 5460 3631 5532 praesenti

1979 5552 2519 5624 cognoscendarum
2547 5551 2713 5623 c0pia
2737 5551 2848 5623 ipsi
2875 5551 3374 5623 contigisset.Non
3401 5550 3632 5604 distulit

1978 5642 2176 5699 sultan
2225 5657 2504 5697 concessa
2558 5643 2703 5697 231
2772 5642 2852 5696 uti
2905 5641 3203 5709 facultate,
3256 5641 3356 5695 sed
3408 5640 3632 5704 statim,

1982 5731 2245 5806 pecunia:
2270 5747 2485 5803 magna
2517 5732 2570 5786 vi
2614 5747 2912 5803 opumque
2943 5735 3308 5798 ceterarum,
3358 5729 3640 5785 uxoribus
