4188 6442
662 404 773 460 675
1967 400 2268 460 GEORGII
2305 405 2316 459 1

2417 404 2769 461 summa:
3251 429 3257 433 ι
3964 405 4071 460 6⁸76

659 529 745 581 καὶ
779 526 937 581 τέκνα
965 525 1052 581 καὶ
1106 524 1346 602 ἀδελφὴν
1397 526 1485 579 καὶ
1538 525 1765 600 μητέρα,
1814 525 1876 578 τὸ
1929 525 2021 597 μὲν
2069 524 2307 580 ἐπιλύων
2340 533 2393 598 Α
2427 528 2589 582 Ταῦτ’
2644 525 2743 600 ἄρα
2793 530 2881 582 καὶ
2930 529 3042 599 ἅμα
3076 530 3169 600 μὲν
3218 529 3245 582 ὁ
3298 527 3548 604 βασιλεὺς
3595 528 3730 603 πρὸς
3776 530 3876 598 τὴν
3910 528 4074 583 πόλιν

659 618 757 685 τήν
791 614 1046 687 ὑποψίαν,
1097 616 1158 668 τὸ
1202 612 1258 668 δὲ
1306 614 1491 667 καὶτὰ
1539 611 1793 685 ἐμποδὼν
1851 615 2140 685 ὑποτεμεῖν
2194 612 2313 689 ἄριο
2424 615 2490 668 τὰ
2519 618 2654 670 κατά
2684 613 2834 671 δύσιν
2881 617 3180 692 περιελθὼν
3223 615 3443 672 ἐνέτεινε
3487 617 3584 679 τὰς
3633 616 3812 688 ὁδοὺς,
3865 619 3980 689 ἅμα
4030 616 4076 672 δ’

663 728 784 763 στον
833 704 1014 780 γνοὺς,
1074 701 1232 775 ἔξεισι
1263 703 1352 756 σὺν
1395 708 1510 763 τοῖς
1545 702 1765 763 οἰκείοις
1794 709 1891 771 τῆς
1939 702 2175 769 πόλεως,
2223 703 2314 757 καὶ
2424 703 2619 758 ἐκεῖνοι
2696 703 2947 782 ἐξαίφνης
3022 703 3460 780 καταδραμόντες
3532 704 3622 760 σὺν
3682 708 4074 778 Κωνσταντίνῳ

658 789 982 850 καταλαϐεῖν
1033 795 1123 847 τὸν
1183 790 1407 866 βασιλέα
1456 791 1731 865 ἠπείγετο.
1792 797 1844 844 Ὁ
1892 788 1948 845 δέ
2007 813 2069 864 γε
2129 791 2315 865 ῥηθεὶς
2424 793 2516 852 τὰς
2574 790 2888 867 δυσχωρίας
2939 798 3036 846 τοῦ
3092 792 3270 866 Αἵμου
3320 791 3686 855 διεκπαίοντες
3743 795 4072 866 παμπληθεῖ

659 888 801 946 Οεῖος
850 883 1056 938 ἐκείνου
1087 883 1233 953 παρά
1260 881 1349 935 τὸν
1405 879 1628 954 βασιλέα
1662 878 1990 954 Βουλγάρων
2026 884 2308 936 Κώνσταν·
2423 887 2665 958 φανερῶς
2723 880 3241 957 ἐστρατοπεδεύοντο
3277 925 3290 939 .
3353 884 3469 939 Οὐκ
3524 884 3589 950 ἦν
3652 881 3707 937 δὲ
3764 883 3984 947 τούτοις
4036 887 4068 953 ἡ

652 980 799 1028 τῖνον
851 973 1113 1047 γεγονὼς,
1171 972 1205 1038 ἢ
1272 969 1481 1042 μᾶλλον
1536 971 1635 1036 τήν
1692 969 1900 1024 ἐκείνου
1933 970 2184 1044 σύζυγον,
2217 970 2309 1034 τὰς
2419 971 2661 1041 σύνταξις
2711 971 2805 1043 μία
2835 971 2923 1025 καὶ
2976 970 3056 1048 ἐφ’
3087 971 3161 1025 ἐνὶ
3219 972 3371 1043 τὸπῳ
3422 975 3676 1047 κυροῦσα,
3709 972 3834 1026 ἀλλ’
3867 972 4071 1048 ἀγελη-

653 1064 789 1116 κατα
867 1059 1136 1136 βασιλέως
1228 1061 1502 1128 ὑποθήκας
1587 1057 1886 1132 προτείνων
1968 1058 2056 1112 καὶ
2133 1057 2304 1112 παλαι
2419 1058 2507 1113 δὸν
2569 1061 2684 1114 κατ’
2739 1060 3010 1133 εὐλαμοὺς
3069 1058 3474 1128 ἐσκεδάννυντο,
3530 1062 3619 1114 καὶ
3669 1062 3807 1115 κατᾶ
3860 1062 4070 1136 λόχους

652 1150 1188 1223 παρακεκινημένους
1241 1144 1416 1202 ἔπειθε
1451 1190 1462 1202 .
1517 1147 1614 1200 Καὶ
1665 1145 1730 1214 δὴ
1791 1146 2011 1220 πέμψας
2076 1168 2304 1219 μετακα-
2417 1152 2529 1221 ἅμα
2556 1155 2674 1213 τοῖς
2701 1148 2893 1211 ἄλλοις
2926 1145 3328 1222 προσέϐαλλον,
3361 1151 3446 1203 καὶ
3479 1147 3625 1203 δεινά
3668 1149 3915 1218 ἐποίουν,
3949 1172 4073 1205 σκυ-

655 1242 829 1295 λεῖται
878 1237 1094 1307 πλῆθος
1138 1237 1405 1311 Τοχάρων
1457 1237 1531 1297 ὡς
1575 1233 1965 1308 κερδανοῦντας
2004 1235 2215 1305 αὐτίκα,
2261 1236 2303 1289 εί
2416 1236 2682 1305 λεύοντες,
2736 1237 3090 1313 σφάττοντες,
3139 1238 3522 1311 ἀπαγόμενοι,
3576 1236 3729 1292 οὐδὲν
3789 1241 3817 1292 ’ὀ
3877 1260 3929 1292 τι
3993 1241 4068 1310 μή

656 1329 910 1398 ἐπεξίοιεν
963 1329 1056 1399 ἅμ’
1110 1326 1256 1397 αὐτῷ
1287 1325 1376 1380 καὶ
1406 1324 1760 1398 Βουλγάροις.
1811 1327 1876 1382 Οἱ
1909 1323 2081 1379 δὲκαὶ
2115 1323 2303 1387 ἄλλως
2413 1328 2740 1399 πράττοντες
2793 1332 2900 1381 τῶν
2960 1331 3158 1381 κακῶν·
3212 1328 3272 1383 Ὀ
3335 1326 3518 1398 μέντοι
3576 1348 3637 1401 γε
3685 1326 3946 1402 βασιλεὺς
4007 1330 4074 1381 τὰ

653 1421 867 1487 πλῆθος
911 1412 1059 1478 ὄντες
1110 1416 1416 1487 αὐτόνομον
1471 1411 1546 1468 ἔτι
1599 1411 1776 1487 (οῧπω
1824 1415 1924 1488 γὰρ
1975 1414 2176 1475 τελέως
2224 1419 2302 1486 τῷ
2411 1418 2524 1469 κατ’
2570 1415 2767 1477 αὐτοὺς
2800 1417 2875 1478 ὡς
2920 1415 3064 1479 εἰκὸς
3111 1415 3344 1477 ἀκούσας
3397 1413 3545 1486 (οὐδὲ
3595 1418 3697 1490 γὰρ
3752 1416 3929 1490 λάθρα
3981 1418 4072 1470 καὶ

651 1510 803 1580 Νογᾷ
845 1508 963 1569 καθ’
1015 1505 1291 1574 ὑπηκόους
1327 1503 1716 1579 ὑποτετάχατο·
1753 1505 1780 1556 ὁ
1834 1505 1936 1578 γὰρ
1976 1505 2154 1578 Νογᾶς
2179 1503 2301 1558 τότε
2408 1504 2837 1580 πεφυλαγμένως
2893 1506 2990 1568 τὰς
3050 1500 3301 1568 εἷσϐολὰς
3351 1504 3659 1570 ἐποιοῦντο,
3706 1504 3851 1559 ἀλλὰ
3911 1504 4068 1571 δίκην

650 1596 883 1668 πρώτως
929 1595 1250 1648 ἀποστατεῖν
1298 1598 1404 1647 τῶν
1457 1593 1731 1647 δεσποτῶν
1778 1590 1984 1666 ἤρχετο
2026 1594 2114 1646 καὶ
2144 1592 2302 1668 φίλος
2409 1595 2576 1668 πυρὸς
2625 1594 2817 1667 ἀγρίου
2868 1591 2955 1647 διὰ
3002 1593 3212 1668 ταχέων
3243 1594 3334 1647 τὸν
3368 1598 3552 1668 χῶρον
3597 1595 3801 1647 ἅπαντα
3832 1591 4068 1665 διελάμ-

649 1686 715 1753 ἦν
747 1685 861 1738 κατ’
920 1682 1112 1744 αὐτοὺς
1175 1683 1225 1737 ἐν
1281 1680 1388 1754 τίσῳ
1446 1680 1669 1757 διᾶγων,
1723 1681 1802 1736 ὅτι
1854 1682 1939 1734 καὶ
1976 1684 2090 1752 μετ’
2122 1683 2299 1736 αὐτῶν
2409 1678 2591 1755 ὄανον)
2625 1726 2638 1750 ,
2697 1682 2791 1743 τὰς
2848 1681 3041 1759 φρένας
3121 1683 3490 1743 κατασεισθεὶς
3549 1683 3749 1756 ἀθρόον
3811 1682 4068 1737 ἐπεισπε-

651 1772 983 1835 ἀποσταλεὶς
1039 1775 1162 1845 παρ’
1224 1771 1440 1825 ἐκείνων
1501 1771 1566 1824 οὐ
1622 1776 1701 1842 τῷ
1763 1772 1930 1843 Κάνῃ,
1991 1771 2064 1832 ὡς
2139 1772 2293 1824 αὐτοὶ
2407 1769 2608 1838 σούσης
2654 1777 2753 1838 τῆς
2811 1772 3026 1844 φήμης,
3088 1770 3140 1824 ἐν
3192 1772 3482 1844 ἀμηχανίᾳ
3537 1772 3766 1825 παντοία
3823 1777 3919 1825 τοῦ
3972 1777 4073 1826 ποῖ

652 1869 826 1940 φαῖεν,
880 1863 974 1924 τὰς
1033 1861 1219 1934 χώρας
1266 1859 1477 1928 ἐκτᾶτο,
1529 1857 1654 1913 ἀλλ’
1704 1859 1974 1933 ἀρετώσας
2006 1855 2134 1911 ἰδὼν
2173 1857 2294 1912 ἐαυο
2330 1858 2667 1963 Βτράποιτο
2725 1859 2813 1927 ἦν.
2873 1856 3011 1914 Οὔτε
3061 1860 3160 1932 γὰρ
3222 1859 3286 1926 ἦν
3345 1857 3613 1932 μάχεσθαι
3646 1860 4068 1931 συνταξάμενον

686 1950 1046 1963 μ...
1234 1948 1247 1963 ς
1462 1946 1966 1963 .....ι.,ρ
2227 1945 2766 1963 ..κει
3065 1945 3240 1963 κερ-
3471 1946 3710 1963 ς..-κ

646 1958 725 2024 τῷ
777 1951 865 2004 συν
939 1950 1162 2010 ἐκείνοις
1230 1948 1619 2025 ἐσφετερίζετο)
1688 1947 1780 2020 ἅμ’
1839 1946 2124 2010 ἀκούοντες
2179 1948 2300 2002 τότε
2333 1945 2377 1963 υ
2409 1949 2463 2002 αἱ
2511 1949 2609 2023 γὰρ
2644 1945 2896 2019 δυνάμεις
2946 1945 3387 2022 προδιελύθησαν
3442 1948 3516 2009 εἰς
3544 1948 3611 2002 τὰ
3662 1946 3792 2016 ἴδια,
3825 1949 3916 2002 καὶ
3954 1947 4071 2018 μετ’

647 2036 926 2107 ἔσπευδον,
980 2037 1132 2108 δίκην
1168 2042 1342 2091 κυνῶν
1392 2038 1593 2112 ἀγαθὰς
1645 2039 1830 2112 χώρας
1876 2037 2296 2111 κατατρωξείονο
2410 2037 2612 2112 ὀλίγων
2648 2036 2849 2098 ἐκεῖνος
2881 2037 2969 2090 καὶ
2999 2040 3106 2090 τῶν
3158 2043 3258 2106 τῆς
3290 2035 3520 2098 αὐλαίας
3566 2038 3730 2091 αὐτοῦ
3780 2037 4069 2106 ἐπανεζεῦ-

644 2151 754 2192 τες.
805 2131 922 2186 Ἔτι
975 2125 1030 2181 δὲ
1075 2128 1162 2182 καὶ
1212 2127 1272 2180 τὸ
1322 2124 1490 2195 κῆδος
1539 2127 1600 2181 τὸ
1649 2127 1782 2200 πρὸς
1825 2131 1997 2200 Νογῖιν
2032 2122 2184 2179 οὔπω
2228 2127 2294 2194 ἦν
2404 2149 2519 2201 γνυ,
2545 2125 2635 2180 καὶ
2668 2124 2854 2187 ἄλλως
2890 2125 2946 2180 δὲ
2995 2125 3260 2200 ἁμάχητα
3310 2126 3448 2198 πρὸς
3495 2127 3798 2198 Ῥωμαίους
3833 2126 3904 2180 τὰ
3956 2132 4068 2181 τῶν

647 2220 952 2286 συνεστὼς,
1011 2215 1142 2290 ὅπερ
1203 2215 1335 2288 μετᾶ
1380 2220 1546 2270 ταῦτα
1610 2215 1698 2269 ἐπὶ
1769 2215 1914 2286 νόθῳ
1961 2214 2182 2289 θυγατρὶ
2225 2219 2293 2288 τῇ
2405 2218 2674 2290 Τοχάρων
2709 2260 2722 2272 .
2781 2213 2920 2271 Οὔτε
2983 2216 3088 2287 μὴν
3149 2215 3358 2291 φεύγειν
3415 2213 3650 2269 εὐώδει·
3716 2216 3907 2287 κύκλῳ
3965 2217 4068 2289 γὰρ

644 2307 960 2386 Εὐφροσύνῃ
1009 2307 1036 2360 ὁ
1091 2309 1300 2380 κρατῶν
1352 2306 1489 2380 πρὸς
1540 2303 1741 2359 ἐκεῖνον
1785 2302 1987 2376 ἔμελλε
2019 2309 2291 2374 συνιστᾷν.
2405 2309 2486 2379 [Ρ.
2521 2307 2641 2379 155]
2676 2303 3018 2382 διειληφότες
3073 2304 3162 2358 καὶ
3210 2304 3563 2379 περισχόντες
3607 2307 3673 2359 τα
3720 2305 4070 2380 ὀχυρώματα

654 2528 930 2598 presteres
960 2523 1282 2596 liberisque
1312 2539 1446 2578 cum
1479 2538 1676 2578 sorore
1709 2540 1773 2578 ac
1805 2527 1991 2579 matre
2021 2527 2303 2579 Constan-
2415 2521 2778 2592 compositis,
2812 2521 2923 2576 iter
2951 2520 3304 2592 capessivit;
3331 2524 3389 2576 et
3417 2521 3503 2576 illi
3536 2522 3607 2576 de
3636 2521 3857 2593 quibus
3913 2523 4071 2577 dixi-

652 2612 896 2685 tinopoli
931 2612 1177 2679 relictis;
1212 2612 1404 2667 itineri
1439 2629 1500 2668 se
1532 2612 1712 2668 dedit.
1739 2613 2064 2668 Tantorum
2097 2613 2304 2683 pigno-
2415 2629 2569 2679 mus,
2595 2610 2815 2682 junctis
2841 2627 2973 2666 cum
3007 2611 3396 2667 Constantino
3428 2612 3636 2682 copiis,
3677 2615 3916 2682 repente
3965 2629 4071 2684 per

646 2720 778 2758 rum
809 2703 890 2757 ibi
929 2702 1422 2757 dimittendorum
1455 2718 1634 2757 causa
1662 2701 1751 2756 illi
1774 2701 1885 2756 fuit
1915 2702 2128 2773 partim
2162 2718 2304 2756 cura
2412 2700 2598 2755 invias
2632 2716 2989 2771 asperasque
3019 2699 3200 2754 Haemi
3233 2699 3494 2755 saltuum
3516 2717 3581 2755 ac
3609 2699 3863 2756 faucium
3883 2717 4070 2770 angu-

646 2793 874 2848 celandi
908 2809 1033 2863 qua:
1067 2793 1351 2862 coquebat
1382 2791 1674 2858 animo,et
1704 2808 1936 2847 omnem
1969 2809 2000 2845 a
2024 2808 2084 2846 se
2104 2791 2299 2862 suspi-
2411 2789 2556 2845 stias
2588 2788 2812 2860 ingenti
2848 2787 3223 2842 multitudine
3239 2788 4068 2859 p0pu1abundierumpentes,

651 2883 880 2938 cionem
916 2881 1256 2949 amoliendi,
1289 2881 1504 2952 partim
1541 2882 1799 2952 prudens
1841 2886 2032 2936 metus
2065 2897 2134 2936 ne
2179 2897 2295 2935 non
2411 2879 2601 2949 palam
2660 2895 2720 2934 se
2767 2878 2964 2933 hostes
3015 2877 3410 2947 declararunt,
3466 2877 3763 2933 castrisin
3801 2882 4072 2932 Romana

650 2972 794 3026 satis
827 2971 1134 3040 expeditus
1183 2975 1339 3025 esset
1397 2971 1467 3024 ad
1502 2985 1570 3024 ea
1621 2987 1746 3042 qua:
1782 2970 2196 3040 meditabatur,
2253 2970 2298 3024 si
2409 2974 2563 3024 terra
2600 2969 2825 3040 positis.
2863 2969 2987 3024 Non
3028 2973 3152 3024 erat
3176 2973 3370 3024 autem
3407 2985 3520 3023 una
3553 2985 3756 3023 eorum
3816 2985 4066 3032 manus,

648 3061 833 3116 tantis
866 3060 1177 3115 charorum
1203 3060 1461 3131 capitum
1483 3059 1792 3115 aﬂ'ectibus
1822 3065 1878 3115 et
1907 3061 2296 3131 pretiosarum
2413 3074 2601 3129 neque
2658 3058 2755 3112 uni
2801 3057 3017 3129 puriter
3068 3074 3271 3112 omnes
3319 3057 3709 3112 imminebant
3757 3056 3906 3111 loco.
3961 3059 4068 3112 sed

654 3151 1023 3206 sarcinarum
1086 3149 1525 3222 impedimentis
1586 3149 2012 3221 implicaretur.
2068 3150 2154 3204 Ita
2203 3147 2298 3204 ille
2409 3146 2696 3217 gregatim
2730 3163 2830 3216 per
2861 3146 3130 3200 cohortes
3162 3144 4067 3215 autmanipulosdispergeban-

646 3256 780 3295 cum
814 3238 1088 3294 familiari
1112 3239 1394 3294 comitatu
1424 3255 1697 3311 egressus
1722 3241 1864 3295 urbe
1889 3240 2296 3310 adimperato-
2328 3281 2368 3311 η
2411 3241 2528 3303 tur,
2561 3241 2616 3290 et
2648 3234 3101 3290 insidiiemullis
3135 3232 3475 3289 simullocis
3512 3233 3671 3288 varie
3717 3233 3925 3304 positis
3945 3251 4064 3288 uno

646 3281 780 3295 νυ...
1112 3281 1394 3294 νυ..........
1425 3281 1697 3311 unum..."
1725 3281 1864 3295 .....,.,
1889 3281 1956 3294 ιη.
1979 3281 2260 3310 Mrs...”
2416 3281 2528 3303 -_.,
2562 3281 2615 3290 ν-
2648 3281 3101 3290 -..-.-..---.-...-
3135 3281 3474 3289 -.-η-.--με
3525 3281 3669 3288 ---η
3718 3281 3924 3304 ,--_----
3948 3281 4061 3288 --η

644 3345 766 3383 rem
793 3327 1385 3384 festinabat.lnterim
1419 3333 1612 3383 autem
1640 3329 1770 3399 ejus
1802 3335 2044 3400 patruus
2076 3329 2298 3399 profec-
2327 3281 2369 3348 Ο
2409 3325 2606 3380 omnia
2637 3331 2898 3395 tempore
2927 3324 3306 3390 infestabant,
3338 3322 3680 3394 spoliantcs,
3711 3327 4063 3390 mactantes,

641 3423 738 3473 tus
771 3418 842 3473 ad
879 3417 1326 3472 Constantinum
1374 3417 1756 3489 Bulgarorum
1791 3434 2008 3489 regem,
2055 3433 2185 3472 cum
2220 3417 2293 3485 ei,
2407 3416 2765 3471 abducentes
2797 3415 3018 3478 obvios,
3054 3413 3280 3468 nullum
3302 3430 3416 3467 non
3445 3412 3664 3484 passim
3690 3413 3942 3467 barbare
3969 3430 4063 3467 ra-

640 3513 763 3562 tum
799 3507 1176 3578 potissimum
1202 3508 1584 3579 ejusconjugi
1609 3507 1853 3562 consilia
1877 3508 1986 3563 sibi
2022 3512 2297 3577 suggesta
2407 3504 2672 3576 pacitalis
2705 3521 2770 3560 ac
2804 3503 3168 3558 crudelitatis
3218 3503 3458 3557 edentes
3516 3500 3874 3573 exemplum.
3931 3501 4061 3555 Non

650 3597 1025 3668 imperatoris
1075 3596 1388 3652 invadendi
1449 3598 1944 3665 communicavit;
1987 3602 2042 3651 et
2103 3596 2294 3662 facile,
2406 3595 2597 3664 potuit
2625 3609 2737 3649 non
2785 3593 2983 3647 statim
3019 3592 3138 3646 hac
3194 3592 3396 3646 audire
3459 3592 3800 3661 imperator,
3851 3589 4062 3660 utique

645 3686 789 3742 olim
804 3686 1074 3741 videlicet
1094 3703 1160 3741 eo
1176 3687 1749 3757 propendentes,quo
1767 3686 1994 3743 volebat
2016 3686 2290 3758 perpulit.
2405 3699 2536 3738 cum
2560 3683 2656 3738 isti
2684 3699 2794 3737 non
2821 3681 3263 3736 dissimulanter
3283 3685 3384 3735 aut
3401 3679 3735 3734 clanculum
3777 3679 3877 3733 has
3903 3695 4068 3750 gras-

645 3777 776 3848 Ipse
809 3775 1013 3830 statim
1045 3776 1218 3831 certis
1252 3774 1593 3831 hominibus
1649 3776 1964 3832 submissis
2013 3792 2291 3846 magnum
2405 3773 2661 3828 sationes
2712 3775 3074 3836 exercerent,
3129 3771 3228 3825 sed
3291 3769 3474 3825 libere
3533 3785 3599 3823 ac
3659 3767 3851 3840 palam
3900 3785 4067 3823 more

649 3866 720 3920 ad
746 3881 808 3920 se
829 3865 1157 3920 Tocharum
1198 3881 1508 3920 numerum
1563 3865 1837 3921 evocavit.
1884 3870 1999 3921 Nec
2058 3864 2295 3920 difﬁcile
2405 3862 2558 3933 ignis
2589 3861 2924 3916 luculenter
2955 3858 3268 3915 emicantis
3302 3864 3358 3913 et
3381 3858 3610 3913 cunctis
3642 3874 3772 3929 quae
3825 3857 3877 3911 vi
3914 3874 4070 3913 szeva

659 3955 772 4009 fuit
799 3955 1074 4026 pellicere
1118 3970 1221 4026 spe
1265 3956 1616 4010 ostentanda
1673 3955 1931 4026 ingentis
1980 3972 2044 4010 ac
2107 3955 2292 4023 parati
2411 3948 2924 4020 comprehenderit
2955 3946 3174 4002 arentis
3207 3942 3365 4001 silvae
3400 3946 3666 4017 partibus
3695 3960 4067 4015 exsuperan-

639 4042 866 4112 lucri,si
906 4044 1204 4114 conjuncti
1236 4043 1503 4115 Bulgaria
1537 4045 1857 4115 pradatum
1911 4045 1969 4098 in
2004 4044 2292 4099 Romano-
2408 4045 2520 4094 tem
2557 4038 2671 4093 alte
2733 4039 3033 4092 flammam
3094 4036 3448 4091 ostentantis
3504 4033 3726 4106 procul.
3779 4034 4066 4089 Ardentis

646 4149 779 4186 rum
825 4137 1013 4186 terras
1068 4133 1312 4186 exirent.
1369 4132 1698 4187 'l'ocharum
1761 4149 2078 4188 numerosa
2150 4149 2292 4203 gens
2404 4130 2585 4200 igitur
2616 4128 2931 4199 improviso
2972 4126 3083 4180 isto
3109 4126 3379 4180 incendio
3409 4125 3693 4179 universae
3725 4123 3838 4178 late
3868 4124 4066 4194 regio-

642 4225 783 4276 tunc
806 4221 997 4276 adhuc
1031 4221 1122 4276 sui
1169 4221 1327 4292 juris
1358 4227 1520 4276 erat:
1555 4223 1814 4277 nondum
1848 4221 2005 4278 enim
2031 4237 2156 4276 eam
2181 4221 2293 4275 sibi
2405 4219 2496 4274 nis
2528 4217 2742 4289 raptim
2776 4217 2844 4271 ad
2881 4215 3293 4286 imperatorem
3326 4213 3561 4269 evolsns
3595 4214 3751 4267 fama
3811 4212 4068 4284 perculit

647 4309 815 4382 plene
843 4310 1006 4381 Noga
1053 4311 1522 4381 subjecerat.Hic
1542 4311 1810 4366 videlicet
1832 4311 1992 4382 Noga
2016 4310 2294 4366 rebellare
2402 4307 2778 4362 vehementer
2807 4306 2935 4375 ejus
2959 4304 3255 4370 animum,
3281 4306 3338 4357 et
3359 4301 3418 4357 in
3452 4317 3698 4373 magnos
3730 4316 3864 4355 eum
3898 4303 4062 4372 cogi-

629 4405 772 4455 tuno
800 4400 1057 4471 primum
1089 4404 1145 4455 et
1197 4400 1571 4456 dominorum
1599 4403 1812 4473 jugum
1847 4406 2115 4457 excutere
2144 4399 2292 4454 inci-
2406 4397 2692 4452 tationum
2746 4401 2889 4450 aestu
2957 4393 3382 4466 angustiasque
3433 4391 3700 4462 conjecit.
3744 4389 4064 4445 Nesciebat

645 4489 865 4560 piebat,
910 4489 1080 4544 amici
1142 4489 1545 4545 familiaritate
1614 4507 1746 4545 cum
1821 4491 2112 4545 militibus
2174 4489 2295 4544 suis
2405 4486 2505 4557 qui
2562 4485 2788 4541 consilii
2847 4488 3079 4554 caperet
3128 4499 3314 4553 quove
3349 4498 3411 4536 se
3462 4484 3730 4535 verteret.
3764 4480 3891 4534 Non
3927 4485 4059 4534 erat

643 4578 926 4634 Tocharis
980 4583 1037 4633 et
1092 4579 1425 4650 aequalitate
1457 4580 1610 4635 civili
1671 4581 1892 4647 vivens,
1930 4581 2122 4634 socios
2153 4584 2293 4634 tunc
2406 4577 2726 4632 instructus
2750 4576 2818 4629 ad
2853 4574 3171 4645 gerendum
3207 4570 3464 4636 bellum;
3496 4571 3680 4641 copiis
3711 4569 3866 4624 enim
3914 4586 4062 4640 pace

643 4669 774 4723 illos
801 4669 1145 4723 defectionis
1179 4669 1394 4725 habere
1427 4675 1735 4725 contentus
1766 4687 1778 4725 :
1815 4687 1949 4724 nam
1975 4687 2108 4725 cum
2143 4670 2289 4740 ipsis
2319 4651 2366 4714 D
2399 4667 2662 4722 confecta
2711 4664 2884 4736 paulo
2917 4669 3053 4718 ante
3111 4665 3477 4718 sacramento
3533 4659 3768 4727 solutis,
3802 4658 4056 4713 domum

641 4759 883 4825 missus,
919 4775 1094 4829 opera
1120 4759 1354 4814 illorum
1386 4761 1659 4815 subactas
1692 4760 1844 4816 bello
1873 4762 2135 4832 regiones
2173 4777 2286 4814 non
2405 4757 2659 4811 militum
2695 4770 2987 4826 quemque
3019 4752 3375 4818 demiserat;
3415 4754 3470 4805 et
3503 4765 3634 4804 cum
3669 4747 3871 4819 paucis
3905 4748 4059 4819 ipse.

639 4849 779 4904 Cani
841 4849 1190 4920 (principem
1243 4849 1362 4906 illic
1416 4851 1500 4906 sic
1531 4853 1759 4922 vocant)
1785 4851 2145 4922 acquirebat,
2183 4851 2283 4904 sed
2399 4846 2716 4902 domestico
2749 4845 3030 4898 duntaxat
3063 4843 3364 4906 comitatu,
3401 4838 3615 4911 quippe
3646 4855 3748 4909 per
3787 4842 4058 4908 pacatas,

637 4938 848 4992 uberes
884 4942 1060 5008 atque
1085 4939 1338 5009 optimas
1371 4939 1499 4994 illas
1533 4956 1660 4996 esse
1693 4945 1880 4995 terras
1915 4940 2288 4994 animadver-
2400 4937 2483 4990 uti
2519 4935 2868 4999 crediderat,
2902 4931 3254 5004 provincias,
3277 4931 3336 4985 in
3375 4929 3578 4984 urbem
3631 4926 4057 4982 revertebatur.

630 5031 762 5082 tens
794 5043 899 5082 suo
929 5029 1163 5099 proprio
1196 5034 1368 5099 atque
1400 5029 1637 5085 illorum
1672 5030 1976 5085 obtinebat
2028 5029 2284 5084 nomine.
2397 5027 2466 5081 Et
2497 5041 2603 5079 nec
2653 5025 2701 5078 si
2737 5023 2977 5078 haberet
3026 5021 3347 5076 exercitum
3408 5018 3650 5072 auderet
3680 5015 4063 5071 committere

629 5117 696 5171 Hi
729 5124 866 5172 tunc
899 5117 1123 5183 audita,
1158 5135 1334 5189 quam
1362 5120 1643 5188 diximus,
1677 5120 2020 5174 invitatione
2043 5120 2111 5173 ad
2146 5135 2284 5190 prze-
2397 5131 2530 5170 cum
2590 5112 2894 5180 Tocbaris,
2959 5109 3206 5166 terribili
3287 5116 3425 5163 tunc
3494 5107 3777 5162 Romanis
3851 5112 4054 5176 gente,

635 5206 770 5260 dam
828 5212 1210 5262 accurrerunt
1261 5207 1420 5279 quali
1479 5226 1652 5264 canes
1702 5210 1771 5264 ad
1808 5209 2070 5280 saginam
2107 5211 2288 5262 ruunt
2399 5221 2504 5259 nec
2564 5200 3024 5258 belloanostris
3082 5197 3403 5270 superabili
3465 5197 3707 5251 credita.
3765 5194 4060 5248 Restabat

637 5295 883 5366 impetu,
918 5295 1138 5350 fertiles
1171 5301 1228 5350 et
1259 5296 1569 5367 opulentas
1618 5297 1950 5354 devoraturi
1993 5297 2280 5367 regiones.
2401 5295 2548 5365 fugae
2609 5291 2919 5347 consilium
2957 5307 2968 5344 :
3008 5291 3107 5345 sed
3164 5305 3292 5343 eam
3340 5285 3810 5341 intercludebant
3840 5284 4056 5338 valida

632 5385 1114 5440 Nondumfcndus
1147 5386 1449 5443 afﬁnitatis
1480 5388 2032 5443 vinculoastrictum
2062 5387 2282 5457 Nogam
2396 5383 2654 5437 hostium
2731 5397 2958 5446 manus,
3030 5394 3280 5450 quorum
3344 5375 3634 5447 praesidiis
3695 5372 3816 5427 loca
3895 5373 4059 5427 edita

631 5475 968 5544 imperatori
1007 5477 1408 5547 conjunxerat,
1454 5479 1608 5550 quod
1643 5478 1738 5533 ille
1783 5478 1904 5532 ﬁlia
1954 5476 2136 5531 notha
2167 5477 2281 5530 Eu-
2397 5472 2670 5526 universa
2741 5471 3078 5541 faucesque,
3154 5467 3408 5537 denique
3486 5464 3680 5518 aditus
3738 5460 4059 5533 exitusque

633 5565 892 5637 phosyne
925 5565 1178 5638 Nogtein
1224 5583 1462 5622 uxorem
1496 5569 1687 5622 danda
1721 5567 1931 5623 deinde
1976 5565 2281 5620 contraxit.
2395 5579 2599 5617 omnes
2632 5561 3002 5616 tenebantur.
3041 5558 3488 5626 Probabantque
3514 5553 3732 5623 ubique
3773 5567 3832 5605 se
3879 5552 4057 5605 ades-

633 5657 799 5711 Tuno
834 5673 1007 5728 porro
1039 5657 1245 5712 eodem
1305 5674 1549 5728 prorsus
1608 5656 1861 5713 articulo
1910 5654 2196 5727 temporis
2229 5659 2288 5710 et
2396 5669 2457 5707 se
2488 5667 2750 5722 unquam
2796 5666 2908 5704 non
2966 5649 3264 5719 stragibus
3321 5645 3588 5709 edendis,
3650 5647 3707 5698 et
3746 5640 4056 5695 solutissi-

636 5747 789 5804 282
823 5746 1143 5820 imperator
1173 5748 1377 5805 urbem
1409 5765 1640 5817 versus,
1665 5748 1840 5804 rebus
1881 5747 1941 5802 in
1972 5745 2285 5802 Occidente
2396 5759 2489 5799 ma
2549 5749 2707 5798 metu
2762 5738 2921 5796 omni
2983 5751 3460 5810 quoquoversum
3493 5729 3835 5789 incursandi
3868 5730 4054 5786 licen-
