4246 6446
167 384 267 441 677

1232 383 1329 437 DE
1366 381 1739 440 MICHAELE
1773 378 2216 436 PALEOLOGO
2254 379 2389 435 LIB.
2431 382 2532 435 III.

3475 375 3582 430 678

168 508 255 563 σὺν
285 503 467 562 οὐδενὶ
502 499 658 581 φόϐῳ
689 501 895 568 διέθεον
928 506 1233 579 πανταχοῦ,
1267 501 1359 564 οὓς
1414 503 1509 576 μὶν
1543 500 1810 581 σφάττον-
1845 506 1897 571 Α
1927 498 2083 554 σιλέα
2138 501 2260 572 περὶ
2293 501 2484 555 ἑαυτοῦ
2533 498 2834 577 φροντίζειν
2870 497 3019 559 ὅπως
3053 497 3272 568 σωθείη.
3326 496 3578 567 Σπουδήν

165 618 249 657 τες
296 593 646 667 παμπληθεὶ,
701 592 793 655 οὓς
843 591 901 647 δὲ
952 591 1248 664 ἀπάγοντες
1291 589 1501 645 ἐλεεινᾶ
1534 596 1650 651 τοῖς
1682 592 1817 666 βαρ-

168 683 353 760 ϐάροις
382 682 576 751 σκῦλα,
610 684 685 745 ὡς
722 681 890 755 μηδὲν
920 682 1051 736 εἶναι
1084 680 1221 735 ὅπου
1252 677 1495 755 προσϐάς
1526 702 1607 743 τις
1652 677 1819 747 ⁴ἤθελε

171 774 429 842 σώζεσθαι
480 772 732 832 ἐπιεικῶς
787 769 1086 845 ἐλεύθερον.
1140 770 1242 825 Καὶ
1295 768 1360 837 δὴ
1420 769 1608 840 κύκλῳ
1665 788 1817 840 περι-

170 862 381 924 στάντες
442 860 567 915 δσον
624 856 777 914 οὔπω
816 857 1134 932 προσμίξειν
1188 862 1265 929 τῷ
1312 862 1620 933 κρατοῦντι.
1681 853 1823 913 Οὐδὲ

170 952 269 1027 γὰρ
302 951 427 1005 ὅσον
456 950 547 1004 καὶ
578 950 835 1020 ἡμισείας
866 948 1076 1019 ἡμέρας
1110 945 1513 1017 ἱππηὶκατοῦντι
1549 944 1822 1015 διαστημα

170 1042 233 1109 ἦν
284 1048 384 1108 τῆς
419 1036 570 1104 ὁδοῦ,
623 1037 703 1114 ἐφ’
731 1038 857 1091 ὅσον
889 1039 1011 1111 παρ’
1047 1036 1271 1111 ἑκάτερα
1298 1038 1348 1091 oi.
1380 1034 1642 1108 πολέμιοι
1668 1034 1821 1107 διηγ-

168 1127 429 1204 γέλλοντο
488 1129 555 1182 τὰ
606 1124 748 1181 δεινᾶ
805 1124 1096 1200 πράττειν,
1162 1125 1235 1186 ὡς
1293 1124 1526 1185 ἐκείνους
1601 1122 1824 1198 ἑσπέρας

170 1221 525 1287 κατασκηνεῖν
579 1214 699 1279 ὅθεν
763 1212 974 1289 πρωίας
1034 1212 1252 1286 ἐξώρμα
1307 1215 1334 1268 6
1389 1211 1674 1286 βασιλεὺς,
1736 1210 1826 1265 καὶ

171 1304 377 1365 ἄλλους
430 1306 632 1367 ἐκεῖθεν
690 1302 922 1377 ἑξορμᾷν
982 1305 1223 1375 τήμερον
1278 1303 1415 1356 ὅπου
1463 1302 1591 1377 χθὲς
1624 1300 1827 1360 ἐκεῖνος

171 1392 476 1465 κατέμεινε.
527 1392 671 1463 Τόση
733 1411 815 1453 τις
862 1392 929 1460 ἦν
976 1391 1240 1466 σύγχυσις
1295 1394 1403 1444 τῶν
1463 1388 1723 1443 ἐπιόντων
1757 1388 1830 1449 ὡς

177 1480 309 1555 μηδ’
366 1480 561 1544 αὐτοὺς
592 1481 727 1535 κατᾶ
754 1479 1035 1558 φάλαγγας
1096 1479 1298 1551 μένειν,
1348 1477 1495 1532 ἀλλὰ
1548 1481 1829 1551 πανταχοῦ

172 1570 373 1633 ἐκθέειν
406 1569 720 1642 λημμάτων
750 1564 935 1621 ἐλπίδι
972 1568 1104 1642 ὑπὲρ
1154 1566 1273 1627 δέος
1303 1570 1400 1619 τοῦ
1431 1571 1618 1629 παθεῖν
1670 1567 1826 1618 ἅπαν.

172 1661 274 1715 Ἦν
338 1656 385 1713 δ’
426 1658 529 1713 ἀνὰ
576 1656 740 1733 μέρος
793 1656 883 1711 καὶ
937 1657 964 1709 6
1016 1660 1425 1716 Κωνσταντῖνος
1485 1654 1566 1731 ἐφ’
1621 1656 1831 1726 ἁμάξης

172 1748 472 1822 φερόμενος
521 1746 604 1819 (τὸ
651 1746 750 1821 γαρ
803 1743 997 1806 σκέλος
1044 1745 1323 1818 κατεαγώς
1380 1764 1511 1798 ποτε
1571 1742 1668 1797 οὐκ
1718 1743 1832 1816 εἶχε

169 1836 313 1891 κατᾶ
357 1835 561 1906 τρόπον
619 1839 736 1895 τοῖς
794 1834 953 1888 ποσὶν
1006 1833 1080 1894 εἷς
1139 1830 1260 1887 ὁδὸν
1292 1831 1415 1886 τότε
1441 1834 1677 1906 χρῆσθαι
1712 1829 1835 1885 οὔτε

173 1929 341 1998 πεζῇ,
392 1925 500 1999 οὐχ
554 1923 715 1992 ἦττον
751 1920 809 1977 δὲ
852 1923 939 1976 καὶ
994 1923 1110 1995 μεθ’
1160 1919 1394 1991 ἳππων),
1425 1920 1552 1983 τοὺς
1586 1918 1834 1994 Βουλγά-

177 2034 309 2088 ρους
369 2014 502 2090 ἀμφ’
547 2012 706 2067 αὐτὸν
739 2010 907 2086 ἔχων,
938 2010 1029 2065 καὶ
1064 2010 1173 2064 αἰὲν
1221 2008 1329 2077 ὅπη
1365 2009 1592 2079 σκηνοίη
1624 2009 1836 2084 ἐπέχων

180 2104 259 2165 ὡς
309 2101 768 2175 καταληψόμενος
820 2100 1151 2172 μονωθέντα.
1199 2100 1266 2156 Οἱ
1314 2100 1413 2173 γὰρ
1445 2098 1567 2174 περὶ
1598 2099 1689 2153 τὸν
1748 2100 1837 2173 βα-

176 2190 337 2246 σιλέα
389 2191 604 2262 πάντες,
664 2190 788 2244 ὅσον
847 2190 914 2258 ἦν
972 2189 1355 2264 θεραπευτικὸν
1413 2188 1502 2242 καὶ
1561 2185 1833 2258 οἰκίδιον,

176 2283 315 2357 ἀμφ’
374 2280 561 2341 αὐτοῖς
619 2275 844 2339 ἕκαστος
895 2275 1205 2345 δείσαντες,
1265 2275 1438 2338 ἄλλος
1497 2274 1701 2331 ἄλλοσέ
1758 2298 1833 2346 πη

176 2372 328 2444 ὁρμῇ
389 2368 550 2444 πασῃ,
584 2367 866 2445 φεύγοντες
911 2365 1265 2442 παρεδύοντο,
1328 2366 1545 2444 ἀφέντες
1603 2365 1691 2420 καί
1741 2367 1837 2440 βα-

176 2576 283 2646 tia,
347 2574 580 2631 cunctis
638 2574 857 2646 pariter
913 2573 1059 2630 locis
1134 2573 1346 2645 partim
1417 2573 1845 2629 trucidatorum

181 2663 506 2722 acervatim
566 2663 835 2719 cumulos
892 2666 1213 2734 struentes,
1273 2662 1487 2733 partim
1546 2667 1849 2735 reptantes

183 2755 346 2811 2³³
379 2753 565 2809 libera
590 2769 836 2825 corpora
866 2752 1059 2808 omnis
1090 2751 1277 2807 aetatis
1307 2752 1365 2806 in
1396 2752 1740 2808 cervitutem
1774 2753 1847 2808 ad

188 2844 481 2899 barbaros
513 2841 934 2913 miserabilem,
967 2842 1047 2897 ita
1079 2846 1143 2897 ut
1199 2841 1439 2898 omnino
1498 2858 1850 2913 quocunque

185 2933 326 3004 quis
358 2931 601 3004 prodire
634 2930 1175 3003 cogitaret,nullam
1197 2931 1349 2986 viam
1379 2948 1412 2986 a
1434 2933 1700 3002 praesenti
1726 2932 1848 2986 exi-

186 3023 267 3080 lio
305 3039 424 3078 non
447 3022 577 3077 dico
605 3021 778 3094 plane
810 3026 1023 3090 tutam,
1048 3022 1146 3077 sed
1173 3038 1244 3076 ne
1276 3021 1452 3077 talem
1486 3021 1722 3093 quidem
1758 3022 1850 3078 cui

186 3111 597 3169 verisimiliter
626 3110 997 3183 aliquatenus
1031 3116 1229 3183 posset
1261 3112 1437 3166 fidere
1464 3115 1520 3167 et
1551 3116 1727 3183 caput
1756 3128 1850 3167 sa-

184 3201 507 3271 lutemque
538 3216 707 3256 suam
740 3216 874 3255 cum
908 3200 1192 3256 nonnulla
1223 3200 1309 3255 vel
1343 3200 1521 3255 dubia
1560 3217 1663 3272 spe
1693 3217 1852 3257 com-

189 3289 453 3355 mittere,
487 3287 671 3344 ullam
705 3305 954 3360 usquam
1004 3289 1305 3360 reperiret.
1335 3289 1619 3344 Caeterum
1654 3289 1693 3344 ii
1724 3307 1851 3345 om-

188 3378 294 3433 nia
330 3393 435 3449 per
491 3376 801 3432 circuitum
859 3376 920 3432 in
980 3376 1159 3443 hunc,
1194 3393 1369 3449 quem
1429 3377 1570 3447 dixi,
1608 3378 1849 3433 modum

180 3467 353 3523 velut
382 3466 663 3538 indagine
697 3465 979 3538 amplexi,
1014 3466 1096 3521 ita
1143 3482 1210 3521 ex
1261 3466 1421 3521 omni
1453 3471 1615 3538 parte
1647 3483 1855 3539 pr0pe-

185 3557 431 3623 rabant,
467 3561 533 3610 ut
562 3558 793 3610 tantum
827 3572 943 3611 non
976 3554 1235 3627 contigui
1270 3554 1402 3610 telis
1461 3572 1527 3611 ac
1588 3558 1858 3613 mrnibus

182 3647 247 3701 in
284 3648 589 3700 momenta
615 3643 851 3716 singula
881 3644 1458 3713 cominusadorituri
1486 3646 1854 3715 timerentur,

178 3735 283 3789 vix
316 3738 481 3789 tanto
513 3734 585 3788 ab
618 3732 737 3788 illis
769 3749 920 3805 pone
953 3734 1314 3790 instantibus
1349 3734 1538 3804 spatio
1571 3743 1856 3805 quantum

180 3822 407 3878 itinere
439 3821 696 3877 dimidiae
726 3822 843 3877 diei
874 3821 1042 3878 facile
1090 3826 1335 3893 possent
1393 3822 1640 3891 emetiri,
1674 3824 1860 3896 impe-

183 3917 390 3968 ratore
423 3926 555 3966 cum
590 3910 986 3967 familiaribus
1017 3912 1224 3979 paucis
1276 3910 1576 3983 equitante
1624 3914 1862 3968 eodem-

186 4018 315 4073 que
339 4000 581 4055 assidue
601 4001 834 4055 turbato
858 4001 1303 4056 accurrentibus
1322 4001 1393 4055 ab
1410 4005 1660 4072 utroque
1682 4001 1860 4057 latere

192 4089 453 4159 trepidis
517 4088 743 4144 nuntiis
803 4089 1203 4161 direptionum
1282 4106 1347 4145 ac
1404 4090 1672 4157 caedium,
1733 4108 1862 4163 quae

194 4191 506 4247 nusquam
533 4192 648 4231 non
682 4176 1196 4233 circumstantium
1230 4179 1488 4233 locorum
1513 4179 1865 4236 exerceban-

184 4273 319 4323 tur.
356 4266 834 4339 Admovebatque
877 4272 1099 4323 metum
1129 4270 1283 4340 quod
1320 4269 1437 4324 fere
1469 4270 1863 4343 contingebat,

187 4358 365 4412 unde
397 4372 573 4411 mane
604 4356 977 4413 discessisset
1026 4357 1368 4430 imperator,
1402 4358 1481 4413 ibi
1543 4358 1741 4416 hostes
1773 4366 1864 4418 ta-

1885 3338 1927 3405 C
1966 3338 1979 3405 ἒ

1925 589 2026 663 γὰρ
2050 585 2274 651 ἕκαστος
2305 587 2541 641 ἐποιεῖτο
2570 592 2666 642 τοῦ
2695 587 2858 660 μόνον
2911 589 3171 652 σωθῆναι,
3220 587 3308 640 καὶ
3353 584 3575 658 ἀμελεῖν

1928 676 2323 748 παρεσκεύαζον
2351 680 2447 730 τοῦ
2478 674 2716 746 πλησίον
2750 675 2843 737 οὓς
2897 676 2993 749 μὶν
3048 677 3099 729 oi
3142 676 3447 750 προμηθεῖς
3479 676 3578 752 φό-

1929 761 2017 819 ϐοι
2046 764 2138 826 οὓς
2165 763 2222 819 δὲ
2251 766 2338 819 καὶ
2374 763 2570 819 δειλίαι
2602 764 2837 839 ἄκαιροι,
2877 763 3004 826 τοὺς
3053 766 3145 836 μὶν
3182 766 3255 824 ὡς
3306 764 3356 834 ἐξ
3407 765 3575 836 ἀναγ-

1928 876 2052 924 κης,
2112 854 2156 907 εί
2215 857 2289 927 μὴ
2352 851 2728 922 σπουδάίσαιεν,
2780 852 3081 917 ἁλώσεσθαι
3139 851 3577 927 προσδοκῶντας,

1930 943 2056 1004 τοὺς
2091 940 2146 997 δὲ
2193 940 2319 1014 μηδ’
2380 940 2587 1003 εἷδότας
2638 944 2693 997 οἷ
2718 946 2889 996 κακοῦ
2940 943 3213 1017 γεγόνασι,
3243 947 3323 1014 τῷ
3359 940 3575 1015 βλέπειν

1934 1031 2137 1095 ἄλλους
2186 1032 2261 1093 είς
2314 1026 2518 1086 ἔννοιαν
2573 1031 2906 1107 ἐρχομένους
2937 1031 3027 1085 καὶ
3054 1030 3142 1086 δια
3171 1032 3317 1085 ταῦτ’
3349 1032 3579 1105 ἁποχω·

1937 1127 2159 1198 ροῦντας
2227 1121 2333 1193 δπη
2410 1144 2493 1184 τις
2551 1120 2753 1191 ἤλπιζε
2821 1122 3179 1193 σωθήσεσθαι.
3236 1122 3313 1178 Οὐ
3361 1122 3461 1196 γὰρ
3515 1122 3576 1187 ἦν

1936 1208 2331 1279 συνησπικότας
2433 1211 2565 1265 κατᾶ
2650 1210 2920 1279 συντάξεις
2995 1209 3241 1271 ἐπιόντας
3329 1208 3580 1285 δέχεσθαι

1936 1300 2060 1361 τοὺς
2092 1298 2343 1374 ἐχθρούς
2397 1301 2424 1354 ὁ
2471 1300 2571 1374 γὰρ
2624 1298 2769 1373 ἄγων
2815 1298 3052 1360 ἐκείνους
3080 1300 3168 1352 καὶ
3202 1298 3360 1359 αὐτὸς
3394 1319 3579 1351 συντε-

1936 1388 2167 1463 τάρακτό
2214 1409 2270 1442 τε
2315 1393 2393 1459 τῷ
2447 1385 2716 1464 αἰφνιδίῳ,
2761 1388 2849 1441 καὶ
2902 1389 3009 1456 ὅπη
3065 1388 3224 1462 φύγοι
3276 1386 3578 1441 ἐσκέπτετο.

1936 1476 2193 1551 Ὀλίγους
2223 1480 2347 1551 γοῦν
2381 1476 2501 1550 περῖ
2553 1476 2709 1531 αὐτὸν
2741 1473 2906 1551 ἔχων,
2952 1476 3038 1529 καί
3078 1476 3310 1547 μάλιστα
3339 1475 3468 1537 τοὺς
3498 1476 3581 1529 οἶ-

1940 1567 2249 1627 κειοτάτους
2298 1566 2387 1620 καὶ
2439 1567 2517 1627 οἷς
2572 1566 2810 1619 ἐπίστευε
2840 1564 3027 1635 πλέον,
3077 1565 3166 1618 συν
3220 1564 3447 1629 ἐκείνοις
3473 1564 3584 1636 ἅμα

3085 1653 3258 1685 1--.-7

1946 1656 2039 1727 μὶν
2080 1657 2174 1718 τὰς
2230 1657 2614 1731 ὑποχωρήσεις
2645 1660 2750 1709 τῶν
2784 1650 3026 1731 φοϐερῶν
3085 1653 3319 1709 ἐποιεῖτο
3368 1654 3455 1708 καὶ
3488 1654 3584 1725 ’ἀμ’

1942 1744 2145 1819 ἑτέροις
2202 1740 2460 1821 φοϐεροῖς
2506 1746 2887 1818 προσέκρουεν,
2940 1744 3013 1805 ὡς
3066 1743 3189 1805 τοὺς
3241 1744 3334 1816 μὲν
3392 1741 3586 1797 ἀποδι-

1944 1832 2189 1905 δράσκειν
2246 1838 2362 1895 τοῖς
2424 1830 2468 1886 δ’
2528 1832 2836 1904 ἐμπίπτειν,
2893 1831 2982 1886 καὶ
3030 1836 3135 1886 τῶν
3194 1832 3471 1904 προτέρων
3509 1833 3584 1903 μὴ

1945 1922 2161 1999 φθάνειν
2233 1921 2469 1985 ἀνεῖσθαι
2546 1916 2717 1997 φόϐον
2792 1921 2879 1975 καὶ
2936 1918 3214 1993 δευτέρους
3275 1918 3590 1995 ἐκδέχεσθαι

1949 2013 2186 2085 μείζους.
2245 2010 2345 2066 Καὶ
2406 2011 2508 2086 γὰρ
2556 2011 2641 2064 καὶ
2699 2009 2833 2064 αὐτὰ
2886 2010 2951 2064 τα
3008 2015 3117 2064 τῶν
3176 2011 3313 2083 ὀρῶν
3366 2010 3591 2079 ἀναστή-

1950 2121 2090 2173 ματα
2136 2098 2423 2175 φαντασίαν
2481 2104 2749 2174 παρεῖχον
2806 2096 3113 2171 πολεμίων,
3169 2096 3591 2166 circumactione

1948 2186 2155 2249 δειλίας
2205 2187 2431 2265 ἀφάτου.
2486 2189 2680 2259 Ὅμως
2724 2185 2778 2241 δὲ
2827 2188 2912 2241 καὶ
2963 2184 3149 2249 ἄλλως
3178 2184 3476 2260 ἠγγέλλετο
3529 2187 3592 2240 τὸ

1949 2275 2144 2332 δεινόν·
2178 2276 2240 2331 οὐ
2288 2278 2389 2352 γὰρ
2448 2279 2511 2345 ἦν
2562 2278 2706 2339 ὅστις
2753 2276 2841 2331 καὶ
2889 2275 3132 2351 προσιὼν
3181 2277 3214 2347 ἢ
3275 2275 3363 2331 καὶ
3414 2276 3595 2353 φανείς

1948 2365 1999 2437 ἐξ
2031 2366 2254 2440 ἑτοίμου
2285 2368 2349 2421 οὐ
2399 2361 2566 2440 φόϐον
2596 2362 2860 2441 ἤγγελλε.
2914 2364 3025 2420 Κᾶν.
3050 2386 3155 2420 που
3185 2365 3274 2420 καὶ
3305 2385 3601 2440 παρεσκευ-

1959 2575 2150 2630 testim
2176 2574 2435 2630 irruendi
2459 2572 2846 2645 capiendique
2870 2574 3064 2645 ipsum
3094 2574 3381 2647 penejam
3415 2571 3607 2629 solum

1958 2663 2247 2718 relictum.
2281 2662 2425 2718 Nam
2460 2678 2587 2734 qua
2618 2664 2794 2717 turba
2826 2662 2991 2717 illum
3045 2662 3282 2718 familiae
3313 2678 3378 2717 ac
3435 2661 3618 2717 mini-

1959 2753 2119 2809 sterii
2153 2752 2460 2809 domestici
2491 2753 2757 2807 comitari
2788 2756 3044 2825 cmperat
3092 2750 3201 2808 hoc
3256 2752 3363 2807 iter
3421 2752 3617 2823 ingre-

1960 2842 2237 2910 dientem,
2271 2841 2574 2896 difﬂuebat
2606 2844 2665 2896 in
2700 2841 2895 2910 horas,
2930 2846 3088 2897 metu
3133 2842 3309 2897 ﬁdem
3344 2856 3409 2898 ac
3441 2857 3613 2898 reve-

1961 2932 2206 2986 rentiam
2238 2931 2523 2998 vincente,
2558 2947 2905 3003 unoquoque
2940 2948 3041 3003 pro
3088 2946 3149 2986 se
3180 2930 3453 2995 sollicito,
3488 2946 3617 2986 mo-

1963 3022 2035 3075 do
2066 3036 2233 3076 suam
2275 3020 2466 3091 ipsius
2499 3020 2679 3076 veloci
2713 3021 2849 3091 fuga
2880 3029 2934 3076 et
2994 3019 3313 3091 penetratis
3345 3018 3611 3075 latibulis

1963 3110 2180 3182 ignotis
2223 3109 2379 3165 hosti
2410 3109 2660 3166 salutem
2720 3111 2777 3165 in
2834 3115 2960 3166 tuto
3019 3110 3353 3183 possuisset
3408 3125 3617 3182 parum

1963 3200 2129 3272 pensi
2163 3200 2317 3255 234
2348 3199 2598 3255 habente
2655 3200 2795 3272 quid
2840 3199 3036 3269 sociis,
3071 3199 3209 3272 quid
3244 3198 3356 3271 ipsi
3386 3198 3619 3254 contin-

1967 3293 2127 3361 geret
2159 3288 2428 3361 principi.
2458 3289 2520 3345 In
2556 3306 2671 3361 quo
2702 3294 2826 3344 erat
2860 3290 3007 3345 mira
3031 3293 3087 3345 et
3118 3289 3334 3345 misera
3364 3288 3619 3343 varietas

1966 3378 2263 3434 incondite
2298 3394 2771 3451 quoquoversum
2804 3378 3125 3444 ruentium,
3151 3394 3284 3434 cum
3316 3377 3464 3434 alios
3487 3393 3623 3448 pru-

1966 3469 2111 3523 dens
2137 3468 2334 3536 timor,
2368 3468 2518 3524 alios
2548 3468 2756 3541 panica
2773 3467 3189 3537 consternatio,
3221 3467 3366 3523 alios
3413 3482 3616 3522 rumor

1969 3556 2177 3628 falsus,
2212 3558 2524 3629 quosdam,
2558 3558 2792 3630 ignaros
2847 3556 3067 3629 alioqui
3127 3557 3267 3630 quid
3327 3559 3621 3630 ageretur,

1970 3647 2094 3719 ipse
2124 3646 2415 3703 tumultus
2446 3649 2615 3703 anxie
2643 3645 3269 3719 circumspectantium
3298 3651 3355 3702 et
3385 3662 3629 3701 cursan-

1944 3736 2115 3792 ‘tium
2150 3736 2497 3809 contagione
2548 3736 2979 3809 inquietudinis
3034 3737 3285 3809 quadam
3338 3736 3634 3808 abriperet

1972 3844 2087 3898 quo
2119 3826 2343 3882 salvum
2397 3843 2459 3883 se
2518 3827 2769 3899 quisque
2830 3826 3106 3898 sperabat
3163 3828 3305 3892 fore,
3338 3825 3450 3881 hoc
3506 3828 3631 3899 jam

1972 3916 2217 3972 effusius
2253 3921 2310 3972 et
2342 3917 2692 3973 verecundia
2724 3916 2963 3982 minori,
3000 3916 3154 3987 quod
3220 3932 3321 3972 nec
3382 3916 3429 3971 si
3486 3917 3632 3989 quid

1975 4004 2251 4076 cuiquam
2284 4006 2589 4077 praesentis
2614 4006 2684 4059 ad
2709 4004 3103 4061 resistendum
3132 4010 3289 4061 esset
3318 4005 3520 4075 animi,
3542 4006 3632 4061 fa-

1975 4094 2162 4149 cultas
2195 4096 2323 4164 ejus
2357 4095 2435 4150 rei
2470 4096 2705 4150 adesset
2728 4093 2867 4161 ulla,
2892 4095 3096 4166 utique
3118 4093 3247 4166 ipso
3279 4094 3518 4150 ductore
3537 4112 3635 4151 no-

1974 4184 2148 4239 vitate
2182 4182 2321 4239 mali
2353 4183 2530 4239 subiti
2566 4181 2856 4255 perculso,
2881 4199 3042 4255 spem
3067 4181 3259 4253 palam
3296 4198 3634 4255 repugnan-

1975 4272 2033 4327 di
2065 4272 2383 4327 damnante
2415 4289 2673 4340 omncm,
2698 4277 2752 4327 et
2777 4272 2916 4327 nihil
2943 4271 3099 4327 aliud
3130 4288 3309 4343 quam
3343 4272 3541 4344 fugam
3575 4276 3634 4328 et

1975 4362 2229 4417 latebras
2262 4366 2576 4430 quaerente.
2604 4361 2705 4417 Hic
2730 4378 2863 4432 ergo
2895 4378 3029 4417 cum
3055 4361 3257 4433 paucis
3282 4377 3430 4432 quos
3451 4360 3634 4416 habe-

188 4445 531 4503 bernacula
553 4462 795 4516 vespere
826 4447 1026 4517 figere,
1058 4452 1115 4503 et
1144 4447 1204 4502 in
1238 4464 1353 4519 quo
1385 4465 1534 4520 pago
1568 4455 1669 4504 aut
1698 4453 1866 4524 oppi-

184 4537 274 4592 do
308 4535 442 4607 ipse
468 4534 592 4590 heri
626 4541 1044 4607 pernoctasset,
1079 4552 1147 4591 ex
1184 4554 1250 4593 eo
1285 4539 1517 4608 prodire
1574 4538 1747 4596 hodie
1778 4542 1867 4597 in-
1979 4541 2114 4608 mis,
2149 4557 2420 4612 prorsum
2457 4546 2799 4608 retrorsum,
2834 4539 2977 4596 laeva
3030 4541 3256 4605 dextra,
3288 4539 3346 4594 in
3406 4546 3632 4611 partem

176 4627 385 4681 festas
413 4623 497 4679 ita
553 4624 795 4681 licenter
836 4642 901 4681 ac
963 4642 1167 4681 secure
1228 4626 1705 4684 latrocinantium
1739 4647 1867 4686 ma-
1978 4646 2210 4685 omnem
2248 4647 2310 4685 se
2340 4630 2779 4703 circumagebat
2809 4630 3167 4685 vitabundus
3216 4633 3273 4685 et
3304 4630 3633 4697 incurrens,

179 4730 338 4782 nus,
373 4717 441 4767 ut
470 4712 885 4784 manipulatim
922 4712 1119 4784 palare
1152 4714 1403 4785 dispersi
1434 4720 1491 4771 et
1526 4733 1869 4790 quocunque
1900 4718 1946 4781 D
1978 4719 2113 4775 hinc
2138 4719 2407 4790 repulsus
2432 4727 2647 4776 terrore
2672 4720 2969 4792 conspecti
2994 4718 3340 4792 mali,pejus
3362 4718 3485 4774 illic
3507 4736 3635 4791 quas

179 4803 468 4859 alliceret
500 4803 696 4875 praeda
752 4802 1067 4859 inordinati
1128 4820 1431 4860 accurrere
1489 4823 1602 4861 non
1636 4808 1868 4865 dubita-
1982 4808 2277 4881 refugerat
2308 4811 2627 4882 reperiens,
2664 4814 2785 4865 tum
2820 4827 2850 4863 τι
2883 4809 3131 4881 (ιυωείἲο
3182 4808 3321 4863 alibi
3371 4809 3637 4881 perfugio

177 4896 363 4948 rent:
385 4908 455 4947 eo
481 4891 707 4948 ﬁduciis
731 4908 796 4949 ac
817 4897 1192 4966 contemptus
1212 4899 1549 4951 nostrorum
1568 4914 1869 4955 armorum
1983 4899 2174 4971 specie
2205 4898 2462 4956 tetrioris
2494 4900 2629 4955 inde
2661 4916 2723 4956 se
2753 4898 3105 4955 ostentantis
3153 4898 3309 4954 exitii
3342 4898 3643 4965 exclusus,

182 4985 456 5052 impune
487 4980 770 5037 hactenus
796 4998 1077 5038 ausorum
1110 4984 1471 5055 experientia
1497 4986 1871 5045 devenerant.
1980 4988 2190 5044 anxius
2220 5005 2452 5061 semper
2482 4994 2538 5045 et
2564 4990 3222 5059 mstuans,perturbatae,
3250 4992 3315 5044 ut
3346 4988 3429 5058 fit,
3456 4988 3640 5043 menti

175 5070 503 5128 Ductabat
534 5069 594 5124 in
623 5070 951 5143 prapinquo
984 5074 1319 5144 sejunctum
1353 5091 1387 5129 a
1417 5075 1698 5132 Tocharis
1734 5096 1874 5135 suo-
1984 5094 2179 5134 erroro
2243 5079 2578 5135 occulorum
2634 5078 3008 5135 formidinem
3061 5078 3337 5145 addente,
3376 5094 3442 5133 ac
3498 5078 3642 5149 iuga

170 5175 334 5217 rum
368 5174 581 5231 agmen
602 5160 1022 5216 Constantinus
1048 5178 1220 5216 curru
1246 5161 1483 5219 vehens:
1512 5164 1692 5221 fracto
1714 5169 1872 5223 enim
1988 5167 2277 5224 montium
2316 5166 2542 5239 aliaque
2574 5168 2763 5223 obiter
2784 5167 3125 5241 apparentia
3143 5167 3200 5222 in
3226 5166 3423 5222 hostes
3450 5183 3645 5222 arma-

174 5248 509 5322 quondam
541 5262 711 5304 crure
741 5248 821 5303 ita
857 5266 1012 5304 nunc
1043 5249 1237 5306 adhuc
1270 5251 1545 5309 utebatur
1574 5255 1775 5327 debili,
1811 5262 1874 5314 ut
1986 5262 2078 5313 tos
2110 5259 2520 5329 irruentcsque
2552 5258 2936 5313 deformante.
2965 5256 3367 5329 lmaginahant
3389 5256 3642 5313 subinde

172 5355 309 5397 nec
346 5336 530 5409 pedes
562 5336 829 5394 incedere
883 5355 987 5394 nec
1045 5340 1311 5412 equitare
1345 5342 1498 5412 potis
1557 5353 1729 5400 esset.
1764 5350 1871 5404 Te-
1989 5346 2284 5402 miseriam
2318 5347 2680 5417 desperantis
2703 5348 2828 5419 jam
2866 5346 3150 5419 principis
3182 5345 3487 5400 obviorum
3524 5362 3637 5399 nn-

173 5429 386 5486 nebat
428 5426 583 5481 circa
639 5443 701 5483 se
760 5427 1043 5499 Bulgaros
1106 5429 1395 5500 plurimos
1455 5434 1756 5503 expeditos
1814 5437 1871 5493 in
1986 5437 2293 5507 decunque
2326 5440 2550 5491 atroces
2591 5437 2985 5507 nuntii,vera,
3020 5434 3643 5503 dubia,{icta,tristis-

169 5516 399 5591 equis,
436 5516 670 5587 evagari
704 5532 803 5571 eos
837 5523 902 5572 ut
928 5518 1224 5574 Tocharos
1256 5535 1369 5575 non
1403 5521 1628 5589 sinens,
1651 5526 1751 5580 sed
1786 5526 1873 5582 in-
1986 5528 2139 5584 sima
2168 5529 2368 5585 omnia
2398 5528 2806 5601 horrendaque
2839 5528 3238 5585 referentium.
3261 5526 3318 5581 Id
3356 5542 3507 5597 saepe
3540 5542 3640 5581 co-

174 5611 375 5665 tenta
405 5620 549 5660 cura
579 5621 812 5678 semper
838 5607 1145 5679 inquirens
1179 5609 1423 5665 ubinam
1480 5610 1877 5672 diversaretur
1988 5619 2158 5675 mites
2190 5621 2405 5691 experti
2439 5621 2869 5677 submovebant
2910 5619 3123 5675 deinde
3179 5617 3507 5683 venientes,
3539 5632 3644 5672 nec

180 5696 563 5769 imperator,
584 5695 882 5767 proposito
932 5696 1157 5753 scilicet
1186 5714 1253 5754 ac
1282 5699 1605 5771 cupiditate
1637 5719 1703 5761 eo
1735 5722 1875 5764 con-
1988 5708 2153 5765 aﬂ‘ari
2177 5709 2502 5782 principem
2527 5709 2820 5783 sinebant,
2846 5710 3001 5767 unde
3025 5710 3197 5768 etiam
3224 5707 3457 5765 utilium
3499 5706 3646 5763 indi-

1976 4452 2077 4506 bat
2102 4468 2298 4507 secum
2332 4451 2588 4522 reliquos
2619 4467 2687 4507 ex
2721 4451 2968 4507 maxime
3012 4449 3236 4506 intimis
3289 4467 3356 4506 ac
3414 4449 3632 4505 ﬁdissi-
