4246 6446
658 433 765 488 679

1967 427 2268 486 GBORGII
2307 430 2769 489 ΡΔΟΗῩΜΕΕΛΕ

3968 443 4063 500 680

660 557 814 623 άξετο
863 551 1201 628 συγκατέναι
1249 552 1328 623 [Ρο
1383 551 1507 622 156]
1561 548 1698 621 πρὸς
1747 545 1878 608 τοὺς
1927 545 2162 620 ἐχθροὺς
2221 546 2308 602 ἀπὶ
2342 554 2390 620 Α
2423 556 2613 626 χεῖρας
2665 553 2728 607 τὸ
2757 560 2857 624 τῆς
2891 554 3058 612 Αἴνου
3089 556 3348 634 φρούριον
3399 559 3746 625 ὑπεισδύντες
3788 566 3898 617 τῶν
3962 561 4062 620 δει-

655 650 732 716 τῷ
781 646 966 716 μαθεῖν
1021 642 1212 696 ὁπόσοι
1269 641 1359 694 καὶ
1417 639 1565 698 ὅπως
1619 637 1783 706 ’ίοιεν,
1843 638 1893 690 οἱ
1948 635 2071 710 περὶ
2103 635 2303 690 ἐκεῖνον

655 732 743 788 διὰ
794 734 853 786 τὸ
907 733 1130 804 μέγεθος
1160 734 1255 784 τοῦ
1287 725 1535 783 κινδύνου
1583 731 1863 799 κατεῖχον,
1899 725 1971 786 ὡς
2022 724 2109 778 ἐπὶ
2141 725 2300 797 μόνον

650 824 777 897 ὀρᾷν
822 823 884 874 τὸ
940 821 1222 888 σώζεσθαι.
1283 817 1459 878 Μόλις
1515 819 1645 889 γοῦν
1703 813 1816 883 νυξὶ
1872 813 1963 866 καὶ
2016 811 2305 886 παροδίαις

653 910 1026 985 βοηθοῦμενος
1083 901 1394 981 προσϐαίνει
1451 910 1531 976 τῷ
1595 901 1769 975 Γᾶνῳ,
1828 900 2115 957 ἀπολιπὼν
2176 901 2303 966 τοὺς

648 999 874 1060 λοιποὺς
908 1004 1086 1067 ζητεῖν
1121 996 1228 1065 ὅπη
1264 997 1548 1064 σώζοιντο.
1598 996 1720 1049 Τῶν
1765 992 1868 1065 γὰρ
1923 990 2147 1044 κατόπιν
2186 989 2299 1044 ἷόν-

640 1112 748 1144 των
799 1088 888 1143 καὶ
942 1086 1072 1159 μάλ’
1120 1083 1486 1160 ἀπεγίνωσκεν
1539 1083 1613 1144 ὡς
1660 1081 2028 1152 ἀλωαομένων
2059 1123 2071 1135 .
2126 1082 2296 1136 Ἦσαν

643 1178 687 1233 δ’
748 1179 897 1232 οὗτοι
930 1177 980 1230 οἳ
1015 1174 1082 1243 δὴ
1111 1175 1173 1228 τὸ
1227 1171 1508 1247 βασιλικὸν
1539 1174 1787 1243 ταμιεῖον
1839 1167 2175 1240 διεκόμιζον,
2204 1168 2295 1222 καὶ

637 1269 689 1323 οἱ
749 1266 886 1342 ἀμφὶ
951 1267 1040 1320 τὸν
1103 1263 1332 1317 σουλτὰν
1381 1262 1670 1330 Ἀζατίνην
1753 1261 1990 1318 Ἐκεῖνος
2042 1258 2135 1329 μὲν
2201 1257 2294 1312 οὖν

637 1354 842 1416 ὑποδὺς
897 1355 961 1408 τὸ
1021 1349 1167 1428 ὄρος,
1229 1347 1614 1425 ταχυδρόμους
1673 1346 1929 1420 πέμπων,
1991 1344 2133 1400 ἔνθεν
2196 1346 2290 1418 μὲν

636 1447 918 1500 ἐσκέπτετο
975 1442 1102 1503 τοὺς
1162 1439 1394 1514 ἐχθροὺς
1453 1437 1705 1498 ἐπιόντας
1764 1434 2039 1490 λανθάνων
2099 1435 2291 1512 ἐκφεύ-

631 1556 764 1608 γειν,
819 1528 964 1588 ἔνθεν
1028 1530 1083 1586 δὲ
1140 1529 1229 1584 καὶ
1283 1531 1720 1602 ταχυναυτοῦσαν
1772 1527 1971 1599 τριήρη
2023 1530 2286 1598 προσχεῖν

633 1622 722 1678 διὰ
750 1623 966 1697 ταχέων
1017 1626 1133 1680 τοῖς
1167 1616 1313 1695 ὄρεσι
1364 1616 1747 1691 παρεσκεύαζε.
1800 1614 1900 1669 Καὶ
1933 1613 1998 1680 δὴ
2031 1613 2158 1674 τοὺς
2192 1615 2286 1685 μὲν

630 1713 687 1767 ἐκ
743 1712 915 1766 τόπου
971 1709 1137 1764 τόπον
1216 1701 1458 1779 ἀμείϐων
1531 1709 1763 1765 συνετῶς
1819 1702 2069 1780 ἐμφανεῖς
2131 1703 2287 1761 ὄντας

629 1802 765 1856 κατὰ
817 1802 880 1855 τὸ
913 1797 1147 1867 λεληθὸς
1183 1793 1544 1866 διεδίδρασκε·
1603 1795 1704 1861 τὴν
1755 1791 1810 1846 δὶ
1876 1793 2059 1864 μαθὼν
2104 1792 2285 1865 εὐτρε-

629 1895 906 1953 πισθεῖσαν
968 1892 1264 1962 παρεῖναι,
1345 1878 1684 1959 συγκαταϐὰς
1737 1887 1854 1942 τοῖς
1917 1880 2134 1942 λοιποῖς
2187 1885 2284 1935 τοῦ
2317 1921 2361 1985 Β

634 1979 656 1985 -.
839 1978 852 1985 -
912 1973 964 1985 .,,
1069 1974 1076 1985 .
1290 1974 1300 1985 .
1363 1973 1376 1985 .
1464 1979 1499 1985 .-
1851 1969 1863 1985 ,
1950 1967 1968 1985 κ
2093 1967 2116 1985 δ
2229 1971 2239 1985 ,

628 1979 787 2054 ὅρους
836 1973 1084 2032 ἐπέϐαινέ
1113 1997 1171 2029 τε
1218 1974 1304 2027 καὶ
1360 1973 1412 2034 ές
1464 1967 2035 2025 Κωνσταντινούπολιν
2090 1967 2281 2024 διεσώ-

628 2074 765 2137 ζετο.
825 2068 886 2120 Οἱ
942 2065 988 2119 δ’
1049 2062 1214 2118 ἄλλοι
1286 2058 1792 2130 διασκεδαννύμενοι
1851 2056 2132 2132 πανταχοῖ)
2184 2065 2283 2127 τῆς

625 2156 839 2230 Θρᾴκης
869 2155 920 2208 οἱ
975 2154 1070 2226 μὲν
1119 2150 1435 2220 ἡλίσκοντο,
1489 2150 1540 2202 οἱ
1592 2146 1646 2202 δὲ
1677 2149 1736 2201 ἐκ
1782 2152 1877 2201 τοῦ
1927 2147 2068 2220 παρὰ
2125 2145 2278 2219 δόξαν

623 2245 713 2298 καὶ
747 2241 1093 2312 διεσώζοντο.
1127 2241 1188 2293 Οἱ
1225 2233 1408 2312 μέντοι
1456 2258 1516 2310 γε
1559 2241 1666 2290 τῶν
1715 2235 1954 2306 οἰκείων,
2005 2238 2086 2296 οἷς
2131 2256 2189 2289 τε
2217 2235 2280 2290 τὸ

624 2335 800 2389 κοινὸν
833 2338 1081 2406 ταμιεῖον
1133 2329 1516 2404 ἐπετέτραπτο,
1578 2324 1668 2379 σύν
1726 2323 1942 2386 τούτοις
1995 2322 2050 2378 δὲ
2093 2325 2180 2379 καὶ
2227 2325 2278 2379 οἱ

623 2423 763 2500 ἀμφὶ
793 2423 884 2477 τὸν
916 2419 1170 2490 σουλτὰν,
1219 2419 1314 2480 τὰς
1358 2421 1465 2471 τῶν
1500 2414 1709 2491 ἐχθρῶν
1761 2412 1924 2487 μόλις
1968 2411 2277 2487 διαδράντες

622 2659 718 2698 ces
750 2641 848 2713 qui
874 2642 945 2696 de
971 2638 1245 2696 hostibus
1268 2652 1384 2707 quo
1408 2634 1534 2690 loco
1556 2637 1755 2689 essent
1776 2636 1834 2687 et
1857 2630 1995 2702 quid
2021 2634 2280 2702 agerent,

618 2729 949 2786 necessaria
980 2729 1129 2783 scitu
1191 2723 1523 2796 suggesturi
1581 2721 1947 2786 advolarant,
1979 2720 2278 2774 inauditos

617 2817 816 2890 repelli
852 2816 1250 2887 contingebat,
1287 2810 1684 2883 imprudentia
1713 2810 1840 2864 sine
1872 2808 2051 2863 dubio
2078 2808 2275 2864 exclu-

616 2908 880 2963 dentium
916 2921 1168 2977 magna:
1203 2903 1302 2958 sed
1339 2919 1442 2956 sua
1472 2917 1570 2956 eos
1600 2903 1984 2954 excaecaverat
2013 2902 2273 2953 conster-

616 2997 796 3064 natio,
823 2995 1027 3061 nimio,
1063 2998 1128 3048 ut
1184 2991 1430 3047 (“$85
1474 2989 1632 3044 exitii
1696 2993 1853 3042 metu
1911 2987 1970 3040 in
2030 2986 2269 3042 exitium

622 3091 878 3141 ruentes.
912 3084 1173 3138 Tandem
1208 3077 1868 3151 aagerrime,faventibus
1900 3076 2157 3130 noctium
2188 3081 2272 3131 te-

613 3177 834 3241 nebris,
861 3175 1098 3244 juvanle
1131 3171 1198 3224 ad
1225 3169 1527 3226 latendum
1562 3165 1877 3221 solitudine
1908 3163 2143 3219 callium
2179 3164 2269 3218 in-

2416 643 2521 692 νῶν
2579 640 2947 696 ἀναπνέουσιν³
3001 644 3078 701 Οὐ
3141 648 3248 717 μὴν
3298 645 3354 701 δὲ
3402 649 3489 701 καὶ
3548 649 3624 712 εἰς
3681 649 3822 703 πολὺ
3892 653 4059 727 σφίσιν

2414 728 2482 795 ἦν
2542 730 2575 797 ἡ
2638 734 2744 782 τῶν
2804 731 2981 785 πόνων
3046 731 3246 803 ἄνεσις,
3303 734 3429 790 ἀλλ’
3489 737 3686 792 ἐκεῖνοι
3721 739 3979 810 μαθόντες
4003 742 4061 795 τὰ

2413 818 2535 893 περὶ
2593 821 2684 873 τὸν
2731 820 2986 893 σουλτᾶν,
3035 824 3125 877 καὶ
3159 825 3242 879 ὅτι
3290 829 3358 898 τῇ
3392 824 3543 898 Δί’νῳ
3592 829 3905 902 προσμένει,
3959 832 4058 902 ἅμα

2413 903 2471 959 δὲ
2515 906 2606 960 καὶ
2639 909 2762 982 περί
2810 914 2916 963 τῶν
2969 910 3180 980 ἄλλων,
3215 913 3383 968 ἐκεῖσε
3429 913 3704 988 πανδημεὶ
3738 917 3954 989 σύναμα
3976 921 4056 974 καὶ

2408 1000 2486 1066 τῷ
2545 1000 2933 1071 Κωνσταντίνῳ
2991 1004 3462 1075 συναθροισθέντες
3521 1006 3620 1073 τήν
3666 1004 3827 1060 πόλιν
3881 1028 4053 1079 περιε-

2407 1084 2642 1155 κάθηντο
2700 1087 2788 1141 καὶ
2823 1086 2971 1142 δεινά
3001 1089 3238 1160 ἐποίουν,
3272 1089 3436 1161 δῆλοι
3485 1089 3634 1156 ὄντες
3665 1095 3737 1155 ὡς
3767 1095 4051 1150 ἀνάστατον

2405 1177 2747 1243 ποιήσοντες.
2797 1173 3254 1252 Ἠκροϐολίζοντο
3303 1185 3428 1255 γοῦν
3484 1183 3599 1235 καθ’
3647 1179 3855 1258 ἡμέραν
3905 1206 4049 1260 περι-

2404 1261 2729 1327 κυκλοῦντες
2782 1267 2844 1320 τὸ
2894 1267 3174 1342 φρούριον,
3225 1269 3313 1322 καί
3352 1269 3618 1338 ἠπείλουν
3650 1278 3764 1333 τοῖς
3805 1273 3974 1341 ἐντὸς,
4008 1275 4048 1327 εἱ

2408 1353 2483 1423 μὴ
2516 1350 2790 1426 προδοῖεν,
2820 1356 2886 1408 τὰ
2917 1356 3188 1431 χείριστα,
3238 1359 3303 1414 Οἱ
3339 1357 3396 1412 δὲ
3449 1360 3678 1434 ὁρῶντες
3727 1362 3820 1433 μὲν
3871 1362 3962 1415 καὶ
3991 1365 4048 1416 τὰ

2403 1437 2552 1494 δεινὰ
2584 1441 2634 1494 ἐν
2665 1444 2789 1516 χρῷ
2821 1444 2998 1520 σφίσιν
3053 1446 3202 1515 ὄντα,
3252 1447 3342 1501 καὶ
3395 1448 3468 1509 ὡς
3522 1449 3583 1501 οὗ
3624 1450 3796 1524 φυκτὰ
3823 1451 3891 1504 τὰ
3922 1453 4047 1505 κατὰ

2401 1535 2559 1605 σφᾶς,
2605 1531 2647 1583 εἰ
2707 1527 3040 1605 ἐπιϐρίσειαν
3074 1532 3286 1602 πλῆθος
3334 1531 3483 1597 ὄντες
3535 1535 3650 1590 οὐδ’
3707 1537 3789 1591 ἐπὶ
3858 1540 4043 1610 μικρὸν

2399 1617 2772 1691 λογιζόμενοι,
2805 1622 3036 1695 ὁρῶντες
3064 1621 3121 1676 δὲ
3149 1624 3238 1677 καὶ
3287 1626 3348 1678 τὸ
3399 1624 3657 1702 φρούριον
3692 1627 3767 1687 ὡς
3813 1648 4041 1696 κατερη-

2399 1705 2663 1781 ριμμένον
2725 1709 2814 1762 καὶ
2859 1707 3092 1764 ἐνδῶσον
3134 1711 3323 1766 αὐτίκα
3373 1713 3417 1766 εἰ
3472 1716 3836 1788 μηχανήμασι
3881 1735 4043 1787 προσ-

2396 1797 2663 1868 κρουσθῇ,
2698 1795 2750 1850 έν
2810 1795 3007 1859 δεινοῖς
3056 1802 3213 1868 ἦσαν.
3269 1801 3422 1868 Πλὴν
3454 1799 3569 1855 οὐδ’
3619 1800 3670 1855 ο’ί
3701 1824 3762 1876 γε
3787 1803 4041 1879 κατερρᾳ·

2397 1882 2602 1954 θύμουν
2666 1886 2741 1955 μὴ
2794 1885 2881 1939 καὶ
2949 1894 3200 1959 προνοεῖν
3252 1890 3464 1949 ἑαυτοῖς
3511 1890 3578 1944 τὰ
3632 1890 3705 1951 εἰς
3751 1891 4040 1965 σωτηρίαν.

2396 1972 2479 2026 Ἐν
2545 1973 2695 2048 μέρει
2745 1971 2802 2027 δὲ
2844 1975 2935 2028 καὶ
2986 1976 3037 2028 οἱ
3087 1976 3210 2050 περὶ
3262 1978 3324 2031 τὸ
3373 1978 3554 2032 κοινὸν
3605 1985 3851 2050 ταμιεῖον
3896 1980 3947 2033 έν
3974 1979 4042 2033 ἐνο

2390 2059 2564 2123 νοίαις
2619 2060 2863 2132 μείζοσιν
2924 2065 2959 2133 ἢ
3018 2064 3196 2140 φέρειν
3249 2067 3406 2136 ἦσαν,
3465 2071 3582 2127 πῶς
3641 2065 3700 2120 ἂν
3753 2065 4038 2138 διασωθείη

2389 2147 2548 2209 τόσος
2599 2151 2774 2222 σωρὸς
2808 2150 3136 2224 χρημάτων,
3167 2153 3291 2214 ὅσος
3346 2153 3396 2207 ἐν
3433 2154 3737 2227 νομίσμασι
3783 2157 3872 2209 καὶ
3921 2157 4042 2215 ὅσος

2391 2234 2442 2289 έν
2504 2234 2784 2314 διαφόροις
2843 2238 3216 2314 θεωρούμεννς
3274 2240 3475 2297 εἷ’δεσι.
3531 2243 3628 2297 Καί
3681 2265 3744 2316 γε
3785 2244 3874 2298 καὶ
3919 2244 4038 2318 περὶ

2389 2323 2646 2388 πλείονος
2692 2335 2793 2396 τῆς
2827 2333 2973 2406 σφῶν
3023 2329 3292 2404 σωτηρίας
3337 2335 3640 2400 ποιοῦντες,
3671 2328 3844 2387 δεινὸν
3874 2334 4041 2408 ἡγού-

2393 2436 2545 2488 μενοι
2575 2417 2663 2470 καὶ
2717 2417 2991 2472 πεσόντων
3053 2418 3269 2473 ἐκείνων
3303 2419 3351 2473 εἶ
3391 2421 3565 2475 τόσων
3615 2420 3676 2475 τὸ
3719 2423 3901 2476 κοινὸν
3935 2443 4043 2476 στε-

2391 2634 3185 2707 obsederunt,0ppugnantes
3199 2652 3372 2707 quam
3384 2639 4044 2710 poterantt'erocissime,

2390 2739 2456 2777 ac
2489 2723 2660 2794 plane
2693 2741 2807 2794 prae
2840 2741 2902 2779 se
2932 2724 3186 2780 ferentes
3217 2727 3624 2783 destructuros
3664 2745 3726 2783 se
3757 2731 4040 2800 oppidum

2387 2827 2520 2866 cum
2555 2828 2708 2867 arce.
2739 2813 2966 2868 Corona
2995 2813 3177 2884 igitur
3203 2815 3456 2870 cinctam
3521 2817 3910 2873 munitionem
3944 2835 4042 2873 sa-

2385 2900 2550 2971 gittis
2580 2902 2842 2974 undique
2873 2903 3027 2958 286
3055 2920 3120 2958 ac
3147 2903 3360 2973 jaculis
3409 2922 3512 2976 per
3567 2906 3723 2961 diem
3765 2908 4043 2963 continue

2384 2991 2676 3060 petebant,
2703 2996 2760 3046 et
2789 2992 3157 3047 atrocissima
3188 3009 3436 3064 quaeque
3465 2995 3868 3065 praesidiariis,
3894 2997 3950 3050 ni
3980 3012 4041 3051 se

2381 3081 2649 3134 dederint
2679 3082 3074 3138 minabantur.
3105 3081 3213 3146 Qui
3242 3087 3438 3138 autem
3473 3085 3632 3138 intus
3665 3086 3910 3141 erantin
3945 3103 4038 3140 ar-

2379 3173 2437 3223 to
2465 3186 2527 3223 se
2553 3169 2969 3241 deprehensos,
3002 3171 3239 3225 admota
3278 3172 3549 3227 cominus
3581 3177 3636 3227 et
3683 3174 3808 3243 jam
3839 3181 4033 3229 cutem

607 3265 857 3328 viorum,
911 3263 1137 3317 Ganum
1201 3262 1462 3312 montem
1524 3255 1865 3310 conscendit
1920 3253 2257 3325 imperator,
2295 3258 2337 3324 α
2375 3272 2579 3311 exorsa
2613 3274 2780 3312 urere
2811 3257 3206 3313 ineluctabilis
3235 3259 3291 3312 vi
3351 3259 3512 3327 mali,
3549 3262 3892 3331 sentientes,
3925 3280 4039 3317 aes-

608 3353 824 3409 relictis
839 3350 1254 3415 comitibus,et
1275 3345 1380 3401 sibi
1409 3349 1574 3415 prout
1592 3344 1839 3413 quisque
1865 3341 2263 3412 possetjussis

606 3441 930 3498 consulere.
952 3439 1098 3494 Nam
1119 3454 1218 3505 eos
1241 3450 1482 3499 suorum
1510 3434 1608 3504 qui
1643 3448 1792 3503 pone
1819 3431 2266 3486 assectabantur

608 3532 798 3603 magis
832 3531 1139 3599 magisque
1170 3524 1519 3595 desperabat
1549 3523 1801 3592 effugere
1835 3536 2004 3591 posse
2050 3536 2262 3573 manus

603 3621 886 3676 hostium.
921 3619 1101 3672 Erant
1130 3619 1324 3669 autem
1355 3612 1416 3666 hi
1451 3612 1552 3683 qui
1597 3626 1812 3680 penum
1846 3614 1903 3663 et
1953 3608 2260 3676 pecuniam

600 3707 1039 3782 imperatoriam
1072 3705 1403 3776 portabant,
1435 3706 1493 3755 et
1537 3699 1734 3754 sultan
1783 3698 2064 3753 Azatinus
2123 3713 2257 3752 cum

599 3801 746 3856 suis.
781 3805 958 3854 Porro
991 3797 1312 3865 imperator
1345 3791 1443 3846 ubi
1488 3797 1745 3845 montem
1805 3787 2008 3854 subiit,
2041 3786 2257 3842 celeres

597 3891 657 3944 in
691 3889 920 3943 diversa
954 3885 1218 3950 mittens,
1250 3881 1343 3936 hic
1378 3881 1617 3951 quidem
1673 3879 2062 3933 adventantes
2121 3891 2255 3947 spe-

595 3978 924 4040 culabatur,
960 3972 1280 4029 attentione
1319 3985 1555 4025 summa
1579 3971 1851 4038 satagens
1883 3965 2064 4020 latere
2095 3965 2256 4036 ipsos

601 4073 658 4125 et
688 4067 978 4137 effugere;
1014 4064 1073 4117 in
1107 4062 1282 4116 aliam
1313 4074 1448 4115 vero
1509 4063 1732 4129 partem
1790 4058 2004 4110 missos
2052 4072 2257 4110 curare

597 4157 913 4228 diligenter
935 4150 1117 4223 jussit
1141 4154 1205 4204 ut
1223 4147 1483 4203 triremis
1511 4163 1685 4216 quam
1709 4143 1962 4216 primum
1988 4159 2256 4199 occurre-

597 4252 706 4313 ret,
731 4243 913 4300 monti
939 4258 1056 4312 qua
1088 4254 1249 4294 mare
1280 4235 1472 4308 tangit
1492 4235 1799 4290 confestim
1831 4250 1892 4289 se
1915 4235 2252 4300 admovens;

595 4342 652 4390 et
683 4335 884 4389 hostes
916 4332 1154 4401 quidem
1191 4343 1324 4382 mox
1368 4329 1718 4396 apparentes
1776 4323 1971 4378 locum
2029 4339 2097 4377 ex
2127 4322 2252 4377 loco

595 4428 835 4485 mutans
868 4420 1114 4475 solerter
1145 4416 1342 4480 elusit,
1378 4430 1683 4484 nunquam
1717 4413 1790 4468 iis
1823 4412 1930 4467 etsi
1973 4411 2251 4466 acerrime

590 4512 1013 4582 indagantibus
1036 4511 1406 4576 conspectus.
1426 4505 1749 4559 Triremem
1781 4507 1976 4557 autem
2002 4518 2250 4556 cumco-

589 4602 885 4675 gnovisset
916 4599 1269 4653 instructam
1306 4598 1513 4665 praesto
1555 4609 1685 4647 esse
1743 4592 1811 4646 ad
1874 4591 2244 4661 designatum

586 4691 774 4755 littus,
809 4704 875 4742 eo
907 4702 1041 4740 cum
1076 4685 1305 4755 exiguis
1347 4682 1663 4737 comitatus
1714 4678 1928 4749 dilapsi
1981 4677 2244 4748 reliquiis

586 4778 950 4835 descendens
981 4793 1011 4830 e
1043 4781 1239 4830 monte
1270 4772 1610 4829 conscendit
1633 4771 1690 4824 in
1728 4773 1989 4841 paratam
2023 4769 2241 4837 navim,

585 4876 644 4927 et
675 4870 759 4924 sic
791 4854 1360 4936 Constantinopolim
1395 4863 1594 4918 salvus
1620 4863 1826 4916 tenuit.
1859 4859 1969 4913 Alii
2021 4858 2237 4930 passim

584 4956 837 5032 dispersi
870 4971 973 5028 per
1003 4954 1313 5010 Thraciam
1377 4953 1588 5022 partim
1623 4949 1774 5020 capti
1833 4953 1989 5014 sunt,
2026 4947 2239 5018 partim

582 5054 792 5121 praeter
821 5045 1156 5118 Opinionem
1192 5043 1518 5099 incolumes
1549 5043 1883 5095 evaserunt.
1915 5042 1984 5092 At
2018 5037 2100 5091 illi
2133 5039 2239 5092 do-

581 5135 964 5193 mesticorum
998 5134 1218 5205 quibus
1251 5136 1376 5187 erat
1399 5129 1792 5200 imperatoriae
1814 5125 2238 5197 suppellectilis

577 5233 634 5283 et
667 5226 926 5300 pecuniis
960 5224 1286 5279 deferenda:
1317 5236 1458 5275 cura
1488 5219 1827 5284 commissa,
1853 5215 2238 5286 quibuscum,

577 5324 640 5373 ut
670 5323 760 5373 est
789 5317 1035 5380 dictum,
1063 5313 1259 5368 sultan
1293 5313 1437 5379 ibat,
1470 5325 1621 5380 aegre
1654 5307 1931 5362 manibus
1976 5306 2232 5361 hostium

574 5406 894 5479 elapsi/Eni
921 5420 1114 5460 arcem
1138 5403 1459 5458 subeuntes
1474 5397 1783 5470 paululum
1814 5413 1846 5450 a
1868 5395 2234 5466 gravissimis

572 5498 852 5552 aerumnis
887 5495 1276 5564 respirarunt.
1299 5490 1413 5546 Sed
1448 5505 1559 5543 non
1589 5487 1762 5556 longa
1794 5485 1915 5539 illis
1947 5485 2235 5556 contingit

571 5586 841 5642 remissio
875 5584 1166 5640 laborum.
1200 5580 1346 5635 Nam
1407 5578 1607 5633 hostes
1640 5575 1872 5648 cognita
1902 5575 1974 5628 de
2000 5573 2232 5628 sultane

569 5676 671 5732 ubi
702 5679 880 5740 esset,
914 5677 973 5728 et
998 5687 1134 5728 eum
1167 5686 1302 5726 cum
1338 5668 1471 5724 aliis
1504 5667 1562 5721 in
1612 5665 1743 5720 Eni
1803 5679 1934 5719 arce
1984 5664 2228 5736 versari,

565 5766 767 5823 statim
795 5761 1135 5837 congregati
1166 5775 1304 5817 cum
1327 5756 1716 5814 Constantino
1741 5751 2001 5809 universi
2027 5753 2229 5808 urbem

2372 3346 2618 3400 tuabant
2649 3346 2802 3400 anxii
2834 3351 2890 3401 et
2919 3351 3149 3402 tantum
3184 3364 3299 3402 non
3332 3348 3780 3419 despondebant
3802 3352 4036 3406 animos

2371 3432 2834 3505 haudquaquam
2898 3451 3027 3490 sese
3060 3453 3227 3507 pares
3287 3437 3640 3507 repellendis
3698 3440 4034 3495 assultibus

2371 3522 2652 3590 hostium,
2687 3525 2757 3589 si,
2807 3525 2961 3596 quod
2998 3541 3133 3579 mox
3191 3527 3450 3580 futurum
3507 3527 3833 3598 apparebat
3889 3531 4033 3584 totis

2369 3612 2591 3668 viribus
2624 3613 2933 3679 irruerent,
2969 3613 3187 3685 quippe
3212 3614 3311 3685 qui
3335 3630 3395 3669 se
3418 3619 3577 3670 tanto
3601 3615 3748 3685 ipsis
3790 3617 4033 3672 inferio-

2369 3718 2459 3757 res
2475 3718 2720 3757 numero
2738 3702 3023 3772 viderent,
3043 3704 3113 3757 ad
3139 3703 3261 3757 haec
3280 3719 3412 3758 arce
3427 3703 3690 3760 inclusos
3706 3721 3765 3759 se
3791 3707 3891 3760 inﬁ
3903 3723 4032 3761 rma

2368 3798 2426 3848 et
2455 3792 2824 3856 semidiruta,
2859 3793 3030 3862 cujus
3061 3808 3191 3862 quas
3233 3794 3535 3849 restabant
3591 3795 3818 3866 integra
3867 3796 4029 3851 haud

2365 3882 2681 3937 essentiam
2705 3881 3869 3953 solidioperisutposssentmacbinarum
3893 3901 4033 3941 mox

2365 3971 2625 4042 undique
2639 3972 3138 4027 admovendarum
3163 3972 3458 4027 sustinere
3479 3971 3789 4044 impetum.
3805 3975 4030 4031 Tamen

2364 4063 2422 4116 in
2453 4061 2633 4116 tantis
2671 4061 2843 4116 malis
2875 4077 3162 4115 memores
3193 4061 3430 4116 virtutis
3453 4061 3674 4117 nullam
3703 4063 4032 4136 diligentiae

2362 4151 2865 4223 providentizeque
2909 4155 3132 4222 partem
3184 4150 3556 4218 omittebant,
3590 4152 3744 4207 omni
3799 4156 4033 4210 ratione

2362 4245 2695 4314 satagentes
2716 4245 2771 4296 et
2807 4257 2866 4296 se
2886 4241 3046 4311 ipsos
3061 4246 3116 4296 et
3142 4241 3252 4296 sibi
3267 4242 3641 4297 commissam
3667 4260 3902 4299 servare
3937 4262 4034 4301 ar-

2359 4347 2506 4384 cem.
2544 4329 2859 4385 Peculiaris
2905 4328 3064 4384 inter
3092 4328 3216 4383 haec
3247 4328 3580 4384 sollicitudo
3637 4335 3764 4385 erat
3823 4340 4031 4387 custo-

2358 4419 2500 4474 dum
2524 4419 2913 4496 imperatoriaa
2932 4419 3355 4490 suppellectilis
3375 4434 3441 4474 ac
3473 4421 4029 4491 pecuniiepublicm,

2359 4525 2476 4580 quo
2501 4510 2718 4563 ferrent
2732 4513 2788 4563 et
2810 4509 2906 4563 ubi
2931 4508 3158 4562 salvum
3180 4508 3236 4562 in
3263 4512 3387 4562 tuto
3402 4509 3762 4580 deponerent
3784 4516 4027 4565 tantum

2357 4613 2628 4653 acervum
2646 4614 2840 4652 rerum
2862 4597 3449 4669 pretiosissimarum,
3467 4599 3828 4666 quantumin
3854 4600 4030 4657 cistis

2355 4688 2657 4742 conditum
2693 4703 3007 4741 numerum
3042 4688 3307 4742 ferebant
3338 4688 3553 4758 partim
3586 4705 3775 4743 aureae
3807 4705 4028 4760 argen-

2354 4781 2578 4846 teaaque
2598 4781 2866 4842 monetae,
2887 4775 3101 4846 partim
3132 4791 3395 4830 vasorum
3423 4791 3489 4830 ac
3510 4776 3762 4830 vestium
3789 4779 4032 4850 conspi-

2352 4880 2471 4918 cuae
2504 4864 2648 4918 artis
2681 4880 2746 4918 ac
2789 4864 3001 4935 pretiii.
3035 4865 3293 4919 Tandem
3347 4863 3431 4918 rei
3473 4871 3773 4920 momento
3833 4873 3891 4921 et
3927 4869 4027 4923 sui

2351 4952 2611 5023 ipsorum
2645 4953 2820 5007 ofﬁcii
2857 4952 3052 5007 debito
3094 4969 3404 5023 perpenso,
3438 4970 3682 5008 suarum
3716 4971 3850 5010 esse
3882 4971 4028 5026 par-

2350 5042 2498 5096 tium
2515 5043 3037 5097 statueruntvitam
3061 5042 3258 5112 potius
3279 5043 3632 5114 profundere
3648 5059 3826 5114 quam
3847 5049 4030 5101 tanto

2349 5132 2627 5187 thesauro
2661 5132 2717 5185 in
2755 5146 2966 5186 manus
2998 5130 3256 5185 hostium
3316 5133 3606 5187 tradendo
3642 5135 4028 5204 irreparabili

2348 5222 2561 5276 damno
2592 5220 3015 5291 rempublicam
3075 5221 3352 5292 affligere.
3388 5221 3540 5277 Certi
3596 5239 3733 5294 ergo
3795 5229 4024 5279 conatu

2347 5311 2506 5367 omni
2542 5316 2721 5381 atque
2748 5311 3045 5365 industria
3087 5311 3440 5367 contendere
3501 5312 3560 5366 in
3619 5313 4025 5369 custodiendo

2346 5400 2490 5455 tanti
2524 5398 2695 5470 pretii
2749 5400 3013 5469 deposito
3063 5399 3320 5470 primum
3382 5400 3813 5471 pretiosissima
3844 5417 4022 5472 gem-

2347 5505 2472 5543 mas
2491 5494 2548 5543 et
2571 5488 2919 5558 margaritas
2947 5486 3093 5542 velis
3113 5488 3329 5558 quibus
3353 5493 3522 5543 erant
3550 5488 3785 5543 intextis.
3809 5491 4016 5546 detra-

2341 5579 2568 5646 hentes,
2604 5593 2722 5630 una
2769 5593 2902 5632 cum
2964 5576 3329 5632 ornamentis
3385 5576 3786 5649 imperatoriis
3849 5584 3909 5633 et
3945 5596 4020 5635 eo

2340 5668 2491 5737 quod
2525 5667 2582 5719 in
2614 5669 2736 5720 tota
2765 5682 2920 5737 penu
2945 5672 3072 5722 erat
3111 5665 3517 5738 exquisitioris
3547 5667 3741 5738 pretii,
3765 5668 4023 5722 abstru-

2339 5756 2595 5812 sissimis
2617 5755 2972 5814 infodientes
2995 5757 3105 5813 sub
3137 5761 3294 5812 terra
3331 5757 3828 5812 commendarunt
3861 5757 4021 5815 late-
