4246 6446
173 367 271 423 681

1238 364 1331 416 DE
1374 362 1744 418 MICHAELB
1781 357 2225 417 PALBOLOGO
2263 360 2397 415 LIB.
2440 362 2537 416 III.

3479 359 3587 415 682

177 496 346 565 ροῖτο,
369 488 631 563 πρόνοιαν
670 485 920 563 φυλακῆς
952 486 1195 541 ἐποίουν.
1245 483 1450 553 Καὶδή
1495 485 1684 549 λίθους
1735 486 1829 559 μὶν
1858 488 1911 554 Α
1940 484 2030 538 καὶ
2080 486 2376 558 χρήμασι,
2426 486 2515 539 καὶ
2561 483 2872 550 τούντεῦθεν
2918 490 3390 559 καθυπισχνοῦντο
3442 484 3591 558 σφίσι

178 580 411 639 ἐκείνους
466 578 557 632 καὶ
619 574 937 650 μαργάρους
987 579 1095 629 τῶν
1152 573 1379 629 πὲπλων
1429 575 1687 629 ἀπέσπων
1743 574 1832 628 καὶ

178 667 227 723 ἰν
269 668 461 745 ἀφανεῖ
502 665 871 739 κατέκρυπτον
930 664 1044 736 ἅμα
1095 662 1331 724 καὶτοῖς
1387 662 1684 737 βασιλείοις
1730 683 1833 738 φο-

181 757 395 834 ρὲμασι,
427 761 510 830 [Ρ.
552 756 677 826 457]
720 753 812 808 καὶ
868 758 972 807 πᾶν
1007 751 1061 807 εἷ’
1097 773 1150 806 τι
1202 751 1455 827 λαμπρὸν
1510 754 1601 806 καὶ
1650 751 1833 824 τίμιον

179 841 585 919 παραϐυοῦντες
634 841 873 917 ἐτέρουν,
921 840 1078 896 αὐτοὶ
1138 842 1190 895 εὶ
1242 842 1377 916 πρὸς
1434 845 1514 896 τῶ
1570 840 1834 913 πολεμεῖν

182 937 317 1003 ἦσαν
349 933 441 987 σὺν
486 937 603 993 τοῖς
658 929 906 1000 λοιποῖς,
955 930 1045 983 καὶ
1103 929 1183 1006 ἐφ’
1241 928 1367 983 ὅσον
1423 925 1616 1004 ἴσχυον
1672 950 1838 1004 παρεο

182 1025 530 1091 ωυάζοντο,
588 1018 801 1082 ἔνδόθεν
862 1017 1158 1094 βάλλοντες
1211 1018 1391 1089 τόξοις
1442 1038 1499 1072 τε
1543 1018 1633 1071 καὶ
1680 1038 1838 1093 σφεν-

183 1111 389 1173 δόναις.
415 1108 571 1167 Ἀλλ’
603 1110 704 1163 οὐκ
732 1106 928 1177 ἤνυτον
967 1108 1031 1161 τὸ
1060 1104 1334 1182 παράπαν·
1385 1111 1470 1178 τῷ
1500 1108 1605 1180 γὰρ
1637 1106 1839 1175 πλήθει

185 1202 237 1256 οἳ
294 1199 487 1275 ἐχθροὶ
544 1204 808 1271 περιῆσαν
843 1238 859 1267 ,
921 1196 1012 1250 καὶ
1084 1195 1361 1267 κλίμακας
1435 1196 1843 1270 εὐτρεπίσαντες

186 1289 453 1345 ἐπιθεῖναι
508 1292 625 1348 τοῖς
679 1286 917 1360 τείχεσιν
977 1284 1311 1357 ἐπειρῶντο·
1365 1289 1683 1357 παρώτρυνε
1739 1285 1842 1357 γὰρ

185 1378 426 1438 ἐκείνους
474 1375 646 1432 πλέον
688 1373 779 1427 καὶ
810 1375 981 1441 ἡτῶν
1040 1374 1349 1447 χρημάτων
1391 1372 1467 1433 εἷς
1494 1377 1684 1445 χεῖρας
1718 1371 1843 1425 ὅσον

189 1466 346 1521 οὕπω
394 1464 777 1538 γενησομένων
826 1461 1021 1528 ἐλπὶς,
1073 1461 1165 1515 καὶ
1215 1456 1500 1534 ἐπέὄριθον
1546 1462 1621 1521 ὡς
1668 1460 1844 1537 λαφύ-

188 1556 393 1625 ξοντες.
429 1553 607 1608 Ἀλλά
633 1556 802 1607 ταῦτα
849 1553 944 1623 μὲν
970 1550 1031 1604 τὸ
1064 1549 1207 1604 πολὺ
1256 1549 1491 1618 πλῆθος,
1538 1550 1617 1611 οἷς
1651 1548 1750 1605 οὐκ
1778 1549 1845 1617 ἦν

196 1643 342 1699 ἄλλο
392 1645 427 1713 ἢ
486 1644 548 1696 τὸ
599 1638 898 1716 κερδαίνειν
959 1636 1238 1713 προῦργου
1292 1638 1513 1700 παντός’
1573 1638 1624 1691 οἱ
1682 1636 1740 1692 δὲ
1791 1658 1849 1711 γε

192 1738 535 1807 προεστῶτες
567 1730 657 1786 καὶ
705 1730 784 1790 οἶς
828 1730 895 1797 ἦν
945 1731 979 1797 ἡ
1029 1731 1234 1802 σκέψις,
1279 1729 1341 1781 τὸ
1393 1729 1487 1800 μὶν
1550 1726 1847 1796 κερδαίνειν

1937 574 2039 641 τήν
2077 570 2277 629 ἄδειαν.
2309 576 2431 634 Τοῖς
2465 571 2511 626 δ’
2544 574 2829 629 ἀκούσασιν
2880 578 2913 644 ἡ
2970 575 3145 649 βουλή
3198 572 3452 647 διάνδιχα
3500 572 3590 639 ἦν·

1938 665 2055 723 τοῖς
2102 662 2195 733 μὲν
2241 662 2344 735 γὰρ
2394 658 2570 717 ἐδόκει
2619 660 2849 736 διδόναι,
2900 665 2976 725 ὡς
3024 669 3267 737 κρεῖττον
3328 660 3385 717 ὃν
3434 661 3593 716 αὐτὸν

1942 750 2202 812 ἔκονυίως
2255 749 2511 813 ἐκδόντας
2564 751 2744 808 τᾶλλα
2800 759 3102 829 περιποιεῖν
3134 752 3169 820 ἢ
3207 755 3281 825 μὴ
3312 753 3597 816 θέλοντνας

1944 840 2077 915 πρὸς
2135 845 2216 911 τῷ
2274 836 2670 896 συναποϐαλεῖν
2728 842 2875 913 αὐτῷ
2929 843 2996 896 τά
3051 842 3220 896 πάντα
3270 842 3361 895 καὶ
3401 841 3595 904 αὐτοὺς

1944 926 2268 983 κινδυνεύειν
2298 973 2311 997 ,
2371 931 2422 983 οἱ
2476 928 2533 984 δὲ
2578 932 2669 985 τὸν
2705 930 2762 985 ἐκ
2811 937 2907 985 τοῦ
2969 930 3234 1006 βασιλέως
3292 931 3594 985 ἀντετίθουν

1946 1012 2138 1094 φόϐον,
2192 1019 2280 1071 καὶ
2332 1020 2411 1072 die
2467 1020 2843 1090 ὑπομονητέον
2904 1018 3119 1093 ἕλεγον¹
3177 1020 3320 1093 τάχα
3364 1022 3463 1093 γὰρ
3498 1021 3593 1073 κά·

1946 1109 2118 1162 κεῖθεν
2168 1107 2605 1181 προσαποστελεῖ
2647 1108 2875 1180 δόναμιν
2934 1107 3099 1181 (μηδὲ
3154 1112 3254 1183 γὰρ
3295 1110 3593 1180 ἀμελήσειν

1946 1195 2118 1250 τόσων
2177 1199 2507 1271 χρημάτων)
2574 1197 2662 1251 καὶ
2712 1193 3122 1272 προσδοηθήσει
3184 1195 3274 1251 διὰ
3328 1197 3601 1267 θαλάσσης

1948 1286 2036 1338 καὶ
2070 1287 2205 1357 ἡμῖν
2235 1285 2498 1359 ἐπαμυνεῖ
2530 1286 2623 1340 τὸν
2671 1284 2942 1341 κίνδυνον.
2974 1287 3035 1342 Εἴ
3070 1284 3117 1340 δ’
3148 1286 3264 1354 οὖν,
3314 1284 3461 1339 ἀλλά
3498 1288 3599 1354 τήν

1955 1377 2052 1428 τοῦ
2102 1373 2336 1428 σουλτάν
2364 1376 2609 1451 κεφαλὴν
2665 1375 3037 1447 ἀποτεμόντας
3088 1368 3188 1443 ἔξω
3235 1378 3331 1428 τοῦ
3379 1375 3604 1449 τείχους

1950 1468 2067 1523 τοῖς
2097 1462 2322 1538 ἐχθροῖς
2362 1462 2593 1539 ῥιπτεῖν,
2627 1464 2700 1527 ὡς
2727 1464 2759 1532 ἧ
2789 1461 3225 1539 καραδόκήσασιν
3261 1464 3604 1537 ἀποχωρεῖν,

1953 1553 1987 1619 ἢ
2043 1550 2391 1623 ὁρμηθέντων
2438 1552 2731 1624 ἀμύνεσθαι
2781 1555 2931 1623 ἡμᾶς
2985 1553 3229 1625 ἀντέχειν
3279 1549 3384 1612 ἕως
3440 1554 3609 1614 θανά-

1952 1662 2072 1708 του,
2104 1642 2192 1695 καὶ
2237 1640 2271 1708 ἢ
2305 1645 2439 1695 Θεοῦ
2480 1662 2586 1695 που
2632 1640 2887 1715 συνεργίᾳ
2926 1643 3300 1714 περιγενέσθαι
3330 1642 3364 1710 ἢ
3396 1640 3609 1696 πίπτειν

1958 1732 2091 1806 ὑπὲρ
2119 1736 2219 1799 τῆς
2266 1730 2343 1794 είς
2391 1729 2617 1805 βασιλέα
2665 1732 2919 1792 πίστεως.
2969 1734 3144 1785 Ταῦτα
3197 1730 3610 1804 βουλευομένων

195 1821 331 1884 τοὺς
362 1820 583 1875 ἐκείνων
613 1821 705 1874 καὶ
736 1820 928 1890 ἔξωθεν
960 1816 1021 1871 ἐκ
1048 1824 1147 1886 τῆς
1193 1816 1383 1892 χώρας
1436 1817 1583 1890 εἶχον
1625 1814 1847 1889 ἕτοιμον
1882 1850 1931 1917 Β
1959 1819 2169 1895 ἐκράτει
2205 1820 2301 1892 μὶν
2327 1822 2361 1888 ἡ
2386 1817 2609 1893 δευτέρα
2660 1821 2856 1894 βουκὴ,
2915 1825 3192 1894 καρτερεῖν
3243 1820 3333 1874 καὶ
3392 1816 3468 1873 ἔτι
3521 1820 3613 1875 ἐκ-

1802 1904 1815 1924 ἱ

196 1908 253 1965 ὅν
286 1912 377 1965 καὶ
426 1910 596 1965 πλέον
643 1907 677 1977 ἤ
720 1910 820 1976 τήν
870 1911 1017 1983 σφῶν
1076 1904 1357 1979 ἐμπιπλᾷν
1413 1904 1725 1977 ἐπιθυμίαν,
1758 1904 1854 1959 αὖ·

195 2000 324 2062 τοὺς
354 1999 400 2053 δ’
451 1999 497 2054 εἲ
527 1998 816 2074 ἀστοχοῖεν
860 2001 966 2051 τῶν
1017 1995 1066 2067 ἐξ
1117 1996 1297 2070 ἀρχῆς
1351 1996 1725 2069 προκειμένων
1765 1996 1854 2070 γε·

198 2088 354 2147 λωτα
408 2084 596 2165 ὄφλειν
655 2086 903 2159 ἐνόμιζον
932 2128 945 2141 .
1007 2086 1161 2141 Ὅθεν
1211 2082 1301 2138 καὶ
1360 2084 1671 2157 πέμψαντες
1725 2085 1859 2155 μετά

195 2180 297 2248 τὴν
353 2178 682 2252 παράστασιν
728 2180 835 2231 τῶν
879 2173 1069 2230 δεινῶν
1114 2173 1205 2228 καὶ
1243 2172 1307 2227 τὸ
1351 2171 1518 2242 δεῖξαι
1568 2174 1641 2234 ὡς
1683 2173 1858 2228 ίκανοί

200 2266 305 2321 εἶσι
337 2265 711 2341 περιγενέσθαι
753 2265 842 2319 καὶ
894 2260 1047 2318 πέντ’
1089 2257 1259 2336 ἔχειν,
1316 2262 1397 2335 ἐφ’
1448 2260 1523 2316 ἐνὶ
1570 2266 1647 2332 τῷ
1695 2260 1858 2317 σουλ-

199 2356 296 2409 τάν
325 2356 389 2410 τὸ
420 2359 525 2409 πᾶν
567 2354 799 2424 ἐτίθουν,
829 2353 916 2407 καὶ
966 2351 1208 2425 ἀπῄτουν
1259 2349 1463 2406 ἐκεῖνον
1516 2352 1629 2423 ἅμα
1659 2350 1776 2423 λαῷ
1804 2372 1861 2407 τε

208 2556 358 2611 bris.
393 2552 511 2624 Ipsi
544 2552 627 2607 sic
651 2549 901 2623 expediti
934 2549 1313 2605 accinxerunt
1344 2564 1405 2603 se
1452 2564 1584 2602 cum
1636 2548 1859 2603 caeteris

205 2648 277 2704 ad
303 2661 484 2718 quam
518 2643 836 2700 fortissime
867 2642 1276 2713 pugnandum,
1308 2640 1635 2711 iaculantes
1684 2640 1861 2695 simul

204 2752 416 2792 omnes
446 2748 477 2787 e
509 2732 697 2787 muris
730 2734 788 2786 in
810 2734 1251 2802 oppugnatores
1269 2729 1525 2785 arcubus
1550 2734 1607 2783 et
1628 2728 1860 2797 fundis;

204 2839 553 2896 quanquam
584 2821 643 2875 in
676 2821 785 2875 hoc
814 2820 1050 2891 quidem
1094 2818 1478 2889 proﬁciebant
1510 2835 1737 2889 parum,
1762 2820 1863 2873 ob-

203 2918 417 2969 ruente
454 2910 837 2965 multitudine
870 2908 1019 2964 281
1056 2906 1340 2975 hostium,
1374 2907 1473 2977 qui
1506 2907 1680 2962 etiam
1716 2924 1864 2977 pra-

206 3000 435 3073 paratis
451 2997 628 3055 scalis
646 2998 704 3052 in
722 3012 923 3052 muros
937 2994 1166 3051 insilire
1182 2996 1570 3051 conabantur.
1601 2996 1867 3050 Addebat

208 3090 367 3145 enim
402 3088 715 3143 ruentibus
749 3084 939 3141 calcar
969 3086 1112 3140 odor
1149 3084 1548 3139 subemanans
1588 3088 1761 3139 tantae
1805 3083 1865 3140 in

1965 1906 2300 1982 δεχομένους
2337 1908 2613 1983 βοήθειαν.
2661 1908 2751 1963 καὶ
2799 1914 2916 1970 τοῖς
2962 1909 3056 1981 μὲν
3109 1906 3207 1980 ἔξω
3258 1909 3482 1982 ἀναρτᾷν
3516 1908 3613 1962 ἐλ-

1963 1995 2124 2058 πίδας
2181 1998 2256 2059 ὡς
2307 1994 2717 2065 ὲκδωσείοντας,
2772 1996 2968 2051 αὐτοὺς
3024 1994 3080 2049 δὲ
3132 1997 3385 2069 μένοντας
3446 1998 3499 2050 εὖ
3546 1998 3614 2050 τὰ

1964 2087 2102 2140 κατά
2156 2090 2289 2162 σφᾶς
2345 2086 2418 2146 ὡς
2475 2087 2591 2140 οἷόν
2642 2106 2701 2139 τε
2757 2087 3038 2152 τίθεσθαι,
3099 2086 3170 2145 ὡς
3228 2084 3611 2158 ἀνθεξομὲνους

1968 2174 2049 2239 te’
2076 2174 2198 2229 ὅσον
2242 2174 2485 2250 παρείκει
2542 2175 2631 2228 καὶ
2690 2179 2765 2247 μὴ
2826 2174 3076 2249 βοηθείας
3134 2174 3410 2250 φανείσής.
3466 2174 3526 2228 Εἰ
3562 2173 3617 2229 δὲ

1968 2261 2326 2319 κινδυνεύοιεν
2395 2263 2642 2318 πλεόνων
2720 2259 3111 2339 ἐπιϐρισάντων
3179 2268 3286 2317 τῶν
3354 2264 3615 2338 χαλεπῶν

1969 2352 2213 2427 κεφαλὴν
2250 2354 2470 2426 μὶντοῦ
2521 2351 2753 2408 σουλτάν
2812 2354 2938 2424 μήτ’
2998 2351 3277 2407 ἐκκόπτειν
3338 2356 3478 2425 μήτε

1972 2566 2102 2604 nem
2158 2566 2291 2604 eum
2343 2549 2556 2621 populo
2597 2554 2651 2603 et
2696 2549 2944 2620 pecunia
2977 2551 3279 2615 dederent,
3321 2549 3430 2619 ipsi
3475 2550 3619 2605 salvi

1972 2638 2203 2694 abirent
2232 2655 2348 2709 quo
2382 2639 2607 2705 liberet,
2642 2639 2835 2693 omnis
2867 2639 2937 2693 ab
2971 2654 3032 2694 se
3074 2638 3355 2694 molestiae
3405 2644 3620 2695 securi.

1976 2727 2073 2782 llis
2106 2727 2353 2782 Romani
2384 2727 2601 2783 auditis
2619 2726 2677 2781 in
2696 2727 2845 2783 duas
2863 2744 2925 2783 se
2955 2728 3286 2783 contrarias
3304 2729 3625 2785 sententias

1975 2816 2295 2871 sciderunt.
2329 2815 2692 2883 Quibusdam
2733 2816 3044 2872 videbatur
3073 2817 3465 2889 praestabilius
3498 2819 3626 2872 darl

1978 2904 2128 2960 ultro
2160 2909 2389 2960 mature
2421 2905 2576 2975 quod
2610 2920 2743 2961 mox
2773 2906 3241 2977 extorquendum
3289 2906 3342 2959 vi
3393 2913 3536 2974 erat,
3571 2912 3630 2962 et

1977 2994 2258 3049 beneficio
2289 2994 2529 3050 exitium
2562 2994 2844 3050 redimere
2874 3011 3005 3050 cum
3031 2995 3286 3050 eibitum
3320 2995 3392 3051 iis
3412 2997 3631 3067 pariter

1979 3085 2348 3156 impendens,
2400 3101 2528 3154 quas
2578 3084 2762 3139 stulta
2811 3101 2989 3156 supra
3034 3086 3189 3140 vires
3238 3084 3632 3141 obstinatione

212 3178 548 3250 prepinquo
580 3190 647 3229 ae
682 3174 851 3246 quasi
884 3174 996 3229 sub
1029 3188 1270 3228 manum
1305 3173 1563 3244 pecuniae
1589 3172 1869 3242 jacentis,
1900 3202 1944 3269 ο
1983 3173 2133 3229 tueri
2165 3174 2605 3229 contenderent.
2640 3174 2728 3228 Ab
2761 3174 2853 3228 his
2883 3173 2982 3229 alii
3013 3174 3460 3242 dissentiebant,
3496 3192 3632 3231 con-

211 3267 385 3338 cujus
431 3265 642 3335 opimas
697 3264 937 3334 ObjBOitB
988 3262 1255 3317 faucibus
1301 3277 1367 3317 ac
1430 3262 1599 3333 quasi
1654 3262 1868 3317 famem

214 3356 416 3411 afflato
443 3370 513 3409 ex
542 3353 731 3408 vicina
764 3353 965 3406 nidore
1000 3350 1339 3422 proritsntis
1379 3350 1684 3406 confestim
1722 3349 1871 3405 abli-

211 3444 514 3518 guriendze
546 3442 785 3498 admota
836 3441 1044 3512 przedaa
1092 3455 1227 3510 spes
1275 3440 1535 3495 immane
1585 3444 1872 3511 quantum

218 3532 619 3605 rapacissimis
650 3530 867 3603 gentis,
898 3534 1021 3584 toto
1053 3529 1278 3584 dudum
1311 3530 1443 3583 nisu
1478 3527 1880 3583 incumbentis

217 3623 289 3677 ad
320 3620 827 3693 perrumpendum
886 3616 1118 3689 quidvis
1146 3618 1409 3685 obstans,
1440 3618 1604 3673 novis
1626 3616 1878 3673 cumulis

219 3711 438 3767 furoris
455 3704 868 3764 inﬂammabat
881 3707 893 3760 i
906 3711 1158 3778 mpetus.
1176 3708 1265 3762 Eas
1281 3710 1477 3763 tamen
1494 3706 1877 3779 cogitationes

220 3808 390 3856 erant
426 3798 589 3871 vulgi
639 3798 923 3853 duntaxat
974 3795 1222 3852 minoris
1271 3812 1338 3852 ac
1379 3796 1651 3851 militaris
1698 3795 1877 3861 faecis,

223 3889 457 3945 lucrum
489 3886 777 3944 intuentis
800 3902 1011 3954 unum,
1043 3901 1111 3942 eo
1128 3890 1340 3942 cuneta
1372 3885 1699 3956 referentis,
1720 3888 1882 3941 extra

220 3980 279 4034 id
314 3978 465 4034 nihil
497 3991 854 4049 magnopere
882 3975 1162 4032 curantis.
1200 3975 1327 4031 Alia
1355 3976 1689 4031 sentiebant
1729 3974 1878 4046 opti-

226 4074 419 4123 mates
458 4083 527 4122 ac
570 4068 773 4132 duces,
827 4081 1079 4137 quorum
1152 4063 1391 4120 arbitrio
1432 4064 1883 4121 deliberationes

224 4156 735 4212 concludebantur
762 4161 820 4210 et
849 4155 1112 4227 regimen
1142 4154 1477 4209 vertebatur
1517 4153 1881 4210 universum.

226 4247 349 4303 llos
377 4244 672 4318 cupiditas
699 4243 940 4300 inhians
969 4247 1028 4299 et
1053 4260 1240 4299 avarm
1269 4260 1403 4310 spes
1433 4242 1492 4299 in
1522 4243 1703 4315 hujus
1733 4244 1888 4299 areis

228 4334 675 4408 oppugnatione
706 4351 825 4389 non
855 4332 1154 4399 tenebant,
1189 4332 1356 4388 facile
1387 4332 1593 4405 utique
1625 4334 1887 4389 videntes

228 4425 455 4481 affatim
506 4427 670 4479 extra
713 4427 975 4494 prostare
1031 4438 1134 4494 per
1200 4423 1496 4493 regionem
1552 4422 1889 4478 universam

231 4512 565 4585 spoliorum
598 4528 663 4567 ac
695 4511 923 4583 prada,
955 4527 1084 4583 quae
1115 4514 1283 4582 raptu
1317 4514 1722 4583 congestaque
1748 4511 1890 4567 faei-

1981 3267 2071 3317 tra
2103 3262 2461 3317 disserentes
2488 3262 2604 3318 ista
2630 3278 2757 3334 quas
2792 3264 2864 3317 ab
2897 3262 3165 3318 hostibus
3197 3264 3376 3318 exitia
3407 3270 3635 3320 metue-

1978 3358 2198 3421 rentur,
2227 3352 2454 3422 justius
2487 3352 2558 3407 ab
2581 3352 2932 3423 imperatore
2957 3352 3367 3419 formidanda;
3394 3354 3487 3422 qui
3516 3354 3636 3408 uti-

1980 3456 2093 3511 que
2126 3441 2307 3511 ipscs,
2349 3441 2398 3495 si
2423 3441 2685 3511 juratam
2713 3440 2886 3497 fidem
2911 3445 3131 3497 terrore
3162 3442 3500 3512 abjecerint,
3522 3460 3637 3499 me-

1982 3529 2113 3585 ritis
2139 3528 2335 3601 legum
2367 3529 2675 3602 suppliciis
2704 3532 3073 3586 maetaturus
3102 3530 3255 3586 288
3298 3532 3396 3587 sit.
3441 3534 3631 3596 Quare

1982 3617 3011 3674 aiebantobﬂrmsndumanimumin
3027 3618 3336 3675 resistendi
3361 3626 3634 3676 constan-

1982 3708 2087 3774 tia,
2118 3712 2176 3763 et
2215 3707 2503 3778 patienter
2550 3708 2975 3780 exspectandas
3017 3709 3217 3780 copias
3264 3708 3633 3780 imperatoris

1984 3796 2130 3869 ipsis
2148 3797 2276 3853 sine
2291 3797 2473 3853 dubio
2491 3814 2604 3854 non
2628 3799 2708 3853 ita
2725 3798 2910 3853 multo
2933 3802 3066 3869 post
3085 3797 3300 3854 auxilio
3317 3805 3628 3868 venturas;

1986 3903 2103 3942 non
2134 3885 2290 3941 enim
2325 3884 2725 3959 neglecturum
2756 3886 3102 3958 prudentem
3136 3887 3457 3958 principem
3502 3894 3637 3944 tan-

1987 3981 2106 4032 tam
2138 3990 2306 4031 suam
2342 3974 2649 4047 pecuniam
2680 3991 2931 4039 servare,
2965 3974 3150 4030 missa
3178 3981 3419 4032 strenue
3451 3977 3637 4034 classe

1988 4081 2117 4137 quas
2145 4068 2378 4137 patente
2408 4063 2557 4119 mari
2588 4064 2805 4119 auxilia
2828 4064 3387 4135 portaretobsidioni
3406 4067 3635 4123 solven-

1989 4155 2077 4210 das
2106 4154 2461 4209 suffectura:
2494 4153 2553 4207 id
2585 4151 2673 4208 vel
2704 4154 2755 4208 si
2808 4152 3053 4219 deferet,
3104 4169 3340 4209 censere
3372 4172 3501 4212 sese
3533 4159 3638 4212 ab-

1991 4244 2244 4301 scissum
2275 4241 2530 4298 sultanis
2560 4245 2735 4312 caput
2764 4242 2836 4297 ad
2870 4241 3068 4297 hostes
3111 4259 3142 4297 e
3175 4260 3344 4298 muro
3392 4261 3646 4316 superne

1987 4333 2332 4405 jactandum
2359 4350 2372 4388 :
2400 4335 2502 4387 aut
2529 4330 2685 4386 enim
2719 4347 2868 4402 quos
2899 4329 2980 4387 ibi
3009 4331 3364 4387 detinuisset
3406 4343 3647 4390 eatenus

1996 4422 2211 4494 cupida
2256 4420 2611 4491 exspectatio
2663 4419 2979 4490 recipiendi
3014 4419 3289 4484 sultanis,
3341 4424 3649 4494 desperato

1992 4514 2115 4583 jam
2145 4512 2274 4582 ejus
2304 4509 2419 4565 voti
2448 4509 2654 4565 effectu
2690 4509 2975 4565 recessuri
2997 4510 3306 4565 confestim
3333 4518 3520 4579 erant,
3548 4520 3649 4570 aut

230 4583 346 4659 lior
376 4601 451 4657 ad
483 4600 936 4656 exsaturandam
968 4598 1347 4671 quantamvis
1376 4600 1712 4656 aviditatem
1744 4601 1889 4657 satis
1919 4583 1964 4646 Ῑ)
1997 4599 2139 4673 ipsis
2166 4598 2412 4655 irritatis
2443 4596 2617 4653 amici
2646 4598 2799 4652 eaade
2829 4602 2885 4652 et
2915 4597 3123 4654 saevius
3154 4588 3221 4654 in
3245 4616 3351 4654 nos
3384 4601 3453 4655 ad
3476 4601 3646 4657 ultio-

236 4695 420 4748 esset.
470 4689 584 4745 Sed
632 4705 699 4745 eo
750 4689 1139 4745 movebantur
1186 4689 1342 4759 quod
1394 4689 1779 4761 providebant
1808 4706 1895 4756 se,

239 4781 357 4837 nisi
390 4779 688 4835 destinata
704 4780 1071 4852 perficerent,
1101 4779 1285 4834 risum
1304 4778 1607 4835 debituros
1624 4779 1895 4852 impune-

244 4886 359 4942 que
387 4870 511 4925 fore
541 4868 815 4924 ludibrio.
850 4870 1039 4935 Quare
1066 4868 1136 4923 ad
1164 4868 1339 4924 ﬁnem
1372 4869 1740 4941 propositum
1774 4885 1895 4925 ree-

242 4964 363 5015 tam
418 4958 572 5014 hanc
620 4974 749 5014 esse
789 4959 944 5013 viam
1015 4957 1148 5023 rati,
1214 4957 1471 5024 territos,
1521 4962 1587 5013 ut
1624 4974 1732 5029 par
1775 4962 1901 5015 erat

241 5050 506 5117 credere,
527 5053 811 5120 apparatu
834 5052 1013 5119 atque
1033 5046 1354 5103 insultihus
1377 5048 1585 5119 primis
1604 5048 1899 5104 Romanos

244 5138 529 5196 custodes
544 5137 699 5193 areis
726 5152 830 5209 per
849 5140 1040 5192 certos
1066 5135 1337 5193 homines
1354 5141 1678 5208 tentarunt,
1698 5138 1903 5193 admo-

245 5233 460 5286 nentes
486 5227 645 5284 haud
674 5244 806 5302 esse
830 5227 993 5300 ipsos
1024 5227 1374 5296 resistendo,
1406 5232 1463 5284 et
1494 5228 1638 5284 satis
1661 5244 1765 5300 pro
1797 5244 1907 5284 sua

245 5317 573 5390 prudentia
598 5318 795 5374 videre
820 5333 994 5389 posse
1022 5318 1478 5374 Constantinum
1509 5321 1567 5373 et
1610 5317 1906 5374 Tocharos

246 5407 426 5465 facile
454 5408 734 5480 perficere
750 5408 905 5480 quod
935 5411 1104 5463 erant
1124 5408 1409 5480 aggressi,
1441 5411 1499 5462 et
1517 5423 1709 5463 arcem
1727 5424 1905 5463 unam

247 5497 432 5553 istam
464 5512 499 5551 a
526 5496 707 5552 fundo
736 5496 991 5552 diruere.
1036 5495 1417 5553 Consulereut
1464 5495 1648 5568 igitur
1694 5497 1805 5553 sibi
1855 5501 1912 5553 et

248 5588 482 5643 cladem
528 5585 802 5642 ultimam
854 5589 1085 5641 matura
1152 5602 1258 5642 nec
1318 5586 1596 5642 indecora
1643 5586 1913 5657 pactione

250 5679 695 5750 praverterent.
726 5679 846 5731 Bas
877 5674 1036 5748 leges
1065 5675 1513 5749 compositionis
1535 5676 1656 5733 fore
1678 5690 1693 5731 :
1719 5675 1913 5734 ﬂuita-

580 5794 846 5855 ΡΑτιιοι.
891 5790 1001 5852 Ga.
1048 5790 1305 5855 CXLIII.

2002 4706 2133 4746 nem
2165 4688 2546 4761 expetendam
2581 4688 2912 4757 ruentibus,
2943 4687 3260 4759 optabilem
3292 4691 3461 4747 nobis
3482 4708 3653 4747 occa-

2003 4780 2230 4836 sionem
2262 4779 2465 4834 datum
2489 4777 2561 4831 iri
2576 4776 2664 4831 vel
2682 4776 2816 4832 ﬁdei
2845 4777 3418 4850 ergaimperatorem
3443 4787 3655 4837 nostrai

2005 4870 2164 4926 obita
2212 4885 2317 4941 pro
2364 4884 2431 4924 eo
2480 4868 2799 4940 pugnando
2861 4872 3047 4923 morte
3109 4868 3508 4941 obsignandaz,
3570 4872 3658 4928 vel

2007 4960 2299 5033 gloriosa,
2332 4957 2381 5014 si
2408 4962 2564 5019 Deus
2595 4956 2907 5028 adjuverit,
2935 4958 3210 5013 victorias.
3244 4959 3408 5015 Talia
3439 4961 3538 5015 ubi
3574 4962 3662 5016 al-

2010 5052 2303 5105 tercantes
2352 5046 2626 5117 utrinque
2673 5044 3020 5117 aliquandiu
3081 5047 3407 5117 jactarunt,
3467 5053 3679 5107 media

2010 5138 2250 5194 tandem
2276 5135 2568 5193 sententia
2598 5133 3268 5206 praevaluit,.decernens
3293 5155 3666 5209 perseveran-

2012 5228 2157 5283 dum
2184 5226 2375 5281 adhuc
2400 5229 2458 5280 et
2481 5226 2941 5295 exspectandum
2962 5224 3245 5281 auxilium
3271 5227 3664 5299 imperatoris,

2015 5333 2121 5373 nec
2133 5321 2329 5371 tamen
2345 5315 2515 5387 plane
2530 5314 2956 5386 precidendam
2971 5314 3126 5371 hosti
3140 5316 3458 5373 deditionis
3476 5335 3640 5390 spem
3653 5362 3666 5385 ,

2019 5408 2163 5480 quin
2194 5422 2323 5462 eam
2357 5404 2554 5475 potius
2584 5402 2856 5459 alendam
2878 5403 3172 5460 industria
3196 5410 3253 5461 et
3269 5406 3670 5479 simulatione,

2019 5512 2138 5569 quo
2167 5495 2279 5568 ipsi
2313 5492 2753 5564 suspendantur
2782 5493 3019 5561 animis,
3059 5499 3117 5549 et
3142 5495 3419 5552 extreniis
3447 5501 3674 5570 tempe-

2021 5588 2219 5642 rantes
2250 5583 2560 5640 conatibus
2582 5598 2646 5638 re
2670 5581 2730 5637 in
2755 5582 2997 5655 longum
3020 5586 3210 5641 tracta
3232 5584 3417 5640 otium
3443 5587 3681 5645 auxiliis

2025 5678 2365 5755 nostrorum
2381 5670 2498 5727 huc
2516 5686 2579 5727 se
2604 5671 2953 5728 admovendi
2969 5672 3271 5745 prebeant
3293 5691 3307 5730 :
3329 5675 3506 5733 rebus
3526 5676 3688 5734 inte-

3285 5793 3365 5852 22
