4188 6442
621 369 730 422 683

1927 365 2224 420 GEORGII
2264 361 2724 416 PACHYMBRE

3923 368 4034 422 684

623 491 796 545 πτεῖν·
857 486 1186 565 παραϐόλων
1237 492 1339 564 γὰρ
1400 488 1607 563 ἀνδρῶν
1667 488 1756 542 καὶ
1817 489 2168 552 θανατώντων
2207 483 2351 555 τὸΑ
2385 481 2771 557 ἐπιγενομένης
2797 485 3006 559 ἡμέρας
3043 484 3130 538 καὶ
3189 483 3440 561 δευτέρας
3497 489 3632 560 μετὰ
3685 489 3784 556 τὴν
3842 494 4032 564 πρᾶξιν

623 579 892 652 τόλμημα
925 583 1082 651 εἶναι,
1112 580 1174 634 τὸ
1207 577 1251 633 δ’
1284 579 1334 632 ἐν
1369 576 1627 639 σπονδαῖς
1673 574 1992 632 ἀποδιδόναι
2037 580 2137 629 τοῦ
2170 576 2274 628 σώ-

630 675 807 737 ζεσθαι
864 670 929 722 τὰ
989 669 1156 722 Λοιπά
1205 662 1470 722 εὐϐούλου
1520 666 1679 740 ἐγγὺς
1722 665 1998 741 προνοίας.
2050 665 2274 724 Τούτοις

622 756 1077 832 συγκροτηθέντες
1121 761 1237 819 τοῖς
1294 754 1479 830 λόγοις
1528 756 1804 828 πέμπουσι
1861 757 1960 822 τήν
2005 753 2269 828 ταχίστην

619 847 706 899 καὶ
744 847 1131 920 ὑπισχνοῦνται
1188 843 1656 920 βουλευσαμένους
1691 846 1752 916 [Ρ
1787 845 1908 914 158]
1960 842 2039 919 ἐφ’
2089 841 2269 896 ἰκανὸν

619 930 847 1000 ἐξανύειν
881 931 909 984 δ
958 952 1006 984 τι
1043 936 1272 999 ζητοῖεν.
1328 930 1425 984 Καὶ
1477 929 1542 998 ἦν
1592 930 1684 1001 μὶν
1728 927 2040 1001 αὐθημερὸν
2073 930 2107 996 ἡ
2140 927 2268 980 ἀνα-

617 1023 799 1094 κωχή,
831 1019 891 1073 οὐ
928 1022 1034 1091 μὴν
1059 1019 1223 1074 δὲκαὶ
1250 1017 1304 1080 ἐς
1323 1017 1488 1073 πλέον
1513 1017 1729 1094 ἡφίουν,
1754 1013 1881 1070 ἀλλ’
1912 1015 2270 1089 ἐπολιόρκουν

617 1108 939 1168 κυκλοῦντες
995 1108 1082 1162 καὶ
1136 1109 1320 1180 μάχην
1379 1127 1639 1181 καρτεραν
1692 1106 1978 1172 συνίστων,
2037 1104 2172 1179 πρὸς
2203 1103 2269 1172 ἤν

615 1199 664 1249 οἳ
726 1197 873 1257 ἐντὸς
920 1196 1166 1270 ἀντέχειν
1219 1194 1709 1270 κατηναγκαζοντο.
1768 1193 1866 1248 Καὶ
1919 1192 2091 1254 πολὺς
2142 1194 2264 1262 ἧνὴ

611 1286 660 1354 ἐξ
707 1285 1028 1358 ἀμφοτέρων
1087 1279 1216 1356 ἔρις.
1277 1289 1360 1345 Ὡς
1422 1281 1468 1337 δ’
1533 1285 1582 1337 οἱ
1637 1281 1786 1343 ἐντὸς
1843 1280 1953 1351 ¹ἤδη
2004 1284 2262 1350 ἠσθένουν

609 1375 695 1427 καὶ
731 1377 758 1427 ὁ
790 1372 1033 1435 κίνδυνος
1081 1376 1147 1443 ἧν
1199 1376 1335 1428 κατά
1374 1371 1642 1448 κεφαλῆς,
1692 1368 2078 1446 πρεσϐεύονται
2136 1390 2264 1444 παρ’

605 1462 839 1524 ἐκείνους
871 1464 904 1532 ἦ
943 1464 1050 1535 μὴν
1081 1460 1373 1532 ἐκδιδόναι,
1402 1462 1549 1530 πλὴν
1586 1462 1672 1537 ὐφ’
1726 1464 1914 1536 ὅρκοις
1961 1466 2078 1521 τοῖς
2128 1462 2265 1514 κατά

605 1555 738 1605 Θεοῦ
767 1553 853 1605 moi
881 1552 1038 1605 θείων
1072 1553 1184 1623 (καὶ
1233 1551 1333 1627 γὰρ
1384 1552 1519 1625 πρὸς
1565 1553 1658 1604 τὸν
1709 1554 2110 1606 Κωνσταντῖνον
2154 1546 2264 1602 διε-

608 1641 902 1712 μηνύοντο)
964 1639 1222 1713 ἀσφαλῶς
1295 1639 1619 1714 γενομένοις.
1682 1637 1838 1695 Οῦτω
1911 1632 2260 1710 διαπρεσϐευ-

601 1728 849 1800 σάμενοι,
902 1729 1340 1783 κατανευσάντων
1398 1729 1681 1795 κάκείνων,
1740 1726 1828 1780 ἐπὶ
1888 1733 2016 1780 πᾶσι
2077 1730 2258 1801 χρῶν-

2383 573 2656 648 φαίνονται
2716 573 2851 626 κατά
2906 571 3175 628 θάλασσαν
3222 576 3312 628 καὶ
3345 577 3396 629 αί
3451 581 3546 631 τοῦ
3601 577 3868 651 βασιλέως
3909 601 4035 652 τρι-

2380 662 2553 734 ήρεις.
2588 660 2691 716 Καὶ
2751 662 2803 714 αἱ
2839 662 2933 732 μὲν
2989 661 3112 716 ὅσον
3169 661 3322 717 οὔπω
3381 663 3659 738 ἐνώρμουν
3718 667 3854 741 πρὸς
3910 675 4035 730 τοῖς

2380 746 2588 820 λιμέσι,
2625 753 2740 810 τοῖς
2793 747 2849 802 δέ
2901 749 3166 822 μετέμελε
3209 757 3318 806 τῶν
3371 748 3715 824 συμϐάντων.
3750 755 3904 812 Ἀλλ’
3931 757 4034 810 ούκ

2378 835 2525 910 εἶχόν
2557 858 2609 890 τι
2640 836 2892 910 πράττειν
2945 838 3087 893 οὕτω
3132 840 3456 915 γενομένων.
3501 843 3564 897 τὸ
3619 843 3720 917 γὰρ
3775 843 4025 917 ἐπιμηθῆ

2381 925 2704 997 μεταμέλειν
2747 928 2833 996 ἧν,
2886 926 3012 982 ἀλλ’
3072 927 3171 982 οὐκ
3232 928 3439 998 ἐξανύοι
3468 930 3530 984 τὸ
3562 930 3814 987 σύνολον.
3873 936 4031 987 ’Ὀθεν

2375 1015 2461 1067 καὶ
2499 1013 2611 1068 ἐπεὶ
2666 1013 2764 1068 οὐκ
2815 1015 2966 1089 εἶχον
2999 1016 3439 1089 μεταμελόμενοι
3469 1020 3530 1072 τὸ
3561 1021 3788 1093 γεγονὸς
3829 1023 4034 1090 ἀποίη-

2374 1122 2464 1154 τον
2523 1108 2715 1174 θεῖναι,
2768 1103 2855 1157 ἐπὶ
2908 1109 3025 1165 τοῖς
3083 1106 3333 1179 χρήμασι
3377 1108 3473 1161 τοῦ
3529 1108 3804 1183 ἀσφαλοῦς
3855 1111 4034 1184 πρού-

2375 1191 2553 1262 νόουν,
2590 1193 2666 1263 μὴ
2699 1191 2786 1245 καὶ
2846 1191 2932 1246 ἐπὶ
2990 1193 3208 1256 τούτοις
3265 1195 3535 1271 σφαλεῖεν.
3586 1197 4032 1275 Ἐπεπλήμμυρε

2371 1279 2470 1354 γὰρ
2521 1281 2608 1334 καὶ
2668 1278 2753 1335 ἔπι
2804 1281 3028 1343 ὁτόπος
3087 1281 3294 1358 ἐχθρῶν
3359 1282 3877 1361 διασκεγαννυμένου
3928 1295 4030 1343 τοῦ

2370 1367 2638 1438 πλήθους,
2688 1375 2776 1440 Τῷ
2832 1390 2918 1424 τοι
2975 1371 3298 1448 καταντικρὺ
3357 1376 3451 1445 μὲν
3505 1382 3603 1444 τῆς
3657 1377 3874 1438 πόλεως
3934 1380 4032 1441 τᾶς

2367 1460 2612 1531 τριήρεις
2662 1457 2889 1528 ἔστησαν
2951 1460 3231 1535 φέροντες,
3294 1467 3481 1539 στῖφος
3540 1461 3585 1516 δ’
3645 1465 3888 1520 ὁπλιτῶν
3953 1469 4030 1528 ὡς

2366 1551 2553 1620 τεῖχος
2613 1546 2694 1621 ἐφ’
2751 1547 2976 1621 έκάτερα
3023 1550 3311 1617 στήσαντες
3361 1551 3532 1614 οὕτως
3589 1552 3775 1627 ἐξῆγον
3805 1555 3873 1608 τα
3919 1561 4030 1609 τῶν

2371 1634 2664 1708 βασιλείων
2721 1637 3047 1709 χρημάτων,
3108 1638 3196 1690 καὶ
3255 1641 3506 1714 φέροντες
3563 1647 3682 1702 ταῖς
3739 1646 4026 1717 τριήρεσιν

2367 1721 2727 1787 ἐναπετίθουν.
2809 1724 2980 1787 Τέλος
3040 1723 3096 1780 δὲ
3153 1727 3242 1780 καὶ
3326 1727 3480 1782 αύτοὶ
3565 1726 3827 1802 ἐμϐάντες
3889 1733 4020 1787 ἀπέ-

603 1823 798 1889 ταιτῷ
838 1819 1007 1872 ἐκεῖσε
1058 1822 1326 1893 ἀρχιερεῖ,
1369 1819 1434 1874 Ὀ
1469 1815 1524 1872 δὲ
1570 1819 1669 1886 τήν
1729 1817 2004 1886 ἱερατικὴν
2056 1815 2257 1883 στολὴν
2290 1809 2564 1900 Βπλεον.
2622 1813 2770 1868 Ἐπεὶ
2822 1811 2879 1867 δὲ
2937 1809 3236 1869 κατέλαϐον
3290 1817 3389 1883 τήν
3445 1819 4021 1876 Κωνσταντινούπολιν

604 1904 776 1970 ἐνδὸς,
811 1901 992 1960 λαϐὼν
1038 1907 1131 1968 τάς
1184 1907 1324 1969 θείας
1365 1905 1596 1973 εἰκόνας,
1648 1903 1738 1958 σῦν
1789 1903 1946 1958 παντί
1995 1924 2052 1956 τε
2099 1901 2260 1973 ἔξεισι

601 1993 797 2069 κλήρῳ
845 1995 934 2049 καὶ
984 1996 1128 2068 παρά
1173 1997 1262 2050 τὸν
1317 2000 1712 2050 Κιονσταντῖνον
1754 1994 1979 2068 γίνεται.
2041 1994 2139 2049 Καὶ
2189 1990 2255 2061 δὴ

596 2083 956 2138 τελεσθέντων
1013 2089 1120 2138 τῶν
1181 2083 1357 2158 ὅρκων
1413 2085 1516 2139 ὑπὸ
1570 2088 1685 2154 Θεῷ
1742 2081 1828 2137 καὶ
1881 2087 1959 2153 τῷ
2018 2081 2253 2156 ἷεράρχῃ

595 2171 782 2226 εἷ’σεισι
837 2173 928 2244 μὲν
963 2174 990 2226 ὁ
1022 2173 1330 2248 ἀρχιερεὺς,
1389 2172 1583 2228 ἐκεῖνοι
1617 2170 1660 2226 δ’
1693 2171 1848 2235 εὐθὺς
1894 2171 1982 2224 καὶ
2023 2168 2254 2224 σουλτάν

593 2262 680 2314 καὶ
713 2261 884 2314 πάντα
924 2262 990 2315 τὰ
1021 2259 1227 2315 ἐκείνου
1258 2261 1348 2314 σῦν
1396 2267 1513 2322 τοῖς
1563 2260 1699 2332 ἀμφ’
1747 2259 1906 2314 αὐτὸν
1956 2256 2250 2329 ἐκδιδοῦσι,

593 2351 682 2403 καὶ
717 2349 902 2404 αὐτίκα
939 2349 1253 2424 ἀνεχώρουν
1308 2344 1586 2418 λαϐόντες,
1642 2347 1804 2421 μηδὲν
1869 2347 2032 2419 ἀλλο,
2083 2369 2251 2421 προσ-

591 2439 879 2501 ἐπιθέντες’
908 2440 1042 2506 ἦσαν
1074 2441 1175 2515 γὰρ
1221 2441 1286 2494 τά
1332 2444 1439 2493 τῶν
1492 2439 1666 2515 ὅρκων
1773 2439 1881 2510 μὴν
1929 2437 2020 2491 τὸν
2083 2437 2246 2492 σουλ·

586 2529 685 2581 τάν
732 2524 995 2590 λαϐόντας
1052 2529 1395 2602 ἀρκεσθῆναι,
1459 2525 1630 2600 μηδὲν
1687 2527 1982 2603 πράξοντας
2041 2525 2236 2580 πλέον.

589 2614 748 2670 Ἀλλ’
798 2617 871 2690 ώς
912 2615 1074 2685 ἔοικε,
1102 2615 1164 2671 τδ
1216 2614 1491 2692 μοιρίδιον
1540 2616 1788 2691 ἰσχυρὰν,
1840 2612 1934 2669 κᾶν
1969 2614 1998 2668 δ
2026 2636 2079 2669 τι
2116 2615 2243 2689 βου-

589 2704 840 2759 λεύσαιτό
915 2727 995 2767 τις
1072 2708 1444 2780 ἀντιπεριστᾷν
1503 2705 1564 2761 τὸ
1628 2704 1920 2780 μόρσιμον.
1977 2710 2084 2773 Τῆς
2139 2705 2240 2779 γὰρ

585 2903 694 2956 rim
730 2902 948 2958 nostris
975 2919 1151 2974 quam
1172 2903 1294 2957 ﬁeri
1315 2902 1525 2974 poterit
1546 2901 1763 2974 optime
1783 2901 2230 2973 providendum,

582 2997 646 3046 ut
677 3009 854 3063 quam
880 2992 1214 3047 diutissime
1243 2992 1606 3063 resistemus,
1625 2991 1891 3046 tardante
1918 2995 2233 3062 quantum-

579 3081 720 3136 libet
751 3081 1004 3149 auxilio;
1054 3099 1119 3137 ac
1168 3081 1218 3137 si
1269 3080 1356 3137 vis
1409 3081 1636 3160 interea
1684 3082 1872 3151 major
1921 3081 2228 3152 ingruerit,

583 3186 887 3240 nunquam
921 3186 986 3225 eo
1013 3175 1208 3226 tamen
1244 3169 1673 3226 deveniendum
1707 3173 1771 3224 ut
1801 3169 2228 3226 autabscinda-

579 3275 711 3314 mus
729 3263 832 3314 aut
847 3259 1228 3330 projiciamus
1254 3259 1506 3315 sultanis
1523 3264 1703 3330 caput
1724 3276 1737 3314 :
1761 3275 1896 3314 nam
1919 3260 1974 3314 id
1996 3258 2226 3314 facinus

575 3352 729 3402 csset
758 3353 972 3404 temere
991 3349 1308 3404 furentium
1326 3349 1609 3403 etinsana
1635 3347 2041 3418 desperatione
2064 3364 2224 3403 mor-

575 3439 688 3489 tem
723 3436 836 3490 sibi
886 3436 1330 3507 vituperabilem
1390 3437 1838 3493 accersentium.
1881 3439 2017 3504 Quae
2049 3454 2222 3508 porro

573 3527 762 3595 quoad
789 3526 940 3580 vires
962 3526 1350 3597 suppetierint
1377 3527 1708 3582 defenderis
1745 3528 1993 3596 fortiter,
2021 3543 2108 3594 ea,
2133 3526 2220 3582 vel

572 3615 768 3684 potius
801 3614 1077 3685 reliquias
1109 3632 1309 3670 eorum
1330 3616 1996 3688 semiconsumptorum,
2017 3617 2218 3671 defen-

570 3703 731 3758 sione
781 3704 909 3775 ipsa
957 3705 1381 3774 extremosjam
1433 3705 1772 3761 discrimine
1821 3709 2064 3778 urgente
2115 3722 2217 3776 pro

570 3793 757 3847 salute
790 3810 856 3847 ac
875 3794 1062 3864 capite
1085 3793 1325 3865 pacisci,
1341 3794 1624 3865 sapientis
1643 3795 1816 3850 affine
1839 3795 2215 3866 providentiae

566 3887 853 3937 censetur.
892 3882 953 3937 In
983 3883 1103 3938 hazc
1130 3889 1360 3938 decreta
1387 3884 1485 3939 ubi
1517 3901 1718 3940 omnes
1751 3885 2213 3954 consensissent,

565 3973 807 4025 mittunt
838 3971 1039 4026 statim
1075 3972 1173 4043 qui
1199 3973 1470 4028 hostibus
1503 3974 1851 4044 promittant
1875 3974 2127 4028 facturos
2152 3991 2213 4029 se

557 4061 712 4130 quod
749 4061 899 4116 239
915 4061 1215 4130 juberent,
1241 4066 1553 4134 postquam
1578 4062 1857 4133 aliquam,
1887 4063 2212 4118 cessatione

556 4149 958 4220 oppugnandi,
975 4149 1220 4204 liberam
1237 4151 1378 4221 ipsis
1393 4150 1486 4205 ind
1500 4151 1863 4207 ulsissentad
1879 4151 2210 4207 consultan-

552 4239 692 4292 dum
727 4255 974 4292 moram.
1008 4239 1306 4294 Concessze
1340 4241 1396 4294 in
1431 4256 1611 4294 unum
1638 4237 1805 4295 illum
1840 4240 1996 4295 diem
2030 4241 2206 4295 indu.

551 4328 673 4393 ciae,
705 4344 854 4398 quas
896 4344 1028 4381 cum
1083 4327 1324 4398 produci
1375 4327 1802 4399 postulassent,
1853 4329 1998 4384 nihil
2053 4329 2207 4384 ultra

549 4417 625 4469 im
638 4415 864 4487 petrare
881 4416 1193 4471 valuerunt
1210 4416 1368 4488 :quin
1388 4418 1582 4488 potius
1599 4418 1691 4472 die
1706 4418 1905 4473 statim
1921 4423 2204 4489 sequente

546 4506 700 4560 omni
720 4523 788 4560 ex
812 4511 971 4576 parte
1001 4505 1516 4561 vehementissime
1539 4507 1862 4579 Oppugnati
1889 4524 2125 4563 summa
2147 4508 2197 4562 vi

2367 1901 2457 1954 καὶ
2509 1906 2587 1973 τῷ
2647 1901 2863 1976 βασιλεῖ
2919 1902 3256 1977 ἠγγέλλοντο
3311 1904 3378 1958 τὰ
3442 1919 3776 1981 πραχθεντα,
3838 1912 4026 1964 αὐτίκ’

2368 1989 2570 2051 ἐκεῖνος
2629 1989 2766 2064 πρὸς
2819 1993 2917 2059 τήν
2967 1989 3229 2065 ἀγγελίαν
3279 1995 3630 2066 παροξυνθεὶς
3672 1994 3902 2072 ἄσχετος
3953 2000 4024 2066 ἦν

2363 2083 2440 2150 τῷ
2472 2077 2629 2152 θυμῷ
2659 2080 2749 2134 καὶ
2790 2077 2936 2134 δεινά
2981 2079 3175 2138 ἐποίει.
3227 2082 3327 2138 Καὶ
3360 2081 3426 2151 δὴ
3459 2084 3550 2138 τὸν
3607 2087 3699 2157 μὲν
3752 2088 4019 2162 ἀρχιερέα

2363 2166 2438 2228 εἷς
2493 2169 2592 2235 τὴν
2651 2170 2797 2241 παρᾶ
2853 2176 2952 2238 τῆς
3007 2168 3337 2240 Ἐκκλησίας
3394 2172 3568 2240 κρίσιν
3625 2175 3872 2245 καθίστα,
3924 2178 4020 2231 καί

2363 2255 2622 2331 ἐκρίνετο,
2678 2256 2769 2310 καὶ
2828 2257 2985 2332 ἐγγὺς
3039 2257 3178 2326 ἦλθε
3234 2264 3330 2313 τοῦ
3386 2258 3713 2317 κινδυνεύειν
3773 2263 3850 2326 εἷς
3907 2267 4013 2333 τήν

2361 2343 2496 2399 ἰδίαν
2553 2345 2828 2418 ἐπιτιμίαν
2908 2346 2980 2407 ὡς
3039 2353 3158 2408 τοῖς
3235 2355 3528 2424 πραχθεῖσι
3619 2349 4014 2424 μεσολαϐήσας

2356 2433 2579 2496 ἐκεῖνος·
2638 2435 2764 2496 τοὺς
2831 2437 3012 2507 μέντοι
3063 2438 3113 2510 γ’
3175 2437 3468 2500 οἶκείουςὸ
3505 2440 3757 2515 βασιλεὺς
3818 2445 4018 2515 μαστί-

2355 2527 2445 2597 ξας
2508 2529 2594 2579 καί
2656 2525 2729 2586 ὡς
2783 2525 2850 2592 ἦν
2899 2547 3227 2600 γυναικειαις
3284 2528 3562 2600 ἀτιμώσας
3618 2530 3842 2593 στολαῖς
3901 2533 4014 2587 ἀπὸ

2352 2614 2652 2687 προσώπου
2703 2617 2762 2687 [Ρ
2815 2617 2937 2687 159]
2987 2614 3176 2669 ἐποίει·
3215 2615 3312 2670 Καὶ
3369 2618 3588 2690 πέμψας
3632 2621 3726 2682 τας
3782 2621 3878 2692 μὶν
3912 2627 4013 2676 τοῦ

2352 2700 2584 2757 σουλτάν
2635 2702 2710 2764 εἷς
2756 2709 2983 2778 γυναῖκα
3040 2703 3128 2758 καὶ
3174 2705 3460 2780 θυγατέρα,
3515 2703 3592 2762 ἔτι
3654 2707 3709 2762 δὲ
3759 2711 3847 2764 καὶ
3888 2733 4007 2784 μη-

2345 2899 2555 2954 tinum.
2587 2899 2819 2954 Nullam
2864 2900 2956 2954 die
2985 2917 3207 2956 moram
3242 2902 3376 2958 fecit
3423 2906 3844 2974 promissorum
3877 2925 3910 2961 a
3941 2925 4003 2963 se

2341 2989 2515 3044 fidem
2547 2989 2661 3044 Deo
2693 2993 2843 3044 teste
2873 2990 3176 3046 sanciendi
3199 2995 3497 3064 conceptis
3517 2995 3626 3050 rite
3643 2996 3859 3064 verbis,
3882 2998 3998 3052 sub

2340 3077 2686 3133 auctoritate
2719 3094 2784 3133 ac
2808 3083 2953 3133 nutu
2984 3080 3240 3152 episcopi
3274 3083 3599 3152 praesentis.
3631 3085 3737 3148 Qui
3761 3102 3896 3140 cum
3921 3087 3996 3141 ad

2340 3183 2481 3222 suos
2515 3166 2807 3237 rediisset,
2830 3167 3026 3223 statim
3054 3169 3155 3240 qui
3179 3186 3371 3226 arcem
3394 3173 3674 3227 tenebant
3697 3173 4000 3230 sultanem

2339 3256 2694 3311 dimiserunt
2756 3273 2888 3311 cum
2938 3257 3063 3312 suis
3111 3258 3285 3313 rebus
3339 3261 3567 3315 cunctis
3600 3262 4004 3332 univcrsoque

2329 3344 2520 3415 ipsius
2553 3344 2857 3402 comitatu.
2891 3346 2969 3401 Eo
2993 3353 3219 3418 recepto
3247 3349 3552 3404 confestim
3577 3349 3777 3406 hostes
3806 3368 4009 3408 reces-

2327 3439 2553 3502 serunt,
2579 3433 2725 3488 nihil
2749 3433 3006 3506 amplius
3031 3435 3382 3492 facessentes
3405 3438 3687 3494 molestia
3713 3458 3725 3495 :
3753 3446 3996 3496 cautum

2326 3523 2483 3578 enim
2516 3523 2867 3581 sacramenti
2899 3524 3152 3580 formula
3186 3526 3400 3581 diserte
3434 3527 3622 3582 fuerat
3655 3533 3720 3583 ut
3751 3530 3991 3586 sultane

2324 3612 2470 3683 ipsis
2502 3614 2717 3668 tradito
2767 3613 3024 3668 contenti
3060 3612 3202 3668 nihil
3241 3614 3392 3670 ultra
3441 3617 3830 3686 requirerent.
3865 3619 3991 3675 Hoc

2325 3708 2533 3758 eventu
2551 3704 2825 3776 apparuit
2842 3703 3239 3759 ineluctabilis
3258 3704 3438 3759 divin'i
3458 3707 3674 3762 decreti
3695 3711 3990 3777 potentia,

2324 3793 2414 3846 cui
2445 3794 2666 3848 frustra
2697 3793 3238 3849 obsistereconetur
3256 3794 3343 3849 vis
3366 3811 3431 3851 ac
3452 3796 3762 3865 prudentia
3795 3814 3992 3868 quan-

2322 3883 2492 3937 tavis.
2532 3882 2627 3938 Die
2677 3882 2966 3953 sequenti,
3020 3883 3278 3938 secunda
3328 3884 3400 3938 ab
3449 3900 3517 3938 ea
3567 3901 3683 3955 qua
3740 3885 3984 3943 deditus

2320 3969 2518 4024 sultan
2549 3974 2659 4037 est,
2696 3975 2981 4042 apparent
3008 3971 3065 4024 in
3102 3971 3247 4025 mari
3272 3972 3542 4027 triremes
3567 3973 3978 4045 imperatoris;

2318 4075 2567 4130 quarum
2587 4059 2838 4131 appulsu
2857 4059 3044 4115 vicino
3066 4065 3292 4115 tantum
3317 4063 3564 4132 uonjam
3586 4063 3976 4120 subeuntium

2317 4154 2550 4219 portum
2586 4150 2740 4205 240
2782 4165 2911 4204 sera
2945 4149 3224 4204 festinata:
3267 4149 3581 4206 deditionis
3623 4153 3979 4222 pmnitentia

2315 4238 2722 4309 imperatorios
2756 4239 2989 4294 invasit.
3044 4239 3154 4293 Sed
3188 4255 3316 4309 quze
3358 4239 3510 4295 facta
3560 4247 3726 4295 erant
3758 4242 3982 4299 infecta

2312 4328 2436 4381 ﬁeri
2469 4329 2810 4399 nequibant.
2853 4332 2998 4382 Cum
3045 4345 3178 4398 ergo
3211 4327 3370 4383 aliud
3432 4346 3546 4384 non
3580 4337 3844 4400 possent,
3898 4350 3976 4389 ne

2308 4417 2730 4488 supellectilem
2763 4423 2820 4472 et
2852 4417 3159 4488 pecuniam
3194 4418 3562 4489 imperatoris
3585 4437 3615 4476 e
3643 4421 3826 4476 tantis
3845 4425 3974 4478 tam

2306 4522 2455 4578 aegre
2488 4507 2770 4562 hactenus
2805 4507 3080 4578 periculis
3123 4513 3381 4563 servatas
3413 4507 3473 4562 in
3519 4509 3718 4580 aliquo
3769 4512 3974 4568 adhuc

540 4596 866 4651 resistendo
900 4596 1251 4651 contendere
1281 4600 1422 4652 sunt
1453 4599 1660 4653 coacti.
1686 4601 1980 4653 Certatum
2003 4599 2190 4653 utrin-
2222 4583 2269 4647 D
2303 4596 2644 4652 discrimine
2664 4595 3085 4668 relinquerent,
3120 4598 3324 4668 utique
3348 4598 3404 4652 in
3427 4597 3665 4669 regione
3685 4599 3966 4656 hostibus

537 4703 651 4756 que
686 4686 824 4740 totis
857 4685 1104 4754 viribus,
1139 4687 1331 4756 quoad
1375 4686 1502 4756 jam
1555 4687 1895 4742 fatiscentes
1947 4688 2196 4753 obsessi,

537 4781 593 4829 ct
627 4778 891 4829 futurum
926 4773 1078 4830 clare
1115 4780 1420 4832 cernentes
1457 4781 1518 4831 ut
1549 4793 1681 4832 mox
1723 4778 2198 4848 opprimerentur

538 4864 888 4934 praevalente
923 4864 1325 4932 multitudine,
1361 4866 1595 4920 mittunt
1635 4867 1871 4921 tandem
1906 4866 2196 4938 quidedi-

537 4954 752 5008 tionem
785 4953 1214 5024 pollicerentur,
1249 4972 1315 5010 ea
1342 4961 1538 5010 tamen
1567 4956 1921 5025 conditione,
1956 4957 2002 5012 si
2029 4957 2192 5028 prius

530 5043 586 5098 in
624 5049 791 5112 pacta
825 5049 1107 5098 conventa
1130 5045 1556 5114 jusjurandum
1591 5045 1850 5100 solemne
1875 5063 1975 5116 per
2005 5046 2188 5102 Deum

525 5138 579 5187 et
611 5133 807 5188 divina
838 5132 945 5188 rite
978 5133 1048 5187 ab
1083 5135 1568 5204 oppugnantibus
1600 5135 1853 5189 daretur.
1880 5135 1956 5190 Ea
1978 5133 2190 5207 legatio

529 5221 748 5277 directa
778 5223 849 5276 ad
882 5223 1331 5277 Constantinum
1365 5229 1476 5291 est,
1518 5223 1756 5294 quicum
1782 5225 2048 5279 securius
2071 5230 2191 5279 tra-

525 5310 672 5365 ctari
724 5327 893 5382 posse
942 5311 1287 5376 videbatur;
1359 5328 1474 5384 quo
1543 5312 1902 5368 assentiente
1952 5311 2188 5380 oblatis,

525 5401 700 5455 etiam
754 5402 824 5456 de
875 5401 1101 5456 consilii
1154 5405 1211 5456 et
1260 5402 1477 5457 ducum
1538 5403 1825 5458 exercitus
1875 5403 2185 5472 sententia,

523 5490 824 5546 adhibitus
858 5492 927 5546 ad
969 5491 1296 5560 juramenti
1341 5492 1748 5548 caaremoniam
1797 5491 1906 5549 loci
1939 5493 2187 5548 antistes

522 5579 918 5650 pontificalem
944 5580 1192 5634 indutus
1217 5580 1452 5648 stolam,
1475 5598 1672 5637 sacras
1691 5581 1981 5655 imagines
2005 5599 2182 5637 manu

520 5675 781 5740 gestans,
817 5687 950 5725 cum
974 5686 1078 5726 suo
1099 5670 1370 5727 universo
1393 5672 1546 5728 clero
1567 5671 1782 5744 prodiit
1805 5673 1876 5728 ad
1901 5673 2182 5728 Constan-

2311 4686 2502 4756 iisque
2535 4687 2934 4758 rapacissimis
2966 4687 3352 4751 redundante,
3374 4689 3656 4744 ordinatis
3689 4690 3974 4762 utrinque

2309 4776 2365 4829 in
2403 4775 2598 4830 binam
2635 4775 2845 4831 seriem
2878 4777 2950 4831 ab
2979 4793 3108 4831 arce
3129 4775 3187 4830 in
3213 4781 3444 4847 portum
3472 4778 3761 4834 militibus
3779 4797 3978 4836 arma-

2307 4865 2381 4919 tis
2425 4865 2616 4934 regias
2666 4863 2798 4919 illas
2849 4881 3015 4936 gazas
3061 4866 3392 4921 eduxerunt
3431 4867 3970 4942 imposueruntque

2311 4954 2688 5021 triremibus,
2720 4958 2846 5009 tum
2877 4971 3053 5026 super
3081 4955 3261 5026 etipsi
3283 4959 3742 5013 conscendentes
3764 4958 3966 5016 solve-

2305 5052 2456 5099 runt.
2488 5045 2627 5099 Inde
2661 5043 2760 5098 ubi
2784 5043 3137 5115 appulerunt
3153 5046 3742 5118 Constantinopolim,
3759 5050 3967 5120 cogni-

2302 5133 2378 5188 tis
2419 5134 2741 5205 imperator
2781 5151 2907 5204 quae
2961 5133 3332 5205 contigerant
3378 5135 3636 5192 immane
3670 5147 3970 5207 quantum

2301 5223 2637 5278 excanduit.
2668 5223 2747 5276 Ac
2777 5221 3099 5276 antistitem
3134 5222 3371 5292 quidem
3405 5224 3475 5278 ad
3502 5225 3758 5279 tribunal
3781 5226 3974 5283 eccle-

2300 5311 2606 5368 siasticum
2659 5327 2824 5366 reum
2879 5310 3050 5380 fecit;
3102 5328 3430 5383 parumque
3481 5313 3669 5368 abfuit
3722 5316 3872 5385 quin
3919 5318 3972 5372 is

2300 5405 2508 5459 acerbo
2561 5402 2850 5475 supplicio
2903 5402 3091 5458 lueret
3122 5404 3480 5459 iunctionem
3516 5405 3728 5476 recepti
3753 5407 3970 5477 jusjuo

2299 5493 2485 5548 randi.
2523 5493 2884 5548 Domesticos
2911 5493 3149 5564 quidem
3184 5510 3325 5549 suos
3358 5494 3430 5548 ab
3462 5494 3588 5550 Eni
3622 5511 3752 5550 arce
3776 5498 3963 5552 redu-

2296 5600 2415 5648 ces,
2450 5582 2613 5654 prius
2647 5581 2995 5654 flagellatos,
3044 5582 3181 5637 inde
3225 5583 3615 5640 muliebribus
3645 5584 3713 5639 ad
3748 5601 3964 5657 expro-

2298 5674 2624 5728 brationem
2651 5672 2893 5743 ignaviae
2917 5672 3338 5728 dehonestatos
3362 5673 3552 5740 stolis,
3579 5691 3612 5729 a
3634 5683 3964 5746 conspectu
