4246 6446
185 379 290 434 685

1262 380 1360 432 DE
1401 377 1768 432 MICHAELE
1808 375 2251 434 PALEOLOGO
2285 382 2419 434 LIB.
2462 385 2558 437 III.

3488 392 3599 444 686

189 504 313 574 τέρα
343 502 432 556 καὶ
465 499 704 578 ἀδελφὴν
756 500 1107 574 ταττομένας,
1138 501 1226 556 καὶ
1271 501 1399 562 τοὺς
1456 501 1662 555 ἐκείνου
1711 506 1836 554 παῖ·
1867 499 1924 565 Α
1954 503 2221 578 ἀπέλεγον
2287 508 2361 578 μή
2426 511 2604 576 ζητεῖν
2636 525 2649 576 ;
2681 509 2769 560 καὶ
2827 508 2878 562 τί
2925 530 2983 583 γε
3022 507 3162 564 ἄλλο
3193 510 3228 578 ἢ
3261 513 3316 564 σὲ
3366 514 3456 564 καὶ
3510 513 3603 574 τὰς

192 589 283 652 δας
316 593 408 644 σὺν
439 597 554 652 τοῖς
585 592 708 666 περὶ
740 591 975 653 ἐκείνευς
1013 589 1207 644 ἅπασιν
1260 592 1497 665 εἷρκταῖς
1550 591 1842 669 ἀσφαλέσιν

190 677 390 736 ἐδίδου.
442 684 601 734 Ὅσον
664 678 712 733 δ’
770 681 834 748 ἦν
891 680 1075 752 ἐκείνῳ
1135 680 1350 749 πλῆθος
1400 683 1729 755 τχρημάτων
1791 680 1842 735 ἐν

191 770 416 843 ἀργύρῳ
472 791 530 824 τε
586 770 673 824 καὶ
732 775 921 844 γρυσῷ
977 769 1066 823 καὶ
1114 769 1347 831 πέπλοις
1376 770 1646 841 έξάλλοις,
1679 770 1756 826 ἔτι
1790 769 1847 825 δὲ

189 861 278 914 καὶ
340 857 563 921 στολαῖς
622 859 712 912 καὶ
775 861 995 927 ζώναις,
1046 858 1193 914 ἀλλὰ
1247 858 1336 912 καὶ
1401 863 1699 935 μαργάροις
1755 859 1845 914 καὶ

190 947 392 1018 λίθοις,
423 947 692 1020 πάμπολυ
736 948 817 1018 ὸν,
853 948 926 1009 ὡς
961 948 1110 1024 φασὶ,
1143 949 1233 1002 καὶ
1284 949 1464 1002 ἱκανὸν
1513 948 1591 1011 είς
1635 951 1842 1024 τρυφὴν

193 1039 489 1110 Περσικὴν,
521 1042 601 1108 τῷ
630 1041 801 1108 κοινῷ
828 1036 1063 1108 ταμιείῳ
1091 1037 1544 1111 προσανατίθησι.

187 1147 288 1207 κζ’.
342 1147 547 1219 "Quia;
596 1141 886 1219 ὑπεδέξατο
1029 1146 1376 1219 πατριάρχης
1422 1143 1680 1219 Αέλθᾼόντα
1754 1144 1848 1199 τὸν

364 1215 615 1288 βασιλέα,
643 1216 732 1270 καὶ
771 1214 889 1286 μεθ’
921 1214 1051 1269 ὅσου
1080 1214 1316 1290 ἐλέγχόύ
1345 1217 1436 1270 καὶ
1472 1216 1665 1286 ζήλου.

259 1307 323 1376 [Ρ
361 1308 479 1377 160]
538 1306 681 1365 Τέως
739 1301 817 1371 δὲ,
876 1303 1142 1379 πρότερον
1200 1304 1236 1372 ἢ
1284 1308 1452 1359 ταῦτα
1503 1305 1845 1379 γεγενῆσθαι,

194 1393 313 1447 ἐπεὶ
372 1394 602 1454 πολὺςὸ
654 1395 1005 1467 πατριάρχης
1061 1391 1292 1447 κωλύων
1342 1395 1408 1462 ἦν
1468 1395 1559 1448 τὸν
1623 1393 1850 1467 βασιλέα

191 1482 333 1535 κατᾶ
386 1482 727 1554 Χριστιανῶν
783 1479 1150 1556 ἐκπρατεῷειν
1211 1480 1286 1542 ὡς
1347 1480 1446 1534 οὐκ
1521 1478 1850 1549 εὐοδήσοντα

193 1570 414 1631 πάντως
447 1568 749 1646 ἐμφυλίους
780 1573 1034 1624 κινοῦντα
1081 1569 1388 1641 πολέμους,
1421 1569 1544 1623 τότε
1598 1570 1672 1641 μὴ
1717 1572 1851 1624 κατὰ

192 1655 399 1735 τρόπον
472 1658 758 1734 βασιλικὸν
821 1663 889 1732 τῇ
941 1660 1352 1716 Κωνσταντίνου
1419 1657 1849 1732 ἐπιδημήσαντι,

191 1752 274 1819 τῷ
337 1745 562 1821 μεγάλῳ
618 1752 723 1818 νεῷ
775 1747 1050 1801 ἐπιστάντι
1108 1747 1189 1822 ἐφ’
1228 1748 1274 1818 ᾧ
1330 1755 1702 1821 προσκυνῆσαι
1761 1748 1849 1801 καὶ

2636 552 2649 576 9

1953 593 2048 654 σὰς
2081 589 2336 665 δυνάμεις
2397 595 2470 656 εἰς
2529 597 2715 669 μάχην
2774 601 2854 667 τῷ
2913 595 3148 668 δεσπότᾳ
3199 599 3435 673 Μιχαὴλ
3469 601 3602 654 ἱέναι

1951 682 2042 735 καὶ
2071 689 2188 744 τοῖς
2222 683 2428 738 ἐκείνου
2469 686 2904 757 στρατεύμασινς
2940 685 3046 760 οὐχ
3095 689 3208 757 ἅμα
3258 688 3320 740 σὺ
3383 689 3476 760 μέν
3526 693 3604 758 τῷ

1953 776 2193 843 Χριστοῦ
2275 772 2648 845 ένεσημάνθης
2731 773 2961 846 ὀνόματι
3054 776 3302 839 κάκεῖνος
3392 776 3601 852 λάτρης

1953 861 2398 935 Χριστοῦςτίσιν
2452 864 2695 932 εὐκτέον,
2732 861 2917 938 ἔλεγον
2964 866 3108 935 τότε,
3161 872 3452 929 ποιοῦντας
3504 872 3599 932 τὰς

1953 950 2027 1010 εἰς
2077 953 2204 1005 Θεὸν
2255 952 2475 1021 ἱκεσίας,
2505 953 2594 1007 καὶ
2646 954 2780 1006 κατὰ
2823 957 2984 1007 τίνων
3022 954 3319 1026 ὁμιλητέον
3348 961 3462 1027 Θεῷ
3521 959 3596 1018 ὡς

1953 1037 2262 1094 ἐκσπόνδων
2310 1041 2521 1115 ἐχθρῶν
2558 1063 2570 1109 ;
2605 1044 2658 1094 αἱ
2707 1042 2836 1116 ὑπὲρ
2894 1042 3055 1113 ἡμῶν
3112 1044 3269 1117 εὐχαὶ
3313 1047 3400 1099 καὶ
3465 1046 3595 1119 ὑπὲρ

1953 1127 2170 1182 ἐκείνων
2231 1132 2470 1200 πάντως,
2506 1128 2798 1204 ἐπειδήπερ
2852 1132 2941 1184 καὶ
2997 1139 3120 1203 μιᾶς
3185 1131 3423 1207 μάνδραις
3481 1135 3597 1188 ἐστὶ

1952 1222 2048 1271 τοῦ
2102 1219 2358 1291 Χριστοῦ.
2393 1224 2495 1272 Νῦν
2543 1216 2621 1288 δὲ,
2656 1218 2781 1274 ἀλλ’
2829 1218 3129 1294 εὐλογητὸς
3191 1221 3384 1295 Κύριος
3426 1224 3453 1276 ὁ
3505 1223 3600 1297 ῥυ·-

1955 1307 2184 1378 σάμενός
2248 1329 2304 1361 σε
2355 1307 2404 1376 ἐξ
2455 1307 2670 1381 ἐχθρῶν
2742 1309 2974 1380 ἀνόμων.
3029 1312 3303 1365 Ἐπέσεισε
3355 1314 3456 1385 γάρ
3516 1335 3599 1366 σοι

1956 1398 2115 1471 σφέας
2146 1396 2224 1471 ἐφ’
2258 1397 2406 1470 ᾧπερ
2461 1398 2524 1468 [Ρ
2558 1399 2680 1468 161]
2735 1397 3035 1468 ἀναμνῆσαι
3098 1401 3169 1459 ὡς
3220 1399 3312 1462 οῦς
3372 1402 3466 1469 μὲν
3528 1402 3603 1462 ὡς

1956 1484 2187 1560 ἐχθροὺς
2239 1485 2468 1553 ἐζήτεις,
2521 1486 2623 1539 οὐκ
2680 1487 2994 1560 ἐχθραντέοι
3054 1487 3268 1550 πάντως
3355 1488 3602 1551 δικαίως,

1954 1576 2088 1647 ’Ὀρα
2121 1571 2176 1628 δὲ
2226 1575 2352 1634 τοὺς
2401 1573 2657 1648 ἐχθροὺς,
2693 1575 2740 1628 εἴ
2794 1574 3006 1649 βούλει,
3043 1579 3122 1637 οἷς
3184 1578 3283 1630 οὐκ
3339 1577 3398 1630 ἂν
3433 1580 3602 1650 ὁμόσε

1959 1664 2256 1735 χωρήσεις,
2289 1665 2352 1731 ἢν
2393 1663 2468 1734 μή
2501 1661 2605 1736 ἐγὼ
2637 1661 2878 1734 θέλοιμι.
2913 1661 3118 1733 Ἐδειξε
3136 1667 3317 1718 τοίνυν
3351 1667 3439 1719 καὶ
3479 1667 3606 1728 τοὺς

1957 1750 2206 1824 ἐχθροὺς,
2258 1751 2348 1804 καὶ
2409 1745 2656 1824 φοϐήσας
2717 1751 2880 1822 μόνον
2940 1749 3259 1822 μεταϐαλὼν
3319 1755 3599 1829 ἐρρύσατο.

193 1833 493 1890 ἀποδοῦναι
552 1836 621 1890 τὰ
671 1843 772 1904 τῆς
849 1835 1202 1910 εὐχαριστίας
1273 1835 1453 1911 ῥύσια,
1497 1834 1772 1890 κατελθὼν
1823 1837 1850 1889 ὁ
1880 1857 1929 1922 Β
1959 1839 2149 1902 Οὕτως
2181 1838 2290 1894 οἶδε
2321 1839 2523 1913 Κύριος
2551 1839 2788 1914 κρίματα
2837 1845 3031 1897 ποιῶν.
3070 1866 3096 1892 ››
3136 1845 3314 1898 Ταῦτα
3356 1850 3451 1897 τοῦ
3499 1865 3605 1898 πα-

195 1925 550 1999 πατριάρχης
622 1923 867 1993 ὠνείδιζέ
933 1946 992 1979 τε
1067 1923 1253 1993 αὐθὺς,
1310 1924 1710 2000 προσεπιτιθείς
1759 1926 1846 1979 καὶ

195 2015 294 2076 τὰς
351 2013 427 2076 εἷς
483 2015 612 2069 Θεὸν
686 2021 789 2083 τῆς
868 2013 1141 2087 σωτηρίας
1221 2013 1431 2069 ἐκείνου
1489 2015 1852 2090 εὐχαριστίας,

197 2105 311 2171 καὶ,
345 2127 370 2157 a
403 2109 490 2175 Τῷ
545 2108 664 2176 Θεῷ
719 2105 906 2180 χάρις,
951 2127 978 2154 »ν
1025 2100 1202 2178 ἔλεγε,
1236 2128 1263 2156 ‹‹
1324 2105 1408 2159 ὅτι
1466 2104 1717 2173 σέσωσαι,
1766 2103 1854 2158 καὶ

199 2195 391 2267 χερσὶν
427 2193 488 2248 οὐ
516 2192 877 2268 παραδέδοσαι
908 2198 1017 2248 τῶν
1043 2195 1141 2263 τήν
1175 2195 1273 2262 σήν
1315 2196 1502 2268 ψυχήν
1551 2194 1858 2264 ζητούντων

208 2282 453 2356 ἐχθρῶν.
487 2284 555 2340 Τί
607 2280 692 2337 δαὶ
743 2283 811 2337 τὰ
857 2281 1144 2355 παρ’ἐμοῦ
1192 2303 1276 2336 σοι
1323 2283 1446 2337 τότε
1492 2283 1788 2359 λεγόμενα;
1821 2283 1855 2352 ἢ

201 2371 264 2426 οὐ
329 2373 604 2445 μέμνησαι
657 2373 730 2434 ὡς
780 2373 880 2440 τήν
939 2370 1285 2446 ἐκστρατείαν
1369 2370 1610 2427 ἐκώλυον
1666 2373 1742 2433 ὡς
1793 2374 1856 2428 οὐ

199 2460 553 2516 συνοίσουσαν
605 2459 893 2534 ἅντικρυςς
924 2459 985 2515 οὐ
1043 2460 1170 2522 τούς
1212 2459 1519 2538 ἐμφυλίους
1575 2459 1857 2534 πολέμους

204 2662 531 2734 imperator
573 2662 820 2719 removit
863 2678 995 2728 suo,
1028 2661 1307 2733 palatinis
1334 2661 1544 2717 ofﬁciis
1575 2662 1851 2734 privatos.

201 2750 355 2806 Tum
375 2750 557 2806 missa
576 2749 831 2805 militum
852 2765 1032 2804 manu
1052 2747 1302 2804 sultanis
1321 2763 1558 2804 uxorem
1579 2754 1634 2803 et
1650 2748 1853 2819 ﬁliam,

206 2843 460 2894 matrem
494 2846 770 2910 praeterea
785 2841 844 2893 et
859 2853 1122 2893 sororem
1139 2836 1407 2908 ﬁliosque
1421 2837 1686 2907 ejusdem
1716 2853 1851 2892 cum

206 2928 552 2983 domesticis
583 2930 640 2982 et
657 2931 869 2982 cuncto.
889 2925 1113 2982 familia
1131 2925 1398 2980 omnium
1414 2941 1619 2981 eorum
1635 2942 1853 2980 securae

211 3016 498 3071 custodire
531 3015 850 3072 mandavit.
883 3016 1178 3079 Quantum
1214 3031 1384 3086 porro
1416 3013 1604 3070 eidem
1633 3014 1854 3070 suitani

208 3106 552 3161 divitiarum
597 3105 679 3160 ibi
715 3105 827 3160 fuit
854 3103 913 3159 in
945 3120 1086 3160 auro
1117 3109 1475 3176 argentoque
1497 3102 1726 3175 signato
1759 3108 1864 3159 aut

206 3195 358 3250 facto
393 3194 653 3265 velisque
673 3193 1029 3266 insignibus,
1053 3191 1222 3249 stolis
1252 3208 1319 3248 ac
1349 3192 1862 3262 zonis,unionibus

1957 1927 2226 2004 τριάρχου
2275 1928 2528 2009 λ’έγοντος
2580 1928 2817 1999 εὐμενῶς
2876 1930 2903 1983 ὁ
2962 1937 3173 2003 κρατῶν
3239 1930 3457 2006 ἐδέχετο
3513 1934 3606 1994 τὰς

1965 2017 2195 2092 έλέγξεις
2226 2018 2314 2072 καὶ
2347 2019 2677 2091 προσεπῂοει
2713 2036 2723 2047 °
2754 2017 3050 2093 ἀντιλέγειν
3095 2023 3196 2095 γὰρ
3253 2023 3325 2081 ὡς
3378 2020 3605 2083 δικαίοις

1967 2105 2065 2159 οὐκ
2096 2107 2257 2180 εἶχεν,
2281 2105 2404 2161 ἀλλ’
2435 2107 2633 2182 ἐπῆγεν
2693 2110 2766 2170 ὡς
2810 2109 2970 2177 δῆθεν
3024 2109 3474 2182 ἀπολογούμενος
3535 2112 3609 2171 ὡς

1966 2195 2056 2248 καὶ
2103 2194 2325 2269 εἰρήνην
2383 2194 2599 2268 μᾶλλον
2659 2199 2724 2252 τὰ
2769 2207 2870 2267 τῆς
2902 2201 3030 2253 ὁδοῦ
3087 2202 3490 2267 κατηντήκεσαν
3524 2199 3611 2253 καὶ

1967 2284 2040 2344 ὡς
2107 2282 2276 2352 κῆδος
2336 2281 2716 2357 μεσολαϐῆσαν
2776 2289 2870 2351 τὰς
2922 2287 3156 2350 εἰσαῦθις
3214 2285 3445 2351 σπονδὰς
3494 2284 3614 2342 ἐδε-

1968 2367 2220 2428 6αίωσεν.
2255 2374 2314 2430 Ὁ
2347 2374 2440 2444 μὲν
2473 2373 2562 2429 οὖν
2623 2377 2877 2451 βασιλεὺς
2929 2376 3098 2437 οὕτως
3150 2377 3316 2430 εἰπὼν
3373 2377 3452 2445 (οὐ
3511 2380 3611 2450 γὰρ

1969 2463 1997 2516 ὁ
2055 2463 2244 2538 καιρὸς
2300 2461 2480 2518 ἐδίδου
2538 2466 2627 2520 καὶ
2684 2465 2917 2520 πλείονα
2979 2465 3171 2541 λέγειν)
3240 2467 3614 2544 ἀποπεμφθεὶς

1965 2661 2082 2717 dixi
2114 2667 2170 2717 et
2215 2663 2366 2718 serio
2401 2665 2737 2719 denuntiavi
2767 2665 2873 2719 tibi
2920 2681 2990 2720 ne
3039 2664 3191 2721 bella
3237 2666 3429 2720 civilia
3473 2683 3610 2722 sus-

1966 2751 2240 2822 ciperes?
2288 2752 2403 2807 Cur
2450 2770 2587 2825 ergo
2651 2760 2707 2809 te
2774 2760 3024 2824 tuasque
3081 2754 3277 2825 capias
3341 2755 3610 2810 Michaeli

1968 2841 2224 2912 despotas
2255 2842 2648 2913 exercituique
2681 2843 2810 2913 ejus
2843 2841 2901 2897 in
2925 2844 3108 2898 aciem
3142 2860 3488 2915 progressus
3519 2845 3612 2898 ob-

1959 2929 2156 3000 jecisti
2177 2929 2204 2984 ?
2249 2948 2442 2986 nonne
2472 2937 2530 2987 et
2561 2938 2619 2986 tu
2653 2931 2889 2987 nomine
2919 2932 3132 2987 Christi
3167 2933 3435 3005 signatus
3465 2950 3527 2988 es
3557 2939 3614 2988 et

1967 3017 2067 3074 ille
2093 3017 2389 3075 Christum
2423 3021 2706 3093 agnoscit.
2742 3021 3093 3077 Dominum?
3124 3023 3282 3076 Inter
3313 3022 3477 3088 tales,
3499 3022 3615 3077 aie-

1971 3107 2131 3176 bam,
2155 3106 2353 3178 praelio
2384 3108 2700 3165 commisso
2731 3127 2836 3181 pro
2868 3110 3082 3181 quibus
3107 3110 3439 3165 orabimus?
3460 3111 3619 3166 Utris

1971 3197 2301 3267 victoriam,
2362 3198 2513 3254 utris
2569 3197 2792 3254 cladem
2854 3199 3169 3269 impetrare
3213 3200 3620 3255 conabimura

207 3284 363 3375 quin
390 3283 567 3339 etiam
585 3282 804 3375 etvarii
823 3283 1058 3375 generis
1080 3281 1359 3375 exquisiti
1389 3282 1559 3375 pretii
1581 3282 1856 3375 gemmis,
1893 3308 1938 3375 α
1979 3287 2128 3375 Deo,
2189 3286 2329 3342 dum
2384 3287 2569 3342 sacris
2626 3303 2942 3359 operemur
2968 3286 2996 3342 ‘I
3046 3287 3297 3342 Neutros
3353 3287 3612 3343 hostium

209 3372 368 3444 quod
420 3389 492 3428 ex
539 3388 652 3428 usu
703 3371 947 3427 luxuria
981 3370 1224 3428 Persicae
1257 3369 1583 3443 plurimum
1615 3369 1856 3427 omnino

204 3462 392 3517 fuisse
441 3463 630 3529 aiunt,
673 3463 864 3516 totum
911 3459 1158 3517 corrasit
1207 3465 1264 3516 et
1295 3459 1354 3514 in
1386 3459 1621 3532 publico
1651 3459 1856 3516 aerario

205 3550 511 3623 deposuit.

203 3717 294 3770 26.
325 3715 390 3772 Ut
413 3714 693 3783 exceperit
731 3711 1053 3784 patriarcha
1083 3711 1402 3767 redeuntem
1449 3713 1855 3783 imperatorem,

532 3801 699 3856 quam
727 3786 848 3839 acri
876 3784 1273 3855 reprhensi'one
1302 3800 1366 3838 ac
1396 3785 1532 3839 zelo.

281 3916 432 3971 241
487 3913 774 3968 Caeterum
827 3913 1175 3984 priusquam
1221 3912 1343 3967 haec
1388 3913 1613 3980 ﬁerent,
1648 3928 1856 3983 oppor-

207 4011 352 4059 tune
375 4004 742 4059 occasionem
767 4001 1097 4074 arripuerat
1116 4001 1488 4072 imperatoris
1506 4001 1859 4072 objurgandi

205 4092 800 4165 patriarcha.Multus
831 4092 882 4147 is
913 4093 1137 4146 dudum
1175 4091 1367 4146 fuerat
1401 4092 1460 4145 in
1493 4090 1860 4146 dehortando

209 4184 575 4254 imperatore
608 4182 680 4236 ab
711 4181 1185 4251 expeditionibus
1204 4181 1482 4236 adversus
1500 4180 1862 4235 Christianos

209 4271 632 4341 suscipiendis,
666 4287 782 4325 non
806 4287 1186 4326 successuras
1219 4269 1467 4325 feliciter
1494 4286 1595 4324 eas
1627 4269 1737 4340 ipsi
1769 4270 1865 4324 de-

210 4360 540 4416 nuntians:
595 4376 785 4431 neque
815 4360 973 4414 enim
1005 4358 1164 4414 civili
1197 4364 1400 4414 contra
1431 4359 1698 4429 ejusdem
1730 4358 1862 4414 reli-

205 4449 405 4522 gionis
460 4449 823 4521 professores
886 4449 1038 4504 bello
1101 4453 1279 4503 Deum
1341 4449 1669 4518 adjutorem
1722 4447 1862 4502 fore.

210 4538 389 4594 Talia
421 4539 640 4593 frustra
670 4553 825 4608 sape
855 4553 890 4592 a
921 4553 984 4592 se
1012 4537 1303 4592 monitum
1328 4537 1716 4604 videnstunc;
1749 4553 1864 4591 non

209 4634 278 4684 ut
330 4629 690 4699 imperatore
743 4625 985 4698 dignum
1031 4627 1242 4697 fuerat,
1287 4627 1388 4682 sed
1420 4626 1699 4682 indecora
1729 4626 1866 4695 fuga

216 4718 314 4773 vix
345 4717 575 4773 salvum
601 4733 731 4772 sese
761 4715 1140 4788 recipientem
1163 4713 1863 4786 Constantinopolim,ubi

207 4808 477 4878 primum
510 4805 559 4861 is
591 4823 624 4860 a
647 4805 837 4861 reditu
863 4821 1144 4877 magnum
1180 4804 1236 4860 in
1265 4803 1553 4876 templum
1577 4820 1639 4859 se
1661 4807 1866 4859 contu-

208 4897 280 4952 lit
329 4895 432 4951 Dei
475 4895 763 4950 adorandi
790 4899 849 4950 et
883 4911 984 4965 pro
1014 4893 1225 4949 evitato
1257 4909 1494 4949 summo
1527 4891 1869 4948 discrimine

208 4984 436 5058 gratias
467 4984 678 5055 agendi
710 4999 910 5049 causa,
943 4983 1214 5038 cominus
1241 4982 1528 5038 accedens
1549 4980 1872 5054 increpavit

211 5074 412 5148 palam
437 5073 632 5129 verbis
668 5073 822 5128 haud
858 5072 1165 5142 mollibus,
1199 5071 1258 5126 id
1294 5075 1526 5127 tantum
1566 5070 1871 5127 intermis-

209 5179 355 5221 cens
378 5161 769 5231 delinimenti,
791 5166 855 5217 ut
883 5161 1167 5234 gratulari
1190 5177 1252 5217 se
1274 5161 1455 5216 simul
1477 5161 1588 5233 ipsi
1617 5160 1869 5216 salutem

209 5253 520 5325 insperato
552 5256 872 5321 servatam,
904 5251 1224 5308 reddendis
1257 5255 1366 5306 Deo
1393 5266 1497 5322 pro
1544 5266 1615 5305 ea
1643 5249 1872 5322 gratiis,

207 5341 621 5415 signiﬁcaret:
683 5362 712 5391 α
749 5343 864 5396 Deo
919 5339 1162 5412 gratias,
1196 5361 1225 5390 »
1285 5339 1584 5409 inquiens,
1645 5361 1672 5389 «
1710 5339 1872 5409 quod

211 5432 415 5488 salvus
472 5430 730 5497 evasisti,
794 5433 852 5485 et
891 5445 1006 5486 non
1041 5445 1101 5485 es
1132 5429 1391 5484 traditus
1439 5428 1720 5484 manibus
1767 5429 1872 5484 bo-

209 5523 396 5578 stium
438 5520 834 5593 quaerentium
863 5520 1122 5576 animam
1154 5524 1342 5575 tuam.
1397 5518 1622 5589 Ecquid
1672 5522 1869 5573 autem

207 5627 417 5668 eorum
452 5609 774 5667 meministi
808 5626 937 5682 qua
967 5625 1119 5682 saepe
1151 5609 1306 5681 apud
1338 5613 1394 5663 te
1429 5609 1874 5680 egi,expeditio-

211 5717 316 5758 nes
348 5698 698 5757 istiusmodi
728 5698 1086 5756 dissuadens
1117 5705 1181 5754 ut
1213 5714 1459 5770 prorsus
1491 5697 1726 5754 noxias?
1748 5698 1874 5754 Non

1975 3374 2188 3431 habere
2239 3391 2485 3431 numero
2528 3391 2868 3447 possumus,
2901 3375 3170 3446 utrisque
3200 3376 3424 3431 astricti
3454 3393 3617 3431 com-

1969 3464 2136 3528 muni
2167 3464 2378 3520 fcsdere
2409 3464 2736 3535 religionis.
2768 3466 2926 3530 Quas
2957 3481 3060 3536 pro
3089 3465 3256 3520 vobis
3291 3481 3491 3535 preces
3522 3466 3613 3520 of-

1967 3553 2234 3622 ferimus,
2267 3554 2486 3609 eaedem
2519 3570 2622 3624 pro
2650 3553 2768 3608 illis
2795 3553 3008 3622 valent,
3035 3554 3512 3624 quandoquidem
3539 3556 3610 3609 ad

1968 3659 2154 3698 unum
2186 3658 2350 3713 teque
2380 3642 2555 3697 ambo
2589 3643 2894 3713 pertinetis
2917 3642 3067 3698 ovile
3100 3644 3351 3714 pastoris
3372 3643 3608 3698 Christi.

1971 3731 2135 3789 Nunc
2165 3740 2362 3786 autem
2410 3730 2756 3786 benedictus
2791 3731 3091 3797 Dominus,
3125 3731 3221 3800 qui
3254 3731 3521 3786 liberavit
3551 3737 3605 3787 te

1968 3821 2039 3876 ab
2071 3820 2342 3876 hostibus
2369 3837 2404 3875 a
2433 3819 2559 3891 lege
2591 3819 2802 3876 Christi
2831 3819 3061 3887 alienis,
3094 3836 3241 3890 quos
3265 3820 3514 3876 immisit
3545 3821 3603 3875 in

1969 3914 2025 3965 te
2058 3914 2121 3964 ut
2141 3910 2293 3965 242
2327 3909 2668 3964 admoneret
2698 3925 2812 3963 non
2837 3910 2996 3978 juste
3027 3924 3060 3962 a
3091 3917 3142 3964 te
3190 3908 3322 3964 illos
3376 3909 3609 3965 hostili-

1969 4004 2060 4054 ter
2089 3999 2289 4069 impeti
2323 4015 2465 4068 quos
2498 3997 2696 4053 hostes
2725 3998 2829 4053 tibi
2864 3998 3143 4068 quaesisti,
3176 3999 3474 4054 exhiberet
3503 4017 3612 4055 au-

1970 4092 2089 4144 tem
2149 4093 2206 4142 et
2258 4087 2377 4142 tuis
2436 4088 2714 4158 objiceret
2775 4088 2961 4142 oculis
2995 4104 3160 4143 veros
3194 4089 3410 4156 hostes,
3442 4089 3614 4160 quasi

1971 4179 2223 4233 diceret:
2278 4177 2356 4230 En
2403 4177 2461 4230 in
2510 4194 2656 4248 quos
2702 4176 2787 4231 fas
2831 4177 3111 4247 piumque
3144 4178 3238 4242 sit,
3275 4178 3322 4232 si
3356 4194 3617 4250 pugnare

1973 4267 2378 4333 libet,omnem
2403 4266 2538 4320 belli
2572 4267 2692 4320 vim
2724 4267 3047 4334 effundere;
3070 4283 3218 4336 quos
3242 4268 3618 4337 ipsostamen

1974 4357 2191 4410 frustra
2238 4354 2530 4410 debellare
2584 4354 2782 4425 praelio
2828 4356 3067 4410 adortus
3117 4358 3446 4424 conaberis,
3501 4356 3620 4410 nisi

1973 4461 2080 4516 ego
2136 4444 2340 4499 volens
2393 4449 2449 4498 et
2476 4443 2766 4514 pr0pitius
2823 4444 3082 4499 adfuere.
3139 4443 3412 4500 Ostendit
3443 4445 3620 4517 igitur

1973 4533 2080 4588 tibi
2114 4533 2334 4599 hostes,
2369 4537 2426 4587 et
2457 4533 2736 4587 terruisse
2769 4537 3080 4588 contentus
3111 4550 3311 4588 eorum
3346 4551 3379 4588 a
3407 4538 3461 4588 te
3504 4535 3619 4588 vim

1976 4622 2224 4690 arcuit,e
2258 4621 2535 4692 periculis
2566 4621 2919 4676 insidiarum
2954 4623 3011 4677 in
3038 4627 3231 4677 tutum
3262 4624 3615 4678 incolumem

1978 4673 2219 4690 __-___,_
2259 4673 2532 4692 τη-ηη-
2568 4673 2919 4676 --ηψπ---
3045 4673 3231 4677 -______
3263 4673 3615 4678 ___--___-_-___

1894 4673 1944 4738 Β
1973 4711 2456 4768 transferens.Sic
2471 4727 2640 4783 agere
2656 4711 3626 4782 novitDominusjudiciafaciens.»

1978 4801 2109 4857 Haec
2137 4801 2475 4872 loquentem
2506 4800 2900 4871 patriarcham
2933 4801 3162 4873 placide
3192 4803 3414 4858 audivit
3446 4803 3631 4874 impe-

1977 4896 2157 4956 rator,
2218 4889 2782 4962 reprehensioniqus
2829 4891 3125 4962 acquievit
3157 4893 3426 4961 obnoxie,
3474 4891 3628 4948 ultro

1980 4981 2375 5052 comprobans
2432 4984 2490 5035 et
2547 4981 2837 5036 meruisse
2897 4981 3227 5036 conﬁtens:
3290 4982 3430 5054 quid
3471 4982 3626 5036 enim

1985 5075 2190 5126 contra
2215 5074 2535 5141 opponeret
2563 5069 2716 5125 veris
2745 5075 2802 5124 et
2833 5071 3027 5141 palam
3056 5071 3261 5140 justis,
3297 5088 3411 5125 non
3445 5071 3632 5125 habe-

1982 5159 2257 5214 bat.lllud
2293 5162 2526 5214 tantum
2560 5160 2628 5214 ad
2666 5160 2984 5229 quamdam
3018 5163 3455 5216 excusationem
3490 5161 3632 5215 sub-

1977 5249 2142 5320 jecit:
2178 5270 2205 5297 «
2239 5247 2416 5318 Atqui
2449 5248 2521 5303 ad
2555 5264 2839 5318 pacem,»
2871 5249 3169 5320 inquiens,
3214 5271 3242 5300 ι(
3277 5266 3410 5304 cum
3466 5250 3633 5305 Chri—

1984 5338 2198 5394 stianis
2268 5337 2648 5392 sanciendam
2722 5339 2837 5393 ista
2911 5355 3027 5409 qua
3092 5356 3220 5394 sum
3277 5339 3638 5410 periclilalus

1985 5427 2082 5482 via
2137 5427 2574 5498 properabam:
2635 5426 2752 5482 huc
2810 5427 2966 5482 enim
3037 5429 3268 5484 ferebar
3324 5434 3387 5483 ut
3446 5430 3637 5485 fmdus

1977 5517 2104 5587 jam
2163 5516 2344 5571 ictum
2405 5532 2537 5570 cum
2594 5516 2745 5583 illis,
2807 5534 2954 5588 quos
3009 5535 3102 5573 me
3160 5519 3373 5574 habere
3434 5519 3632 5574 hostes

1984 5611 2166 5674 vetas,
2202 5607 2376 5661 etiam
2413 5606 2717 5661 afﬁnitatis
2752 5608 3185 5663 necessitudine
3218 5609 3636 5681 astringerem,

1986 5697 2268 5752 ﬁrmitate
2317 5697 2375 5750 in
2419 5703 2721 5768 posterum
2750 5698 3002 5754 certiori.
3035 5721 3061 5748 »
3092 5699 3346 5756 Tantum
3380 5701 3634 5771 impera-
