4188 6442
580 366 685 419 687

1875 366 2175 421 GEORGII
2214 365 2676 425 PACHYMBRB

3874 372 3984 426 688

582 492 703 546 ταῖς
737 483 927 560 εὒχαῖς
956 482 1158 559 ἐχώρει
1189 485 1325 558 πρὸς
1346 483 1408 538 τὸ
1439 481 1724 552 παλάτιον,
1754 485 1822 539 τὰ
1850 481 1908 538 δὲ
1955 484 2078 557 περὶ
2133 488 2231 540 τοῦ
2259 494 2310 568 Α
2346 489 2571 561 χήρωτο
2626 491 2879 563 γυναικὸς
2933 494 2991 563 (ἡ
3038 494 3139 566 γὰρ
3225 491 3463 568 θυγάτηρ
3546 498 3643 548 τοῦ
3712 493 3982 569 βασιλέως

584 575 789 646 κήδους
821 576 991 639 οὕτως
1019 576 1172 644 ἦσαν.

584 792 680 859 κζ’.
714 787 897 860 Κῆδος
946 788 1035 845 ἐπί
1084 811 1142 845 τε
1188 793 1258 863 τῇ
1317 790 1541 915 θυγατρὲ
1589 796 1709 876 τεῆς.
1752 787 2018 865 Εὐλογίας
2064 794 2230 863 “Aw-gi

654 864 741 915 καὶ
804 860 1103 915 Νικηωόοω
1162 859 1394 915 δεσπότῃ
1451 883 1555 915 υω
1614 880 1713 915 του
1799 859 2063 915 δεσπότου
2120 863 2227 915 Mt-

654 860 1103 988 xai'thandptp
1162 859 1406 936 δεσπότῃ’
1451 859 1555 933 υἱῷ
1614 866 1713 917 τοῦ
1799 859 2063 918 δεσπότου
2120 859 2227 918 Μιέ

655 954 767 988 vam
818 978 830 988 .

655 954 830 1008 χαηΛ.

657 1109 881 1181 Ἐπειδὴ
930 1113 1027 1185 γὰρ
1080 1108 1354 1172 πολλάκις
1407 1106 1731 1172 ἀποστείλας
1765 1111 1792 1163 ὁ
1836 1108 2093 1186 βασιλεὺς
2141 1111 2227 1165 καὶ

582 1199 676 1261 τὰς
709 1198 963 1273 δυνάμεις
996 1194 1323 1273 προσϐαλὼν
1355 1198 1683 1273 ἀπεκρούετο
1712 1198 1941 1273 (ἐχρῆτο
1994 1199 2094 1275 γὰρ
2142 1198 2231 1253 καὶ

586 1287 871 1362 ὁΜιχαήλ
927 1292 1005 1357 τῷ
1041 1286 1294 1359 Ἰταλικῷ
1352 1287 1430 1351 εἷς
1492 1288 1766 1362 βοήθειαν,
1814 1288 1903 1341 καὶ
1959 1292 2233 1365 καρτερῶς

583 1380 984 1452 κρατυνάμενος
1053 1378 1147 1437 τὰς
1231 1373 1486 1449 δυνάμεις
1548 1376 1785 1451 ἀντεῖχε,
1842 1375 1931 1430 καὶ
1991 1373 2144 1430 οὐδὲν
2203 1377 2231 1430 ὁ

586 1467 749 1520 ἐπιὼν
810 1464 993 1538 ἤνυεν,
1049 1463 1263 1539 μᾶλλον
1326 1466 1417 1537 μὲν
1480 1465 1571 1518 οὗν
1646 1466 1735 1519 καὶ
1791 1469 2233 1540 προσεξημιοῦτο

582 1561 703 1615 ταῖς
764 1553 816 1608 έν
875 1559 1053 1617 κενοῖς
1092 1552 1428 1628 ἀσχολίαις),
1465 1552 1626 1625 μόλις
1665 1552 1800 1610 κατά
1855 1554 1952 1621 τήν
2014 1552 2231 1621 πολλὴν

584 1649 800 1716 πεῖραν,
859 1644 1227 1703 ἱκετεύσαντος
1297 1647 1393 1696 τοῦ
1454 1639 1720 1697 δεσπότου
1776 1641 1865 1696 καὶ
1920 1638 2232 1715 πρεσϐείαις

586 1736 811 1806 συχναῖς
873 1730 1324 1803 έκμειλιξαμὲνου
1381 1732 1471 1785 τὸν
1522 1730 1915 1803 αὐτοκράτορα,
1965 1730 2102 1806 πρὸς
2159 1730 2233 1785 εἷ-

590 1824 755 1895 ρήνην
788 1821 879 1874 καὶ
911 1821 1066 1881 οὗτος
1095 1819 1369 1876 ἀπέκλινε.
1404 1820 1502 1874 Καὶ
1555 1819 1671 1875 ἐπεὶ
1727 1818 1915 1882 παῖδες
1964 1820 2099 1887 ἦσαν
2156 1824 2235 1891 τῷ

591 1909 819 1985 Μιχαὴλ
873 1916 1018 1984 τρεῖς
1077 1910 1171 1982 μὲν
1228 1911 1563 1985 γνήσιοι,ὧν
1626 1911 1653 1963 ὁ
1705 1910 1801 1982 μὲν
1826 1909 2081 1979 Ἰωάννης
2138 1907 2235 1966 ἀνά

588 2006 778 2075 χεῖρας
820 2000 885 2068 ἧν
939 2000 1034 2052 τοῦ
1080 2004 1430 2074 κρατοῦντος,
1460 1999 1728 2077 πεμφθεὶς
1792 1997 1888 2071 μέν
1939 1998 2073 2073 πρὸς
2130 2019 2235 2053 πα·-

586 2090 736 2164 τρὸς,
772 2086 947 2151 δοθεὶς
979 2085 1035 2142 δὲ
1065 2088 1154 2142 καὶ
1194 2088 1339 2163 παρά
1389 2088 1596 2163 μητρὸς
1649 2088 1896 2157 ἡκούσης
1957 2086 2034 2149 εἷς
2094 2086 2237 2159 ὅμη-

589 2199 701 2253 ρον,
745 2178 803 2231 ’ὀν
858 2177 946 2231 καὶ
996 2172 1243 2252 γαμϐρὸν
1293 2182 1391 2232 τοῦ
1442 2172 1903 2252 σεϐαστοράτορος
1949 2177 2237 2249 Τορνικίου

588 2269 615 2321 ὁ
649 2265 815 2340 λόγος
842 2263 1257 2341 προϋπεδείκνυ,
1302 2264 1397 2320 δύο
1430 2264 1485 2321 δὲ
1529 2267 1675 2341 παρά
1718 2270 1795 2336 τῷ
1844 2266 2029 2339 πατρὶ,
2064 2272 2236 2335 Νικη-

585 2357 751 2433 φόρος
809 2376 867 2408 τε
926 2355 1019 2409 καὶ
1094 2358 1437 2430 Δημήτριος,
1484 2354 1670 2431 ’έτερος
1727 2353 1773 2408 δ’
1833 2353 1893 2409 έκ
1942 2354 2149 2415 νοθείας
2209 2355 2237 2409 ὁ

584 2446 857 2516 Ἰωάννης,
890 2442 981 2499 καί
1027 2446 1054 2499 ὁ
1091 2444 1185 2517 μὲν
1220 2448 1537 2524 Δημήτριος
1584 2444 1833 2507 ἀντίπαις
1886 2445 1954 2513 ἦν
2009 2440 2085 2498 ἔτι
2147 2444 2236 2499 καὶ

590 2538 641 2594 ἐν
674 2533 1064 2612 ἀπραγμοσύνῃ
1097 2538 1203 2619 ζῶν
1238 2533 1492 2603 διετέλει,
1522 2536 1550 2589 ὁ
1582 2532 1640 2589 δέ
1669 2555 1732 2603 γε
1783 2532 2101 2609 Νικηφόρος
2143 2554 2235 2587 κε-

585 2751 676 2803 tor
706 2745 939 2801 locutus
972 2746 1114 2812 (non
1145 2738 1303 2796 enim
1335 2743 1567 2809 tempus
1599 2737 1657 2791 id
1690 2739 1814 2792 erat
1845 2734 2017 2806 p‘lura
2047 2733 2233 2789 disse-

588 2836 780 2906 rendi)
832 2832 1076 2890 recessit
1133 2830 1192 2885 in
1228 2827 1539 2901 palatium,
1572 2827 1720 2881 bene
1752 2828 2023 2897 precante
2052 2823 2112 2880 in
2144 2821 2234 2877 di-

587 2942 791 2997 gressu
829 2918 1465 2995 patriarcha.Afﬁnitas
1490 2931 1662 2989 porro
1694 2915 1865 2985 cujus
1880 2913 2052 2968 modo
2086 2912 2239 2967 facta

591 3024 678 3071 est
710 3013 953 3083 mentio,
990 3012 1074 3067 sic
1106 3026 1168 3066 se
1198 3007 1429 3063 habuit.

591 3241 681 3294 27.
716 3236 978 3309 A/‘ﬁnitas
1008 3237 1151 3289 inter
1180 3234 1567 3311 imperator-en!
1600 3228 1963 3311 θιηᾴρεροιαυε
2007 3226 2249 3311 Ιςὶσλαστ

666 3300 796 3365 ἱεπῖ
819 3314 1117 3373 contracta,
1167 3300 1326 3360 Anim
1358 3301 1611 3369 Eulogiz
1634 3302 1755 3370 ﬁlia
1782 3301 1984 3355 sororis
2013 3300 2247 3373 Augusti

665 3384 965 3453 Nicephoro
1004 3371 1239 3449 despotaz
1293 3373 1574 3433 Michaelis
1602 3373 1720 3443 ﬁlio
1752 3374 1811 3428 in
1832 3386 2064 3428 uxorem
2089 3371 2241 3427 data.

667 3556 815 3609 Cum
860 3566 1011 3622 saepe
1068 3548 1388 3619 imperator
1444 3544 1529 3600 vel
1590 3542 1840 3599 aliorum
1891 3541 1977 3597 vel
2012 3540 2249 3614 proprio

606 3645 788 3698 ductu
820 3638 1109 3695 immissis
1141 3638 1200 3691 in
1232 3640 1487 3692 tractum
1516 3632 1839 3689 Occiduum
1871 3630 2078 3703 copiis,
2099 3628 2247 3684 illic-

604 3749 720 3804 que
770 3746 904 3786 cum
954 3727 1226 3784 hostibus
1286 3739 1662 3796 congressus,
1695 3736 1925 3792 semper
1981 3719 2252 3791 repulsus

607 3825 785 3886 esset,
830 3822 1141 3892 propterea
1171 3816 1327 3887 quod
1354 3814 1436 3870 ibi
1468 3812 1781 3869 dominans
1810 3808 2055 3865 Michael
2087 3808 2250 3865 auxi-

605 3912 702 3967 liis
751 3908 972 3966 Italicis
1022 3906 1300 3962 utebatur
1329 3908 1382 3959 et
1414 3903 1625 3958 horum
1655 3900 1711 3956 vi
1745 3900 2125 3955 conﬁrmatus
2156 3913 2248 3953 re-

603 4001 851 4057 sistebat
880 3995 1423 4064 validissime,adeo
1451 4009 1564 4048 non
1588 3988 2029 4064 proﬁcientibus
2050 3993 2250 4044 contra

597 4090 924 4163 quidquam
953 4084 1233 4141 Romanis
1267 4081 1521 4138 utetiam
1542 4079 1693 4136 male
1712 4078 1946 4135 multati
1979 4077 2239 4149 plerum-

598 4197 713 4252 que
763 4177 1041 4242 redirent,
1091 4173 1265 4245 longa
1294 4170 1657 4244 experientia
1693 4167 1915 4223 militiae
1950 4168 2250 4222 damnose

596 4271 838 4326 tandem
873 4280 1195 4338 persuasus
1227 4261 1410 4317 otium
1442 4261 1524 4316 ibi
1556 4265 1612 4316 et
1643 4274 1880 4331 operam
1936 4257 1995 4311 in
2030 4256 2251 4313 nullius

596 4359 805 4430 frugis,
844 4354 1069 4411 nullius
1105 4351 1228 4424 spei
1262 4351 1495 4423 negotio
1521 4348 1675 4405 male
1701 4347 1997 4416 consumi,
2021 4345 2254 4402 induxit

600 4451 662 4503 in
682 4448 943 4504 animum
966 4460 1082 4499 non
1107 4442 1234 4513 jam
1256 4440 1559 4512 aspernari
1584 4436 1841 4510 amplius
1864 4436 2102 4492 crebras
2121 4436 2252 4490 des-

600 4543 747 4611 potas
800 4550 1022 4608 preces,
1075 4548 1181 4587 nec
1232 4546 1317 4601 se,
1371 4532 1438 4584 ut
1485 4528 1794 4596 hactenus,
1828 4523 2252 4581 inexorabilem

596 4629 856 4701 praebere
869 4619 1271 4679 delinimentis
1283 4619 1553 4691 ejusdem
1567 4622 1624 4673 et
1639 4613 2252 4688 supplicibusol‘ﬁciis,

600 4719 701 4775 sed
736 4716 808 4772 ad
845 4728 1051 4785 pacem
1083 4726 1217 4766 cum
1249 4709 1380 4781 ipso
1407 4706 1712 4764 inclinare.
1742 4703 2030 4773 Quoniam
2053 4707 2250 4759 autem

598 4807 752 4865 248
800 4801 1099 4859 Michaelis
1158 4803 1326 4856 erant
1383 4798 1643 4870 despotm
1693 4794 1799 4851 ﬁlii
1829 4799 1949 4851 tres
1978 4791 2248 4865 legitimi,

602 4911 854 4970 quorum
895 4897 1153 4948 Joannes
1201 4886 1440 4961 quidem
1472 4888 1534 4943 in
1558 4885 1833 4942 manibus
1865 4900 1932 4940 ac
1963 4886 2249 4955 potestate

602 4982 979 5058 imperatoris
1033 4983 1178 5047 erat,
1208 4977 1431 5034 missus
1457 4977 1692 5050 quidem
1727 4992 1760 5029 a
1781 4978 1964 5045 patre,
1995 4971 2248 5027 traditus

601 5083 798 5134 autem
831 5074 889 5127 in
917 5070 1181 5127 obsidem
1213 5085 1246 5123 a
1276 5071 1463 5122 matre
1494 5069 1799 5138 praesente,
1825 5065 1896 5118 ad
1930 5061 2247 5118 concilian-

606 5172 740 5224 dam
794 5160 1239 5219 conventionem
1286 5156 1439 5212 ultro
1487 5152 2057 5225 Constantinopolim
2116 5167 2248 5223 pro-

598 5260 772 5325 fecta,
831 5268 1003 5325 quem
1052 5254 1110 5303 et
1138 5262 1420 5319 generum
1484 5236 1704 5301 factum
1764 5240 2249 5299 sebastocratoris

597 5343 854 5404 Tornicii
895 5339 1171 5412 superius
1222 5336 1555 5402 docuimus;
1591 5336 1706 5390 duo
1730 5338 1925 5389 autem
1958 5330 2251 5402 degebant

601 5437 756 5510 apud
792 5439 1044 5506 patrem,
1072 5426 1439 5499 Nicephorus
1464 5430 1521 5481 et
1542 5424 1894 5491 Demetrius,
1924 5438 2056 5477 cum
2080 5420 2250 5475 tertio

598 5546 667 5585 ex
724 5523 930 5597 pellice
990 5518 1185 5591 genito
1243 5516 1508 5584 Joanne;
1558 5532 1624 5571 ac
1648 5513 1978 5570 Demetrius
2011 5510 2247 5583 quidem

604 5617 862 5689 primum
900 5617 1041 5667 tunc
1072 5607 1403 5680 pubescens
1431 5605 1789 5660 immaturus
1822 5601 2071 5673 negotiis
2104 5598 2250 5654 nihil

602 5707 719 5763 nisi
751 5700 1081 5777 puerilibus
1108 5695 1557 5755 remissionibus
1579 5694 1843 5751 vacabat.
1886 5689 2251 5762 Nicephorus

2334 578 2399 648 [P
2451 580 2574 650 162]
2623 580 2863 651 Λάσκαρι
2922 578 3241 652 ἐτεθνήκει),
3299 580 3478 653 τούτῳ
3535 581 3834 657 ἐγνώκεσαν
3892 582 3983 637 καὶ

2336 664 2670 742 ἀμφότεροις
2699 670 2801 736 τήν
2833 667 3023 742 τρίτην
3051 673 3158 723 τῶν
3190 676 3291 738 τῆς
3350 669 3622 742 Εὐλογίας
3684 673 3989 746 θυγατέρων

2334 754 2530 813 “Δνναν
2588 752 2871 825 ἐκδοθῆναι
2921 757 3057 831 πρὸς
3110 756 3311 831 γάμον,
3345 755 3577 832 δεσπότῃ
3641 780 3705 834 γε
3756 755 3897 828 ὄντι,
3930 759 3991 813 ἐκ

2334 847 2432 897 τοῦ
2488 846 2758 919 προτέρου
2813 843 3014 915 κήδους
3078 848 3224 921 παρά
3278 851 3375 901 τοῦ
3421 843 3989 922 προϐεϐασιλευκότος

2339 931 2591 987 Ἰωάννου
2622 932 2806 1006 ἔχοντι
2835 934 2899 989 τὸ
2930 934 3161 1008 ἀξίωμα.
3196 936 3298 995 Καὶ
3331 934 3397 1004 δὴ
3433 937 3568 1008 μετὰ
3613 936 3836 1007 πολλῆς
3896 936 3993 992 δο-

2338 1022 2607 1097 ρυφορίας
2637 1022 2963 1085 ἀποστείλας
2994 1026 3094 1093 τὴν
3127 1026 3324 1081 ’Δνναν
3356 1026 3486 1087 τοὺς
3518 1026 3735 1100 γάμους
3791 1026 3995 1093 ἐτέλει,

2340 1109 2451 1163 εἶτα
2502 1111 2592 1164 καὶ
2644 1113 2737 1165 τὸν
2788 1114 3102 1191 Νικηφόρον
3141 1113 3216 1175 είς
3253 1114 3437 1170 ἑαυτὸν
3471 1115 3804 1190 συγκαλέσας
3857 1117 3998 1170 κατά

2337 1200 2435 1267 τὴν
2466 1201 2875 1255 Κωνσταντίνου
2931 1201 3183 1275 κρατύνει
3247 1205 3341 1274 μὶν
3386 1204 3449 1259 τὸ
3482 1204 3717 1277 ἀξίωμα,
3748 1206 3837 1260 καὶ
3899 1226 3994 1257 τι-

2344 1292 2469 1359 μαῖς
2504 1286 2813 1363 μεγαλύνας
2857 1289 2946 1345 καὶ
3001 1287 3202 1364 δώροις
3255 1290 3465 1366 ἀγήλας
3504 1294 3643 1369 πρὸς
3695 1294 3761 1348 τὰ
3817 1293 3997 1347 οἰκεῖα

2340 1375 2626 1451 ἐκπέμπει.
2656 1377 2758 1436 Καὶ
2814 1377 2963 1436 οὕτω
3017 1378 3085 1433 τὰ
3139 1379 3274 1436 κατὰ
3332 1376 3484 1435 δύσιν
3526 1384 3867 1450 καταστήσας
3925 1382 3998 1435 τά

2339 1471 2439 1533 τῆς
2499 1465 2770 1534 ἀνατολῆς
2829 1471 3100 1525 πονοῦντα
3156 1475 3588 1541 προσανεκτᾶτο,
3637 1470 3726 1526 καὶ
3786 1469 3999 1530 ἄλλους

2344 1554 2439 1627 μὲν
2497 1552 2791 1616 πλείστους
2846 1555 3373 1630 προσαποστέλλων,
3432 1557 3717 1634 ἐξαιρέτως
3786 1557 3845 1614 Si
3900 1562 3995 1613 τὸν

2341 1641 2605 1715 δεσπότην
2668 1644 2944 1715 Ἰωάννην,
3005 1649 3051 1715 ᾧ
3109 1642 3175 1713 δὴ
3236 1644 3519 1722 ἑπεθάρῥει
3594 1648 3832 1720 αὐτάρκη
3892 1648 3997 1715 τήν

2338 1734 2447 1785 τῶν
2504 1732 2855 1804 κακουμένων
2912 1732 3225 1808 ἐπικουρίαν
3264 1753 3277 1765 ·
3330 1740 3451 1796 ταῖς
3536 1736 3637 1811 γὰρ
3706 1734 3999 1805 ἀληθείαις

2341 1819 2765 1894 ἀσχολουμένου
2793 1826 2889 1875 τοῦ
2924 1822 3194 1897 βασιλέως
3223 1828 3341 1885 τοῖς
3398 1821 3638 1886 δυτικοῖς
3699 1827 3775 1886 ὡς
3829 1823 3999 1893 δῆθεν

2343 1908 2787 1981 ἀνακαλουμένου
2840 1914 2908 1984 τῇ
2972 1910 3222 1987 βασιλείᾳ
3270 1912 3335 1966 τὸ
3384 1911 3596 1981 λεῖπον,
3656 1914 3867 1983 ἠσθένει
3929 1912 4002 1967 τὰ

2342 2000 2458 2052 καθ’
2489 1996 2564 2053 ἕω
2624 1996 2867 2073 διχόθεν,
2898 2004 2977 2071 τῷ
3034 2022 3093 2055 τε
3136 2002 3232 2064 τὰς
3271 2001 3384 2060 ἐκεῖ
3413 2000 3669 2074 δυνάμεις
3697 2003 3833 2077 πρὸς
3890 2004 3998 2070 τήν

2348 2084 2494 2141 δύσιν
2528 2086 2891 2161 ἐκπέμπεσθαι
2940 2090 3030 2143 καὶ
3085 2095 3165 2161 τῷ
3220 2090 3643 2163 καταμελεῖσθαι
3705 2094 4004 2166 μακρόθεν.

2348 2175 2528 2232 Ἀλλά
2573 2182 2742 2233 ταῦτα
2802 2179 2920 2251 μὲν,
2952 2183 3060 2235 τῶν
3124 2176 3353 2235 δυτικῶν
3406 2182 3821 2256 ἡσυχαζόντων,
3853 2182 4004 2253 πέμ-

2346 2287 2464 2321 πων
2524 2269 2552 2322 ὁ
2615 2266 2870 2341 βασιλεὺς
2947 2270 3063 2323 καθ’
3119 2270 3242 2323 ὅσον
3320 2269 3436 2324 οἷόν
3487 2292 3547 2326 τε
3594 2272 3847 2326 ἀνεκτᾶτο
3906 2272 4000 2325 καὶ

2348 2354 2485 2431 πρὸς
2515 2357 2577 2411 τὸ
2602 2357 2867 2433 πρότερον
2901 2357 3181 2433 ἐπανῆγεν.
3215 2358 3292 2416 Οὐ
3348 2361 3449 2434 γὰρ
3502 2360 3591 2429 ἦν,
3623 2361 3721 2418 οὐκ
3777 2362 3844 2428 ἦν
3906 2365 4007 2414 τοῦ

2350 2442 2613 2500 δεσπότου
2673 2449 2930 2524 φανέντος
2988 2446 3159 2502 ἐκεῖσε
3212 2447 3337 2510 τοὺς
3394 2450 3602 2525 Πέρσας
3640 2452 3715 2522 μὴ
3746 2451 4007 2524 ἠρεμεῖν,

2349 2533 2385 2602 ἢ
2422 2533 2636 2606 μᾶλλον
2666 2536 2755 2590 καί
2783 2538 2857 2609 μή
2882 2536 2973 2590 σὺν
3007 2532 3162 2613 φόϐῳ
3192 2536 3406 2593 πλείονι
3436 2537 3878 2595 ἀναστέλλεσθαι.

2342 2751 2477 2790 vero
2529 2735 2743 2792 viduus
2794 2742 2920 2792 erat
2967 2754 3155 2807 nuper
3212 2742 3442 2795 mortua
3473 2739 3663 2811 ipsius
3713 2741 3994 2812 conjuge,

2348 2824 2468 2879 ﬁlia
2482 2824 2749 2881 Lascaris
2766 2826 3175 2897 Augusti,huic
3196 2828 3582 2886 decreverunt
3604 2832 4012 2887 communiter

2346 2912 2581 2969 tertiam
2622 2914 2881 2986 Eulogias
2915 2919 3185 2972 natarum
3219 2921 3447 2974 Annam
3462 2917 4010 2991 oopularenuptiis,

2346 3001 2587 3059 titulum
2619 3020 2687 3058 ac
2716 3003 3066 3076 dignitatem
3102 3006 3355 3077 despotas
3382 3007 3508 3078 jam
3540 3024 3608 3064 ex
3657 3008 3848 3079 priore
3896 3009 4005 3065 ha-

2351 3091 2510 3147 benti
2541 3109 2574 3145 a
2603 3108 2804 3148 socero
2835 3092 3189 3165 imperatore
3217 3095 3443 3152 Joanne
3471 3102 3828 3168 accoeptam.
3884 3099 4009 3152 Ita-

2354 3196 2466 3252 que
2493 3197 2627 3238 cum
2670 3180 2858 3238 multo
2906 3181 3187 3238 satellitio
3238 3182 3667 3255 splendidaque
3717 3186 4008 3241 comitatu

2277 3272 2319 3341 ί]
2352 3270 2520 3325 Anna
2550 3270 2735 3326 missa
2765 3271 3003 3342 nuptias
3036 3271 3358 3343 imperator
3385 3271 3534 3328 istas
3580 3274 3836 3347 peregit;
3870 3280 4009 3330 tum

2354 3362 2559 3415 vocato
2589 3361 2661 3416 ad
2686 3376 2749 3416 se
2777 3360 3350 3433 Constantinopolim
3378 3362 3728 3435 Nicephoro,
3761 3369 4011 3435 praster-

2357 3464 2534 3519 quam
2567 3448 2617 3502 ei
2649 3448 2991 3519 dignitatem
3024 3450 3416 3516 conﬁrmavit,
3460 3452 3783 3509 honoribus
3823 3455 4013 3510 etiam

2355 3536 2783 3593 illumauctum
2830 3539 3153 3610 majoribus
3197 3540 3484 3612 donisque
3513 3542 3870 3613 dignitatum
3906 3545 4018 3599 do-

2358 3644 2521 3682 mum
2542 3628 3007 3699 remisit.Sicque
3024 3629 3361 3685 constitutis
3386 3632 3444 3685 in
3469 3631 3781 3687 Occidente
3806 3633 4014 3701 rebus,

2356 3715 2576 3773 Orienti
2600 3718 2959 3787 jamdudum
2991 3716 3281 3774 laboranti
3315 3722 3713 3793 recuperando
3730 3724 4009 3778 attende-

2357 3806 2615 3875 bat,cum
2632 3806 2762 3862 aliis
2777 3822 2841 3862 eo
2856 3807 3058 3862 missis
3073 3806 3342 3879 plurimis
3361 3812 3479 3863 tum
3497 3811 3820 3881 praesertim
3834 3812 4012 3867 Joano

2359 3911 2430 3950 ne
2461 3895 2847 3967 despota,quo
2880 3897 3135 3953 maxime
3176 3898 3804 3966 innitebatur,abunde
3832 3900 4012 3956 illum

2356 3986 2631 4041 idoneum
2646 3986 2946 4043 conﬁdens
2958 3987 3341 4043 emendandis
3354 3990 3791 4061 sarciendisque
3828 4007 4022 4046 cunc-

2360 4075 2433 4129 tis
2456 4091 2559 4148 per
2583 4073 2752 4131 illum
2782 4080 3034 4132 tractum
3064 4077 3437 4133 detrimentis
3455 4078 3872 4149 reipublicae,“
3893 4080 4025 4139 illis

2358 4163 2827 4235 periclitantibus
2860 4165 3119 4237 populis,
3149 4171 3373 4237 quanto
3403 4172 3558 4223 esset
3588 4185 3738 4239 opus
3769 4168 3838 4223 ad
3870 4169 4021 4226 illos

2357 4253 2605 4325 imperio
2636 4254 2982 4322 servandos,
3014 4254 3233 4311 auxilio
3271 4256 3551 4325 juvandis
3596 4258 4020 4329 tegendisque.

2359 4343 2579 4399 Revera
2622 4344 2780 4399 enim
2810 4343 3033 4400 intento
3085 4345 3436 4416 imperatore
3485 4346 3759 4402 Occiduis
3808 4348 4020 4415 rebus,

2357 4438 2414 4489 et
2443 4434 2603 4489 omni
2635 4449 2776 4490 cura
2805 4433 3232 4505 satagenteilla
3248 4433 3474 4490 divulsa
3495 4436 4022 4508 membraimperii

2359 4522 2585 4594 corpori
2616 4523 2975 4595 conjungere
3006 4522 3221 4578 iterum
3255 4540 3321 4579 ac
3353 4524 3681 4591 restituere,
3716 4526 4017 4583 inﬁrmari

2359 4628 2427 4669 ac
2458 4610 2749 4668 debilitari
2781 4612 3025 4683 contigit
3064 4612 3393 4683 provincias
3417 4615 3572 4671 ’ΔΛ
3621 4616 3694 4670 ad
3739 4615 4020 4673 Orienlac

2282 4736 2332 4799 Β
2364 4698 2477 4755 lem
2510 4699 2757 4757 limitem
2785 4700 2933 4755 sitas
2963 4698 3183 4770 duplici
3213 4716 3283 4755 ex
3308 4717 3508 4771 causa,
3549 4702 3809 4773 primum
3850 4704 4019 4774 quod

2362 4805 2493 4861 quas
2524 4788 2658 4845 illas
2693 4787 2855 4861 prius
2886 4788 3280 4845 defendebant
3330 4791 3513 4862 copim
3533 4792 3667 4847 inde
3714 4793 3775 4848 in
3814 4792 4009 4849 Occi-

2360 4878 2597 4934 dentem
2631 4877 3139 4949 abstraherentur,
3170 4879 3382 4935 deinde
3412 4882 3569 4951 quod
3599 4881 3660 4937 in
3694 4884 4025 4938 necessita-

2360 4968 2519 5024 tibus
2548 4968 2886 5040 urgentium
2941 4973 3000 5024 et
3057 4970 3316 5025 remedio
3374 4972 3645 5040 presenti
3708 4973 4021 5044 egentium

2359 5074 2604 5113 casuum
2638 5062 2875 5129 propter
2903 5056 3396 5129 longinquitatem
3421 5059 3875 5132 negligerentur.
3898 5063 4023 5117 Ca:-

2360 5153 2551 5204 terum
2603 5147 2726 5214 ubi,
2776 5151 2843 5202 ut
2881 5147 3025 5216 dixi,
3059 5151 3301 5217 pacatus
3334 5148 3444 5204 fuit
3472 5148 3777 5219 Occidens,
3810 5151 4025 5209 missis

2361 5238 2434 5293 ad
2480 5237 2615 5292 illas
2675 5241 2872 5308 partes
2912 5236 3236 5308 imperator
3288 5239 3472 5309 copiis
3516 5247 3793 5309 quantam
3823 5245 4027 5313 potuit

2362 5327 2683 5383 maximam
2714 5326 2790 5381 iis
2821 5327 3239 5397 recuperandis
3279 5344 3483 5385 curam
3514 5329 3823 5400 impendit,
3858 5331 4025 5387 fere-

2362 5433 2473 5488 que
2519 5418 2579 5472 in
2630 5420 2851 5470 statum
2904 5416 3222 5487 pristinum
3273 5418 3526 5473 reduxit.
3575 5418 3721 5473 Nam
3752 5420 4021 5492 despotm

2358 5505 2605 5564 Joannis
2663 5522 2731 5562 ea
2778 5505 2987 5576 virtus,
3038 5522 3105 5560 ea
3137 5508 3292 5564 fama
3322 5513 3467 5573 erat,
3498 5512 3561 5564 ut
3590 5525 3655 5564 eo
3688 5517 4020 5581 apparente

2361 5597 2485 5655 ﬁeri
2545 5614 2660 5654 non
2719 5602 2916 5669 posset
2944 5597 3087 5669 quin
3122 5602 3306 5653 Persa
3355 5599 3742 5670 quiescerent,
3778 5609 3881 5657 aut
3914 5620 4019 5676 po-

2359 5690 2481 5745 tius
2516 5704 2649 5743 cum
2682 5691 2841 5742 metu
2868 5690 2926 5745 et
2956 5691 3175 5745 terrore
3204 5688 3413 5759 majori
3447 5688 3931 5761 reprimerentur.
