4246 6446
173 382 283 437 689

1230 387 1324 438 DE
1364 383 1738 441 MICHABLB
1778 385 2220 439 PALBOLOGO
2258 387 2389 439 LIB.
2430 389 2526 440 III.

3477 385 3584 436 690

174 508 281 576 κη’.
343 506 471 580 Περῖ
527 508 638 594 τοῦ,
673 508 1037 594 φημισθέντος
1071 505 1340 594 ὶιιέευδους
1407 505 1499 562 διὰ
1551 505 1822 582 Τοχάρων
1851 512 1906 577 Α
1937 526 2053 576 σαν,
2112 507 2379 583 Τοχάρων
2429 507 2580 570 ἔθνος
2627 513 2707 578 τῷ
2755 507 2954 578 πλήθει
3002 514 3294 582 θαρσῆσαν,
3324 509 3450 567 τοὺς
3478 513 3583 561 τῶν

620 577 926 652 ἐπιδρομήν
957 581 1094 635 κατά
1124 577 1376 636 Νίκαιαν.

246 687 351 737 Τοῦ
409 681 457 736 δ’
514 683 679 738 αὐτοῦ
737 682 910 751 ἔτους,
972 686 1142 756 μηνὸς
1201 685 1453 758 Κρονίου,
1507 689 1613 738 τῶν
1669 684 1826 748 θείων

176 776 402 848 ἡμερῶν
428 781 528 843 τῆς
575 776 826 842 νηστείας
871 774 1233 846 τελουμένης,
1280 776 1464 849 ἡμέρᾳ
1501 781 1601 844 τῆς
1651 771 1829 829 δευτᾶ-

177 883 273 935 ρας
320 860 627 934 ἑϐδομάδος
675 861 896 938 δευτέρᾳ
945 859 1136 933 συνέϐη
1187 867 1256 937 τῇ
1302 864 1501 934 Νικαίᾳ
1548 863 1607 918 ἐκ
1653 884 1828 937 παρα-

176 949 337 1023 δόξου
365 973 424 1006 τε
466 953 556 1005 καὶ
605 950 858 1025 ἐξαίφνης
906 958 1132 1028 πρᾶγμα
1171 953 1413 1026 πραχθὲν
1451 954 1542 1024 μὲν
1594 947 1826 1028 φοϐερὸν

174 1041 266 1094 καὶ
315 1038 510 1111 μηδενὶ
553 1039 714 1112 ἄλλῳ
772 1038 848 1102 είς
899 1041 1065 1115 λόγον
1117 1037 1430 1116 ὕπερὸολῆς
1457 1047 1825 1116 παραχωροῦν

172 1134 281 1183 τῶν
315 1130 620 1202 πρωτείων,
669 1129 766 1183 κᾶν
816 1127 844 1183 θ
875 1151 927 1184 τι
957 1129 1047 1184 καὶ
1079 1129 1228 1191 ὅπως
1263 1125 1529 1203 συμϐαίη,
1585 1130 1710 1184 ὅσον
1759 1134 1826 1204 τῇ

172 1214 463 1290 προσϐολῆ
494 1219 585 1271 καί
622 1222 763 1291 μονῇ
795 1220 881 1275 καὶ
914 1221 984 1290 τῇ
1012 1223 1117 1274 τῶν
1161 1217 1348 1273 δεινῶν
1395 1217 1720 1293 προσδοκίᾳ,
1753 1221 1827 1282 ὡς

171 1305 282 1375 ἤδη
321 1306 596 1382 μεγίστοις
646 1313 841 1371 κακοῖς
864 1302 1299 1382 περιϐεϐλῆσθαι
1347 1308 1638 1382 ἀναγκαῖον
1692 1308 1826 1362 εἶναι

170 1402 289 1457 τοῖς
323 1393 648 1470 δεχομένοις
676 1395 766 1450 καὶ
798 1394 970 1468 μηδὲν
1012 1399 1094 1469 [Ρ.
1129 1399 1252 1470 163]
1281 1401 1389 1450 τῶν
1442 1396 1520 1458 είς
1554 1397 1824 1470 σωτηρίαν

171 1483 439 1553 ἐλπίζειν,
497 1479 797 1558 λεγόμενον
858 1482 916 1539 δὲ
979 1486 1056 1556 μὴ
1110 1485 1269 1539 τόσον
1331 1484 1462 1559 ἔχον
1525 1485 1603 1548 είς
1659 1481 1828 1561 φόϐον

170 1571 262 1626 καὶ
319 1569 590 1639 συστολήν
626 1613 640 1628 .
698 1569 876 1635 Rimas
929 1572 1031 1647 γὰρ
1088 1573 1118 1626 ὁ
1176 1569 1347 1646 λόγος
1404 1577 1520 1633 τοῖς
1584 1572 1826 1646 μετρίοις

174 1662 402 1736 μέγεθος
455 1659 752 1737 ἐπιφέρεινΔ
801 1661 876 1722 ὡς
938 1659 1054 1721 οἷός
1105 1662 1151 1714 τ’
1217 1659 1433 1714 ἐκείνων
1512 1667 1822 1734 περιεῖναι,

167 1734 287 1810 τοῖς
367 1747 422 1803 δὲ
498 1734 772 1822 μεγίστοις
848 1748 1112 1821 ἐξατονῶν
1165 1747 1384 1824 ὕστερος
1440 1755 1585 1827 σφῶν
1641 1751 1824 1824 φαίνει·

170 1852 316 1904 σθαι.
368 1838 523 1907 Πλὴν
573 1839 741 1893 καλὸν
791 1837 843 1892 ἐν
892 1845 1011 1901 τοῖς
1054 1838 1326 1900 τοιούτοις
1377 1841 1452 1912 μή
1503 1845 1618 1900 τοῖς
1669 1849 1824 1914 Αεγο-
1855 1877 1901 1948 Β

221 1929 229 1948 f
439 1926 452 1948 Ἰ
559 1928 569 1948 ι
776 1947 779 1948 ,
829 1932 875 1948 ον
949 1925 970 1948 Ὶ
1001 1929 1015 1948 Ι
1270 1947 1273 1948 ,
1362 1930 1373 1948 ι
1690 1927 1774 1948 3“
1800 1928 1813 1945 ἱ

172 1929 360 2001 μένοις
435 1926 686 2000 ἐμμένειν
763 1932 881 1990 τοῖς
949 1925 1139 2004 λόγοις
1211 1930 1617 2004 προσέχοντας,
1678 1927 1824 1984 ἀλλὰ

165 2017 259 2072 καὶ
308 2017 362 2079 ἐς
417 2017 567 2089 μάλα
614 2017 705 2071 τὸν
754 2021 880 2072 νοῦν
928 2016 1210 2092 ἐπανάγειν
1258 2018 1346 2072 καὶ
1395 2018 1470 2082 ὡς
1516 2017 1600 2073 ἐπ’
1647 2018 1823 2074 αὐτῶν

166 2104 329 2168 ὄντας
359 2110 466 2160 τῶν
497 2105 833 2181 πραγμάτων
863 2104 1156 2161 ἀναπολεῖν
1184 2107 1254 2161 τὰ
1297 2106 1589 2181 λεγόμενα.
1624 2109 1822 2182 Ιίρώτῃ

163 2196 349 2250 τοίνυν
399 2193 618 2271 φυλακῇ
666 2203 769 2264 τῆς
817 2196 1029 2271 ἠμέρας
1061 2195 1290 2267 ἐκείνης,
1348 2191 1820 2269 ὑπεραναϐεϐηκό-

162 2305 258 2346 τος
308 2283 399 2337 τὸν
452 2283 704 2357 ὁρίζοντα
732 2288 830 2338 τοῦ
875 2282 1044 2352 ἡλίου
1075 2280 1199 2338 ὅσον
1247 2283 1338 2338 καὶ
1368 2283 1454 2338 ἐπὶ
1491 2284 1683 2359 μοίρας
1715 2290 1817 2353 ζω-

166 2372 284 2428 δίου
315 2375 624 2449 τριάκοντα,
679 2374 760 2428 ἐπ’
809 2370 991 2447 ἔργοις
1021 2369 1190 2428 ὄντων
1213 2378 1319 2428 τῶν
1354 2372 1654 2448 ἀνθρώπων
1708 2378 1818 2429 τῶν

168 2464 264 2534 μὲν
298 2467 711 2534 ,πνευματικοῖς
759 2467 866 2516 τῶν
918 2460 977 2517 δὲ
1019 2463 1108 2517 καὶ
1158 2469 1516 2536 σωματικοῖς,
1568 2462 1819 2541 ἐξαίφνης

166 2551 465 2628 φημίζεται
514 2550 683 2626 λόγος
712 2552 813 2606 οὐκ
860 2551 910 2606 ἐν
944 2550 1085 2624 τῷδε
1138 2553 1231 2625 μὶν
1260 2558 1340 2624 τῷ
1373 2553 1522 2629 μέρει
1566 2559 1667 2622 τῆς
1715 2553 1817 2608 πό-

165 2639 308 2704 λεως
338 2642 389 2696 ἐν
415 2638 559 2712 τῷδε
589 2638 634 2695 δ’
667 2637 752 2710 οὔ,
785 2640 931 2697 ἀλλὰ
975 2641 1162 2715 κύκλῳ
1209 2643 1333 2716 περὶ
1362 2643 1461 2710 τὴν
1493 2641 1655 2696 πόλιν
1688 2645 1820 2698 ἅπα-

160 2841 251 2896 28.
295 2842 371 2897 De
435 2841 679 2912 Vulgata
729 2841 936 2898 Nicaea
987 2842 1128 2909 {also
1183 2844 1384 2898 nuntio
1433 2843 1818 2899 femdentium

596 2929 718 2969 eam
764 2915 955 2969 urbem
995 2912 1385 2972 Tocharorum.

233 3021 516 3091 Ejusdem
547 3024 746 3076 autem
792 3020 933 3076 enni
978 3034 1181 3078 mense
1233 3019 1462 3090 Martio,
1496 3037 1633 3078 cum
1664 3022 1816 3078 sacri

159 3110 288 3166 dies
309 3107 529 3181 jejunii
559 3109 1121 3178 celebrarentur,die
1141 3110 1404 3166 secunda
1423 3106 1813 3167 hebdomadis

161 3172 461 3267 secundas,
491 3197 737 3270 contigit
786 3172 1017 3253 Nicaeae
1044 3215 1116 3254 ex
1159 3198 1466 3271 inopinato
1517 3203 1577 3256 et
1618 3200 1812 3256 subito
1842 3172 1887 3239 θ’

158 3287 445 3358 quiddam
476 3287 622 3342 adeo
651 3287 1000 3358 terrificum,
1034 3288 1173 3343 utsi
1204 3301 1338 3344 cum
1387 3288 1640 3345 maxime
1685 3294 1810 3345 tur-

159 3377 424 3432 bulentis
454 3381 513 3432 et
542 3375 931 3432 tumultuosis
974 3377 1308 3446 eventibus,
1340 3379 1443 3449 qui
1495 3379 1812 3434 maximam

163 3468 375 3523 aﬂ‘erre
423 3466 959 3522 consternationem
1014 3466 1225 3532 solent,
1277 3468 1631 3532 conferatur,
1663 3467 1811 3523 nulli

161 3557 433 3611 omnium
465 3556 702 3610 diritate
732 3555 1145 3612 commotionis
1177 3572 1242 3611 ac
1274 3555 1573 3628 popularis
1608 3556 1807 3611 formi-

157 3646 318 3699 dinis
351 3643 563 3700 insana
593 3644 977 3700 concitatione
1008 3645 1306 3699 concedat.
1353 3644 1517 3699 Unde
1549 3661 1614 3699 ac
1662 3661 1806 3716 quo-

161 3733 336 3788 modo
389 3733 670 3788 acciderit
725 3737 846 3787 tam
896 3732 1278 3788 vehementer
1324 3733 1627 3805 ingruens,
1689 3739 1808 3789 tam

154 3822 400 3892 longum
428 3823 674 3888 durans,
705 3826 826 3878 tam
857 3822 1031 3877 anxia
1050 3823 1486 3893 exspectatione
1519 3821 1651 3878 mali
1674 3837 1805 3894 gra-

148 3911 382 3967 vissimi
414 3912 687 3967 crucians
708 3916 918 3977 terror,
959 3918 1076 3967 tam
1108 3911 1523 3968 inevitabiliter
1551 3913 1612 3967 in
1643 3929 1804 3968 sum-

152 4019 264 4057 mae
300 3999 656 4056 calamitatis
685 4017 926 4056 sensum
960 4003 1129 4073 quasi
1161 4007 1506 4072 prasentem
1540 4018 1674 4057 cum
1707 4019 1806 4057 ex-

158 4096 359 4146 trema
406 4091 816 4162 desperatione
861 4090 1072 4146 salutis
1095 4107 1246 4163 quos
1276 4092 1809 4164 comprehendebat

151 4181 408 4236 miseros
438 4179 784 4251 conjiciens,
805 4181 1141 4236 conandum
1173 4185 1262 4237 est
1279 4181 1806 4252 dicere,utcunque

149 4271 230 4326 sit
256 4268 500 4325 difﬁcile
523 4271 862 4326 narratione
883 4286 1003 4326 rem
1034 4271 1359 4342 exprimere
1380 4269 1468 4326 uti
1491 4285 1553 4327 se
1575 4271 1803 4338 habuit,

153 4359 378 4432 quippe
401 4376 531 4429 quae
564 4360 640 4414 sit
669 4360 1000 4416 necessario
1049 4361 1249 4415 minus
1280 4364 1444 4416 atrox
1464 4361 1808 4433 apparitura

147 4449 488 4520 legentibus
518 4464 700 4520 quam
730 4464 856 4505 eam
879 4449 1106 4521 experti
1127 4455 1463 4506 senserunt.
1497 4450 1643 4506 Nam
1676 4467 1806 4522 qua

1938 594 2126 650 πυλῶν
2185 604 2556 671 κρεουργῆσαν
2615 596 2889 674 φύλαξας,
2950 597 3209 659 εἷσελθεῖν
3264 598 3362 664 τήν
3421 595 3582 649 πόλιν

1944 685 2061 755 μεθ’
2116 683 2200 737 ὅτι
2257 684 2528 738 πλείστων
2587 685 2676 738 καὶ
2730 682 2918 739 δεινῶν
2975 685 3338 757 ὁρμημάτων,
3371 685 3583 738 ὥστ’ἐν

1937 773 2128 846 ἀκαρεῖ
2155 770 2281 834 τοὺς
2332 772 2699 845 ἐμπίπτοντας
2752 779 2927 852 σφίσιν
2971 771 3396 847 ἀπροσδοκήτως
3444 775 3586 842 ἀπη-

1939 865 2043 923 νῶς
2072 861 2480 939 κατασφάττειν.
2532 863 2629 916 Καὶ
2679 863 2706 916 ὁ
2753 863 2917 936 Λόγος
2948 864 3059 934 ἅμα
3089 863 3182 934 μὲν
3212 862 3439 937 ἐρρήθη,
3474 864 3586 932 ἅμα

1940 948 1997 1004 δὲ
2076 950 2163 1004 καὶ
2237 951 2336 1019 τὴν
2404 950 2566 1006 πόλιν
2634 947 3088 1024 περιελάμϐανεν.
3151 948 3583 1020 Ἐκπηδήσαντες

1938 1045 2221 1115 τοιγαροῦν
2274 1045 2381 1094 τῶν
2439 1040 2648 1112 οῗκιῶν,
2697 1042 2876 1101 καθὼς
2923 1038 3145 1103 ἕκαστος
3175 1037 3320 1114 ἔχων
3368 1037 3584 1113 εὑρέθη,

1938 1129 2142 1200 ἐξέθιον
2192 1129 2534 1190 ἀσυντάκτως
2577 1130 2712 1183 κατὰ
2761 1129 2856 1190 τὰς
2912 1127 3211 1206 ἀμφόδους,
3266 1128 3354 1181 καὶ
3387 1130 3439 1182 οἱ
3495 1130 3587 1199 μὲν

1939 1215 2102 1284 ἔνθεν,
2136 1218 2191 1270 o't
2223 1215 2269 1270 δ’
2297 1216 2494 1280 ἐκεῖθεν
2546 1218 2839 1292 φερόμενοι
2869 1217 3145 1288 ἀλλήλοις
3194 1216 3590 1292 προσέπιπτον.

1937 1307 2033 1362 Ἠν
2069 1304 2126 1359 δὲ
2173 1307 2261 1359 καὶ
2305 1306 2520 1369 τούτοις
2558 1307 2823 1367 κάκείνοις
2855 1310 2931 1366 εἷς
2979 1307 3069 1359 καὶ
3103 1308 3130 1359 ὁ
3182 1306 3340 1366 αὐτὸς
3395 1307 3589 1366 πόνος.

1939 1394 2036 1448 Καὶ
2096 1395 2275 1468 ὥσπερ
2331 1396 2466 1448 κατὰ
2514 1394 2691 1448 νώτου
2739 1395 2826 1448 καὶ
2885 1394 3216 1471 ἀμφοτέροις
3280 1394 3592 1466 ἐπείγοντος

1933 1486 2031 1536 τοῦ
2060 1486 2228 1536 κακοῦ
2259 1480 2649 1557 συγκρούοντες
2711 1482 3004 1551 ἀλλήλοις,
3059 1483 3236 1556 ἅτεροι
3292 1481 3342 1550 ἐξ
3392 1483 3588 1552 ἐτέρων

1939 1572 2223 1643 μανθάνειν
2257 1571 2454 1639 ἤθελον
2487 1572 2570 1632 τίς
2605 1574 2638 1639 ἡ
2672 1574 2856 1647 φήμη,
2903 1571 2992 1623 καὶ
3026 1570 3068 1624 εἰ
3115 1568 3296 1640 ἀληθῆ
3329 1570 3394 1623 τὰ
3425 1571 3586 1643 Λεγό-

2174 1656 2199 1676 ν
2331 1662 2342 1680 ,
2413 1659 2428 1678 ,
2595 1657 2618 1675 ν
2659 1661 2671 1679 .
2800 1665 2820 1675 -
3126 1664 3152 1673 -
3270 1662 3290 1678 ν
3539 1657 3548 1674 ,

1940 1680 2090 1731 μονα.
2123 1656 2319 1716 Ουτεδ
2370 1680 2523 1713 ουτοι
2554 1679 2652 1713 ουτ
2711 1659 2904 1713 ἐκεινοι
2938 1657 3193 1734 ἀσφαλως
3242 1678 3398 1732 ειχον
3449 1678 3582 1734 φρα-

1937 1753 2068 1816 ζειν,
2100 1746 2248 1816 πλὴν
2296 1753 2393 1802 τοῦ
2426 1747 2605 1818 ἀληθῆ
2658 1749 2788 1802 εἶναι
2845 1752 3012 1802 ταῦτα
3056 1747 3363 1824 συμφὼνως
3410 1747 3583 1800 ἀπάν-

1934 1858 2040 1892 των
2123 1837 2554 1913 ἰσχυριζομένων
2629 1837 2703 1899 εἰς
2763 1841 2967 1892 τοῦτο.
3032 1836 3127 1892 Καὶ
3184 1834 3406 1897 ἕκαστος
3458 1837 3578 1906 περὶ

1932 1929 2107 2000 ἐαυτῷ
2157 1923 2485 2003 ἀμφιϐόλως
2532 1926 2674 2002 ἔχων
2733 1927 2794 1981 τὸ
2847 1930 3133 1995 σώζεσθαι,
3192 1920 3582 2003 ἀναμφιϐόλως

1933 2018 2048 2092 εἶχε
2079 2017 2200 2092 περὶ
2226 2018 2325 2086 τὴν
2359 2019 2430 2094 φή
2444 2039 2573 2089 μην.
2607 2017 2699 2073 Ἐν
2751 2015 2862 2088 ὅσῳ
2904 2013 2960 2070 δὲ
2989 2014 3138 2070 ταῦτ’
3167 2014 3393 2078 ἐκείνοις
3423 2015 3582 2082 ἦσαν,

1930 2108 2158 2161 κατόπιν
2203 2104 2372 2162 ἄλλοι
2423 2105 2770 2182 ἐκτρέχοντες
2817 2103 3158 2180 ἐτραγῴδουν
3215 2105 3310 2165 τὰς
3367 2125 3583 2180 συμφο-

1932 2199 2047 2272 ρᾶς,
2096 2198 2186 2252 καὶ
2237 2196 2459 2261 οἰκείοις
2507 2195 2695 2270 ἔλεγον
2747 2195 3056 2270 ὀφθαλμοῖς
3114 2198 3391 2258 τεθεᾶσθαι
3450 2195 3579 2256 τοὺς

1929 2286 2180 2349 ἐπιόντας
2225 2289 2315 2342 τὸν
2358 2286 2753 2362 ἐντυγχάνοντα
2782 2287 2931 2363 σφίσι
2979 2283 3220 2357 μεληδὸν
3273 2285 3577 2362 κατασφάτ-

1927 2398 2134 2443 τοντας,
2167 2379 2241 2439 ὡς
2292 2378 2419 2431 εἶναι
2466 2378 2567 2445 τήν
2613 2375 2827 2430 ἐκείνων
2879 2377 2999 2438 θέαν
3038 2376 3164 2447 ,ἅμα
3216 2375 3303 2428 καὶ
3349 2375 3574 2437 θάνατον

1930 2465 2222 2537 οἴκτιστον,
2280 2469 2387 2520 τῶν
2448 2461 2653 2542 φόϐων,
2715 2468 2894 2538 οἶμαι,
2946 2461 3455 2518 εἶδωλοποιούντων
3511 2463 3578 2516 τὰ

1928 2556 2073 2626 πᾶθη
2132 2557 2218 2610 καὶ
2277 2559 2607 2630 γρηγοροῦσι
2652 2556 2738 2609 καὶ
2793 2556 2860 2608 τα
2920 2555 2994 2626 μὴ
3053 2549 3180 2607 ὄντα
3226 2553 3574 2607 πλαττόντων

1930 2644 2240 2718 ὀφθαλμοῖς
2271 2645 2333 2698 τὸ
2380 2644 2600 2698 ὀπτικὸν
2630 2641 3009 2715 πλανωμένοις
3059 2642 3147 2696 καὶ
3177 2645 3274 2710 τῆς
3321 2642 3578 2712 ἀληθείας

1931 2844 2040 2900 hac
2071 2844 2310 2915 quidem
2340 2843 2504 2898 urbis
2535 2845 2718 2915 parte,
2752 2843 2811 2897 in
2843 2842 2944 2897 illa
2973 2858 3106 2897 vero
3138 2858 3276 2904 non.
3309 2842 3410 2896 sed
3459 2841 3576 2896 late

1929 2950 2031 3005 per
2089 2934 2294 2988 urbem
2349 2937 2532 2987 totam
2592 2949 2708 2987 uno
2766 2932 2990 2987 circum
3040 2931 3300 3001 undique
3348 2935 3571 3000 tenore,

1925 3027 2157 3094 gentem
2189 3021 2582 3077 Tocharorum
2611 3020 2993 3076 multitudine
3024 3021 3230 3075 fretam
3262 3021 3572 3075 trucidatis

1925 3117 2105 3183 porte
2134 3110 2479 3167 custodibus
2499 3110 2555 3165 in
2571 3111 2864 3165 civitatem
2890 3109 3174 3177 irrupisse
3196 3109 3571 3180 rapidissimo

1925 3205 1982 3257 et
2012 3200 2330 3257 suavissimo
2378 3198 2558 3255 simul
2616 3199 2867 3270 impetu,
2930 3199 3012 3254 ita
3044 3204 3107 3252 ut
3140 3199 3364 3269 passim
3419 3198 3567 3270 ipsis

1923 3291 2224 3362 inopinato
2247 3281 2437 3345 ubivis
2458 3292 2828 3345 occurrentes
2851 3294 3148 3344 momento
3169 3289 3241 3343 ab
3265 3288 3338 3342 iis
3359 3287 3575 3342 imma-

1924 3381 2169 3435 nissime
2198 3394 2406 3434 omnes
2436 3378 2899 3434 conciderentur.
2935 3379 3005 3433 Et
3037 3394 3240 3432 rumor
3269 3377 3364 3432 hic
3397 3378 3569 3434 simul

1923 3469 2212 3541 prolatus,
2247 3468 2426 3525 simul
2458 3470 2794 3524 universam
2827 3469 3044 3540 pariter
3073 3468 3382 3538 complevit
3414 3486 3572 3524 com-

1923 3557 2358 3630 prehenditque
2427 3558 2746 3612 civitatem.
2797 3557 3113 3612 Exilientes
3175 3557 3357 3628 igitur
3413 3565 3571 3611 extra

1921 3648 2127 3702 domos
2158 3663 2223 3702 eo
2252 3645 2503 3718 quisque
2532 3646 2732 3701 habitu
2780 3663 2894 3717 quo
2941 3646 3040 3700 illo
3092 3662 3286 3700 rerum
3320 3645 3568 3700 articulo

1922 3740 2186 3807 repertus
2217 3741 2326 3802 est,
2356 3735 2772 3791 discurrebant
2793 3734 3210 3790 confusissime
3233 3751 3335 3806 per
3363 3737 3487 3790 vias
3509 3741 3566 3789 et

1921 3826 2288 3898 angiportus,
2313 3830 2554 3880 ruentes
2575 3824 2674 3880 ille
2697 3825 2830 3892 huc,
2856 3824 2950 3879 hic
2975 3823 3135 3891 illuc,
3163 3824 3308 3879 alter
3339 3825 3398 3879 in
3420 3824 3568 3880 alte-

1920 3931 2047 3970 rum
2079 3916 2409 3971 accidentes
2437 3919 2642 3970 mutuo
2664 3913 2897 3978 collisu,
2921 3913 3116 3969 labore
3140 3915 3414 3985 utrinque
3438 3931 3571 3970 con-

1919 4005 2116 4071 trario,
2151 4006 2253 4060 sed
2289 4005 2452 4077 pari;
2502 4005 2561 4059 in
2612 4019 2787 4076 quem
2847 4003 2977 4059 illos
3033 4004 3309 4059 trudebat
3366 4005 3566 4075 opinio

1919 4095 2132 4166 cuique
2166 4093 2447 4150 instantis
2478 4109 2511 4148 a
2543 4097 2705 4164 tergo
2736 4093 2896 4150 mali.
2946 4097 3028 4150 Ac
3081 4110 3210 4149 sese
3262 4093 3568 4166 pulsantes

1919 4183 2557 4256 percontabanturquaa
2580 4181 2702 4237 haec
2731 4184 2886 4237 esset
2915 4182 3092 4252 fama,
3116 4186 3174 4237 et
3195 4183 3405 4254 ecquid
3430 4199 3566 4238 vera

1919 4280 2317 4328 narrarentur.
2369 4272 2546 4327 Porro
2601 4286 2789 4342 neque
2847 4271 2906 4326 hi
2965 4285 3155 4342 neque
3200 4270 3286 4326 illi
3335 4276 3562 4327 certum

1919 4361 2244 4436 quidquam
2275 4361 2546 4434 expedire
2569 4365 2861 4432 poterant.
2887 4362 3173 4416 Caeterum
3197 4377 3402 4416 omnes
3423 4378 3562 4417 voce

1917 4467 2175 4507 consona
2197 4451 2507 4507 verissima
2553 4451 2667 4505 dici
2716 4451 3129 4519 afﬁrmabant;
3190 4467 3326 4506 nam
3381 4468 3561 4522 quam

153 4538 555 4594 mediocribus
603 4538 843 4610 quidem
892 4538 1173 4610 attingere
1213 4539 1676 4611 magnitudinem
1710 4557 1807 4597 ars
1839 4545 1884 4608 Ι)
1919 4543 2171 4613 quisque
2210 4541 2471 4597 incertus
2529 4544 2654 4595 erat
2709 4539 2938 4595 consilii
2997 4541 3067 4595 de
3124 4539 3215 4595 via
3272 4542 3563 4608 modoque

153 4635 336 4701 atque
355 4628 735 4700 amplificatio
756 4629 1050 4685 sermonis
1068 4631 1491 4700 potest,eadem
1517 4631 1669 4687 infra
1691 4649 1810 4687 ma-

147 4719 447 4773 ximarum
481 4734 586 4790 per
613 4733 676 4773 se
705 4734 903 4774 rerum
941 4718 1248 4776 subsidere
1283 4718 1585 4792 fastigium
1617 4721 1810 4792 impar

149 4808 530 4880 assequendo
562 4805 729 4863 solet.
753 4808 944 4871 Quare
983 4808 1265 4880 sapientis
1289 4808 1523 4865 lectoris
1553 4815 1643 4865 est
1665 4811 1805 4866 sub-

149 4898 350 4953 levane
394 4896 620 4967 judicio
648 4897 708 4951 in
740 4896 960 4953 talibus
1005 4897 1414 4954 infirmitatem
1464 4899 1805 4971 scriptionis

149 4987 244 5041 cui
281 4986 710 5058 cognoscendas
759 4986 860 5043 dat
915 5001 1178 5058 operam,
1227 4991 1285 5042 et
1326 4988 1496 5060 quasi
1529 4988 1804 5061 supplere

145 5076 535 5148 imaginando
568 5076 724 5146 quod
760 5075 938 5131 dictio
969 5076 1168 5133 minus
1207 5076 1506 5149 exprimit,
1538 5077 1802 5134 evolante

145 5165 350 5220 animo
383 5163 443 5219 in
489 5163 678 5235 ipsam
730 5165 1101 5237 prasentism
1155 5166 1420 5237 periculi,
1469 5181 1801 5240 sensusque

143 5257 434 5310 induente
465 5252 672 5325 quales
723 5254 910 5310 fuisse
966 5260 1429 5312 consentaneum
1472 5257 1551 5312 sit
1595 5273 1796 5312 eorum

143 5344 369 5417 quibus
401 5334 756 5415 contigit-in
806 5343 956 5400 145
1011 5359 1093 5412 re,
1153 5343 1296 5400 dum
1346 5349 1643 5414 gereretur
1673 5346 1802 5416 ipsa

139 5433 394 5491 versari.
426 5432 624 5487 Primo
647 5433 830 5505 igitur
871 5434 1119 5489 triborio
1150 5434 1264 5488 diei
1294 5433 1476 5504 illius,
1509 5436 1800 5491 eminente

140 5540 332 5596 supra
347 5523 712 5578 horizontem
736 5523 860 5578 sole
880 5523 1050 5594 quasi
1068 5525 1338 5596 partibus
1361 5524 1515 5596 signi
1533 5526 1797 5597 triginta,

140 5630 284 5669 cum
315 5612 600 5684 operibus
628 5601 902 5668 heminas
932 5619 1203 5669 vacarent
1231 5613 1330 5669 alii
1361 5614 1792 5686 spiritualibus,

140 5701 449 5775 corporeis
502 5700 623 5770 alii,
657 5702 964 5760 confestim
997 5703 1154 5762 fama
1183 5702 1525 5777 dissipatur,
1566 5721 1683 5762 non
1737 5706 1796 5762 in

1920 4630 2166 4702 proprias
2193 4629 2404 4685 salutis
2436 4629 2496 4683 in
2528 4632 2654 4684 tuto
2685 4629 3054 4696 collocandae,
3089 4634 3210 4684 tam
3245 4634 3470 4685 certum
3501 4646 3563 4685 se

1919 4720 2140 4776 ferebat
2169 4721 2239 4774 de
2269 4719 2508 4775 veritate
2537 4717 2837 4790 gliscentis
2881 4720 3142 4774 famaeJn
3167 4719 3259 4775 his
3292 4720 3431 4774 dum
3465 4720 3562 4776 isti

1915 4815 2104 4879 erant,
2138 4826 2271 4865 ecce
2304 4825 2338 4864 a
2359 4813 2521 4880 tergo
2542 4808 2642 4864 alii
2683 4814 2986 4864 currentes
3020 4808 3434 4865 miserabiliter
3463 4812 3562 4866 de-

1916 4900 2224 4971 plorabant
2254 4899 2557 4953 infandam
2608 4898 2857 4964 cladem,
2894 4899 3142 4970 propriis
3177 4900 3348 4955 modo
3381 4917 3441 4955 se
3473 4901 3559 4955 vi-

1914 4988 2071 5044 disse
2100 4987 2284 5044 oculis
2315 4991 2727 5050 memorantes,
2761 4989 2915 5044 240
2947 4989 3088 5042 dum
3123 4989 3320 5044 hostes
3354 5007 3556 5061 quem-

1913 5078 2070 5150 piam
2100 5076 2214 5133 sibi
2245 5078 2480 5134 obvium
2532 5077 2900 5133 membratim
2944 5080 3405 5149 concerpscrint,
3449 5082 3559 5134 dif-

1913 5167 2261 5238 iicilijudici
2312 5167 2704 5222 immaniorne
2743 5166 2844 5220 illa
2893 5166 3209 5223 crudelitas
3262 5171 3438 5225 caedis
3487 5188 3559 5224 an

1911 5257 2141 5312 tristius
2160 5261 2216 5311 et
2241 5256 2636 5312 miserabilius
2657 5256 3060 5326 spectaculum
3087 5257 3278 5312 fuerit.
3298 5261 3561 5314 Credide-

1911 5363 1938 5400 r
1965 5363 2018 5400 m
2048 5351 2356 5412 terrorem,
2380 5350 2576 5418 partes
2599 5345 2972 5400 invadentem
2999 5348 3276 5417 Morphei,
3329 5351 3559 5405 somnia

1908 5436 2292 5508 vigilantibus
2343 5439 2494 5490 tetra
2544 5435 2814 5506 quaedam
2870 5436 3217 5505 objectassc,
3268 5444 3445 5510 atque
3496 5445 3560 5493 ut

1911 5543 2012 5599 per
2044 5533 2272 5582 noctem
2317 5526 2728 5597 imaginationi
2778 5525 2927 5581 solet
2984 5543 3177 5598 sopor,
3239 5530 3317 5584 ita
3369 5531 3555 5585 oculis

1908 5617 2035 5672 luce
2091 5617 2283 5687 palam
2327 5615 2610 5682 illusisse,
2661 5616 2786 5670 visa
2832 5619 3183 5673 ostentando
3234 5618 3401 5674 falsa.
3454 5620 3557 5676 Vis

1910 5721 2122 5778 nempe
2177 5705 2276 5761 illa
2329 5712 2419 5762 est
2480 5705 2702 5761 insanas
2757 5706 3114 5775 formidinis,
3149 5708 3245 5762 ubi
3301 5713 3553 5764 mentem
