4212 6442
649 379 749 434 691
1952 380 2257 439 GEORGII
2298 383 2764 437 PACHYMERB
3952 387 4064 442 692

651 503 1118 577 ἀποτυγχάνουσι.
1144 503 1220 557 Τὸ
1269 502 1371 577 γὰρ
1421 506 1556 558 κατὰ
1596 509 1722 559 νοῦν
1756 501 1985 580 φοϐερὸν
2020 501 2300 577 λαμϐάνον
2333 512 2387 577 Α
2419 503 2507 559 οἷά
2547 525 2689 566 τινες
2723 502 3027 575 διᾴττοντες
3057 511 3324 581 συνεχεῖς,
3371 507 3459 560 καὶ
3513 509 3564 560 οἱ
3599 509 3695 578 μὶν
3729 507 3892 578 ἔνθεν,
3925 510 3978 564 οἱ
4008 497 4071 565 δῖὶ

651 592 713 643 τὸ
745 589 990 660 ὀπτικὸν,
1026 591 1098 650 ὡς
1129 596 1245 651 τοῖς
1274 591 1373 662 ἔξω
1407 595 1694 656 σκοτασθὲν
1729 591 1817 647 διὰ
1860 595 1920 647 τὸ
1967 596 2153 668 περιὸν
2203 601 2303 662 τῆς
2418 593 2614 647 ἐκεῖθεν
2679 596 2795 666 μεθ’
2858 595 3038 668 ὁρμῆς
3085 592 3443 667 ἐξαλλόμενοι
3503 594 3655 650 οὐδὲν
3715 597 3903 671 ἐώρων
3959 604 4069 654 τῶν

657 675 887 750 δειλίας,
919 678 1008 732 καὶ
1039 681 1175 733 κατὰ
1201 679 1402 751 τρόπον
1449 680 1674 756 βλέπον,
1719 687 2012 758 προσεῖχεν
2059 684 2133 744 ὡς
2164 681 2306 752 άλη-
2418 682 2752 758 λεγομένων,
2824 684 3005 757 μόνων
3080 681 3138 738 δὲ
3217 682 3470 758 ὀδυρμῶν
3542 686 3631 741 καὶ
3691 690 4070 762 στεναγμάτων

659 765 740 818 θεῖ
772 762 1370 838 εἰδωλοπλαστουμένῳ
1417 770 1484 839 τῇ
1543 769 1826 839 φαντασίᾳ,
1874 769 1962 822 καὶ
2007 769 2036 822 ’ὀ
2097 767 2308 823 ὑπενόει
2417 770 2616 839 ἤκουον
2677 773 2752 834 ὡς
2809 771 3038 833 ἁλόντος
3095 776 3193 828 τοῦ
3249 773 3436 836 ἄστεος
3488 775 3578 828 καὶ
3629 775 3705 837 ὡς
3749 781 3847 830 τοῦ
3892 774 4071 832 δεινοῦ

661 852 825 925 μόνον
860 853 933 914 ὡς
967 853 1022 907 ὃν
1058 854 1374 923 ὑπετόπαζε.
1430 856 1490 909 Τί
1547 859 1647 932 γὰρ
1706 857 1933 919 ἐκείνοις
1968 860 2046 930 [Ρ.
2087 859 2208 928 163]
2240 859 2305 925 ἠ-
2420 861 2594 934 σφίσιν
2641 860 2693 914 ἐν
2744 865 2868 935 χρῷ
2923 860 3229 936 γεγονότος,
3289 862 3379 916 καὶ
3438 871 3632 938 σχῆμα
3687 865 3753 933 ἧν
3813 864 4070 940 ἄντικρυς

661 941 892 1016 βούλετο
940 942 1002 996 τὸ
1050 945 1118 996 τά
1165 943 1472 1018 ἀνύπαρκτα
1525 946 1599 1008 ὡς
1645 945 1695 1000 ἐν
1741 947 2029 1000 ὑποστάσει
2061 943 2188 1000 ὄντα
2217 968 2309 1000 πι-
2420 948 2659 1018 ἀλούσης
2717 951 2934 1011 πόλεως
2991 950 3059 1004 τὰ
3113 950 3481 1024 πραττόμενα,
3535 953 3683 1022 πλὴν
3742 954 3840 1009 οὐκ
3872 954 3931 1009 ἐκ
3960 961 4070 1009 τῶν

658 1034 937 1097 στοῦσθαι,
991 1032 1044 1084 οἱ
1093 1029 1139 1085 δ’
1185 1032 1474 1095 ἀκούοντες
1515 1039 1620 1088 τῶν
1653 1035 1881 1108 πρόσθεν
1936 1039 2029 1108 μὲν
2064 1035 2309 1107 έξεκροῦ·
2422 1034 2676 1112 δρώντων
2711 1037 3123 1110 εἰκονιζομένων
3181 1043 3291 1093 τῶν
3345 1037 3628 1115 χαλεπῶν,
3691 1042 3818 1097 ἀλλ’
3876 1043 4072 1098 ἐκτῶν

659 1140 802 1187 οντο,
835 1116 1337 1195 παλινδρομοῦντες
1371 1120 1416 1176 δ’
1459 1122 1511 1184 ἐς
1562 1122 1747 1185 οἴκους
1801 1126 1851 1178 οἱ
1901 1127 1994 1197 μὶν
2051 1130 2169 1186 ταῖς
2199 1146 2310 1197 γω-
2420 1125 2746 1200 πασχόντων
2804 1126 2871 1180 τὰ
2910 1134 3011 1196 τῆς
3063 1124 3339 1188 ἁλώσεως.
3402 1128 3480 1186 Οὐ
3535 1131 3635 1205 γὰρ
3693 1133 3840 1193 κενὸς
3891 1131 4075 1186 ἐκάλει

656 1209 792 1271 νίαις
825 1209 1047 1279 ἐζήτουν
1099 1208 1464 1286 παραδύεσθαι
1495 1216 1630 1268 κατᾶ
1674 1215 1737 1268 τὸ
1790 1217 1969 1293 σφίσιν
2000 1216 2183 1276 αὗτοῖς
2236 1214 2310 1275 εἷς
2421 1215 2570 1268 κενὸν
2632 1216 2706 1275 ὡς
2766 1215 3080 1288 Αηψόμενος
3133 1217 3224 1269 τὸν
3280 1217 3445 1291 ἀργὸν
3505 1220 3640 1292 πρὸς
3685 1221 3747 1273 τὸ
3779 1219 4074 1293 λήψεσθαι,

658 1300 931 1374 σωτηρίαν
997 1301 1176 1354 ἱκανὸν
1238 1305 1639 1376 νομιζόμενον,
1699 1304 1788 1358 καὶ
1849 1306 1902 1358 οἱ
1963 1306 2057 1377 μὲν
2110 1306 2314 1381 τάφους

657 1389 829 1444 πάλαι
887 1393 1330 1455 κατατεθνεώτων
1387 1394 1728 1468 άνοιγνύντες
1789 1394 2067 1465 εἷσέδυον,
2152 1397 2204 1449 οἱ
2267 1393 2314 1448 δ’

661 1477 923 1556 ἀσφαλέσι
981 1480 1176 1543 τόποις
1236 1482 1458 1544 ἑαυτοὺς
1516 1482 1878 1538 ἐνεπίστευοψ
1929 1483 2091 1538 ἄλλοι
2144 1481 2201 1538 δὲ
2231 1485 2317 1538 ἆνο

668 1568 870 1645 δρῶδές
903 1593 954 1625 τι
982 1572 1070 1625 καὶ
1101 1572 1400 1648 θαρῥαλέον
1449 1575 1745 1648 ἡγούμενοι
1784 1578 2036 1650 πράττειν
2064 1574 2209 1629 ὅπλα
2259 1597 2318 1630 τε

668 1659 1006 1730 περιετιθουν
1065 1659 1152 1712 καὶ
1213 1659 1449 1734 λόγγαις
1504 1660 1595 1714 σὺν
1653 1661 1868 1715 ἀσπίσιν
1927 1661 2171 1735 ἐχρῶντο
2227 1661 2315 1715 καὶ

667 1746 757 1798 τὸν
818 1746 1162 1819 ἡγησόμενον
1223 1747 1527 1818 ἐξεζήτουν.
1590 1751 1758 1803 Ἦσαν
1821 1748 1878 1804 δὲ
1905 1750 2027 1804 τότε
2059 1752 2086 1804 ὁ
2121 1751 2214 1822 μὶν
2244 1749 2318 1810 εἷς

2424 1299 2548 1356 οὐδὲ
2575 1301 2799 1376 πλήρης
2834 1303 2907 1357 ὥν
2939 1300 3110 1365 ἄλλος
3163 1305 3506 1378 παρώτρυνεν
3555 1303 3763 1383 ἕτερον,
3797 1307 3924 1362 ἀλλ’
3957 1312 4074 1363 οἷον

2425 1389 2808 1455 ἐκσπασθέντες
2861 1396 2938 1464 τῷ
3012 1387 3361 1469 φοόόληπτοι
3433 1396 3754 1469 γεγονέναι,
3812 1397 3902 1450 καὶ
3957 1404 4079 1459 τοῖς

2426 1479 2652 1541 οἰκείοις
2684 1479 2758 1542 ὠς
2787 1479 3102 1554 ἀλλοτρίοις
3133 1483 3579 1555 προσπταίοντες,
3641 1486 3960 1540 ὑπώπτευον
3988 1488 4081 1540 καὶ

2425 1568 2552 1624 τοὺς
2627 1570 2876 1638 συνήθεις
2951 1570 3027 1631 ὡς
3091 1569 3417 1643 πολεμίους,
3491 1573 3638 1648 παρὰ
3692 1577 3955 1628 τοσοῦτον
4014 1575 4080 1628 οὐ

2430 1658 2753 1734 σφάττοντες
2806 1660 2934 1730 παρ’
2985 1658 3110 1713 ὅσον
3163 1659 3252 1713 καὶ
3308 1661 3371 1715 τὸ
3428 1662 3565 1734 πρὸς
3621 1660 3837 1716 ἐκείνων
3885 1665 4080 1717 παθεῖν

2432 1743 2819 1814 ἐφυλάττοντο,
2853 1743 3119 1823 δύσμοροι
3148 1755 3249 1816 τῆς
3276 1749 3588 1824 ὁμαιχμίας
3641 1750 3730 1805 καὶ
3763 1749 3950 1805 ἄθλιοι
3979 1758 4084 1820 τῆς

667 1835 997 1909 προστασίαν
1073 1843 1174 1905 τῆς
1234 1835 1452 1898 πόλεως
1508 1839 1834 1911 τεταγμένος
1896 1839 1998 1892 οὐκ
2055 1838 2110 1891 εὖ
2161 1835 2319 1898 εἰδὼς
2351 1861 2398 1925 Β
2429 1836 2563 1889 κατὰ
2621 1840 2754 1910 σφᾶς
2795 1835 3103 1908 προθυμίας
3149 1833 3394 1899 ἕκαστος.
3453 1839 3590 1894 Τότε
3642 1840 3731 1893 καὶ
3790 1841 3841 1894 οἱ
3882 1838 3934 1894 ἐν
3971 1842 4086 1914 clp-

666 1922 952 1996 πολέμων,
1002 1923 1147 1978 ἀλλὰ
1196 1923 1505 1998 λημμάτων
1538 1927 1566 1980 ὁ
1598 1924 1990 1996 Μανουηλίτης
2025 1925 2317 1997 Νικόλαος,

663 2015 831 2085 τιμὴν
896 2011 1042 2087 ἔχων
1099 2015 1159 2068 τὸ
1215 2017 1588 2090 προκαθῆσθαι
1643 2023 1743 2084 τῆς
1802 2015 2031 2084 πόλεως,
2067 2015 2230 2070 ἄλλοι
2263 2013 2319 2070 δὲ

665 2101 918 2156 πλεῖστοι
975 2101 1313 2175 πολεμικαῖς
1370 2103 1677 2177 ἐμπειρίαις
1722 2103 2176 2180 ἑντεθραμμένοι,
2236 2107 2320 2166 οἷς

667 2191 894 2263 οὐδεμία
922 2212 1004 2254 τις
1058 2191 1180 2261 ἐνῆν
1230 2194 1292 2246 τὸ
1348 2193 1605 2262 τηνικάδε
1664 2192 1843 2247 ἔννοια
1896 2198 1992 2247 τοῦ
2049 2191 2320 2254 πολλάκις

665 2280 756 2334 καὶ
815 2277 1010 2352 ψεῦδος
1064 2282 1192 2335 εἶναι
1251 2282 1313 2335 τὸ
1345 2282 1743 2359 φημιζόμενον,
1799 2279 1944 2336 ἀλλὰ
1985 2287 2115 2336 πᾶσι
2139 2283 2322 2345 κοινὸς

669 2368 1063 2444 προσπεπαίκει
1124 2365 1313 2443 φόϐος.
1376 2371 1470 2424 Καὶ
1529 2372 1604 2444 μή
1662 2373 1827 2443 μόνον
1877 2372 1939 2426 τὸ
1995 2372 2130 2426 κατὰ
2187 2376 2319 2448 σφᾶς

670 2456 890 2526 ἤθελον,
942 2458 1086 2513 ἀλλὰ
1130 2459 1219 2513 καὶ
1245 2460 1307 2514 τὸ
1336 2460 1470 2515 κατᾶ
1501 2465 1672 2514 πᾶσαν
1699 2462 1798 2529 τήν
1825 2459 1987 2516 πόλιν
2038 2462 2318 2529 σώζεσθαι.

671 2546 1051 2609 Ὀπλισθέντες
1121 2569 1404 2625 τοιγαρουν
1485 2547 1688 2604 διέθεον
1748 2555 1922 2605 πᾶσαν
1972 2551 2070 2619 τήν
2131 2547 2317 2618 πόλιν,

673 2749 1152 2812 consternaverit,
1187 2750 1440 2805 furorem
1485 2750 1622 2805 inde
1669 2749 1857 2806 oculis
1886 2750 2209 2816 oifundere,
2258 2754 2324 2805 ut

673 2838 786 2894 sibi
821 2853 1012 2892 coram
1048 2853 1284 2893 cernere
1318 2842 1526 2894 maesta
1556 2843 1823 2910 tetraque
1875 2838 2194 2894 simulacra
2239 2839 2325 2894 vi-

679 2929 950 2993 deantur,
986 2943 1113 2998 qua
1159 2943 1454 2998 nusquam
1489 2927 1607 2982 sint
1637 2927 1775 2982 alibi
1810 2943 1989 2999 quam
2039 2927 2099 2983 in
2131 2943 2328 2982 errore

681 3015 986 3070 delirantis
1010 3016 1376 3081 animi,unici
1401 3016 1644 3072 artificis
1664 3016 1920 3086 illorum,
1945 3017 2328 3088 persuasione

680 3104 951 3176 quamvis
967 3121 1114 3159 vana
1129 3104 1500 3181 stultaquein
1517 3110 1673 3161 certo
1693 3105 2028 3161 affirmandi
2051 3107 2325 3162 ﬁduciam

679 3196 790 3250 abu
803 3193 1208 3250 ndante.Talia
1222 3195 1369 3265 quia
1385 3200 1586 3250 contra
1603 3194 1975 3250 venientibus
1998 3195 2326 3262 audierant,

680 3284 1035 3340 referebamt
1075 3288 1225 3339 retro
1247 3284 1449 3355 pedem
1470 3284 1676 3339 domos
1699 3301 2066 3356 versus;pars
2080 3283 2328 3356 angulos

2432 1927 2586 1984 κταῖς
2617 1921 2863 1998 σιδήροις
2891 1922 3220 1997 πεδούμενοι
3255 1926 3482 1996 (πολλοὶ
3523 1929 3626 2003 γὰρ
3656 1932 3762 1982 τῶν
3793 1927 4086 2000 πολεμίων

2427 2014 2784 2086 κρατηθέντες
2837 2013 2913 2075 ὡς
2966 2015 3185 2085 εἱρκτήν
3217 2012 3400 2085 λήθης
3442 2016 3544 2084 τήν
3596 2016 3648 2071 ἐν
3675 2018 3877 2087 Νικαίᾳ
3907 2016 4086 2089 φυλα-

2427 2103 2528 2170 κήν
2587 2103 3007 2177 κατεκρίνοντο,
3078 2104 3155 2166 ὡς
3209 2103 3269 2158 οὐ
3348 2102 3550 2180 ῥᾳδίως
3610 2104 3669 2159 ἃν
3726 2104 4089 2179 ἀποδράντες)

2430 2191 2624 2246 ἐκεῖνοι
2683 2190 2864 2246 τοίνυν
2917 2193 3017 2260 τήν
3088 2194 3274 2261 κοινὴν
3331 2197 3595 2266 θεώμενοι
3652 2197 3902 2270 ταραχήν
3962 2195 4088 2249 ἐπί-

2431 2302 2614 2336 στευον
2673 2281 2801 2342 τοὺς
2859 2280 3090 2356 ἐχθροὺς
3121 2282 3339 2336 εἰσιέναι
3367 2284 3456 2337 καὶ
3487 2292 3751 2358 κρατῆσαι
3810 2286 3874 2338 τὸ
3929 2282 4090 2350 ἄστυ,

2431 2369 2530 2424 οὐκ
2559 2368 2610 2440 ἐξ
2659 2367 2732 2423 ὧν
2760 2369 2995 2432 ἐκείνους
3027 2365 3278 2441 ἔϐλεπον,
3313 2369 3440 2427 ἀλλ’
3470 2371 3520 2442 ἐξ
3569 2374 3641 2427 ὧν
3673 2374 3766 2428 τὸν
3795 2378 3901 2428 τῶν
3934 2372 4092 2427 ἐποί-

2429 2463 2540 2514 κῶν
2595 2455 2825 2530 θόρυϐον
2879 2458 3129 2523 ἐθεῶντο.
3183 2460 3280 2514 Καὶ
3309 2458 3376 2529 δὴ
3423 2466 3532 2516 τῶν
3559 2459 3738 2517 πεδῶν
3768 2461 4091 2523 ἐκλυθέντες

2431 2547 2656 2623 οὐραγοί
2740 2569 2881 2611 τινες
2964 2548 3096 2616 ἦσαν
3175 2550 3575 2625 προεκθεοόσης
3629 2550 3724 2616 τῆς
3777 2550 4094 2629 φάλαγγος,

2437 2750 2638 2820 hilque
2668 2750 2866 2804 deerat
2898 2749 2967 2804 ad
3001 2766 3237 2805 scenam
3289 2751 3565 2823 tragicam
3614 2757 3884 2806 extrema:
3925 2753 4096 2808 cala-

2440 2839 2687 2908 mitatis,
2720 2837 2914 2910 qualis
2948 2839 3007 2893 in
3041 2840 3367 2911 direptione
3399 2841 3564 2894 urbis
3595 2847 3939 2913 expugnate
3974 2859 4102 2898 cer-

2439 2929 2625 2994 nitur,
2681 2928 2796 2983 nisi
2845 2927 2998 2998 quod
3050 2927 3185 2982 sola:
3241 2944 3367 3000 quas
3405 2929 3780 3000 patiebantur
3825 2945 4100 3001 personae

2438 3014 2793 3088 partesillic,
2827 3019 2885 3070 et
2908 3015 3147 3087 quidem
3181 3015 3627 3087 perfectissime,
3657 3017 3906 3087 agebant
3926 3035 4102 3084 suas,

2439 3105 2555 3158 vim
2587 3103 2905 3159 inferentes
2953 3105 3375 3176 comparebant
3403 3122 3719 3176 nusquam.
3753 3106 3876 3162 Non
3902 3108 4097 3177 enim,

2441 3197 2506 3248 ut
2535 3193 2598 3247 fit
2628 3194 2688 3246 in
2720 3193 3254 3264 depraedationibus
3286 3199 3588 3266 captarum
3629 3195 3961 3263 civitatum,
3998 3214 4098 3251 va-

2444 3299 2592 3338 cuus
2620 3297 2869 3340 vacuum
2901 3281 3319 3338 exhortabatur
3343 3284 3415 3339 ad
3464 3299 3665 3340 secum
3716 3285 4100 3356 rapiendum,

686 3373 1131 3437 scrutabantur,
1153 3373 1337 3428 sicubi
1355 3389 1558 3427 cavum
1588 3373 1920 3429 invenirent
1939 3390 2056 3445 quo
2077 3391 2138 3429 se
2167 3390 2331 3430 com-
2365 3399 2408 3465 ρ
2447 3375 2504 3426 et
2531 3370 2590 3424 in
2622 3370 2731 3425 hoc
2762 3386 2998 3441 segnem
3047 3371 3405 3444 increpabat.
3455 3372 3578 3428 Non
3627 3389 3835 3428 rursus
3879 3373 4101 3445 plenus

690 3464 999 3536 pingerent
1032 3480 1044 3518 :
1075 3458 1170 3517 alii
1205 3462 1363 3517 aliud
1398 3461 1607 3517 salutis
1638 3479 1802 3534 spem
1834 3463 2082 3519 offerens
2126 3463 2336 3519 latibu-

690 3553 814 3608 lum
849 3551 1200 3623 captabant;
1236 3568 1340 3606 nec
1370 3552 1610 3607 deerant
1635 3552 1736 3623 qui
1779 3550 2065 3623 sepulcris
2115 3552 2342 3608 dudum

702 3647 1068 3698 mortuorum
1101 3658 1231 3698 sese
1260 3643 1632 3699 insinuantes
1680 3643 1759 3698 ibi
1793 3647 2169 3709 mussarent;
2200 3643 2345 3699 locis

701 3733 940 3805 quidam
995 3731 1241 3787 munitis
1272 3737 1329 3787 et
1361 3732 1513 3787 ﬁrmi
1573 3732 1764 3804 operis
1817 3737 1995 3804 caput
2050 3732 2346 3804 vitamque

701 3821 1213 3878 commendabant.
1246 3822 1332 3877 Ab
1364 3821 1457 3876 his
1490 3821 1702 3876 diversi
1746 3820 2014 3876 nonnulli
2063 3822 2238 3892 digno
2263 3822 2349 3876 vi-

702 3911 805 3982 ris,
836 3916 893 3967 et
931 3914 998 3965 ut
1027 3910 1176 3982 ipsis
1206 3910 1532 3981 videbatur,
1556 3927 1838 3981 generoso
1869 3911 2135 3981 consilio,
2167 3911 2352 3967 armis

702 3999 948 4066 indutis,
984 4004 1214 4072 arrepta
1245 3999 1448 4056 lancea
1478 4005 1785 4072 scutoque,
1819 4001 1922 4072 qui
1962 4002 2199 4056 duceret
2251 4001 2349 4056 ad-

705 4107 910 4145 versus
942 4089 1169 4145 hostem
1205 4089 1564 4161 quaerebant.
1601 4090 1784 4145 Homo
1816 4094 1940 4145 erat
1971 4090 2097 4145 urbi
2133 4107 2351 4162 praepo-

708 4183 860 4235 situs
893 4179 1220 4251 praedarum
1253 4195 1430 4251 quam
1463 4178 1796 4250 praeliorum
1843 4179 2142 4244 scientior,
2191 4180 2351 4234 Man-

709 4269 922 4325 nelites
953 4268 1247 4324 Nicolaus.
1279 4269 1381 4323 Hic
1421 4267 1609 4324 honor
1665 4269 1953 4341 obtigerat
2010 4268 2357 4339 praesidendi

707 4364 847 4413 tunc
896 4358 1119 4413 Nicaeae.
1177 4356 1360 4412 Erant
1409 4361 1468 4413 et
1523 4356 1624 4412 alii
1677 4357 1940 4429 plurimi,
1991 4357 2212 4413 militiae
2245 4375 2353 4413 usu

709 4438 1014 4513 nonnullo,
1051 4445 1375 4502 multorum
1427 4463 1718 4502 annorum
1772 4447 2086 4518 stipendiis
2123 4447 2358 4502 imbuti.

709 4543 928 4594 Horum
962 4533 1107 4591 nulli
1141 4540 1269 4591 tum
1300 4536 1459 4591 venit
1486 4535 1545 4590 in
1577 4541 1833 4592 mentem
1884 4536 2141 4609 cogitare
2180 4554 2363 4592 vanos

711 4629 1060 4700 plerumque
1105 4625 1242 4681 ferri
1279 4626 1570 4696 ejusmodi
1612 4641 1900 4690 rumores,
1934 4626 2183 4698 ideoque
2211 4627 2362 4684 serio

719 4720 866 4774 247
903 4715 1232 4788 disquerire
1265 4714 1402 4786 quid
1435 4715 1492 4769 in
1525 4731 1584 4771 re
1614 4721 1806 4785 esset;
1841 4717 1942 4772 sed
1983 4717 2202 4788 pariter
2231 4734 2358 4773 orn-

715 4825 818 4863 nes
850 4823 967 4861 una
999 4805 1298 4861 communi
1353 4804 1608 4876 perculsi
1636 4805 1982 4877 formidine,
2015 4807 2361 4877 satagebant

718 4913 831 4952 non
867 4911 927 4950 se
958 4894 1136 4964 solos,
1167 4909 1360 4950 verum
1388 4898 1446 4949 et
1475 4894 1630 4950 cives
1671 4900 1944 4966 tectaque
1974 4911 2222 4952 servare.
2253 4900 2359 4952 Ar-

719 4987 861 5042 mati
895 5001 1032 5058 ergo
1083 4984 1488 5040 discurrebant
1521 5001 1623 5055 per
1653 4988 1833 5040 totam
1864 4984 2180 5050 civitatem,
2203 4985 2363 5041 velut

718 5077 960 5148 quidam
998 5073 1150 5128 ultro
1180 5073 1439 5142 citroque
1469 5074 1744 5129 continue
1784 5074 2236 5130 eommeabundi
2269 5089 2361 5130 ce-

719 5166 868 5222 leres
901 5163 1116 5220 nuntii.
1151 5168 1231 5217 Ac
1284 5163 1426 5218 dum
1486 5163 1544 5218 hi
1592 5163 1766 5229 hanc,
1799 5163 1897 5219 alii
1930 5163 2104 5219 aliam
2135 5163 2194 5219 in
2228 5181 2360 5237 par-

716 5264 836 5312 tem
871 5256 1090 5326 impetu
1117 5252 1404 5323 feruntur,
1430 5251 1575 5308 nihil
1609 5252 1846 5324 quidem
1878 5268 2078 5309 eorum
2114 5270 2245 5325 quae
2273 5253 2361 5309 di-

717 5347 1002 5403 cebantur
1033 5342 1313 5397 videbant
1345 5359 1358 5399 :
1394 5340 1585 5397 solum
1618 5341 1876 5413 ejulatus
1907 5343 2168 5414 undique
2197 5343 2361 5414 plan-

719 5443 971 5507 ctusque
1007 5431 1346 5499 audiebant,
1378 5431 1540 5487 velut
1567 5437 1738 5504 capta
1768 5433 2001 5488 civitate
2033 5432 2360 5489 lamentan-

720 5530 867 5584 tium
893 5545 906 5597 ;
939 5530 1223 5596 erantque
1251 5539 1422 5581 voces
1446 5541 1512 5579 ac
1526 5525 1811 5581 clamores
1828 5524 1999 5598 plane
2021 5524 2229 5597 quales
2259 5524 2365 5580 ho-

720 5619 972 5688 minum,
1007 5633 1156 5689 quos
1187 5631 1321 5671 cum
1353 5615 1608 5672 maxime
1637 5633 1897 5689 presens
1928 5617 2137 5690 pungit
2167 5633 2233 5672 ac
2260 5632 2362 5689 pe-

723 5711 883 5765 nitus
914 5706 1180 5764 vulnerat
1208 5705 1423 5764 atrocis
1453 5707 1787 5780 ingruentis
1818 5707 1958 5764 mali
1989 5723 2240 5778 sensus;
2276 5707 2364 5762 ni-

2451 3460 2656 3532 prmdaa
2687 3458 2838 3514 alius
2889 3462 3219 3516 ostentabat
3265 3461 3422 3517 socio
3451 3462 3642 3534 spolia
3684 3464 3972 3535 exposita,
4007 3465 4101 3518 in-

2449 3550 2642 3604 citans
2673 3553 2738 3604 ut
2761 3553 2998 3605 strenue
3029 3550 3303 3606 auferret.
3361 3551 3538 3618 Nihil,
3595 3551 3860 3623 inquam,
3919 3569 4103 3626 spec-

2455 3641 2686 3694 tabatur
2715 3637 2850 3703 tale,
2874 3639 2977 3693 sed
3025 3643 3257 3694 tantum
3301 3639 3472 3695 turba
3518 3641 3890 3696 tumultuans
3942 3645 4121 3698 avul-

2462 3745 2659 3785 sorum
2743 3727 3021 3784 domibus
3114 3732 3172 3783 et
3227 3732 3446 3784 temere
3513 3729 3879 3785 cursantium
3956 3737 4124 3788 metu

2463 3817 2900 3891 lymphatorum
2953 3835 2967 3873 :
3018 3818 3119 3889 qui
3162 3819 3260 3872 ubi
3314 3820 3374 3873 in
3425 3821 3779 3876 domesticos
3823 3838 4125 3892 procursu

2463 3908 2848 3974 otl‘enderant,
2876 3906 3334 3964 cohorescebant
3378 3913 3661 3980 tanquam
3695 3909 3754 3964 in
3797 3909 4002 3966 hostes
4037 3913 4125 3967 in-

2464 3998 2767 4067 cidissent,
2798 4001 3020 4052 terrore
3050 3997 3282 4069 panico,
3311 4014 3427 4068 quo
3456 4002 3624 4053 erant
3653 3999 4133 4069 fascinati,fami-

2467 4087 2642 4143 liares
2673 4088 3036 4143 deformante
3075 4087 3132 4141 in
3183 4088 3482 4155 barbaros,
3535 4104 3685 4158 quos
3738 4105 3810 4143 ne
3858 4092 4140 4146 occidere

2468 4184 2822 4235 conarentur
2851 4177 2978 4234 sola
3006 4179 3208 4234 tuendi
3244 4195 3307 4234 se
3336 4183 3497 4251 ipsos
3531 4183 3604 4234 ab
3647 4196 3849 4235 eorum
3895 4183 4140 4239 scilicet

2468 4269 2684 4324 infesta
2708 4267 2765 4322 vi
2797 4272 2856 4324 et
2884 4267 3069 4323 armis
3099 4283 3237 4324 cura
3269 4269 3620 4324 retardabat.
3674 4269 3945 4327 Infelices
4001 4273 4138 4327 dira

2467 4358 2750 4425 caecitate,
2810 4357 2911 4429 qui
2978 4373 3094 4411 non
3154 4357 3554 4412 discernerent
3602 4357 3756 4414 cives
3813 4364 3873 4413 et
3931 4362 4138 4417 socios

2468 4448 2541 4501 ab
2574 4446 2884 4514 hostibus;
2919 4461 3025 4500 nec
3058 4445 3256 4500 minus
3287 4447 3485 4501 miseri
3521 4447 3865 4502 fortitudine
3903 4448 4138 4504 intem-

2471 4537 2712 4608 pestiva,
2746 4552 2862 4607 qua
2893 4535 2952 4589 in
2993 4535 3215 4590 amicos
3246 4540 3422 4605 atque
3447 4536 3590 4590 adeo
3622 4536 3681 4591 in
3709 4551 3772 4590 se
3801 4537 3970 4607 ipsos
4006 4556 4145 4594 mu-

2471 4641 2661 4681 croem
2709 4625 3118 4696 impetumque
3166 4625 3579 4696 unusquisque
3626 4627 3905 4680 vertebat.
3960 4628 4144 4683 Tune

2473 4715 2530 4770 bi
2565 4729 2797 4786 quoque
2828 4711 2978 4786 quos
3035 4712 3309 4769 custodiae
3359 4714 3510 4769 ferro
3567 4714 3796 4769 vinctos
3844 4717 4146 4772 tenebant

2469 4804 2664 4873 (multi
2697 4804 2854 4859 enim
2887 4802 3038 4858 bello
3089 4803 3244 4875 capti
3275 4809 3555 4874 perpetuo
3614 4818 3866 4858 carcere.
3921 4803 4146 4861 Nicaeae

2471 4893 2768 4950 detinendi
2797 4892 3057 4948 damnati
3089 4895 3275 4959 erant,
3306 4893 3375 4946 ad
3409 4892 3466 4946 id
3491 4890 3608 4948 ista
3625 4891 3847 4947 delecta
3869 4895 4144 4958 civitate,

2472 4984 2798 5055 quodjnde
2830 4980 3134 5037 difficilius
3177 4981 3299 5036 vias
3341 4980 3600 5053 fugiendi
3652 4982 3904 5053 reperire
3960 5000 4150 5055 posse

2472 5073 2856 5141 viderentur),
2891 5072 3013 5140 isti,
3045 5071 3313 5142 inquam,
3358 5070 3662 5126 communi
3710 5071 4150 5130 animadversa

2475 5162 2934 5235 perturbatione,
2990 5160 3257 5231 persuasi
3312 5175 3513 5215 revera
3571 5159 3870 5232 ingressos
3929 5160 4150 5220 hostes

2474 5251 2628 5309 248
2661 5255 2718 5307 et
2749 5251 2804 5305 in
2840 5251 2983 5305 urbe
3015 5247 3348 5321 praavalere,
3379 5264 3497 5305 non
3537 5250 3695 5320 quod
3745 5249 3908 5321 ipsos
3967 5254 4149 5308 vide-

2474 5345 2625 5412 rent,
2659 5340 2758 5396 sed
2791 5355 2862 5395 ex
2907 5336 3301 5410 trepidatione
3348 5353 3528 5408 quam
3559 5337 3880 5393 cernebant
3910 5340 4150 5397 civium

2473 5432 3022 5501 ductaconjectura,
3049 5429 3223 5485 soluti
3252 5428 3502 5485 vinculis
3529 5445 3590 5485 se
3613 5430 3859 5485 comites
3883 5431 4150 5489 addide-

2475 5526 2614 5579 runt
2655 5521 2728 5578 iis
2764 5522 2836 5578 de
2874 5519 3092 5593 quibus
3139 5518 3260 5575 dixi
3311 5519 3579 5588 armatis,
3603 5522 3662 5574 et
3680 5522 3946 5576 extremo
3983 5522 4154 5578 velut

2474 5614 2709 5687 agmine
2726 5611 3024 5669 cohortem
3043 5612 3335 5666 auxerunt
3354 5608 3697 5678 obeuntem,
3719 5613 3785 5664 ut
3798 5614 3891 5665 est
3903 5625 4149 5669 memo-

2475 5709 2695 5770 ratum,
2725 5703 2849 5759 vias
2880 5699 3066 5770 urbis,
3113 5704 3173 5757 et
3229 5701 3653 5772 precurrentes
3699 5700 4146 5773 sequebantur,
