4212 6442
639 379 749 433 695

1950 370 2249 427 GEORGII
2288 367 2751 425 ΡΔΟἩἹἩΒΜ

3939 367 4050 420 696

641 506 772 567 σῶν,
806 498 947 559 sine:
974 498 1041 552 τὰ
1084 504 1185 565 τῆς
1224 503 1406 572 φωνῆς
1448 493 1703 560 διελθεῖν,
1754 493 1841 548 καὶ
1894 489 2167 565 συμϐῆναι
2192 491 2289 552 τὰς
2322 495 2376 560 Α
2406 488 2646 563 ἐχόντων
2687 487 2825 561 πρὸς
2871 487 2933 541 τὸ
2982 489 3365 572 παρεμπῖπτον
3412 490 3515 553 τῆς
3556 486 3747 562 φήμης
3781 484 4057 561 Θορυϐου-

646 591 740 659 μὲν
787 589 901 641 κατ’
946 586 1163 640 ἐκείνων
1226 583 1715 660 μεγαΛοφωνούσας
1772 588 2115 649 ποτνιᾶσθαι,
2166 581 2291 640 τοὺς

641 675 698 731 δὲ
756 679 910 749 πέριξ
960 677 1051 728 καὶ
1096 674 1290 745 ἔξωθεν
1337 673 1437 739 τήν
1480 672 1662 738 φωνὴν
1716 669 2050 745 δεχομένους
2081 670 2148 724 τὰ
2175 671 2292 724 κατ’

639 765 853 819 ἐκείνων
889 766 967 836 [Ρ.
1006 766 1123 831 166]
1169 762 1241 821 ὠς
1284 761 1407 835 περὶ
1458 760 1674 814 ἐκείνων
1721 759 2039 835 ἐρχομένων
2094 760 2292 813 ὑποτο-

640 855 851 921 πάζειν,
902 851 991 905 καὶ
1024 850 1167 905 οὕτω
1213 847 1535 917 διαδοθῆναι
1567 848 1775 919 σύναμα
1802 843 1958 925 φόϐῳ
1986 848 2077 901 τὸν
2100 848 2290 922 λόγον,

636 943 725 996 καὶ
782 944 878 1001 τὰς
935 945 1042 995 τῶν
1103 937 1333 993 πολλῶν
1398 940 1563 1000 ἀκοὰς
1613 936 1934 1009 πληροῦντα
1990 938 2292 1011 παραθῆξαι

636 1034 727 1084 τὸν
780 1025 1029 1102 θόρυϐον.
1086 1026 1245 1082 Ἀλλ’
1274 1025 1469 1081 ἐκεῖνοι
1504 1028 1597 1097 μὲν
1647 1026 1840 1096 οὕτως,
1900 1027 1927 1080 ὁ
1961 1024 2014 1080 δέ
2046 1047 2106 1101 γε
2140 1027 2295 1100 βασι-

640 1119 763 1178 λεὺς
819 1118 951 1190 μετὰ
993 1122 1161 1171 ταῦτα
1214 1116 1400 1188 μαθὼν
1431 1117 1580 1175 ὅπως
1627 1114 1867 1189 γένοιτο,
1920 1115 2296 1189 ὑπερεπάθησέ

636 1228 696 1262 τε
742 1208 831 1261 καὶ
892 1205 1112 1279 πέμψας
1156 1202 1244 1258 διὰ
1285 1202 1621 1279 γραμμάτων
1675 1204 1744 1257 τὰ
1789 1202 1975 1257 πολλᾶ
2021 1206 2295 1277 κατεμέμ-

640 1300 813 1368 ψατρ.
872 1293 1027 1365 Μηδὲ
1082 1293 1182 1369 γὰρ
1235 1289 1447 1367 ἀνδρῶν
1501 1292 1633 1345 εἶναι
1694 1292 1976 1367 φρονίμων
2033 1293 2125 1347 καὶ
2172 1298 2295 1348 νοῦν

644 1439 935 1511 poscenda
966 1454 1169 1492 eorum
1203 1436 1547 1491 liberatione
1577 1434 1920 1490 nominatim
1960 1436 2289 1506 exprimen-

640 1529 810 1595 tium,
848 1543 951 1583 nec
992 1526 1119 1581 sine
1150 1526 1369 1595 ejulata
1398 1523 1891 1594 ingeminantium
1927 1542 1939 1580 :
1974 1547 2003 1574 «
2042 1526 2294 1582 Defende

645 1634 773 1682 nos,
814 1622 987 1685 Deus,
1025 1632 1058 1670 a
1102 1614 1320 1682 Persis,
1350 1630 1385 1668 a
1414 1612 1691 1667 Tocharis
1740 1629 1898 1678 erue,
1950 1630 1983 1667 a
2026 1614 2295 1671 barbaris

645 1723 771 1773 nos,
808 1706 984 1769 Deus,
1036 1708 1300 1776 protege,
1334 1725 1357 1755 ι
1393 1700 1538 1756 talia
1568 1717 1702 1757 cum
1748 1701 2161 1758 meticulosum
2194 1721 2291 1776 ge-

650 1812 763 1849 nus
812 1792 1293 1848 muliercularum
1326 1794 1384 1847 et
1412 1791 1471 1846 in
1522 1790 1595 1846 iis
1637 1791 2130 1848 oonsternatiores
2179 1796 2299 1849 ani-

2408 577 2600 650 μένους
2669 577 2829 640 εὐθὺς
2886 570 3135 651 θορυϐεῖν
3169 594 3181 606 ·
3262 571 3369 629 δεῖν
3428 576 3529 649 γὰρ
3581 574 3780 629 ἐννοεῖν
3837 577 3902 631 τὸ
3956 582 4059 629 τοῦ

2402 672 2722 743 πράγματος
2778 666 3168 733 ἀνυπόστατον,
3216 666 3303 719 καὶ
3354 664 3502 725 ὅπως
3553 664 3745 740 ἐχθροὶ
3795 668 3870 737 μὴ
3898 688 4057 741 περι-

2400 759 2703 829 καθήμενοι
2758 754 2920 810 πόλιν
2980 752 3110 826 μηδ’
3168 754 3221 808 ἐν
3277 755 3401 827 χρῷ
3458 759 3566 808 τῶν
3623 754 3847 829 πύργων
3881 753 4058 825 ὄντες,

2404 845 2549 901 ἀλλὰ
2602 846 2765 919 μόλις
2792 847 2883 901 καὶ
2933 844 3259 917 ἀκουόμενοι
3292 843 3563 920 διάγοντες
3596 845 3650 899 ἐν
3681 844 3921 921 Περσίδι,
3956 847 4057 900 αὖ·

2400 939 2526 992 τίκα
2607 937 2939 1010 παμπληθὲς
3024 938 3326 1010 ἀπέχοντες
3400 937 3751 999 πετασθὲντες
3830 932 4058 1008 ἐμϐαϊεν

2405 1026 2534 1103 δίχα
2564 1025 2816 1100 πολέμου
2863 1027 2952 1082 καὶ
3000 1021 3342 1100 προσϐολῆς.
3394 1029 3574 1082 Ταῦτα
3622 1027 3711 1081 καὶ
3743 1027 4059 1081 τὰτοιαῦτα

2402 1121 2609 1193 γράψας
2634 1119 2723 1173 καὶ
2759 1116 3025 1179 ὀνειδίσας
3061 1119 3088 1171 ὁ
3144 1117 3400 1191 βασιλεὺς
3446 1116 3525 1179 εἷς
3568 1118 3630 1172 τὸ
3680 1118 3801 1189 ἑξῆς
3832 1118 4060 1180 καθίστα

2404 1208 2539 1282 πρὸς
2571 1208 2633 1262 τὸ
2664 1206 3126 1281 εὖφυλακτότερον
3156 1210 3249 1261 τὸν
3276 1206 3428 1261 λαόν.

2404 1444 2531 1494 tum
2563 1439 2777 1496 litteris
2808 1440 3046 1511 scriptis
3078 1440 3234 1495 haud
3278 1438 3672 1509 perfunctorie
3702 1439 3882 1494 duces
3913 1454 4066 1510 pris-

2406 1528 2608 1583 sertim
2653 1528 3059 1599 primoresque
3101 1528 3490 1599 reprehendit,
3534 1543 3757 1599 negans
3798 1526 4065 1581 virorum

2363 1621 2368 1625 ’
2408 1618 2790 1688 prudentium
2835 1633 2903 1673 ao
2954 1631 3027 1672 ne
3068 1634 3247 1672 sensu
3288 1618 3529 1688 quidem
3572 1615 3870 1671 communi
3918 1617 4069 1671 satis

2408 1707 2674 1775 expedite
2715 1707 3009 1761 utentium
3052 1705 3255 1772 fuisse,
3299 1705 3495 1760 statim
3530 1720 3718 1776 usque
3761 1706 3906 1759 adeo
3938 1708 4069 1759 tur-

2410 1794 2536 1849 bari
2578 1795 2734 1850 fama
2764 1800 2982 1851 temere
3012 1795 3199 1864 illata,
3240 1794 3497 1867 primum
3531 1793 3825 1865 siquidem
3864 1792 4065 1862 explo-

641 1883 792 1938 cuiae
849 1882 1113 1951 quaedam
1173 1880 1632 1935 vociferarentur
1690 1880 1920 1935 acutius
1946 1924 1961 1948 ,
2020 1882 2301 1938 credibile
2332 1870 2377 1935 Β
2410 1896 2537 1938 rare
2568 1884 2900 1955 opertuisse
2939 1899 3057 1955 quo
3088 1884 3471 1939 fundamento
3504 1898 3703 1938 rumor
3732 1883 4022 1938 niteretur
4058 1926 4073 1949 ,

642 1978 731 2028 est
775 1988 945 2027 voces
996 1970 1130 2026 illas
1160 1970 1471 2025 Persarum
1503 1974 1561 2024 et
1606 1968 2008 2025 Tocharorum
2052 1987 2293 2041 percus-

643 2062 793 2116 sisse
843 2076 1018 2115 aures
1049 2058 1443 2131 quorumdam
1475 2056 1634 2113 aliud
1666 2060 1991 2129 agentium,
2025 2063 2085 2114 et
2131 2060 2295 2115 novi-

646 2157 757 2204 tate
794 2150 919 2217 ipsa
950 2165 1016 2203 ac
1046 2152 1185 2203 tono
1217 2146 1588 2202 formidinem
1611 2147 1816 2217 ciente,
1843 2145 2083 2218 multos,
2106 2149 2291 2205 indis-

646 2256 816 2291 011'450
849 2238 1050 2293 statim
1086 2234 1302 2291 indicio
1326 2236 1633 2308 gliscente,
1660 2236 1721 2291 in
1745 2236 2062 2293 absurdam
2083 2237 2295 2309 ingres-

644 2344 839 2381 sorum
891 2326 1097 2381 urbem
1146 2326 1421 2395 istorum,
1456 2341 1603 2397 quos
1657 2323 1938 2397 appella.i
1988 2326 2297 2384 audierant

646 2416 974 2483 nominum,
1007 2414 1344 2486 opinionem
1376 2431 1442 2469 ac
1474 2414 1647 2469 fidem
1679 2415 1864 2471 fuisse
1894 2416 2139 2472 ridicule
2170 2435 2295 2490 per-

643 2509 880 2561 tractos.
915 2504 1062 2559 Nam
1112 2519 1185 2558 ne
1215 2504 1328 2558 cito
1370 2503 1906 2575 deprehenderetur
1945 2505 2174 2577 primus
2204 2524 2295 2563 er-

648 2612 759 2661 ror,
808 2591 1310 2664 perturbationem
1360 2609 1429 2648 ex
1457 2590 1587 2647 dira
1616 2592 1913 2648 mentione
1944 2595 2145 2650 statim
2186 2614 2295 2652 na-

643 2690 766 2739 tam
820 2680 1149 2749 obstitisse,
1188 2684 1245 2736 et
1294 2679 1739 2752 persuasionem
1791 2696 1925 2736 cum
1976 2686 2134 2738 metu
2180 2684 2296 2740 late

645 2772 1110 2838 disseminasse;
1166 2768 1249 2825 ita
1281 2768 1603 2825 tumultum
1654 2769 1817 2826 urbis
1847 2770 1904 2826 et
1933 2769 2096 2827 illam
2137 2773 2295 2829 insa-

645 2858 1245 2932 namtrepidationem
1270 2863 1457 2915 ortam
1473 2863 1845 2931 auctamque,
1873 2858 2295 2933 siciliiconjec-

645 2955 837 3006 tantes
868 2950 1255 3006 disserebant.
1292 2950 1573 3004 Ceterum
1598 2949 1916 3021 imperator
1944 2950 2045 3005 ubi
2077 2968 2146 3007 ea
2170 2958 2299 3023 post

644 3038 942 3109 cognovit,
993 3052 1127 3091 cum
1179 3035 1525 3091 humaniter
1572 3052 1917 3108 compassus
1956 3038 2137 3094 errori
2186 3042 2293 3095 est.

2410 1972 2733 2041 praesertim
2782 1971 2933 2028 male
2980 1972 3329 2027 coherentia
3380 1971 3707 2027 nuntians:
3763 1971 4063 2041 quomodo

2404 2062 2559 2116 enim
2601 2060 2797 2117 hostes
2834 2061 2990 2117 intra
3018 2061 3224 2116 urbem
3254 2065 3311 2115 et
3346 2060 3407 2115 in
3448 2060 3662 2115 civium
3688 2059 3941 2130 jugulis,
3990 2060 4067 2113 de

2406 2150 2623 2221 quibus
2652 2150 2922 2205 auditum
2947 2150 3217 2206 nundum
3244 2154 3401 2206 esset
3421 2148 3564 2205 foris
3586 2149 4054 2220 approximasse,

2408 2240 2829 2295 circumsidere
2861 2254 3085 2308 muros,
3119 2240 3381 2296 turribus
3412 2253 3476 2295 se
3508 2239 3833 2294 admovisse
3854 2238 3880 2292 7
3912 2240 4072 2302 Quo-

2407 2329 2580 2384 modo
2611 2329 2712 2400 qui
2753 2330 2928 2400 paulo
2954 2334 3090 2385 ante
3120 2329 3263 2385 dicti
3294 2334 3495 2385 essent
3532 2328 3747 2385 harers
3776 2329 3834 2382 in
3867 2328 4070 2383 Persi-

2405 2418 2497 2485 de,
2530 2417 2725 2473 suhilo
2742 2417 2851 2473 alis
2869 2417 3127 2489 sumptis
3150 2418 3404 2474 volucris
3426 2418 3716 2473 exercitus
3740 2434 3919 2487 supra
3942 2422 4063 2471 sta-

2404 2512 2533 2561 rent
2554 2506 2931 2563 imminentes
2962 2508 3216 2579 desuper
3246 2507 3599 2574 cervicibus,
3619 2512 3849 2561 tanlum
3881 2506 4068 2560 inter-

2402 2594 2647 2664 vallum,
2680 2596 2777 2651 ubi
2805 2600 2861 2651 et
2890 2612 3055 2653 arces
3085 2600 3142 2651 et
3171 2596 3447 2669 praesidia
3476 2596 3741 2653 Romana
3771 2596 3916 2662 sint,
3952 2596 4077 2650 τίο-

2403 2685 2572 2740 toriis
2599 2690 2896 2741 momento
2918 2701 3190 2742 emensos
3207 2686 3234 2739 ?
3254 2691 3387 2741 Haec
3410 2690 3467 2740 et
3487 2684 3580 2740 his
3608 2684 3827 2739 similia
3856 2684 4072 2738 merito

2404 2766 2766 2847 exprobrans
2815 2791 2917 2845 per
2945 2773 3258 2847 epistolam
3303 2774 3705 2830 Nicaensibus
3737 2774 4077 2845 imperator

2404 2863 2461 2918 id
2494 2865 2703 2935 agebat
2734 2868 2799 2918 ut
2819 2865 2874 2918 in
2910 2868 3211 2935 posterum
3236 2864 3525 2920 cautiores
3554 2863 3685 2920 illos
3708 2864 3981 2918 redderet
4008 2863 4071 2917 in

2404 2969 2651 3009 occursu
2681 2951 2968 3009 similium
3002 2970 3271 3010 casuum.

3193 3074 3262 3084 -ο

2282 3218 2417 3311 Δ’.

644 3388 709 3443 α’,
766 3380 1091 3460 Δημηγορία
1153 3380 1422 3463 βασιλέως
1479 3380 1803 3463 πρδςρτοὺς
1848 3382 2127 3461 ἀρχιερεῖς
2177 3387 2299 3463 περῖ
2333 3392 2375 3458 C
2419 3410 2583 3461 μενος
2638 3388 2686 3461 ἐξ
2739 3386 2976 3462 ἀνάγκης
3008 3384 3402 3462 ἀπαραιτήτου,
3452 3386 3525 3446 ὠς
3582 3386 3721 3459 μέγα
3749 3405 3801 3437 τι
3851 3382 3943 3437 καὶ
3977 3383 4073 3436 τὸν

1239 3461 1346 3510 τῶν
1375 3457 1491 3509 κατ’
1525 3454 1711 3513 αὐτόν.

718 3568 797 3638 [Ρ.
838 3567 959 3637 170]
991 3566 1260 3639 ’Ἀρχεται
1295 3560 1341 3617 δ’
1391 3559 1601 3626 ἐνθένδε
1628 3565 1696 3617 τά
1723 3563 1859 3619 κατᾶ
1896 3564 1988 3619 τὸν
2038 3567 2304 3641 πατριάρ-

648 3675 755 3729 χην
813 3654 1088 3727 Ἀρσένιον
1124 3697 1137 3709 .
1198 3651 1261 3708 Ὀ
1335 3653 1439 3728 γὰρ
1502 3651 1760 3727 βασιλεὺς
1815 3658 1920 3715 πᾶς
1974 3653 2306 3729 γιγνόμενος

647 3744 784 3818 πρὸς
832 3743 894 3797 τὸ
943 3748 1125 3797 πεῖσαι
1177 3740 1325 3814 αὐτῷ
1370 3762 1428 3795 τε
1456 3740 1639 3812 ἠπίως
1696 3740 2156 3818 προσενέγκασθαι
2213 3744 2303 3798 καὶ

646 3834 736 3888 τὸν
793 3830 991 3905 δεσμὸν
1024 3831 1197 3903 λύειν,
1241 3830 1354 3886 ἐπεὶ
1408 3828 1728 3906 ἂπέγνωστό
1760 3833 1812 3887 οἱ
1840 3832 1908 3887 τὰ
1947 3836 2042 3886 τοῦ
2074 3837 2303 3902 σκοποῦ,

646 3922 823 3984 πολὺς
880 3924 947 3991 ἦν
1022 3921 1391 3995 ὀριγνώμενος
1467 3918 1528 3976 ἐκ
1579 3921 1779 3983 παντὸς
1838 3922 2045 3997 τρόπου
2105 3921 2307 3977 ἐκεῖνον

649 4011 1136 4066 ἀποσκευάσασθαι.
1196 4010 1352 4066 ’Ὁθεν
1398 4012 1485 4064 καὶ
1532 4008 1807 4074 πολλάκις
1852 4033 1983 4073 τους
2030 4013 2305 4088 ἀρχιερεῖς

649 4100 933 4177 συγκαλῶν
996 4098 1328 4175 ἐμαρτύρετο
1382 4100 1481 4168 τὴν
1533 4099 1795 4175 ἀνάγκην,
1853 4102 1929 4163 ὡς
1988 4125 2016 4153 ι(
2078 4100 2206 4156 Δὲον
2247 4103 2305 4157 ’ὃν

646 4194 847 4267 ἄγοντα
877 4195 984 4244 τῶν
1018 4188 1203 4244 ἄλλων
1229 4187 1443 4263 σχολὴν
1492 4188 1559 4244 τὰ
1600 4196 1702 4259 τῆς
1755 4190 1936 4266 ἀρχῆς
1963 4188 2149 4246 πολλᾶ
2180 4185 2306 4245 ὄντα

646 4281 736 4334 καὶ
769 4276 1123 4349 δυσεξάνυστα
1171 4283 1525 4353 προσκοπεῖν,
1576 4280 1604 4334 ὁ
1649 4275 1707 4333 δὲ
1754 4278 2025 4341 κάκείνοις
2061 4278 2304 4334 ἐνειλού-

2414 3479 2518 3533 ἀπὸ
2570 3483 2667 3534 τοῦ
2732 3477 3079 3551 πατριάρχου
3157 3473 3353 3549 δεσμὸν
3416 3472 3672 3549 ἐφόλκιον
3733 3472 4075 3546 ἐπισύρεται.

2414 3571 2620 3644 Ἐχρῆν
2683 3565 2729 3620 δ’
2778 3566 2887 3641 οὐχ
2917 3566 3111 3627 οὕτως.
3147 3562 3295 3619 ἀλλὰ
3321 3564 3411 3619 καὶ
3455 3562 3648 3624 αὐτοὺς
3676 3567 3754 3634 τῷ
3787 3563 4083 3636 πράγματι

2414 3662 2662 3730 νεμεσᾷν,
2706 3655 2750 3711 εἶ
2781 3653 3274 3728 πλημμελήματος
3323 3655 3397 3727 μή
3452 3651 3568 3706 οἵου
3618 3654 3667 3706 τ’
3713 3650 3965 3724 ὅντοςτῇ
4003 3652 4086 3712 εἷς

2415 3748 2475 3801 τὸ
2532 3746 2761 3821 ἀρχαῖον
2812 3749 2921 3798 τῶν
2978 3745 3313 3818 πραγμάτων
3374 3741 3747 3814 ἐπανακάμψει
3808 3738 4084 3809 ἐξαληλί-

2418 3836 2542 3912 φθαι
2595 3836 2622 3889 ὁ
2670 3836 2806 3909 πρὸς
2835 3834 2895 3887 τὸ
2931 3831 3242 3906 θεραπεύειν
3268 3831 3600 3904 ταττόμενος
3662 3827 3810 3883 δυοῖν
3844 3830 4085 3903 θάτερος

2416 3926 2669 4000 πράττοι,
2706 3922 2738 3993 ἢ
2770 3923 2838 3977 τά
2886 3922 3124 3998 πρότερα
3184 3922 3257 3984 ὠς
3307 3920 3452 3996 εἶχεν
3482 3920 3843 3989 ἂνταπαιτῶν,
3901 3917 3935 3986 ἢ
3972 3920 4082 3986 τὴν

2417 4012 2700 4087 θεραπείαν
2733 4006 3205 4083 ἀναϐαλλόμενος.
3257 4010 3335 4066 Τὸ
3383 4009 3479 4081 μὶν
3528 4010 3630 4083 γὰρ
3676 4004 3964 4074 ἀδύνατον,
4018 4006 4087 4059 τὸ

2420 4100 2476 4157 δὲ
2502 4102 2720 4163 πάντως
2776 4100 3233 4172 ἀνοικονόμητον.
3286 4097 3386 4155 Καὶ
3419 4096 3537 4153 δέον
3570 4097 3628 4151 ’ὀν
3654 4101 3932 4169 παραινεῖν
3988 4094 4087 4148 καὶ

2415 4193 2516 4259 τὴν
2547 4195 2641 4245 τοῦ
2679 4194 3017 4265 μεταγνῶναι
3049 4185 3305 4243 δεικνύειν
3357 4184 3481 4242 ὁδὸν
3529 4186 3619 4240 καὶ
3647 4190 3727 4258 τῷ
3779 4182 3948 4257 μηδὲν
3979 4188 4089 4237 τοῦ

2418 4278 2913 4355 πλημμελήματος
2968 4278 3277 4353 αἷσθομένῳ
3333 4279 3368 4349 ἢ
3424 4277 3516 4332 καὶ
3565 4274 4087 4352 καταῤῥᾳθυμοῦντι

2279 4435 2428 4527 IV.

664 4624 709 4672 1.
768 4617 954 4672 Oratio
1004 4616 1355 4688 imperatoris
1398 4616 1478 4672 ad
1531 4617 1804 4688 episcopos
1851 4616 1916 4671 de
1958 4605 2129 4672 rebus
2177 4616 2311 4671 suis.
2344 4593 2391 4657 D
2426 4615 2774 4670 necessitate
2798 4628 2971 4670 curas
3002 4612 3256 4685 imperii,
3290 4613 3439 4669 tales
3478 4611 3719 4667 omnino
3749 4625 3875 4680 qua:
3906 4608 4090 4663 solu-

734 4707 879 4762 25I
927 4706 1074 4761 Hinc
1126 4706 1421 4777 incipiunt
1450 4720 1543 4761 res
1591 4705 1872 4760 adversus
1901 4704 2309 4777 Epatriarcham

662 4796 979 4851 Arsenium
1007 4799 1203 4866 geste.
1231 4799 1376 4851 Cum
1406 4794 1566 4849 enim
1592 4796 1912 4866 imperator
1932 4799 2091 4848 totus
2114 4794 2311 4849 hacte-

660 4902 772 4939 nus
804 4885 1013 4939 fuisset
1043 4886 1100 4938 in
1136 4883 1471 4939 deliniendo
1513 4884 1865 4955 patriarcha,
1914 4883 2313 4954 omnibusque

659 4975 874 5029 officiis
893 4973 1284 5029 eblandiendo
1308 4979 1374 5029 ut
1401 4973 1605 5028 mitius
1629 4988 1796 5043 agere
1827 4990 2027 5027 secum
2052 4972 2227 5028 vellet
2254 4976 2312 5028 et

658 5063 1055 5117 anathematis
1105 5062 1307 5133 injeeti
1355 5060 1657 5118 vinculum
1709 5062 1952 5127 slvere,
2000 5067 2307 5133 postquam

660 5151 1077 5207 animadvertit
1106 5167 1167 5206 se
1186 5151 1335 5206 nihil
1367 5152 1645 5222 proficere
1669 5152 2117 5222 desperavitque
2140 5149 2310 5221 plane

661 5240 965 5295 meliorem
998 5240 1057 5294 in
1092 5246 1395 5311 posterum
1430 5255 1771 5295 successum
1804 5240 2105 5311 petitionis
2136 5240 2309 5293 istius

656 5346 803 5396 suae,
844 5346 1123 5384 conversa
1170 5329 1559 5383 velificatione
1598 5328 1974 5384 vehementer
2013 5329 2070 5382 in
2114 5330 2310 5383 consi-

658 5418 805 5472 lium
843 5418 1115 5472 incubuit
1142 5419 1271 5487 ejus
1319 5418 1477 5471 omni
1514 5418 1739 5471 ratione
1770 5418 2099 5472 amovendi.
2135 5418 2195 5472 Ei
2228 5419 2307 5472 rei

661 5508 1137 5578 praemuniendaa,
1173 5507 1387 5578 saepius
1417 5507 1753 5561 convocatis
1782 5523 2083 5562 sacrorum
2118 5508 2311 5578 prasi-

660 5598 856 5667 dibus,
882 5603 1221 5653 centestans
1253 5597 1579 5669 exponebat
1600 5597 1904 5669 angustias
1927 5598 2146 5669 quibus
2170 5614 2311 5652 con-

664 5686 1040 5754 ﬂictaretur,c
1059 5688 1214 5742 inter
1234 5686 1369 5742 hinc
1394 5686 1633 5757 quidem
1652 5686 2302 5759 urgentesineluctabili

2421 4709 2544 4759 tum
2576 4720 2609 4759 a
2638 4703 2861 4759 caeteris
2893 4703 3155 4758 animum
3181 4702 3567 4774 requirerent,
3599 4714 3665 4755 ac
3686 4697 3773 4752 vel
3805 4697 3891 4752 sic
3922 4697 4024 4752 vix
4052 4716 4091 4753 a

2420 4798 2717 4863 satagente
2738 4792 3193 4863 connitenteque
3215 4796 3389 4864 prout
3409 4786 4092 4862 oportebatexpediren-

2420 4890 2535 4950 tur,
2586 4882 2723 4937 inde
2766 4888 2964 4937 autem
3012 4883 3345 4937 obstantem
3386 4880 3669 4935 duritiam
3720 4876 4087 4948 patriarcha

2420 4971 2799 5043 impedientis
2831 4988 2893 5026 se
2916 4987 2982 5027 ac
3013 4970 3181 5042 quasi
3205 4970 3593 5025 constrictum
3618 4966 3903 5022 trahentis
3923 4966 4093 5021 diris

2417 5060 2668 5115 vinculis
2710 5059 3103 5115 anathematis
3134 5058 3379 5114 infandi.
3413 5057 3867 5114 Considerarent
3899 5056 4030 5110 haec
4076 5100 4091 5119 ,

2418 5153 2475 5205 et
2502 5149 2768 5204 viderent
2790 5165 2860 5203 an
2895 5165 3009 5204 non
3034 5154 3192 5203 esset
3213 5148 3437 5219 sequius
3461 5146 3655 5202 venire
3682 5146 3845 5217 ipsos
3867 5160 4091 5200 secum

2419 5239 2476 5293 in
2511 5243 2736 5309 partem
2770 5237 3189 5293 sollicitudinis
3221 5236 3493 5309 publica,
3542 5234 3928 5307 improbanda
3962 5236 4098 5290 ista

2420 5328 2834 5400 intempestiva
2864 5328 3204 5399 pertinacia.
3235 5325 3653 5393 Patriarcham,
3678 5324 3850 5395 cujus
3873 5336 4099 5381 essent

2422 5424 2616 5490 partes
2647 5417 2929 5472 adhibere
2958 5418 3321 5472 curationem
3357 5416 3573 5488 lapsis,
3604 5415 3954 5470 obﬁrmasse
3991 5417 4097 5469 in-

2426 5507 2757 5562 flexibiliter
2778 5507 3043 5561 animum
3077 5507 3133 5561 in
3160 5507 3571 5578 prosecutione
3594 5506 3839 5560 alterius
3865 5504 4093 5561 harum

2422 5599 2674 5652 duarum
2691 5613 2909 5663 rerum,
2936 5601 3038 5651 aut
3063 5600 3128 5651 ut
3149 5601 3467 5668 reponatur
3488 5597 3545 5651 in
3570 5596 3823 5667 priorem
3850 5600 4095 5651 statum

2422 5688 2477 5742 id
2511 5686 2667 5760 quod
2700 5703 2829 5742 meo
2860 5689 3095 5758 peccato
3122 5691 3417 5741 mutatum
3441 5691 3564 5757 est;
3597 5691 3698 5741 aut
3726 5686 3784 5739 ni
3810 5684 3921 5740 hoc
3947 5685 4091 5755 ﬂat,
