4212 6442
150 376 238 428 697
1182 376 1280 430 DE
1317 374 1687 429 HICHABLB
1722 372 2167 429 PALEOLOGO
2203 377 2334 430 LIB.
2375 376 2471 427 IV.

3417 372 3525 425 608

150 500 199 554 ἐκ
224 498 609 574 προαιρέσεως,
648 497 677 552 ὁ
735 495 791 552 δὲ
844 492 936 552 καί
985 496 1077 552 τὸν
1124 495 1176 567 ἐξ
1228 495 1397 551 αὐτοῦ
1451 495 1775 570 νυττόμενον
1803 498 1857 565 Α
1888 494 2165 572 βασιλείας
2195 498 2285 551 καὶ
2340 494 2646 569 ἰδιωτισμῷ
2680 497 2913 569 μετιέναι
2955 496 3017 550 τὸ
3049 493 3299 570 ἔγκλημα
3334 495 3528 569 βούλε-

151 592 217 658 τῷ
243 587 479 661 γνησίως
536 590 888 660 μεταγνῶναι,
920 584 1009 640 καὶ
1065 587 1165 655 τήν
1212 584 1491 660 θεραπείαν
1540 583 1782 650 ἐκτόπως

152 676 367 739 θέλοντα
415 674 691 751 δέχεσθαι,
722 671 816 729 κᾶν
860 676 1187 750 καυστῆρσιν
1236 673 1609 746 οἷκονομοῖτο,
1641 673 1783 729 ἐκεῖ·

150 786 229 826 νος
286 765 602 831 ἀπωθεῖται,
658 763 747 819 καὶ
827 768 907 835 τῷ
968 766 1302 838 μεταγνῶναι
1358 761 1420 817 τὰ
1475 762 1779 837 ἀπογνῶναι

152 853 386 929 συνείρει,
420 854 495 915 ὡς
552 857 798 926 κρεῖττον
853 852 913 905 ’ὀν
972 853 1047 925 μὴ
1093 851 1497 926 μεταγνῶναιῆ
1528 855 1782 926 απογνῶ-

148 963 223 996 ναι
254 940 584 1017 μεταγνόντα
618 959 632 973 ·
665 941 728 995 τὸ
760 938 855 1012 μὶν
910 938 1015 1015 γὰρ
1076 938 1403 1015 ἀναλγησίαν
1462 944 1780 1016 κατηγορεῖ,

147 1033 200 1085 τὸ
228 1028 271 1085 δ’
304 1026 582 1085 ἀπώλειαν
615 1027 994 1099 αίωνίζουσαν.
1026 1027 1196 1085 Αὐτὸν
1228 1028 1324 1101 μὶν
1366 1026 1455 1084 οὖν
1504 1029 1593 1083 καὶ
1642 1026 1779 1083 πολ-

149 1119 293 1180 λάκις
320 1116 695 1195 προσελθόντα
725 1117 1165 1188 ἅποπὲμπεσθαι,
1196 1117 1286 1172 καὶ
1343 1121 1606 1187 ζητοῦντα
1651 1115 1781 1179 τοὺς

149 1209 371 1283 τρόπους
400 1214 500 1276 τῆς
528 1206 766 1281 ἰατρείας
799 1208 911 1281 οὐχ
957 1204 1107 1269 ὅπως
1153 1200 1477 1279 λαμϐάνειν,
1509 1204 1656 1261 ἀλλὰ
1690 1207 1781 1261 καὶ

149 1291 654 1366 προσονειδίζεσθαι,
684 1295 776 1351 καὶ
831 1294 991 1357 τέλος
1045 1291 1201 1350 οὖδὶν
1253 1292 1396 1350 ἄλλο
1425 1296 1780 1360 πυνθάνεσθαι

148 1386 277 1455 πλὴν
336 1388 399 1441 τὸ
456 1386 696 1460 ἀνάγκην
750 1384 879 1441 εἶναι
926 1385 989 1439 τὸ
1036 1388 1251 1459 τραῦμα
1304 1384 1506 1458 ἰᾶσθαι,
1537 1383 1686 1447 ὅπως
1735 1370 1781 1440 δ’

152 1476 272 1546 ligno
308 1479 385 1549 μή
423 1476 731 1548 μανθάνειν,
763 1472 911 1529 ἀλλὰ
960 1474 1098 1549 πρὸς
1142 1474 1207 1528 τὸ
1254 1472 1507 1547 πράττειν
1551 1473 1782 1551 προτρέ-

148 1576 326 1627 πεσθαι
380 1560 550 1635 μηδὲν
610 1560 793 1617 εἷδότα
848 1566 956 1617 τῶν
990 1562 1242 1636 πράττειν
1276 1561 1676 1639 ὀφειλομένων,
1709 1564 1784 1617 εί-

148 1674 223 1707 ναι
256 1650 301 1706 δ’
338 1652 659 1707 ὑποπτεύειν
705 1652 767 1705 τὸ
822 1656 925 1705 πᾶν
976 1648 1207 1726 χλεύην.
1238 1651 1377 1725 ’Ὦρα
1427 1654 1557 1726 γοῦν
1609 1649 1780 1706 δεδοι-

148 1746 283 1798 κέναι
340 1744 417 1814 μή
461 1763 515 1797 τι
569 1742 657 1796 καὶ
709 1739 1042 1817 πράττοντος
1107 1739 1312 1803 ἐκεῖνος
1382 1735 1779 1814 ἀναλαμϐάνων

1884 606 1993 641 ται.
2027 588 2123 658 TI,»
2152 583 2229 655 δὲ,
2263 585 2308 657 ᾦ
2357 589 2414 641 ἃν
2458 586 2547 640 καὶ
2602 585 2908 658 συνενέγκοι
2960 588 3197 652 σκοπῶν,
3233 582 3346 638 οὐδ’
3379 583 3525 646 ὅλως

1886 672 2134 747 εὑρίσκω.
2170 674 2292 730 Ἐπὶ
2354 674 2447 747 μὶν
2498 672 2587 728 οὖν
2646 680 2763 737 τοῖς
2808 678 3035 740 κοινοῖς,
3065 672 3282 736 αὐτόθεν
3332 670 3523 739 δῆλον,

1885 762 1972 816 καὶ
2024 760 2177 818 οὐδὲν
2237 760 2318 817 δεῖ
2372 762 2688 837 ἐρωτῶντας
2749 764 3033 835 μανθάνειν
3070 779 3083 793 ⁸
3116 762 3179 817 τὸ
3235 762 3334 837 γὰρ
3398 764 3523 835 μήτ’

1886 849 2086 906 ἐκείνου
2118 849 2235 905 σ’ίου
2262 851 2314 906 τ’
2342 845 2497 913 ὄντος
2544 852 2610 907 τά
2654 853 2946 928 πράγματα
2995 848 3244 917 διοικεῖν,
3274 850 3364 904 καὶ
3419 872 3525 922 μη-

1886 937 1943 995 δὲ
1970 935 2278 1013 συμϐάντος
2308 941 2581 1011 ἐκστῆναι,
2614 940 2687 1002 ὡς
2719 941 2854 1015 μέγα
2892 962 2946 994 τι
2984 942 3083 1009 τήν
3136 939 3368 1015 ἐρημίαν
3430 939 3528 994 λο-

1884 1028 2147 1103 γίζεσθαι,
2183 1026 2335 1084 οὖδὶν
2386 1027 2511 1083 ἀλλ’
2545 1031 2580 1100 ἢ
2624 1033 2916 1100 ζητοῦντος
2969 1028 3123 1101 οἶμαι
3171 1029 3352 1084 κοινὸν
3409 1026 3526 1082 ὄλε-

1886 1128 2012 1192 θρον
2064 1118 2153 1171 καὶ
2208 1117 2477 1192 Τελχῖνος
2517 1116 2721 1193 τρόπον
2766 1114 3197 1190 ἐνδεικνυμένου.
3222 1119 3290 1173 ’Ὸ
3323 1115 3381 1171 δὲ
3436 1116 3524 1171 καὶ

1887 1204 2100 1280 μᾶλλον
2135 1203 2502 1286 διαφερόντως
2530 1210 2638 1261 τῶν
2676 1204 2862 1261 ἄλλων
2915 1206 3138 1262 ἅπτεται
3192 1210 3297 1260 τῶν
3354 1207 3525 1279 ἐμῶν,

1887 1295 2095 1372 μακρὰν
2146 1294 2206 1350 ἂν
2263 1297 2364 1365 τήν
2422 1293 2771 1371 δημηγορίαν
2820 1293 3095 1351 κατέτεινα
3139 1294 3222 1365 ἂν,
3254 1295 3319 1363 ἢν
3386 1297 3525 1371 μήγε

1883 1385 1970 1439 καὶ
2002 1384 2091 1460 ἀφ’
2119 1384 2237 1446 ἐνὸς
2271 1385 2439 1458 μόνου
2470 1382 2585 1446 οἷός
2629 1385 2676 1438 τ’
2704 1385 2773 1453 ἧν
2820 1390 3080 1458 παριστᾷν
3140 1386 3235 1453 τὴν
3287 1379 3521 1457 βλάϐην.

1883 1476 1947 1529 Τί
1995 1473 2095 1547 γάρ
2126 1494 2221 1546 μοι
2250 1473 2341 1528 καὶ
2390 1472 2649 1548 ἐχέγγυον
2696 1477 2792 1527 τοῦ
2843 1472 2900 1527 δὶ
2946 1471 3095 1534 αὖθις
3152 1474 3523 1547 ἀπραγμόνως

1889 1564 2084 1637 βιῶσαι
2114 1563 2463 1635 καταθεμένῳ
2510 1563 2611 1630 τήν
2644 1560 2883 1631 ἐξουσίαν
2913 1581 2925 1631 ;
2958 1562 3016 1617 Τί
3057 1560 3111 1616 δὲ
3162 1564 3374 1636 γυναικῖ
3435 1562 3523 1615 καὶ

1884 1652 2040 1705 παισὶ
2101 1648 2474 1722 μᾶλλονμδῖς
2532 1649 2591 1703 ἂν
2646 1649 2914 1724 παρευθῦς
2969 1656 3162 1723 μοῖραν
3222 1647 3524 1723 ἐφεδρεύειν

1884 1740 2089 1814 ἀνάγκη
2112 1742 2177 1807 ἧς
2206 1740 2233 1794 ὁ
2260 1740 2444 1815 τυχὼν
2473 1739 2534 1794 οὐ
2567 1742 2877 1814 γηθήσειεν.
2906 1741 3065 1813 Ἐμοὶ
3125 1740 3219 1811 μὲν
3279 1738 3371 1793 οὖν
3433 1739 3529 1793 οὐκ

148 1834 201 1887 τὸ
253 1830 529 1905 ἔγκλημα,
562 1830 637 1895 ὡς
698 1828 927 1903 μηδενὸς
978 1827 1277 1906 αὐτάρκους
1332 1830 1649 1903 γενομένου,
1700 1830 1775 1903 μή
1808 1853 1853 1918 Β
1885 1826 2026 1884 ἔστιν
2085 1824 2447 1905 ἀμφισϐητεῖν
2498 1828 2687 1900 ἐκείνῳ
2744 1836 2842 1898 τῆς
2898 1835 3267 1900 πνευματικῆς
3298 1826 3522 1900 ianos-5-

147 1918 519 1996 χαταδέχοιτο,
568 1918 658 1973 καὶ
709 1918 853 1974 οὕτω
891 1916 1121 1980 πονξσας
1179 1918 1413 1989 ἀνήνυτα
1468 1919 1773 1994 γνώσομαι.

145 2010 204 2066 Ὀ
252 2006 296 2063 δ’
351 2007 445 2064 οὖν
501 2008 590 2063 καὶ
662 2008 909 2085 ἐμφαίνει
985 2003 1262 2083 πλαγίως,
1321 2007 1643 2072 ἀκούσαντες
1714 2008 1774 2063 ἂν

148 2097 395 2175 διαγνῶτε
421 2098 486 2168 ἢν
538 2096 686 2161 ὅλως
742 2096 1029 2173 συμφέροι.
1063 2098 1145 2170 [Ρ.
1180 2099 1302 2170 171]
1336 2096 1618 2155 Ἀποθὲσιι
1673 2098 1775 2175 γάρ

148 2300 276 2357 mihi
305 2316 513 2357 omnes
536 2312 671 2371 spes
703 2296 987 2354 redeundi
1018 2313 1281 2370 unquam
1311 2297 1383 2353 ad
1413 2297 1777 2354 communio-

148 2406 266 2444 nem
330 2388 601 2445 Ecclesia
650 2385 997 2444 inexorabili
1056 2387 1363 2442 severitate
1409 2387 1776 2461 praecidatur.

146 2479 327 2549 Atqui,
353 2483 420 2533 ut
449 2496 550 2535 vos
581 2495 683 2549 pro
714 2482 909 2533 vestra
930 2476 1243 2549 prudentia
1267 2476 1496 2547 videtis,
1527 2476 1776 2533 alterum

150 2568 367 2637 quidem
392 2568 642 2623 istorum
668 2568 791 2623 fieri
816 2583 931 2623 non
964 2571 1157 2639 potest
1181 2586 1196 2635 ς
1218 2564 1464 2621 alterum
1496 2582 1775 2640 perquam

147 2656 523 2713 inhumanum
558 2660 649 2713 est
678 2661 734 2711 et
768 2656 840 2711 ab
869 2653 1128 2711 Ecclesia
1157 2653 1496 2711 maternain
1528 2671 1669 2711 suos
1691 2656 1779 2711 in-

147 2744 437 2817 dulgentia
476 2746 629 2803 252
672 2743 924 2801 maxime
961 2743 1302 2800 abhorrens.
1341 2741 1475 2799 Veri
1533 2744 1781 2817 pastoris

144 2840 194 2890 et
221 2835 645 2909 providipatris
678 2851 895 2892 munus
917 2834 1106 2889 fuerat
1135 2832 1357 2889 hortari
1385 2834 1456 2889 ad
1490 2834 1780 2906 paeniten-

144 2924 294 2995 tiam,
316 2930 375 2983 et
404 2926 560 2981 viam
600 2924 907 2982 ostendere
950 2922 1265 2995 aberranti,
1314 2920 1620 2996 calcarque
1679 2925 1784 2981 ad-

144 3014 287 3085 dere,
320 3020 385 3072 ut
417 3016 488 3070 ad
524 3015 706 3070 Deum
741 3014 1089 3085 frugemque
1118 3012 1353 3081 rediret,
1387 3011 1564 3069 etiam
1610 3030 1780 3070 suam

145 3103 430 3160 miseriam
457 3120 574 3159 non
600 3100 899 3173 sentienti,
930 3100 1368 3174 negligentique
1393 3117 1458 3158 ac
1478 3104 1777 3174 respuenti

144 3196 428 3253 obstinata
448 3194 822 3255 contumacia
848 3194 1194 3251 remedium.
1216 3193 1323 3251 Ille
1350 3197 1543 3251 autem
1579 3211 1667 3252 me
1688 3195 1777 3251 ul-

141 3287 222 3341 tro
250 3286 630 3342 damnantem
662 3285 1165 3356 detestantemque
1195 3284 1385 3340 scelus
1407 3300 1626 3351 meum,
1660 3301 1787 3343 me-

146 3375 497 3433 omniavere
517 3373 870 3447 paenitentia:
894 3371 1473 3445 signaexhibentem,
1497 3389 1589 3429 me
1609 3374 1783 3431 etiam

146 3469 309 3535 atque
336 3465 519 3520 etiam
554 3467 887 3535 poscentem
918 3478 1118 3533 pcenas
1149 3461 1293 3517 mihi
1318 3462 1539 3534 imponi
1562 3463 1785 3519 saluta-

149 3568 229 3607 res
286 3570 377 3609 me
432 3552 720 3624 patientia
767 3551 1016 3607 obnoxia
1081 3551 1451 3622 profitentem
1507 3552 1783 3608 sectionis

149 3658 367 3714 quoque
399 3647 461 3698 et
480 3640 735 3697 ustionis
757 3641 1009 3697 austeris
1030 3639 1355 3695 subeundis
1378 3640 1783 3696 curationibus

148 3737 428 3801 paratum,
463 3730 658 3802 rejicit
686 3734 864 3803 atque
895 3733 1244 3802 aspernatur
1270 3733 1489 3796 tamen,
1512 3733 1569 3785 et
1599 3730 1782 3802 culpis

147 3826 431 3893 utcunque
490 3838 524 3875 a
570 3819 950 3892 resipiscente
994 3819 1287 3875 damnatas
1362 3819 1781 3875 conscientiam

145 3926 359 3980 aequum
393 3914 602 3967 censet
632 3914 892 3967 extrema
926 3908 1332 3982 desperatione
1361 3908 1778 3982 constringere.

144 3998 268 4056 Mihi
297 4018 433 4058 vero
468 4000 670 4057 minus
692 3998 914 4057 malum
939 3999 1258 4072 minusque
1288 3999 1527 4055 noxium
1551 3999 1783 4056 videtur

144 4105 242 4144 non
272 4106 598 4164 agnoscere
615 4090 846 4163 culpam
875 4088 1199 4162 propriam,
1216 4105 1389 4161 quam
1413 4089 1537 4159 ejus
1561 4089 1780 4162 impro-

143 4177 270 4235 bata:
319 4184 728 4251 revocataeque
763 4178 995 4235 veniam
1045 4179 1373 4250 desperare.
1423 4177 1592 4234 Prius
1619 4179 1777 4235 enim

140 4267 268 4325 illud
299 4270 589 4326 duritiam
611 4268 803 4325 solum
826 4268 1022 4341 arguit
1042 4266 1189 4323 alias
1213 4266 1642 4324 emendabilem
1667 4268 1777 4323 im-

142 4358 461 4427 pmnitenlis
516 4358 580 4413 in
630 4373 891 4431 presens
942 4355 1125 4413 animi
1169 4373 1183 4412 :
1233 4356 1342 4413 hoc
1381 4358 1673 4430 posterius
1721 4357 1779 4413 in

140 4451 347 4504 sterne
377 4448 594 4520 utique
623 4446 1023 4505 damnationis
1043 4445 1285 4502 exitium
1314 4445 1650 4502 inevitabile
1680 4448 1779 4503 de-

1884 1938 2002 1989 νης,
2033 1915 2128 1971 κᾶν
2162 1917 2191 1971 ὅ
2218 1938 2271 1971 τι
2296 1917 2512 1972 κελεύοι
2544 1936 2559 1950 ·
2588 1913 2724 1981 τέως
2756 1915 2802 1973 δ⁹
2842 1917 2895 1973 ἐν
2940 1918 3155 1979 τούτοις
3210 1915 3426 1972 πολλοῦ
3463 1939 3525 1994 γε

1887 2002 1992 2061 δέω
2049 2012 2445 2065 προσεπαινεῖν.
2479 2011 2589 2062 Ποῦ
2643 2008 2742 2081 γάρ
2786 2008 2872 2061 καὶ
2934 2006 3037 2061 τίνι
3099 2008 3218 2061 ποτ’
3268 2005 3405 2069 ἔθνει
3460 2008 3524 2061 τὸ

1882 2101 2130 2152 τοιοῦτον
2172 2091 2557 2168 Emtae-tenui
2606 2096 2682 2159 εἴς
2726 2096 2777 2151 τί
2834 2093 3175 2172 παράδειγμα
3225 2095 3443 2169 βλέπων
3494 2098 3521 2150 ὁ

1892 2297 1941 2353 si
1996 2296 2151 2352 ultro
2198 2297 2504 2369 aggrediar
2556 2296 2892 2353 satisfacere
2940 2313 3042 2369 pro
3099 2295 3363 2362 crimine,
3423 2296 3520 2349 ubi

1889 2384 2074 2443 multa
2101 2386 2460 2458 impendero,
2485 2384 2673 2441 multa
2690 2386 3272 2443 tentavero.multum
3304 2386 3526 2441 sudans

1888 2480 2199 2553 nitensque
2244 2480 2302 2534 in
2344 2479 2581 2535 sceleris
2628 2480 3017 2552 expiationem
3070 2480 3183 2534 mei
3234 2495 3527 2551 peregero,

1889 2569 2040 2625 haud
2066 2585 2133 2625 ea
2160 2572 2355 2625 tamen
2389 2568 2485 2624 ille
2513 2568 2658 2624 satis
2681 2568 2948 2641 accipiat,
2973 2569 3174 2640 sicque
3197 2569 3527 2623 contentio-

1886 2675 1990 2715 nes
2022 2674 2110 2713 me
2155 2656 2287 2727 illas
2336 2674 2746 2728 erumnasque
2804 2657 3127 2730 perdidisse
3174 2662 3408 2729 spretus
3458 2660 3529 2711 τιίὶ

1887 2753 2212 2803 extremum
2233 2763 2298 2802 ac
2315 2744 2585 2818 repulsus
2603 2746 2851 2801 sentiam
2872 2746 2900 2800 ?
2915 2746 3125 2801 Audite
3147 2749 3341 2801 autem
3360 2753 3417 2801 ct
3431 2764 3530 2817 pro

1886 2840 2081 2892 vestra
2111 2835 2400 2906 sapientia
2419 2835 2704 2891 aestimate
2726 2834 2895 2904 quale
2925 2835 3002 2890 sit
3032 2840 3089 2890 et
3115 2836 3318 2904 ecquid
3351 2852 3529 2906 cxpe-

1888 2925 2013 2981 diat
2051 2924 2411 2996 reipublicae,
2441 2925 2595 2997 quod
2634 2940 2734 2996 per
2780 2924 2927 2979 istas
2971 2924 3251 2996 ambages
3296 2925 3535 2996 obliquo

1888 3012 2042 3070 258
2072 3011 2285 3069 innuit.
2318 3011 2728 3081 Videturivelle
2750 3028 2841 3066 me
2861 3010 3221 3082 depositione
3244 3012 3535 3083 principa-

1888 3107 2055 3158 tuset
2079 3102 2267 3159 reditu
2299 3101 2372 3157 ad
2398 3101 2888 3173 vitamTprivatam
2910 3100 3142 3172 expiare
3158 3100 3354 3157 scelus
3377 3103 3533 3173 quod

1891 3192 2164 3249 conscivi.
2198 3193 2261 3247 In
2291 3190 2401 3247 boc
2431 3190 2531 3246 ille
2554 3190 2692 3263 quid
2720 3194 3027 3263 spectet,et
3059 3191 3116 3245 in
3141 3207 3311 3262 quem
3341 3196 3535 3248 trans-

1892 3283 2041 3339 ferre
2070 3282 2283 3355 cogitet
2311 3281 2704 3355 principatum
2740 3280 2883 3336 mibi
2904 3286 3189 3353 ereptum,
3224 3282 3534 3337 commini-

1891 3372 1973 3429 sci
1999 3372 2269 3444 equidem
2300 3387 2544 3444 nequeo.
2577 3372 2809 3438 Quanta
2852 3387 3023 3442 porro
3072 3387 3365 3442 quamque
3398 3388 3532 3443 per-

1892 3461 2114 3517 niciosa
2161 3459 2297 3516 inde
2347 3460 2494 3515 foret
2539 3460 2766 3515 oritura
2812 3460 3199 3532 perturbatio,
3244 3460 3533 3531 subjicere

1891 3553 2005 3608 sibi
2027 3551 2279 3623 quisque
2296 3549 2821 3622 circumspicienda
2835 3554 3047 3605 cuncta
3064 3554 3341 3622 potest,ut
3354 3550 3533 3607 alium

1890 3641 2159 3698 consulat
2189 3642 2507 3696 neminem.
2532 3640 2676 3696 Cum
2706 3639 2862 3695 enim
2897 3638 2994 3694 ille
3024 3639 3116 3694 cui
3144 3639 3530 3695 interversum

1886 3730 2200 3805 imperium
2253 3729 2586 3802 patriarcha
2626 3730 2757 3800 jure
2797 3729 3081 3801 queritur,
3114 3745 3219 3784 nec
3258 3745 3362 3800 per
3392 3734 3529 3785 aeta-

1888 3828 2001 3876 tem
2033 3822 2137 3875 aut
2164 3819 2581 3891 experientiam
2614 3835 2717 3891 par
2760 3820 2837 3873 sit
2868 3818 3004 3873 moli
3056 3818 3303 3873 ferendm
3336 3818 3528 3889 publi-

1888 3926 2088 3965 carum
2112 3926 2331 3979 rerum,
2364 3913 2757 3980 praetereaque
2788 3907 2847 3962 in
2879 3906 3269 3962 calamitatem
3310 3908 3530 3962 incide-

1888 3999 1961 4055 rit
1992 4016 2125 4055 cum
2159 3998 2652 4054 immedicabilem
2702 4003 2828 4052 tum
2876 3997 3135 4052 omnimo
3169 3996 3366 4067 talem,
3401 4016 3527 4069 qua

1888 4094 1953 4145 ut
2001 4089 2234 4145 abunde
2272 4093 2485 4144 cuncta
2522 4090 2728 4142 cetera
2777 4090 3175 4161 suppeterent,
3213 4103 3444 4141 omnem
3477 4088 3529 4143 ei

1888 4195 2128 4251 prorsus
2158 4176 2494 4233 facultatem
2526 4192 2593 4232 ac
2623 4175 2739 4230 vim
2770 4175 2989 4231 adimat
3021 4176 3385 4247 principatus
3422 4195 3530 4231 un-

1887 4284 2061 4341 quam
2094 4267 2623 4339 quomodocunque
2654 4264 2960 4337 fungendi,
2982 4265 3127 4320 satis
3160 4269 3319 4335 patet
3348 4282 3527 4337 quam

1888 4356 2212 4430 perniciose
2241 4354 2509 4411 consulat
2556 4353 2911 4426 reipublicae,
2942 4354 3044 4425 qui
3088 4371 3182 4410 me
3212 4361 3408 4411 amoto
3442 4373 3531 4411 re-

1886 4450 2171 4518 dactoque
2196 4444 2255 4500 in
2305 4444 2571 4500 ordinem
2615 4443 2809 4499 solum
2857 4443 3038 4499 istum
3070 4449 3125 4499 et
3173 4445 3526 4499 destitutum

142 4536 305 4593 trudit
352 4541 716 4609 pecatorem.
766 4536 1051 4608 Expertus
1117 4535 1316 4592 omnia
1363 4534 1485 4591 hec
1544 4550 1775 4609 queror.
1808 4533 1855 4598 D
1886 4552 1995 4608 ope
2023 4535 2256 4607 collegas
2279 4534 2548 4590 universo
2578 4550 2772 4589 rerum
2798 4533 3057 4590 omnium
3081 4534 3349 4604 regimini
3384 4551 3528 4605 prae-

138 4624 272 4681 Nibil
305 4644 419 4683 non
453 4626 701 4684 tentavi.
751 4624 916 4683 Adivi
960 4625 1205 4698 supplex
1247 4624 1637 4698 patriarcham
1671 4644 1775 4683 saa-

142 4713 289 4783 pius;
322 4717 499 4773 toties
533 4716 789 4783 rejectus
815 4730 970 4771 sum.
1005 4709 1220 4786 Rogavi
1278 4718 1342 4768 ut
1374 4713 1518 4770 mihi
1545 4714 1778 4770 satisfa-

142 4805 327 4860 ctionis
358 4806 583 4862 modus
607 4804 1117 4876 praescriberetur:
1156 4820 1270 4858 non
1313 4804 1486 4859 modo
1518 4820 1632 4859 non
1666 4804 1780 4859 im-

145 4896 357 4965 petravi,
412 4895 519 4951 sed
568 4893 781 4949 acriter
829 4893 1176 4966 increpitus,
1209 4893 1309 4948 sed
1355 4893 1777 4952 contumeliose

144 4983 467 5055 objurgatus
500 4997 663 5047 sum,
698 4997 731 5036 a
755 4996 869 5037 non
901 4979 1058 5036 aliud
1087 4980 1333 5036 extremi
1362 4982 1629 5052 responsi
1651 4984 1775 5039 loco

144 5070 199 5123 ad
231 5072 392 5129 finem
417 5071 765 5143 adjiciente,
789 5071 904 5126 nisi
927 5086 1164 5129 necesse
1185 5086 1313 5127 esse
1328 5073 1516 5127 curari
1538 5072 1774 5141 vulnus,

144 5176 247 5228 qua
296 5168 499 5219 autem
556 5162 611 5216 ei
663 5161 851 5233 possit
893 5158 1018 5218 fieri
1072 5159 1384 5228 medicina,
1412 5176 1475 5217 se
1524 5163 1770 5219 nescire.

142 5248 648 5320 Verumenimvero
680 5266 750 5305 an
775 5266 888 5306 non
912 5248 1141 5305 irrideri
1166 5265 1228 5305 se
1244 5251 1498 5321 superbo
1519 5249 1773 5308 ludibrio

143 5336 219 5394 ille
240 5340 366 5410 jure
397 5338 781 5412 snspicaretu
794 5337 940 5405 r,cni
959 5337 1283 5393 suadentur
1300 5342 1359 5393 et
1377 5343 1652 5410 tanquam
1674 5358 1771 5397 ne-

144 5431 434 5487 cessarium
470 5426 900 5501 prescribatur
936 5425 1166 5483 efﬁcere
1214 5426 1455 5499 aliquid,
1487 5434 1545 5484 et
1574 5435 1771 5486 tamen

144 5532 235 5586 quo
263 5520 314 5575 id
340 5520 517 5576 modo
541 5532 734 5590 quave
751 5516 977 5572 ratione
999 5523 1176 5588 queat
1198 5516 1417 5589 suscipi
1438 5534 1504 5573 ac
1531 5520 1769 5589 perduci

145 5607 197 5661 ad
240 5610 475 5678 exitum,
532 5607 669 5681 ipse
714 5605 816 5679 qui
863 5606 1036 5678 jubet
1067 5606 1337 5680 ignorare
1385 5623 1447 5663 se
1477 5611 1771 5665 testatur?

144 5694 315 5759 Nonne
334 5701 469 5759 hinc
483 5702 664 5773 justa
676 5713 858 5754 causa
876 5697 1021 5754 mihi
1040 5696 1396 5771 relinquitur
1412 5698 1658 5755 timendi
1674 5718 1767 5772 ne,

1889 4624 2065 4683 ficiat.
2098 4626 2211 4680 Hoc
2240 4624 2397 4680 enim
2431 4624 2572 4695 quid
2604 4626 2762 4678 esset
2793 4623 2948 4678 aliud
2983 4639 3161 4694 quam
3195 4625 3250 4678 in
3284 4622 3524 4678 exitium

1885 4714 2276 4770 certissimum
2301 4718 2511 4768 cuncta
2538 4712 2836 4783 projicere,
2870 4728 2934 4767 ac
2963 4712 3097 4767 mali
3131 4713 3415 4767 daemonis
3439 4714 3528 4766 in-

1884 4804 2135 4858 videntis
2167 4802 2342 4858 rebus
2374 4801 2520 4857 bene
2551 4800 2887 4856 constitutis
2919 4801 3170 4856 indolem
3210 4802 3478 4872 prreferre
3503 4801 3530 4855 ?

1887 4893 2044 4948 Idem
2077 4891 2185 4947 hoc
2205 4908 2375 4964 porro
2406 4889 2721 4946 consilium
2772 4906 2951 4962 quam
2985 4890 3130 4946 meis
3161 4890 3402 4961 privatis
3434 4907 3527 4944 ra-

1882 4982 2145 5039 tionibus
2168 4986 2385 5049 status,
2405 4982 2594 5051 famae,
2619 4980 2829 5036 salutis
2851 4980 3103 5052 capitale
3124 4989 3301 5052 atque
3320 4982 3524 5038 imma-

1884 5072 2034 5128 niter
2063 5072 2339 5127 infestum
2372 5072 2469 5141 sit,
2510 5070 2849 5125 distinctius
2895 5086 3305 5139 exsequercrcr
3353 5073 3527 5146 longa

1883 5161 2144 5218 oratione
2173 5160 2404 5233 singula
2436 5152 2852 5227 enumerando,
2877 5158 2990 5214 nisi
3022 5163 3205 5215 totam
3242 5161 3524 5219 latissime

1883 5250 2139 5322 patentis
2160 5249 2389 5321 injuria:
2412 5247 2714 5320 perciciem
2736 5247 2892 5319 brevi
2913 5265 3141 5319 possem
3176 5255 3522 5323 compendio

1882 5339 2089 5407 oculis,
2130 5339 2188 5394 in
2224 5355 2339 5394 uno
2381 5338 2563 5393 veluti
2615 5337 2959 5409 specimine,
2995 5338 3303 5407 subjicere.
3338 5342 3519 5404 Qucrn

1880 5430 2035 5486 enim
2071 5429 2335 5484 idoneum
2354 5427 2500 5482 mihi
2526 5427 2731 5482 vadem
2763 5426 2990 5481 dabunt
3009 5428 3322 5499 tranquille
3346 5448 3433 5485 me
3459 5450 3523 5485 ac

1880 5535 2080 5575 secure
2109 5518 2386 5589 deinceps
2411 5516 2725 5581 victurum,
2745 5521 3058 5587 postquam
3082 5518 3387 5588 imperium
3423 5522 3524 5574 ab-

1879 5610 2145 5665 dicavero
2166 5607 2192 5662 ?
2215 5606 2362 5672 Quid
2394 5610 2538 5661 tunc
2569 5606 2669 5661 ﬁet
2700 5605 2887 5675 uxori,
2921 5607 3061 5678 quid
3099 5608 3242 5661 meis
3274 5608 3523 5665 liberis?

1879 5716 2027 5772 quos
2059 5698 2263 5770 utique
2294 5695 2597 5769 principali
2628 5694 2902 5769 delapsos
2932 5696 3162 5768 fastigio
3192 5697 3293 5753 illa
3316 5716 3521 5771 exspe-
