4212 6442
669 379 777 434 699

1973 386 2274 444 GEORGII
2312 383 2776 439 PACHYW

3966 379 4079 432 700

667 505 933 580 ἱεράρχης
966 504 1314 578 ἀνεμεσήτως
1344 507 1524 577 ἀξιοῦν
1554 507 1676 584 ἔχοι
1706 515 1866 565 τοῦτο
1926 510 2015 565 καὶ
2057 509 2109 565 ἐν
2143 512 2316 581 ἡμῖν;
2349 510 2400 575 Α
2432 510 2616 577 σμοῖς.
2650 504 2717 561 Τί
2775 502 2882 570 δαὶ,
2917 503 2978 558 οὐ
3035 507 3102 576 τῇ
3133 501 3428 573 Ἐκκλησία
3490 502 3745 573 μετάνοια
3800 501 4026 575 ὥρισται
4060 523 4072 569 ;

666 592 701 660 ἢ
737 593 839 647 οὐκ
868 591 980 647 οἶδε
1025 594 1117 649 τὸν
1154 595 1412 665 τοιαύτης
1469 600 1795 673 γευσάμενον
1848 598 2086 668 καθάπαξ
2148 618 2312 671 μετα-

666 676 843 751 ϐολῆς
889 684 963 754 μὴ
1016 683 1219 756 τρόπον
1252 685 1384 738 εἶναι
1420 686 1836 760 μετεγκλίναντα
1887 686 2180 757 τελιυτᾷνς
2213 684 2314 739 πό-

664 790 780 832 σοις
836 771 939 845 γάρ
993 768 1329 848 ἐφεδρεύεται
1392 774 1689 847 βασιλείας
1742 777 1967 839 ὁπόσοις
2021 773 2079 830 Si
2134 778 2224 830 καὶ
2276 777 2311 843 ἡ

659 857 839 918 πίστις
869 856 1091 931 ἔψυκται
1125 857 1210 912 ἐπὶ
1238 864 1333 913 τοῦ
1365 862 1677 935 σχήματος,
1710 860 2028 935 σωζομένου
2084 861 2173 916 καὶ
2233 858 2310 915 ἔτι

658 951 755 1001 τοῦ
814 944 1105 1021 βασιλέως,
1166 946 1258 1009 οὓς
1316 949 1405 1004 καὶ
1478 953 1865 1028 καθυφεικότος
1947 950 2310 1025 ὡρμημένους

656 1034 828 1089 πάλαι
861 1035 1076 1110 θαῤῥεῖν
1113 1036 1338 1111 ἀνάγκη.
1376 1036 1483 1093 Κᾶν
1525 1038 1677 1094 αὐτοὶ
1740 1042 1814 1111 μὴ
1863 1038 2031 1116 δρῷεν
2084 1039 2306 1094 ἶάπτον-

655 1146 741 1186 τες
773 1121 985 1195 ἄλλως,
1017 1122 1166 1178 ἀλλὰ
1216 1127 1297 1197 τῷ
1348 1127 1512 1202 γ’ἐπῖ
1572 1136 1671 1198 τῆς
1726 1130 1904 1204 ἀρχῆς
1961 1129 2305 1199 καταστάντι,

643 1214 840 1287 ὥσπερ
873 1212 1196 1283 ἀντιζηλοῦν
1230 1215 1395 1284 εἰκὸς,
1429 1214 1570 1271 οὕτω
1628 1220 1715 1273 καὶ
1780 1216 1908 1292 δρᾷν
1967 1218 2033 1273 τὰ
2061 1218 2307 1291 χείριστα

660 1301 868 1378 ῥάδιον.
894 1302 954 1355 Τί
986 1300 1052 1370 δὴ
1104 1304 1193 1357 καὶ
1242 1304 1453 1380 ἀνάγειν
1483 1306 1559 1368 εἷς
1589 1308 1688 1375 τήν
1721 1308 1899 1382 ἀρχὴν
1934 1303 2063 1377 ἔδει,
2095 1307 2152 1361 ’ὀν
2190 1308 2304 1379 μετ’

658 1392 719 1479 οὐ
751 1388 895 1445 πολὺ
925 1390 1177 1466 κατάγειν
1211 1388 1493 1463 ἐϐούλετο,
1522 1396 1595 1457 ὡς
1642 1396 1901 1470 γεύσαντα
1954 1396 2114 1468 μόνον
2166 1397 2303 1450 ἀπο-

656 1477 900 1554 στερεῖν;
937 1480 1114 1554 χωρὶς
1143 1477 1201 1534 δὲ
1237 1481 1447 1535 τούτων
1502 1485 1588 1537 καὶ
1638 1486 1790 1554 Θεὸν,
1825 1483 1973 1557 εἷ’περ
2006 1485 2112 1539 τινὶ
2144 1482 2303 1556 ἄλλῳ

657 1567 919 1642 μεγίστῳ,
951 1567 1040 1621 καὶ
1098 1570 1414 1625 καταστάσει
1469 1569 1747 1645 βασιλείας
1799 1574 2029 1627 συνιέναι
2083 1572 2299 1627 πιστεύ-

650 1675 805 1727 ομεν.
840 1658 973 1709 Θεοῦ
1004 1651 1061 1708 δὲ
1097 1654 1308 1729 βουλὴν
1341 1653 1622 1727 διασκεδᾷν
1675 1657 1876 1721 ἐθέλειν
1928 1660 2001 1720 ὡς
2061 1656 2105 1712 δ’
2136 1656 2296 1712 αὔθα-

651 1742 764 1814 δες,
796 1743 872 1804 ὡς
903 1740 960 1797 δὶ
989 1742 1076 1797 καὶ
1113 1743 1278 1817 μέγαν
1308 1742 1439 1819 ἔχον
1468 1751 1585 1810 τοῖς
1612 1745 1862 1819 τολμῶσι
1890 1749 1981 1802 τὸν
2028 1746 2296 1803 κίνδυνον.

654 1835 842 1930 Ταῦτα
864 1833 1043 1930 τοί-νυν
1072 1832 1504 1907 ἐνθυμουμένους
1538 1833 1735 1889 δεῖκαὶ
1783 1836 1921 1908 ὑμᾶς
1964 1841 2043 1907 τῷ
2100 1834 2295 1908 δίκαίῳ
2330 1866 2376 1930 Β

650 1928 752 1991 τῆς
816 1919 1092 1996 βασιλείας
1142 1923 1530 1999 συμπράττειν,
1589 1925 1679 1979 καὶ
1740 1927 1815 1998 μή
1867 1924 2010 1981 οὕτω
2066 1946 2301 1998 καταμε-

656 2009 770 2065 λεῖν
828 2012 988 2083 ἡμῶν
1040 2011 1128 2066 ἐπὶ
1182 2017 1441 2068 τοσοῦτον
1500 2013 1901 2089 ἀπαγχομένων
1954 2019 2071 2076 τοῖς
2146 2012 2304 2088 λογι-

650 2216 793 2281 ctat,
810 2211 913 2268 illa
929 2211 1129 2268 statim
1152 2212 1397 2285 excipiet
1419 2213 1549 2268 vitas
1571 2230 1720 2281 sors,
1755 2230 1873 2285 qua
1898 2214 1993 2270 vix
2022 2214 2199 2271 homo
2222 2216 2293 2271 de

649 2302 819 2373 vulgo
842 2306 1155 2358 contentus
1178 2303 1430 2373 degeret.
1459 2302 1593 2365 Quae
1613 2318 1719 2375 ego
1764 2304 1907 2359 dum
1934 2309 2162 2376 reputo,
2187 2306 2293 2361 elei

652 2392 807 2447 haud
827 2391 1127 2463 praefracte
1148 2390 1345 2446 iverim
1373 2391 1600 2447 inficias
1622 2392 1817 2448 inesse
1848 2393 2097 2449 fortasse
2119 2394 2295 2466 spiri-

650 2479 871 2536 tualem
902 2480 1247 2552 patriarchae
1292 2481 1662 2552 prudentiam
1697 2483 1756 2538 in
1788 2482 1921 2538 aliis
1949 2483 2295 2555 plerumque

648 2586 775 2643 quis
807 2569 1151 2641 praescribit,
1175 2574 1370 2626 tamen
1399 2571 1611 2627 adduci
1634 2588 1899 2644 unquam
1923 2588 2208 2643 nequeam
2234 2578 2298 2629 ut

649 2660 883 2716 credam
908 2658 1261 2729 posseillum
1287 2659 1431 2715 mihi
1459 2662 1620 2731 juste
1650 2677 1717 2716 ac
1748 2662 2043 2733 sapienter
2062 2666 2293 2718 tantum

648 2749 1136 2805 detrimentorum
1195 2765 1262 2805 ac
1325 2749 1752 2817 calamitatum,
1829 2756 2121 2824 quantum
2183 2752 2295 2809 ista

648 2836 1147 2909 perniciosissima
1174 2837 1426 2893 fortunis
1452 2839 1749 2911 capitique
1773 2854 1902 2896 meo
1932 2857 1999 2896 ac
2028 2857 2294 2898 meorum

642 2926 1038 2983 exauctoratio
1070 2927 1349 2995 continet,
1404 2945 1583 2999 paenae
1634 2928 1869 2985 nomine
1928 2930 2295 2988 medicinalis

644 3021 742 3073 aut
764 3015 1114 3088 paenitentiae
1130 3016 1409 3072 salutaris
1432 3018 1625 3088 specie
1646 3017 1976 3089 injungere.
2004 3017 2113 3074 Ubi
2135 3019 2291 3075 enim

649 3107 933 3175 locorum,
980 3122 1099 3177 qua
1129 3106 1188 3161 in
1224 3110 1415 3178 gente,
1460 3106 1575 3163 tale
1625 3107 1948 3178 quidquam
1998 3109 2296 3165 exstitisse

647 3197 821 3251 fando
849 3212 1109 3266 unquam
1139 3196 1476 3251 audivimus
1504 3196 1531 3251 ?
1568 3200 1625 3251 et
1655 3197 1824 3266 cujus
1855 3198 2114 3254 tandem.
2139 3199 2292 3269 quod

2425 595 2487 650 οὐ
2518 594 2676 665 νόμοι
2707 593 2907 662 ταύτης
2938 599 3073 656 θεῖοι
3106 587 3514 665 προϐέϐληνται
3541 618 3555 658 ς
3587 590 3695 666 οὐχ
3745 592 3901 663 ὑμεῖς
3953 593 4073 644 κατ’

2424 682 2657 743 ἐκείνους
2684 680 2813 743 τοὺς
2842 679 3091 741 πολλοὺς
3140 679 3497 753 θεραπεύετες
3534 681 3569 750 ἢ
3616 684 3735 740 τοῖς
3792 679 4074 751 βασιλεῦσι

2424 769 2791 848 διαφερόντως
2851 770 2988 846 πρὸς
3035 768 3167 831 τοὺς
3224 768 3471 830 πολλοὺς
3533 770 3585 823 οἱ
3612 772 3713 833 τῆς
3744 766 4076 837 Ἐκκλησίας

2422 864 2732 938 πρόκεινται
2790 858 3067 931 νόμοιςεῒ
3115 856 3161 913 δ’
3219 858 3337 930 οὗο,
3368 856 3495 913 ἀλλ’
3543 858 3586 911 εἶ
3645 859 3720 929 μὴ
3767 858 3895 931 παρ’
3943 857 4073 929 ὑμῖν

2425 949 2707 1024 μετανοίας
2762 948 2975 1021 θεσμοὶ,
3038 945 3294 1022 ἀλλαχοῦ
3368 951 3476 1001 τῶν
3550 944 3881 1016 ἐκκλησιῶν,
3944 945 4074 1009 εἶσὶ,

2420 1041 2507 1094 καὶ
2560 1035 3021 1114 προσδραμοῦμαι
3068 1035 3311 1107 ταύταις,
3341 1036 3431 1090 καὶ
3478 1036 3607 1109 παρ’
3653 1033 3869 1090 ἐκείνων
3913 1045 4078 1108 θερα-

2419 1130 2778 1200 πευθήσομαι.
2803 1127 2967 1196 Ἡμῖν
3000 1126 3097 1197 μὲν
3130 1125 3222 1179 οὗν
3252 1124 3319 1179 τὰ
3366 1124 3502 1179 κατά
3550 1125 3781 1199 γνώμην
3834 1121 4073 1197 εἴρηται,

2424 1221 2551 1291 ὑμῖν
2592 1214 2651 1271 δὲ
2695 1215 2949 1269 σκεπτέον
2998 1215 3061 1268 τὸ
3118 1212 3377 1284 ποιητέον
3422 1211 3844 1285 βουλευομένοις
3879 1212 4075 1282 σύναμ⁵

2420 1307 2625 1377 ἐκείνῳ.
2661 1308 2724 1378 [Ρ
2757 1306 2877 1376 172]
2941 1300 3083 1360 Οὐδὶ
3138 1301 3243 1377 γὰρ
3292 1302 3381 1357 καὶ
3438 1302 3599 1357 εἰσέτι
3653 1302 3907 1373 ἀνέξομαι
3962 1299 4073 1353 πά-

2419 1415 2571 1470 σχειν
2633 1394 2834 1448 ἀνίατα.
2872 1390 3054 1448 Καλὸν
3114 1392 3218 1465 γάρ
3250 1392 3284 1460 ἢ
3318 1392 3445 1467 παρ’
3476 1392 3603 1463 ὑμῖν
3665 1389 3866 1456 ἰᾶσθαι,
3971 1396 4072 1457 ζη-

2415 1490 2525 1539 τεῖν
2580 1484 2671 1537 τὸν
2726 1484 2928 1557 τρόπον
2974 1488 3074 1550 τῆς
3132 1480 3414 1553 θεραπείας
3471 1480 3751 1550 ἑτέρωθεν.
3800 1503 3826 1528 ››
3885 1481 4073 1535 Ταῦτα

2415 1577 2511 1627 τοῦ
2565 1569 2833 1647 βασιλέως
2893 1567 3327 1640 διαλαλήσαντος
3394 1573 3514 1629 τοῖς
3582 1568 3915 1643 ἀρχιερεῦσι,
3978 1567 4072 1619 καὶ

2418 1664 2533 1714 οἷον
2588 1659 2723 1734 πρὸς
2782 1660 2849 1712 τὰ
2893 1664 2992 1727 τῆς
3046 1656 3226 1732 μάχης
3284 1652 3813 1732 ἀκροϐολισαμένου,
3866 1655 4070 1708 ἐκεῖνοι

2416 1748 2498 1824 ἐφ’
2527 1750 2734 1819 ἑκάστῳ
2782 1751 2889 1801 τῶν
2947 1744 3261 1821 λεγομένων
3306 1751 3424 1809 τοῖς
3477 1745 3808 1819 ἀχθομένοις
3865 1764 4070 1816 προσε-

2415 1839 2620 1899 οικότες
2652 1834 2817 1905 δῆλοι
2847 1836 2981 1904 ἦσαν
3013 1836 3081 1889 τὰ
3108 1834 3246 1909 πρὸς
3299 1834 3522 1909 βασιλέα
3565 1838 3660 1889 τοῦ
3715 1833 4066 1907 πατριάρχου

2412 1924 2655 1987 συνόλως
2688 1926 2789 1979 οὐκ
2818 1922 3243 2000 ἀποδεχόμενοι,
3274 1925 3364 1977 καὶ
3391 1921 3480 1977 διὰ
3527 1928 3688 1977 τοῦτο
3727 1920 3912 1976 ποΛλὰ
3972 1922 4062 1974 καὶ

2412 2013 2565 2069 αὐτοὶ
2623 2012 2963 2088 προτιθέντες
3009 2013 3099 2067 καὶ
3149 2012 3261 2085 ἅμα
3338 2012 3665 2087 συνείροντες
3744 2010 4059 2085 θεραπεύειν

2406 2214 2643 2286 cipitem
2677 2214 2928 2284 dejicere
2975 2216 3312 2282 conaretur,
3344 2216 3506 2268 tanto
3538 2211 3811 2268 miserius
3840 2228 4059 2266 sensu-

2404 2320 2536 2360 rum
2587 2302 3006 2371 calamitatem,
3050 2305 3270 2375 quanto
3313 2318 3443 2357 eam
3484 2302 3839 2374 experientio
3888 2301 4059 2372 prius

2405 2395 2727 2465 degustata
2758 2392 2818 2447 in
2842 2408 3121 2464 suprema
3150 2395 3437 2462 potestate
3467 2390 3763 2447 felicitatis
3792 2390 4062 2445 acerbio-

2404 2498 2529 2539 rem
2570 2480 3212 2553 intolerabilioremque
3244 2479 3616 2536 reddiderit?
3662 2483 3879 2535 Prater
3908 2478 4066 2539 haec,

2404 2571 2453 2628 si
2473 2571 2629 2643 quod
2656 2570 2986 2626 humanum
3003 2570 3243 2641 majoris
3267 2569 3549 2625 momenti
3575 2568 3879 2640 negotium
3907 2570 4063 2622 heus

2405 2658 2688 2730 peculiari
2733 2675 2874 2715 cura
2925 2658 3226 2730 dignatur,
3276 2657 3631 2713 evectionem
3682 2655 3938 2735 alicujus
3996 2655 4059 2709 in

2402 2747 2717 2820 imperium
2750 2762 2873 2804 rem
2903 2763 3056 2812 esse,
3089 2746 3291 2819 utique
3322 2746 3417 2802 cui
3439 2762 3673 2818 semper
3701 2745 4063 2800 interveniat

2405 2838 2727 2896 studiosior
2771 2837 2970 2911 aliqua
3011 2837 3283 2893 Numinis
3332 2835 3714 2909 providentia,
3768 2834 3949 2907 vulgo
4001 2842 4062 2891 et

2405 2926 2613 2984 merito
2680 2926 3106 2983 existimamus.
3140 2926 3302 2991 Quod
3349 2924 3532 2998 igitur
3570 2924 3768 3003 divino
3806 2924 4061 2981 consilio

2405 3018 2704 3073 decretum
2742 3018 3135 3089 effectumque
3175 3016 3255 3071 sit
3300 3031 3568 3072 revocare
3608 3031 3675 3071 ac
3716 3014 4059 3070 rescindere

2403 3110 2704 3166 hominem
2730 3110 2951 3179 conari,
2977 3109 3113 3183 quis
3133 3125 3249 3164 non
3272 3108 3432 3164 videt
3445 3122 3623 3179 quam
3647 3105 4058 3173 temerarium,

2405 3217 2583 3273 quam
2618 3199 2942 3256 insolenter
2961 3213 3265 3271 arrogans,
3297 3213 3476 3269 quam
3500 3196 3752 3267 denique
3782 3195 4065 3250 audenti-

643 3285 820 3341 veluti
860 3285 1016 3342 254
1062 3284 1361 3356 exemplar
1409 3286 1583 3339 fuerit
1635 3286 1909 3357 intuitus,
1950 3287 2295 3345 auctoritate
2327 3290 2369 3355 C
2411 3292 2523 3347 bus
2564 3290 2957 3363 periculosum
3000 3290 3225 3345 censeri
3276 3287 3533 3344 debeat?
3576 3285 3706 3341 Hec
3746 3285 4062 3340 vobiscum

643 3374 870 3447 probati
903 3374 1048 3429 alias
1082 3374 1219 3449 facti
1270 3378 1497 3429 tantam
1528 3374 1705 3429 istam
1758 3390 1819 3430 se
1862 3378 2087 3446 putavit
2117 3393 2292 3432 excu-

641 3480 773 3520 sare
803 3480 994 3535 posse,
1029 3466 1132 3517 aut
1160 3462 1338 3518 etiam
1361 3464 1800 3533 commendare,
1825 3463 2141 3520 novitatem
2160 3466 2290 3521 ?An

640 3553 829 3609 nescit
859 3553 910 3607 ei
943 3551 1044 3623 qui
1071 3567 1139 3607 ex
1178 3551 1301 3607 vita
1334 3551 1557 3623 privata
1606 3552 1663 3606 in
1706 3552 2025 3624 imperium
2057 3560 2291 3611 evectus

642 3640 1040 3715 principatum
1082 3640 1263 3695 semel
1299 3640 1715 3711 degustaverit,
1751 3658 1867 3697 non
1908 3641 2082 3697 aliam
2114 3660 2290 3714 quam

642 3747 777 3787 cum
838 3729 1299 3802 praesentissimo
1350 3729 1729 3800 conjunctam
1777 3730 1983 3786 mortis
2032 3732 2293 3803 periculo

640 3820 1037 3875 conditionem
1070 3818 1300 3874 ostendi
1350 3817 1595 3874 fortunas
1628 3818 1841 3890 prioris
1886 3821 2296 3876 resumenda?

642 3907 1268 3983 plurimorumetenim
1294 3923 1527 3979 semper
1548 3907 1781 3964 insidiis
1802 3909 2167 3982 principatus
2190 3912 2291 3966 ob-

639 4000 903 4055 sidetur:
966 3996 1378 4069 plerarumque
1443 4014 1577 4052 vero
1609 3998 1981 4053 subditorum
2042 3999 2187 4055 fides
2235 4006 2293 4055 et

640 4104 810 4145 amor
835 4087 895 4142 in
920 4085 1246 4159 principem
1277 4102 1431 4141 vana
1449 4086 1736 4143 duntaxat
1756 4088 2067 4159 superficie
2098 4093 2291 4144 osten-

635 4178 736 4233 tati
772 4177 1026 4233 exterius
1056 4175 1327 4247 obsequii
1349 4178 1508 4231 totus
1526 4176 1910 4247 expromitur,
1938 4179 2099 4234 intus
2131 4180 2279 4235 nihil

634 4267 857 4323 habens
889 4265 1084 4321 solidi.
1118 4267 1306 4332 Quare
1331 4280 1571 4321 necesse
1613 4270 1703 4323 est
1749 4283 1883 4322 eum
1934 4283 1969 4322 a
2016 4284 2134 4340 quo
2162 4268 2287 4325 vio-

634 4357 810 4433 laudo
842 4356 967 4412 sola
997 4355 1323 4411 reverentia
1352 4356 1661 4427 potestatis
1698 4355 1831 4412 odia
1865 4356 2286 4414 malevolorum

634 4448 956 4514 coercebat,
988 4461 1124 4500 cum
1164 4445 1425 4517 primum
1460 4445 1717 4500 nudatus
1758 4446 2285 4519 prasidioimperii

632 4537 765 4592 telis
798 4535 1031 4590 invidiae
1065 4535 1239 4590 fuerit
1280 4535 1570 4605 objectus,
1602 4536 1675 4591 iis
1714 4535 2040 4591 insultibus
2082 4536 2281 4607 impeti

2402 3379 2553 3437 255
2590 3383 2951 3451 reputantes,
3009 3393 3237 3447 equum
3299 3380 3411 3445 est,
3467 3376 3691 3444 Patres,
3751 3376 3892 3430 dare
3956 3391 4065 3430 vos

2399 3485 2637 3541 operam
2667 3473 2731 3523 ut
2753 3466 3076 3538 imperialis
3101 3465 3429 3538 dignitatis,
3454 3469 3629 3536 prout
3650 3465 3735 3519 fas
3772 3463 4069 3535 piumque

2398 3564 2507 3627 est,
2543 3559 2691 3613 ratio
2719 3558 3031 3624 habeatur,
3064 3572 3252 3627 neque
3285 3554 3579 3627 negligere
3611 3570 3715 3609 nos
3744 3557 3913 3608 tanto
3933 3554 4061 3623 jam

2398 3658 2660 3720 tempore
2693 3647 2907 3701 misere
2936 3660 3271 3717 suspensos
3300 3651 3474 3715 alque
3504 3648 3821 3697 metuentes
3855 3643 4060 3712 in0pi.x

2399 3735 2654 3793 consilii.
2689 3735 2840 3801 Quid
2871 3732 3216 3789 enimvero?
3246 3749 3320 3788 an
3363 3749 3480 3788 non
3520 3732 3592 3787 ab
3635 3729 3892 3786 Ecclesia
3924 3747 4055 3801 pm-

2398 3827 2709 3881 nitentiam
2748 3825 2873 3879 dari
2907 3822 3288 3895 poscentibus
3328 3820 3635 3877 deﬁnitum
3689 3820 3826 3875 est?
3859 3836 4061 3875 nonne

2398 3915 2507 3970 hoc
2537 3915 2677 3970 olim
2712 3914 2840 3985 ejus
2882 3912 3042 3984 leges
3074 3911 3282 3967 divine
3320 3908 3695 3965 sanxerunt?
3725 3926 3839 3963 non
3880 3909 4059 3978 juxta

2394 4021 2496 4061 eas
2519 4004 2783 4076 quotidie
2804 4004 3059 4074 quisque
3082 4008 3337 4058 vestrum
3366 4016 3752 4073 quoscunque
3782 4015 3936 4069 opus
3962 4006 4061 4054 est

2395 4092 2661 4165 (plurimi
2692 4096 2887 4147 autem
2918 4090 3246 4147 offeruntur
3274 4088 3445 4159 tales)
3468 4088 3917 4162 praescribendis
3952 4105 4023 4142 sa
4043 4120 4063 4129 ο

2395 4182 2834 4238 tist‘actionibus
2863 4180 3083 4237 curatis
3101 4179 3129 4235 ?
3152 4196 3224 4235 an
3249 4180 3433 4252 pejori
3464 4178 3794 4235 conditione
3828 4178 4060 4249 princi-

2396 4288 2496 4344 pes
2530 4271 2721 4327 sunt?
2751 4288 2822 4327 an
2856 4270 2989 4326 illos
3021 4286 3171 4326 unos
3199 4267 3459 4325 Ecclesia
3490 4268 3562 4324 ab
3595 4267 3912 4323 universali
3946 4285 4065 4323 sua

2394 4362 2449 4418 id
2511 4362 2665 4417 ﬁlios
2713 4360 3086 4433 indulgentia
3139 4364 3414 4430 exceptos
3470 4357 3858 4428 exclusosque
3896 4357 4063 4425 vult,

2395 4468 2499 4507 nec
2526 4451 2723 4523 legum
2744 4450 3020 4506 omnibus
3051 4447 3305 4504 latarum
3331 4447 3445 4502 frui
3468 4446 3746 4503 beneﬁcio
3779 4446 4010 4518 patitur
4028 4448 4058 4501 ?

2398 4541 2761 4612 Respondete
2810 4553 2951 4594 num
2989 4538 3070 4592 ita
3101 4538 3216 4607 sit;
3272 4535 3587 4601 declat-ate,
3628 4537 3893 4607 inquam,
3931 4552 4057 4591 non

628 4626 718 4682 vel
752 4625 940 4723 palam
964 4625 1437 4723 oppugnantium
1459 4623 1547 4723 vel
1570 4624 1721 4723 clam
1748 4625 2067 4723 faventium
2100 4643 2282 4697 oppu-
2315 4660 2359 4723 Ι)
2390 4646 2519 4685 esse
2551 4630 2707 4701 apud
2738 4645 2839 4683 vos
2872 4626 3229 4698 pauitantia
3278 4625 3494 4691 locum,
3527 4641 3633 4680 nec
3664 4626 3848 4696 excipi
3881 4642 3913 4679 a
3947 4642 4055 4680 vo-

632 4715 976 4790 gnantibus,
1009 4713 1228 4785 quibus
1275 4713 1473 4768 salvus
1522 4713 1679 4769 haud
1732 4716 1921 4785 possit
1968 4714 2275 4771 obsistere.

634 4811 768 4873 Quas
801 4820 932 4860 cum
962 4820 1158 4876 aequos
1190 4808 1249 4859 et
1296 4803 1591 4875 sapientes
1640 4820 1847 4859 omnes
1899 4804 2278 4863 aastimatores

635 4912 830 4951 rerum
892 4898 1163 4965 reputare
1206 4894 1361 4965 apud
1416 4910 1543 4949 sese
1593 4910 1694 4964 par
1722 4894 1931 4961 fuerat,
1966 4898 2092 4949 tum
2144 4912 2276 4955 eum

633 4985 885 5041 maxime
916 4984 1015 5053 qui
1041 4999 1133 5038 me
1164 4999 1271 5038 suo
1293 4982 1417 5055 ipse
1440 4983 1494 5037 in
1523 4982 1730 5053 primis
1763 4984 2044 5055 suffragio
2075 4984 2142 5040 ad
2171 4985 2275 5039 im-

630 5074 857 5147 perium
882 5071 1178 5135 extulerit,
1212 5070 1321 5125 hoc
1339 5075 1428 5126 est
1456 5071 1744 5127 invidiose
1766 5077 1823 5126 et
1853 5072 2279 5129 otl‘ensionibus

628 5162 892 5235 exposito
915 5160 1274 5233 implicuerit
1306 5160 1760 5233 negotio..Unde
1793 5160 1980 5232 ipsius
2009 5166 2099 5216 est
2133 5161 2277 5217 tueri

628 5253 785 5324 quod
818 5252 973 5321 fecit,
1022 5267 1137 5305 non
1171 5254 1366 5305 autem
1416 5250 1473 5304 id
1527 5265 1719 5321 agere,
1768 5265 1899 5305 mea
1938 5254 2276 5305 exauctora-

626 5343 786 5398 tione
820 5340 1188 5412 procuranda
1218 5344 1275 5395 et
1306 5356 1407 5411 per
1454 5355 1584 5394 eam
1628 5340 1687 5394 in
1724 5355 1814 5395 me
1864 5340 2155 5395 armanda
2188 5339 2274 5393 in-

618 5430 1231 5495 vidiammulorummt
1251 5445 1428 5499 quem
1453 5429 1665 5483 detulit
1689 5446 2043 5501 superemus
2066 5428 2275 5495 honor,

620 5524 678 5577 in
712 5526 1045 5579 extremum
1079 5519 1226 5575 mihi
1246 5524 1509 5576 vertatur
1537 5519 1799 5575 exitium.
1826 5520 1975 5583 Quid
2006 5520 2160 5576 enim
2185 5527 2273 5574 at-

2393 4719 2485 4774 bis
2516 4718 2993 4789 resispiscentem
3016 4716 3116 4787 qui
3140 4731 3343 4786 pmnas
3362 4714 3474 4769 sibi
3498 4714 3702 4770 sceleri
3735 4715 4055 4785 purgando

2394 4807 2623 4879 injungi
2643 4806 2931 4862 salutares
2956 4808 3115 4877 petat
3140 4821 3153 4859 :
3176 4809 3301 4860 tum
3322 4819 3464 4859 mea:
3484 4807 3677 4876 partes
3697 4808 3872 4857 erunt
3893 4805 4056 4859 mihi

2392 4896 2718 4961 consulere,
2750 4900 2808 4950 et
2838 4893 2976 4949 alibi
3006 4909 3267 4966 quaerere
3296 4909 3420 4949 rem
3446 4891 3835 4947 necessariam
3868 4896 4059 4965 cujus

2394 4986 2483 5040 hic
2516 4985 2679 5057 copia
2712 5000 2825 5041 non
2862 4983 3141 5055 suppetit.
3175 4982 3315 5037 Aliae
3346 4982 3480 5038 aliis
3521 4981 3579 5037 in
3611 4981 3753 5038 locis
3782 4981 4058 5039 ecclesia:

2392 5080 2572 5130 sunt:
2602 5092 2701 5130 eas
2732 5074 2931 5143 adibo,
2959 5075 3031 5129 ab
3059 5074 3131 5128 iis
3170 5071 3577 5145 pmnitentiam
3609 5075 3801 5143 petam
3835 5076 3893 5127 et
3909 5088 4063 5129 con-

2390 5180 2627 5236 sequar.
2661 5162 2915 5234 Exposui
2950 5162 3116 5218 vobis
3148 5177 3363 5217 sensus
3398 5160 3642 5217 intimos
3674 5160 3858 5216 animi
3885 5163 4017 5218 mei
4046 5181 4061 5218 :

2390 5254 2886 5309 considerandum
2920 5251 3086 5307 vobis
3108 5250 3467 5321 relinquo,et
3484 5266 3618 5305 cum
3644 5251 3772 5321 ipso
3794 5251 4067 5321 patriar-

2387 5343 2499 5398 cha
2529 5340 3009 5413 consultandum,
3030 5341 3170 5413 quid
3204 5340 3329 5395 ﬁeri
3360 5339 3685 5395 conveniat.
3724 5339 3848 5395 Non
3881 5342 4057 5396 enim

2390 5433 2647 5505 amplius
2692 5432 2883 5504 patiar
2925 5448 3028 5503 pro
3074 5430 3342 5503 deposito
3394 5446 3486 5485 me
3518 5430 3712 5501 abjici.
3757 5430 3916 5498 Jam,
3954 5433 4056 5486 in-

2385 5538 2587 5594 quam,
2617 5522 2760 5591 mihi
2792 5521 2964 5593 plane
3014 5521 3312 5576 decretum
3364 5524 3456 5575 est
3485 5525 3587 5574 aut
3636 5519 3901 5589 accipere
3938 5538 4051 5577 eu-

621 5612 849 5669 tinebat
878 5611 935 5665 in
967 5626 1269 5689 summum
1300 5609 1604 5680 fastigium
1631 5610 1873 5665 evehere
1896 5626 2072 5681 quem
2096 5609 2273 5682 paulo
2384 5612 2628 5668 rationis
2662 5612 2900 5667 modum
2934 5629 2969 5667 a
2998 5610 3161 5667 vobis
3192 5614 3294 5666 aut
3317 5607 3459 5666 alibi
3496 5624 3771 5682 quaerere.
3807 5633 3838 5660 υ
3868 5610 4047 5667 Talia

619 5706 753 5775 post
779 5701 837 5756 in
872 5700 1189 5773 perniciem
1222 5698 1494 5756 ultimam
1522 5698 1831 5755 detrahere
1862 5698 1997 5755 inde
2027 5716 2094 5757 ac
2122 5716 2270 5772 pre-

2381 5700 2672 5774 episcopis
2694 5700 2889 5758 locuto
2908 5701 3283 5773 imperatore,
3306 5716 3491 5772 seper
3510 5700 3631 5757 hac
3650 5700 3821 5771 quasi
3843 5700 4048 5771 prima
