4246 6446
176 378 275 432 ’101

1235 390 1333 442 DE
1369 386 1742 442 MICBAELE
1779 385 2222 443 PALBOLOGO
2259 387 2392 440 LIB.
2436 387 2532 439 IV.

3476 384 3583 438 702

177 502 375 571 ἤθελον
436 507 528 560 τὸν
587 511 903 582 κρατοῦντα.
947 509 1018 564 Οὐ
1082 513 1188 583 μὴν
1247 507 1304 565 δὲ
1360 509 1506 565 ἀλλὰ
1555 512 1645 563 καὶ
1695 521 1828 572 καθ-
1858 512 1912 578 Α
1943 509 2191 583 ἠγρίαινε
2220 507 2307 562 καὶ
2350 505 2692 580 ἀμεταθέτως
2752 507 2868 581 εἶχε
2919 513 3017 576 τῆς
3078 508 3328 581 γνώμης,
3363 507 3434 568 ὡς
3491 511 3577 561 καὶ

180 597 554 666 υπισχνοῦντο
583 593 748 668 μόνον
782 599 869 652 καὶ
913 598 1077 653 αὐτοῦ
1113 597 1382 673 βασιλέως
1438 597 1830 671 προσπέμψαν-

177 701 267 742 τος
299 680 457 736 αὖτοὶ
486 684 554 738 τὰ
586 685 800 759 μεγάλα
830 686 1229 760 συλλήψεσθαι.

181 789 248 862 β’.
310 789 498 867 Ὅπως
576 791 667 867 τὸν
721 796 890 867 Δτοῐξᾼ
933 793 1205 867 Γαλησίου
1262 793 1461 867 Ἰωσὴφ
1535 793 1674 867 πρὸς
1738 793 1829 847 τὸν

251 861 604 947 πατριάρχην
637 861 966 918 ἀπέστελλεν
994 866 1022 919 6
1053 869 1288 940 κρατῶν,
1322 861 1497 935 ζητῶν
1542 861 1696 918 Λύσιν
1734 868 1831 919 τοῦ

249 938 582 1006 ἀφορισμοῦ.

253 1038 314 1108 [Ρ
349 1040 472 1110 175]
503 1039 564 1094 Ὀ
593 1043 721 1114 γοῦν
760 1039 1013 1114 βασιλεὺς
1044 1043 1134 1096 καὶ
1184 1040 1391 1105 ἄλλους
1452 1043 1544 1114 μὶν
1595 1042 1714 1095 καθ’
1740 1038 1834 1095 ἕνα

179 1123 474 1189 πλείστους
523 1127 836 1183 ἀπέστειλεν
888 1131 1052 1200 ἀξιῶν
1109 1132 1202 1185 τὸν
1259 1133 1525 1206 ἱεράρχην
1569 1130 1727 1185 λῦσαί
1782 1131 1832 1184 οἱ

177 1215 278 1281 τήν
338 1214 600 1287 ἀθυμίαν,
635 1218 844 1290 ἑτοίμῳ
903 1217 1039 1289 ὄντι,
1101 1221 1175 1282 ὡς
1231 1219 1434 1283 ἐκεῖνος
1495 1221 1833 1294 ὑπισχνεῖτο⁹

176 1304 239 1356 τὸ
299 1302 660 1377 κελευόμενον
720 1306 1032 1382 ἐκπληροῦν
1065 1329 1078 1340 ³
1111 1310 1268 1370 τέλος
1330 1307 1387 1364 δὲ
1442 1309 1533 1363 καὶ
1589 1309 1680 1362 τὸν
1735 1315 1833 1375 τῆς

186 1393 362 1462 μονῆς
392 1396 490 1446 τοῖ’)
517 1393 793 1464 Γαλησίου
833 1396 1230 1469 προϊστάμενον
1263 1398 1489 1473 Ἰὠσὴφ,
1522 1397 1580 1458 ὃς
1630 1394 1697 1465 δή
1747 1397 1835 1450 καὶ

182 1478 464 1550 Γαλησίου
517 1484 888 1559 φανερώτερον
950 1485 1220 1557 ἐκαλεῖτο,
1253 1484 1418 1562 ἄνδρα
1474 1487 1838 1557 πνευματικὸν

181 1569 272 1622 καὶ
330 1570 407 1632 εἰς
463 1573 668 1644 πατέρα
722 1576 1054 1649 τεταγμένον
1096 1579 1178 1647 τῷ
1211 1575 1447 1651 βασιλεῖ,
1480 1573 1836 1629 ἀποστέλλων

181 1654 569 1727 κατηντιϐόλει
630 1658 882 1736 δέχεσθαι
941 1664 1039 1731 τήν
1076 1658 1363 1736 πρεσϐείαν
1417 1664 1506 1718 καὶ
1565 1685 1836 1739 συγκατα-

179 1747 356 1801 νεύειν
410 1753 480 1822 τῇ
539 1749 776 1821 ἀξιώσει.
803 1749 962 1807 Ἀλλ’
1011 1753 1038 1806 6
1090 1755 1439 1827 πατριάρχης
1494 1752 1680 1808 πολλᾶ
1742 1753 1837 1824 μὲν

182 1837 332 1910 παρὰ
363 1841 473 1890 τῶν
505 1837 809 1912 ἀρχιερέων
854 1840 984 1913 ὑπὲρ
1041 1845 1139 1895 τοῦ
1199 1839 1472 1904 Βασιλέως
1529 1841 1840 1913 ἱκετευόμε-
1869 1861 1914 1924 Β

1937 602 2053 657 τοῖς
2081 591 2466 667 πρεσϐεύοτσιν
2498 594 2850 665 ἐπιπλήττειν
2901 596 2990 648 καὶ
3048 595 3193 665 αύτῷ
3244 593 3308 663 δὴ
3353 600 3434 664 τῷ
3466 598 3581 650 Ἰω-

1938 687 2047 762 σήφ
2092 684 2347 759 γενναίως
2405 681 2954 759 έπέχειν,τολμῶντι
3014 684 3089 744 ὡς
3147 681 3304 751 δῆθεν
3365 684 3429 738 τὰ
3484 693 3584 746 τῖς

1944 773 2214 850 βασιλέως
2255 771 2535 848 ἀναδοχῆς
2585 774 2730 848 παρὰ
2777 773 2877 840 τήν
2919 771 3124 826 ἐκείνου
3158 772 3398 840 θέλησιν,
3431 775 3587 845 Αἱρεῖ

1940 861 1998 918 δὲ
2027 863 2115 918 καὶ
2147 861 2320 937 λόγος
2351 864 2496 936 παρᾶ
2524 860 2760 922 πολλοῖς
2807 862 2883 922 ὡς
2932 861 3020 914 καὶ
3080 860 3450 932 ἐπιτιμήσειεν
3507 862 3587 934 ἐφ’

1941 953 1986 1025 ᾦ
2021 949 2160 1025 μηδέ
2189 951 2553 1024 πνευματικὸς
2586 947 2907 1023 ἀναδέχοιτο
2945 969 2957 981 ·
2986 951 3015 1003 ’ὸ
3048 945 3114 1015 δὴ
3156 948 3250 1002 κᾶν
3298 949 3519 1022 γεγονὸς

1941 1039 2227 1117 ἐφυλάχθη
2286 1039 2321 1108 ἢ
2379 1037 2467 1092 καὶ
2523 1033 2833 1112 παραϐαθὶν
2895 1036 3062 1106 ἐλύθη
3124 1036 3158 1105 ἢ
3212 1037 3301 1090 καὶ
3385 1036 3582 1090 ἄλυτον

1941 1125 2138 1200 ἔμεινε,
2169 1126 2265 1180 κᾶν
2302 1128 2377 1198 μή
2410 1128 2632 1200 γεγονὸς
2685 1125 2986 1202 ἐφημίσθη,
3019 1126 3092 1185 ὡς
3149 1125 3238 1178 καὶ
3298 1125 3325 1177 6
3386 1126 3583 1201 Ton-hc.

1940 1219 2378 1292 πατριαρχεύσας
2425 1216 2643 1290 ὕστερον
2703 1216 3153 1288 ἀπολογούμενος
3205 1216 3332 1286 ὑπὲρ
3392 1215 3585 1268 τούτου

1942 1302 2336 1379 διισχυρίζετο,
2370 1304 2522 1375 ὅμως
2555 1302 2730 1364 πολὺς
2772 1303 3007 1366 ἐντεῦθεν
3059 1303 3321 1378 ἆνεριίοὶγη
3375 1301 3589 1356 κλύδων

1938 1400 2007 1468 τῇ
2068 1394 2386 1466 Ἐκκλησία,
2421 1395 2494 1455 ὡς
2556 1394 2780 1468 ἰσχυρὸν
2842 1393 3237 1467 προτεινόντων
3297 1398 3403 1446 τῶν
3459 1395 3589 1465 Ἀρ-

1944 1488 2198 1538 σενιατῶν
2256 1485 2372 1538 κατ’
2427 1482 2634 1538 ἐκείνου
2717 1479 2976 1557 ἔγκλημα
3050 1482 3585 1555 πατριαρχεύσαντος

1943 1574 2309 1646 σχιζομένων.

1943 1685 2008 1753 γ’.
2041 1680 2231 1739 ’Όπως
2264 1673 2533 1753 λίόελλος
2553 1679 2891 1753 κατηγορίας
2920 1679 3057 1753 {uti
3101 1682 3197 1731 τοῦ
3245 1678 3588 1752 πατριάρχου

2485 1748 2646 1820 ἐδόθη
2677 1748 3028 1825 τῶβασιλεῖ.

2019 1840 2105 1910 [Ρ.
2144 1840 2265 1912 174]
2299 1840 2438 1895 Τότε
2465 1841 2647 1894 τοίνυν
2693 1837 3120 1913 Βοηδρομιῶνος
3151 1836 3445 1910 ἱσταμένου
3504 1838 3591 1892 καὶ

179 1944 292 1989 νος,
325 1923 402 1984 ὡς
433 1924 531 1978 οὐκ
562 1923 706 1995 ἄξιον
739 1925 1008 2001 λεγόντων
1070 1929 1243 1991 οὕτως
1299 1928 1387 1983 ἐπὶ
1445 1933 1702 1983 τοσοῦτον
1758 1933 1837 1998 τῷ
1872 1923 1901 1924 ί
1943 1930 2051 1980 τῶν
2085 1929 2332 1997 συνήθων
2363 1932 2626 1998 νηστειῶν
2673 1926 3041 2000 τελουμένων,
3073 1927 3265 2000 ἑορτῆς
3322 1925 3595 2001 ἀγομένης

181 2011 452 2084 ἐπιτιμίῳ
484 2014 854 2089 συνίσχεσθαι,
888 2013 1076 2071 πολλᾶ
1127 2015 1186 2072 δὲ
1231 2017 1319 2072 καὶ
1379 2017 1524 2090 παρᾶ
1551 2022 1648 2072 τοῦ
1677 2038 1837 2072 πνευ-

185 2104 424 2170 ματικοῦ
481 2100 688 2156 ἐκείνου
735 2104 824 2158 καί
885 2105 1029 2167 θείου
1084 2103 1278 2178 ἀνδρὸς
1321 2106 1636 2179 ἀξιούμενος
1684 2105 1836 2183 ἐφίἶ)

179 2190 280 2256 τήν
315 2187 560 2244 παιδείαν
595 2189 783 2254 ἄλλως
815 2192 1136 2266 οἰκονομοίη
1169 2196 1263 2250 τὸν
1296 2193 1494 2267 δεσμόν
1523 2195 1689 2256 λύσας
1742 2197 1829 2249 καὶ

181 2279 512 2353 προπιμῷη
548 2285 628 2351 τῷ
661 2281 876 2355 βασιλεῖ
905 2287 1012 2337 τῶν
1046 2283 1290 2352 εἰκότων,
1325 2284 1353 2337 6
1385 2281 1442 2338 δὲ
1469 2285 1558 2338 καὶ
1620 2281 1831 2356 μᾶλλον

198 2480 537 2538 velitatione
579 2483 880 2556 auspicato
911 2482 1199 2554 praelium,
1232 2485 1315 2539 illi
1347 2485 1419 2539 ad
1452 2483 1684 2556 singula
1724 2501 1850 2556 qua

202 2571 362 2626 dicta
395 2572 630 2628 fuerant
659 2572 858 2628 dolore
888 2573 1240 2645 signiﬁcato,
1290 2574 1683 2640 declararunt,
1726 2591 1852 2646 quae

209 2677 410 2716 severe
428 2678 494 2717 ac
512 2662 659 2717 dure
683 2662 1017 2733 patriarcha
1037 2679 1176 2735 erga
1197 2663 1609 2736 imperatorem
1633 2669 1852 2735 ageret,

201 2749 318 2804 sibi
347 2751 592 2806 minime
610 2751 864 2822 probari:
891 2768 957 2807 ac
995 2757 1302 2825 propterea
1328 2757 1461 2825 post
1491 2753 1673 2808 multa
1703 2753 1853 2808 invi-

203 2856 332 2895 cem
366 2839 577 2895 collata
607 2841 1050 2913 disceptataque
1083 2847 1316 2914 paratos
1355 2859 1417 2898 se
1469 2843 1856 2898 ostenderunt

206 2930 279 2984 ad
315 2929 670 2985 offerendam
700 2932 962 3000 Augusto
1011 2931 1318 3002 pcenitenti
1363 2931 1854 2987 reconciliationis

206 3016 388 3072 viam.
425 3017 550 3073 Non
571 3023 766 3073 tamen
799 3023 935 3075 tunc
956 3021 1148 3075 adhuc
1171 3019 1418 3076 ulterius
1448 3027 1856 3093 processerunt

202 3122 387 3177 quam
421 3111 484 3161 ut
514 3107 929 3178 promitterent
972 3125 1035 3164 se
1093 3109 1520 3166 intercessuros
1567 3111 1722 3181 apud
1756 3127 1857 3182 pa-

203 3195 527 3251 triarcham
551 3212 727 3267 quam
745 3197 1158 3254 efficacissime
1173 3203 1432 3270 possent,
1452 3200 1772 3255 suadentes
1795 3204 1858 3255 ut

204 3301 312 3354 pro
345 3301 408 3339 se
441 3284 564 3357 ipse
613 3287 683 3340 de
737 3303 882 3342 novo
941 3287 1218 3357 allegaret
1274 3289 1346 3344 ad
1408 3305 1541 3344 eum
1597 3294 1856 3345 oratores

206 3373 534 3445 supplices,
567 3376 783 3447 quibus
814 3378 885 3432 ad
921 3376 1358 3450 impetrandum
1401 3380 1557 3450 quod
1592 3384 1864 3451 rogarent

206 3463 324 3534 ipsi
359 3480 420 3520 se
451 3481 557 3536 pro
586 3465 738 3521 virili
764 3470 1181 3538 cooperaturos
1205 3468 1584 3540 recipiebant.

207 3581 264 3634 2.
303 3580 369 3654 Ut
393 3582 747 3654 praepositum
778 3579 980 3637 Galesii
1019 3583 1312 3654 Josephum
1350 3582 1427 3638 ad
1480 3583 1863 3654 patriarcham

287 3651 618 3721 allegaverit
647 3654 966 3724 imperator,
998 3651 1183 3724 poteris
1218 3651 1624 3711 absolutionem
1668 3657 1736 3710 ab
1764 3673 1862 3711 ea:-

281 3723 799 3778 communicatione.

281 3821 473 3887 Igitur
503 3821 826 3893 imperator
856 3838 986 3878 cum
1019 3823 1165 3879 alios
1215 3824 1563 3896 singillatim
1596 3826 1862 3899 allegavit

210 3910 370 3967 256
403 3909 718 3981 plurimos,
749 3911 1103 3984 suppliciter
1159 3929 1336 3970 orans
1374 3914 1766 3986 patriarcham
1801 3922 1865 3971 ut

207 4015 272 4054 se
297 4015 442 4054 cura
473 4000 871 4072 mmstitiaque
927 3999 1177 4057 liberare
1219 4002 1581 4075 dignaretur,
1614 4005 1862 4061 offerens

208 4104 271 4143 se
303 4095 574 4158 paratum
605 4089 678 4144 ad
709 4089 947 4160 quidvis
967 4093 1408 4162 exsequendum
1432 4093 1860 4164 quodjuberet.

205 4177 471 4233 Tandem
504 4182 560 4232 et
587 4177 916 4250 Josephum
947 4179 1019 4235 ad
1042 4179 1098 4234 id
1127 4180 1292 4236 misit
1315 4182 1672 4238 monasterio
1695 4183 1861 4240 Gale-

207 4265 277 4322 sii
301 4265 711 4338 praepositum,
734 4267 1150 4340 emnobiiquod
1171 4270 1409 4340 regebat
1429 4270 1666 4327 nomine
1687 4288 1865 4343 quam

206 4372 318 4411 suo
343 4355 532 4427 ipsius
563 4355 737 4429 vulgo
752 4357 1060 4424 notiorem,
1083 4358 1273 4414 virum
1299 4359 1666 4431 spiritualem
1685 4366 1744 4416 et
1762 4363 1860 4434 qui

204 4444 551 4516 imperatori
576 4445 760 4516 patris
786 4445 912 4501 loco
934 4451 1110 4511 esset,
1131 4447 1348 4519 quippe
1379 4449 1705 4516 audiendis,
1737 4451 1863 4521 ejus

205 4533 685 4591 confessionibus
704 4536 1036 4606 prefectus.
1062 4535 1228 4592 Hunc
1253 4553 1392 4610 ergo
1414 4554 1517 4610 pro
1540 4554 1602 4594 se
1633 4539 1862 4611 suppli-

1944 2017 2007 2084 ἦν
2034 2016 2348 2079 Ἀκάθιστον
2381 2017 2604 2087 σύνηθες
2668 2017 2973 2090 ὀνομάζειν,
3004 2020 3112 2069 τῶν
3159 2036 3242 2077 τις
3299 2019 3396 2068 τοῦ
3450 2013 3590 2084 κλή-

1948 2124 2044 2178 ρου
2077 2104 2130 2158 ἐν
2160 2105 2429 2180 νοταρίοις
2459 2110 2537 2177 τῷ
2565 2105 2880 2180 πατριάρχῃ
2911 2104 3084 2158 τελῶν
3123 2105 3256 2173 μετᾶ
3292 2103 3383 2157 τὸν
3445 2108 3590 2178 σφῶν

1945 2197 2326 2269 πριμικήριον,
2386 2195 2444 2249 ’ὁν
2499 2193 2590 2248 καὶ
2649 2194 2889 2263 Μεσίτην
2951 2193 3201 2247 εἰώθασιν
3279 2193 3331 2246 οἱ
3384 2189 3588 2246 πολλοὶ

1961 2282 2317 2356 σεμνύνοντες
2376 2283 2576 2359 λέγειν,
2606 2283 2912 2351 τούπίκλην
2945 2278 3384 2355 Ἐψητόπουλος,
3419 2275 3611 2334 λίϐελ-

1961 2491 2232 2558 speratus
2263 2487 2654 2557 efferatusque
2695 2485 2882 2555 magis
2914 2489 3002 2540 est
3036 2483 3280 2538 audiens
3339 2483 3454 2538 ista
3511 2500 3607 2553 pa-

1961 2574 2236 2629 triarcha.
2272 2575 2543 2644 Adeoque
2572 2572 2970 2628 inﬂexibiliter
2999 2573 3167 2627 haesit
3205 2571 3264 2625 in
3290 2573 3610 2643 proposito,

1965 2668 2028 2717 ut
2057 2663 2230 2719 etiam
2262 2679 2329 2718 ea
2353 2666 2627 2734 rogantes
2657 2662 3014 2733 objurgaret,
3072 2666 3128 2716 et
3183 2662 3378 2732 ipsum
3436 2661 3605 2716 Jose-

1963 2752 2145 2823 phum
2178 2752 2387 2807 acriter
2416 2755 2721 2821 coerceret,
2757 2767 2821 2805 eo
2853 2748 3074 2805 scilicet
3102 2750 3333 2805 nomine
3371 2750 3537 2820 quasi
3564 2751 3609 2803 is

1965 2841 2375 2912 imperatorem
2401 2841 2697 2896 absolvere
2722 2856 2902 2895 ausus
2933 2844 3088 2894 esset
3119 2844 3319 2894 contra
3352 2839 3606 2909 patriar-

1965 2930 2084 2985 chas
2103 2929 2483 2985 voluntatem.
2510 2933 2686 2984 Fama
2715 2934 2869 2984 certe
2900 2928 3190 2983 increbuit
3241 2944 3339 2998 per
3397 2927 3610 2981 multos

1964 3021 2220 3092 vulgata,
2247 3019 2608 3091 prohibitum
2657 3017 2968 3073 interdicto
2997 3017 3254 3088 Josepbo
3296 3035 3327 3071 a
3361 3017 3607 3086 patriar-

1967 3110 2077 3164 cha
2108 3109 2290 3164 fuisse
2316 3125 2389 3164 ne
2417 3109 2691 3179 deinceps
2725 3107 2852 3179 ipse
2881 3107 3301 3170 confessiones,
3355 3111 3416 3160 ut
3464 3106 3612 3160 sole-

1973 3198 2089 3267 bat,
2150 3198 2278 3268 ejus
2332 3198 2586 3268 privatas
2639 3197 2928 3268 acciperet
2984 3212 3236 3266 eumque
3269 3195 3610 3250 absolveret:

1971 3287 2134 3354 Quod
2167 3286 2571 3354 interdictum,
2602 3287 2649 3341 si
2684 3301 2815 3341 vere
2846 3286 3110 3357 contigit,
3145 3303 3217 3339 an
3240 3286 3611 3340 observatum

1967 3377 2064 3443 sit,
2097 3393 2170 3430 an
2203 3377 2261 3430 id
2305 3381 2712 3447 transgressus
2768 3374 3064 3446 Josephus
3123 3373 3613 3444 transgressionis

1966 3465 2139 3521 istius
2169 3463 2673 3535 veniaimpetrata
2693 3462 3078 3519 restitutusin
3097 3462 3391 3533 integrum
3419 3463 3611 3527 fuerit,

1966 3570 2037 3608 an
2068 3558 2362 3624 postremo
2394 3553 2613 3608 crimen
2652 3552 2810 3608 istud
2868 3552 3248 3608 contumaciae
3279 3557 3480 3607 contra
3531 3553 3614 3605 in-

1965 3642 2278 3698 terdictum
2303 3646 2361 3697 et
2389 3658 2588 3698 revera
2617 3643 2969 3698 consciverit
2989 3641 3286 3712 Josephus
3344 3646 3402 3696 et
3449 3641 3611 3696 inex-

1967 3731 2192 3804 platum
2223 3731 2280 3786 id
2316 3732 2618 3799 manserit,
2667 3731 2726 3787 in
2784 3730 2966 3786 medio
3026 3730 3378 3801 relinquam.
3441 3734 3616 3785 Fama

1967 3821 2180 3893 quippe
2210 3819 2296 3875 illi
2330 3820 2510 3892 priori
2541 3820 2842 3876 contraria
2872 3836 3079 3891 sparsa
3108 3835 3337 3889 quoque
3369 3824 3477 3886 est,
3520 3836 3612 3874 as-

1968 3926 2169 3966 serens
2200 3926 2504 3982 nunquam
2537 3909 2826 3982 perlatum
2859 3927 2891 3965 a
2923 3909 3258 3981 patriarcha
3289 3907 3406 3964 tale
3437 3909 3617 3963 inter-

1967 3999 2209 4056 dictum.
2244 4000 2314 4055 Et
2344 3999 2452 4055 hac
2506 3999 2843 4055 defensione
2894 3998 3187 4070 Josephus
3227 3997 3375 4070 ipse,
3429 3998 3615 4052 factus

1969 4091 2118 4146 257
2165 4093 2366 4159 postea
2425 4088 2778 4160 patriarcha,
2839 4088 3138 4156 utebatur,
3192 4089 3612 4144 asseverantis-

1969 4179 2114 4234 sime
2137 4178 2441 4234 affirmans
2473 4193 2843 4249 nequaquam
2877 4178 2935 4231 id
2968 4177 3081 4232 sibi
3107 4176 3464 4247 prohibitum
3506 4194 3612 4232 un-

1970 4284 2146 4339 quam
2175 4284 2209 4323 a
2249 4267 2600 4340 patriarcha,
2659 4266 3197 4323 contradicentibus
3232 4266 3616 4322 nihilominus

1969 4361 2026 4413 et
2056 4358 2114 4412 in
2145 4361 2368 4414 asserto
2400 4357 2911 4429 perseverantibus
2968 4356 3304 4412 auctoribus
3362 4356 3615 4428 oppositi

1971 4447 2248 4515 rumoris,
2276 4446 2380 4518 qui
2407 4445 2467 4500 in
2523 4446 2666 4501 satis
2716 4461 2992 4518 magnam
3053 4445 3187 4501 inde
3218 4445 3617 4500 celebritatem

1973 4536 2136 4591 abiit.
2195 4536 2468 4607 Adeoque
2526 4535 2583 4590 id
2639 4552 2821 4590 unum
2853 4540 2910 4590 et
2970 4535 3346 4606 potissimum
3400 4539 3526 4589 erat
3562 4536 3616 4590 in

205 4641 337 4679 cem
371 4623 653 4695 allegans,
686 4623 993 4681 obsecrare
1023 4626 1423 4699 obtestarique
1469 4627 1860 4700 patriarcham
1897 4611 1943 4674 ί)
1973 4626 2342 4694 criminibus,
2375 4642 2503 4697 quae
2522 4624 2833 4682 Arseniani
2854 4624 3516 4696 objectabantJosepho,
3547 4627 3618 4681 ab

205 4712 433 4769 institit
455 4713 539 4768 uti
555 4713 1370 4772 tandeminﬂexusinduceret
1387 4716 1725 4774 inanimum
1748 4736 1860 4774 non

204 4802 470 4875 amplius
483 4804 784 4875 aspernari
800 4820 1002 4875 preces
1015 4821 1177 4861 suas.
1193 4805 1574 4862 Vehementer
1595 4807 1649 4861 id
1667 4807 1861 4879 ipsum

205 4893 280 4948 ab
314 4893 520 4947 eodem
546 4893 802 4964 episcopi
820 4895 1250 4950 contenderunt
1271 4900 1527 4966 orantes,
1550 4912 1861 4968 argumen-

206 4985 288 5038 tis
318 4981 500 5037 etiam
535 4981 843 5051 adhibitis,
861 4987 918 5038 et
932 4982 1246 5055 indignum
1261 4985 1443 5040 videri
1465 4991 1864 5043 contestantes

210 5073 541 5144 principem
573 5076 738 5128 tanto
767 5077 1029 5145 tempore
1065 5073 1182 5130 isto
1212 5075 1385 5146 quasi
1428 5075 1723 5146 ergastulo
1753 5076 1864 5132 diri

210 5159 613 5216 anathematis
644 5161 1030 5217 constrictum
1061 5163 1328 5219 detineri.
1365 5163 1621 5236 Urgebat
1669 5183 1772 5238 pro
1805 5183 1866 5222 se

209 5265 452 5322 quoque
499 5250 774 5306 ardenter
829 5267 951 5307 rem
1010 5253 1276 5308 eamdem
1336 5253 1665 5324 spiritualis
1696 5259 1867 5312 Pater

207 5337 522 5412 supplicis,
557 5334 678 5406 ille,
710 5355 886 5412 quem
918 5341 1059 5410 dixi,
1093 5341 1177 5398 vir
1218 5344 1590 5413 reverendus,
1640 5345 1865 5402 demis-

203 5427 451 5483 sissimo
481 5427 805 5498 deprecans
833 5429 1095 5501 suscepti
1125 5431 1218 5486 sui
1249 5431 1488 5487 nomine
1521 5437 1584 5487 ut
1611 5434 1864 5505 castiga-

203 5517 428 5573 tionem
455 5533 634 5590 quam
657 5534 884 5589 aequam
901 5519 1232 5588 judicasset
1263 5521 1691 5592 praescriberet,
1714 5528 1772 5578 et
1799 5540 1865 5579 ea

209 5609 589 5682 perfunctum
605 5607 921 5664 miseratus
941 5609 1338 5667 anathematis
1349 5611 1580 5667 vinculo
1593 5613 1862 5670 solveret.

208 5698 402 5756 Surdo
433 5697 557 5754 haec
586 5699 970 5756 canebantur.
1001 5699 1313 5772 Obduruit,
1347 5702 1489 5773 quin
1521 5703 1697 5760 etiam
1729 5721 1865 5761 exa-

1972 4733 2038 4774 eo
2061 4715 2378 4772 schismate
2409 4715 2666 4770 discissi.

1973 4870 2026 4923 3.
2063 4871 2126 4926 Ut
2156 4867 2377 4923 libellus
2433 4866 2800 4922 accusationis
2829 4872 3019 4921 contra
3046 4867 3430 4938 patriam/iam
3462 4866 3621 4922 datus

2569 4942 2647 4994 sit
2676 4938 3022 5011 imperatori.

2045 5074 2211 5129 Tunc
2245 5073 2425 5146 igitur
2452 5074 2562 5128 sub
2598 5073 2835 5128 initium
2869 5073 3111 5145 Aprilis,
3144 5074 3428 5131 solemnis
3467 5076 3622 5145 jeju-

1977 5164 2057 5218 nii
2083 5167 2366 5235 tempore,
2390 5163 2532 5218 dum
2549 5163 2763 5218 festum
2791 5164 3226 5234 agereturquod
3247 5163 3620 5220 Acathistum

1973 5253 2148 5326 vulgo
2173 5253 2494 5320 nominant,
2527 5253 2766 5322 quidam
2787 5270 2862 5332 ex
2903 5252 3057 5309 clero
3104 5253 3492 5325 EpsetOpulus
3524 5271 3619 5309 co-

1975 5349 2316 5418 gnomento,
2349 5343 2408 5398 in
2440 5343 2646 5399 ordine
2676 5342 3038 5398 notariorum
3063 5343 3408 5415 patriarchae
3440 5344 3620 5399 inser-

1975 5437 2159 5505 viens,
2193 5439 2325 5506 post
2363 5433 2623 5506 ipsorum
2675 5432 3100 5504 primicerium,
3152 5449 3327 5504 quem
3375 5435 3618 5490 Mesiten

1975 5527 2098 5582 sive
2127 5524 2508 5582 mediatorem
2540 5523 2804 5596 plerique
2832 5525 3027 5580 solent
3047 5525 3240 5596 amplo
3263 5524 3498 5580 nomine
3524 5542 3620 5580 vo-

1975 5632 2127 5685 care,
2147 5613 2411 5670 libellum
2429 5630 2460 5668 a
2483 5629 2544 5669 se
2558 5613 2848 5684 digestum
2873 5614 3349 5669 accusationibus
3381 5612 3616 5685 plenum

1973 5711 2181 5778 sponte
2209 5703 2549 5776 imperatori
2579 5702 2842 5772 tradidit,
2875 5707 3052 5760 noctu
3085 5707 3217 5775 post
3256 5703 3432 5759 ﬁnem
3457 5702 3619 5775 hym-
