4212 6442
642 373 749 428 703

1939 376 2246 433 οεοιιοιι
2283 375 2748 433 ΡΔΟΗῩΠΒΒΒ

3937 377 4047 430 704

645 496 742 551 λον
770 497 1240 572 κατηγορημάτων
1271 496 1462 571 πλήρη
1496 495 1818 571 συνθέμενος
1845 497 2066 570 ἀσμένῳ
2103 496 2287 572 ἔγχει-
2315 499 2370 565 Α
2402 495 2494 550 σὺν
2577 504 2694 561 τοῖς
2778 500 3074 575 σατράπαις
3143 501 3307 554 αὐτοῦ
3353 498 3490 554 κατὰ
3537 499 3600 553 τὸ
3653 498 3898 574 ὀρθρινδν
3945 506 4046 568 τῆς

644 585 774 658 ρίζει
833 589 913 655 τῷ
967 583 1206 659 βασιλεῖ,
1236 587 1427 647 νυκτὸς
1449 585 1572 641 τότε
1622 585 1790 656 οὔσης
1853 588 1987 660 μετά
2032 588 2132 656 τὴν
2188 593 2291 654 τῆς

647 670 920 744 ὑμνῳδίας
953 672 1326 748 ἐκπλήρωσιν.
1358 675 1422 731 '0
1471 671 1527 729 δὲ
1583 676 1709 737 τοὺς
1761 676 2175 750 παρατυχόντας
2233 674 2292 728 ἐκ

641 767 746 816 τῶν
799 767 897 816 τοῦ
956 763 1170 837 κλήρου
1227 763 1558 838 συγκαλέσας
1608 767 1721 838 ἅμα
1749 765 1939 838 ἠρώτα
1971 765 2136 820 εἶκαὶ
2193 764 2293 819 αὐ-

643 851 727 904 τοὶ
759 848 1034 906 συνοίδασι
1063 856 1144 923 τῷ
1175 852 1568 926 Ἐψητοτούλῳ
1612 855 1680 909 τά
1727 855 1780 908 οἱ
1836 855 2167 929 πραχθέντα.
2200 855 2289 914 Ὠς

644 937 690 993 δ’
729 941 832 994 οὐκ
878 940 946 1008 ἦν
1001 945 1318 995 κατανεῦσαι
1379 941 1675 1006 ἀκούοντας
1723 943 1872 1010 πλὴν
1930 944 2046 1004 ἐνὸς
2105 945 2140 1013 ἢ
2197 941 2288 997 καὶ

645 1026 916 1102 δευτέρου,
941 1031 1063 1102 περί
1120 1050 1178 1084 τε
1233 1034 1340 1083 τῶν
1395 1030 1705 1107 κεφαλαίων
1763 1028 2158 1101 διεπυνθάνετο,
2198 1032 2288 1085 καὶ

641 1116 833 1178 ὁποίας
871 1115 953 1185 εἴη
987 1124 1086 1185 τῆς
1119 1116 1450 1191 ὑπολήψεως
1485 1121 1513 1173 6
1541 1119 1636 1174 τὸν
1670 1115 1928 1175 Αίϐελλον
1958 1121 2286 1196 ἐγχειρίσας.

635 1207 732 1267 Ὠς
790 1203 836 1258 δ’
868 1205 1203 1280 ἐμαρτύρουν
1267 1208 1362 1278 μὲν
1409 1212 1487 1279 τῷ
1544 1206 1748 1262 διδόντι
1803 1208 1870 1263 τὰ
1922 1208 2134 1284 μέτρια,
2165 1208 2286 1282 περὶ

642 1291 698 1347 δὲ
753 1298 858 1346 τῶν
918 1293 1230 1369 κεφαλαίων
1306 1295 1701 1370 ἀπελογοῦντο,
1770 1298 2002 1372 ἀνάγκην
2058 1297 2150 1351 τὸν
2211 1297 2288 1358 εἰς

642 1383 922 1443 τοιούτους
952 1384 1163 1456 ἀγῶνας
1209 1382 1620 1456 ἀποδυσάμενον
1667 1385 1753 1441 καί
1799 1387 1928 1448 τοὺς
1977 1384 2286 1448 συνειδότας

642 1466 787 1544 ἔχειν
823 1471 850 1524 ό
889 1471 1138 1544 βασιλεὺς
1170 1472 1326 1534 εὐθύς
1369 1473 1596 1543 οἰηθεὶς,
1628 1475 1717 1528 καὶ
1777 1475 1851 1536 εἰς
1900 1480 2090 1549 χεῖρας
2137 1473 2284 1549 ἔχειν

636 1562 730 1614 τὸν
766 1559 979 1627 λὲοντα,
1010 1560 1168 1634 ἀπρὶξ
1201 1559 1382 1635 ε’ίχετο
1430 1568 1540 1616 τῶν
1588 1563 1928 1638 γραμμάτων
1961 1564 2052 1617 καὶ
2099 1565 2284 1637 καιρὸν

639 1649 795 1703 ἐτίθει
846 1656 945 1717 τῆς
988 1649 1111 1719 περὶ
1164 1651 1372 1705 τούτων
1411 1653 1666 1725 σκέψεως.
1701 1655 1794 1715 Οἷς
1854 1651 1911 1707 δὶ
1969 1652 2288 1730 κεφαλαίοις

641 1739 668 1791 6
716 1733 983 1799 λίϐελλος
1037 1739 1456 1814 συγκεκρότητο,
1487 1737 1604 1794 τάδ’
1631 1743 1790 1810 ἦσαν,
1818 1743 1890 1803 ὡς
1942 1743 2109 1796 εἰπεῖν
2169 1742 2286 1806 καθ’

2402 585 2658 661 λαμπρᾶς
2696 590 2786 643 καὶ
2839 587 3081 665 μεγάλης
3109 593 3382 664 Κυριακῆς
3411 593 3492 660 τῷ
3523 592 3838 662 πατριάρχῃ
3887 587 4047 643 λιτα-

2397 674 2605 730 νεύοντι
2664 676 2914 741 συνέλθοι
2973 698 3029 732 τε
3083 679 3174 732 καὶ
3229 676 3688 734 συλλιτανεύσειε.
3723 678 3825 733 Καὶ
3857 676 3891 730 ἃ
3948 679 4046 748 μὲν

2399 768 2478 836 τῷ
2503 760 2752 838 λιϐἐλλῳ
2782 764 3129 840 διειλήφατο,
3158 766 3326 824 ταῦτά
3351 786 3411 821 τε
3461 766 3550 820 καὶ
3606 767 3817 829 τοιαῦθ’
3843 763 4006 838 ἕτερα
4035 785 4048 798 ·

2395 857 2477 924 τῷ
2517 854 2703 924 μέντοι
2756 874 2819 931 γε
2875 853 3190 931 πατριᾶρχῃ
3247 855 3310 910 τὸ
3365 855 3617 928 παράπαν
3672 854 3885 928 ἀγνοεῖν
3945 855 4052 908 οὐκ

2396 941 2487 1012 ἧν,
2519 941 2672 1014 ὅμως
2721 939 2780 997 δὲ
2827 947 2943 1015 Θεῷ
2989 944 3052 998 τὸ
3082 949 3182 998 πᾶν
3216 942 3520 1017 ἐπιτρέπων
3551 943 3847 1017 ἡσύχαζεν.
3876 944 3940 999 Ὁ
3995 939 4053 995 δέ

2396 1049 2461 1102 γε
2493 1028 2747 1104 βασιλεὺς
2775 1035 2883 1085 τῶν
2914 1033 3254 1106 γραμμάτων
3468 1030 3873 1104 ἐπειλημμένος
3920 1029 4053 1090 τοὺς

2396 1115 2798 1190 ἐπιδημοῦντας
2836 1125 2918 1191 [Ρ.
2952 1123 3079 1193 475]
3119 1125 3188 1192 τῇ
3221 1121 3630 1176 Κωνσταντίνου
3684 1125 3794 1174 τῶν
3852 1120 4053 1193 ἀρχιε-

2397 1206 2535 1280 ρέων
2565 1206 2879 1284 ἐπισυνῆγε,
2911 1209 3004 1264 καὶ
3061 1207 3128 1279 δὴ
3188 1206 3472 1282 προῦτεινε
3533 1209 3625 1281 μὲν
3683 1207 3911 1268 ἐκείνοις
3974 1207 4053 1269 είς

2394 1301 2590 1370 γνῶσιν
2620 1298 2686 1352 ei
2714 1300 3032 1372 γράμματα,
3067 1297 3343 1353 ἐκοινοῦτο
3402 1295 3459 1352 δὲ
3515 1297 3660 1374 σφίσι
3711 1298 3814 1364 τήν
3856 1298 4053 1369 σκέψιν

2396 1386 2546 1449 ὅπως
2575 1387 2788 1456 ποιοίη.
2822 1387 2901 1442 Οὐ
2929 1388 3030 1461 γὰρ
3059 1389 3128 1456 ἦν
3183 1388 3502 1460 ὑπερθέσθαι
3560 1391 3791 1460 πρᾶγμα
3849 1383 4050 1439 δοκοῦν

2395 1470 2807 1548 συμϐάλλεσθαι
2863 1481 2945 1547 τῷ
3001 1480 3210 1548 σκοπῷ,
3242 1474 3338 1530 κᾶν
3399 1475 3498 1530 οὐκ
3543 1473 3716 1529 ἐδόκει
3777 1475 4050 1549 ἀποχρῶν

2395 1565 2530 1638 πρὸς
2559 1565 2624 1618 τὸ
2649 1566 2742 1618 τὸν
2782 1567 3128 1640 πατριάρχην
3163 1563 3480 1635 δεδίξεσθαι.
3513 1565 3752 1625 Ἐκεῖνος
3803 1563 3906 1637 γὰρ
3954 1565 4050 1617 καὶ

2399 1655 2475 1723 μὴ
2529 1653 2665 1727 πρὸς
2717 1652 3016 1727 ἀπολογίαν
3070 1649 3150 1708 ἔτι
3205 1653 3547 1726 καλούμενος
3602 1651 3950 1726 ἀπελογεῖτο,
3982 1654 4050 1707 τὸ

2401 1743 2493 1814 μὲν
2525 1747 2623 1796 τοῦ
2647 1739 2896 1815 ψαλμοῦ,
2929 1743 3002 1804 ὡς
3029 1742 3190 1804 αὐτὸς
3216 1740 3300 1812 εἴη
3333 1743 3363 1796 6
3392 1742 3551 1811 τάξας
3590 1745 3751 1795 τοῦτο
3798 1742 3862 1794 τὸ
3891 1743 4050 1814 πρῶ-

637 1825 860 1881 ἓκαστον
897 1847 908 1860 σ
935 1833 1154 1902 πρῶτον
1185 1829 1247 1883 τὸ
1279 1830 1332 1883 ἐν
1364 1830 1512 1904 ἀρχῇ
1536 1833 1635 1898 τῆς
1694 1831 1950 1905 ὀρθρινῆς
2011 1828 2286 1903 ὑμνῳδίας
2318 1851 2364 1916 Β
2392 1853 2509 1903 τον,
2539 1832 2614 1893 ὡς
2643 1837 2760 1894 τοῖς
2795 1837 3060 1906 μοναχοῖς
3113 1832 3341 1902 σύνηθες
3393 1833 3474 1900 ὃν,
3509 1832 3607 1885 κᾶν
3777 1829 4052 1899 ἐκκλησίᾳ

639 1918 731 1972 τὸν
768 1917 898 1990 ὑπὲρ
930 1921 1026 1972 τοῦ
1062 1918 1329 1991 βασιλέως
1361 1917 1580 1992 ψαλμὸν
1624 1919 1871 1993 ἐγκόψαι,
1901 1920 2053 1992 μόνῳ
2111 1919 2168 1975 δὲ
2209 1926 2289 1993 τῷ

640 2005 901 2080 τρισαγίῳ
931 2007 1020 2060 καὶ
1049 2011 1130 2078 τῷ
1166 2005 1250 2061 ἐπ’
1280 2007 1427 2078 αὐτῷ
1461 2009 1799 2081 μνημοσύνῳ
1849 2009 2099 2063 κελεῦσαι
2149 2030 2286 2083 προ-

642 2095 982 2167 οιμιάζεσθαι
1017 2115 1030 2128 ·
1064 2093 1310 2169 δεύτερον
1344 2097 1405 2150 τὸ
1435 2099 1784 2172 προσκεῖσθαι
1824 2103 1938 2160 τοῖς
1983 2102 2080 2152 τοῦ
2113 2098 2288 2153 Σουλ-

638 2187 734 2239 τὰν
781 2184 1044 2256 εὐμενῶς,
1078 2185 1151 2247 ὡς
1201 2187 1290 2240 καί
1339 2207 1462 2260 σφιν
1521 2184 1724 2263 ἐφεῖναι
1779 2191 1859 2258 τῷ
1919 2187 2136 2261 λουτρῷ
2189 2194 2289 2256 τῆς

642 2273 936 2343 ἐκκλησίας
996 2284 1258 2348 συχνάκις
1293 2273 1635 2344 ἐλλούεσθαι,
1675 2275 1874 2348 τιμίων
1925 2278 2289 2351 χαρακτήρων

639 2368 869 2438 σταυροῦ
951 2364 1124 2418 ἐκεῖσε
1197 2370 1314 2426 τοῖς
1388 2367 1698 2441 μαρμάροις
1778 2366 2286 2443 ἐγκεχαραγμένων,

638 2457 962 2530 ’Λγαρηνοῖς
1024 2452 1141 2508 οὖσι
1200 2455 1289 2509 καὶ
1345 2456 1613 2528 ἀμυήτοις
1649 2477 1661 2488 ’
1693 2457 1876 2532 τρίτον
1920 2458 1993 2520 ὡς
2045 2458 2132 2512 καὶ
2172 2463 2287 2519 τοῖς

637 2545 802 2599 υἱέσιν
832 2543 1036 2598 ἐκείνου
1065 2550 1145 2616 τῷ
1177 2542 1300 2616 ἰδίῳ
1335 2551 1566 2620 μοναχῷ
1614 2544 1961 2619 μεταδιδόναι
1993 2551 2101 2601 τῶν
2133 2549 2286 2622 ἁγια-

636 2637 855 2706 σμεὶτων
915 2630 1240 2702 κελεύσειεν,
1274 2633 1480 2707 ἄδηλον
1543 2638 1600 2692 ’ὀν
1660 2637 1706 2692 εί
1761 2643 1842 2710 τῷ
1900 2639 2025 2711 θείῳ
2069 2637 2286 2710 λουτρῷ

636 2724 1012 2795 ἐτελέσθησαν,
1044 2726 1132 2780 καὶ
1172 2727 1235 2780 τὸ
1271 2724 1358 2781 ἐπὶ
1383 2727 1620 2796 τούτοις,
1654 2727 1730 2791 ὡς
1758 2727 1786 2782 6
1819 2727 1980 2790 αὐτὸς
2040 2727 2283 2783 Σουλταν

638 2926 846 2982 uodias.
885 2930 1207 2997 imperator
1235 2927 1567 2983 convocatis
1626 2927 1727 2999 qui
1759 2929 1902 2985 forte
1960 2933 2280 3002 praesentes

635 3017 702 3070 ad
716 3016 953 3070 fuerunt
982 3030 1012 3069 e
1044 3015 1219 3084 clero,
1251 3017 1429 3072 simul
1452 3033 1660 3073 omnes
1682 3017 2053 3090 interogahat
2068 3021 2278 3092 ecquid

635 3121 924 3161 consensu
958 3107 1014 3159 et
1035 3107 1405 3173 conscientia.
1447 3106 1714 3178 ipsorum
1773 3108 2164 3179 Epsetopulus
2223 3110 2280 3166 id

628 3194 862 3265 egisset.
895 3193 1040 3249 Cum
1091 3199 1287 3250 autem
1346 3211 1517 3251 nemo
1571 3200 1859 3252 annueret
1915 3196 2279 3254 audientium

630 3287 840 3354 praeter
866 3299 1048 3337 unum
1083 3288 1183 3338 aut
1214 3283 1484 3353 alterum,
1541 3285 1614 3339 de
1660 3284 1937 3356 capitulis
1971 3291 2275 3356 perconta-

630 3373 822 3440 batur,
857 3371 1155 3444 simulque
1184 3373 1355 3443 cujus
1387 3377 1543 3429 esset
1571 3373 2025 3430 existimationis
2073 3376 2173 3447 qui
2207 3376 2279 3431 li-

630 3462 850 3517 bellum
877 3451 1184 3517 obtulerat.
1216 3463 1301 3517 Ad
1335 3479 1403 3518 ea
1432 3462 1660 3518 clericis
1691 3464 1879 3518 datori
1937 3464 2176 3536 quidem
2207 3465 2278 3520 li-

629 3550 764 3605 belli
793 3551 1087 3606 mediocre
1117 3551 1526 3607 testimonium
1569 3553 1974 3621 reddentibus,
2032 3555 2280 3610 crimina

627 3655 763 3693 vero
793 3636 1234 3705 excusantibus,
1259 3639 1536 3710 opinatus
1555 3639 1754 3695 statim
1781 3639 1904 3695 fieri
1939 3657 2054 3696 non
2107 3659 2278 3713 posse

629 3727 774 3799 quin
808 3727 1048 3782 haberet
1069 3729 1336 3784 conscios
1367 3729 1469 3800 qui
1500 3734 1732 3784 tantum
1765 3745 1828 3785 se
1871 3730 1930 3784 in
1981 3735 2274 3787 certamen

630 3819 798 3873 daret
821 3817 1034 3888 cupide
1064 3817 1350 3889 scriptum
1381 3817 1641 3873 oblatum
1674 3819 1883 3885 tenuit,
1907 3819 2275 3876 occasionem

628 3908 763 3974 inde
797 3906 908 3961 sibi
929 3908 1289 3962 nascituram
1314 3923 1615 3979 augurans
1635 3907 1844 3978 leonis,
1863 3910 2034 3980 cujus
2050 3914 2275 3966 tantam

627 3999 988 4068 experiretur
1019 3995 1322 4066 stevitiam,
1381 3996 1442 4052 in
1489 4001 1777 4067 potestate
1835 3997 2110 4053 habendi.
2145 3998 2275 4054 Mox

626 4087 774 4141 diem
791 4085 1149 4157 praescripsit
1179 4087 1454 4141 examini.
1487 4085 1759 4157 Capitula
1788 4086 1984 4142 libello
2015 4104 2276 4160 compre-

625 4177 808 4232 hensa
839 4175 960 4230 haec
1002 4176 1181 4230 ferme
1212 4181 1400 4245 erant,
1433 4176 1717 4248 primum,
1743 4193 1812 4232 ex
1843 4177 2128 4248 principio
2148 4194 2272 4233 ma-

624 4265 827 4320 tutinae
856 4264 1008 4322 258
1042 4264 1373 4336 hymnodie
1431 4265 1729 4336 psalmum
1789 4281 1892 4336 pro
1922 4265 2275 4338 imperatore

625 4357 879 4411 recisum
905 4372 937 4409 a
963 4354 1563 4426 patriarcha,jubente
1589 4354 1715 4410 solo
1732 4355 2000 4427 Trisagio
2020 4361 2078 4412 et
2097 4374 2277 4429 super

625 4462 692 4501 eo
724 4431 1292 4500 commemoratione
1349 4444 1697 4516 prooemium
1756 4444 2002 4500 absolvi.
2058 4447 2276 4501 Secun-

2395 1921 2688 1990 τελεῖσθαι,
2747 1923 2838 1976 καὶ
2894 1921 3055 1983 αὐτὸς
3106 1921 3325 1992 ἀθετοίη
3387 1919 3555 1977 πάλιν
3610 1920 3684 1981 ὡς
3742 1917 4053 1994 αὐτάρκους

2398 2007 2807 2072 δοκοῦντοςτοῦ
2855 2011 3140 2086 τρισαγίου
3195 2010 3288 2066 σὺν
3341 2015 3422 2083 τῷ
3469 2010 3806 2084 μνημοσύνῳ
3838 2009 3915 2069 εἰς
3955 2009 4051 2063 εὑ-

2396 2105 2506 2174 χῆς
2537 2098 2884 2174 ἐκπλήρωσιν
2921 2119 2934 2132 ·
2965 2099 3055 2154 καὶ
3089 2097 3308 2161 δικαίως
3331 2098 3391 2153 ἂν
3451 2098 3942 2174 ἀπολογησόμενος
4005 2097 4054 2152 εἰ

2395 2187 2486 2242 καὶ
2541 2192 2702 2242 τοῦτο
2759 2186 2954 2258 τελοίη
3011 2188 3155 2243 οὕτω
3208 2188 3306 2242 τοῦ
3335 2185 3608 2262 βασιλέως
3639 2186 3894 2261 ἔχοντος,
3928 2190 4052 2246 πῶς

2397 2276 2456 2330 ἃν
2515 2274 2742 2338 δικαίως
2798 2275 3088 2352 ἐγιαλοῖτο
3137 2276 3394 2354 καθυφεὶς
3448 2280 3548 2331 τοῦ
3594 2275 3932 2344 παντός;τὸ
3994 2272 4052 2328 δὲ

2393 2364 2526 2428 τοὺς
2553 2369 2649 2419 τοῦ
2672 2365 2916 2421 Σουλτὰν
2951 2363 3038 2420 ἐπὶ
3065 2369 3144 2437 τῷ
3172 2368 3394 2440 λουτρῷ
3427 2364 3681 2420 λούεσθαι
3735 2364 3894 2418 αὐτὸν
3951 2364 4048 2434 μὶν

2399 2456 2528 2528 μήτ’
2554 2452 2753 2510 είδᾶναι
2797 2457 2936 2527 μήτε
2990 2453 3255 2512 κελεύειν.
3288 2479 3318 2506 α
3351 2454 3498 2516 Τἐως
3558 2452 3782 2514 δικαίως
3839 2451 3903 2506 ἃν
3961 2452 4054 2506 ἐκ-

2394 2544 2664 2599 κλείοιντο
2694 2543 2912 2599 πάντων
2942 2543 3140 2600 ἐκεῖνοι
3173 2548 3279 2598 τῶν
3330 2541 3599 2617 λοετρῶν,
3630 2542 3741 2617 οὐχ
3784 2541 3952 2610 ἦττον
4013 2543 4050 2611 ἢ

2393 2639 2490 2690 τοῦ
2519 2637 2618 2699 τῆς
2647 2631 2966 2704 ἐκκλησίας,
2994 2633 3068 2696 ὠς
3091 2639 3200 2690 τῶν
3233 2630 3422 2695 ἄλλων
3467 2633 3606 2707 πρὸς
3663 2637 3780 2692 τοῖς
3834 2630 4050 2706 χαράγ-

2400 2746 2528 2799 μασι
2567 2728 2664 2779 τοῦ
2693 2728 2926 2798 σταυροῦ
2954 2725 3044 2780 καὶ
3094 2723 3321 2779 εἰκόνων
3382 2718 3790 2798 εὖμοιρούντων
3849 2720 4048 2796 ἁγίων.

2387 2933 2518 2985 tene
2540 2926 2898 3001 quiescebat.
2930 2926 2998 2980 At
3024 2923 3342 2995 imperator
3370 2922 3634 2978 admissa
3663 2923 3843 2979 semel
3873 2919 4042 2978 dela-

2388 3018 2548 3074 tione
2577 3015 2934 3088 scriptisque
2964 3011 3347 3069 accusatoriis
3377 3011 3649 3082 receptis,
3683 3027 4048 3084 congregra-

2389 3108 2474 3162 vit
2502 3107 2810 3178 episcopos
2837 3104 3088 3159 aliarum
3117 3101 3356 3157 urbium
3381 3101 3484 3172 qui
3524 3105 3668 3157 tunc
3698 3101 4046 3158 Constanti-

2392 3195 2590 3268 nopoli
2620 3199 2761 3251 sunt
2791 3191 3026 3265 reperti,
3057 3189 3260 3263 eisque
3287 3190 3358 3245 ad
3381 3189 3648 3245 notitiam
3676 3189 3896 3260 scripta
3921 3190 4046 3244 sibi

2391 3287 2607 3341 tradita
2630 3283 2897 3357 protulit,
2911 3286 2970 3338 et
2981 3283 3046 3336 ut
3061 3278 3454 3336 communiter
3473 3294 3678 3335 secum
3701 3279 4047 3334 considera-

2388 3380 2519 3433 rent
2549 3374 2690 3447 quid
2723 3372 2836 3429 sibi
2895 3374 3048 3427 esset
3092 3368 3428 3425 faciendum
3460 3367 3648 3439 petiit.
3696 3367 3821 3425 Non
3875 3367 4045 3424 enim

2385 3471 2512 3522 erat
2541 3481 2647 3520 cur
2664 3461 2997 3518 diﬂerretur
3016 3458 3319 3530 negotium
3340 3473 3458 3529 quo
3478 3457 3705 3513 dudum
3736 3457 4049 3528 aspirabat

2382 3557 2538 3611 viam
2570 3553 2855 3625 pandens,
2889 3550 2998 3608 etsi
3025 3565 3144 3604 non
3175 3549 3484 3604 videbatur
3504 3546 3806 3603 sufﬁciens
3828 3547 3900 3601 ad
3915 3552 4045 3602 ter-

2385 3645 2633 3699 rendum
2666 3639 3083 3713 patriarcham.
3117 3636 3218 3692 Ille
3275 3636 3517 3708 quippe,
3549 3640 3851 3706 utcunque
3881 3651 4045 3690 non-

2382 3734 2524 3789 dum
2556 3731 2772 3787 citatus
2811 3729 2882 3784 ad
2911 3743 3015 3799 pro
3048 3742 3111 3782 se
3137 3726 3476 3791 dicendum,
3511 3723 3907 3795 respondebat
3927 3724 4039 3780 ob-

2375 3821 2570 3895 jectis,
2596 3821 2668 3876 ad
2692 3819 2950 3892 primum
2981 3816 3218 3889 quidem
3251 3815 3324 3871 de
3349 3813 3602 3887 psalmo,
3633 3813 3801 3869 aiens
3831 3829 3895 3868 se
3925 3829 4042 3868 au-

2381 3916 2598 3967 ctorem
2630 3909 2816 3964 fuisse
2844 3907 3016 3962 istius
3042 3903 3257 3976 psalmi
3287 3901 3394 3958 tsli
3424 3907 3692 3975 tempore
3731 3901 4040 3971 cantandi,

2381 4005 2440 4058 et
2469 4015 2602 4055 cum
2634 4002 2808 4053 antea
2835 3994 2981 4052 solis
3010 4011 3045 4049 α
3074 3990 3383 4048 monachis
3422 3991 3482 4046 id
3533 3991 3658 4046 ﬁeri
3689 3991 4040 4046 consuevis-

2381 4095 2490 4156 set,
2527 4087 2782 4160 primum
2815 4101 2879 4141 se
2909 4085 2970 4139 in
3001 4081 3273 4139 Ecclesia
3300 4096 3475 4136 usum
3521 4079 3846 4135 induxisse.
3875 4080 4040 4137 250

2382 4180 2592 4235 Verum
2623 4176 2992 4233 eumdemse
3023 4171 3080 4227 id
3114 4175 3320 4244 postea
3347 4169 3716 4240 improbasse
3761 4185 4042 4224 revocas-

2381 4283 2583 4340 seque,
2632 4265 2784 4337 quod
2847 4261 3116 4319 sulﬁcere
3166 4259 3463 4315 videretur
3517 4259 3849 4330 Trisagium
3894 4275 4039 4314 cum

2381 4353 2937 4414 commemoratione
2966 4352 3040 4407 ad
3072 4348 3356 4406 orationis
3405 4347 3818 4419 expiationem.
3877 4351 4038 4402 Pre-

2382 4452 2540 4502 terea
2572 4444 2620 4500 si
2651 4443 2770 4499 alia
2798 4442 2936 4497 {acti
2970 4440 3147 4511 hujus
3174 4437 3440 4493 defensio
3463 4437 3710 4505 deesset,
3737 4435 3840 4491 illa
3859 4452 3922 4491 se
3947 4438 4042 4493 uti

624 4535 793 4602 dum,
827 4533 1079 4588 nimium
1114 4549 1175 4588 se
1207 4549 1564 4605 propensum
1597 4533 2017 4589 etfamiliarem
2043 4533 2270 4590 Sultani
2303 4598 2340 4607 κ
2376 4538 2541 4607 justa
2563 4534 2828 4606 potuisse
2850 4545 3030 4603 quam
3052 4531 3395 4600 suggereret
3411 4542 3668 4598 presens
3688 4530 3879 4580 status
3922 4525 4042 4581 im-

627 4598 970 4694 praeb'uisse,
1001 4623 1146 4678 adeo
1178 4598 1240 4676 ut
1270 4598 1334 4677 ei
1355 4627 1412 4677 et
1439 4623 1753 4678 comitibus
1783 4623 2116 4694 permiserit
2163 4642 2269 4680 saa-
2300 4598 2348 4662 D
2376 4598 2692 4698 peratoris;
2714 4622 2814 4694 qui
2845 4598 2962 4692 quo
2986 4598 3321 4690 jure‘q—ueri
3373 4620 3576 4688 posset
3631 4613 3935 4670 exclusum
3965 4631 4033 4670 se

623 4713 756 4785 pius
788 4712 968 4767 lavari
1001 4712 1059 4765 in
1092 4711 1320 4767 lavacro
1351 4711 1629 4778 ecclesias,
1659 4713 1758 4767 ubi
1791 4718 1933 4768 sunt
1970 4713 2140 4785 signa
2181 4730 2272 4769 ve-

625 4801 899 4857 nerandae
929 4801 1124 4856 crucis
1155 4801 1554 4856 marmoribus
1598 4801 1915 4874 insculpta,
1975 4820 2110 4858 cum
2170 4803 2268 4860 isti

619 4896 820 4948 essent
848 4891 1096 4964 Agareni
1142 4897 1198 4947 et
1250 4891 1466 4948 Christi
1517 4892 1929 4962 mysteriorum
1985 4898 2267 4964 expertes.

628 4983 914 5052 Tertium,
944 4983 1095 5053 quod
1129 4981 1269 5038 filiis
1299 4982 1428 5052 ejus
1459 4982 1884 5038 communicari
1935 4999 2037 5055 per
2095 5001 2266 5039 suum

622 5073 978 5127 monachum
1010 5087 1209 5126 sacras
1243 5071 1623 5126 Eucharistim
1657 5071 1940 5143 reliquias
1963 5073 2268 5142 jussisset,

619 5179 753 5217 cum
788 5179 902 5216 non
935 5165 1230 5216 constaret
1259 5178 1332 5215 an
1360 5177 1528 5216 sacro
1561 5161 1856 5232 baptismo
1881 5162 2092 5216 initiati
2124 5163 2270 5217 fuis-

619 5258 772 5307 scut.
798 5256 1201 5322 Praetereaque
1234 5251 1360 5322 ipse
1391 5250 1582 5306 sultan
1636 5267 1769 5306 cum
1831 5251 1957 5306 suis
2017 5253 2270 5323 satrapis

619 5360 723 5413 per
763 5341 1114 5396 matutinum
1174 5340 1492 5412 splendidis
1553 5357 1896 5412 magnasque
1954 5340 2270 5396 Dominicaa

622 5431 968 5502 patriarchas
1000 5430 1240 5486 litanias
1271 5430 1589 5486 celebranti
1633 5429 1920 5484 adfuisset
1975 5435 2034 5484 et
2090 5430 2267 5486 simul

622 5521 882 5575 Litanias
907 5520 1366 5576 recitassem!th
1395 5525 1454 5574 et
1481 5518 1539 5574 id
1567 5534 1755 5590 genus
1775 5518 1886 5573 alia
1918 5518 2116 5576 libello
2145 5521 2267 5576 ine-

619 5616 952 5666 runt.Porro
967 5610 1308 5682 patriarchae
1347 5609 1504 5664 haud
1549 5624 1972 5681 usquequaque
2000 5609 2266 5681 ignotum

617 5706 740 5756 erat
769 5700 906 5771 quid
941 5705 1278 5772 gereretur:
1311 5705 1509 5756 tamen
1543 5700 1595 5754 is
1625 5703 1818 5755 totum
1857 5699 1976 5756 Deo
2025 5700 2266 5771 permit-

2379 4713 2668 4788 particula
2698 4712 2954 4784 quadam
2984 4707 3522 4765 ecclesiasticarum
3573 4720 3834 4777 precum,
3868 4709 4037 4776 post-

2380 4820 2559 4876 quam
2595 4802 2884 4875 patientcr
2909 4803 2967 4856 et
2994 4797 3252 4854 demisse
3281 4795 3675 4868 acquievisset
3701 4807 4040 4849 excommu-

2380 4893 2683 4962 nicationi,
2725 4909 2845 4964 qua
2897 4889 3164 4947 omnium
3221 4899 3524 4942 sacrorum
3588 4883 4042 4957 participatione

2381 4981 2847 5041 arcereturYAd
2905 4977 3159 5035 sultanis
3213 4975 3462 5032 comites
3518 4974 3676 5046 quod
3732 4974 4035 5040 attineret,

2381 5076 2535 5130 lotos
2565 5088 2664 5128 eos
2694 5069 2954 5127 ecclesia
2982 5067 3191 5123 balneo
3215 5065 3438 5121 nescire
3476 5078 3561 5133 se,
3594 5077 3786 5135 neque
3815 5062 3872 5116 id
3896 5064 4033 5132 jus-

2388 5161 2856 5219 sisse.Caaterum
2886 5158 2938 5214 si
2968 5156 3222 5229 allegata
3249 5154 3398 5210 ratio
3425 5151 3664 5219 valeret,
3711 5151 4034 5208 excluden-

2379 5255 2488 5309 dos
2516 5268 2616 5307 eos
2645 5265 2776 5306 esse
2803 5248 3031 5304 cunctis
3061 5246 3281 5318 pariter
3309 5241 3476 5299 urbis
3496 5241 3744 5312 balneis,
3769 5257 3882 5296 non
3917 5241 4037 5296 mi-

2379 5357 2492 5396 nu
2523 5355 2701 5412 quam
2731 5337 2832 5393 illo
2864 5336 3019 5408 quod
3053 5334 3126 5390 ad
3155 5331 3462 5389 ecclesiam
3492 5329 3831 5402 pertineret,
3887 5344 4030 5384 cum

2380 5429 2504 5485 aliis
2535 5443 2772 5501 quoque
2814 5426 3077 5494 thermas,
3137 5426 3526 5495 preter-quam
3584 5417 3772 5491 signis
3831 5419 4029 5474 crucis

2379 5517 2688 5589 insculptas
2720 5516 2862 5581 sint,
2885 5513 3071 5570 sacris
3099 5511 3278 5568 etiam
3310 5508 3672 5581 imaginibus
3713 5511 4027 5564 ornentur.

2377 5609 2436 5664 Si
2469 5611 2666 5664 autem
2697 5605 2755 5660 id
2787 5620 2904 5660 non
2935 5603 3134 5660 obstat
3151 5599 3478 5671 quominus
3515 5597 3611 5670 iis,
3643 5597 4027 5669 quantumvis

2376 5713 2522 5754 vero
2554 5693 2859 5766 religionis
2888 5691 3250 5765 expertibus,
3280 5700 3428 5744 usus
3457 5687 3834 5759 permittatur
3875 5685 4027 5743 alic-
