4246 6446
183 355 292 412 705

1227 360 1324 413 DE
1360 359 1733 414 MICHAELB
1768 358 2217 415 PALBOLOGO
2250 361 2385 414 LIB.
2426 362 2523 415 IV.

3486 372 3593 425 700

179 480 242 537 El
301 478 362 537 δὶ
415 478 599 536 τᾶλλα
653 479 832 557 σφίσιν
892 482 1100 536 ἀνεῖται
1156 480 1246 535 καὶ
1275 476 1523 536 ἀσεϐέσιν
1557 478 1728 548 οὖσιν,
1758 478 1834 541 εις
1865 487 1917 553 Α
1947 477 1999 541 ἐς
2060 483 2222 553 μέσον
2271 485 2482 559 παριὼν
2513 484 2608 538 τὸν
2658 480 2921 540 λίϐελλον
2973 486 3306 562 προῦτεινεν,
3336 492 3363 545 ὁ
3396 491 3442 546 δ’
3472 496 3594 549 eivs-

177 571 229 626 τί
259 576 359 627 τοῦ
387 574 489 641 τῆς
520 570 815 642 ἐκκλησίας
863 568 1172 644 λουτρῶνος
1203 568 1673 645 ἐκδιωχοήσονται
1702 598 1715 639 ;
1766 572 1842 628 Τὸ

184 658 241 715 δδ
285 666 369 733 τῷ
421 660 669 716 Σουλτάν
700 662 791 716 καὶ
820 667 941 723 τοῖς
983 659 1150 717 υἱέσιν
1184 661 1257 721 ὡς
1287 664 1641 734 Χριστιανοῖς
1674 677 1840 733 προσ-

182 749 436 825 φέρεσθαι
485 750 787 827 ἀρχιερέως
841 752 936 824 μὶν
981 754 1385 825 μαρτυροῦντος
1416 754 1512 804 τοῦ
1564 744 1843 809 Πισσιδίας

183 836 475 901 ἀνεύθυνον
523 838 710 909 οἷμαν
768 836 815 892 εί
875 834 921 892 δ’
978 835 1166 897 ἄλλως
1222 835 1544 913 ἐλέγχοιντο
1599 831 1840 909 ἔχοντες,

183 926 394 981 ἐκείνου
443 925 535 980 καὶ
567 924 760 998 μόνου,
792 924 918 981 ἀλλ’
953 924 1054 979 οὐκ
1077 924 1213 997 ἐμὸν
1239 925 1306 980 τὸ
1356 924 1776 996 πλημμέλημα.
1815 949 1837 975 ι

179 1013 343 1071 Ἀλλ’
402 1016 516 1088 οὐχ
571 1015 732 1069 ἱκανά
786 1018 957 1069 ταῦτα
996 1018 1115 1075 τοῖς
1165 1014 1304 1091 ἀμφὶ
1334 1015 1427 1068 τὸν
1462 1009 1689 1087 βασιλέα
1717 1010 1841 1067 ἐδό-

179 1124 309 1158 κουν
367 1103 466 1166 τὰς
522 1102 744 1167 εὐθύνας
801 1102 1072 1173 ἐξελέσθαι
1128 1102 1209 1173 τῷ
1284 1102 1601 1177 πατριάρχῃ
1629 1145 1643 1172 ,
1697 1100 1845 1156 ἀλλά

183 1190 415 1247 σύνοδον
469 1188 639 1259 ἤθελε
690 1197 1008 1266 συγκροτεῖν
1067 1190 1120 1261 ἐξ
1180 1192 1428 1245 ἀπάντων
1485 1195 1594 1245 τῶν
1650 1193 1843 1266 ἀρχιε-

184 1282 347 1352 ρέων,
405 1281 693 1353 παρόντων
752 1278 980 1344 ἐνταῦθα
1035 1280 1129 1334 καὶ
1181 1283 1541 1355 πατριαρχῶν
1579 1276 1697 1347 δύο,
1749 1283 1846 1333 τοῦ

180 1390 238 1424 τε
270 1366 681 1443 Ἀλεξανδρείας
710 1370 993 1425 Νικολάου
1041 1368 1134 1423 καὶ
1185 1372 1283 1423 τοῦ
1340 1368 1681 1442 Ἀντιοχείας
1738 1367 1845 1423 Εὐ-

183 1455 404 1528 θυμίου.
463 1457 627 1521 ’Ὅθεν
657 1457 749 1511 καὶ
785 1453 1096 1531 βασιλικαῖς
1130 1450 1432 1519 συλλαϐαῖς
1463 1454 1847 1527 μετεστέλλετο

182 1546 316 1608 τοὺς
372 1547 651 1621 ἀρχιερεῖς
702 1545 1065 1620 πανταχόθεν,
1122 1544 1262 1599 ὥστε
1306 1544 1707 1618 παρῳχηκυίας
1749 1546 1850 1611 τῆς

186 1633 389 1709 ἑορτῆς
418 1635 792 1708 ἀνυπερθέτως
842 1634 1079 1703 ἀπαντᾷν
1131 1633 1356 1701 πάντας,
1408 1630 1682 1705 μηδεμιᾶς
1711 1652 1848 1707 προ-

188 1724 408 1801 φάσεως
458 1723 889 1799 ἀποχρησούσης
945 1722 1084 1792 πρὸς
1125 1722 1476 1797 παραίτησιν.
1528 1723 1674 1794 Ἅμα
1720 1726 1847 1796 γοῦν

185 1812 386 1885 τελείῳ
427 1812 524 1887 ἦρι
573 1819 896 1886 συνήγοντο,
950 1813 1040 1866 καὶ
1081 1813 1150 1866 τὰ
1195 1811 1333 1866 κατά
1375 1812 1467 1866 τὸν
1501 1812 1848 1885 πατριάρχην

190 1906 542 1976 συναχθεῖσιν
573 1900 996 1974 ἐπιμελέστερον
1024 1900 1276 1958 ἐκινεῖτο.

191 2044 257 2105 δ’.
288 2048 483 2109 Ὅπως
514 2045 603 2101 καὶ
636 2044 773 2100 ὅπου
804 2044 1100 2138 ἐζητοῦντο
1130 2044 1197 2098 τὰ
1225 2044 1360 2100 κατά
1388 2044 1478 2099 τδν
1502 2045 1846 2120 πατριάρχην

896 2119 1174 2192 Αρσένιον.

262 2261 445 2324 Τόπος
474 2258 533 2315 δὶ
559 2265 659 2329 τῆς
689 2258 867 2315 αὐτῶν
901 2256 1130 2314 συνόδου
1162 2259 1191 2313 ὁ
1226 2259 1510 2333 βασιλικὸς
1541 2258 1853 2332 Ἀλεξιακὸς

189 2350 477 2425 τρίκλινος
507 2349 599 2420 ἦν,
626 2348 717 2405 ’ίνα
743 2349 833 2405 καὶ
865 2345 1217 2424 προύκᾶθητο
1253 2350 1350 2422 μὶν
1382 2351 1411 2403 ὁ
1456 2353 1689 2423 κρατῶν,
1723 2370 1851 2424 συγ-

190 2440 488 2509 καθέζοντο
520 2436 578 2494 δὶ
622 2440 711 2493 καὶ
745 2439 799 2492 οἱ
834 2444 1148 2512 μεγιστᾶνες
1193 2438 1283 2493 καὶ
1314 2437 1440 2493 ὅσον
1469 2437 1520 2493 ἐν
1556 2438 1853 2511 ἀξιώμασιν

191 2529 287 2598 ἦν,
310 2526 658 2603 συνεδρίαζον
680 2529 766 2599 [Ρ.
794 2528 921 2599 176]
943 2525 989 2582 δ’
1013 2527 1065 2582 οἱ
1087 2527 1386 2603 ἀρχιερεῖς,
1416 2528 1507 2581 καὶ
1538 2532 1644 2581 πᾶν
1673 2528 1736 2581 τὸ
1756 2532 1857 2596 τῆς

195 2616 515 2693 συγκλήτου
564 2616 915 2692 παρίσταντο.
981 2622 1227 2685 Συνῆσαν
1268 2612 1326 2669 δὲ
1381 2614 1471 2669 καὶ
1517 2614 1624 2669 ἀπὸ
1671 2620 1855 2669 πασῶν

194 2712 305 2764 τῶν
344 2711 525 2781 μονῶν
558 2707 611 2762 οἱ
641 2702 981 2781 προῦχοντες
1013 2706 1275 2780 μονήρεις
1308 2706 1519 2777 συνάμα
1560 2710 1677 2766 τοῖς
1708 2708 1854 2781 σφῶν

194 2800 562 2871 προεστῶσιν.
625 2792 785 2852 Ἀλλ’
835 2791 965 2848 οὐδὲ
1018 2794 1081 2848 τὸ
1137 2799 1236 2863 τῆς
1293 2790 1573 2857 πολιτείας
1631 2791 1755 2847 ὅσον
1788 2792 1856 2862 ἦν

194 2885 491 2964 περιφανὶς
540 2885 630 2942 καὶ
690 2881 866 2955 δῆλον
914 2882 1077 2952 ἀπῆν.
1136 2884 1243 2939 Καὶ
1298 2884 1326 2937 ὁ
1379 2883 1473 2956 μὲν
1534 2886 1854 2958 κατηγορῶν

1944 569 2212 643 γινώσκτο
2271 569 2360 625 ἐπὶ
2417 573 2671 629 πάντων.
2731 574 2835 629 Καὶ
2897 574 3012 629 ἐπεὶ
3070 575 3243 632 ἐδόκει
3301 582 3594 654 προκαλεῖ-

1947 658 2065 711 σθαι
2116 659 2206 712 καὶ
2245 660 2337 714 τὸν
2368 660 2741 736 πατριάρχην,
2792 661 3099 735 πέμποντες
3147 674 3293 740 τρεῖς
3348 670 3441 740 μὲν
3491 676 3597 725 τῶν

1947 746 2270 822 ἀρχιερέων,
2301 755 2449 824 τρεῖς
2480 747 2538 803 δὲ
2565 756 2672 804 τῶν
2710 750 2992 826 κληρικῶν
3023 756 3397 827 προσεκάλουν
3428 761 3600 814 ἀπαν-

1944 838 2182 908 τήσαντα
2227 840 2365 915 πρὸς
2411 840 2708 917 ἀπόλογον.
2759 843 2821 899 Ὀ
2859 840 2907 897 δ’
2955 844 3167 899 ἀνένευε
3207 849 3456 921 πάμπαν,
3510 850 3599 905 καί

1946 946 2006 1000 γε
2034 928 2212 1001 κρίσιν
2246 929 2341 1000 μὲν
2393 932 2467 1001 μὴ
2500 933 2899 1005 παραιτεῖσθαι,
2929 934 3132 1007 τρόπον
3171 934 3229 990 δὲ
3257 938 3482 1010 κρίσεως
3512 941 3598 994 καὶ

1947 1016 2116 1071 τόπον
2146 1018 2237 1071 καὶ
2278 1021 2545 1092 πρόσωπα
2592 1021 2805 1097 φεύγειν
2858 1021 3038 1098 ἔλεγε,
3084 1026 3174 1080 καὶ
3226 1025 3471 1099 δικαίως,
3531 1034 3604 1092 ὡς

1951 1101 2182 1167 οἴεσθαιο
2233 1108 2581 1183 πατριάρχην
2616 1109 2709 1180 μὲν
2759 1111 2859 1185 γὰρ
2888 1112 3159 1185 κρίνεσθαι
3190 1117 3459 1190 παρόντος
3511 1120 3605 1189 μὲν

1955 1190 2250 1263 βασιλέως,
2280 1194 2563 1268 παρόντων
2598 1193 2655 1251 δὲ
2690 1200 3020 1271 μεγιστάνων
3065 1201 3155 1254 καὶ
3188 1210 3489 1275 κοσμικῶν,
3517 1206 3605 1260 καὶ

1951 1277 2004 1331 ἐν
2038 1280 2382 1355 ἀνακτόροις,
2412 1282 2502 1336 καὶ
2551 1287 2719 1338 ταῦτα
2748 1285 2839 1339 καὶ
2874 1286 3142 1361 βασιλέως
3172 1289 3347 1351 οὕτως
3379 1292 3606 1366 ἐχοντος

1949 1368 2040 1421 καὶ
2071 1368 2146 1430 εἰς
2178 1368 2381 1441 ἄμυναν
2410 1370 2883 1445 προειλημμὲνου,
2918 1375 3017 1430 οὐκ
3046 1377 3193 1446 ἄξιον
3233 1378 3356 1433 οὐδὲ
3385 1387 3489 1434 τῶν
3526 1381 3606 1436 δι-

1950 1456 2118 1511 καίων
2168 1459 2299 1514 εἶναι
2346 1461 2409 1513 τὸ
2442 1461 2679 1531 σύμπαν.
2712 1467 2888 1517 Ταῦτα
2916 1466 3051 1537 πρὸς
3087 1466 3213 1527 τοὺς
3261 1469 3607 1543 ἀπεσταλμὲ-

1951 1565 2076 1606 νους
2103 1551 2199 1599 τοῦ
2238 1549 2584 1623 πατριάρχου
2618 1548 2897 1623 λὲγοντος,
2931 1558 3112 1628 γραφῇ
3149 1553 3389 1610 ἐδίδοντο
3419 1560 3485 1611 τὰ
3517 1559 3606 1613 λε-

1952 1633 2179 1709 γόμενα,
2211 1637 2285 1696 ὡς
2319 1638 2395 1707 μή
2426 1658 2478 1690 τι
2510 1640 2967 1715 συκοφαντηθείη.
3000 1644 3066 1697 Ol
3100 1641 3147 1696 δ’
3182 1646 3609 1720 ὑποστρέφοντες

1954 1719 2191 1791 ἐδήλουν
2223 1723 2397 1779 πάντα
2448 1727 2563 1798 μετ’
2594 1709 2886 1790 ἀσφαλείας
2927 1735 3046 1791 τοῖς
3091 1709 3466 1804 ἀποστείλασί,
3520 1709 3609 1792 καί

1882 1841 1925 1909 Β
1954 1808 2230 1886 σύλλογος
2268 1810 2534 1870 διελύετο.
2587 1814 2765 1872 Τοῦτο
2797 1814 2879 1879 δὶς
2931 1820 3042 1873 εἶτα
3089 1821 3177 1874 καὶ
3222 1824 3338 1897 τρὶς
3388 1827 3610 1899 γεγονὸς

1959 1893 1983 1914 ὀ

1956 1900 2018 1951 ἔκ
2070 1918 2233 1953 τινων
2285 1906 2585 1975 καιριακῶν
2645 1900 3058 1977 διαλειμμάτων
3119 1906 3306 1981 (ἔμελε
3361 1914 3461 1987 γὰρ
3520 1915 3610 1967 καὶ

1954 1987 2197 2042 κανόνων
2236 1987 2466 2053 ἐκείνοις
2492 1995 2716 2046 τοιαῦτα
2744 1993 3097 2069 πράττουσιν)
3145 1997 3301 2053 οὐῖὶν
3332 2001 3397 2066 ἧν
3441 2000 3609 2056 πλέον

1958 2075 2021 2130 ἐκ
2066 2075 2275 2132 τούτων
2324 2078 2406 2133 ὅτι
2469 2080 2546 2149 μὴ
2577 2081 2669 2135 τὸν
2722 2084 3065 2160 πατριάρχην
3099 2093 3470 2161 παραιτεῖσθαι
3517 2094 3607 2146 τὸν

1956 2164 2159 2239 τρόπον
2207 2170 2310 2232 τῆς
2354 2168 2606 2243 κρίσεως,
2649 2168 2778 2232 τοὺς
2812 2169 2857 2225 δ’
2901 2172 3339 2231 ἀντεπιστέλλειν
3400 2178 3606 2253 ἐκείνῳ,

1961 2254 2036 2316 ὡς
2065 2255 2552 2332 ἐπιστημονάρχου
2602 2263 2699 2313 τοῦ
2750 2260 3019 2335 βασιλέως
3062 2264 3197 2319 εἶναι
3228 2263 3612 2340 δικαιουμένου

1960 2341 2014 2397 ἐν
2038 2350 2157 2406 τοῖς
2202 2343 2679 2416 ἐκκλησιαστικαῖς
2730 2350 3049 2425 πράγμασι,.
3089 2355 3164 2424 μὴ
3222 2352 3428 2409 δίκαιον
3483 2360 3616 2411 εἶναι

1966 2435 2097 2512 μηδ’
2128 2434 2358 2512 εὔλογον
2386 2438 2455 2493 τά
2481 2444 2705 2495 τοιαῦτα
2738 2440 2944 2515 μέγιστ’
2975 2440 3104 2498 ὄντα
3157 2443 3289 2520 δίχα
3328 2449 3615 2522 βασιλικῆς

1965 2526 2272 2589 ἐπιστασίας
2301 2529 2585 2592 κινεῖσθαι.

1968 2676 2023 2726 ε’.
2056 2670 2325 2754 Ὅπωςηὸ
2376 2670 2727 2754 πατριάρχης
2764 2672 2911 2754 ιπρὸς
2959 2674 3185 2754 βασιλέα
3229 2677 3477 2754 ἀφίκοιτο
3526 2682 3616 2737 καὶ

2263 2740 2413 2803 ὅπως
2446 2740 2591 2817 παρᾶ
2621 2740 2829 2818 μικρὸν
2848 2740 3302 2823 παραλογισοείηί

2038 2883 2125 2939 Ἐν
2179 2881 2291 2955 ὅσῳ
2323 2880 2381 2937 δὲ
2420 2885 2570 2939 ταῦτ’
2617 2882 2930 2959 ἐπράττετο,
2982 2887 3239 2961 ἐννοήσας
3292 2894 3320 2947 ὁ
3352 2897 3617 2971 πατριάρ-

197 3102 333 3144 rum
365 3083 907 3156 lavanrorum,quid
939 3088 1032 3140 est
1058 3098 1165 3140 cur
1203 3080 1566 3154 repellantur
1582 3083 1658 3138 ah
1680 3081 1857 3139 eccle-
1888 3091 1932 3153 ί]
1969 3098 2210 3140 causam
2234 3084 2566 3141 dicendam.
2590 3086 2691 3143 Ille
2713 3091 2910 3146 autem
2931 3092 3173 3149 omnino
3193 3095 3393 3152 venire
3411 3100 3623 3170 renuit,

197 3175 304 3232 sia
355 3172 611 3232 balneo?
663 3171 930 3244 Denique
978 3187 1115 3229 eum
1166 3170 1398 3228 sultane
1441 3176 1500 3227 et
1544 3172 1673 3243 ejus
1722 3171 1866 3228 ﬁliis

196 3270 489 3336 tanquam
520 3278 656 3319 cum
703 3260 1061 3320 Christianis
1101 3261 1296 3333 egisse
1343 3260 1864 3333 irreprehensibile

196 3351 704 3424 videri,quoniam
733 3350 794 3407 id
827 3353 1068 3408 auctore
1096 3350 1307 3407 idoneo
1339 3349 1561 3418 Iecerit,
1592 3350 1863 3422 episcopo

200 3442 480 3500 videlicet
507 3440 744 3499 Pisidis:
771 3439 924 3497 tales
953 3439 1086 3496 illos
1117 3456 1247 3496 esse
1275 3444 1549 3497 testante.
1596 3440 1762 3504 Quod
1811 3440 1863 3496 si

193 3534 330 3602 jam
351 3531 704 3589 ostendatur
720 3546 1093 3602 nequaquam
1107 3529 1269 3600 ipsos
1283 3527 1465 3585 fuisse
1476 3527 1861 3596 Christianos,

194 3621 285 3676 illi
318 3621 434 3677 soli
468 3620 841 3688 ascribenda,
873 3635 992 3675 non
1024 3619 1169 3674 mihi
1202 3619 1334 3688 ejus
1366 3618 1505 3675 facti
1534 3618 1707 3689 culpa
1739 3619 1859 3674 fue-

194 3712 295 3766 rit.
330 3710 447 3767 Sed
477 3709 565 3764 ha
596 3708 970 3765 defensiones
1028 3706 1373 3780 imperatori
1415 3724 1532 3763 non
1578 3706 1861 3763 videban-

194 3804 296 3855 tur
324 3798 693 3855 sufiieientes
718 3799 792 3856 ad
820 3797 1200 3870 purgandum
1247 3796 1644 3868 patriarchsm
1695 3812 1709 3851 :
1760 3812 1861 3853 ve-

202 3905 339 3944 rum
356 3887 616 3945 decrevit
645 3902 1005 3959 congregare
1028 3886 1320 3959 synodum
1344 3884 1609 3941 omnium
1626 3884 1862 3941 antisti-

196 3982 352 4046 tum,
382 3976 483 4033 cui
503 3976 858 4032 interessent
879 3975 997 4031 duo
1030 3973 1400 4047 patriarchre,
1430 3973 1862 4031 Alexandrinus

195 4066 478 4123 Nicotaus
506 4070 566 4122 et
592 4064 996 4122 Antioeheuus
1024 4064 1399 4136 Euthymius.
1432 4066 1636 4135 Itaque
1682 4062 1861 4135 regiis

201 4155 421 4212 litteris
442 4154 785 4211 convocavit
805 4153 1067 4225 undique
1089 4153 1371 4225 praesules
1390 4157 1459 4209 ut
1484 4157 1618 4225 post
1644 4153 1859 4209 festum

193 4246 331 4302 sine
363 4260 530 4301 mora
559 4242 961 4311 convenirent,
994 4241 1157 4299 nullo
1186 4245 1467 4314 praetextu
1498 4242 1575 4297 ad
1623 4257 1859 4299 recusa.

195 4335 427 4391 tionem
460 4333 618 4390 200
647 4333 990 4412 sutIecturo.
1022 4330 1203 4387 Pleno
1249 4331 1435 4402 igitur
1473 4347 1606 4387 vere
1653 4346 1858 4387 conve-

198 4426 445 4488 nerunt,
475 4426 533 4478 et
563 4436 741 4477 causa
769 4418 1114 4492 patriarchae
1145 4417 1414 4475 ventilari
1453 4435 1488 4474 a
1535 4433 1861 4491 congrega-

196 4513 281 4570 tis
310 4515 409 4568 est
434 4515 648 4584 ncepta.

198 4613 255 4668 4.
288 4610 604 4681 Quaadeet
646 4608 748 4667 ubi
790 4608 1096 4737 .1»;QO
1140 4608 1206 4664 de
1248 4606 1584 4680 patriarcha
1627 4608 1861 4665 Arsanio

454 4696 457 4701 ·
988 4698 1014 4737 s
1068 4721 1081 4737 .

454 4696 457 4701 ’
988 4696 1081 4737 διε.

277 4783 474 4839 Locus
501 4780 709 4854 synodi
738 4781 969 4854 regium
998 4779 1335 4837 Alexiacum
1364 4778 1693 4836 triclinium
1722 4780 1857 4851 tuit,

202 4872 279 4929 ad
319 4872 379 4927 id
419 4870 685 4928 delectus
715 4876 781 4927 ut
812 4870 1123 4943 prasidere
1153 4873 1355 4941 posset
1382 4869 1722 4940 imperator.
1754 4873 1862 4924 As-

203 4961 487 5018 sidebant
508 4965 567 5017 et
585 4959 735 5017 aula
765 4966 1163 5031 magnetes,»
1190 4962 1481 5031 quotquot
1509 4957 1571 5014 in
1600 4957 1864 5030 dignita-

204 5051 373 5107 tibus
400 5054 587 5117 erant,
619 5049 797 5106 simul
823 5066 960 5105 cum
991 5047 1305 5120 episcopis.
1340 5048 1562 5103 Aderat
1584 5050 1643 5103 et
1690 5063 1862 5104 sena-

204 5146 307 5197 tus
338 5139 675 5206 universus,
709 5136 767 5195 et
794 5155 862 5194 ex
892 5139 1124 5194 cunctis
1155 5136 1531 5193 monasteriis
1581 5136 1862 5209 praecipui

207 5228 642 5285 monachorum
702 5244 838 5283 cum
888 5227 1017 5283 suis
1065 5226 1281 5298 quique
1341 5224 1705 5297 propositis;
1756 5241 1863 5282 nec

208 5318 460 5374 aberant
487 5303 769 5373 clariores
798 5315 1269 5385 illustrioresque
1298 5315 1537 5373 civium.
1570 5315 1639 5371 Et
1681 5331 1863 5371 accu-

204 5411 373 5464 sator
394 5406 638 5480 quidem
659 5406 721 5462 in
744 5406 1007 5463 medium
1030 5406 1307 5478 prodieus
1326 5403 1594 5461 libellum
1627 5404 1859 5461 obtulit.

206 5500 265 5553 Is
296 5497 531 5553 cunctis
562 5495 950 5553 audientibus
979 5495 1262 5551 recitatae
1290 5497 1566 5550 est.Tunc
1595 5511 1731 5550 cum
1773 5510 1861 5551 es-

204 5595 298 5644 set
340 5586 536 5643 visum
598 5587 769 5643 citari
815 5586 1030 5643 debere
1090 5584 1509 5657 patriarcham,
1559 5584 1862 5642 mittentes

205 5682 331 5735 tres
360 5676 671 5750 episcopos
698 5680 757 5734 et
783 5682 906 5733 tres
934 5674 1181 5732 clericos
1208 5673 1407 5748 ipsum
1453 5678 1741 5730 vocarunt
1788 5676 1862 5732 ad

1892 4465 1939 4530 D

1969 3188 2106 3229 cum
2131 3173 2352 3229 diceret
2376 3175 2665 3245 judicium
2710 3177 2950 3248 quidem
3000 3179 3158 3237 haud
3210 3200 3271 3239 se
3322 3202 3615 3257 recusare,

1968 3262 2213 3317 modum
2242 3267 2443 3318 autem
2475 3268 2533 3319 et
2577 3263 2773 3321 locum
2817 3267 3029 3337 judicii
3076 3287 3477 3345 personasque
3530 3278 3618 3333 fu-

1969 3365 2138 3421 gere,
2178 3368 2212 3407 a
2246 3368 2367 3425 qua
2396 3354 2733 3426 exceptione
2754 3357 2910 3426 juris
2958 3360 3183 3431 species
3232 3378 3345 3418 non
3397 3366 3619 3423 aberat.

1968 3440 2115 3496 Nam
2150 3441 2410 3511 judicari
2460 3442 2856 3514 patriarcham
2907 3454 3193 3518 praesente
3244 3451 3617 3523 imperatore,

1969 3531 2356 3600 praesentibus
2385 3533 2774 3603 optimatibus
2793 3540 2850 3590 et
2879 3537 3264 3594 saecularibus
3326 3546 3617 3613 personis,

1966 3618 2147 3690 idque
2175 3618 2235 3675 in
2265 3620 2503 3692 palatio,
2538 3624 2866 3693 praesrtim
2899 3625 3256 3698 imperatore
3280 3631 3363 3685 sic
3394 3636 3620 3689 consti-

1966 3711 2094 3763 tuto
2125 3711 2182 3763 et
2210 3707 2405 3780 palam
2439 3711 2809 3767 occasionem
2843 3712 3109 3772 vindictae
3141 3723 3432 3791 captante,
3470 3722 3623 3776 indi-

1967 3811 2150 3868 gnum
2178 3798 2509 3867 videbatur,
2531 3804 2589 3856 et
2618 3805 2739 3856 tota
2768 3818 2860 3858 res
2890 3802 3087 3874 inique
3135 3816 3491 3880 comparata.
3544 3814 3621 3868 Ea

1969 3902 2143 3957 porro
2164 3885 2441 3959 loquente
2461 3888 2792 3959 patriarcha
2824 3891 3027 3949 missis
3049 3910 3081 3949 a
3103 3899 3346 3967 synodo,
3379 3909 3619 3972 excepta

1967 3978 2109 4030 sunt
2128 3975 2349 4047 scripto
2368 3977 2546 4033 verba
2565 3978 2797 4049 ejus,ue
2819 3982 2959 4052 quid
2983 3982 3292 4040 calumniae
3307 3988 3619 4045 interveni-

1967 4072 2073 4119 ret.
2107 4065 2250 4121 Inde
2280 4066 2382 4137 qui
2411 4066 2582 4122 missi
2615 4068 2850 4125 fuerant
2875 4071 3188 4128 redeuntes
3222 4077 3291 4129 ad
3328 4080 3622 4149 synodum

1965 4157 2178 4209 cuncta
2196 4168 2267 4209 ex
2286 4154 2400 4210 fide
2420 4155 2748 4212 retulerunt
2767 4158 2839 4214 ad
2861 4174 2963 4215 eos
2985 4160 3087 4233 qui
3112 4162 3414 4233 miserant,
3436 4173 3490 4223 et
3513 4185 3624 4224 coe—

1962 4244 2062 4298 tus
2091 4241 2323 4299 solutus
2351 4249 2461 4300 est.
2494 4245 2658 4302 Idem
2687 4246 2899 4304 iterum
2930 4254 2988 4305 et
3016 4252 3188 4308 tertio
3238 4259 3327 4310 est
3379 4257 3621 4329 factum,

1964 4331 2141 4388 certis
2183 4331 2509 4390 intervallis
2539 4336 2827 4408 temporis
2858 4338 3223 4411 interpositis
3260 4360 3272 4397 :
3305 4347 3627 4404 studebant

1968 4420 2128 4476 enim
2142 4422 2246 4494 qui
2260 4421 2383 4477 haec
2398 4423 2675 4496 agebant,
2699 4425 2846 4481 nihil
2864 4427 3135 4486 omittere
3151 4446 3353 4489 eorum
3372 4450 3500 4505 qua:
3523 4453 3625 4493 ca-

1970 4526 2156 4567 nones
2169 4510 2226 4567 in
2240 4527 2307 4568 eo
2320 4527 2535 4584 genere
2557 4513 2967 4585 przesoribunt.
2994 4517 3278 4576 Caeterum
3295 4523 3440 4578 nihll
3464 4524 3621 4581 aliud

1968 4616 2038 4657 ex
2058 4600 2205 4657 ’61
2237 4600 2311 4657 iis
2334 4600 2833 4659 missitationibus
2863 4609 2923 4661 et
2952 4609 3250 4679 responsis
3271 4611 3404 4666 elici
3436 4615 3627 4684 potuit

1968 4688 2085 4745 nisi
2115 4687 2430 4761 displicere
2458 4691 2802 4762 patriarcha
2828 4693 3038 4764 judicii
3073 4698 3339 4765 modum,
3371 4706 3429 4757 et
3460 4704 3531 4758 ob
3563 4703 3621 4758 id

1968 4794 2311 4850 comparere
2341 4794 2630 4838 recusare.
2660 4784 2737 4838 At
2764 4798 2893 4853 quas
2926 4783 3036 4840 hoe
3075 4791 3200 4841 erat
3243 4792 3483 4847 Patrum
3534 4808 3624 4847 re-

1969 4883 2257 4940 sponsum
2288 4868 2637 4940 patriarcha
2668 4886 2770 4942 per
2793 4874 3076 4930 remissos
3108 4876 3179 4930 ad
3212 4877 3409 4949 ipsum
3454 4898 3625 4937 voca-

1968 4963 2127 5014 tores
2156 4958 2474 5027 redditum,
2503 4975 2640 5016 cum
2674 4960 2752 5016 sit
2778 4960 2920 5017 olim
2950 4963 3351 5023 existimatum
3384 4987 3617 5041 aequum

1971 5046 2311 5119 imperatori
2342 5048 2525 5104 tribui
2558 5049 2883 5123 principem
2933 5051 3130 5109 locum
3183 5056 3241 5111 in
3291 5059 3623 5127 cognitione

1972 5152 2169 5193 rerum
2216 5136 2768 5206 ecclesiasticarum,
2822 5156 2930 5197 nec
2972 5143 3200 5213 justum
3256 5162 3361 5202 nec
3412 5151 3623 5206 rationi

1971 5230 2433 5284 consentaneum
2456 5244 2607 5295 esse,
2630 5246 2761 5302 quas
2782 5248 2850 5287 ex
2870 5248 2938 5288 eo
2958 5248 3172 5305 genere
3202 5239 3438 5310 negotia
3467 5257 3625 5297 nunc

1972 5319 2356 5390 agitarentur,
2418 5318 2664 5374 maximi
2724 5321 2932 5393 utique
2988 5324 3272 5381 momenti
3324 5326 3463 5385 alibi
3526 5336 3628 5386 aut

1970 5407 2142 5464 aliter
2154 5423 2335 5478 quam
2348 5414 2640 5480 prasente
2651 5426 2719 5465 ac
2731 5411 3082 5482 praesidente
3095 5414 3361 5489 principe
3387 5434 3628 5475 moveri.

1969 5519 2025 5573 5.
2062 5517 2125 5574 Ut
2172 5514 2496 5586 patriarcha
2547 5517 2617 5590 ad
2664 5519 3051 5590 imperatorem
3099 5527 3417 5587 accesserit;
3461 5532 3516 5582 et
3562 5534 3623 5582 ut

2264 5604 2473 5660 parum
2500 5588 2753 5660 abfuerit
2770 5592 2902 5664 quin
2934 5591 3295 5664 deciperetur.

2043 5679 2194 5735 Dum
2223 5682 2423 5735 autem
2454 5676 2578 5737 hac
2604 5678 2687 5736 ita
2715 5686 3081 5752 gererentur,
3129 5682 3465 5759 intelligens
3517 5705 3623 5761 pa-
