  <div class='ocr_page' id='page_1' title='image "/cluster/home/n/w/nwhite01/storage/ocr_20150623/143/nnc1.0046980733/361.png"; bbox 0 0 4212 6442; ppageno 0'>
   <div class='ocr_carea' id='block_1_1' title="bbox 609 368 716 424">
    <p class='ocr_par' dir='ltr' id='par_1_1' title="bbox 609 368 716 424">
     <span class='ocr_line' id='line_1_1' title="bbox 609 368 716 424; baseline -0.009 -2"><span class='ocrx_word' id='word_1_1' title='bbox 609 368 716 424; x_wconf 89' lang='lat'><strong>707</strong></span> 
     </span>
    </p>
   </div>
   <div class='ocr_carea' id='block_1_2' title="bbox 1912 365 2712 423">
    <p class='ocr_par' dir='ltr' id='par_1_2' title="bbox 1912 365 2712 423">
     <span class='ocr_line' id='line_1_2' title="bbox 1912 365 2712 423; baseline 0.003 -2"><span class='ocrx_word' id='word_1_2' title='bbox 1912 365 2215 423; x_wconf 73' lang='lat' dir='ltr'><strong>GEORGII</strong></span> <span class='ocrx_word' id='word_1_3' title='bbox 2252 367 2712 423; x_wconf 66' lang='lat' dir='ltr'><strong>PACHYKERE</strong></span> 
     </span>
    </p>
   </div>
   <div class='ocr_carea' id='block_1_3' title="bbox 3906 371 4016 423">
    <p class='ocr_par' dir='ltr' id='par_1_3' title="bbox 3906 371 4016 423">
     <span class='ocr_line' id='line_1_3' title="bbox 3906 371 4016 423; baseline 0.018 -2"><span class='ocrx_word' id='word_1_4' title='bbox 3906 371 4016 423; x_wconf 90' lang='lat'><strong>708</strong></span> 
     </span>
    </p>
   </div>
   <div class='ocr_carea' id='block_1_4' title="bbox 612 482 4019 580">
    <p class='ocr_par' dir='ltr' id='par_1_4' title="bbox 612 482 4019 580">
     <span class='ocr_line' id='line_1_4' title="bbox 612 482 4019 580; baseline 0.001 -37"><span class='ocrx_word' id='word_1_5' title='bbox 612 510 743 564; x_wconf 75' lang='grc' dir='ltr'>χης,</span> <span class='ocrx_word' id='word_1_6' title='bbox 808 489 837 542; x_wconf 81' lang='grc' dir='ltr'><strong>ὃ</strong></span> <span class='ocrx_word' id='word_1_7' title='bbox 864 486 957 542; x_wconf 78' lang='grc' dir='ltr'><strong>καὶ</strong></span> <span class='ocrx_word' id='word_1_8' title='bbox 986 486 1192 558; x_wconf 72' lang='grc' dir='ltr'>ἀληθὲς</span> <span class='ocrx_word' id='word_1_9' title='bbox 1218 486 1307 557; x_wconf 81' lang='grc' dir='ltr'>ἦν,</span> <span class='ocrx_word' id='word_1_10' title='bbox 1355 484 1429 547; x_wconf 83' lang='grc' dir='ltr'><strong>ὡς</strong></span> <span class='ocrx_word' id='word_1_11' title='bbox 1460 482 1612 540; x_wconf 89' lang='grc' dir='ltr'>οὐδέν</span> <span class='ocrx_word' id='word_1_12' title='bbox 1651 485 1793 540; x_wconf 77' lang='grc' dir='ltr'>ἐστιν</span> <span class='ocrx_word' id='word_1_13' title='bbox 1815 483 1956 540; x_wconf 75' lang='grc' dir='ltr'>ἄλλο</span> <span class='ocrx_word' id='word_1_14' title='bbox 1986 486 2049 540; x_wconf 86' lang='grc' dir='ltr'>τὸ</span> <span class='ocrx_word' id='word_1_15' title='bbox 2077 490 2260 540; x_wconf 81' lang='grc' dir='ltr'>κινοῦν</span> <span class='ocrx_word' id='word_1_16' title='bbox 2290 516 2344 580; x_wconf 66' lang='grc' dir='ltr'><strong>Α</strong></span> <span class='ocrx_word' id='word_1_17' title='bbox 2373 486 2711 562; x_wconf 80' lang='grc' dir='ltr'>γαλοφώνως</span> <span class='ocrx_word' id='word_1_18' title='bbox 2767 489 2859 543; x_wconf 87' lang='grc' dir='ltr'>τὸν</span> <span class='ocrx_word' id='word_1_19' title='bbox 2918 490 3065 563; x_wconf 77' lang='grc' dir='ltr'>ἱερέα</span> <span class='ocrx_word' id='word_1_20' title='bbox 3110 488 3245 545; x_wconf 84' lang='grc' dir='ltr'>κατᾶ</span> <span class='ocrx_word' id='word_1_21' title='bbox 3273 490 3335 543; x_wconf 87' lang='grc' dir='ltr'><strong>τὸ</strong></span> <span class='ocrx_word' id='word_1_22' title='bbox 3366 488 3611 560; x_wconf 84' lang='grc' dir='ltr'>σύνηθες,</span> <span class='ocrx_word' id='word_1_23' title='bbox 3660 491 3749 543; x_wconf 80' lang='grc' dir='ltr'><strong>καὶ</strong></span> <span class='ocrx_word' id='word_1_24' title='bbox 3777 498 3875 559; x_wconf 82' lang='grc' dir='ltr'><strong>τῆς</strong></span> <span class='ocrx_word' id='word_1_25' title='bbox 3909 491 4019 546; x_wconf 85' lang='grc' dir='ltr'>λει-</span> 
     </span>
    </p>
   </div>
   <div class='ocr_carea' id='block_1_5' title="bbox 610 574 2264 653">
    <p class='ocr_par' dir='ltr' id='par_1_5' title="bbox 610 574 2264 653">
     <span class='ocr_line' id='line_1_5' title="bbox 610 574 2264 653; baseline -0.002 -20"><span class='ocrx_word' id='word_1_26' title='bbox 610 584 833 633; x_wconf 76' lang='grc' dir='ltr'>τοιαῦτα</span> <span class='ocrx_word' id='word_1_27' title='bbox 862 580 895 648; x_wconf 72' lang='grc' dir='ltr'>ἢ</span> <span class='ocrx_word' id='word_1_28' title='bbox 927 578 988 631; x_wconf 84' lang='grc' dir='ltr'>τὸ</span> <span class='ocrx_word' id='word_1_29' title='bbox 1027 581 1124 631; x_wconf 91' lang='grc' dir='ltr'><strong>τοῦ</strong></span> <span class='ocrx_word' id='word_1_30' title='bbox 1171 580 1498 650; x_wconf 68' lang='grc' dir='ltr'><strong>κρατοῦντος</strong></span> <span class='ocrx_word' id='word_1_31' title='bbox 1545 577 1684 650; x_wconf 83' lang='grc' dir='ltr'>πρὸς</span> <span class='ocrx_word' id='word_1_32' title='bbox 1732 574 1891 629; x_wconf 89' lang='grc' dir='ltr'>αὐτὸν</span> <span class='ocrx_word' id='word_1_33' title='bbox 1943 575 2264 653; x_wconf 66' lang='grc' dir='ltr'>ἀμυντικὸν,</span> 
     </span>
    </p>
   </div>
   <div class='ocr_carea' id='block_1_6' title="bbox 614 663 2264 737">
    <p class='ocr_par' dir='ltr' id='par_1_6' title="bbox 614 663 2264 737">
     <span class='ocr_line' id='line_1_6' title="bbox 614 663 2264 737; baseline -0.002 -16"><span class='ocrx_word' id='word_1_34' title='bbox 614 670 702 721; x_wconf 72' lang='grc' dir='ltr'>ὅτε</span> <span class='ocrx_word' id='word_1_35' title='bbox 750 667 837 721; x_wconf 83' lang='grc' dir='ltr'><strong>καὶ</strong></span> <span class='ocrx_word' id='word_1_36' title='bbox 893 663 1193 721; x_wconf 78' lang='grc' dir='ltr'>κινδυνεύοι</span> <span class='ocrx_word' id='word_1_37' title='bbox 1253 669 1405 737; x_wconf 80' lang='grc' dir='ltr'>καγῷ</span> <span class='ocrx_word' id='word_1_38' title='bbox 1460 664 1527 719; x_wconf 78' lang='grc' dir='ltr'><strong>τὸ</strong></span> <span class='ocrx_word' id='word_1_39' title='bbox 1576 665 1743 721; x_wconf 87' lang='grc' dir='ltr'>κακὸν</span> <span class='ocrx_word' id='word_1_40' title='bbox 1803 664 2003 733; x_wconf 79' lang='grc' dir='ltr'>ἰᾶσθαι,</span> <span class='ocrx_word' id='word_1_41' title='bbox 2059 669 2128 737; x_wconf 80' lang='grc' dir='ltr'><strong>τῇ</strong></span> <span class='ocrx_word' id='word_1_42' title='bbox 2167 668 2264 718; x_wconf 88' lang='grc' dir='ltr'><strong>τοῦ</strong></span> 
     </span>
    </p>
   </div>
   <div class='ocr_carea' id='block_1_7' title="bbox 609 751 2263 830">
    <p class='ocr_par' dir='ltr' id='par_1_7' title="bbox 609 751 2263 830">
     <span class='ocr_line' id='line_1_7' title="bbox 609 751 2263 830; baseline -0.001 -21"><span class='ocrx_word' id='word_1_43' title='bbox 609 755 953 830; x_wconf 75' lang='grc' dir='ltr'>πατριάρχου</span> <span class='ocrx_word' id='word_1_44' title='bbox 1006 751 1268 827; x_wconf 79' lang='grc' dir='ltr'><strong>καταδίκῃ</strong></span> <span class='ocrx_word' id='word_1_45' title='bbox 1310 754 1373 807; x_wconf 88' lang='grc' dir='ltr'>τὸ</span> <span class='ocrx_word' id='word_1_46' title='bbox 1432 754 1572 825; x_wconf 87' lang='grc' dir='ltr'>πρὸς</span> <span class='ocrx_word' id='word_1_47' title='bbox 1629 752 1839 809; x_wconf 63' lang='lat' dir='ltr'><strong>halm</strong></span> <span class='ocrx_word' id='word_1_48' title='bbox 1890 754 2125 828; x_wconf 66' lang='grc' dir='ltr'>ἀπεχθῖικ</span> <span class='ocrx_word' id='word_1_49' title='bbox 2173 754 2263 808; x_wconf 85' lang='grc' dir='ltr'>καὶ</span> 
     </span>
    </p>
   </div>
   <div class='ocr_carea' id='block_1_8' title="bbox 610 842 2263 920">
    <p class='ocr_par' dir='ltr' id='par_1_8' title="bbox 610 842 2263 920">
     <span class='ocr_line' id='line_1_8' title="bbox 610 842 2263 920; baseline -0.001 -21"><span class='ocrx_word' id='word_1_50' title='bbox 610 844 885 920; x_wconf 80' lang='grc' dir='ltr'><strong>ὀχλῶδες,</strong></span> <span class='ocrx_word' id='word_1_51' title='bbox 934 844 1073 899; x_wconf 82' lang='grc' dir='ltr'>ὥστε</span> <span class='ocrx_word' id='word_1_52' title='bbox 1130 845 1221 898; x_wconf 86' lang='grc' dir='ltr'><strong>καὶ</strong></span> <span class='ocrx_word' id='word_1_53' title='bbox 1280 842 1670 907; x_wconf 74' lang='grc' dir='ltr'><strong>ἀπεσκευάσθαι</strong></span> <span class='ocrx_word' id='word_1_54' title='bbox 1721 848 1893 898; x_wconf 84' lang='grc' dir='ltr'>ταῦτα</span> <span class='ocrx_word' id='word_1_55' title='bbox 1948 842 2263 918; x_wconf 73' lang='grc' dir='ltr'>βούλεσθαι,</span> 
     </span>
    </p>
   </div>
   <div class='ocr_carea' id='block_1_9' title="bbox 608 928 2267 1007">
    <p class='ocr_par' dir='ltr' id='par_1_9' title="bbox 608 928 2267 1007">
     <span class='ocr_line' id='line_1_9' title="bbox 608 928 2267 1007; baseline -0.002 -18"><span class='ocrx_word' id='word_1_56' title='bbox 608 933 849 1005; x_wconf 78' lang='grc' dir='ltr'>παριδὼν</span> <span class='ocrx_word' id='word_1_57' title='bbox 910 940 1080 987; x_wconf 72' lang='grc' dir='ltr'>πᾶσαν</span> <span class='ocrx_word' id='word_1_58' title='bbox 1142 934 1537 1007; x_wconf 79' lang='grc' dir='ltr'><strong>μικροψυχίαν,</strong></span> <span class='ocrx_word' id='word_1_59' title='bbox 1591 932 1767 987; x_wconf 78' lang='grc' dir='ltr'><strong>ι’ίππου</strong></span> <span class='ocrx_word' id='word_1_60' title='bbox 1814 953 1873 987; x_wconf 90' lang='grc' dir='ltr'><strong>τε</strong></span> <span class='ocrx_word' id='word_1_61' title='bbox 1920 928 2135 1000; x_wconf 75' lang='grc' dir='ltr'>ἐπιόἆς,</span> <span class='ocrx_word' id='word_1_62' title='bbox 2186 934 2267 1005; x_wconf 76' lang='grc' dir='ltr'>μὴ</span> 
     </span>
    </p>
   </div>
   <div class='ocr_carea' id='block_1_10' title="bbox 606 1018 2261 1098">
    <p class='ocr_par' dir='ltr' id='par_1_10' title="bbox 606 1018 2261 1098">
     <span class='ocr_line' id='line_1_10' title="bbox 606 1018 2261 1098; baseline -0.001 -20"><span class='ocrx_word' id='word_1_63' title='bbox 606 1026 867 1098; x_wconf 72' lang='grc' dir='ltr'>πρότερον</span> <span class='ocrx_word' id='word_1_64' title='bbox 905 1022 1114 1086; x_wconf 77' lang='grc' dir='ltr'>εἰωθὼς</span> <span class='ocrx_word' id='word_1_65' title='bbox 1170 1022 1220 1092; x_wconf 78' lang='grc' dir='ltr'>ἐξ</span> <span class='ocrx_word' id='word_1_66' title='bbox 1270 1022 1335 1075; x_wconf 80' lang='grc' dir='ltr'><strong>οὗ</strong></span> <span class='ocrx_word' id='word_1_67' title='bbox 1384 1024 1483 1091; x_wconf 78' lang='grc' dir='ltr'>τὴν</span> <span class='ocrx_word' id='word_1_68' title='bbox 1517 1022 1922 1077; x_wconf 82' lang='grc' dir='ltr'>Κωνσταντίνου</span> <span class='ocrx_word' id='word_1_69' title='bbox 1971 1018 2261 1091; x_wconf 74' lang='grc' dir='ltr'>κατέλαϐε,</span> 
     </span>
    </p>
   </div>
   <div class='ocr_carea' id='block_1_11' title="bbox 608 1110 2264 1187">
    <p class='ocr_par' dir='ltr' id='par_1_11' title="bbox 608 1110 2264 1187">
     <span class='ocr_line' id='line_1_11' title="bbox 608 1110 2264 1187; baseline 0 -21"><span class='ocrx_word' id='word_1_70' title='bbox 608 1114 696 1167; x_wconf 73' lang='grc' dir='ltr'><strong>καὶ</strong></span> <span class='ocrx_word' id='word_1_71' title='bbox 756 1110 972 1187; x_wconf 85' lang='grc' dir='ltr'>βασιλεῖ</span> <span class='ocrx_word' id='word_1_72' title='bbox 1026 1113 1326 1185; x_wconf 87' lang='grc' dir='ltr'>πρόσεισιν.</span> <span class='ocrx_word' id='word_1_73' title='bbox 1383 1112 1590 1187; x_wconf 82' lang='grc' dir='ltr'>Ἡμέρα</span> <span class='ocrx_word' id='word_1_74' title='bbox 1648 1110 1694 1165; x_wconf 86' lang='grc' dir='ltr'>δ’</span> <span class='ocrx_word' id='word_1_75' title='bbox 1750 1113 1816 1179; x_wconf 77' lang='grc' dir='ltr'><strong>ἦν</strong></span> <span class='ocrx_word' id='word_1_76' title='bbox 1874 1113 1993 1165; x_wconf 84' lang='grc' dir='ltr'>καθ’</span> <span class='ocrx_word' id='word_1_77' title='bbox 2022 1116 2097 1183; x_wconf 87' lang='grc' dir='ltr'><strong>[Ρ.</strong></span> <span class='ocrx_word' id='word_1_78' title='bbox 2139 1114 2264 1183; x_wconf 85' lang='grc'>177]</span> 
     </span>
    </p>
   </div>
   <div class='ocr_carea' id='block_1_12' title="bbox 609 1198 2266 1275">
    <p class='ocr_par' dir='ltr' id='par_1_12' title="bbox 609 1198 2266 1275">
     <span class='ocr_line' id='line_1_12' title="bbox 609 1198 2266 1275; baseline 0 -22"><span class='ocrx_word' id='word_1_79' title='bbox 609 1204 668 1269; x_wconf 68' lang='grc' dir='ltr'>ἣν</span> <span class='ocrx_word' id='word_1_80' title='bbox 726 1204 874 1255; x_wconf 84' lang='grc' dir='ltr'>ταῦτ’</span> <span class='ocrx_word' id='word_1_81' title='bbox 934 1200 1224 1275; x_wconf 78' lang='grc' dir='ltr'>ἐπράττετο</span> <span class='ocrx_word' id='word_1_82' title='bbox 1283 1201 1649 1273; x_wconf 58' lang='grc' dir='ltr'>καριώνυμος.</span> <span class='ocrx_word' id='word_1_83' title='bbox 1708 1202 1770 1256; x_wconf 83' lang='grc' dir='ltr'><strong>Ὀ</strong></span> <span class='ocrx_word' id='word_1_84' title='bbox 1825 1204 1956 1275; x_wconf 88' lang='grc' dir='ltr'>γοῦν</span> <span class='ocrx_word' id='word_1_85' title='bbox 2011 1198 2266 1275; x_wconf 80' lang='grc' dir='ltr'>βασιλεὺς</span> 
     </span>
    </p>
   </div>
   <div class='ocr_carea' id='block_1_13' title="bbox 608 1288 2261 1364">
    <p class='ocr_par' dir='ltr' id='par_1_13' title="bbox 608 1288 2261 1364">
     <span class='ocr_line' id='line_1_13' title="bbox 608 1288 2261 1364; baseline -0.001 -20"><span class='ocrx_word' id='word_1_86' title='bbox 608 1291 800 1364; x_wconf 84' lang='grc' dir='ltr'>καιρὸν</span> <span class='ocrx_word' id='word_1_87' title='bbox 852 1291 1048 1344; x_wconf 83' lang='grc' dir='ltr'>ἐκεῖνον</span> <span class='ocrx_word' id='word_1_88' title='bbox 1098 1289 1303 1358; x_wconf 72' lang='grc' dir='ltr'>οἰηθεὶς</span> <span class='ocrx_word' id='word_1_89' title='bbox 1350 1288 1631 1357; x_wconf 79' lang='grc' dir='ltr'>ἐπιστῆναι</span> <span class='ocrx_word' id='word_1_90' title='bbox 1688 1289 1744 1342; x_wconf 82' lang='grc' dir='ltr'>ὃν</span> <span class='ocrx_word' id='word_1_91' title='bbox 1793 1290 1881 1343; x_wconf 80' lang='grc' dir='ltr'><strong>καὶ</strong></span> <span class='ocrx_word' id='word_1_92' title='bbox 1932 1288 2110 1359; x_wconf 75' lang='grc' dir='ltr'>ἐζήτει</span> <span class='ocrx_word' id='word_1_93' title='bbox 2160 1290 2261 1343; x_wconf 81' lang='grc' dir='ltr'>πά-</span> 
     </span>
    </p>
   </div>
   <div class='ocr_carea' id='block_1_14' title="bbox 607 1375 2263 1451">
    <p class='ocr_par' dir='ltr' id='par_1_14' title="bbox 607 1375 2263 1451">
     <span class='ocr_line' id='line_1_14' title="bbox 607 1375 2263 1451; baseline -0.001 -18"><span class='ocrx_word' id='word_1_94' title='bbox 607 1379 719 1447; x_wconf 84' lang='grc' dir='ltr'>λαι,</span> <span class='ocrx_word' id='word_1_95' title='bbox 790 1380 881 1433; x_wconf 90' lang='grc' dir='ltr'>τὸν</span> <span class='ocrx_word' id='word_1_96' title='bbox 941 1383 1042 1443; x_wconf 77' lang='grc' dir='ltr'>τῆς</span> <span class='ocrx_word' id='word_1_97' title='bbox 1098 1378 1323 1438; x_wconf 84' lang='grc' dir='ltr'>ἀνέσεως</span> <span class='ocrx_word' id='word_1_98' title='bbox 1380 1375 1582 1449; x_wconf 79' lang='grc' dir='ltr'>(ἔπειθε</span> <span class='ocrx_word' id='word_1_99' title='bbox 1640 1378 1744 1451; x_wconf 81' lang='grc' dir='ltr'><strong>γὰρ</strong></span> <span class='ocrx_word' id='word_1_100' title='bbox 1804 1376 2002 1432; x_wconf 79' lang='grc' dir='ltr'>ἐννοεῖν</span> <span class='ocrx_word' id='word_1_101' title='bbox 2060 1378 2263 1431; x_wconf 85' lang='grc' dir='ltr'>τοιαῦτ’</span> 
     </span>
    </p>
   </div>
   <div class='ocr_carea' id='block_1_15' title="bbox 604 1463 2263 1541">
    <p class='ocr_par' dir='ltr' id='par_1_15' title="bbox 604 1463 2263 1541">
     <span class='ocr_line' id='line_1_15' title="bbox 604 1463 2263 1541; baseline -0.001 -21"><span class='ocrx_word' id='word_1_102' title='bbox 604 1467 813 1521; x_wconf 83' lang='grc' dir='ltr'>ἐκεῖνον</span> <span class='ocrx_word' id='word_1_103' title='bbox 867 1466 928 1521; x_wconf 91' lang='grc' dir='ltr'><strong>τό</strong></span> <span class='ocrx_word' id='word_1_104' title='bbox 989 1468 1035 1519; x_wconf 90' lang='grc' dir='ltr'>τ’</span> <span class='ocrx_word' id='word_1_105' title='bbox 1094 1463 1347 1534; x_wconf 73' lang='grc' dir='ltr'>ἐπιϐῆναι</span> <span class='ocrx_word' id='word_1_106' title='bbox 1397 1464 1572 1519; x_wconf 67' lang='grc' dir='ltr'>ἵππου</span> <span class='ocrx_word' id='word_1_107' title='bbox 1624 1466 1714 1519; x_wconf 86' lang='grc' dir='ltr'>τὸν</span> <span class='ocrx_word' id='word_1_108' title='bbox 1774 1464 2123 1541; x_wconf 80' lang='grc' dir='ltr'>πατριάρχην</span> <span class='ocrx_word' id='word_1_109' title='bbox 2172 1464 2263 1519; x_wconf 85' lang='grc' dir='ltr'><strong>καὶ</strong></span> 
     </span>
    </p>
   </div>
   <div class='ocr_carea' id='block_1_16' title="bbox 603 1553 2260 1631">
    <p class='ocr_par' dir='ltr' id='par_1_16' title="bbox 603 1553 2260 1631">
     <span class='ocr_line' id='line_1_16' title="bbox 603 1553 2260 1631; baseline -0.001 -22"><span class='ocrx_word' id='word_1_110' title='bbox 603 1556 747 1631; x_wconf 79' lang='grc' dir='ltr'>παρᾶ</span> <span class='ocrx_word' id='word_1_111' title='bbox 804 1557 864 1609; x_wconf 87' lang='grc' dir='ltr'>τὸ</span> <span class='ocrx_word' id='word_1_112' title='bbox 923 1556 1147 1624; x_wconf 81' lang='grc' dir='ltr'>σύνηθες</span> <span class='ocrx_word' id='word_1_113' title='bbox 1208 1555 1426 1627; x_wconf 81' lang='grc' dir='ltr'>πρᾶξαι,</span> <span class='ocrx_word' id='word_1_114' title='bbox 1485 1553 1550 1607; x_wconf 83' lang='grc' dir='ltr'><strong>τά</strong></span> <span class='ocrx_word' id='word_1_115' title='bbox 1604 1575 1661 1608; x_wconf 89' lang='grc' dir='ltr'><strong>τε</strong></span> <span class='ocrx_word' id='word_1_116' title='bbox 1712 1554 2010 1626; x_wconf 90' lang='grc' dir='ltr'>κινούμενα</span> <span class='ocrx_word' id='word_1_117' title='bbox 2071 1554 2148 1616; x_wconf 87' lang='grc' dir='ltr'>ὡς</span> <span class='ocrx_word' id='word_1_118' title='bbox 2208 1553 2260 1608; x_wconf 72' lang='grc' dir='ltr'>ἦν</span> 
     </span>
    </p>
   </div>
   <div class='ocr_carea' id='block_1_17' title="bbox 607 1641 2260 1719">
    <p class='ocr_par' dir='ltr' id='par_1_17' title="bbox 607 1641 2260 1719">
     <span class='ocr_line' id='line_1_17' title="bbox 607 1641 2260 1719; baseline -0.001 -21"><span class='ocrx_word' id='word_1_119' title='bbox 607 1664 730 1719; x_wconf 77' lang='grc' dir='ltr'><strong>χρῳ</strong></span> <span class='ocrx_word' id='word_1_120' title='bbox 790 1641 1084 1712; x_wconf 75' lang='grc' dir='ltr'>καταδίκης</span> <span class='ocrx_word' id='word_1_121' title='bbox 1163 1642 1253 1696; x_wconf 84' lang='grc' dir='ltr'><strong>καὶ</strong></span> <span class='ocrx_word' id='word_1_122' title='bbox 1320 1644 1481 1697; x_wconf 86' lang='grc' dir='ltr'>αὑτὸν</span> <span class='ocrx_word' id='word_1_123' title='bbox 1555 1646 1951 1716; x_wconf 85' lang='grc' dir='ltr'>γεγενῆσθαι),</span> <span class='ocrx_word' id='word_1_124' title='bbox 2028 1641 2119 1697; x_wconf 84' lang='grc' dir='ltr'><strong>καὶ</strong></span> <span class='ocrx_word' id='word_1_125' title='bbox 2186 1643 2260 1705; x_wconf 86' lang='grc' dir='ltr'><strong>ὡς</strong></span> 
     </span>
    </p>
   </div>
   <div class='ocr_carea' id='block_1_18' title="bbox 606 1728 2260 1808">
    <p class='ocr_par' dir='ltr' id='par_1_18' title="bbox 606 1728 2260 1808">
     <span class='ocr_line' id='line_1_18' title="bbox 606 1728 2260 1808; baseline -0.002 -21"><span class='ocrx_word' id='word_1_126' title='bbox 606 1733 1011 1805; x_wconf 79' lang='grc' dir='ltr'>ἐκμειλίξασθαι</span> <span class='ocrx_word' id='word_1_127' title='bbox 1062 1733 1419 1806; x_wconf 74' lang='grc' dir='ltr'>παραγένοιτο</span> <span class='ocrx_word' id='word_1_128' title='bbox 1456 1776 1469 1800; x_wconf 86' lang='grc'><strong>,</strong></span> <span class='ocrx_word' id='word_1_129' title='bbox 1522 1730 1871 1808; x_wconf 77' lang='grc' dir='ltr'>φιλοφρόνως</span> <span class='ocrx_word' id='word_1_130' title='bbox 1932 1728 2260 1805; x_wconf 76' lang='grc' dir='ltr'>ὑποδέχεται</span> 
     </span>
    </p>
   </div>
   <div class='ocr_carea' id='block_1_19' title="bbox 605 1817 2256 1895">
    <p class='ocr_par' dir='ltr' id='par_1_19' title="bbox 605 1817 2256 1895">
     <span class='ocr_line' id='line_1_19' title="bbox 605 1817 2256 1895; baseline 0 -20"><span class='ocrx_word' id='word_1_131' title='bbox 605 1822 922 1891; x_wconf 70' lang='grc' dir='ltr'>προσιόντα,</span> <span class='ocrx_word' id='word_1_132' title='bbox 965 1822 1053 1875; x_wconf 79' lang='grc' dir='ltr'><strong>καὶ</strong></span> <span class='ocrx_word' id='word_1_133' title='bbox 1110 1820 1367 1875; x_wconf 84' lang='grc' dir='ltr'>πλεῖστον</span> <span class='ocrx_word' id='word_1_134' title='bbox 1429 1821 1552 1874; x_wconf 86' lang='grc' dir='ltr'>ὁσον</span> <span class='ocrx_word' id='word_1_135' title='bbox 1614 1817 1803 1892; x_wconf 80' lang='grc' dir='ltr'>ὁμιλεῖ</span> <span class='ocrx_word' id='word_1_136' title='bbox 1860 1821 1927 1874; x_wconf 82' lang='grc' dir='ltr'>τὰ</span> <span class='ocrx_word' id='word_1_137' title='bbox 1986 1820 2256 1895; x_wconf 79' lang='grc' dir='ltr'>χαρίεντα.</span> 
     </span>
    </p>
   </div>
   <div class='ocr_carea' id='block_1_20' title="bbox 603 1908 2257 1985">
    <p class='ocr_par' dir='ltr' id='par_1_20' title="bbox 603 1908 2257 1985">
     <span class='ocr_line' id='line_1_20' title="bbox 603 1908 2257 1985; baseline -0.001 -20"><span class='ocrx_word' id='word_1_138' title='bbox 603 1913 663 1964; x_wconf 67' lang='grc' dir='ltr'>Ὠ</span> <span class='ocrx_word' id='word_1_139' title='bbox 694 1933 716 1972; x_wconf 89' lang='grc' dir='ltr'><strong>ς</strong></span> <span class='ocrx_word' id='word_1_140' title='bbox 751 1915 885 1983; x_wconf 84' lang='grc' dir='ltr'>γοῦν</span> <span class='ocrx_word' id='word_1_141' title='bbox 941 1909 1132 1984; x_wconf 79' lang='grc' dir='ltr'>καιρός</span> <span class='ocrx_word' id='word_1_142' title='bbox 1178 1916 1279 1977; x_wconf 87' lang='grc' dir='ltr'><strong>τῆς</strong></span> <span class='ocrx_word' id='word_1_143' title='bbox 1340 1911 1489 1985; x_wconf 80' lang='grc' dir='ltr'>ἱερᾶς</span> <span class='ocrx_word' id='word_1_144' title='bbox 1548 1908 1890 1983; x_wconf 84' lang='grc' dir='ltr'>λειτουργίας</span> <span class='ocrx_word' id='word_1_145' title='bbox 1936 1908 2133 1980; x_wconf 74' lang='grc' dir='ltr'>ἐπέστη</span> <span class='ocrx_word' id='word_1_146' title='bbox 2167 1911 2257 1964; x_wconf 87' lang='grc' dir='ltr'><strong>καί</strong></span> 
     </span>
    </p>
   </div>
   <div class='ocr_carea' id='block_1_21' title="bbox 601 1997 2255 2074">
    <p class='ocr_par' dir='ltr' id='par_1_21' title="bbox 601 1997 2255 2074">
     <span class='ocr_line' id='line_1_21' title="bbox 601 1997 2255 2074; baseline 0.001 -22"><span class='ocrx_word' id='word_1_147' title='bbox 601 1998 710 2068; x_wconf 70' lang='grc' dir='ltr'>ἤδη</span> <span class='ocrx_word' id='word_1_148' title='bbox 743 2000 809 2067; x_wconf 73' lang='grc' dir='ltr'><strong>ἦν</strong></span> <span class='ocrx_word' id='word_1_149' title='bbox 844 2000 871 2053; x_wconf 98' lang='lat'><strong>6</strong></span> <span class='ocrx_word' id='word_1_150' title='bbox 918 2004 1127 2073; x_wconf 80' lang='grc' dir='ltr'>κρατῶν</span> <span class='ocrx_word' id='word_1_151' title='bbox 1156 1999 1292 2074; x_wconf 90' lang='grc' dir='ltr'>πρὸς</span> <span class='ocrx_word' id='word_1_152' title='bbox 1322 1999 1384 2052; x_wconf 84' lang='grc' dir='ltr'>τὸ</span> <span class='ocrx_word' id='word_1_153' title='bbox 1431 2002 1509 2069; x_wconf 75' lang='grc' dir='ltr'>τῷ</span> <span class='ocrx_word' id='word_1_154' title='bbox 1536 2002 1649 2069; x_wconf 83' lang='grc' dir='ltr'><strong>ναῷ</strong></span> <span class='ocrx_word' id='word_1_155' title='bbox 1700 1997 2005 2067; x_wconf 80' lang='grc' dir='ltr'>ἐπιστῆναι,</span> <span class='ocrx_word' id='word_1_156' title='bbox 2036 1997 2255 2072; x_wconf 80' lang='grc' dir='ltr'>πέμψας</span> 
     </span>
    </p>
   </div>
   <div class='ocr_carea' id='block_1_22' title="bbox 604 2085 2253 2161">
    <p class='ocr_par' dir='ltr' id='par_1_22' title="bbox 604 2085 2253 2161">
     <span class='ocr_line' id='line_1_22' title="bbox 604 2085 2253 2161; baseline 0.001 -19"><span class='ocrx_word' id='word_1_157' title='bbox 604 2088 809 2149; x_wconf 82' lang='grc' dir='ltr'>ἐκεῖνός</span> <span class='ocrx_word' id='word_1_158' title='bbox 839 2109 960 2143; x_wconf 90' lang='grc' dir='ltr'>τινα</span> <span class='ocrx_word' id='word_1_159' title='bbox 983 2092 1091 2141; x_wconf 79' lang='grc' dir='ltr'><strong>τῶν</strong></span> <span class='ocrx_word' id='word_1_160' title='bbox 1123 2087 1292 2142; x_wconf 86' lang='grc' dir='ltr'>αὐτοῦ</span> <span class='ocrx_word' id='word_1_161' title='bbox 1320 2086 1447 2149; x_wconf 78' lang='grc' dir='ltr'>τοὺς</span> <span class='ocrx_word' id='word_1_162' title='bbox 1492 2085 1578 2141; x_wconf 80' lang='grc' dir='ltr'>ἐπὶ</span> <span class='ocrx_word' id='word_1_163' title='bbox 1607 2094 1706 2155; x_wconf 87' lang='grc' dir='ltr'><strong>τῆς</strong></span> <span class='ocrx_word' id='word_1_164' title='bbox 1758 2085 2099 2161; x_wconf 87' lang='grc' dir='ltr'>λειτουργῖας</span> <span class='ocrx_word' id='word_1_165' title='bbox 2126 2109 2253 2143; x_wconf 86' lang='grc' dir='ltr'>κατ-</span> 
     </span>
    </p>
   </div>
   <div class='ocr_carea' id='block_1_23' title="bbox 602 2176 2252 2254">
    <p class='ocr_par' dir='ltr' id='par_1_23' title="bbox 602 2176 2252 2254">
     <span class='ocr_line' id='line_1_23' title="bbox 602 2176 2252 2254; baseline 0.001 -24"><span class='ocrx_word' id='word_1_166' title='bbox 602 2176 980 2254; x_wconf 73' lang='grc' dir='ltr'>ησφαλίζετο,</span> <span class='ocrx_word' id='word_1_167' title='bbox 1042 2177 1131 2231; x_wconf 87' lang='grc' dir='ltr'><strong>καὶ</strong></span> <span class='ocrx_word' id='word_1_168' title='bbox 1191 2176 1431 2231; x_wconf 79' lang='grc' dir='ltr'>ἐκέλευεν</span> <span class='ocrx_word' id='word_1_169' title='bbox 1493 2177 1605 2248; x_wconf 79' lang='grc' dir='ltr'><strong>ἅμα</strong></span> <span class='ocrx_word' id='word_1_170' title='bbox 1662 2177 2025 2248; x_wconf 77' lang='grc' dir='ltr'>θεασαμένους</span> <span class='ocrx_word' id='word_1_171' title='bbox 2090 2177 2252 2232; x_wconf 89' lang='grc' dir='ltr'>αὐτὸν</span> 
     </span>
    </p>
   </div>
   <div class='ocr_carea' id='block_1_24' title="bbox 608 2264 2254 2341">
    <p class='ocr_par' dir='ltr' id='par_1_24' title="bbox 608 2264 2254 2341">
     <span class='ocr_line' id='line_1_24' title="bbox 608 2264 2254 2341; baseline 0 -20"><span class='ocrx_word' id='word_1_172' title='bbox 608 2269 746 2338; x_wconf 73' lang='grc' dir='ltr'>μήτε</span> <span class='ocrx_word' id='word_1_173' title='bbox 802 2267 1109 2341; x_wconf 83' lang='grc' dir='ltr'>περιμένειν</span> <span class='ocrx_word' id='word_1_174' title='bbox 1143 2267 1240 2335; x_wconf 75' lang='grc' dir='ltr'>τὴν</span> <span class='ocrx_word' id='word_1_175' title='bbox 1287 2266 1426 2341; x_wconf 88' lang='grc' dir='ltr'>πρὸς</span> <span class='ocrx_word' id='word_1_176' title='bbox 1455 2264 1550 2328; x_wconf 82' lang='grc' dir='ltr'><strong>τὰς</strong></span> <span class='ocrx_word' id='word_1_177' title='bbox 1591 2265 1751 2341; x_wconf 80' lang='grc' dir='ltr'>ἁγίας</span> <span class='ocrx_word' id='word_1_178' title='bbox 1796 2264 2007 2327; x_wconf 73' lang='grc' dir='ltr'>εἰκόνας</span> <span class='ocrx_word' id='word_1_179' title='bbox 2055 2267 2254 2341; x_wconf 73' lang='grc' dir='ltr'>προσέ-</span> 
     </span>
    </p>
   </div>
   <div class='ocr_carea' id='block_1_25' title="bbox 605 2352 2252 2432">
    <p class='ocr_par' dir='ltr' id='par_1_25' title="bbox 605 2352 2252 2432">
     <span class='ocr_line' id='line_1_25' title="bbox 605 2352 2252 2432; baseline 0 -22"><span class='ocrx_word' id='word_1_180' title='bbox 605 2354 787 2410; x_wconf 79' lang='grc' dir='ltr'>λευσιν</span> <span class='ocrx_word' id='word_1_181' title='bbox 836 2355 1001 2410; x_wconf 90' lang='grc' dir='ltr'>αὐτοῦ</span> <span class='ocrx_word' id='word_1_182' title='bbox 1052 2357 1529 2431; x_wconf 66' lang='grc' dir='ltr'>προσκυνήσοντπ</span> <span class='ocrx_word' id='word_1_183' title='bbox 1583 2357 1709 2427; x_wconf 78' lang='grc' dir='ltr'>μήτ’</span> <span class='ocrx_word' id='word_1_184' title='bbox 1757 2352 1899 2410; x_wconf 71' lang='grc' dir='ltr'>ἄλλο</span> <span class='ocrx_word' id='word_1_185' title='bbox 1928 2376 1979 2409; x_wconf 91' lang='grc' dir='ltr'><strong>τι</strong></span> <span class='ocrx_word' id='word_1_186' title='bbox 2029 2376 2252 2432; x_wconf 89' lang='grc' dir='ltr'>περιαρ-</span> 
     </span>
    </p>
   </div>
   <div class='ocr_carea' id='block_1_26' title="bbox 602 2442 2250 2523">
    <p class='ocr_par' dir='ltr' id='par_1_26' title="bbox 602 2442 2250 2523">
     <span class='ocr_line' id='line_1_26' title="bbox 602 2442 2250 2523; baseline 0.001 -25"><span class='ocrx_word' id='word_1_187' title='bbox 602 2449 836 2519; x_wconf 86' lang='grc' dir='ltr'>γοῦντας</span> <span class='ocrx_word' id='word_1_188' title='bbox 909 2443 1181 2518; x_wconf 83' lang='grc' dir='ltr'>πράττειν,</span> <span class='ocrx_word' id='word_1_189' title='bbox 1258 2442 1385 2499; x_wconf 85' lang='grc' dir='ltr'>ἀλλ’</span> <span class='ocrx_word' id='word_1_190' title='bbox 1457 2443 1611 2506; x_wconf 79' lang='grc' dir='ltr'>εὐθὺς</span> <span class='ocrx_word' id='word_1_191' title='bbox 1684 2443 1938 2523; x_wconf 74' lang='grc' dir='ltr'>ἐκφωνεῖν</span> <span class='ocrx_word' id='word_1_192' title='bbox 2007 2446 2102 2518; x_wconf 74' lang='grc' dir='ltr'>μὲν</span> <span class='ocrx_word' id='word_1_193' title='bbox 2158 2447 2250 2500; x_wconf 83' lang='grc' dir='ltr'>τὸν</span> 
     </span>
    </p>
   </div>
   <div class='ocr_carea' id='block_1_27' title="bbox 604 2530 2251 2617">
    <p class='ocr_par' dir='ltr' id='par_1_27' title="bbox 604 2530 2251 2617">
     <span class='ocr_line' id='line_1_27' title="bbox 604 2530 2251 2617; baseline 0.001 -29"><span class='ocrx_word' id='word_1_194' title='bbox 604 2532 854 2590; x_wconf 74' lang='grc' dir='ltr'>διάκονον</span> <span class='ocrx_word' id='word_1_195' title='bbox 901 2534 964 2589; x_wconf 88' lang='grc' dir='ltr'>τὸ</span> <span class='ocrx_word' id='word_1_196' title='bbox 1022 2531 1360 2617; x_wconf 73' lang='grc' dir='ltr'>Εὐλόγησον,</span> <span class='ocrx_word' id='word_1_197' title='bbox 1405 2531 1654 2610; x_wconf 80' lang='grc' dir='ltr'>εὐλογεῖν</span> <span class='ocrx_word' id='word_1_198' title='bbox 1707 2530 1765 2588; x_wconf 77' lang='grc' dir='ltr'>δὶ</span> <span class='ocrx_word' id='word_1_199' title='bbox 1819 2534 1911 2589; x_wconf 87' lang='grc' dir='ltr'>τὸν</span> <span class='ocrx_word' id='word_1_200' title='bbox 1962 2535 2091 2589; x_wconf 86' lang='grc' dir='ltr'>Θεὸν</span> <span class='ocrx_word' id='word_1_201' title='bbox 2156 2554 2251 2608; x_wconf 84' lang='grc' dir='ltr'>με·</span> 
     </span>
    </p>
   </div>
   <div class='ocr_carea' id='block_1_28' title="bbox 603 2733 2251 2808">
    <p class='ocr_par' dir='ltr' id='par_1_28' title="bbox 603 2733 2251 2808">
     <span class='ocr_line' id='line_1_28' title="bbox 603 2733 2251 2808; baseline 0.001 -18"><span class='ocrx_word' id='word_1_202' title='bbox 603 2736 882 2807; x_wconf 87' lang='lat' dir='ltr'><strong>triarcha,</strong></span> <span class='ocrx_word' id='word_1_203' title='bbox 916 2736 1070 2808; x_wconf 93' lang='lat' dir='ltr'><strong>quod</strong></span> <span class='ocrx_word' id='word_1_204' title='bbox 1103 2749 1305 2791; x_wconf 89' lang='lat' dir='ltr'><strong>verum</strong></span> <span class='ocrx_word' id='word_1_205' title='bbox 1335 2738 1478 2805; x_wconf 88' lang='lat' dir='ltr'><strong>erat,</strong></span> <span class='ocrx_word' id='word_1_206' title='bbox 1512 2750 1627 2790; x_wconf 93' lang='lat' dir='ltr'><strong>non</strong></span> <span class='ocrx_word' id='word_1_207' title='bbox 1657 2749 1787 2791; x_wconf 89' lang='lat' dir='ltr'><strong>esse</strong></span> <span class='ocrx_word' id='word_1_208' title='bbox 1815 2733 1991 2790; x_wconf 88' lang='lat' dir='ltr'><strong>aliam</strong></span> <span class='ocrx_word' id='word_1_209' title='bbox 2040 2734 2251 2791; x_wconf 88' lang='lat' dir='ltr'><strong>horum</strong></span> 
     </span>
    </p>
   </div>
   <div class='ocr_carea' id='block_1_29' title="bbox 609 2825 2251 2897">
    <p class='ocr_par' dir='ltr' id='par_1_29' title="bbox 609 2825 2251 2897">
     <span class='ocr_line' id='line_1_29' title="bbox 609 2825 2251 2897; baseline -0.001 -16"><span class='ocrx_word' id='word_1_210' title='bbox 609 2831 877 2881; x_wconf 82' lang='lat' dir='ltr'><strong>motuum</strong></span> <span class='ocrx_word' id='word_1_211' title='bbox 910 2842 1150 2882; x_wconf 82' lang='lat' dir='ltr'><strong>causam</strong></span> <span class='ocrx_word' id='word_1_212' title='bbox 1182 2842 1357 2897; x_wconf 91' lang='lat' dir='ltr'><strong>quam</strong></span> <span class='ocrx_word' id='word_1_213' title='bbox 1390 2825 1539 2881; x_wconf 89' lang='lat' dir='ltr'><strong>iram</strong></span> <span class='ocrx_word' id='word_1_214' title='bbox 1573 2827 1630 2880; x_wconf 88' lang='lat' dir='ltr'><strong>in</strong></span> <span class='ocrx_word' id='word_1_215' title='bbox 1664 2842 1726 2882; x_wconf 89' lang='lat' dir='ltr'><strong>se</strong></span> <span class='ocrx_word' id='word_1_216' title='bbox 1757 2826 2127 2897; x_wconf 89' lang='lat' dir='ltr'><strong>imperatoris</strong></span> <span class='ocrx_word' id='word_1_217' title='bbox 2160 2826 2251 2882; x_wconf 84' lang='lat' dir='ltr'><strong>ul-</strong></span> 
     </span>
    </p>
   </div>
   <div class='ocr_carea' id='block_1_30' title="bbox 608 2914 2253 2987">
    <p class='ocr_par' dir='ltr' id='par_1_30' title="bbox 608 2914 2253 2987">
     <span class='ocr_line' id='line_1_30' title="bbox 608 2914 2253 2987; baseline 0.001 -18"><span class='ocrx_word' id='word_1_218' title='bbox 608 2916 827 2971; x_wconf 90' lang='lat' dir='ltr'><strong>tionem</strong></span> <span class='ocrx_word' id='word_1_219' title='bbox 857 2915 1203 2986; x_wconf 85' lang='lat' dir='ltr'><strong>expetentis,</strong></span> <span class='ocrx_word' id='word_1_220' title='bbox 1237 2914 1296 2969; x_wconf 91' lang='lat' dir='ltr'><strong>in</strong></span> <span class='ocrx_word' id='word_1_221' title='bbox 1328 2931 1446 2986; x_wconf 90' lang='lat' dir='ltr'><strong>qua</strong></span> <span class='ocrx_word' id='word_1_222' title='bbox 1476 2915 1885 2986; x_wconf 89' lang='lat' dir='ltr'><strong>prosecutione</strong></span> <span class='ocrx_word' id='word_1_223' title='bbox 1927 2914 2253 2987; x_wconf 91' lang='lat' dir='ltr'><strong>periculum</strong></span> 
     </span>
    </p>
   </div>
   <div class='ocr_carea' id='block_1_31' title="bbox 607 3003 2250 3077">
    <p class='ocr_par' dir='ltr' id='par_1_31' title="bbox 607 3003 2250 3077">
     <span class='ocr_line' id='line_1_31' title="bbox 607 3003 2250 3077; baseline 0.001 -17"><span class='ocrx_word' id='word_1_224' title='bbox 607 3011 729 3060; x_wconf 88' lang='lat' dir='ltr'><strong>erat</strong></span> <span class='ocrx_word' id='word_1_225' title='bbox 757 3022 827 3060; x_wconf 90' lang='lat' dir='ltr'><strong>ne</strong></span> <span class='ocrx_word' id='word_1_226' title='bbox 852 3004 902 3060; x_wconf 90' lang='lat' dir='ltr'><strong>is</strong></span> <span class='ocrx_word' id='word_1_227' title='bbox 928 3003 1081 3059; x_wconf 87' lang='lat' dir='ltr'><strong>malo</strong></span> <span class='ocrx_word' id='word_1_228' title='bbox 1112 3003 1269 3059; x_wconf 82' lang='lat' dir='ltr'><strong>aliud</strong></span> <span class='ocrx_word' id='word_1_229' title='bbox 1304 3004 1523 3060; x_wconf 87' lang='lat' dir='ltr'><strong>malum</strong></span> <span class='ocrx_word' id='word_1_230' title='bbox 1555 3021 1657 3076; x_wconf 90' lang='lat' dir='ltr'><strong>pro</strong></span> <span class='ocrx_word' id='word_1_231' title='bbox 1692 3004 1950 3060; x_wconf 90' lang='lat' dir='ltr'><strong>remedio</strong></span> <span class='ocrx_word' id='word_1_232' title='bbox 1994 3022 2250 3077; x_wconf 88' lang='lat' dir='ltr'><strong>appone-</strong></span> 
     </span>
    </p>
   </div>
   <div class='ocr_carea' id='block_1_32' title="bbox 604 3092 2254 3164">
    <p class='ocr_par' dir='ltr' id='par_1_32' title="bbox 604 3092 2254 3164">
     <span class='ocr_line' id='line_1_32' title="bbox 604 3092 2254 3164; baseline 0.001 -17"><span class='ocrx_word' id='word_1_233' title='bbox 604 3099 712 3156; x_wconf 89' lang='lat' dir='ltr'><strong>ret,</strong></span> <span class='ocrx_word' id='word_1_234' title='bbox 748 3110 855 3148; x_wconf 86' lang='lat' dir='ltr'><strong>suo</strong></span> <span class='ocrx_word' id='word_1_235' title='bbox 885 3092 1155 3147; x_wconf 73' lang='lat' dir='ltr'><strong>videlicet</strong></span> <span class='ocrx_word' id='word_1_236' title='bbox 1198 3092 1256 3147; x_wconf 92' lang='lat' dir='ltr'><strong>in</strong></span> <span class='ocrx_word' id='word_1_237' title='bbox 1302 3092 1693 3164; x_wconf 87' lang='lat' dir='ltr'><strong>patriarcham</strong></span> <span class='ocrx_word' id='word_1_238' title='bbox 1738 3093 1871 3150; x_wconf 85' lang='lat' dir='ltr'><strong>odio</strong></span> <span class='ocrx_word' id='word_1_239' title='bbox 1906 3096 1977 3150; x_wconf 78' lang='lat' dir='ltr'><strong>&#39;et</strong></span> <span class='ocrx_word' id='word_1_240' title='bbox 2023 3093 2254 3150; x_wconf 90' lang='lat' dir='ltr'><strong>rancori</strong></span> 
     </span>
    </p>
   </div>
   <div class='ocr_carea' id='block_1_33' title="bbox 602 3180 2248 3254">
    <p class='ocr_par' dir='ltr' id='par_1_33' title="bbox 602 3180 2248 3254">
     <span class='ocr_line' id='line_1_33' title="bbox 602 3180 2248 3254; baseline 0.001 -18"><span class='ocrx_word' id='word_1_241' title='bbox 602 3182 946 3253; x_wconf 64' lang='lat' dir='ltr'><strong>patriarcha</strong></span> <span class='ocrx_word' id='word_1_242' title='bbox 977 3181 1166 3253; x_wconf 79' lang='lat' dir='ltr'><strong>ipsius</strong></span> <span class='ocrx_word' id='word_1_243' title='bbox 1197 3180 1579 3238; x_wconf 75' lang='lat' dir='ltr'><strong>damnatione</strong></span> <span class='ocrx_word' id='word_1_244' title='bbox 1608 3182 1980 3254; x_wconf 88' lang='lat' dir='ltr'><strong>procuranda</strong></span> <span class='ocrx_word' id='word_1_245' title='bbox 2025 3181 2248 3239; x_wconf 89' lang='lat' dir='ltr'><strong>mederi</strong></span> 
     </span>
    </p>
   </div>
   <div class='ocr_carea' id='block_1_34' title="bbox 600 3269 2247 3343">
    <p class='ocr_par' dir='ltr' id='par_1_34' title="bbox 600 3269 2247 3343">
     <span class='ocr_line' id='line_1_34' title="bbox 600 3269 2247 3343; baseline 0.001 -18"><span class='ocrx_word' id='word_1_246' title='bbox 600 3277 702 3326; x_wconf 87' lang='lat' dir='ltr'><strong>aut</strong></span> <span class='ocrx_word' id='word_1_247' title='bbox 736 3270 931 3341; x_wconf 78' lang='lat' dir='ltr'><strong>potius</strong></span> <span class='ocrx_word' id='word_1_248' title='bbox 957 3269 1199 3340; x_wconf 85' lang='lat' dir='ltr'><strong>obsequi</strong></span> <span class='ocrx_word' id='word_1_249' title='bbox 1230 3274 1529 3342; x_wconf 82' lang='lat' dir='ltr'><strong>satagens,</strong></span> <span class='ocrx_word' id='word_1_250' title='bbox 1559 3270 1816 3343; x_wconf 89' lang='lat' dir='ltr'><strong>speravit</strong></span> <span class='ocrx_word' id='word_1_251' title='bbox 1845 3286 1960 3327; x_wconf 92' lang='lat' dir='ltr'><strong>uno</strong></span> <span class='ocrx_word' id='word_1_252' title='bbox 1990 3270 2084 3328; x_wconf 88' lang='lat' dir='ltr'><strong>sui</strong></span> <span class='ocrx_word' id='word_1_253' title='bbox 2113 3287 2247 3327; x_wconf 90' lang='lat' dir='ltr'><strong>cum</strong></span> 
     </span>
    </p>
   </div>
   <div class='ocr_carea' id='block_1_35' title="bbox 600 3359 2253 3433">
    <p class='ocr_par' dir='ltr' id='par_1_35' title="bbox 600 3359 2253 3433">
     <span class='ocr_line' id='line_1_35' title="bbox 600 3359 2253 3433; baseline 0.001 -18"><span class='ocrx_word' id='word_1_254' title='bbox 600 3361 829 3415; x_wconf 80' lang='lat' dir='ltr'><strong>infenso</strong></span> <span class='ocrx_word' id='word_1_255' title='bbox 862 3359 1217 3433; x_wconf 78' lang='lat' dir='ltr'><strong>imperatore</strong></span> <span class='ocrx_word' id='word_1_256' title='bbox 1244 3374 1563 3431; x_wconf 87' lang='lat' dir='ltr'><strong>congressu</strong></span> <span class='ocrx_word' id='word_1_257' title='bbox 1614 3359 1769 3415; x_wconf 83' lang='lat' dir='ltr'><strong>istud</strong></span> <span class='ocrx_word' id='word_1_258' title='bbox 1820 3359 2085 3432; x_wconf 72' lang='lat' dir='ltr'><strong>preverti</strong></span> <span class='ocrx_word' id='word_1_259' title='bbox 2132 3360 2253 3416; x_wconf 85' lang='lat' dir='ltr'><strong>dis-</strong></span> 
     </span>
    </p>
   </div>
   <div class='ocr_carea' id='block_1_36' title="bbox 603 3448 2254 3521">
    <p class='ocr_par' dir='ltr' id='par_1_36' title="bbox 603 3448 2254 3521">
     <span class='ocr_line' id='line_1_36' title="bbox 603 3448 2254 3521; baseline 0.001 -17"><span class='ocrx_word' id='word_1_260' title='bbox 603 3450 825 3505; x_wconf 87' lang='lat' dir='ltr'><strong>crimen</strong></span> <span class='ocrx_word' id='word_1_261' title='bbox 876 3465 1067 3520; x_wconf 90' lang='lat' dir='ltr'><strong>posse.</strong></span> <span class='ocrx_word' id='word_1_262' title='bbox 1120 3450 1310 3513; x_wconf 86' lang='lat' dir='ltr'><strong>Quare</strong></span> <span class='ocrx_word' id='word_1_263' title='bbox 1368 3448 1859 3520; x_wconf 88' lang='lat' dir='ltr'><strong>pusillanimitate</strong></span> <span class='ocrx_word' id='word_1_264' title='bbox 1916 3449 2254 3521; x_wconf 88' lang='lat' dir='ltr'><strong>posthabita</strong></span> 
     </span>
    </p>
   </div>
   <div class='ocr_carea' id='block_1_37' title="bbox 603 3538 2249 3611">
    <p class='ocr_par' dir='ltr' id='par_1_37' title="bbox 603 3538 2249 3611">
     <span class='ocr_line' id='line_1_37' title="bbox 603 3538 2249 3611; baseline 0.001 -17"><span class='ocrx_word' id='word_1_265' title='bbox 603 3556 819 3610; x_wconf 88' lang='lat' dir='ltr'><strong>equum</strong></span> <span class='ocrx_word' id='word_1_266' title='bbox 854 3538 1168 3603; x_wconf 88' lang='lat' dir='ltr'><strong>inscendit,</strong></span> <span class='ocrx_word' id='word_1_267' title='bbox 1207 3538 1486 3593; x_wconf 90' lang='lat' dir='ltr'><strong>desuetus</strong></span> <span class='ocrx_word' id='word_1_268' title='bbox 1518 3538 1574 3593; x_wconf 89' lang='lat' dir='ltr'><strong>id</strong></span> <span class='ocrx_word' id='word_1_269' title='bbox 1610 3539 1798 3594; x_wconf 90' lang='lat' dir='ltr'><strong>facere</strong></span> <span class='ocrx_word' id='word_1_270' title='bbox 1838 3540 1964 3609; x_wconf 79' lang='lat' dir='ltr'><strong>jam</strong></span> <span class='ocrx_word' id='word_1_271' title='bbox 2014 3556 2082 3594; x_wconf 89' lang='lat' dir='ltr'><strong>ex</strong></span> <span class='ocrx_word' id='word_1_272' title='bbox 2134 3555 2249 3611; x_wconf 91' lang='lat' dir='ltr'><strong>quo</strong></span> 
     </span>
    </p>
   </div>
   <div class='ocr_carea' id='block_1_38' title="bbox 601 3626 2246 3698">
    <p class='ocr_par' dir='ltr' id='par_1_38' title="bbox 601 3626 2246 3698">
     <span class='ocr_line' id='line_1_38' title="bbox 601 3626 2246 3698; baseline -0.001 -16"><span class='ocrx_word' id='word_1_273' title='bbox 601 3626 1169 3697; x_wconf 83' lang='lat' dir='ltr'><strong>Constantinopolim</strong></span> <span class='ocrx_word' id='word_1_274' title='bbox 1201 3627 1531 3695; x_wconf 86' lang='lat' dir='ltr'><strong>advenerat,</strong></span> <span class='ocrx_word' id='word_1_275' title='bbox 1570 3632 1628 3683; x_wconf 87' lang='lat' dir='ltr'><strong>et</strong></span> <span class='ocrx_word' id='word_1_276' title='bbox 1658 3628 2070 3698; x_wconf 87' lang='lat' dir='ltr'><strong>imperatorem</strong></span> <span class='ocrx_word' id='word_1_277' title='bbox 2103 3628 2246 3683; x_wconf 89' lang='lat' dir='ltr'><strong>adit.</strong></span> 
     </span>
    </p>
   </div>
   <div class='ocr_carea' id='block_1_39' title="bbox 598 3716 2249 3789">
    <p class='ocr_par' dir='ltr' id='par_1_39' title="bbox 598 3716 2249 3789">
     <span class='ocr_line' id='line_1_39' title="bbox 598 3716 2249 3789; baseline 0 -17"><span class='ocrx_word' id='word_1_278' title='bbox 598 3717 730 3772; x_wconf 89' lang='lat' dir='ltr'><strong>Dies</strong></span> <span class='ocrx_word' id='word_1_279' title='bbox 764 3733 881 3787; x_wconf 86' lang='lat' dir='ltr'><strong>qua</strong></span> <span class='ocrx_word' id='word_1_280' title='bbox 914 3716 1033 3772; x_wconf 61' lang='lat' dir='ltr'><strong>hac</strong></span> <span class='ocrx_word' id='word_1_281' title='bbox 1061 3720 1222 3787; x_wconf 81' lang='lat' dir='ltr'><strong>gesta</strong></span> <span class='ocrx_word' id='word_1_282' title='bbox 1259 3720 1399 3771; x_wconf 92' lang='lat' dir='ltr'><strong>sunt</strong></span> <span class='ocrx_word' id='word_1_283' title='bbox 1428 3716 1735 3771; x_wconf 89' lang='lat' dir='ltr'><strong>Dominica</strong></span> <span class='ocrx_word' id='word_1_284' title='bbox 1766 3718 2104 3789; x_wconf 88' lang='lat' dir='ltr'><strong>erat.Igitur</strong></span> <span class='ocrx_word' id='word_1_285' title='bbox 2134 3718 2249 3772; x_wconf 91' lang='lat' dir='ltr'><strong>im-</strong></span> 
     </span>
    </p>
   </div>
   <div class='ocr_carea' id='block_1_40' title="bbox 598 3804 2249 3877">
    <p class='ocr_par' dir='ltr' id='par_1_40' title="bbox 598 3804 2249 3877">
     <span class='ocr_line' id='line_1_40' title="bbox 598 3804 2249 3877; baseline 0.001 -18"><span class='ocrx_word' id='word_1_286' title='bbox 598 3811 829 3877; x_wconf 87' lang='lat' dir='ltr'><strong>perator</strong></span> <span class='ocrx_word' id='word_1_287' title='bbox 853 3810 1016 3860; x_wconf 90' lang='lat' dir='ltr'><strong>ratus</strong></span> <span class='ocrx_word' id='word_1_288' title='bbox 1038 3810 1300 3877; x_wconf 90' lang='lat' dir='ltr'><strong>optatam</strong></span> <span class='ocrx_word' id='word_1_289' title='bbox 1327 3806 1428 3860; x_wconf 90' lang='lat' dir='ltr'><strong>diu</strong></span> <span class='ocrx_word' id='word_1_290' title='bbox 1448 3804 1985 3861; x_wconf 87' lang='lat' dir='ltr'><strong>sibiremissionem</strong></span> <span class='ocrx_word' id='word_1_291' title='bbox 2012 3806 2249 3862; x_wconf 81' lang='lat' dir='ltr'><strong>anathe-</strong></span> 
     </span>
    </p>
   </div>
   <div class='ocr_carea' id='block_1_41' title="bbox 602 3894 2247 3965">
    <p class='ocr_par' dir='ltr' id='par_1_41' title="bbox 602 3894 2247 3965">
     <span class='ocr_line' id='line_1_41' title="bbox 602 3894 2247 3965; baseline -0.001 -15"><span class='ocrx_word' id='word_1_292' title='bbox 602 3896 775 3950; x_wconf 88' lang='lat' dir='ltr'><strong>matis</strong></span> <span class='ocrx_word' id='word_1_293' title='bbox 800 3896 867 3949; x_wconf 90' lang='lat' dir='ltr'><strong>ad</strong></span> <span class='ocrx_word' id='word_1_294' title='bbox 895 3912 956 3949; x_wconf 86' lang='lat' dir='ltr'><strong>se</strong></span> <span class='ocrx_word' id='word_1_295' title='bbox 980 3894 1129 3949; x_wconf 91' lang='lat' dir='ltr'><strong>ultro</strong></span> <span class='ocrx_word' id='word_1_296' title='bbox 1151 3894 1362 3950; x_wconf 80' lang='lat' dir='ltr'><strong>deferri</strong></span> <span class='ocrx_word' id='word_1_297' title='bbox 1395 3895 1706 3965; x_wconf 80' lang='lat' dir='ltr'><strong>(suadebat</strong></span> <span class='ocrx_word' id='word_1_298' title='bbox 1736 3895 1845 3951; x_wconf 91' lang='lat' dir='ltr'><strong>hoc</strong></span> <span class='ocrx_word' id='word_1_299' title='bbox 1876 3896 2033 3951; x_wconf 92' lang='lat' dir='ltr'><strong>enim</strong></span> <span class='ocrx_word' id='word_1_300' title='bbox 2079 3896 2247 3965; x_wconf 89' lang='lat' dir='ltr'><strong>equi-</strong></span> 
     </span>
    </p>
   </div>
   <div class='ocr_carea' id='block_1_42' title="bbox 597 3982 2245 4056">
    <p class='ocr_par' dir='ltr' id='par_1_42' title="bbox 597 3982 2245 4056">
     <span class='ocr_line' id='line_1_42' title="bbox 597 3982 2245 4056; baseline -0.001 -16"><span class='ocrx_word' id='word_1_301' title='bbox 597 3986 742 4040; x_wconf 73' lang='lat' dir='ltr'><strong>tatio</strong></span> <span class='ocrx_word' id='word_1_302' title='bbox 778 3985 875 4039; x_wconf 90' lang='lat' dir='ltr'><strong>illa</strong></span> <span class='ocrx_word' id='word_1_303' title='bbox 908 3983 1145 4039; x_wconf 89' lang='lat' dir='ltr'><strong>insolita</strong></span> <span class='ocrx_word' id='word_1_304' title='bbox 1175 3982 1517 4055; x_wconf 62' lang='lat' dir='ltr'><strong>patriarcha</strong></span> <span class='ocrx_word' id='word_1_305' title='bbox 1546 3985 1950 4056; x_wconf 88' lang='lat' dir='ltr'><strong>adventusque</strong></span> <span class='ocrx_word' id='word_1_306' title='bbox 1978 3984 2245 4055; x_wconf 88' lang='lat' dir='ltr'><strong>inopina-</strong></span> 
     </span>
    </p>
   </div>
   <div class='ocr_carea' id='block_1_43' title="bbox 597 4072 2243 4145">
    <p class='ocr_par' dir='ltr' id='par_1_43' title="bbox 597 4072 2243 4145">
     <span class='ocr_line' id='line_1_43' title="bbox 597 4072 2243 4145; baseline 0 -17"><span class='ocrx_word' id='word_1_307' title='bbox 597 4079 713 4138; x_wconf 88' lang='lat' dir='ltr'><strong>tus,</strong></span> <span class='ocrx_word' id='word_1_308' title='bbox 768 4080 823 4127; x_wconf 90' lang='lat' dir='ltr'><strong>et</strong></span> <span class='ocrx_word' id='word_1_309' title='bbox 878 4072 1219 4127; x_wconf 86' lang='lat' dir='ltr'><strong>verisimilis</strong></span> <span class='ocrx_word' id='word_1_310' title='bbox 1275 4073 1634 4143; x_wconf 84' lang='lat' dir='ltr'><strong>conjectura,</strong></span> <span class='ocrx_word' id='word_1_311' title='bbox 1694 4073 2017 4145; x_wconf 89' lang='lat' dir='ltr'><strong>impulsum</strong></span> <span class='ocrx_word' id='word_1_312' title='bbox 2078 4073 2243 4129; x_wconf 90' lang='lat' dir='ltr'><strong>illum</strong></span> 
     </span>
    </p>
   </div>
   <div class='ocr_carea' id='block_1_44' title="bbox 599 4163 2245 4235">
    <p class='ocr_par' dir='ltr' id='par_1_44' title="bbox 599 4163 2245 4235">
     <span class='ocr_line' id='line_1_44' title="bbox 599 4163 2245 4235; baseline -0.001 -16"><span class='ocrx_word' id='word_1_313' title='bbox 599 4169 757 4219; x_wconf 85' lang='lat' dir='ltr'><strong>metu</strong></span> <span class='ocrx_word' id='word_1_314' title='bbox 817 4163 1089 4219; x_wconf 81' lang='lat' dir='ltr'><strong>intentati</strong></span> <span class='ocrx_word' id='word_1_315' title='bbox 1143 4163 1351 4234; x_wconf 88' lang='lat' dir='ltr'><strong>judicii</strong></span> <span class='ocrx_word' id='word_1_316' title='bbox 1410 4166 1467 4218; x_wconf 91' lang='lat' dir='ltr'><strong>et</strong></span> <span class='ocrx_word' id='word_1_317' title='bbox 1524 4163 1787 4235; x_wconf 87' lang='lat' dir='ltr'><strong>periculo</strong></span> <span class='ocrx_word' id='word_1_318' title='bbox 1844 4164 2245 4220; x_wconf 86' lang='lat' dir='ltr'><strong>damnationis</strong></span> 
     </span>
    </p>
   </div>
   <div class='ocr_carea' id='block_1_45' title="bbox 593 4252 2244 4325">
    <p class='ocr_par' dir='ltr' id='par_1_45' title="bbox 593 4252 2244 4325">
     <span class='ocr_line' id='line_1_45' title="bbox 593 4252 2244 4325; baseline 0.001 -19"><span class='ocrx_word' id='word_1_319' title='bbox 593 4253 960 4307; x_wconf 88' lang='lat' dir='ltr'><strong>imminentis</strong></span> <span class='ocrx_word' id='word_1_320' title='bbox 1025 4253 1096 4306; x_wconf 88' lang='lat' dir='ltr'><strong>ad</strong></span> <span class='ocrx_word' id='word_1_321' title='bbox 1167 4252 1323 4307; x_wconf 88' lang='lat' dir='ltr'><strong>hunc</strong></span> <span class='ocrx_word' id='word_1_322' title='bbox 1392 4257 1667 4308; x_wconf 86' lang='lat' dir='ltr'><strong>conatum</strong></span> <span class='ocrx_word' id='word_1_323' title='bbox 1729 4254 1817 4307; x_wconf 87' lang='lat' dir='ltr'><strong>sui</strong></span> <span class='ocrx_word' id='word_1_324' title='bbox 1876 4253 2244 4325; x_wconf 88' lang='lat' dir='ltr'><strong>deliniendi),</strong></span> 
     </span>
    </p>
   </div>
   <div class='ocr_carea' id='block_1_46' title="bbox 592 4342 2245 4416">
    <p class='ocr_par' dir='ltr' id='par_1_46' title="bbox 592 4342 2245 4416">
     <span class='ocr_line' id='line_1_46' title="bbox 592 4342 2245 4416; baseline 0.001 -19"><span class='ocrx_word' id='word_1_325' title='bbox 592 4342 1038 4416; x_wconf 87' lang='lat' dir='ltr'><strong>perhumaniter</strong></span> <span class='ocrx_word' id='word_1_326' title='bbox 1062 4342 1321 4398; x_wconf 90' lang='lat' dir='ltr'><strong>occurrit</strong></span> <span class='ocrx_word' id='word_1_327' title='bbox 1354 4342 1631 4410; x_wconf 80' lang='lat' dir='ltr'><strong>venienti,</strong></span> <span class='ocrx_word' id='word_1_328' title='bbox 1680 4346 1740 4398; x_wconf 90' lang='lat' dir='ltr'><strong>et</strong></span> <span class='ocrx_word' id='word_1_329' title='bbox 1780 4358 1917 4398; x_wconf 90' lang='lat' dir='ltr'><strong>eum</strong></span> <span class='ocrx_word' id='word_1_330' title='bbox 1968 4342 2245 4399; x_wconf 89' lang='lat' dir='ltr'><strong>benevole</strong></span> 
     </span>
    </p>
   </div>
   <div class='ocr_carea' id='block_1_47' title="bbox 596 4430 2245 4504">
    <p class='ocr_par' dir='ltr' id='par_1_47' title="bbox 596 4430 2245 4504">
     <span class='ocr_line' id='line_1_47' title="bbox 596 4430 2245 4504; baseline 0.001 -16"><span class='ocrx_word' id='word_1_331' title='bbox 596 4434 967 4488; x_wconf 90' lang='lat' dir='ltr'><strong>accedentem</strong></span> <span class='ocrx_word' id='word_1_332' title='bbox 1000 4437 1179 4504; x_wconf 90' lang='lat' dir='ltr'><strong>atque</strong></span> <span class='ocrx_word' id='word_1_333' title='bbox 1230 4430 1498 4488; x_wconf 88' lang='lat' dir='ltr'><strong>hilariter</strong></span> <span class='ocrx_word' id='word_1_334' title='bbox 1546 4432 1785 4503; x_wconf 85' lang='lat' dir='ltr'><strong>excipit,</strong></span> <span class='ocrx_word' id='word_1_335' title='bbox 1834 4437 1959 4488; x_wconf 90' lang='lat' dir='ltr'><strong>tum</strong></span> <span class='ocrx_word' id='word_1_336' title='bbox 2010 4432 2245 4489; x_wconf 86' lang='lat' dir='ltr'><strong>blandis</strong></span> 
     </span>
    </p>
   </div>
   <div class='ocr_carea' id='block_1_48' title="bbox 598 4521 2244 4595">
    <p class='ocr_par' dir='ltr' id='par_1_48' title="bbox 598 4521 2244 4595">
     <span class='ocr_line' id='line_1_48' title="bbox 598 4521 2244 4595; baseline 0.002 -20"><span class='ocrx_word' id='word_1_337' title='bbox 598 4521 805 4593; x_wconf 89' lang='lat' dir='ltr'><strong>perdiu</strong></span> <span class='ocrx_word' id='word_1_338' title='bbox 839 4521 1211 4577; x_wconf 90' lang='lat' dir='ltr'><strong>sermonibus</strong></span> <span class='ocrx_word' id='word_1_339' title='bbox 1242 4522 1481 4577; x_wconf 89' lang='lat' dir='ltr'><strong>detinet.</strong></span> <span class='ocrx_word' id='word_1_340' title='bbox 1516 4521 1589 4577; x_wconf 90' lang='lat' dir='ltr'><strong>Ut</strong></span> <span class='ocrx_word' id='word_1_341' title='bbox 1617 4537 1755 4593; x_wconf 90' lang='lat' dir='ltr'><strong>ergo</strong></span> <span class='ocrx_word' id='word_1_342' title='bbox 1786 4538 1965 4577; x_wconf 72' lang='lat' dir='ltr'><strong>sacrae</strong></span> <span class='ocrx_word' id='word_1_343' title='bbox 1994 4521 2244 4595; x_wconf 71' lang='lat' dir='ltr'><strong>Iiturgite</strong></span> 
     </span>
    </p>
   </div>
   <div class='ocr_carea' id='block_1_49' title="bbox 599 4594 2325 4682">
    <p class='ocr_par' dir='ltr' id='par_1_49' title="bbox 599 4594 2325 4682">
     <span class='ocr_line' id='line_1_49' title="bbox 599 4594 2325 4682; baseline 0.002 -16"><span class='ocrx_word' id='word_1_344' title='bbox 599 4612 753 4667; x_wconf 73' lang='lat'><strong>262</strong></span> <span class='ocrx_word' id='word_1_345' title='bbox 788 4616 1024 4682; x_wconf 84' lang='lat' dir='ltr'><strong>tempus</strong></span> <span class='ocrx_word' id='word_1_346' title='bbox 1056 4610 1264 4676; x_wconf 83' lang='lat' dir='ltr'><strong>adfuit,</strong></span> <span class='ocrx_word' id='word_1_347' title='bbox 1298 4611 1617 4682; x_wconf 89' lang='lat' dir='ltr'><strong>imperator</strong></span> <span class='ocrx_word' id='word_1_348' title='bbox 1654 4612 1783 4682; x_wconf 86' lang='lat' dir='ltr'><strong>jam</strong></span> <span class='ocrx_word' id='word_1_349' title='bbox 1833 4611 1892 4665; x_wconf 89' lang='lat' dir='ltr'><strong>in</strong></span> <span class='ocrx_word' id='word_1_350' title='bbox 1946 4594 2245 4682; x_wconf 73' lang='lat' dir='ltr'><strong>procinctu</strong></span> <span class='ocrx_word' id='word_1_351' title='bbox 2280 4594 2325 4657; x_wconf 83' lang='lat' dir='ltr'><strong>D</strong></span> 
     </span>
    </p>
   </div>
   <div class='ocr_carea' id='block_1_50' title="bbox 597 4698 2245 4772">
    <p class='ocr_par' dir='ltr' id='par_1_50' title="bbox 597 4698 2245 4772">
     <span class='ocr_line' id='line_1_50' title="bbox 597 4698 2245 4772; baseline 0.001 -18"><span class='ocrx_word' id='word_1_352' title='bbox 597 4698 853 4754; x_wconf 89' lang='lat' dir='ltr'><strong>adeundi</strong></span> <span class='ocrx_word' id='word_1_353' title='bbox 884 4699 1083 4770; x_wconf 87' lang='lat' dir='ltr'><strong>templi</strong></span> <span class='ocrx_word' id='word_1_354' title='bbox 1115 4700 1278 4756; x_wconf 90' lang='lat' dir='ltr'><strong>misit</strong></span> <span class='ocrx_word' id='word_1_355' title='bbox 1307 4704 1531 4755; x_wconf 87' lang='lat' dir='ltr'><strong>certum</strong></span> <span class='ocrx_word' id='word_1_356' title='bbox 1563 4716 1592 4755; x_wconf 90' lang='lat' dir='ltr'><strong>e</strong></span> <span class='ocrx_word' id='word_1_357' title='bbox 1624 4700 1749 4756; x_wconf 90' lang='lat' dir='ltr'><strong>suis</strong></span> <span class='ocrx_word' id='word_1_358' title='bbox 1781 4701 1877 4769; x_wconf 91' lang='lat' dir='ltr'><strong>qui</strong></span> <span class='ocrx_word' id='word_1_359' title='bbox 1924 4702 2245 4772; x_wconf 62' lang='lat' dir='ltr'><strong>praemuni-</strong></span> 
     </span>
    </p>
   </div>
   <div class='ocr_carea' id='block_1_51' title="bbox 598 4788 2247 4861">
    <p class='ocr_par' dir='ltr' id='par_1_51' title="bbox 598 4788 2247 4861">
     <span class='ocr_line' id='line_1_51' title="bbox 598 4788 2247 4861; baseline 0.003 -19"><span class='ocrx_word' id='word_1_360' title='bbox 598 4792 707 4857; x_wconf 88' lang='lat' dir='ltr'><strong>ret,</strong></span> <span class='ocrx_word' id='word_1_361' title='bbox 751 4791 923 4858; x_wconf 89' lang='lat' dir='ltr'><strong>prout</strong></span> <span class='ocrx_word' id='word_1_362' title='bbox 952 4788 1281 4859; x_wconf 88' lang='lat' dir='ltr'><strong>oportebat,</strong></span> <span class='ocrx_word' id='word_1_363' title='bbox 1325 4788 1597 4845; x_wconf 83' lang='lat' dir='ltr'><strong>sacriﬁcii</strong></span> <span class='ocrx_word' id='word_1_364' title='bbox 1653 4789 1979 4857; x_wconf 90' lang='lat' dir='ltr'><strong>ministros,</strong></span> <span class='ocrx_word' id='word_1_365' title='bbox 2026 4792 2247 4861; x_wconf 82' lang='lat' dir='ltr'><strong>jubens</strong></span> 
     </span>
    </p>
   </div>
   <div class='ocr_carea' id='block_1_52' title="bbox 594 4876 2246 4950">
    <p class='ocr_par' dir='ltr' id='par_1_52' title="bbox 594 4876 2246 4950">
     <span class='ocr_line' id='line_1_52' title="bbox 594 4876 2246 4950; baseline 0.002 -19"><span class='ocrx_word' id='word_1_366' title='bbox 594 4894 715 4941; x_wconf 90' lang='lat' dir='ltr'><strong>eos,</strong></span> <span class='ocrx_word' id='word_1_367' title='bbox 774 4876 955 4932; x_wconf 90' lang='lat' dir='ltr'><strong>simul</strong></span> <span class='ocrx_word' id='word_1_368' title='bbox 1015 4877 1427 4949; x_wconf 89' lang='lat' dir='ltr'><strong>imperatorem</strong></span> <span class='ocrx_word' id='word_1_369' title='bbox 1489 4878 1913 4950; x_wconf 80' lang='lat' dir='ltr'><strong>ingredientem</strong></span> <span class='ocrx_word' id='word_1_370' title='bbox 1962 4879 2246 4950; x_wconf 86' lang='lat' dir='ltr'><strong>viderent,</strong></span> 
     </span>
    </p>
   </div>
   <div class='ocr_carea' id='block_1_53' title="bbox 596 4965 2248 5042">
    <p class='ocr_par' dir='ltr' id='par_1_53' title="bbox 596 4965 2248 5042">
     <span class='ocr_line' id='line_1_53' title="bbox 596 4965 2248 5042; baseline 0.004 -23"><span class='ocrx_word' id='word_1_371' title='bbox 596 4965 824 5032; x_wconf 86' lang='lat' dir='ltr'><strong>statim,</strong></span> <span class='ocrx_word' id='word_1_372' title='bbox 858 4983 972 5022; x_wconf 91' lang='lat' dir='ltr'><strong>non</strong></span> <span class='ocrx_word' id='word_1_373' title='bbox 997 4971 1327 5039; x_wconf 85' lang='lat' dir='ltr'><strong>exspectato</strong></span> <span class='ocrx_word' id='word_1_374' title='bbox 1350 4968 1492 5023; x_wconf 92' lang='lat' dir='ltr'><strong>dum</strong></span> <span class='ocrx_word' id='word_1_375' title='bbox 1514 4966 1613 5023; x_wconf 88' lang='lat' dir='ltr'><strong>ille</strong></span> <span class='ocrx_word' id='word_1_376' title='bbox 1634 4967 1705 5024; x_wconf 89' lang='lat' dir='ltr'><strong>ad</strong></span> <span class='ocrx_word' id='word_1_377' title='bbox 1728 4984 1927 5025; x_wconf 87' lang='lat' dir='ltr'><strong>sacras</strong></span> <span class='ocrx_word' id='word_1_378' title='bbox 1958 4967 2248 5042; x_wconf 80' lang='lat' dir='ltr'><strong>imagines</strong></span> 
     </span>
    </p>
   </div>
   <div class='ocr_carea' id='block_1_54' title="bbox 597 5057 2245 5130">
    <p class='ocr_par' dir='ltr' id='par_1_54' title="bbox 597 5057 2245 5130">
     <span class='ocr_line' id='line_1_54' title="bbox 597 5057 2245 5130; baseline 0.003 -20"><span class='ocrx_word' id='word_1_379' title='bbox 597 5058 950 5112; x_wconf 87' lang='lat' dir='ltr'><strong>adoraturus</strong></span> <span class='ocrx_word' id='word_1_380' title='bbox 978 5058 1302 5124; x_wconf 88' lang='lat' dir='ltr'><strong>accederet,</strong></span> <span class='ocrx_word' id='word_1_381' title='bbox 1334 5057 1615 5129; x_wconf 89' lang='lat' dir='ltr'><strong>nullaque</strong></span> <span class='ocrx_word' id='word_1_382' title='bbox 1644 5058 1887 5114; x_wconf 91' lang='lat' dir='ltr'><strong>omnino</strong></span> <span class='ocrx_word' id='word_1_383' title='bbox 1936 5058 2050 5113; x_wconf 90' lang='lat' dir='ltr'><strong>alia</strong></span> <span class='ocrx_word' id='word_1_384' title='bbox 2101 5075 2245 5130; x_wconf 85' lang='lat' dir='ltr'><strong>qua-</strong></span> 
     </span>
    </p>
   </div>
   <div class='ocr_carea' id='block_1_55' title="bbox 595 5146 2248 5220">
    <p class='ocr_par' dir='ltr' id='par_1_55' title="bbox 595 5146 2248 5220">
     <span class='ocr_line' id='line_1_55' title="bbox 595 5146 2248 5220; baseline 0.002 -21"><span class='ocrx_word' id='word_1_385' title='bbox 595 5161 828 5216; x_wconf 91' lang='lat' dir='ltr'><strong>cunque</strong></span> <span class='ocrx_word' id='word_1_386' title='bbox 859 5162 926 5201; x_wconf 90' lang='lat' dir='ltr'><strong>ex</strong></span> <span class='ocrx_word' id='word_1_387' title='bbox 978 5163 1159 5202; x_wconf 90' lang='lat' dir='ltr'><strong>causa</strong></span> <span class='ocrx_word' id='word_1_388' title='bbox 1210 5162 1376 5203; x_wconf 85' lang='lat' dir='ltr'><strong>mora</strong></span> <span class='ocrx_word' id='word_1_389' title='bbox 1421 5146 1791 5218; x_wconf 85' lang='lat' dir='ltr'><strong>interposita,</strong></span> <span class='ocrx_word' id='word_1_390' title='bbox 1841 5148 2113 5220; x_wconf 87' lang='lat' dir='ltr'><strong>protinus</strong></span> <span class='ocrx_word' id='word_1_391' title='bbox 2158 5147 2248 5203; x_wconf 89' lang='lat' dir='ltr'><strong>in-</strong></span> 
     </span>
    </p>
   </div>
   <div class='ocr_carea' id='block_1_56' title="bbox 596 5234 2244 5305">
    <p class='ocr_par' dir='ltr' id='par_1_56' title="bbox 596 5234 2244 5305">
     <span class='ocr_line' id='line_1_56' title="bbox 596 5234 2244 5305; baseline 0.002 -17"><span class='ocrx_word' id='word_1_392' title='bbox 596 5234 808 5289; x_wconf 87' lang='lat' dir='ltr'><strong>choare</strong></span> <span class='ocrx_word' id='word_1_393' title='bbox 867 5236 1230 5292; x_wconf 76' lang='lat' dir='ltr'><strong>iunctionem</strong></span> <span class='ocrx_word' id='word_1_394' title='bbox 1291 5253 1545 5305; x_wconf 89' lang='lat' dir='ltr'><strong>sacram,</strong></span> <span class='ocrx_word' id='word_1_395' title='bbox 1595 5236 1843 5293; x_wconf 88' lang='lat' dir='ltr'><strong>diacono</strong></span> <span class='ocrx_word' id='word_1_396' title='bbox 1889 5237 2244 5293; x_wconf 87' lang='lat' dir='ltr'><strong>versiculum</strong></span> 
     </span>
    </p>
   </div>
   <div class='ocr_carea' id='block_1_57' title="bbox 596 5324 2248 5397">
    <p class='ocr_par' dir='ltr' id='par_1_57' title="bbox 596 5324 2248 5397">
     <span class='ocr_line' id='line_1_57' title="bbox 596 5324 2248 5397; baseline 0.004 -20"><span class='ocrx_word' id='word_1_397' title='bbox 596 5324 839 5379; x_wconf 81' lang='lat' dir='ltr'><strong>Benedic</strong></span> <span class='ocrx_word' id='word_1_398' title='bbox 864 5326 1309 5397; x_wconf 86' lang='lat' dir='ltr'><strong>pronuntiante,</strong></span> <span class='ocrx_word' id='word_1_399' title='bbox 1342 5330 1400 5382; x_wconf 92' lang='lat' dir='ltr'><strong>et</strong></span> <span class='ocrx_word' id='word_1_400' title='bbox 1418 5325 1518 5383; x_wconf 90' lang='lat' dir='ltr'><strong>Dei</strong></span> <span class='ocrx_word' id='word_1_401' title='bbox 1542 5325 2008 5383; x_wconf 86' lang='lat' dir='ltr'><strong>benedictionem</strong></span> <span class='ocrx_word' id='word_1_402' title='bbox 2031 5326 2248 5383; x_wconf 89' lang='lat' dir='ltr'><strong>solem-</strong></span> 
     </span>
    </p>
   </div>
   <div class='ocr_carea' id='block_1_58' title="bbox 595 5415 2249 5487">
    <p class='ocr_par' dir='ltr' id='par_1_58' title="bbox 595 5415 2249 5487">
     <span class='ocr_line' id='line_1_58' title="bbox 595 5415 2249 5487; baseline 0.002 -20"><span class='ocrx_word' id='word_1_403' title='bbox 595 5430 728 5467; x_wconf 91' lang='lat' dir='ltr'><strong>nem</strong></span> <span class='ocrx_word' id='word_1_404' title='bbox 754 5415 1057 5471; x_wconf 87' lang='lat' dir='ltr'><strong>sacerdote</strong></span> <span class='ocrx_word' id='word_1_405' title='bbox 1084 5415 1303 5487; x_wconf 91' lang='lat' dir='ltr'><strong>pariter</strong></span> <span class='ocrx_word' id='word_1_406' title='bbox 1326 5416 1657 5487; x_wconf 84' lang='lat' dir='ltr'><strong>proferente</strong></span> <span class='ocrx_word' id='word_1_407' title='bbox 1675 5432 1813 5472; x_wconf 92' lang='lat' dir='ltr'><strong>voce</strong></span> <span class='ocrx_word' id='word_1_408' title='bbox 1842 5420 2137 5473; x_wconf 90' lang='lat' dir='ltr'><strong>contenta.</strong></span> <span class='ocrx_word' id='word_1_409' title='bbox 2166 5421 2249 5472; x_wconf 83' lang='lat' dir='ltr'><strong>Ac</strong></span> 
     </span>
    </p>
   </div>
   <div class='ocr_carea' id='block_1_59' title="bbox 590 5502 2247 5577">
    <p class='ocr_par' dir='ltr' id='par_1_59' title="bbox 590 5502 2247 5577">
     <span class='ocr_line' id='line_1_59' title="bbox 590 5502 2247 5577; baseline 0.002 -18"><span class='ocrx_word' id='word_1_410' title='bbox 590 5502 904 5559; x_wconf 89' lang='lat' dir='ltr'><strong>consilium</strong></span> <span class='ocrx_word' id='word_1_411' title='bbox 930 5502 988 5558; x_wconf 89' lang='lat' dir='ltr'><strong>in</strong></span> <span class='ocrx_word' id='word_1_412' title='bbox 1015 5504 1107 5560; x_wconf 89' lang='lat' dir='ltr'><strong>his</strong></span> <span class='ocrx_word' id='word_1_413' title='bbox 1131 5505 1503 5577; x_wconf 87' lang='lat' dir='ltr'><strong>imperatoris</strong></span> <span class='ocrx_word' id='word_1_414' title='bbox 1526 5505 1637 5561; x_wconf 90' lang='lat' dir='ltr'><strong>hoc</strong></span> <span class='ocrx_word' id='word_1_415' title='bbox 1658 5510 1819 5561; x_wconf 91' lang='lat' dir='ltr'><strong>erat:</strong></span> <span class='ocrx_word' id='word_1_416' title='bbox 1845 5523 1907 5563; x_wconf 91' lang='lat' dir='ltr'><strong>se</strong></span> <span class='ocrx_word' id='word_1_417' title='bbox 1930 5523 2047 5562; x_wconf 88' lang='lat' dir='ltr'><strong>una</strong></span> <span class='ocrx_word' id='word_1_418' title='bbox 2069 5506 2247 5562; x_wconf 89' lang='lat' dir='ltr'><strong>simul</strong></span> 
     </span>
    </p>
   </div>
   <div class='ocr_carea' id='block_1_60' title="bbox 591 5593 2247 5669">
    <p class='ocr_par' dir='ltr' id='par_1_60' title="bbox 591 5593 2247 5669">
     <span class='ocr_line' id='line_1_60' title="bbox 591 5593 2247 5669; baseline 0.004 -23"><span class='ocrx_word' id='word_1_419' title='bbox 591 5610 721 5647; x_wconf 90' lang='lat' dir='ltr'><strong>cum</strong></span> <span class='ocrx_word' id='word_1_420' title='bbox 747 5593 1083 5665; x_wconf 88' lang='lat' dir='ltr'><strong>patriarcha</strong></span> <span class='ocrx_word' id='word_1_421' title='bbox 1104 5596 1262 5651; x_wconf 90' lang='lat' dir='ltr'><strong>intra</strong></span> <span class='ocrx_word' id='word_1_422' title='bbox 1281 5595 1571 5669; x_wconf 91' lang='lat' dir='ltr'><strong>templum</strong></span> <span class='ocrx_word' id='word_1_423' title='bbox 1595 5599 1789 5652; x_wconf 89' lang='lat' dir='ltr'><strong>stante</strong></span> <span class='ocrx_word' id='word_1_424' title='bbox 1806 5596 2001 5653; x_wconf 72' lang='lat' dir='ltr'><strong>missis</strong></span> <span class='ocrx_word' id='word_1_425' title='bbox 2015 5614 2247 5653; x_wconf 87' lang='lat' dir='ltr'><strong>sacrum</strong></span> 
     </span>
    </p>
   </div>
   <div class='ocr_carea' id='block_1_61' title="bbox 589 5682 2246 5758">
    <p class='ocr_par' dir='ltr' id='par_1_61' title="bbox 589 5682 2246 5758">
     <span class='ocr_line' id='line_1_61' title="bbox 589 5682 2246 5758; baseline 0.002 -21"><span class='ocrx_word' id='word_1_426' title='bbox 589 5682 698 5739; x_wconf 91' lang='lat' dir='ltr'><strong>rite</strong></span> <span class='ocrx_word' id='word_1_427' title='bbox 729 5684 1139 5755; x_wconf 79' lang='lat' dir='ltr'><strong>peragi,tacita</strong></span> <span class='ocrx_word' id='word_1_428' title='bbox 1169 5686 1437 5756; x_wconf 73' lang='lat' dir='ltr'><strong>quaedam</strong></span> <span class='ocrx_word' id='word_1_429' title='bbox 1462 5686 1661 5742; x_wconf 86' lang='lat' dir='ltr'><strong>futura</strong></span> <span class='ocrx_word' id='word_1_430' title='bbox 1685 5685 1796 5758; x_wconf 91' lang='lat' dir='ltr'><strong>ipsi</strong></span> <span class='ocrx_word' id='word_1_431' title='bbox 1822 5686 2133 5744; x_wconf 88' lang='lat' dir='ltr'><strong>videbatur</strong></span> <span class='ocrx_word' id='word_1_432' title='bbox 2155 5688 2246 5743; x_wconf 86' lang='lat' dir='ltr'><strong>sui</strong></span> 
     </span>
    </p>
   </div>
   <div class='ocr_carea' id='block_1_62' title="bbox 2364 575 4017 652">
    <p class='ocr_par' dir='ltr' id='par_1_62' title="bbox 2364 575 4017 652">
     <span class='ocr_line' id='line_1_62' title="bbox 2364 575 4017 652; baseline 0.002 -22"><span class='ocrx_word' id='word_1_433' title='bbox 2364 575 2621 650; x_wconf 86' lang='grc' dir='ltr'>τουργίας</span> <span class='ocrx_word' id='word_1_434' title='bbox 2674 576 3036 652; x_wconf 76' lang='grc' dir='ltr'>ἀπάρχεσθαι.</span> <span class='ocrx_word' id='word_1_435' title='bbox 3099 581 3276 635; x_wconf 91' lang='grc' dir='ltr'>Τοῦτο</span> <span class='ocrx_word' id='word_1_436' title='bbox 3331 576 3377 632; x_wconf 92' lang='grc' dir='ltr'>δ’</span> <span class='ocrx_word' id='word_1_437' title='bbox 3427 582 3491 647; x_wconf 74' lang='grc' dir='ltr'>ἦν</span> <span class='ocrx_word' id='word_1_438' title='bbox 3538 580 3753 640; x_wconf 80' lang='grc' dir='ltr'>πάντως</span> <span class='ocrx_word' id='word_1_439' title='bbox 3797 580 3935 652; x_wconf 89' lang='grc' dir='ltr'>πρὸς</span> <span class='ocrx_word' id='word_1_440' title='bbox 3986 581 4017 633; x_wconf 85' lang='grc' dir='ltr'><strong>’ὀ</strong></span> 
     </span>
    </p>
   </div>
   <div class='ocr_carea' id='block_1_63' title="bbox 2365 665 4015 742">
    <p class='ocr_par' dir='ltr' id='par_1_63' title="bbox 2365 665 4015 742">
     <span class='ocr_line' id='line_1_63' title="bbox 2365 665 4015 742; baseline 0.002 -25"><span class='ocrx_word' id='word_1_441' title='bbox 2365 665 2513 718; x_wconf 89' lang='grc' dir='ltr'>ταῦτ’</span> <span class='ocrx_word' id='word_1_442' title='bbox 2572 665 2776 727; x_wconf 75' lang='grc' dir='ltr'>ἐκεῖνος</span> <span class='ocrx_word' id='word_1_443' title='bbox 2832 666 3277 740; x_wconf 76' lang='grc' dir='ltr'>παρεσκευάζετο,</span> <span class='ocrx_word' id='word_1_444' title='bbox 3334 668 3395 721; x_wconf 88' lang='grc' dir='ltr'>τὸ</span> <span class='ocrx_word' id='word_1_445' title='bbox 3450 668 3541 721; x_wconf 89' lang='grc' dir='ltr'>τὸν</span> <span class='ocrx_word' id='word_1_446' title='bbox 3597 669 3861 742; x_wconf 70' lang='grc' dir='ltr'>ἱεράρχην</span> <span class='ocrx_word' id='word_1_447' title='bbox 3918 672 4015 741; x_wconf 76' lang='grc' dir='ltr'><strong>ἅμ’</strong></span> 
     </span>
    </p>
   </div>
   <div class='ocr_carea' id='block_1_64' title="bbox 2367 752 4014 830">
    <p class='ocr_par' dir='ltr' id='par_1_64' title="bbox 2367 752 4014 830">
     <span class='ocr_line' id='line_1_64' title="bbox 2367 752 4014 830; baseline 0.004 -24"><span class='ocrx_word' id='word_1_448' title='bbox 2367 752 2514 807; x_wconf 89' lang='grc' dir='ltr'><strong>αὐτῶ</strong></span> <span class='ocrx_word' id='word_1_449' title='bbox 2574 752 2657 807; x_wconf 75' lang='grc' dir='ltr'><strong>ἐπ’</strong></span> <span class='ocrx_word' id='word_1_450' title='bbox 2712 754 3005 824; x_wconf 83' lang='grc' dir='ltr'>ἐκκλησίας</span> <span class='ocrx_word' id='word_1_451' title='bbox 3056 762 3403 830; x_wconf 84' lang='grc' dir='ltr'>συναγαγεῖν,</span> <span class='ocrx_word' id='word_1_452' title='bbox 3452 756 3736 809; x_wconf 85' lang='grc' dir='ltr'>κάντεῦθεν</span> <span class='ocrx_word' id='word_1_453' title='bbox 3793 778 4014 827; x_wconf 88' lang='grc' dir='ltr'>σιωπη-</span> 
     </span>
    </p>
   </div>
   <div class='ocr_carea' id='block_1_65' title="bbox 2370 842 4015 920">
    <p class='ocr_par' dir='ltr' id='par_1_65' title="bbox 2370 842 4015 920">
     <span class='ocr_line' id='line_1_65' title="bbox 2370 842 4015 920; baseline 0.004 -25"><span class='ocrx_word' id='word_1_454' title='bbox 2370 843 2481 904; x_wconf 82' lang='grc' dir='ltr'>Αῶς</span> <span class='ocrx_word' id='word_1_455' title='bbox 2510 844 2610 911; x_wconf 79' lang='grc' dir='ltr'>τὴν</span> <span class='ocrx_word' id='word_1_456' title='bbox 2660 847 2760 897; x_wconf 90' lang='grc' dir='ltr'><strong>τοῦ</strong></span> <span class='ocrx_word' id='word_1_457' title='bbox 2789 842 2992 917; x_wconf 89' lang='grc' dir='ltr'>δεσμοῦ</span> <span class='ocrx_word' id='word_1_458' title='bbox 3042 844 3197 900; x_wconf 91' lang='grc' dir='ltr'>λύσιν</span> <span class='ocrx_word' id='word_1_459' title='bbox 3247 847 3803 920; x_wconf 79' lang='grc' dir='ltr'>πραγματευσάμενον</span> <span class='ocrx_word' id='word_1_460' title='bbox 3839 845 4015 920; x_wconf 79' lang='grc' dir='ltr'>ἔχειν.</span> 
     </span>
    </p>
   </div>
   <div class='ocr_carea' id='block_1_66' title="bbox 2368 929 4020 1009">
    <p class='ocr_par' dir='ltr' id='par_1_66' title="bbox 2368 929 4020 1009">
     <span class='ocr_line' id='line_1_66' title="bbox 2368 929 4020 1009; baseline 0.001 -22"><span class='ocrx_word' id='word_1_461' title='bbox 2368 933 2468 987; x_wconf 77' lang='grc' dir='ltr'>Καὶ</span> <span class='ocrx_word' id='word_1_462' title='bbox 2498 929 2564 1000; x_wconf 84' lang='grc' dir='ltr'>δὴ</span> <span class='ocrx_word' id='word_1_463' title='bbox 2613 933 2943 1006; x_wconf 81' lang='grc' dir='ltr'>ηὐτρέπιστο</span> <span class='ocrx_word' id='word_1_464' title='bbox 2996 943 3089 1006; x_wconf 75' lang='grc' dir='ltr'>μὲν</span> <span class='ocrx_word' id='word_1_465' title='bbox 3142 939 3209 989; x_wconf 79' lang='grc' dir='ltr'>τὰ</span> <span class='ocrx_word' id='word_1_466' title='bbox 3255 938 3353 1003; x_wconf 74' lang='grc' dir='ltr'><strong>τῆς</strong></span> <span class='ocrx_word' id='word_1_467' title='bbox 3396 937 3541 1009; x_wconf 76' lang='grc' dir='ltr'>ἱερᾶς</span> <span class='ocrx_word' id='word_1_468' title='bbox 3592 934 3957 1009; x_wconf 76' lang='grc' dir='ltr'>λειτουργίας,</span> <span class='ocrx_word' id='word_1_469' title='bbox 3991 936 4020 988; x_wconf 91' lang='lat'><strong>6</strong></span> 
     </span>
    </p>
   </div>
   <div class='ocr_carea' id='block_1_67' title="bbox 2368 1018 4020 1096">
    <p class='ocr_par' dir='ltr' id='par_1_67' title="bbox 2368 1018 4020 1096">
     <span class='ocr_line' id='line_1_67' title="bbox 2368 1018 4020 1096; baseline 0 -21"><span class='ocrx_word' id='word_1_470' title='bbox 2368 1018 2577 1096; x_wconf 68' lang='grc' dir='ltr'>κλῆρος</span> <span class='ocrx_word' id='word_1_471' title='bbox 2640 1020 2685 1075; x_wconf 90' lang='grc' dir='ltr'>δ’</span> <span class='ocrx_word' id='word_1_472' title='bbox 2745 1025 2881 1083; x_wconf 78' lang='grc' dir='ltr'>ἅπας</span> <span class='ocrx_word' id='word_1_473' title='bbox 2940 1025 3474 1096; x_wconf 81' lang='grc' dir='ltr'>μετασκευασάμενος</span> <span class='ocrx_word' id='word_1_474' title='bbox 3524 1030 3639 1085; x_wconf 88' lang='grc' dir='ltr'>τοῖς</span> <span class='ocrx_word' id='word_1_475' title='bbox 3701 1024 3867 1077; x_wconf 71' lang='grc' dir='ltr'>εἰκόσι</span> <span class='ocrx_word' id='word_1_476' title='bbox 3920 1044 4020 1076; x_wconf 86' lang='grc' dir='ltr'>κα-</span> 
     </span>
    </p>
   </div>
   <div class='ocr_carea' id='block_1_68' title="bbox 2370 1107 4021 1189">
    <p class='ocr_par' dir='ltr' id='par_1_68' title="bbox 2370 1107 4021 1189">
     <span class='ocr_line' id='line_1_68' title="bbox 2370 1107 4021 1189; baseline 0.001 -26"><span class='ocrx_word' id='word_1_477' title='bbox 2370 1107 2725 1183; x_wconf 83' lang='grc' dir='ltr'>ραδοκοῦντες</span> <span class='ocrx_word' id='word_1_478' title='bbox 2752 1112 2847 1165; x_wconf 87' lang='grc' dir='ltr'>τὸν</span> <span class='ocrx_word' id='word_1_479' title='bbox 2900 1112 3126 1186; x_wconf 85' lang='grc' dir='ltr'>βασιλέα</span> <span class='ocrx_word' id='word_1_480' title='bbox 3158 1112 3282 1166; x_wconf 81' lang='grc' dir='ltr'>ὅσον</span> <span class='ocrx_word' id='word_1_481' title='bbox 3335 1109 3489 1166; x_wconf 71' lang='grc' dir='ltr'>οὔπω</span> <span class='ocrx_word' id='word_1_482' title='bbox 3544 1112 3869 1189; x_wconf 78' lang='grc' dir='ltr'>ἀφιξόμενον</span> <span class='ocrx_word' id='word_1_483' title='bbox 3922 1132 4021 1165; x_wconf 90' lang='grc' dir='ltr'>πε-</span> 
     </span>
    </p>
   </div>
   <div class='ocr_carea' id='block_1_69' title="bbox 2369 1197 4017 1276">
    <p class='ocr_par' dir='ltr' id='par_1_69' title="bbox 2369 1197 4017 1276">
     <span class='ocr_line' id='line_1_69' title="bbox 2369 1197 4017 1276; baseline 0.001 -27"><span class='ocrx_word' id='word_1_484' title='bbox 2369 1204 2612 1271; x_wconf 81' lang='grc' dir='ltr'>ριέμενον</span> <span class='ocrx_word' id='word_1_485' title='bbox 2649 1242 2661 1255; x_wconf 93' lang='grc'><strong>.</strong></span> <span class='ocrx_word' id='word_1_486' title='bbox 2716 1200 2779 1253; x_wconf 85' lang='grc' dir='ltr'><strong>Ὀ</strong></span> <span class='ocrx_word' id='word_1_487' title='bbox 2831 1197 2891 1254; x_wconf 57' lang='grc' dir='ltr'>δὲ</span> <span class='ocrx_word' id='word_1_488' title='bbox 2943 1199 3201 1276; x_wconf 83' lang='grc' dir='ltr'>βασιλεὺς</span> <span class='ocrx_word' id='word_1_489' title='bbox 3254 1205 3351 1255; x_wconf 90' lang='grc' dir='ltr'><strong>τοῦ</strong></span> <span class='ocrx_word' id='word_1_490' title='bbox 3410 1202 3559 1273; x_wconf 75' lang='grc' dir='ltr'>ἱεροῦ</span> <span class='ocrx_word' id='word_1_491' title='bbox 3621 1198 3861 1272; x_wconf 84' lang='grc' dir='ltr'>μανδύου</span> <span class='ocrx_word' id='word_1_492' title='bbox 3918 1199 4017 1253; x_wconf 89' lang='grc' dir='ltr'>τὸν</span> 
     </span>
    </p>
   </div>
   <div class='ocr_carea' id='block_1_70' title="bbox 2367 1286 4015 1364">
    <p class='ocr_par' dir='ltr' id='par_1_70' title="bbox 2367 1286 4015 1364">
     <span class='ocr_line' id='line_1_70' title="bbox 2367 1286 4015 1364; baseline 0.001 -24"><span class='ocrx_word' id='word_1_493' title='bbox 2367 1286 2715 1363; x_wconf 83' lang='grc' dir='ltr'>πατριάρχην</span> <span class='ocrx_word' id='word_1_494' title='bbox 2770 1290 3046 1364; x_wconf 70' lang='grc' dir='ltr'>κατέχων,</span> <span class='ocrx_word' id='word_1_495' title='bbox 3094 1291 3232 1345; x_wconf 79' lang='grc' dir='ltr'>κατά</span> <span class='ocrx_word' id='word_1_496' title='bbox 3283 1310 3405 1344; x_wconf 88' lang='grc' dir='ltr'>τινα</span> <span class='ocrx_word' id='word_1_497' title='bbox 3449 1290 3594 1343; x_wconf 81' lang='grc' dir='ltr'>ποσὰ</span> <span class='ocrx_word' id='word_1_498' title='bbox 3646 1286 4015 1359; x_wconf 73' lang='grc' dir='ltr'>διαστήματα,</span> 
     </span>
    </p>
   </div>
   <div class='ocr_carea' id='block_1_71' title="bbox 2368 1377 4015 1451">
    <p class='ocr_par' dir='ltr' id='par_1_71' title="bbox 2368 1377 4015 1451">
     <span class='ocr_line' id='line_1_71' title="bbox 2368 1377 4015 1451; baseline -0.001 -21"><span class='ocrx_word' id='word_1_499' title='bbox 2368 1378 2481 1448; x_wconf 72' lang='grc' dir='ltr'><strong>ἅμα</strong></span> <span class='ocrx_word' id='word_1_500' title='bbox 2514 1378 2609 1450; x_wconf 73' lang='grc' dir='ltr'>μὲν</span> <span class='ocrx_word' id='word_1_501' title='bbox 2667 1379 2960 1450; x_wconf 71' lang='grc' dir='ltr'>ἱστάμενος</span> <span class='ocrx_word' id='word_1_502' title='bbox 3023 1377 3255 1451; x_wconf 64' lang='grc' dir='ltr'>ὡμίλει,</span> <span class='ocrx_word' id='word_1_503' title='bbox 3298 1382 3413 1451; x_wconf 69' lang='grc' dir='ltr'>ἅμα</span> <span class='ocrx_word' id='word_1_504' title='bbox 3460 1378 3517 1432; x_wconf 79' lang='grc' dir='ltr'><strong>ὅὶ</strong></span> <span class='ocrx_word' id='word_1_505' title='bbox 3563 1379 3649 1433; x_wconf 84' lang='grc' dir='ltr'><strong>καὶ</strong></span> <span class='ocrx_word' id='word_1_506' title='bbox 3698 1378 3773 1440; x_wconf 82' lang='grc' dir='ltr'><strong>ὡς</strong></span> <span class='ocrx_word' id='word_1_507' title='bbox 3803 1378 3889 1432; x_wconf 66' lang='grc' dir='ltr'><strong>ἐπὶ</strong></span> <span class='ocrx_word' id='word_1_508' title='bbox 3922 1377 4015 1430; x_wconf 86' lang='grc' dir='ltr'><strong>τὸν</strong></span> 
     </span>
    </p>
   </div>
   <div class='ocr_carea' id='block_1_72' title="bbox 2365 1462 4017 1540">
    <p class='ocr_par' dir='ltr' id='par_1_72' title="bbox 2365 1462 4017 1540">
     <span class='ocr_line' id='line_1_72' title="bbox 2365 1462 4017 1540; baseline -0.001 -21"><span class='ocrx_word' id='word_1_509' title='bbox 2365 1466 2492 1519; x_wconf 88' lang='grc' dir='ltr'>ναὸν</span> <span class='ocrx_word' id='word_1_510' title='bbox 2539 1468 2871 1540; x_wconf 70' lang='grc' dir='ltr'>προσήγετο.</span> <span class='ocrx_word' id='word_1_511' title='bbox 2902 1468 2992 1528; x_wconf 80' lang='grc' dir='ltr'>Ὦς</span> <span class='ocrx_word' id='word_1_512' title='bbox 3037 1464 3094 1522; x_wconf 83' lang='grc' dir='ltr'><strong>δέ</strong></span> <span class='ocrx_word' id='word_1_513' title='bbox 3142 1488 3277 1523; x_wconf 73' lang='grc' dir='ltr'>ποτε</span> <span class='ocrx_word' id='word_1_514' title='bbox 3317 1472 3417 1526; x_wconf 65' lang='grc' dir='ltr'><strong>τοῦ</strong></span> <span class='ocrx_word' id='word_1_515' title='bbox 3468 1465 3632 1523; x_wconf 81' lang='grc' dir='ltr'>οὐδοῦ</span> <span class='ocrx_word' id='word_1_516' title='bbox 3664 1462 3831 1535; x_wconf 74' lang='grc' dir='ltr'>ἐπέϐη</span> <span class='ocrx_word' id='word_1_517' title='bbox 3861 1466 3953 1519; x_wconf 87' lang='grc' dir='ltr'><strong>καὶ</strong></span> <span class='ocrx_word' id='word_1_518' title='bbox 3988 1466 4017 1518; x_wconf 91' lang='lat'><strong>6</strong></span> 
     </span>
    </p>
   </div>
   <div class='ocr_carea' id='block_1_73' title="bbox 2367 1550 4015 1629">
    <p class='ocr_par' dir='ltr' id='par_1_73' title="bbox 2367 1550 4015 1629">
     <span class='ocr_line' id='line_1_73' title="bbox 2367 1550 4015 1629; baseline 0.001 -23"><span class='ocrx_word' id='word_1_519' title='bbox 2367 1550 2620 1616; x_wconf 79' lang='grc' dir='ltr'>διάκονος</span> <span class='ocrx_word' id='word_1_520' title='bbox 2676 1555 2739 1609; x_wconf 82' lang='grc' dir='ltr'>τὸ</span> <span class='ocrx_word' id='word_1_521' title='bbox 2789 1553 3111 1629; x_wconf 80' lang='grc' dir='ltr'>Εὐλόγησον</span> <span class='ocrx_word' id='word_1_522' title='bbox 3146 1551 3331 1626; x_wconf 78' lang='grc' dir='ltr'>ἐξεϐόα</span> <span class='ocrx_word' id='word_1_523' title='bbox 3378 1557 3473 1610; x_wconf 74' lang='grc' dir='ltr'><strong>καὶ</strong></span> <span class='ocrx_word' id='word_1_524' title='bbox 3520 1555 3676 1621; x_wconf 64' lang='grc' dir='ltr'>εὐθὺς</span> <span class='ocrx_word' id='word_1_525' title='bbox 3721 1558 3756 1624; x_wconf 83' lang='grc' dir='ltr'><strong>ἡ</strong></span> <span class='ocrx_word' id='word_1_526' title='bbox 3808 1554 3867 1609; x_wconf 74' lang='grc' dir='ltr'>ἐκ</span> <span class='ocrx_word' id='word_1_527' title='bbox 3912 1558 4015 1608; x_wconf 88' lang='grc' dir='ltr'><strong>τοῦ</strong></span> 
     </span>
    </p>
   </div>
   <div class='ocr_carea' id='block_1_74' title="bbox 2365 1642 4017 1718">
    <p class='ocr_par' dir='ltr' id='par_1_74' title="bbox 2365 1642 4017 1718">
     <span class='ocr_line' id='line_1_74' title="bbox 2365 1642 4017 1718; baseline 0.001 -22"><span class='ocrx_word' id='word_1_528' title='bbox 2365 1644 2555 1717; x_wconf 75' lang='grc' dir='ltr'>ἱερέως</span> <span class='ocrx_word' id='word_1_529' title='bbox 2586 1642 2909 1717; x_wconf 79' lang='grc' dir='ltr'>εὐλόγησις,</span> <span class='ocrx_word' id='word_1_530' title='bbox 2959 1644 3218 1700; x_wconf 80' lang='grc' dir='ltr'>ἐκσπᾶται</span> <span class='ocrx_word' id='word_1_531' title='bbox 3261 1650 3343 1716; x_wconf 80' lang='grc' dir='ltr'>τῷ</span> <span class='ocrx_word' id='word_1_532' title='bbox 3371 1642 3663 1718; x_wconf 76' lang='grc' dir='ltr'>παραδόξῳ</span> <span class='ocrx_word' id='word_1_533' title='bbox 3690 1645 3723 1700; x_wconf 78' lang='grc' dir='ltr'><strong>ὁ</strong></span> <span class='ocrx_word' id='word_1_534' title='bbox 3750 1642 4017 1717; x_wconf 60' lang='grc' dir='ltr'>πατριάρ-</span> 
     </span>
    </p>
   </div>
   <div class='ocr_carea' id='block_1_75' title="bbox 2365 1730 4020 1804">
    <p class='ocr_par' dir='ltr' id='par_1_75' title="bbox 2365 1730 4020 1804">
     <span class='ocr_line' id='line_1_75' title="bbox 2365 1730 4020 1804; baseline 0.001 -18"><span class='ocrx_word' id='word_1_535' title='bbox 2365 1751 2498 1804; x_wconf 84' lang='grc' dir='ltr'>χης,</span> <span class='ocrx_word' id='word_1_536' title='bbox 2526 1733 2613 1786; x_wconf 80' lang='grc' dir='ltr'><strong>καὶ</strong></span> <span class='ocrx_word' id='word_1_537' title='bbox 2662 1734 2755 1788; x_wconf 89' lang='grc' dir='ltr'><strong>τὸν</strong></span> <span class='ocrx_word' id='word_1_538' title='bbox 2823 1730 2985 1788; x_wconf 90' lang='grc' dir='ltr'>δόλον</span> <span class='ocrx_word' id='word_1_539' title='bbox 3038 1734 3214 1797; x_wconf 78' lang='grc' dir='ltr'>συνεὶς</span> <span class='ocrx_word' id='word_1_540' title='bbox 3261 1733 3453 1788; x_wconf 87' lang='grc' dir='ltr'>αὐτίκα</span> <span class='ocrx_word' id='word_1_541' title='bbox 3498 1734 3733 1788; x_wconf 82' lang='grc' dir='ltr'>ἀντέσπα</span> <span class='ocrx_word' id='word_1_542' title='bbox 3781 1732 3875 1789; x_wconf 77' lang='grc' dir='ltr'><strong>καὶ</strong></span> <span class='ocrx_word' id='word_1_543' title='bbox 3914 1740 4020 1802; x_wconf 82' lang='grc' dir='ltr'><strong>τῆς</strong></span> 
     </span>
    </p>
   </div>
   <div class='ocr_carea' id='block_1_76' title="bbox 2369 1819 4024 1896">
    <p class='ocr_par' dir='ltr' id='par_1_76' title="bbox 2369 1819 4024 1896">
     <span class='ocr_line' id='line_1_76' title="bbox 2369 1819 4024 1896; baseline 0 -21"><span class='ocrx_word' id='word_1_544' title='bbox 2369 1822 2556 1896; x_wconf 80' lang='grc' dir='ltr'>χειρὸς</span> <span class='ocrx_word' id='word_1_545' title='bbox 2612 1826 2710 1877; x_wconf 88' lang='grc' dir='ltr'><strong>τοῦ</strong></span> <span class='ocrx_word' id='word_1_546' title='bbox 2756 1827 3083 1896; x_wconf 88' lang='grc' dir='ltr'>κρατοῦντος</span> <span class='ocrx_word' id='word_1_547' title='bbox 3124 1821 3401 1893; x_wconf 75' lang='grc' dir='ltr'>ἐξώλισθε,</span> <span class='ocrx_word' id='word_1_548' title='bbox 3462 1823 3575 1893; x_wconf 83' lang='grc' dir='ltr'>καὶ,</span> <span class='ocrx_word' id='word_1_549' title='bbox 3634 1823 3784 1890; x_wconf 83' lang='grc' dir='ltr'>«Τί,</span> <span class='ocrx_word' id='word_1_550' title='bbox 3812 1819 4024 1895; x_wconf 76' lang='grc' dir='ltr'>λέγων,</span> 
     </span>
    </p>
   </div>
   <div class='ocr_carea' id='block_1_77' title="bbox 2367 1909 4016 1987">
    <p class='ocr_par' dir='ltr' id='par_1_77' title="bbox 2367 1909 4016 1987">
     <span class='ocr_line' id='line_1_77' title="bbox 2367 1909 4016 1987; baseline 0 -22"><span class='ocrx_word' id='word_1_551' title='bbox 2367 1910 2510 1965; x_wconf 76' lang='grc' dir='ltr'>οὕτω</span> <span class='ocrx_word' id='word_1_552' title='bbox 2561 1909 2805 1987; x_wconf 81' lang='grc' dir='ltr'>δολερῶς</span> <span class='ocrx_word' id='word_1_553' title='bbox 2850 1911 3104 1974; x_wconf 76' lang='grc' dir='ltr'>κλέπτεις</span> <span class='ocrx_word' id='word_1_554' title='bbox 3149 1914 3249 1981; x_wconf 72' lang='grc' dir='ltr'>τὴν</span> <span class='ocrx_word' id='word_1_555' title='bbox 3295 1911 3575 1985; x_wconf 76' lang='grc' dir='ltr'>εὐλογίαν,</span> <span class='ocrx_word' id='word_1_556' title='bbox 3622 1913 3709 1966; x_wconf 87' lang='grc' dir='ltr'><strong>καὶ</strong></span> <span class='ocrx_word' id='word_1_557' title='bbox 3760 1909 4016 1985; x_wconf 88' lang='grc' dir='ltr'>παραλο-</span> 
     </span>
    </p>
   </div>
   <div class='ocr_carea' id='block_1_78' title="bbox 2364 1998 4013 2077">
    <p class='ocr_par' dir='ltr' id='par_1_78' title="bbox 2364 1998 4013 2077">
     <span class='ocr_line' id='line_1_78' title="bbox 2364 1998 4013 2077; baseline 0.001 -24"><span class='ocrx_word' id='word_1_558' title='bbox 2364 2000 2487 2075; x_wconf 81' lang='grc' dir='ltr'>γίζῃ</span> <span class='ocrx_word' id='word_1_559' title='bbox 2516 2001 2577 2055; x_wconf 85' lang='grc' dir='ltr'>τὸ</span> <span class='ocrx_word' id='word_1_560' title='bbox 2608 2006 2761 2056; x_wconf 89' lang='grc' dir='ltr'>Θεῖον</span> <span class='ocrx_word' id='word_1_561' title='bbox 2813 2001 3100 2076; x_wconf 78' lang='grc' dir='ltr'>ἄνθρωπος</span> <span class='ocrx_word' id='word_1_562' title='bbox 3128 2001 3224 2071; x_wconf 82' lang='grc' dir='ltr'><strong>ὥν,</strong></span> <span class='ocrx_word' id='word_1_563' title='bbox 3268 2002 3332 2056; x_wconf 92' lang='grc' dir='ltr'><strong>οὐ</strong></span> <span class='ocrx_word' id='word_1_564' title='bbox 3384 1999 3501 2055; x_wconf 81' lang='grc' dir='ltr'>δέον</span> <span class='ocrx_word' id='word_1_565' title='bbox 3551 2002 3609 2055; x_wconf 85' lang='grc' dir='ltr'><strong>’ὸν</strong></span> <span class='ocrx_word' id='word_1_566' title='bbox 3645 1998 3768 2055; x_wconf 72' lang='grc' dir='ltr'>οὐδὲ</span> <span class='ocrx_word' id='word_1_567' title='bbox 3799 2002 4013 2077; x_wconf 72' lang='grc' dir='ltr'>συμφέ-</span> 
     </span>
    </p>
   </div>
   <div class='ocr_carea' id='block_1_79' title="bbox 2367 2088 4015 2167">
    <p class='ocr_par' dir='ltr' id='par_1_79' title="bbox 2367 2088 4015 2167">
     <span class='ocr_line' id='line_1_79' title="bbox 2367 2088 4015 2167; baseline 0 -23"><span class='ocrx_word' id='word_1_568' title='bbox 2367 2109 2500 2162; x_wconf 87' lang='grc' dir='ltr'>ρον;</span> <span class='ocrx_word' id='word_1_569' title='bbox 2538 2116 2564 2141; x_wconf 85' lang='grc'>››</span> <span class='ocrx_word' id='word_1_570' title='bbox 2598 2094 2718 2148; x_wconf 73' lang='lat' dir='ltr'><strong>&quot;En</strong></span> <span class='ocrx_word' id='word_1_571' title='bbox 2753 2088 2810 2147; x_wconf 78' lang='grc' dir='ltr'>δὶ</span> <span class='ocrx_word' id='word_1_572' title='bbox 2856 2091 2968 2163; x_wconf 78' lang='grc' dir='ltr'>καὶ,</span> <span class='ocrx_word' id='word_1_573' title='bbox 3023 2116 3049 2144; x_wconf 89' lang='grc'><strong>‹‹</strong></span> <span class='ocrx_word' id='word_1_574' title='bbox 3080 2091 3239 2148; x_wconf 76' lang='grc' dir='ltr'>Καλὰ</span> <span class='ocrx_word' id='word_1_575' title='bbox 3269 2112 3332 2166; x_wconf 86' lang='grc' dir='ltr'><strong>γε</strong></span> <span class='ocrx_word' id='word_1_576' title='bbox 3359 2089 3547 2159; x_wconf 75' lang='grc' dir='ltr'>ταῦτα,</span> <span class='ocrx_word' id='word_1_577' title='bbox 3586 2116 3612 2141; x_wconf 81' lang='lat' dir='ltr'><strong>n</strong></span> <span class='ocrx_word' id='word_1_578' title='bbox 3663 2089 4015 2167; x_wconf 86' lang='grc' dir='ltr'>προσονειδί-</span> 
     </span>
    </p>
   </div>
   <div class='ocr_carea' id='block_1_80' title="bbox 2367 2179 4018 2255">
    <p class='ocr_par' dir='ltr' id='par_1_80' title="bbox 2367 2179 4018 2255">
     <span class='ocr_line' id='line_1_80' title="bbox 2367 2179 4018 2255; baseline 0 -22"><span class='ocrx_word' id='word_1_579' title='bbox 2367 2184 2495 2249; x_wconf 83' lang='grc' dir='ltr'>ζων,</span> <span class='ocrx_word' id='word_1_580' title='bbox 2548 2204 2575 2232; x_wconf 82' lang='grc' dir='ltr'>ι(</span> <span class='ocrx_word' id='word_1_581' title='bbox 2607 2179 2697 2234; x_wconf 89' lang='grc' dir='ltr'><strong>καί</strong></span> <span class='ocrx_word' id='word_1_582' title='bbox 2742 2202 2802 2254; x_wconf 91' lang='grc' dir='ltr'><strong>γε</strong></span> <span class='ocrx_word' id='word_1_583' title='bbox 2846 2182 3063 2255; x_wconf 76' lang='grc' dir='ltr'>βασιλεῖ</span> <span class='ocrx_word' id='word_1_584' title='bbox 3093 2180 3337 2253; x_wconf 77' lang='grc' dir='ltr'>ἐννόμως</span> <span class='ocrx_word' id='word_1_585' title='bbox 3369 2179 3559 2255; x_wconf 74' lang='grc' dir='ltr'>ἄρχειν</span> <span class='ocrx_word' id='word_1_586' title='bbox 3591 2180 4018 2255; x_wconf 85' lang='grc' dir='ltr'>προαιρουμένῳ</span> 
     </span>
    </p>
   </div>
   <div class='ocr_carea' id='block_1_81' title="bbox 2362 2267 4020 2347">
    <p class='ocr_par' dir='ltr' id='par_1_81' title="bbox 2362 2267 4020 2347">
     <span class='ocr_line' id='line_1_81' title="bbox 2362 2267 4020 2347; baseline 0 -25"><span class='ocrx_word' id='word_1_587' title='bbox 2362 2267 2657 2341; x_wconf 84' lang='grc' dir='ltr'>πρέποντα,</span> <span class='ocrx_word' id='word_1_588' title='bbox 2705 2269 2797 2324; x_wconf 80' lang='grc' dir='ltr'><strong>καὶ</strong></span> <span class='ocrx_word' id='word_1_589' title='bbox 2830 2267 3143 2347; x_wconf 80' lang='grc' dir='ltr'>δυσφόρητα</span> <span class='ocrx_word' id='word_1_590' title='bbox 3188 2276 3306 2334; x_wconf 89' lang='grc' dir='ltr'>τοῖς</span> <span class='ocrx_word' id='word_1_591' title='bbox 3338 2268 3533 2331; x_wconf 73' lang='grc' dir='ltr'>ἄλλοις</span> <span class='ocrx_word' id='word_1_592' title='bbox 3566 2271 3813 2337; x_wconf 85' lang='grc' dir='ltr'>ἀκοῦσαι,</span> <span class='ocrx_word' id='word_1_593' title='bbox 3874 2268 4020 2323; x_wconf 76' lang='grc' dir='ltr'>ὥστε</span> 
     </span>
    </p>
   </div>
   <div class='ocr_carea' id='block_1_82' title="bbox 2361 2357 4017 2428">
    <p class='ocr_par' dir='ltr' id='par_1_82' title="bbox 2361 2357 4017 2428">
     <span class='ocr_line' id='line_1_82' title="bbox 2361 2357 4017 2428; baseline 0.001 -18"><span class='ocrx_word' id='word_1_594' title='bbox 2361 2358 2451 2411; x_wconf 83' lang='grc' dir='ltr'><strong>καὶ</strong></span> <span class='ocrx_word' id='word_1_595' title='bbox 2500 2357 2754 2428; x_wconf 81' lang='grc' dir='ltr'>ἐπαινεῖν,</span> <span class='ocrx_word' id='word_1_596' title='bbox 2786 2383 2813 2411; x_wconf 86' lang='grc'><strong>››</strong></span> <span class='ocrx_word' id='word_1_597' title='bbox 2876 2358 3033 2423; x_wconf 75' lang='grc' dir='ltr'>εὐθὺς</span> <span class='ocrx_word' id='word_1_598' title='bbox 3074 2359 3230 2421; x_wconf 84' lang='grc' dir='ltr'>ἀετὸς</span> <span class='ocrx_word' id='word_1_599' title='bbox 3274 2360 3343 2428; x_wconf 80' lang='grc' dir='ltr'>ἦν</span> <span class='ocrx_word' id='word_1_600' title='bbox 3394 2358 3573 2414; x_wconf 84' lang='grc' dir='ltr'>λιπὼν</span> <span class='ocrx_word' id='word_1_601' title='bbox 3633 2357 3836 2413; x_wconf 78' lang='grc' dir='ltr'>ἐκεῖνον</span> <span class='ocrx_word' id='word_1_602' title='bbox 3881 2378 4017 2411; x_wconf 85' lang='grc' dir='ltr'>κατ-</span> 
     </span>
    </p>
   </div>
   <div class='ocr_carea' id='block_1_83' title="bbox 2361 2445 4015 2527">
    <p class='ocr_par' dir='ltr' id='par_1_83' title="bbox 2361 2445 4015 2527">
     <span class='ocr_line' id='line_1_83' title="bbox 2361 2445 4015 2527; baseline 0.001 -26"><span class='ocrx_word' id='word_1_603' title='bbox 2361 2445 2672 2512; x_wconf 82' lang='grc' dir='ltr'>αιδεσθέντα</span> <span class='ocrx_word' id='word_1_604' title='bbox 2726 2450 2815 2503; x_wconf 83' lang='grc' dir='ltr'><strong>καὶ</strong></span> <span class='ocrx_word' id='word_1_605' title='bbox 2870 2450 3266 2527; x_wconf 77' lang='grc' dir='ltr'>ἀφιπτάμενος,</span> <span class='ocrx_word' id='word_1_606' title='bbox 3324 2448 3414 2503; x_wconf 87' lang='grc' dir='ltr'><strong>καὶ</strong></span> <span class='ocrx_word' id='word_1_607' title='bbox 3478 2446 3567 2502; x_wconf 74' lang='grc' dir='ltr'>διὰ</span> <span class='ocrx_word' id='word_1_608' title='bbox 3621 2455 3723 2517; x_wconf 85' lang='grc' dir='ltr'><strong>τῆς</strong></span> <span class='ocrx_word' id='word_1_609' title='bbox 3782 2445 4015 2521; x_wconf 80' lang='grc' dir='ltr'>σιδηρᾶς</span> 
     </span>
    </p>
   </div>
   <div class='ocr_carea' id='block_1_84' title="bbox 2359 2532 4018 2613">
    <p class='ocr_par' dir='ltr' id='par_1_84' title="bbox 2359 2532 4018 2613">
     <span class='ocr_line' id='line_1_84' title="bbox 2359 2532 4018 2613; baseline 0.001 -23"><span class='ocrx_word' id='word_1_610' title='bbox 2359 2540 2458 2591; x_wconf 88' lang='grc' dir='ltr'><strong>τοῦ</strong></span> <span class='ocrx_word' id='word_1_611' title='bbox 2485 2535 2770 2613; x_wconf 88' lang='grc' dir='ltr'>τρικλίνου</span> <span class='ocrx_word' id='word_1_612' title='bbox 2801 2536 2983 2606; x_wconf 80' lang='grc' dir='ltr'>πύλης</span> <span class='ocrx_word' id='word_1_613' title='bbox 3034 2538 3109 2601; x_wconf 85' lang='grc' dir='ltr'>ὡς</span> <span class='ocrx_word' id='word_1_614' title='bbox 3156 2539 3327 2612; x_wconf 86' lang='grc' dir='ltr'>τάχος</span> <span class='ocrx_word' id='word_1_615' title='bbox 3377 2540 3515 2610; x_wconf 80' lang='grc' dir='ltr'>πεζῇ</span> <span class='ocrx_word' id='word_1_616' title='bbox 3558 2532 3807 2607; x_wconf 85' lang='grc' dir='ltr'>διαθέων,</span> <span class='ocrx_word' id='word_1_617' title='bbox 3906 2557 4018 2591; x_wconf 87' lang='grc' dir='ltr'>πο-</span> 
     </span>
    </p>
   </div>
   <div class='ocr_carea' id='block_1_85' title="bbox 2359 2736 4019 2809">
    <p class='ocr_par' dir='ltr' id='par_1_85' title="bbox 2359 2736 4019 2809">
     <span class='ocr_line' id='line_1_85' title="bbox 2359 2736 4019 2809; baseline -0.001 -16"><span class='ocrx_word' id='word_1_618' title='bbox 2359 2753 2394 2793; x_wconf 86' lang='lat' dir='ltr'><strong>a</strong></span> <span class='ocrx_word' id='word_1_619' title='bbox 2418 2737 2642 2793; x_wconf 91' lang='lat' dir='ltr'><strong>dudum</strong></span> <span class='ocrx_word' id='word_1_620' title='bbox 2675 2738 2890 2809; x_wconf 86' lang='lat' dir='ltr'><strong>injecto</strong></span> <span class='ocrx_word' id='word_1_621' title='bbox 2913 2738 3306 2794; x_wconf 89' lang='lat' dir='ltr'><strong>anathematis</strong></span> <span class='ocrx_word' id='word_1_622' title='bbox 3326 2738 3559 2794; x_wconf 90' lang='lat' dir='ltr'><strong>vinculo</strong></span> <span class='ocrx_word' id='word_1_623' title='bbox 3581 2736 4019 2808; x_wconf 79' lang='lat' dir='ltr'><strong>solutio.Atque</strong></span> 
     </span>
    </p>
   </div>
   <div class='ocr_carea' id='block_1_86' title="bbox 2360 2825 4017 2900">
    <p class='ocr_par' dir='ltr' id='par_1_86' title="bbox 2360 2825 4017 2900">
     <span class='ocr_line' id='line_1_86' title="bbox 2360 2825 4017 2900; baseline 0.001 -20"><span class='ocrx_word' id='word_1_624' title='bbox 2360 2825 2441 2881; x_wconf 90' lang='lat' dir='ltr'><strong>ita</strong></span> <span class='ocrx_word' id='word_1_625' title='bbox 2466 2827 2812 2899; x_wconf 90' lang='lat' dir='ltr'><strong>compendio</strong></span> <span class='ocrx_word' id='word_1_626' title='bbox 2845 2828 3098 2899; x_wconf 89' lang='lat' dir='ltr'><strong>quodam</strong></span> <span class='ocrx_word' id='word_1_627' title='bbox 3130 2832 3470 2900; x_wconf 78' lang='lat' dir='ltr'><strong>opportunae</strong></span> <span class='ocrx_word' id='word_1_628' title='bbox 3498 2828 3823 2883; x_wconf 87' lang='lat' dir='ltr'><strong>occasionis</strong></span> <span class='ocrx_word' id='word_1_629' title='bbox 3872 2844 4017 2883; x_wconf 83' lang='lat' dir='ltr'><strong>con-</strong></span> 
     </span>
    </p>
   </div>
   <div class='ocr_carea' id='block_1_87' title="bbox 2360 2918 4014 2991">
    <p class='ocr_par' dir='ltr' id='par_1_87' title="bbox 2360 2918 4014 2991">
     <span class='ocr_line' id='line_1_87' title="bbox 2360 2918 4014 2991; baseline 0.001 -19"><span class='ocrx_word' id='word_1_630' title='bbox 2360 2922 2702 2973; x_wconf 91' lang='lat' dir='ltr'><strong>secuturum</strong></span> <span class='ocrx_word' id='word_1_631' title='bbox 2763 2934 2826 2973; x_wconf 89' lang='lat' dir='ltr'><strong>se</strong></span> <span class='ocrx_word' id='word_1_632' title='bbox 2887 2919 3163 2991; x_wconf 86' lang='lat' dir='ltr'><strong>sperabat</strong></span> <span class='ocrx_word' id='word_1_633' title='bbox 3219 2920 3375 2989; x_wconf 91' lang='lat' dir='ltr'><strong>quod</strong></span> <span class='ocrx_word' id='word_1_634' title='bbox 3433 2924 3598 2975; x_wconf 90' lang='lat' dir='ltr'><strong>tanto</strong></span> <span class='ocrx_word' id='word_1_635' title='bbox 3648 2918 4014 2989; x_wconf 86' lang='lat' dir='ltr'><strong>jampridem</strong></span> 
     </span>
    </p>
   </div>
   <div class='ocr_carea' id='block_1_88' title="bbox 2360 3006 4011 3078">
    <p class='ocr_par' dir='ltr' id='par_1_88' title="bbox 2360 3006 4011 3078">
     <span class='ocr_line' id='line_1_88' title="bbox 2360 3006 4011 3078; baseline 0.001 -16"><span class='ocrx_word' id='word_1_636' title='bbox 2360 3007 2606 3062; x_wconf 90' lang='lat' dir='ltr'><strong>circuitu</strong></span> <span class='ocrx_word' id='word_1_637' title='bbox 2641 3011 2938 3078; x_wconf 85' lang='lat' dir='ltr'><strong>captatum</strong></span> <span class='ocrx_word' id='word_1_638' title='bbox 2973 3008 3170 3063; x_wconf 83' lang='lat' dir='ltr'><strong>iverat.</strong></span> <span class='ocrx_word' id='word_1_639' title='bbox 3203 3008 3681 3078; x_wconf 89' lang='lat' dir='ltr'><strong>Succedebatque</strong></span> <span class='ocrx_word' id='word_1_640' title='bbox 3728 3006 3812 3061; x_wconf 91' lang='lat' dir='ltr'><strong>illi</strong></span> <span class='ocrx_word' id='word_1_641' title='bbox 3864 3009 4011 3063; x_wconf 88' lang='lat' dir='ltr'><strong>hac-</strong></span> 
     </span>
    </p>
   </div>
   <div class='ocr_carea' id='block_1_89' title="bbox 2360 3096 4008 3169">
    <p class='ocr_par' dir='ltr' id='par_1_89' title="bbox 2360 3096 4008 3169">
     <span class='ocr_line' id='line_1_89' title="bbox 2360 3096 4008 3169; baseline -0.001 -16"><span class='ocrx_word' id='word_1_642' title='bbox 2360 3101 2534 3153; x_wconf 88' lang='lat' dir='ltr'><strong>tenus</strong></span> <span class='ocrx_word' id='word_1_643' title='bbox 2559 3096 2730 3152; x_wconf 90' lang='lat' dir='ltr'><strong>dolus</strong></span> <span class='ocrx_word' id='word_1_644' title='bbox 2759 3097 3006 3169; x_wconf 87' lang='lat' dir='ltr'><strong>egregie.</strong></span> <span class='ocrx_word' id='word_1_645' title='bbox 3057 3096 3201 3152; x_wconf 88' lang='lat' dir='ltr'><strong>Nam</strong></span> <span class='ocrx_word' id='word_1_646' title='bbox 3250 3096 3441 3153; x_wconf 88' lang='lat' dir='ltr'><strong>clerus</strong></span> <span class='ocrx_word' id='word_1_647' title='bbox 3493 3097 3803 3152; x_wconf 87' lang='lat' dir='ltr'><strong>universus</strong></span> <span class='ocrx_word' id='word_1_648' title='bbox 3855 3113 4008 3167; x_wconf 72' lang='lat' dir='ltr'><strong>prae-</strong></span> 
     </span>
    </p>
   </div>
   <div class='ocr_carea' id='block_1_90' title="bbox 2360 3185 4009 3254">
    <p class='ocr_par' dir='ltr' id='par_1_90' title="bbox 2360 3185 4009 3254">
     <span class='ocr_line' id='line_1_90' title="bbox 2360 3185 4009 3254; baseline 0 -12"><span class='ocrx_word' id='word_1_649' title='bbox 2360 3186 2639 3254; x_wconf 85' lang='lat' dir='ltr'><strong>monitus,</strong></span> <span class='ocrx_word' id='word_1_650' title='bbox 2674 3194 2736 3242; x_wconf 88' lang='lat' dir='ltr'><strong>ut</strong></span> <span class='ocrx_word' id='word_1_651' title='bbox 2757 3186 2978 3253; x_wconf 87' lang='lat' dir='ltr'><strong>dixi,ad</strong></span> <span class='ocrx_word' id='word_1_652' title='bbox 2998 3185 3399 3242; x_wconf 90' lang='lat' dir='ltr'><strong>inchoandum</strong></span> <span class='ocrx_word' id='word_1_653' title='bbox 3425 3186 3618 3243; x_wconf 66' lang='lat' dir='ltr'><strong>missa</strong></span> <span class='ocrx_word' id='word_1_654' title='bbox 3650 3186 4009 3242; x_wconf 78' lang='lat' dir='ltr'><strong>sacrificium</strong></span> 
     </span>
    </p>
   </div>
   <div class='ocr_carea' id='block_1_91' title="bbox 2361 3275 4013 3347">
    <p class='ocr_par' dir='ltr' id='par_1_91' title="bbox 2361 3275 4013 3347">
     <span class='ocr_line' id='line_1_91' title="bbox 2361 3275 4013 3347; baseline -0.001 -16"><span class='ocrx_word' id='word_1_655' title='bbox 2361 3275 2625 3347; x_wconf 83' lang='lat' dir='ltr'><strong>proxime</strong></span> <span class='ocrx_word' id='word_1_656' title='bbox 2654 3275 2980 3332; x_wconf 88' lang='lat' dir='ltr'><strong>instructus</strong></span> <span class='ocrx_word' id='word_1_657' title='bbox 3010 3275 3172 3332; x_wconf 89' lang='lat' dir='ltr'><strong>omni</strong></span> <span class='ocrx_word' id='word_1_658' title='bbox 3197 3276 3565 3333; x_wconf 83' lang='lat' dir='ltr'><strong>convenienti</strong></span> <span class='ocrx_word' id='word_1_659' title='bbox 3612 3280 3898 3347; x_wconf 83' lang='lat' dir='ltr'><strong>apparatu</strong></span> <span class='ocrx_word' id='word_1_660' title='bbox 3951 3280 4013 3331; x_wconf 84' lang='lat' dir='ltr'><strong>et</strong></span> 
     </span>
    </p>
   </div>
   <div class='ocr_carea' id='block_1_92' title="bbox 2358 3364 4011 3437">
    <p class='ocr_par' dir='ltr' id='par_1_92' title="bbox 2358 3364 4011 3437">
     <span class='ocr_line' id='line_1_92' title="bbox 2358 3364 4011 3437; baseline -0.001 -16"><span class='ocrx_word' id='word_1_661' title='bbox 2358 3368 2589 3431; x_wconf 88' lang='lat' dir='ltr'><strong>ornatu,</strong></span> <span class='ocrx_word' id='word_1_662' title='bbox 2656 3364 3033 3437; x_wconf 77' lang='lat' dir='ltr'><strong>exspectabat</strong></span> <span class='ocrx_word' id='word_1_663' title='bbox 3098 3365 3241 3420; x_wconf 91' lang='lat' dir='ltr'><strong>dum</strong></span> <span class='ocrx_word' id='word_1_664' title='bbox 3309 3368 3615 3437; x_wconf 86' lang='lat' dir='ltr'><strong>appareret</strong></span> <span class='ocrx_word' id='word_1_665' title='bbox 3679 3364 4011 3420; x_wconf 84' lang='lat' dir='ltr'><strong>adventans</strong></span> 
     </span>
    </p>
   </div>
   <div class='ocr_carea' id='block_1_93' title="bbox 2357 3452 4010 3525">
    <p class='ocr_par' dir='ltr' id='par_1_93' title="bbox 2357 3452 4010 3525">
     <span class='ocr_line' id='line_1_93' title="bbox 2357 3452 4010 3525; baseline 0 -18"><span class='ocrx_word' id='word_1_666' title='bbox 2357 3452 2698 3525; x_wconf 89' lang='lat' dir='ltr'><strong>imperator.</strong></span> <span class='ocrx_word' id='word_1_667' title='bbox 2731 3453 2838 3519; x_wconf 89' lang='lat' dir='ltr'><strong>Qui</strong></span> <span class='ocrx_word' id='word_1_668' title='bbox 2869 3458 3065 3509; x_wconf 87' lang='lat' dir='ltr'><strong>astute</strong></span> <span class='ocrx_word' id='word_1_669' title='bbox 3090 3454 3159 3509; x_wconf 91' lang='lat' dir='ltr'><strong>ad</strong></span> <span class='ocrx_word' id='word_1_670' title='bbox 3185 3454 3338 3525; x_wconf 88' lang='lat' dir='ltr'><strong>quod</strong></span> <span class='ocrx_word' id='word_1_671' title='bbox 3386 3452 3730 3509; x_wconf 88' lang='lat' dir='ltr'><strong>intendebat</strong></span> <span class='ocrx_word' id='word_1_672' title='bbox 3777 3469 4010 3508; x_wconf 88' lang='lat' dir='ltr'><strong>sacram</strong></span> 
     </span>
    </p>
   </div>
   <div class='ocr_carea' id='block_1_94' title="bbox 2358 3542 4005 3615">
    <p class='ocr_par' dir='ltr' id='par_1_94' title="bbox 2358 3542 4005 3615">
     <span class='ocr_line' id='line_1_94' title="bbox 2358 3542 4005 3615; baseline -0.001 -17"><span class='ocrx_word' id='word_1_673' title='bbox 2358 3543 2631 3615; x_wconf 88' lang='lat' dir='ltr'><strong>penulam</strong></span> <span class='ocrx_word' id='word_1_674' title='bbox 2648 3543 2985 3598; x_wconf 90' lang='lat' dir='ltr'><strong>comitantis</strong></span> <span class='ocrx_word' id='word_1_675' title='bbox 2999 3558 3198 3598; x_wconf 88' lang='lat' dir='ltr'><strong>secum</strong></span> <span class='ocrx_word' id='word_1_676' title='bbox 3214 3543 3559 3614; x_wconf 64' lang='lat' dir='ltr'><strong>patriarcha;</strong></span> <span class='ocrx_word' id='word_1_677' title='bbox 3571 3542 3807 3598; x_wconf 89' lang='lat' dir='ltr'><strong>tenebat</strong></span> <span class='ocrx_word' id='word_1_678' title='bbox 3823 3559 4005 3597; x_wconf 89' lang='lat' dir='ltr'><strong>manu</strong></span> 
     </span>
    </p>
   </div>
   <div class='ocr_carea' id='block_1_95' title="bbox 2355 3631 4010 3703">
    <p class='ocr_par' dir='ltr' id='par_1_95' title="bbox 2355 3631 4010 3703">
     <span class='ocr_line' id='line_1_95' title="bbox 2355 3631 4010 3703; baseline 0 -17"><span class='ocrx_word' id='word_1_679' title='bbox 2355 3631 2634 3688; x_wconf 89' lang='lat' dir='ltr'><strong>incedens</strong></span> <span class='ocrx_word' id='word_1_680' title='bbox 2668 3648 2805 3701; x_wconf 88' lang='lat' dir='ltr'><strong>una,</strong></span> <span class='ocrx_word' id='word_1_681' title='bbox 2829 3636 2886 3686; x_wconf 89' lang='lat' dir='ltr'><strong>et</strong></span> <span class='ocrx_word' id='word_1_682' title='bbox 2916 3648 3017 3703; x_wconf 89' lang='lat' dir='ltr'><strong>per</strong></span> <span class='ocrx_word' id='word_1_683' title='bbox 3047 3631 3355 3687; x_wconf 88' lang='lat' dir='ltr'><strong>intervalla</strong></span> <span class='ocrx_word' id='word_1_684' title='bbox 3387 3633 3610 3687; x_wconf 90' lang='lat' dir='ltr'><strong>urbane</strong></span> <span class='ocrx_word' id='word_1_685' title='bbox 3658 3631 4010 3701; x_wconf 88' lang='lat' dir='ltr'><strong>interposita</strong></span> 
     </span>
    </p>
   </div>
   <div class='ocr_carea' id='block_1_96' title="bbox 2356 3717 4006 3791">
    <p class='ocr_par' dir='ltr' id='par_1_96' title="bbox 2356 3717 4006 3791">
     <span class='ocr_line' id='line_1_96' title="bbox 2356 3717 4006 3791; baseline -0.001 -16"><span class='ocrx_word' id='word_1_686' title='bbox 2356 3720 2707 3789; x_wconf 87' lang='lat' dir='ltr'><strong>consistens,</strong></span> <span class='ocrx_word' id='word_1_687' title='bbox 2738 3718 3241 3791; x_wconf 89' lang='lat' dir='ltr'><strong>confabulansque</strong></span> <span class='ocrx_word' id='word_1_688' title='bbox 3268 3719 3440 3791; x_wconf 90' lang='lat' dir='ltr'><strong>plane</strong></span> <span class='ocrx_word' id='word_1_689' title='bbox 3472 3717 3859 3783; x_wconf 85' lang='lat' dir='ltr'><strong>familiariter,</strong></span> <span class='ocrx_word' id='word_1_690' title='bbox 3896 3718 4006 3773; x_wconf 86' lang='lat' dir='ltr'><strong>do-</strong></span> 
     </span>
    </p>
   </div>
   <div class='ocr_carea' id='block_1_97' title="bbox 2355 3806 4003 3880">
    <p class='ocr_par' dir='ltr' id='par_1_97' title="bbox 2355 3806 4003 3880">
     <span class='ocr_line' id='line_1_97' title="bbox 2355 3806 4003 3880; baseline -0.002 -15"><span class='ocrx_word' id='word_1_691' title='bbox 2355 3825 2461 3865; x_wconf 89' lang='lat' dir='ltr'><strong>nec</strong></span> <span class='ocrx_word' id='word_1_692' title='bbox 2492 3824 2625 3864; x_wconf 90' lang='lat' dir='ltr'><strong>eum</strong></span> <span class='ocrx_word' id='word_1_693' title='bbox 2656 3808 2812 3863; x_wconf 89' lang='lat' dir='ltr'><strong>intra</strong></span> <span class='ocrx_word' id='word_1_694' title='bbox 2842 3808 3128 3880; x_wconf 90' lang='lat' dir='ltr'><strong>templum</strong></span> <span class='ocrx_word' id='word_1_695' title='bbox 3164 3808 3340 3865; x_wconf 80' lang='lat' dir='ltr'><strong>simul</strong></span> <span class='ocrx_word' id='word_1_696' title='bbox 3376 3807 3713 3880; x_wconf 88' lang='lat' dir='ltr'><strong>ingrediens</strong></span> <span class='ocrx_word' id='word_1_697' title='bbox 3745 3806 4003 3861; x_wconf 84' lang='lat' dir='ltr'><strong>induxit.</strong></span> 
     </span>
    </p>
   </div>
   <div class='ocr_carea' id='block_1_98' title="bbox 2352 3895 4001 3970">
    <p class='ocr_par' dir='ltr' id='par_1_98' title="bbox 2352 3895 4001 3970">
     <span class='ocr_line' id='line_1_98' title="bbox 2352 3895 4001 3970; baseline -0.002 -17"><span class='ocrx_word' id='word_1_698' title='bbox 2352 3904 2741 3970; x_wconf 76' lang='lat' dir='ltr'><strong>Supergresso</strong></span> <span class='ocrx_word' id='word_1_699' title='bbox 2790 3901 2985 3952; x_wconf 90' lang='lat' dir='ltr'><strong>autem</strong></span> <span class='ocrx_word' id='word_1_700' title='bbox 3039 3897 3164 3965; x_wconf 85' lang='lat' dir='ltr'><strong>ipso</strong></span> <span class='ocrx_word' id='word_1_701' title='bbox 3211 3895 3415 3961; x_wconf 85' lang='lat' dir='ltr'><strong>limen,</strong></span> <span class='ocrx_word' id='word_1_702' title='bbox 3460 3896 3659 3951; x_wconf 89' lang='lat' dir='ltr'><strong>statim</strong></span> <span class='ocrx_word' id='word_1_703' title='bbox 3711 3896 4001 3950; x_wconf 86' lang='lat' dir='ltr'><strong>diaconus</strong></span> 
     </span>
    </p>
   </div>
   <div class='ocr_carea' id='block_1_99' title="bbox 2351 3984 4002 4057">
    <p class='ocr_par' dir='ltr' id='par_1_99' title="bbox 2351 3984 4002 4057">
     <span class='ocr_line' id='line_1_99' title="bbox 2351 3984 4002 4057; baseline -0.004 -14"><span class='ocrx_word' id='word_1_704' title='bbox 2351 3986 2593 4043; x_wconf 75' lang='lat' dir='ltr'><strong>Benedic</strong></span> <span class='ocrx_word' id='word_1_705' title='bbox 2622 3985 2995 4053; x_wconf 86' lang='lat' dir='ltr'><strong>inclamavit;</strong></span> <span class='ocrx_word' id='word_1_706' title='bbox 3030 4002 3209 4057; x_wconf 89' lang='lat' dir='ltr'><strong>quam</strong></span> <span class='ocrx_word' id='word_1_707' title='bbox 3238 4001 3438 4042; x_wconf 85' lang='lat' dir='ltr'><strong>vocem</strong></span> <span class='ocrx_word' id='word_1_708' title='bbox 3470 3989 3671 4040; x_wconf 89' lang='lat' dir='ltr'><strong>secuta</strong></span> <span class='ocrx_word' id='word_1_709' title='bbox 3718 3984 4002 4039; x_wconf 91' lang='lat' dir='ltr'><strong>continuo</strong></span> 
     </span>
    </p>
   </div>
   <div class='ocr_carea' id='block_1_100' title="bbox 2351 4074 4005 4146">
    <p class='ocr_par' dir='ltr' id='par_1_100' title="bbox 2351 4074 4005 4146">
     <span class='ocr_line' id='line_1_100' title="bbox 2351 4074 4005 4146; baseline -0.003 -13"><span class='ocrx_word' id='word_1_710' title='bbox 2351 4081 2442 4133; x_wconf 84' lang='lat' dir='ltr'><strong>est</strong></span> <span class='ocrx_word' id='word_1_711' title='bbox 2464 4075 2787 4132; x_wconf 87' lang='lat' dir='ltr'><strong>sacerdotis</strong></span> <span class='ocrx_word' id='word_1_712' title='bbox 2810 4075 3157 4131; x_wconf 87' lang='lat' dir='ltr'><strong>benedictio.</strong></span> <span class='ocrx_word' id='word_1_713' title='bbox 3183 4074 3494 4131; x_wconf 90' lang='lat' dir='ltr'><strong>Perculsus</strong></span> <span class='ocrx_word' id='word_1_714' title='bbox 3515 4075 3816 4146; x_wconf 89' lang='lat' dir='ltr'><strong>inopinato</strong></span> <span class='ocrx_word' id='word_1_715' title='bbox 3850 4074 4005 4129; x_wconf 90' lang='lat' dir='ltr'><strong>facto</strong></span> 
     </span>
    </p>
   </div>
   <div class='ocr_carea' id='block_1_101' title="bbox 2352 4162 4010 4238">
    <p class='ocr_par' dir='ltr' id='par_1_101' title="bbox 2352 4162 4010 4238">
     <span class='ocr_line' id='line_1_101' title="bbox 2352 4162 4010 4238; baseline -0.003 -17"><span class='ocrx_word' id='word_1_716' title='bbox 2352 4165 2706 4238; x_wconf 86' lang='lat' dir='ltr'><strong>patriarcha,</strong></span> <span class='ocrx_word' id='word_1_717' title='bbox 2738 4170 2795 4219; x_wconf 89' lang='lat' dir='ltr'><strong>et</strong></span> <span class='ocrx_word' id='word_1_718' title='bbox 2825 4163 3029 4220; x_wconf 90' lang='lat' dir='ltr'><strong>dolum</strong></span> <span class='ocrx_word' id='word_1_719' title='bbox 3060 4165 3258 4219; x_wconf 89' lang='lat' dir='ltr'><strong>subito</strong></span> <span class='ocrx_word' id='word_1_720' title='bbox 3307 4163 3668 4235; x_wconf 89' lang='lat' dir='ltr'><strong>intelligens,</strong></span> <span class='ocrx_word' id='word_1_721' title='bbox 3715 4162 4010 4233; x_wconf 88' lang='lat' dir='ltr'><strong>proripuit</strong></span> 
     </span>
    </p>
   </div>
   <div class='ocr_carea' id='block_1_102' title="bbox 2351 4252 4004 4326">
    <p class='ocr_par' dir='ltr' id='par_1_102' title="bbox 2351 4252 4004 4326">
     <span class='ocr_line' id='line_1_102' title="bbox 2351 4252 4004 4326; baseline -0.004 -15"><span class='ocrx_word' id='word_1_722' title='bbox 2351 4272 2435 4323; x_wconf 88' lang='lat' dir='ltr'><strong>se,</strong></span> <span class='ocrx_word' id='word_1_723' title='bbox 2468 4272 2535 4311; x_wconf 88' lang='lat' dir='ltr'><strong>ac</strong></span> <span class='ocrx_word' id='word_1_724' title='bbox 2587 4254 2790 4310; x_wconf 90' lang='lat' dir='ltr'><strong>manui</strong></span> <span class='ocrx_word' id='word_1_725' title='bbox 2839 4255 3090 4310; x_wconf 87' lang='lat' dir='ltr'><strong>tenentis</strong></span> <span class='ocrx_word' id='word_1_726' title='bbox 3139 4254 3511 4326; x_wconf 87' lang='lat' dir='ltr'><strong>imperatoris</strong></span> <span class='ocrx_word' id='word_1_727' title='bbox 3559 4252 3795 4323; x_wconf 88' lang='lat' dir='ltr'><strong>elapsus</strong></span> <span class='ocrx_word' id='word_1_728' title='bbox 3844 4257 3936 4305; x_wconf 90' lang='lat' dir='ltr'><strong>est</strong></span> <span class='ocrx_word' id='word_1_729' title='bbox 3991 4270 4004 4304; x_wconf 96' lang='lat'>:</span> 
     </span>
    </p>
   </div>
   <div class='ocr_carea' id='block_1_103' title="bbox 2348 4340 4011 4418">
    <p class='ocr_par' dir='ltr' id='par_1_103' title="bbox 2348 4340 4011 4418">
     <span class='ocr_line' id='line_1_103' title="bbox 2348 4340 4011 4418; baseline -0.003 -20"><span class='ocrx_word' id='word_1_730' title='bbox 2348 4364 2377 4392; x_wconf 86' lang='lat'><strong><em>«</em></strong></span> <span class='ocrx_word' id='word_1_731' title='bbox 2413 4343 2548 4408; x_wconf 89' lang='lat' dir='ltr'><strong>Cur,</strong></span> <span class='ocrx_word' id='word_1_732' title='bbox 2576 4340 2875 4412; x_wconf 88' lang='lat' dir='ltr'><strong>inquiens,</strong></span> <span class='ocrx_word' id='word_1_733' title='bbox 2908 4341 3109 4396; x_wconf 89' lang='lat' dir='ltr'><strong>dolose</strong></span> <span class='ocrx_word' id='word_1_734' title='bbox 3142 4340 3891 4418; x_wconf 60' lang='lat' dir='ltr'><strong>furarisbenedictionem,</strong></span> <span class='ocrx_word' id='word_1_735' title='bbox 3947 4343 4011 4393; x_wconf 90' lang='lat' dir='ltr'><strong>et</strong></span> 
     </span>
    </p>
   </div>
   <div class='ocr_carea' id='block_1_104' title="bbox 2351 4429 4007 4503">
    <p class='ocr_par' dir='ltr' id='par_1_104' title="bbox 2351 4429 4007 4503">
     <span class='ocr_line' id='line_1_104' title="bbox 2351 4429 4007 4503; baseline -0.002 -17"><span class='ocrx_word' id='word_1_736' title='bbox 2351 4432 2621 4503; x_wconf 88' lang='lat' dir='ltr'><strong>decipere</strong></span> <span class='ocrx_word' id='word_1_737' title='bbox 2650 4431 2835 4486; x_wconf 90' lang='lat' dir='ltr'><strong>Deum</strong></span> <span class='ocrx_word' id='word_1_738' title='bbox 2867 4430 3121 4495; x_wconf 89' lang='lat' dir='ltr'><strong>conaris,</strong></span> <span class='ocrx_word' id='word_1_739' title='bbox 3155 4430 3331 4486; x_wconf 90' lang='lat' dir='ltr'><strong>homo</strong></span> <span class='ocrx_word' id='word_1_740' title='bbox 3362 4446 3497 4485; x_wconf 92' lang='lat' dir='ltr'><strong>cum</strong></span> <span class='ocrx_word' id='word_1_741' title='bbox 3529 4429 3657 4484; x_wconf 86' lang='lat' dir='ltr'><strong>sis?</strong></span> <span class='ocrx_word' id='word_1_742' title='bbox 3687 4429 3841 4499; x_wconf 92' lang='lat' dir='ltr'><strong>quod</strong></span> <span class='ocrx_word' id='word_1_743' title='bbox 3896 4444 4007 4483; x_wconf 88' lang='lat' dir='ltr'><strong>nec</strong></span> 
     </span>
    </p>
   </div>
   <div class='ocr_carea' id='block_1_105' title="bbox 2351 4518 4013 4592">
    <p class='ocr_par' dir='ltr' id='par_1_105' title="bbox 2351 4518 4013 4592">
     <span class='ocr_line' id='line_1_105' title="bbox 2351 4518 4013 4592; baseline -0.003 -15"><span class='ocrx_word' id='word_1_744' title='bbox 2351 4519 2655 4592; x_wconf 83' lang='lat' dir='ltr'><strong>oportebat</strong></span> <span class='ocrx_word' id='word_1_745' title='bbox 2684 4536 2787 4575; x_wconf 90' lang='lat' dir='ltr'><strong>nec</strong></span> <span class='ocrx_word' id='word_1_746' title='bbox 2819 4520 3165 4591; x_wconf 84' lang='lat' dir='ltr'><strong>expediebat</strong></span> <span class='ocrx_word' id='word_1_747' title='bbox 3214 4537 3247 4575; x_wconf 91' lang='lat' dir='ltr'><strong>a</strong></span> <span class='ocrx_word' id='word_1_748' title='bbox 3296 4524 3351 4575; x_wconf 90' lang='lat' dir='ltr'><strong>te</strong></span> <span class='ocrx_word' id='word_1_749' title='bbox 3400 4519 3635 4574; x_wconf 87' lang='lat' dir='ltr'><strong>tentari.</strong></span> <span class='ocrx_word' id='word_1_750' title='bbox 3688 4540 3716 4567; x_wconf 81' lang='grc'><strong>››</strong></span> <span class='ocrx_word' id='word_1_751' title='bbox 3766 4518 4013 4572; x_wconf 86' lang='lat' dir='ltr'><strong>Addidit</strong></span> 
     </span>
    </p>
   </div>
   <div class='ocr_carea' id='block_1_106' title="bbox 2357 4606 4010 4681">
    <p class='ocr_par' dir='ltr' id='par_1_106' title="bbox 2357 4606 4010 4681">
     <span class='ocr_line' id='line_1_106' title="bbox 2357 4606 4010 4681; baseline -0.001 -18"><span class='ocrx_word' id='word_1_752' title='bbox 2357 4615 2636 4681; x_wconf 64' lang='lat' dir='ltr'><strong>praterea</strong></span> <span class='ocrx_word' id='word_1_753' title='bbox 2684 4608 2843 4664; x_wconf 90' lang='lat' dir='ltr'><strong>haud</strong></span> <span class='ocrx_word' id='word_1_754' title='bbox 2889 4608 3145 4664; x_wconf 89' lang='lat' dir='ltr'><strong>molliter</strong></span> <span class='ocrx_word' id='word_1_755' title='bbox 3173 4608 3533 4680; x_wconf 83' lang='lat' dir='ltr'><strong>exprobrans</strong></span> <span class='ocrx_word' id='word_1_756' title='bbox 3566 4624 3581 4663; x_wconf 88' lang='lat'><strong>:</strong></span> <span class='ocrx_word' id='word_1_757' title='bbox 3613 4630 3641 4657; x_wconf 75' lang='grc' dir='ltr'><strong>α</strong></span> <span class='ocrx_word' id='word_1_758' title='bbox 3680 4606 4010 4662; x_wconf 88' lang='lat' dir='ltr'><strong>Pulchrane</strong></span> 
     </span>
    </p>
   </div>
   <div class='ocr_carea' id='block_1_107' title="bbox 2357 4695 4012 4770">
    <p class='ocr_par' dir='ltr' id='par_1_107' title="bbox 2357 4695 4012 4770">
     <span class='ocr_line' id='line_1_107' title="bbox 2357 4695 4012 4770; baseline -0.001 -17"><span class='ocrx_word' id='word_1_759' title='bbox 2357 4698 2477 4753; x_wconf 65' lang='lat' dir='ltr'><strong>haec</strong></span> <span class='ocrx_word' id='word_1_760' title='bbox 2510 4704 2683 4770; x_wconf 89' lang='lat' dir='ltr'><strong>putas</strong></span> <span class='ocrx_word' id='word_1_761' title='bbox 2734 4703 2791 4753; x_wconf 92' lang='lat' dir='ltr'><strong>et</strong></span> <span class='ocrx_word' id='word_1_762' title='bbox 2834 4697 3242 4753; x_wconf 86' lang='lat' dir='ltr'><strong>convenientia</strong></span> <span class='ocrx_word' id='word_1_763' title='bbox 3298 4696 3637 4767; x_wconf 89' lang='lat' dir='ltr'><strong>imperatori</strong></span> <span class='ocrx_word' id='word_1_764' title='bbox 3692 4695 4012 4768; x_wconf 84' lang='lat' dir='ltr'><strong>magnifice</strong></span> 
     </span>
    </p>
   </div>
   <div class='ocr_carea' id='block_1_108' title="bbox 2356 4783 4010 4859">
    <p class='ocr_par' dir='ltr' id='par_1_108' title="bbox 2356 4783 4010 4859">
     <span class='ocr_line' id='line_1_108' title="bbox 2356 4783 4010 4859; baseline -0.001 -17"><span class='ocrx_word' id='word_1_765' title='bbox 2356 4788 2621 4859; x_wconf 89' lang='lat' dir='ltr'><strong>professo</strong></span> <span class='ocrx_word' id='word_1_766' title='bbox 2654 4804 2716 4843; x_wconf 89' lang='lat' dir='ltr'><strong>se</strong></span> <span class='ocrx_word' id='word_1_767' title='bbox 2738 4788 2904 4859; x_wconf 84' lang='lat' dir='ltr'><strong>juxta</strong></span> <span class='ocrx_word' id='word_1_768' title='bbox 2930 4787 3092 4858; x_wconf 86' lang='lat' dir='ltr'><strong>leges</strong></span> <span class='ocrx_word' id='word_1_769' title='bbox 3122 4786 3276 4843; x_wconf 74' lang='lat'><strong>268</strong></span> <span class='ocrx_word' id='word_1_770' title='bbox 3309 4786 3598 4857; x_wconf 87' lang='lat' dir='ltr'><strong>imperare</strong></span> <span class='ocrx_word' id='word_1_771' title='bbox 3630 4783 3823 4841; x_wconf 83' lang='lat' dir='ltr'><strong>velle?</strong></span> <span class='ocrx_word' id='word_1_772' title='bbox 3866 4785 4010 4857; x_wconf 90' lang='lat' dir='ltr'><strong>quid</strong></span> 
     </span>
    </p>
   </div>
   <div class='ocr_carea' id='block_1_109' title="bbox 2356 4874 4009 4944">
    <p class='ocr_par' dir='ltr' id='par_1_109' title="bbox 2356 4874 4009 4944">
     <span class='ocr_line' id='line_1_109' title="bbox 2356 4874 4009 4944; baseline -0.002 -11"><span class='ocrx_word' id='word_1_773' title='bbox 2356 4877 2627 4933; x_wconf 87' lang='lat' dir='ltr'><strong>homines</strong></span> <span class='ocrx_word' id='word_1_774' title='bbox 2654 4878 2853 4933; x_wconf 88' lang='lat' dir='ltr'><strong>dicent</strong></span> <span class='ocrx_word' id='word_1_775' title='bbox 2882 4878 2981 4932; x_wconf 89' lang='lat' dir='ltr'><strong>ubi</strong></span> <span class='ocrx_word' id='word_1_776' title='bbox 3012 4875 3351 4932; x_wconf 81' lang='lat' dir='ltr'><strong>audierint?</strong></span> <span class='ocrx_word' id='word_1_777' title='bbox 3381 4891 3455 4930; x_wconf 88' lang='lat' dir='ltr'><strong>an</strong></span> <span class='ocrx_word' id='word_1_778' title='bbox 3489 4876 3729 4930; x_wconf 89' lang='lat' dir='ltr'><strong>laudare</strong></span> <span class='ocrx_word' id='word_1_779' title='bbox 3766 4874 3899 4944; x_wconf 82' lang='lat' dir='ltr'><strong>ista,</strong></span> <span class='ocrx_word' id='word_1_780' title='bbox 3934 4874 4009 4929; x_wconf 89' lang='lat' dir='ltr'><strong>ad</strong></span> 
     </span>
    </p>
   </div>
   <div class='ocr_carea' id='block_1_110' title="bbox 2358 4963 4013 5037">
    <p class='ocr_par' dir='ltr' id='par_1_110' title="bbox 2358 4963 4013 5037">
     <span class='ocr_line' id='line_1_110' title="bbox 2358 4963 4013 5037; baseline -0.003 -13"><span class='ocrx_word' id='word_1_781' title='bbox 2358 4966 2567 5024; x_wconf 83' lang='lat' dir='ltr'><strong>saltem</strong></span> <span class='ocrx_word' id='word_1_782' title='bbox 2592 4965 2681 5022; x_wconf 90' lang='lat' dir='ltr'><strong>vel</strong></span> <span class='ocrx_word' id='word_1_783' title='bbox 2712 4966 3042 5023; x_wconf 87' lang='lat' dir='ltr'><strong>tolerabilia</strong></span> <span class='ocrx_word' id='word_1_784' title='bbox 3071 4981 3310 5022; x_wconf 87' lang='lat' dir='ltr'><strong>censere</strong></span> <span class='ocrx_word' id='word_1_785' title='bbox 3341 4964 3663 5037; x_wconf 80' lang='lat' dir='ltr'><strong>poterunt?</strong></span> <span class='ocrx_word' id='word_1_786' title='bbox 3718 4987 3746 5015; x_wconf 82' lang='lat'>»</span> <span class='ocrx_word' id='word_1_787' title='bbox 3796 4964 3866 5019; x_wconf 88' lang='lat' dir='ltr'><strong>Et</strong></span> <span class='ocrx_word' id='word_1_788' title='bbox 3912 4963 4013 5019; x_wconf 91' lang='lat' dir='ltr'><strong>his</strong></span> 
     </span>
    </p>
   </div>
   <div class='ocr_carea' id='block_1_111' title="bbox 2359 5053 4011 5129">
    <p class='ocr_par' dir='ltr' id='par_1_111' title="bbox 2359 5053 4011 5129">
     <span class='ocr_line' id='line_1_111' title="bbox 2359 5053 4011 5129; baseline -0.003 -17"><span class='ocrx_word' id='word_1_789' title='bbox 2359 5061 2598 5129; x_wconf 88' lang='lat' dir='ltr'><strong>repente</strong></span> <span class='ocrx_word' id='word_1_790' title='bbox 2628 5055 2803 5112; x_wconf 90' lang='lat' dir='ltr'><strong>dictis</strong></span> <span class='ocrx_word' id='word_1_791' title='bbox 2828 5055 3082 5113; x_wconf 89' lang='lat' dir='ltr'><strong>avolavit</strong></span> <span class='ocrx_word' id='word_1_792' title='bbox 3108 5055 3298 5111; x_wconf 89' lang='lat' dir='ltr'><strong>instar</strong></span> <span class='ocrx_word' id='word_1_793' title='bbox 3325 5053 3558 5126; x_wconf 68' lang='lat' dir='ltr'><strong>aquila,</strong></span> <span class='ocrx_word' id='word_1_794' title='bbox 3591 5054 3811 5125; x_wconf 88' lang='lat' dir='ltr'><strong>pudore</strong></span> <span class='ocrx_word' id='word_1_795' title='bbox 3866 5069 4011 5108; x_wconf 91' lang='lat' dir='ltr'><strong>con-</strong></span> 
     </span>
    </p>
   </div>
   <div class='ocr_carea' id='block_1_112' title="bbox 2358 5144 4009 5217">
    <p class='ocr_par' dir='ltr' id='par_1_112' title="bbox 2358 5144 4009 5217">
     <span class='ocr_line' id='line_1_112' title="bbox 2358 5144 4009 5217; baseline -0.002 -17"><span class='ocrx_word' id='word_1_796' title='bbox 2358 5146 2557 5203; x_wconf 88' lang='lat' dir='ltr'><strong>fusum</strong></span> <span class='ocrx_word' id='word_1_797' title='bbox 2608 5145 3020 5217; x_wconf 86' lang='lat' dir='ltr'><strong>imperatorem</strong></span> <span class='ocrx_word' id='word_1_798' title='bbox 3070 5144 3447 5215; x_wconf 86' lang='lat' dir='ltr'><strong>relinquens;</strong></span> <span class='ocrx_word' id='word_1_799' title='bbox 3500 5160 3566 5199; x_wconf 86' lang='lat' dir='ltr'><strong>ac</strong></span> <span class='ocrx_word' id='word_1_800' title='bbox 3624 5159 3728 5215; x_wconf 93' lang='lat' dir='ltr'><strong>per</strong></span> <span class='ocrx_word' id='word_1_801' title='bbox 3777 5146 4009 5212; x_wconf 87' lang='lat' dir='ltr'><strong>portam</strong></span> 
     </span>
    </p>
   </div>
   <div class='ocr_carea' id='block_1_113' title="bbox 2357 5231 4013 5307">
    <p class='ocr_par' dir='ltr' id='par_1_113' title="bbox 2357 5231 4013 5307">
     <span class='ocr_line' id='line_1_113' title="bbox 2357 5231 4013 5307; baseline -0.003 -15"><span class='ocrx_word' id='word_1_802' title='bbox 2357 5236 2598 5292; x_wconf 88' lang='lat' dir='ltr'><strong>triclinii</strong></span> <span class='ocrx_word' id='word_1_803' title='bbox 2622 5235 3081 5307; x_wconf 84' lang='lat' dir='ltr'><strong>ferream,pedes</strong></span> <span class='ocrx_word' id='word_1_804' title='bbox 3104 5238 3327 5305; x_wconf 84' lang='lat' dir='ltr'><strong>quanta</strong></span> <span class='ocrx_word' id='word_1_805' title='bbox 3348 5232 3604 5288; x_wconf 85' lang='lat' dir='ltr'><strong>maxima</strong></span> <span class='ocrx_word' id='word_1_806' title='bbox 3634 5231 3831 5305; x_wconf 89' lang='lat' dir='ltr'><strong>posuit</strong></span> <span class='ocrx_word' id='word_1_807' title='bbox 3872 5247 4013 5302; x_wconf 80' lang='lat' dir='ltr'><strong>per-</strong></span> 
     </span>
    </p>
   </div>
   <div class='ocr_carea' id='block_1_114' title="bbox 2358 5320 4011 5395">
    <p class='ocr_par' dir='ltr' id='par_1_114' title="bbox 2358 5320 4011 5395">
     <span class='ocr_line' id='line_1_114' title="bbox 2358 5320 4011 5395; baseline -0.002 -15"><span class='ocrx_word' id='word_1_808' title='bbox 2358 5324 2596 5381; x_wconf 87' lang='lat' dir='ltr'><strong>nicitate</strong></span> <span class='ocrx_word' id='word_1_809' title='bbox 2626 5339 2895 5395; x_wconf 88' lang='lat' dir='ltr'><strong>currens,</strong></span> <span class='ocrx_word' id='word_1_810' title='bbox 2945 5324 3205 5395; x_wconf 86' lang='lat' dir='ltr'><strong>pervenit</strong></span> <span class='ocrx_word' id='word_1_811' title='bbox 3254 5322 3326 5378; x_wconf 88' lang='lat' dir='ltr'><strong>ad</strong></span> <span class='ocrx_word' id='word_1_812' title='bbox 3382 5338 3564 5389; x_wconf 88' lang='lat' dir='ltr'><strong>mare,</strong></span> <span class='ocrx_word' id='word_1_813' title='bbox 3614 5320 3809 5392; x_wconf 88' lang='lat' dir='ltr'><strong>ibique</strong></span> <span class='ocrx_word' id='word_1_814' title='bbox 3857 5336 4011 5376; x_wconf 85' lang='lat' dir='ltr'><strong>nave</strong></span> 
     </span>
    </p>
   </div>
   <div class='ocr_carea' id='block_1_115' title="bbox 2358 5410 4013 5483">
    <p class='ocr_par' dir='ltr' id='par_1_115' title="bbox 2358 5410 4013 5483">
     <span class='ocr_line' id='line_1_115' title="bbox 2358 5410 4013 5483; baseline -0.003 -12"><span class='ocrx_word' id='word_1_815' title='bbox 2358 5430 2680 5471; x_wconf 86' lang='lat' dir='ltr'><strong>conscensa</strong></span> <span class='ocrx_word' id='word_1_816' title='bbox 2710 5414 2949 5470; x_wconf 89' lang='lat' dir='ltr'><strong>domum</strong></span> <span class='ocrx_word' id='word_1_817' title='bbox 2979 5430 3042 5469; x_wconf 91' lang='lat' dir='ltr'><strong>se</strong></span> <span class='ocrx_word' id='word_1_818' title='bbox 3071 5411 3300 5469; x_wconf 90' lang='lat' dir='ltr'><strong>retulit.</strong></span> <span class='ocrx_word' id='word_1_819' title='bbox 3341 5414 3414 5466; x_wconf 86' lang='lat' dir='ltr'><strong>At</strong></span> <span class='ocrx_word' id='word_1_820' title='bbox 3442 5412 3762 5483; x_wconf 89' lang='lat' dir='ltr'><strong>imperator</strong></span> <span class='ocrx_word' id='word_1_821' title='bbox 3799 5410 4013 5482; x_wconf 89' lang='lat' dir='ltr'><strong>plenus</strong></span> 
     </span>
    </p>
   </div>
   <div class='ocr_carea' id='block_1_116' title="bbox 2360 5500 4011 5574">
    <p class='ocr_par' dir='ltr' id='par_1_116' title="bbox 2360 5500 4011 5574">
     <span class='ocr_line' id='line_1_116' title="bbox 2360 5500 4011 5574; baseline -0.002 -15"><span class='ocrx_word' id='word_1_822' title='bbox 2360 5506 2496 5561; x_wconf 89' lang='lat' dir='ltr'><strong>licet</strong></span> <span class='ocrx_word' id='word_1_823' title='bbox 2525 5503 2919 5570; x_wconf 69' lang='lat' dir='ltr'><strong>contumeliae,</strong></span> <span class='ocrx_word' id='word_1_824' title='bbox 2950 5520 3016 5559; x_wconf 90' lang='lat' dir='ltr'><strong>ac</strong></span> <span class='ocrx_word' id='word_1_825' title='bbox 3044 5508 3165 5559; x_wconf 89' lang='lat' dir='ltr'><strong>tam</strong></span> <span class='ocrx_word' id='word_1_826' title='bbox 3194 5502 3489 5574; x_wconf 71' lang='lat' dir='ltr'><strong>probrosae</strong></span> <span class='ocrx_word' id='word_1_827' title='bbox 3532 5500 3781 5572; x_wconf 64' lang='lat' dir='ltr'><strong>repulsae</strong></span> <span class='ocrx_word' id='word_1_828' title='bbox 3830 5516 4011 5555; x_wconf 89' lang='lat' dir='ltr'><strong>sensu</strong></span> 
     </span>
    </p>
   </div>
   <div class='ocr_carea' id='block_1_117' title="bbox 2356 5589 4015 5665">
    <p class='ocr_par' dir='ltr' id='par_1_117' title="bbox 2356 5589 4015 5665">
     <span class='ocr_line' id='line_1_117' title="bbox 2356 5589 4015 5665; baseline -0.004 -14"><span class='ocrx_word' id='word_1_829' title='bbox 2356 5595 2568 5651; x_wconf 91' lang='lat' dir='ltr'><strong>intimo</strong></span> <span class='ocrx_word' id='word_1_830' title='bbox 2600 5594 2916 5665; x_wconf 87' lang='lat' dir='ltr'><strong>doloreque</strong></span> <span class='ocrx_word' id='word_1_831' title='bbox 2947 5598 3227 5658; x_wconf 74' lang='lat' dir='ltr'><strong>aestuans,</strong></span> <span class='ocrx_word' id='word_1_832' title='bbox 3277 5596 3470 5646; x_wconf 85' lang='lat' dir='ltr'><strong>tamen</strong></span> <span class='ocrx_word' id='word_1_833' title='bbox 3526 5589 4015 5660; x_wconf 79' lang='lat' dir='ltr'><strong>magnanimitate</strong></span> 
     </span>
    </p>
   </div>
   <div class='ocr_carea' id='block_1_118' title="bbox 2360 5678 4016 5756">
    <p class='ocr_par' dir='ltr' id='par_1_118' title="bbox 2360 5678 4016 5756">
     <span class='ocr_line' id='line_1_118' title="bbox 2360 5678 4016 5756; baseline -0.004 -14"><span class='ocrx_word' id='word_1_834' title='bbox 2360 5684 2640 5742; x_wconf 89' lang='lat' dir='ltr'><strong>simulata</strong></span> <span class='ocrx_word' id='word_1_835' title='bbox 2669 5684 2960 5739; x_wconf 82' lang='lat' dir='ltr'><strong>sacriﬁcio</strong></span> <span class='ocrx_word' id='word_1_836' title='bbox 2986 5683 3238 5756; x_wconf 88' lang='lat' dir='ltr'><strong>perrexit</strong></span> <span class='ocrx_word' id='word_1_837' title='bbox 3268 5679 3789 5752; x_wconf 85' lang='lat' dir='ltr'><strong>attendere,quoad</strong></span> <span class='ocrx_word' id='word_1_838' title='bbox 3824 5678 4016 5735; x_wconf 85' lang='lat' dir='ltr'><strong>missa</strong></span> 
     </span>
    </p>
   </div>
  </div>
