4212 6442
165 378 270 433 709

1215 376 1302 427 DE
1339 374 1707 429 MICHAELE
1747 372 2189 431 PALBOLOGO
2224 376 2357 429 LIB.
2397 377 2494 429 IV.

3450 375 3557 430 710

163 500 266 555 δῶν
321 503 468 575 εἶχεν
516 499 717 574 ἐχώρει
758 500 895 574 πρὸς
945 494 1237 566 θάλασσαν,
1285 498 1375 551 καὶ
1418 498 1552 558 νεὼς
1611 490 1801 558 έπιόας
1832 500 1879 564 Α
1917 495 1980 557 ς’.
2039 496 2227 557 Ὅπως
2287 496 2674 585 συναχθέντων
2716 500 2823 585 τῶν
2867 497 3191 585 ,ἀρχιερέων
3240 497 3303 552 τὸ
3346 497 3553 553 τέλειον

166 584 540 660 κατελάμϐανε
603 588 669 642 τά
724 586 944 642 οἷ’κεῖα.
1013 587 1069 639 Ὀ
1150 586 1332 657 μέντοι
1408 606 1471 659 γε
1548 584 1800 659 βασιλεὺς

166 674 575 751 ὑϐριοπαθήσας
636 678 752 730 οἷον
807 675 897 729 καὶ
954 672 1221 737 αἰδεσθεὶς
1273 678 1651 749 προσποιεῖται
1707 672 1797 727 οὖν

162 766 311 837 ὅμως
343 767 405 820 τὸ
442 763 857 840 μεγαλόψυχον.
894 762 997 819 Καὶ
1038 762 1148 817 ἐπεὶ
1190 760 1349 825 τέλος
1374 764 1473 830 τὴν
1506 764 1653 836 ἱεραν
1686 760 1799 817 λει-

158 855 415 928 τουργίαν
464 848 791 925 ἐλάμϐανεν,
841 851 1107 925 ἐξελθὼν,
1153 850 1363 914 σταθεὶς
1411 850 1461 906 έν
1510 855 1589 923 τῷ
1639 848 1797 906 ’Δλε-

161 943 327 1013 ξιακῷ
355 941 639 1017 τρικλίνῳ,
688 940 817 1002 τοὺς
865 960 924 995 τε
971 944 1080 994 τῶν
1126 940 1400 1013 ἱεραρχῶν
1450 939 1798 1013 παρατκχόν-

157 1052 248 1092 τας
281 1030 528 1091 καὶτοὺς
578 1034 674 1085 τοῦ
700 1028 939 1105 ,κλήρου
992 1028 1501 1101 μεταστειλάμενος,
1552 1030 1636 1100 [Ρ.
1675 1030 1797 1100 178]

160 1116 468 1171 ἐπενεκάλει
508 1122 587 1189 τῷ
618 1118 935 1191 πατριάρχῃ
988 1115 1359 1188 σκληρότητα,
1392 1114 1504 1182 καὶ,
1554 1139 1581 1166 ι(
1608 1113 1795 1183 Ἴδετε,

162 1207 358 1281 λέγων,
407 1207 555 1269 ὅπως
617 1208 838 1278 ἀμαθῶς
900 1205 1041 1260 οὕτω
1097 1210 1206 1260 τῶν
1254 1204 1535 1279 ᾐμετέρων
1596 1209 1798 1279 χειρῶν

158 1295 545 1370 ἀπεδίδρασκε.
608 1296 703 1351 Καὶ
757 1296 802 1351 εἰ
859 1294 1121 1365 λυπήσων
1177 1294 1339 1371 ἐφάνη
1372 1340 1387 1363 ,
1438 1294 1574 1349 κατά
1630 1294 1681 1348 τί
1738 1316 1798 1371 γε

156 1386 240 1438 καὶ
274 1387 401 1458 παρ’
431 1388 576 1457 ἡμᾶς
631 1386 890 1462 ἀφῖκταις
951 1383 1075 1439 ἀλλ’
1126 1384 1199 1445 ὡς
1251 1381 1414 1454 ἔοικε,
1466 1383 1592 1444 τοὺς
1651 1381 1798 1457 ἐλέγ-

157 1493 288 1547 χους
350 1472 732 1548 διαφυγγάνειν
792 1471 1359 1547 πραγματευόμενος,
1418 1469 1603 1526 ἔλαθεν
1671 1471 1796 1525 έαυ-

155 1566 242 1616 τὸν
302 1566 616 1632 συνωθήσας
651 1562 886 1635 μάλιστα
942 1562 1077 1636 πρὸς
1132 1562 1231 1628 τὴν
1292 1558 1471 1629 δίκην.
1532 1563 1624 1629 Μὴ
1669 1565 1799 1634 γοῦν

158 1651 241 1705 ἐπὶ
269 1651 441 1705 πλέον
476 1649 810 1729 φευγοδικῶν
848 1648 1193 1726 κερδαινέτω,
1245 1647 1397 1706 Ἀλλ’
1444 1648 1559 1704 ἐπεὶ
1589 1650 1652 1704 τὸ
1679 1649 1795 1723 τρί-

155 1761 243 1795 τον
301 1739 754 1795 έναπολέλειπ-ται
817 1741 1070 1812 μήνυμα,
1132 1737 1505 1812 συναχθέντων
1559 1736 1792 1813 γενέσθω

2095 586 2319 639 μηνυμα
2340 568 2545 623 καὶἿέπῖ
2578 568 2759 640 τούνῳ
2789 570 2823 637 ἡ
2856 568 3113 642 ἀοόὲρασις
3138 570 3376 643 γέγονεν.

1980 674 2097 737 Τῆς
2128 670 2186 726 δὲ
2236 675 2356 745 μετ’
2403 673 2570 741 αὐτὴν
2628 674 2840 749 ἡμέρας
2887 676 3003 745 ἅμα
3047 674 3422 749 συναχθέντων
3465 677 3553 730 καὶ

1914 758 2080 815 πάλιν
2119 761 2252 833 μετά
2290 761 2477 817 πολλὰ
2506 762 2571 816 τὰ
2621 760 2923 832 λαληθέντα
2971 762 3059 816 καὶ
3107 764 3205 832 τὴν
3250 768 3347 817 τοῦ
3397 765 3549 839 βασι-

1914 848 2052 910 λέως
2105 852 2217 904 οἷον
2252 850 2599 925 παραίτησιν,
2632 852 2706 912 ὡς
2742 848 2883 922 μηδὲ
2932 850 3089 906 αὐτὸν
3143 851 3317 915 θέλειν
3367 854 3552 927 παρεῖ-

1905 958 2014 1007 ναι,
2047 938 2091 991 εἰ
2122 940 2197 1009 μή
2240 959 2299 1012 γε
2335 946 2435 1008 τῆς
2495 939 2818 1009 Ἐκκλησίας
2877 936 3073 1012 δεσμοὶ
3128 940 3433 1015 ἐξεχώρουν
3464 942 3553 996 καὶ

1905 1028 2479 1101 προσκατηνάγκαζον,
2530 1028 2620 1082 καὶ
2687 1029 2749 1081 τὸ
2820 1027 3014 1083 λοιπὸν
3086 1030 3359 1101 πέμπεται
3445 1033 3555 1102 μή·

1904 1135 2089 1186 νυμα,
2151 1116 2450 1190 ἀρχιερέων
2513 1117 2609 1170 κάν
2662 1115 2840 1187 τούτῳ
2900 1108 3393 1188 μεσολαόησάντων
3461 1118 3551 1172 καὶ

1902 1200 2211 1276 κληρικῶν.
2271 1205 2357 1266 Ὠς
2416 1202 2472 1259 δὲ
2526 1205 2616 1260 καὶ
2676 1202 2826 1266 αὖθις
2871 1207 2897 1259 ὁ
2955 1208 3305 1281 πατριάρχης
3350 1206 3547 1262 ἀπεῖπε

1900 1295 2001 1362 τὴν
2031 1291 2234 1371 ἄφιξιν,
2265 1296 2574 1366 προστιθεὶς
2606 1295 2681 1357 ὡς
2715 1318 2736 1347 ι
2770 1296 2839 1349 Τὸ
2890 1292 3081 1351 δοκοῦν
3134 1298 3259 1369 ὑμῖν
3309 1297 3544 1361 ἀπόντος

1903 1382 2162 1455 γενέσθω·
2216 1381 2344 1437 οὐδὲ
2371 1383 2471 1457 γὰρ
2526 1383 2898 1456 ἀπαντησαιμι
2948 1384 3043 1439 κᾶν
3096 1385 3126 1439 ὅ
3162 1407 3213 1440 τι
3245 1388 3479 1460 γένοιτο,
3514 1412 3543 1439 ››

1899 1471 2021 1525 τότε
2050 1470 2184 1543 μετά
2230 1474 2330 1540 τὴν
2388 1470 2609 1539 πολλὴν
2666 1472 2851 1546 σκέψιν
2907 1474 2959 1527 οἱ
3016 1474 3268 1549 ἱεράρχαι
3322 1476 3538 1530 κανόσιν

1902 1562 2015 1613 οἷον
2076 1558 2437 1635 έπερείδεσθαι
2493 1560 2741 1624 θέλοντες
2799 1563 2947 1636 εἶχον
3012 1564 3106 1635 μὲν
3156 1564 3245 1617 καὶ
3292 1564 3384 1618 τὸν
3441 1572 3541 1633 τῆς

1902 1646 2222 1725 φυγοδικίας
2266 1649 2465 1704 κανόνα
2518 1654 2625 1704 τῶν
2685 1648 3005 1706 ἀποστόλων
3058 1652 3122 1706 τά
3158 1652 3345 1708 πολλά
3393 1656 3541 1729 σφίσι

1900 1738 2036 1811 πρὸς
2068 1738 2129 1791 τὸ
2174 1739 2243 1792 τά
2300 1736 2560 1793 δοκοῦντα
2616 1738 3003 1812 ἀποφαίνεσθαι
3066 1736 3543 1815 συμϐαλλόμενον,

157 1830 243 1883 καὶ
296 1834 479 1897 τοῦτο,
537 1828 627 1883 καὶ
684 1828 729 1884 εἱ
792 1830 885 1902 μὲν
945 1828 1262 1899 ἀπαντήσει,
1318 1828 1605 1902 κρινέσθω,
1657 1826 1701 1881 εἰ
1748 1823 1792 1880 δ’
1829 1826 2053 1925 Βὸμως
2097 1823 2154 1881 δὲ
2201 1848 2263 1901 γε
2319 1826 2370 1881 έν
2426 1826 2659 1903 ἀσφαλεῖ
2718 1827 3045 1903 βουλόμενοι
3105 1832 3385 1903 πράττειν,
3427 1831 3540 1900 έηεὶ

159 1920 272 1987 οὖν,
306 1916 445 1974 Ἀλλ
478 1918 642 1990 ἀὺμῖν
670 1939 730 1993 γε
759 1915 985 1991 μελήσει
1017 1921 1136 1980 πῶς
1166 1916 1225 1970 ἂν
1250 1913 1649 1994 φυγοδικοῦντα
1669 1936 1790 1988 μετα

160 2006 458 2070 ελεύσεσθε.
501 2007 579 2063 Τὸ
629 2005 675 2060 δ’
723 2005 852 2079 ἐμὸν
915 2004 1199 2070 ἀναθετέον
1260 2009 1374 2076 Θεῷ
1429 2006 1577 2065 ὅπως
1632 2002 1691 2058 ἂν
1719 2005 1795 2065 ὡς

159 2096 349 2167 ἐκείνῳ
398 2090 671 2165 ϐουλητὸν
726 2094 1143 2168 οἰκονομηθείη.
1196 2118 1225 2147 κ
1275 2095 1433 2149 Ταῦτ’
1488 2092 1655 2148 εἲπὼν
1706 2093 1796 2147 καὶ

156 2185 411 2259 προσθεὶς
466 2184 602 2239 κατά
655 2206 779 2239 τινα
834 2183 1116 2259 πρόληψιν
1174 2185 1395 2238 κάκεῖνα
1458 2179 1795 2255 εὐμεθόδως,

158 2275 236 2328 ὅτι
266 2273 357 2327 καὶ
406 2273 469 2327 τὸ
505 2273 734 2335 τούτους
792 2271 1064 2334 πολλάκις
1115 2271 1476 2349 ἀναφέροντας
1530 2272 1652 2346 περὶ
1686 2276 1793 2326 τῶν

156 2366 284 2416 κατὰ
318 2368 451 2437 σφας
496 2360 805 2431 ἐκκλησιῶν
869 2362 943 2433 μὴ
1004 2360 1372 2423 εἰσακούεσθαι
1432 2359 1605 2414 αἰτίαν
1670 2359 1793 2431 μίαν

158 2453 282 2505 εἶναι
344 2453 442 2518 τὴν
500 2455 596 2505 τοῦ
650 2451 996 2526 πατριάρχου
1046 2450 1184 2524 πρὸς
1264 2449 1422 2504 αὐτὸν
1480 2450 1794 2523 ἀπέχθειαν,

157 2540 240 2594 καὶ
284 2541 361 2603 ὡς
404 2539 455 2595 εἶ
506 2536 753 2595 ἐκποδὼν
783 2541 846 2595 τὸ
876 2536 1171 2594 σκάνδαλον
1213 2559 1456 2613 γενηται,
1508 2537 1703 2600 αὐτοὺς
1731 2539 1799 2593 τά

161 2628 372 2705 μεγάλα
416 2632 547 2704 παρ’
599 2630 745 2701 αὐτῷ
797 2626 1073 2702 δύνασθαι,
1118 2627 1414 2683 καταπαύει
1460 2628 1552 2683 τὸν
1603 2625 1796 2695 λόγον.

162 2839 391 2905 peracta
445 2850 746 2906 regressus
796 2838 1080 2907 stansque
1111 2836 1170 2891 in
1204 2836 1475 2893 Alexiaco
1521 2834 1793 2901 triclinio,

158 2925 303 2994 apud
358 2940 456 2980 eos
502 2942 650 2997 quos
680 2925 761 2979 ibi
795 2924 941 2981 forte
970 2927 1185 2996 reperit
1211 2925 1542 2997 episcopos,
1573 2928 1628 2979 et
1653 2924 1798 2980 alios

156 3026 217 3065 ex
248 3012 406 3067 clero
438 3029 583 3083 quos
603 3017 929 3081 vocaverat,
957 3019 1201 3085 questus
1230 3017 1320 3069 est
1351 3014 1422 3068 de
1454 3012 1796 3085 patriarcha:

156 3101 371 3156 duritia
398 3118 411 3157 :
446 3121 468 3150 ι
492 3102 708 3171 Videte,
731 3102 1026 3174 inquiens,
1052 3118 1230 3175 quam
1263 3102 1550 3158 inurbane
1583 3102 1798 3158 nostris

1904 1914 1992 1969 καὶ
2023 1914 2110 1969 ἐπὶ
2145 1915 2319 1986 πάσης
2376 1916 2452 1977 ὡς
2483 1915 2651 1969 εἰπεῖν
2708 1924 2807 1985 τῆς
2866 1917 3083 1982 πόλεως
3136 1921 3283 1973 ταῦτ’
3342 1918 3542 1994 ἔπρατ-

1902 2025 1993 2058 τον
2049 2006 2135 2075 [Ρ.
2201 2006 2321 2078 179]
2377 2009 2473 2059 τοῦ
2534 2005 2804 2079 βασιλέως
2851 2005 3273 2079 οἷκονομοῦντος
3331 2007 3419 2063 ὂιά
3442 2010 3541 2077 τήν

1903 2098 2003 2160 τῆς
2060 2093 2359 2166 ἀπεχθείας
2420 2092 2829 2168 ὑποτρέχουσαν
2891 2095 3145 2169 ὑποψίαν,
3178 2098 3267 2151 καὶ
3322 2096 3413 2152 ’ἱνα
3465 2099 3541 2170 μὴ

1903 2181 1991 2234 καὶ
2025 2179 2175 2244 αὖθις
2205 2180 2485 2255 σχίζοιντο
2538 2182 2799 2253 μαθόντες
2845 2185 2911 2238 τά
2956 2184 3237 2259 γεγονότα,
3267 2186 3543 2261 παρίστων

1905 2270 1991 2324 καὶ
2020 2268 2168 2331 αὖθις
2192 2268 2279 2323 ἐπὶ
2302 2271 2467 2341 μέσου
2489 2270 2581 2325 τὸν
2603 2272 3038 2344 Ἑψητόπουλον.
3063 2276 3124 2330 Ὁ
3147 2273 3407 2337 λίϐελλος
3429 2278 3547 2340 καθ’

1903 2356 1955 2412 ἓν
1989 2359 2288 2433 κεφάλαιον
2321 2360 2803 2434 ὑπανεγινώσκετο,
2831 2362 2919 2416 καὶ
2953 2362 3152 2438 εἶ.έ’χοι
3181 2364 3310 2427 τοὺς
3344 2385 3548 2438 μαρτυ-

1907 2450 2165 2521 ρήσοντας
2198 2450 2472 2523 ἠρωτᾶτο.
2505 2450 2567 2505 Ὀ
2595 2447 2651 2503 δὲ
2679 2471 2761 2525 γε,
2794 2476 2819 2500 ‹‹
2848 2454 3190 2527 Πραγμάτων
3222 2460 3479 2531 φανερῶν,
3514 2478 3543 2507 ››

1907 2538 2072 2609 εἶπεν,
2105 2562 2132 2589 ι(
2168 2537 2230 2592 οὐ
2278 2534 2435 2592 τόνδε
2462 2536 2497 2605 ἢ
2529 2536 2686 2594 τόνδε
2737 2541 2936 2616 ἀνάγκη
2984 2543 3111 2597 εἶναι
3153 2542 3244 2599 τὸν
3281 2545 3547 2620 μάρτυρα,

1906 2624 2032 2680 ἀλλ’
2081 2628 2196 2699 ἅμα
2233 2625 2568 2700 σύμπαντας,
2628 2627 2710 2683 ὅτι
2755 2631 2845 2684 καὶ
2902 2632 3094 2694 πάντες
3154 2630 3426 2688 συνοίδασι
3457 2654 3549 2710 γε·

1906 2833 2174 2889 veniendi
2218 2836 2460 2907 synodo,
2496 2835 2543 2890 si
2597 2851 2697 2907 per
2742 2835 2975 2891 vincula
3010 2837 3300 2906 Ecclesiae,
3332 2839 3550 2911 quibus

1907 2924 2425 2996 constringeretur,
2449 2923 2505 2978 id
2534 2924 2773 2980 minime
2803 2924 3019 2995 liceret,
3042 2930 3263 2982 tantem
3292 2928 3365 2995 is,
3396 2927 3555 2984 velut

1908 3028 2195 3068 consensu
2210 3018 2441 3069 coactus
2460 3013 2830 3069 invitantium
2842 3014 3087 3083 Patrum,
3100 3015 3110 3069 i
3122 3032 3558 3088 ngressusasse-

1910 3102 2015 3156 dit.
2030 3101 2115 3156 Ad
2132 3102 2400 3157 ultimam
2414 3101 2569 3170 inde,
2585 3118 2713 3173 quae
2727 3102 2849 3159 sola
2869 3110 3192 3175 supererat,
3210 3108 3551 3177 patriarchae

156 3206 213 3244 se
269 3191 547 3247 manibus
602 3191 975 3264 proripuerit.
1008 3174 1432 3248 Sioﬂ'ensurus
1481 3191 1796 3262 prodierat,
1828 3174 1871 3242 C
1911 3190 2245 3246 citationem
2279 3191 2389 3246 rite
2420 3192 2810 3263 peragendam
2870 3174 3147 3265 episcopi,
3182 3174 3247 3249 ut
3275 3200 3468 3261 antea,
3498 3200 3557 3251 et

155 3279 288 3349 quid
322 3278 613 3335 attinebat
640 3281 818 3336 etiam
858 3281 931 3337 ad
979 3297 1087 3337 nos
1117 3280 1437 3337 accedere?
1464 3280 1707 3348 Verum,
1740 3288 1803 3335 ut

157 3373 414 3440 apparet,
444 3368 697 3441 effugere
712 3370 1007 3441 judicium
1026 3370 1276 3426 moliens
1291 3369 1485 3425 induit
1504 3386 1566 3425 se
1589 3368 1802 3443 magis,

157 3456 563 3530 intricavitque
583 3458 702 3515 illis
721 3459 868 3530 ipsis
890 3476 1039 3532 quos
1060 3458 1355 3516 declinare
1384 3458 1547 3530 cupit
1575 3457 1803 3531 laqueis

158 3548 501 3617 quaestionis
531 3548 603 3603 de
631 3547 755 3620 ipso
782 3552 977 3620 empta:
1002 3566 1016 3616 ;
1047 3565 1225 3620 quam
1259 3563 1467 3605 censeo
1489 3548 1617 3604 sine
1638 3564 1803 3604 mora

157 3637 504 3706 urgendam,
536 3653 641 3691 nec
689 3637 1177 3693 committendum
1228 3644 1293 3693 ut
1341 3637 1800 3703 cavillationum,

156 3726 367 3795 quibus
424 3725 664 3781 eludere
714 3725 874 3797 leges
932 3726 1161 3794 nititur,
1219 3727 1475 3782 fructum
1534 3730 1801 3799 optatum

157 3830 352 3869 secure
400 3816 647 3881 auferat,
682 3816 986 3886 quaesitam
1046 3816 1478 3888 impunitatem.
1513 3816 1801 3882 Quoniam

158 3904 334 3973 igitur
383 3905 555 3959 tertia
600 3908 831 3960 tantum
880 3906 1078 3961 citatio
1130 3910 1422 3976 superest,
1470 3922 1558 3976 ea,
1608 3904 1803 3973 velim,

162 3992 529 4065 congregatis
550 3994 749 4048 statim
798 3994 964 4050 vobis
1012 3995 1358 4051 decernatur
1388 4000 1447 4050 et
1475 3994 1612 4062 fiat;
1654 3998 1713 4049 et
1755 3992 1805 4049 si

160 4082 559 4138 vadimonium
609 4082 822 4138 citatus
871 4083 1103 4150 stiterit,
1137 4083 1415 4139 continuo
1454 4084 1754 4154 judicetur
1789 4099 1802 4137 :

160 4170 242 4224 sin
290 4172 515 4239 minus,
548 4177 808 4227 vestrum
840 4171 947 4227 erit
970 4171 1166 4228 videre
1196 4173 1338 4245 quid
1370 4174 1441 4228 de
1473 4172 1804 4228 contumaci

158 4265 489 4315 recusatore
510 4259 725 4332 judicii
756 4277 989 4332 aequum
1024 4262 1102 4317 sit
1131 4266 1407 4319 statuere.
1442 4262 1503 4317 ld
1530 4261 1802 4332 equidem

160 4348 211 4401 in
265 4355 462 4403 vestro
523 4348 761 4405 arbitrio
819 4350 1179 4421 relinquens,
1239 4352 1355 4407 Deo
1414 4350 1689 4422 permitto
1742 4356 1807 4405 ut

160 4444 321 4507 prout
352 4438 441 4493 illi
476 4437 759 4509 placuerit
788 4440 1170 4510 gubernetur.
1210 4463 1229 4488 ι
1271 4440 1347 4496 Ea
1376 4456 1507 4495 cum
1540 4439 1805 4509 dixisset,

158 4525 291 4581 illud
326 4535 606 4598 pralerea
638 4544 741 4599 per
768 4528 1086 4599 quamdam
1137 4527 1334 4584 utilem
1381 4530 1607 4585 intento
1657 4547 1801 4600 prte-
1836 4548 1880 4613 D

159 4617 597 4688 occupationem
627 4617 915 4687 adjunxit,
948 4618 1104 4689 quod
1127 4616 1473 4689 plerumque
1502 4618 1802 4689 continge-

160 4711 239 4759 ret
283 4706 447 4777 ipsos
504 4707 575 4762 de
620 4708 873 4778 negotiis
920 4708 1075 4764 264
1122 4724 1367 4764 suarum
1426 4706 1807 4764 ecclesiarum

159 4795 336 4850 audiri
412 4794 787 4867 postulantes
844 4813 961 4853 non
1018 4796 1273 4867 admitti,
1329 4814 1509 4854 unam
1567 4814 1807 4853 causam

159 4898 276 4940 esse
297 4886 510 4941 odium
538 4885 595 4939 in
620 4900 683 4941 se
704 4885 1079 4957 patriarchas;
1110 4885 1414 4943 tolleretur
1446 4887 1603 4942 istud
1638 4887 1811 4942 modo

161 4976 504 5031 scandalum
530 4992 544 5029 :
569 4976 800 5033 visuros
816 4992 915 5031 eos
937 4977 1137 5033 statim
1162 4992 1337 5048 quam
1372 4976 1623 5033 multum
1655 4978 1811 5048 apud

164 5076 218 5114 se
246 5063 479 5134 possint
526 5078 727 5134 preces
766 5079 972 5119 omnes
1002 5069 1059 5120 et
1088 5064 1554 5136 signiﬁcationes
1605 5064 1811 5120 volun-

160 5152 283 5206 tatis
307 5152 610 5225 ipsorum.
646 5152 708 5207 In
740 5169 807 5209 ea
830 5152 1008 5209 verba
1039 5153 1200 5225 loqui
1232 5153 1426 5208 desiit.

159 5300 206 5353 6.
239 5304 296 5358 U1
326 5302 691 5374 congregatis
721 5303 980 5359 Patribu:
1009 5304 1209 5358 ultima
1238 5302 1434 5360 citalio
1462 5312 1513 5360 et
1536 5308 1661 5375 post
1690 5320 1811 5361 eam

656 5378 950 5433 damnatio
996 5375 1310 5447 contigerit.

226 5508 512 5566 Postridie
539 5516 932 5582 congregatus
965 5528 1200 5566 rursum
1232 5515 1419 5567 ccetus
1440 5514 1549 5567 est.
1574 5509 1658 5565 Ibi
1680 5526 1813 5583 post

167 5600 333 5656 multa
364 5602 529 5656 varie
561 5600 738 5667 dicta,
761 5604 1005 5671 postque
1037 5601 1302 5673 aliquam
1335 5598 1708 5671 imperatoris
1738 5600 1810 5655 ad

166 5690 448 5759 specimen
477 5690 783 5747 modestia:
807 5689 1137 5747 affectatam
1170 5691 1599 5748 recusationem
1632 5690 1812 5746 inter-

1905 3294 1974 3334 ex
1994 3278 2146 3334 clero
2169 3278 2345 3350 aliqui
2370 3280 2532 3335 missi
2558 3278 2871 3335 sunt.Cum
2888 3286 3083 3337 autem
3100 3298 3257 3337 more
3269 3283 3439 3339 solito
3455 3300 3555 3355 pa-

1906 3367 2161 3423 triarcha
2179 3383 2241 3424 se
2263 3374 2569 3423 venturum
2596 3374 2886 3441 negasset,
2908 3370 3169 3426 addidit:
3197 3393 3225 3421 «
3247 3376 3333 3427 Me
3356 3373 3557 3444 utique

1909 3459 2172 3527 absente,
2230 3458 2385 3529 quod
2444 3458 2609 3513 vobis
2662 3458 2973 3528 videbitur,
3030 3460 3135 3516 ﬁat
3185 3477 3198 3515 :
3252 3478 3552 3532 nunquam

1908 3548 2063 3603 enim
2092 3547 2353 3614 omnino,
2389 3547 2670 3617 quidquid
2712 3548 2785 3602 ad
2835 3547 2891 3603 id
2947 3555 3264 3618 moveatur,
3298 3552 3557 3606 adducar

1912 3642 1973 3691 ut
2003 3635 2121 3691 illic
2156 3652 2248 3690 me
2280 3636 2507 3690 sistam.
2542 3663 2568 3688 ι
2600 3637 2765 3690 Tunc
2796 3642 2927 3708 pcst
2971 3638 3217 3693 multum
3267 3639 3554 3695 delibera-

1908 3725 2127 3779 tionem
2172 3729 2230 3779 et
2272 3724 2801 3779 considerationem
2852 3731 3135 3781 attentam
3180 3728 3393 3795 Patres,
3429 3745 3553 3783 ma-

1906 3817 2060 3871 xime
2110 3814 2417 3869 studentes
2472 3813 2645 3868 inniti
2698 3814 3046 3882 canonibus,
3080 3818 3450 3887 reperiebant
3498 3818 3554 3872 in

1909 3904 2117 3976 primis
2142 3903 2589 3958 accomodatum
2622 3902 2691 3957 ad
2726 3919 2848 3958 rem
2882 3910 3228 3975 praesentem
3270 3922 3551 3961 canonem

1908 3994 2306 4065 apostolorum
2366 3991 2437 4047 de
2490 3993 2858 4047 recusatione
2908 3994 3153 4064 judicii.
3212 3996 3553 4066 Quanquam

1909 4088 2104 4138 autem
2138 4082 2189 4137 is
2218 4080 2487 4137 sufﬁcere
2529 4080 2675 4152 ipsis
2712 4081 3019 4137 videbatur
3075 4084 3143 4138 ad
3204 4085 3555 4140 sententiam

1912 4174 2044 4243 jure
2094 4170 2411 4239 ferendam,
2444 4174 2639 4224 tamen
2674 4169 2812 4241 quia
2844 4171 2899 4225 in
2934 4171 3121 4227 oculis
3152 4174 3459 4243 universae,
3494 4178 3559 4229 ut

1909 4262 1993 4317 sic
2023 4260 2236 4325 dicam,
2269 4258 2545 4321 civitatis,
2582 4265 2757 4330 prout
2798 4259 3117 4331 imperator
3167 4261 3559 4331 ordinaverat,

1911 4350 2029 4404 haec
2060 4349 2431 4420 gerebantur,
2469 4364 2569 4418 per
2599 4364 2773 4419 quam
2798 4354 2923 4403 erat
2945 4348 3345 4421 vulgatissima
3362 4352 3559 4421 opinio

1910 4456 1975 4493 ac
2022 4437 2226 4491 notitia
2283 4435 2633 4505 simultatis,
2665 4452 2780 4507 qua
2827 4438 2875 4492 is
2906 4454 2939 4492 a
2966 4438 3294 4509 patriarcha
3338 4440 3449 4495 sibi
3476 4442 3560 4495 vi-

1912 4526 2111 4581 cissim
2147 4525 2374 4581 infenso
2424 4524 2767 4592 dissidebat,
2797 4542 2869 4581 ne
2901 4542 3001 4599 per
3037 4544 3164 4583 eam
3198 4544 3433 4583 causam
3470 4529 3560 4584 in-

1915 4614 2187 4670 firmandi
2230 4612 2441 4684 judicii
2492 4618 2771 4684 tanquam
2795 4631 2863 4669 ex
2893 4616 3025 4670 odio
3067 4616 3139 4670 ad
3192 4617 3561 4688 imperatoris

1919 4704 2169 4777 gratiam
2216 4702 2319 4757 lati
2362 4702 2594 4757 occasio
2643 4703 2935 4775 quaapiam
2967 4710 3026 4760 et
3055 4722 3123 4761 ex
3152 4722 3219 4761 ea
3246 4712 3562 4777 praetextus

1921 4791 2263 4848 scbismatis
2312 4795 2653 4846 nasceretur
2682 4791 2755 4846 iis
2786 4792 2886 4863 qui
2914 4794 3059 4849 forte
3104 4812 3224 4851 rem
3276 4796 3360 4851 uti
3406 4813 3563 4851 nunc

1921 4882 2233 4953 gerebatur
2305 4879 2529 4936 narrari
2609 4885 2811 4952 postea
2884 4883 3173 4951 audirent,
3232 4889 3567 4942 statuerunt

1922 4972 2130 5026 iterum
2159 4970 2216 5025 in
2252 4969 2443 5025 medio
2476 4970 2935 5041 Epsetopulum;
2978 4977 3034 5028 et
3082 4974 3347 5030 libellum
3398 4975 3563 5047 sigil-

1920 5061 2087 5116 latim
2133 5059 2409 5131 expensis
2456 5058 2729 5129 capitulis
2776 5060 3025 5117 relectus
3078 5064 3226 5120 265
3261 5070 3371 5131 est,
3404 5069 3462 5120 et
3490 5081 3563 5120 an

1921 5156 2101 5207 testes
2158 5148 2399 5203 haberet
2456 5147 2671 5219 quibus
2722 5149 3099 5207 conﬁrmaret
3145 5169 3267 5223 quas
3321 5169 3564 5209 accusa-

1922 5243 2042 5310 bat,
2097 5240 2491 5309 interrogatus
2548 5241 2637 5293 est
2692 5238 2936 5295 delator.
2978 5240 3079 5297 Ille
3129 5258 3263 5297 vero
3321 5259 3564 5315 respon-

1921 5331 2007 5385 dit
2053 5344 2249 5384 rerum
2296 5326 2485 5397 palam
2540 5327 2979 5385 manifestarum
3026 5330 3183 5388 hunc
3240 5336 3343 5388 aut
3396 5331 3564 5388 illum

1921 5418 2133 5476 adduci
2183 5420 2389 5472 testem
2442 5432 2557 5471 non
2607 5418 2837 5491 debere,
2869 5420 2970 5475 sed
3004 5420 3178 5476 simul
3240 5421 3565 5492 universos,

1922 5510 2078 5582 quod
2128 5522 2287 5577 eque
2336 5521 2539 5561 omnes
2565 5507 2783 5562 conscii
2817 5507 3102 5564 factorum
3134 5527 3167 5565 a
3196 5526 3259 5566 se
3288 5509 3565 5583 allegato-
3666 5566 3671 5573 ,

1922 5614 2053 5655 rum
2086 5596 2227 5653 sint.
2249 5593 2323 5650 Ut
2344 5598 2541 5651 autem
2574 5596 2773 5652 selecti
2804 5598 3044 5669 quidam
3092 5616 3158 5654 ex
3198 5599 3350 5655 clero
3382 5600 3565 5655 inter-

1921 5688 2106 5762 rogati
2139 5684 2462 5760 praesertim
2495 5686 2567 5742 de
2596 5685 2852 5757 sultane,
2874 5692 3072 5744 utrum
3100 5689 3195 5746 ille
3224 5689 3403 5747 simul
3434 5689 3567 5747 lita-
