4246 6446
631 403 733 458 711

1937 407 2240 466 GEORGII
2279 404 2744 462 PACHYMBBJ

3935 409 4046 464 712

626 527 902 598 νομένοις.
940 547 962 576 ι
995 526 1083 586 Ὠς
1112 528 1247 598 γοῦν
1276 523 1584 602 ἆκλεγὲντες
1605 529 1746 590 τινδς
1767 529 2132 604 ἠρωτήθησαν
2160 531 2269 584 τῶν
2300 530 2357 596 Α
2383 525 2473 580 καὶ
2528 531 2697 600 κρεῶν
2755 525 2910 581 ὑείων
2989 525 3273 601 ὀρέγεσθαι
3327 527 3427 595 τὴν
3485 527 3622 582 κατὰ
3672 529 4040 602 Χριστιανοὺς

623 619 720 668 τοῦ
777 614 1013 686 κλήρου,
1070 615 1160 667 καὶ
1204 613 1416 686 μᾶλλον
1467 617 1588 690 περὶ
1648 622 1745 672 τοῦ
1801 618 2054 687 σουλτὰν,
2107 618 2197 672 καὶ
2234 617 2278 672 εἰ

630 703 1052 766 συλλιτανεόσας
1134 709 1214 775 τῷ
1277 705 1592 780 πατριάρχῃ
1658 704 2024 770 συδκαθίσειεν
2089 708 2283 779 ἀναγι-

633 793 987 865 νωσκομένου
1016 797 1112 847 τιῦ
1143 792 1466 868 θεολογικοῦ
1521 793 1689 870 λόγου
1739 796 1874 850 κατὰ
1923 798 1986 850 τὸ
2036 795 2282 864 σύνηθες,

634 881 790 943 εὐθὺς
838 881 1169 955 ὡμολόγουν
1218 882 1363 936 οὕτω
1409 882 1673 957 γενέσθαι,
1721 886 1816 940 τὸν
1863 883 1922 940 δὲ
1970 883 2204 939 σουλτὰν
2235 883 2282 937 εἰ

631 970 954 1043 Χριστιανός
996 970 1140 1025 ἐστιν
1204 969 1310 1028 εἴτε
1363 970 1453 1026 καὶ
1505 974 1582 1044 μὴ
1645 976 1720 1045 μή
1773 971 1970 1028 εἰδέναι
2025 971 2279 1048 ἔφασκον,

626 1060 764 1120 τέως
793 1057 839 1112 δ’
893 1059 1097 1113 ἐκεῖνον
1150 1060 1274 1114 τότε
1332 1060 1654 1134 Χριστιανὸν
1714 1062 1955 1134 νομίζειν
2007 1060 2277 1132 ἄντικρυς.

630 1148 698 1204 Oi
728 1152 861 1221 γοῦν
894 1147 1168 1222 κρίνοντες
1195 1152 1358 1202 τοῦτο
1412 1151 1576 1220 μόνον
1625 1144 1922 1222 λαμϐάνειν
1970 1147 2171 1218 ἤθελον
2216 1150 2279 1202 τὸ

629 1235 1124 1291 συλλιτανεύσαντα
1189 1240 1538 1308 καθεοθῆναι,
1586 1239 1649 1292 τὸ
1699 1237 1746 1292 δ’
1805 1238 1910 1293 εἴτε
1962 1239 2282 1312 Χριστιανὸς

625 1325 732 1381 εἴτε
760 1329 849 1382 καὶ
886 1329 986 1399 μή,
1021 1327 1219 1388 ωὖτοῖς
1264 1323 1493 1403 ἔφασκον
1549 1328 1812 1398 ζητητέον
1866 1329 2024 1394 εἶναι,
2067 1328 2158 1382 καὶ
2192 1326 2279 1381 ἐπὶ

621 1415 837 1476 τούτοις
895 1414 1100 1470 πολλοὶ
1152 1418 1469 1489 παρήγοντο
1531 1419 1968 1492 μαρτυρήσοντες
2015 1417 2078 1470 τὸ
2122 1411 2282 1477 σέϐας

628 1503 816 1576 ἐκείνῳ
860 1505 935 1576 μὴ
971 1504 1107 1558 κατὰ
1165 1504 1520 1578 Χριστιανοὺς
1563 1505 1718 1573 εἶναι,
1778 1505 1878 1559 οὐκ
1931 1502 2054 1559 οἴδα
2106 1501 2153 1558 δ’
2185 1502 2283 1558 εἴτ’

629 1591 851 1661 ἀληθὲς,
896 1591 1002 1646 εἷίτε
1063 1595 1171 1664 μὴν
1226 1593 1613 1668 θεραπεύοντες
1671 1595 1762 1649 τὸν
1817 1597 2106 1667 κρατοῦνα.
2137 1595 2281 1653 Τέως

627 1678 684 1735 δέ
713 1702 792 1756 γε,
849 1681 923 1742 ὡς
972 1680 1190 1754 ὕστερον
1241 1683 1390 1752 ἡμᾶς
1452 1683 1803 1746 πυνθάνεσθαι
1856 1688 1960 1736 τῶν
2014 1681 2278 1736 τοιούτων

623 1768 782 1831 τέλος
815 1765 1119 1838 λαϐόντων,
1153 1772 1179 1824 ὁ
1213 1771 1446 1824 σουλτὰν
1479 1771 1806 1834 ἀποστείλας
1835 1772 1972 1845 πρὸς
2015 1773 2106 1824 τὸν
2139 1791 2280 1845 κρα-

2389 614 2676 671 πολιτείαν
2717 614 3099 692 ἐμφαίνοντος.
3159 614 3292 670 Τότε
3349 613 3408 670 δὲ
3463 616 3540 678 ὡς
3595 615 3888 673 ἀτελέστου
3918 620 4047 692 περὶ

2388 708 2485 758 τοῦ
2526 703 2757 759 σουλτὰν
2813 704 3227 780 βουλευομίνων
3287 705 3504 761 ἐκείνων
3563 704 3736 764 ἐδόκει
3797 705 4050 768 κίνδυνος

2393 792 2616 869 ἐξῆφθαι
2647 797 2726 864 τῷ
2759 794 3093 868 πατριάρχῃ.
3152 796 3322 850 Ἦσαν
3383 791 3429 847 δ’
3482 792 3652 852 ἄλλοι
3695 793 3748 850 o'l
3777 802 3872 850 καῖ
3899 794 4049 870 γλα-

2389 882 2701 958 φυρώτερον
2759 881 3082 956 ἆπτχείρουν
3145 879 3304 951 δῆθεν
3362 884 3876 958 προσεπιτιθὲμενοι
3924 890 4048 947 ταῖς

2388 970 2764 1045 κατηγορίαις,
2796 971 2872 1033 ὡς
2900 969 3052 1045 εἴπερ
3095 970 3340 1032 κάκεῖνος
3393 970 3471 1035 εἰς
3513 972 3870 1044 Χριστιανοὺς
3903 975 4050 1042 ἀλη-

2389 1063 2498 1122 θῶς
2555 1057 2766 1129 ἐτέλει,
2804 1059 2866 1114 τὸ
2921 1064 3054 1132 γοῦν
3101 1060 3225 1133 περὶ
3286 1059 3492 1118 ἐλεῖνον
3554 1062 3813 1135 Περσικὸν
3873 1061 4047 1120 καλὸν

2388 1148 2454 1215 ἦν
2491 1146 2734 1208 ἐκτόπως
2764 1148 2854 1203 τὸν
2913 1148 3264 1222 πατριάρχην
3318 1147 3702 1226 φυλάττεσθαι·
3765 1147 3911 1221 μηδὲ
3939 1150 4046 1224 γὰρ

2387 1236 2663 1297 κάκείνους
2728 1235 2927 1303 πάντας
2974 1237 3325 1306 Χριστιανοὺς
3385 1239 3515 1293 εἶναι
3567 1237 3602 1306 ἢ
3663 1240 3753 1295 καὶ
3814 1236 4030 1314 λογίζε-

2389 1337 2532 1389 σθαι.
2595 1327 2684 1386 Ὡς
2716 1329 2847 1399 γοῦν
2903 1327 3041 1401 πρὸς
3099 1327 3162 1380 τὸ
3215 1326 3281 1383 τὰ
3339 1323 3601 1382 δοκοῦντα
3648 1327 4046 1404 ἀποφαίνεσθαι

2387 1414 2548 1484 ἦσαν,
2594 1414 2646 1467 οἱ
2709 1416 2803 1486 μὲν
2862 1412 3112 1484 πλείους,
3145 1415 3180 1482 ἢ
3214 1416 3303 1470 καὶ
3361 1415 3555 1479 πάντες
3610 1417 3757 1489 παρὰ
3812 1417 3958 1477 τινὰς
3996 1419 4047 1486 (ὁ

2389 1501 2860 1577 Ποντοηρακλείας
2927 1503 3177 1575 Θεόωρος
3262 1504 3421 1567 οὗτος
3475 1507 3542 1572 ἦν
3579 1549 3594 1571 ,
3663 1507 3693 1558 6
3746 1505 4044 1579 Εὖχαϊτῶν

2388 1590 2660 1664 Ἀλέξιος,
2693 1593 2721 1645 6
2749 1591 2999 1663 Βρόσεως
3055 1593 3334 1660 Ἰωάννης,
3365 1592 3458 1648 καὶ
3492 1595 3609 1665 μετ’
3640 1595 3816 1650 αὐτῶν
3851 1592 4045 1648 ἄλλοι·

2388 1681 2416 1733 6
2444 1681 2544 1756 γὰρ
2577 1683 2661 1754 [Ρ.
2719 1683 2843 1753 180]
2901 1681 3229 1750 Μιτυλήνης
3285 1684 3588 1757 Γρηγόριος
3623 1683 3692 1737 τὰ
3719 1681 3909 1738 πολλά
3964 1689 4048 1754 τῷ

2388 1772 2705 1845 πατριάρχῃ
2750 1770 3066 1845 προσέχων,
3101 1769 3218 1825 ἐπεὶ
3275 1772 3376 1840 τήν
3429 1770 3586 1842 δίκην
3646 1772 4046 1845 ἀπηρτημένην

625 1865 836 1928 τοῦντα,
872 1859 987 1914 ἐπεὶ
1028 1860 1174 1928 παρᾶ
1221 1861 1321 1926 τὴν
1376 1859 1542 1914 αὐτοῦ
1600 1861 1776 1914 αἰτίαν
1831 1863 2136 1933 μεμαθήκει
2183 1861 2275 1914 τὸν
2311 1896 2357 1961 Β
2390 1859 2536 1933 ἑώρα
2583 1861 2656 1926 οἱ,
2715 1860 2872 1915 νόσον
2930 1861 3282 1933 σκηψάμενος
3341 1861 3513 1933 ἀπῆν,
3560 1862 3607 1933 ᾧ
3657 1858 3723 1928 δὴ
3773 1862 3863 1917 καὶ
3929 1869 4053 1932 μετ’

813 1949 821 1961 ,
1023 1949 1226 1961 η..
1439 1949 1640 1961 ι-..
1831 1950 2034 1961 _..
2260 1944 2764 1961 ..ο,.
2948 1949 3260 1961 -...
3487 1954 3492 1961 .
3689 1951 3702 1961 .

624 1949 972 2025 πατριάρχην
1017 1949 1352 2019 ἐξελαθέντα,
1405 1949 1496 2002 σὺν
1547 1949 1746 2012 ἄλλοις
1795 1953 1881 2011 οἷς
1929 1950 2154 2020 ἐμήνυε,
2185 1950 2274 2003 καὶ

624 2045 786 2096 τοῦτο
848 2039 1149 2115 χαριέντως
1197 2038 1233 2106 ἢ
1271 2037 1486 2111 μᾶλλον
1545 2040 1636 2093 καὶ
1698 2038 1905 2114 βαθέως
1966 2038 2272 2111 ἁπτόμενος

624 2132 1071 2205 προσεμμήνυεν,
1102 2128 1265 2198 ἀξιῶν
1298 2127 1507 2182 στεῖλαί
1539 2129 1592 2182 οἱ
1620 2133 1728 2182 τῶν
1760 2127 1966 2184 ἐκείνου
1995 2126 2276 2204 διαφερόν-

629 2241 740 2281 τως
771 2220 836 2273 τὸ.
881 2220 1004 2292 ἱερὰ
1054 2219 1427 2291 περιάμματα,
1457 2217 1491 2270 ἃ
1522 2215 1589 2284 δὴ
1647 2217 1737 2272 καὶ
1796 2216 2061 2292 ἐγκόλπια
2093 2218 2121 2270 ὁ
2153 2238 2275 2271 κοι-

633 2309 724 2369 νὸς
755 2308 1014 2379 ὀνομάζει
1047 2304 1239 2378 λόγος,
1272 2304 1361 2358 καὶ
1389 2304 1434 2358 εί
1473 2303 1759 2378 βούλοιτο,
1792 2305 1881 2359 καὶ
1927 2307 2126 2379 χοίρου
2170 2325 2269 2359 τα-

635 2399 955 2472 ριχευθέντα
1013 2395 1188 2469 μηρὸν
1247 2394 1320 2456 ὡς
1359 2393 1682 2469 ὀρεγόμενος
1742 2395 1929 2468 φάγοι.
1980 2396 2081 2450 Καὶ
2129 2396 2275 2448 τοῦτ’

630 2489 698 2556 ἦν
739 2485 860 2541 τότε
905 2490 986 2557 τῷ
1049 2482 1262 2559 βασιλεῖ
1317 2484 1441 2556 περὶ
1497 2489 1594 2537 τοῦ
1651 2483 1995 2559 πατριάρχου
2044 2479 2274 2557 ἔλεγχος

631 2578 883 2652 ἄντικρυς
916 2618 931 2644 ,
992 2579 1070 2645 τῷ
1131 2573 1224 2647 μὲν
1276 2573 1411 2627 εἶναι
1487 2576 1595 2626 τῶν
1652 2574 1811 2627 θείων
1867 2573 2274 2644 ἑκτυπωμάτων

627 2665 1000 2741 κροσκυνητήν
1060 2663 1122 2716 τὸ
1183 2656 1339 2723 σέϐας
1397 2660 1564 2716 αὐτοῦ
1622 2667 2020 2738 παριστῶντος,
2079 2666 2157 2732 τῷ
2219 2659 2277 2716 δὶ

627 2864 757 2918 nias
807 2862 1114 2917 recitasset
1161 2874 1296 2914 cum
1341 2857 1695 2929 patriarcha,
1728 2862 1785 2917 et
1813 2858 1956 2917 dum
1990 2857 2279 2928 legeretur

626 2952 864 3008 divinus
894 2964 1088 3005 sermo
1120 2948 1191 3003 de
1223 2963 1401 3012 more,
1435 2946 1762 3003 assedisset
1785 2963 1922 3014 una,
1956 2948 2154 3004 statim
2186 2963 2275 3007 re-

623 3042 990 3114 sponderunt
1018 3038 1103 3095 ita
1133 3037 1352 3094 factum
1386 3035 1591 3103 fuisse,
1614 3034 1813 3091 sultan
1836 3052 1971 3093 vero
2001 3035 2281 3093 Chsistia-

624 3148 738 3187 nus
761 3145 942 3186 necne
963 3127 1040 3184 sit
1060 3143 1122 3183 se
1143 3125 1369 3182 nescire
1387 3139 1494 3192 :,.ao
1515 3128 1639 3181 tum
1674 3125 1911 3194 quidem
1932 3142 2005 3182 ee
2039 3131 2277 3195 putasse

620 3221 788 3276 illum
823 3217 1242 3273 Christianum.
1268 3213 1423 3269 Velle
1453 3217 1649 3270 autem
1673 3231 1735 3268 se
1757 3214 2012 3281 aiebant,
2038 3214 2274 3282 judice:

622 3309 733 3364 hoc
755 3306 947 3363 solum
972 3321 1075 3376 pro
1100 3302 1440 3360 testimonio
1472 3301 1757 3372 accipere,
1777 3301 1954 3357 simul
1989 3319 2188 3357 orasse
2217 3308 2276 3358 et

624 3397 918 3454 assedisse
944 3393 1237 3450 sultanem
1273 3409 1286 3447 :
1322 3390 1513 3461 qualis
1543 3395 1740 3446 autem
1775 3392 1971 3455 fuerit,
1996 3391 2279 3450 Christia-

624 3503 737 3542 nus
769 3503 843 3542 an
875 3498 1163 3556 paganus,
1197 3480 1578 3551 quarendum
1609 3497 1676 3534 ex
1707 3497 1768 3533 se
1802 3496 1916 3535 non
1944 3496 2092 3534 esse.
2129 3481 2276 3534 Prm-

620 3578 711 3629 ter
741 3573 849 3628 hos
878 3587 1016 3642 ergo
1047 3568 1314 3640 producti
1347 3565 1445 3621 alii
1479 3565 1644 3622 multi
1678 3574 1818 3620 sunt
1863 3567 1961 3638 qui
2001 3568 2277 3623 testifica~

622 3668 953 3718 renturnon
968 3657 1276 3714 esseillum
1293 3655 1952 3726 religionisChristianm
1966 3659 2274 3712 cultorem.

539 3734 541 3736 ’
619 3752 782 3817 Quod
816 3754 1014 3806 utrum
1043 3746 1130 3802 illi
1159 3762 1228 3801 ex
1257 3761 1390 3800 vero
1413 3744 1775 3800 afﬁrmarent
1798 3762 1868 3801 an
1886 3746 2278 3814 obsequentes

617 3839 960 3913 imperatori
1034 3838 1343 3908 fingerent,
1395 3834 1549 3891 haud
1628 3833 1813 3888 habeo
1888 3842 2275 3906 compertum.

618 3928 1011 4002 Cognovimus
1044 3932 1237 3981 tamen
1290 3927 1516 3996 postea,
1546 3921 1768 3993 perlato
1794 3925 1915 3992 jam
1947 3930 2004 3979 et
2032 3941 2278 3980 exsecu-

620 4019 767 4075 tioni
814 4017 1095 4073 mandato
1141 4013 1385 4084 judicio,
1417 4011 1709 4067 sultanem
1749 4012 1846 4068 ubi
1876 4013 2140 4070 audisset
2168 4030 2278 4072 sua

619 4126 800 4166 causa
816 4107 1146 4180 depositum
1179 4103 1594 4176 patriarcnam,
1614 4103 1850 4158 misisse
1871 4105 1939 4158 ad
1970 4104 2279 4174 imperato-

618 4214 745 4256 rem
769 4199 914 4271 (sive
947 4197 1001 4252 id
1026 4196 1160 4266 joco
1191 4194 1311 4248 sive
1342 4191 1495 4247 serio
1528 4197 1629 4247 aut
1661 4209 2013 4263 quocunque
2037 4195 2275 4250 domum

615 4289 863 4346 consilio
897 4285 1120 4356 fecerit)
1151 4283 1252 4356 qui
1283 4299 1417 4338 eum
1455 4287 1729 4354 rogarent
1757 4283 1828 4338 ad
1855 4299 1918 4340 se
1949 4283 2178 4338 mittere
2207 4299 2275 4337 ne

613 4382 959 4452 gravaretur
1007 4375 1273 4448 quaedam
1304 4389 1375 4429 ex
1407 4373 1534 4428 suis
1583 4371 1768 4427 sacris
1819 4372 2115 4437 amulclis,
2148 4390 2275 4442 quze

613 4468 878 4541 vulgaris
928 4482 1122 4522 sermo
1153 4467 1322 4518 vocat
1351 4460 1638 4533 encolpia,
1673 4461 1976 4517 icunculas
2007 4461 2278 4517 videlicet

613 4558 830 4631 gestari
853 4557 925 4612 de
947 4554 1094 4611 collo
1117 4551 1440 4625 pendentes
1462 4550 1532 4606 ad
1557 4548 1753 4605 sinum
1780 4548 2273 4619 religioniscausa

620 4611 1200 4717 :oli—ta8,etjussis.se
1231 4645 1296 4696 ut
1326 4641 1608 4698 adderent
1629 4655 1710 4705 se,
1737 4639 1784 4694 si
1815 4611 1988 4696 vellet
2019 4639 2096 4693 im
2108 4657 2271 4710 pera-
2308 4611 2348 4675 θ

610 4742 705 4794 tor
727 4733 1023 4807 religionis
1046 4748 1165 4789 sure
1188 4729 1483 4800 Specimen
1508 4745 1733 4799 capere,
1751 4727 1833 4783 vel
1852 4728 2007 4799 porci
2031 4729 2271 4784 salitum

615 4827 811 4882 femur
866 4824 1035 4880 avide
1091 4824 1516 4876 comesturum.
1548 4821 1670 4881 Quo
1712 4817 2049 4873 testimonio
2101 4818 2274 4888 plane

614 4917 770 4973 206
799 4911 1264 4971 confirmabatur
1291 4906 1631 4979 imperatori
1654 4905 1826 4977 culpa
1850 4907 1904 4968 in
1932 4906 2040 4961 hoc
2073 4923 2275 4963 vacaw

612 5004 1034 5079 patriarcham,
1068 5015 1204 5055 cum
1266 5013 1465 5052 revera
1521 4995 1918 5051 Christianum
1968 4995 2158 5050 sullan
2212 5011 2273 5052 se

611 5096 891 5169 probaret
937 5097 1066 5149 tum
1117 5087 1446 5144 exhibendo
1500 5102 1562 5142 se
1609 5101 1910 5140 sacrarum
1945 5084 2271 5156 imaginum

612 5189 1038 5243 veneratorem,
1063 5185 1188 5235 tum
1232 5192 1295 5233 se
1320 5181 1562 5248 gustare
1612 5174 1860 5230 libenter
1890 5191 2098 5233 carnes
2129 5173 2273 5230 sui].

612 5276 701 5332 las
733 5272 1106 5331 declaranda.
1132 5268 1416 5322 Caeterum
1467 5274 1604 5319 tunc
1658 5279 1792 5323 cum
1824 5266 1884 5318 in
1918 5263 2034 5318 illis
2065 5265 2136 5318 de
2169 5280 2270 5334 pa-

612 5363 872 5421 triarcha
895 5357 1421 5431 disquisitionibus
1443 5354 1610 5425 quasi
1637 5370 1736 5423 pro
1765 5355 2145 5410 lundamento
2171 5370 2271 5424 po-

615 5459 857 5512 neretur
890 5451 1135 5507 minime
1167 5446 1332 5502 illum
1370 5446 1551 5500 fuisse
1583 5442 1936 5498 Christianis
1983 5443 2274 5513 mysteriis

612 5544 935 5609 initiatum,
969 5539 1175 5608 utique
1209 5535 1514 5588 videbatur
1563 5533 1684 5592 inte
1733 5531 2069 5602 impendere
2123 5533 2272 5602 peri-

611 5635 814 5690 culum
848 5626 1214 5703 patriarchae.
1244 5624 1423 5681 Erant
1463 5623 1561 5692 qui
1592 5620 1868 5681 callidius
1900 5625 1959 5676 et
1989 5621 2062 5678 ad
2097 5622 2272 5682 finem

607 5727 848 5784 intentae
881 5714 1278 5777 damnationis
1308 5711 1745 5784 assequendum
1769 5708 2068 5767 efﬁcacius
2100 5727 2274 5784 ιιι-ευ.

2387 1944 2705 2024 ἐμϐριθείας
2745 1950 2772 2002 ὁ
2805 1953 3017 2024 κρατῶν
3077 1949 3175 2020 ἐμὲ
3232 1951 3307 2012 ὡς
3366 1954 3622 2021 νοτάριον
3679 1948 4047 2005 ἀποστέλλων

2383 2038 2418 2106 ἢ
2451 2038 2691 2108 ἀπαντᾷν
2720 2037 2758 2106 ἢ
2790 2035 2998 2092 διδόναι
3036 2040 3137 2106 τὴν
3185 2037 3413 2114 γνώμην
3473 2038 3710 2107 ἐκέλευε,
3741 2039 3829 2094 καὶ
3868 2038 4039 2111 μόλις

2384 2129 2483 2196 τὴν
2509 2126 2711 2182 οἰκείαν
2745 2129 2973 2201 γνώμην
3003 2131 3083 2198 τῷ
3109 2147 3168 2184 τε
3200 2128 3473 2201 Λαρίσσης
3526 2132 3716 2201 Θωμᾷ,
3761 2133 3842 2198 τῷ
3896 2131 4045 2186 Ναυ-

2384 2218 2596 2270 πάκτου
2653 2214 2878 2289 Ἰωάννῃ
2937 2215 3027 2271 καὶ
3083 2216 3162 2287 τῷ
3216 2212 3721 2291 Ἀδριανουπόλεως
3777 2222 4048 2288 Γερμανῷ

2385 2302 2846 2379 προσανετίθετο),
2878 2305 2931 2359 οἱ
2960 2308 3088 2376 γοῦν
3131 2304 3278 2378 παρὰ
3323 2304 3449 2368 τοὺς
3497 2304 3818 2379 εἰρημένους
3852 2303 3914 2358 ἐκ
3942 2310 4046 2359 τοῦ

2385 2400 2730 2467 παραχρῆμα
2785 2393 3094 2467 καθαίρεσιν
3164 2397 3262 2447 τοῦ
3317 2391 3666 2468 πατριάρχου
3732 2395 4047 2471 κατεψηφί-

2389 2488 2565 2550 ζοντο,
2627 2480 2773 2550 πλὴν
2836 2482 2909 2542 ὡς
2966 2479 3385 2558 φυγοδικοῦντος
3441 2485 3502 2540 τὸ
3559 2481 3750 2537 πλέον·
3813 2484 3876 2537 τὸ
3934 2504 4045 2556 γαρ

2387 2571 2618 2626 σουλτιὶν
2653 2568 2762 2626 εἴτε
2803 2572 3133 2645 Χριστιανὸς
3176 2570 3252 2626 εἴν
3303 2570 3410 2628 εἴτε
3457 2571 3547 2628 καὶ
3603 2573 3703 2645 μὴ,
3754 2573 3836 2628 ἐπ’
3871 2574 4050 2645 ἀμφι-

2386 2656 2580 2722 ϐόλοις
2609 2659 2844 2733 ἐτίθουν,
2891 2659 3152 2735 ὁποχρῶν
3202 2658 3260 2717 ὂὶ
3306 2662 3444 2736 πρὸς
3474 2658 3778 2732 καταδίκην
3825 2667 3905 2732 τῷ
3948 2683 4054 2717 κα·-

2390 2860 2819 2928 mentarentur,
2849 2856 3172 2930 allegantes
3200 2873 3405 2932 parum
3427 2859 3496 2914 ad
3523 2874 3818 2918 summam
3843 2859 4058 2915 erimi-

2389 2946 2482 3004 nis
2499 2945 2714 3004 referre
2734 2946 2986 3003 sultanis
3005 2947 3195 3018 ipsius
3215 2951 3432 3004 statum
3459 2948 3652 3019 quoad
3677 2946 4050 3020 religionem.

2387 3033 2462 3089 Ut
2509 3033 2667 3095 enim
2718 3032 2818 3093 ille
2870 3050 3068 3093 revera
3124 3033 3494 3095 Christianus
3549 3035 3749 3104 fuerit,
3809 3041 3972 3091 certe
4023 3054 4057 3091 a

2388 3123 2580 3180 Persis
2627 3123 2757 3193 ejus
2804 3123 3126 3180 comitibus
3167 3124 3388 3195 pariter
3416 3128 3472 3180 et
3502 3124 3837 3195 prosmicue
3870 3124 4054 3180 simul

2387 3211 2616 3270 cunctis
2663 3211 3048 3270 admittendis
3079 3228 3285 3270 cavere
3315 3212 3592 3273 debuisse
3623 3213 4056 3284 patriarcham,

2387 3318 2523 3357 cum
2552 3301 2699 3363 satis
2730 3307 3025 3360 constaret
3053 3318 3429 3374 nequaquam
3460 3301 3592 3359 illos
3613 3303 3931 3358 universos
3950 3310 4057 3358 aut

2384 3390 2567 3450 fuisse
2614 3395 2718 3446 aut
2765 3390 2999 3451 habitos
3048 3406 3178 3448 esse
3222 3391 3604 3450 Christianos.
3640 3391 3713 3447 Ut
3744 3397 3944 3448 autem
3978 3393 4052 3448 ad

2383 3480 2665 3536 dicendas
2688 3481 3011 3538 sententias
3027 3485 3268 3538 ventum
3300 3485 3414 3552 est,
3436 3481 3700 3553 plerique
3722 3487 3825 3536 aut
3849 3481 4054 3551 potius

2383 3585 2590 3626 omnes
2655 3573 2863 3639 praeter
2915 3570 3200 3640 quosdam
3261 3569 3343 3640 (hi
3403 3571 3641 3625 fuerunt
3697 3570 4054 3627 Theodorus

2383 3658 2676 3715 Heracleae
2732 3659 2921 3729 Ponti,
2980 3658 3219 3716 Alexius
3289 3657 3729 3725 Euchaitarum,
3783 3659 4058 3714 Joannes

2383 3747 2603 3820 Brysis,
2627 3752 2684 3804 et
2720 3764 2856 3808 cum
2891 3749 2982 3805 his
3013 3747 3114 3804 alii
3149 3765 3162 3804 :
3200 3765 3336 3804 nam
3368 3747 3682 3820 Gregorius
3710 3748 4053 3819 Mitylenes,

2383 3837 2726 3908 patriarchae
2761 3837 3014 3896 multum
3045 3838 3302 3906 deditus,
3327 3839 3427 3894 ubi
3463 3839 3763 3910 prospexit
3792 3839 3846 3892 ei
3879 3840 4055 3894 dam-

2383 3928 2680 3986 nationem
2739 3927 3073 3994 imminere,
3123 3926 3402 3988 simulato
3452 3927 3660 3985 morbo
3715 3927 3931 3997 abfuit,
3977 3930 4054 3983 ad

2382 4031 2555 4085 quem
2588 4015 2813 4087 impetu
2859 4016 3086 4072 ardenti
3137 4016 3456 4087 imperator
3505 4033 3621 4083 me,
3655 4032 3761 4086 pro
3810 4033 3880 4071 eo
3931 4034 4056 4088 quo

2380 4108 2522 4160 tunc
2553 4103 2841 4175 fungebar
2872 4104 3082 4162 notarii
3115 4121 3380 4175 munere,
3411 4105 3496 4162 ire
3522 4104 3831 4164 confestim
3861 4106 4061 4175 jussit

2381 4194 2865 4251 denuntiaturum
2901 4199 2966 4249 ut
2995 4193 3235 4253 omnino
3265 4198 3367 4252 aut
3393 4193 3619 4250 veniret
3661 4200 3761 4251 aut
3803 4202 4057 4250 senten-

2380 4281 2522 4336 tiam
2555 4299 2723 4340 suam
2759 4282 2906 4341 mihi
2934 4284 3007 4339 ad
3035 4285 3328 4356 synodum
3362 4281 3619 4340 relaturo
3675 4284 3919 4352 ederet;
3974 4286 4058 4339 ad

2381 4387 2509 4442 quae
2541 4371 2591 4426 is
2623 4387 2775 4444 aegre
2818 4373 3054 4429 tandem
3113 4387 3465 4444 responsum
3521 4372 3864 4444 expediens,
3899 4374 4062 4428 dixit

2381 4475 2465 4526 se,
2499 4461 2652 4530 quod
2685 4460 2938 4517 Thomas
2971 4461 3240 4528 Larissae,
3271 4463 3527 4519 Joannes
3558 4461 3867 4532 Naupacti,
3900 4463 4062 4518 Ger-

2381 4565 2595 4604 manus
2654 4549 3114 4621 Adrianopoleos
3171 4549 3434 4621 episcopi
3482 4555 3813 4617 censerent,
3864 4551 4062 4607 etiam

2383 4639 2579 4709 ipsum
2630 4639 2872 4704 sentire,
2902 4655 2968 4695 ac
2996 4638 3146 4694 velle
3196 4639 3384 4696 tribus
3428 4639 3691 4709 ipsorum
3743 4640 4068 4712 suffragiis

2384 4745 2560 4784 suum
2585 4733 2862 4799 quartum
2884 4727 3058 4799 plane
3079 4727 3455 4786 consentiens
3469 4728 4066 4802 adjungi),exceptis,

2383 4816 2646 4889 inquam,
2680 4817 2776 4877 his
2823 4833 2974 4890 quos
3022 4817 3197 4876 modo
3235 4816 3560 4885 nominavi,
3593 4817 3807 4889 reliqui
3840 4835 4069 4876 omnes

2385 4912 2732 4981 praesentem
2747 4907 3281 4967 exauctorationem
3297 4906 3642 4978 patriarcha
3655 4909 3906 4964 concord
3920 4909 4073 4966 ibus

2385 4996 2630 5053 calculis
2659 4997 3062 5064 decreverunt,
3085 4997 3189 5055 sed
3223 4995 3434 5067 majori
3483 5011 3553 5051 ex
3597 5000 3761 5067 parte
3795 4998 3869 5052 ob
3905 5015 4070 5054 con-

2383 5085 2703 5148 tumaciam
2763 5086 2913 5145 261
2977 5102 3095 5144 non
3146 5084 3399 5146 sistendi
3457 5100 3521 5141 se
3567 5085 3796 5156 judicio
3846 5103 3859 5141 ;
3910 5105 4070 5146 nam

2383 5177 2606 5232 crimen
2625 5175 2698 5231 de
2719 5174 2953 5234 sultane
2982 5174 3220 5247 longam
3243 5190 3352 5231 nec
3374 5175 3771 5233 necessariam
3807 5177 4074 5235 aiebant

2385 5281 2624 5338 poscere
2655 5264 3134 5336 disquisitionem
3179 5266 3251 5320 de
3299 5263 3582 5336 religione
3611 5266 3758 5334 ejus,
3794 5282 3918 5337 qua
3951 5269 4069 5325 de-

2384 5355 2550 5427 fungi
2581 5353 2798 5419 liceret,
2828 5354 2885 5408 in
2918 5353 3197 5424 ambiguo
3229 5351 3617 5425 relinquendo
3665 5354 4072 5415 Christianus

2385 5461 2567 5500 necne
2619 5443 2814 5512 fuerit,
2848 5443 3086 5498 nitendo
3136 5446 3329 5496 autem
3365 5441 3433 5496 ad
3468 5443 3917 5500 damnationem
3957 5465 4073 5503 ac-

2385 5533 2573 5594 cusati
2631 5548 2698 5588 eo
2751 5532 2908 5603 quod
2955 5537 3014 5591 et
3066 5537 3218 5587 certo
3277 5536 3572 5586 constaret
3616 5538 3672 5587 et
3711 5537 4070 5593 secundum

2381 5623 2542 5695 leges
2599 5622 2920 5691 sufﬁceret,
2965 5619 3337 5682 recusatione
3364 5619 3635 5677 videlicet
3663 5631 4073 5695 comparendi

2383 5717 2520 5770 ante
2568 5710 2903 5783 legitimum
2949 5708 3234 5779 tribunal,
3267 5724 3382 5780 quo
3423 5708 3535 5766 rite
3579 5711 3799 5770 citatus
3847 5714 4071 5776 fuerit.
