4246 6446
212 366 317 421 713

1270 364 1367 417 DE
1404 362 1775 417 MICHAILLE
1813 362 1899 413 PA

2012 359 2263 417 IOLOGO
2302 362 2430 416 LIB.
2475 363 2570 416 IV.
3517 366 3575 415 Τί
3596 397 3625 417 -ι

211 487 612 563 τηγορουμένῳ
639 485 703 540 τὸ
732 491 830 553 τῆς
869 480 1190 560 φυγοδικίας
1234 483 1324 538 καὶ
1385 482 1545 556 μόνον
1604 482 1856 555 ἐνόμιζον
1888 490 1938 553 Α
1971 482 2255 555 νεγκόντας
2287 483 2386 551 τήν
2418 486 2519 548 τῆς
2550 480 2705 552 δίκης
2734 486 2916 558 ψῆφον
2947 489 3024 555 τῷ
3070 486 3415 559 πατριάρχῃ.
3442 492 3504 537 Ὃ
3556 483 3623 552 δὴ

215 572 492 652 ἔγκλημα,
526 574 600 635 ὡς
661 572 743 628 ἔπ’
784 570 1091 648 ἐγκλήμασι
1151 576 1229 643 τῷ
1284 568 1669 647 φυγοδικοῦντι
1728 591 1866 641 συμ-

213 661 421 720 ϐαινον.
457 665 525 720 Οἱ
586 660 642 717 δὲ
699 661 788 716 καὶ
843 661 1017 738 σφίσιν
1073 654 1384 715 ἀντέϐαινον
1435 661 1658 726 ἱκανῶς,
1692 658 1764 719 ὡς
1818 657 1865 711 εἴ

220 755 311 828 μὲν
347 754 422 815 ὡς
454 753 790 821 κοινωνήσας
825 744 1178 805 ἀλλοσεϐέσιν
1224 750 1251 803 6
1310 750 1656 823 πατριάρχης
1712 745 1866 809 εὖθ’δ-

213 866 387 914 νοιτο,
419 847 636 916 πρῶτον
674 841 794 912 μέν,
826 838 953 894 ἀλλ’
985 836 1192 909 ἄδηλον
1240 839 1296 893 ’ὀν
1358 837 1402 891 εί
1462 832 1671 897 ἀσεϐεῖς
1729 835 1866 890 έκεῖ-

217 955 324 996 νοι.
369 934 432 987 τὸ
486 927 742 1005 ἔγκλημα
800 922 1110 1001 συμϐαίνειν
1167 926 1481 999 ἐξασθενεῖν.
1543 926 1605 981 Εἰ
1666 922 1723 977 δὲ
1779 924 1864 977 καὶ

214 1029 336 1086 ταῖς
362 1021 645 1091 ἀληθείαις
678 1018 778 1088 ἔξω
810 1025 907 1086 τῆς
954 1014 1128 1084 αὐλῆς
1185 1020 1280 1070 τοῦ
1337 1017 1573 1089 Χριστοῦ
1627 1015 1654 1068 ὁ
1713 1010 1871 1067 σουλ-

215 1114 332 1179 ταν,
360 1112 451 1164 τὸν
489 1111 582 1181 μέν
616 1108 964 1180 πατριάρχην
995 1106 1083 1159 καὶ
1138 1104 1310 1164 οὕτως
1370 1102 1651 1166 ἀνεύθυνον
1712 1102 1867 1170 εἶναι,

214 1208 314 1257 τοῦ
372 1202 573 1261 παντὸς
634 1199 721 1253 ἐπὶ
778 1203 857 1269 τῷ
918 1200 1283 1271 μαρτυροῦντι
1328 1194 1628 1267 κειμένου·
1667 1195 1694 1248 ὁ
1726 1191 1770 1247 δ’
1802 1194 1866 1261 ἦν

217 1293 245 1347 6
282 1287 563 1353 Πισσιδίας
604 1286 903 1363 Μακάριος.
937 1286 1001 1342 Εἰ
1052 1282 1096 1339 δ’
1130 1284 1243 1353 οὖν,
1274 1284 1417 1339 ἀλλά
1468 1283 1870 1346 συνευθύνεσθαι

216 1380 467 1441 καὶτοὺς
497 1378 703 1439 ἄλλους
753 1380 835 1448 τῷ
882 1375 1219 1449 πατριάρχη,
1251 1374 1607 1445 Χριστιανοῦς
1662 1394 1723 1446 γε
1780 1368 1873 1425 ὅν-

213 1492 311 1533 τας
345 1470 433 1524 καὶ
490 1464 1089 1542 προσκεκληρωμένους
1144 1467 1224 1534 τῷ
1273 1461 1422 1533 θείῳ,
1452 1462 1569 1525 καθ’
1603 1459 1868 1529 ὀνδηποτ-

217 1563 312 1614 οὖν
376 1556 795 1631 εὑρισκομένους
829 1553 1063 1628 βαθμὸν,
1095 1554 1177 1613 οἷς
1238 1548 1304 1619 δὴ
1364 1550 1453 1604 καὶ
1503 1547 1766 1625 ὠφείλετο
1821 1548 1871 1618 ἐξ

220 1647 470 1721 ἀνάγκης
502 1645 938 1717 ὑπομιμνήσκειν
969 1646 1050 1713 τῷ
1097 1640 1414 1715 πατριάρχῃ
1468 1640 1557 1692 καὶ
1614 1636 1871 1693 ἀναστέλ-

226 1753 345 1792 Λειν
404 1736 506 1803 τήν
557 1734 755 1788 ἐκεῖθεν
814 1726 1149 1806 βεϐηλωσιν.
1182 1728 1257 1786 Τὸ
1317 1725 1375 1783 δὲ
1429 1727 1656 1789 τοότους
1703 1747 1877 1799 παρα-

1980 570 2067 625 καί
2125 568 2345 641 συνέϐη,
2402 571 2768 646 ἐξορισθὲντος
2826 574 2939 646 ἅμα
2994 578 3072 643 τῷ
3129 575 3540 646 καθαιρεθῆναι,
3590 575 3623 642 ᾗ

1981 659 2191 730 μᾶλλον
2226 660 2313 714 καὶ
2346 660 2558 735 ἐρήμην
2590 660 2823 731 ἁλῶναι,
2853 662 3121 719 κάκείνου.
3154 664 3242 723 Ὠς
3285 660 3341 716 δέ
3395 662 3622 715 πολλῶν

1976 749 2098 803 τότε
2153 748 2614 821 κατατεινομένων
2677 750 2853 826 λόγων
2909 751 3067 813 τέλος
3116 751 3203 805 καὶ
3238 753 3386 805 οὗτοι
3420 759 3625 819 συνῆλ-

1977 839 2067 891 θον
2126 844 2238 899 τοῖς
2298 837 2491 900 ἄλλοις
2552 838 2761 901 ἑκόντες
2791 840 3029 911 ἄκοντες,
3061 844 3315 916 κυροῦται
3350 844 3382 908 ἡ
3442 844 3623 916 Gripo;

1976 926 2064 980 καὶ
2125 928 2153 981 6
2210 927 2554 1002 πατριάρχης

1980 1014 2152 1070 Λύσαν
2207 1013 2251 1069 δ’
2307 1015 2543 1090 αἷψηράν
2626 1016 2854 1091 ἀγορὴν,
2909 1022 3210 1086 ποιητικῶς
3280 1017 3460 1093 φάναι,
3518 1021 3624 1069 τῶν

1983 1104 2248 1176 βασιλέων
2284 1105 2712 1181 εὐερημηθέντων
2742 1107 2877 1159 κατὰ
2922 1108 2984 1161 τὸ
3043 1107 3292 1176 σῦνηθες.
3329 1104 3481 1173 Πλὴν
3537 1103 3626 1157 καὶ

1980 1189 2074 1246 δίο
2106 1195 2385 1247 τάττονται
2442 1194 2587 1267 παρὰ
2619 1196 2701 1267 ΙΡ.
2740 1198 2860 1267 181]
2904 1201 3009 1250 τῶν
3050 1197 3324 1270 ἰεραρχῶν
3375 1195 3627 1268 ἱεράρχαι

1978 1280 2306 1345 ἀπελθόντες
2334 1282 2400 1336 τὰ
2432 1282 2577 1356 παρὰ
2604 1290 2704 1351 τῆς
2735 1282 2961 1338 συνόδου
3016 1284 3329 1359 πραχθέντα
3383 1289 3629 1355 σημῆναι

1977 1377 2058 1443 τῷ
2086 1370 2381 1444 καταδίκῳ.

2644 927 2725 983 ἐπὶ
2807 932 3109 1002 καθαιρέσει
3190 927 3623 997 καταδικάζεται.

1983 1489 2043 1556 ζ’.
2074 1488 2266 1566 "priuis
2290 1487 2651 1566 ,ἀπελθόντες
2707 1494 2851 1566 τρεῖς
2893 1490 3171 1566 ἀρχιερεῖς
3206 1490 3255 1561 ἐξ
3314 1490 3627 1566 ἀποστολῆς

2049 1563 2156 1612 τῶν
2196 1557 2398 1638 ’ἄλλων
2450 1564 2527 1630 τῷ
2586 1557 2905 1636 πατριάρχῃ
2932 1557 2939 1564 ’
2970 1557 3069 1617 τᾶί
3119 1570 3211 1632 τῆς
3244 1557 3629 1638 ⁷καθειιρέσιειιυς

2051 1627 2470 1704 παρεδήλωσαν.

2056 1727 2245 1800 Ὀψίας
2301 1734 2431 1803 γοῦν
2491 1727 2680 1800 δείλης
2735 1731 2869 1805 πρὸς
2944 1730 3147 1786 ἐκεῖνον
3233 1733 3633 1803 ἀπηντηκότες,

228 1824 533 1897 δραμόντας
593 1822 679 1878 ἐπὶ
743 1817 890 1894 μόνῳ
946 1824 1025 1891 τῷ
1055 1820 1369 1893 πατριάρχῃ
1425 1814 1580 1886 δίκην
1612 1818 1762 1888 ίστᾷν
1797 1818 1872 1889 μή
1906 1853 1951 1916 Β
1987 1816 2252 1891 παρόντος
2309 1818 2398 1872 καὶ
2456 1822 2551 1872 τοῦ
2608 1817 2820 1893 κλήρου
2870 1821 3092 1889 παντὸς,
3133 1818 3363 1890 ἐδήλουν
3423 1842 3481 1875 τε
3535 1823 3635 1889 τήν

224 1917 363 1970 εἶναι
396 1912 604 1968 δίκαιον
662 1912 723 1966 τὸ
775 1908 1025 1984 παράπαν
1091 1905 1221 1980 μηδ’
1252 1906 1502 1967 ἐπιεικῶς
1535 1901 1779 1981 εὔλογον.
1813 1906 1874 1961 Ὀ

226 2002 275 2059 δ’
308 2004 406 2058 οὗν
443 2000 720 2062 Πισσιδίας
753 2001 887 2073 πρὸς
942 1999 1005 2053 τὸ
1046 1992 1464 2069 ἀποϐησόμενον
1520 1996 1735 2072 ἀφορῶν
1797 1996 1877 2067 (τὸ

222 2095 331 2168 γὰρ
360 2091 616 2165 ἔγκλημα
651 2089 946 2164 μπρτόριον
979 2088 1044 2155 ἦν
1093 2090 1189 2141 τοῦ
1221 2087 1311 2139 καὶ
1363 2088 1553 2139 τοῦτον
1591 2087 1659 2156 τῇ
1716 2105 1877 2138 κατα-

223 2180 353 2257 δίκῃ
403 2180 793 2255 συνυπάγεσθαι
830 2196 841 2208 ·
877 2176 938 2231 οὐ
976 2178 1078 2250 γὰρ
1133 2175 1191 2229 ἂν
1254 2172 1459 2247 δόξαιεν
1517 2175 1731 2235 πάντως
1788 2173 1877 2226 τὸν

225 2271 581 2346 πατριάρχην
646 2266 870 2327 δικαίως
900 2262 1309 2333 καταδεκάζειν,
1343 2263 1388 2317 εἰ
1439 2264 1515 2336 μὴ
1571 2262 1658 2316 καὶ
1718 2262 1878 2316 αὐτὸν

231 2360 532 2431 εὐθύνοιεν)
564 2357 646 2434 ἐφ’
677 2357 916 2429 ἡσυχίαν
976 2355 1289 2424 καθήμενος
1335 2353 1423 2420 ἦν.
1454 2352 1619 2407 Τόσον
1673 2349 1716 2406 δ’
1749 2350 1883 2406 ἐκεί-

235 2471 354 2512 νοις
415 2446 579 2521 ἶμελε
634 2445 832 2501 τούτου
891 2444 1029 2499 ὥστε
1086 2440 1211 2498 οὐδὲ
1259 2443 1321 2497 τὸ
1351 2447 1566 2516 πρῶτον
1601 2439 1889 2496 συνεκαλέ-

236 2560 397 2594 σαντο
456 2538 643 2610 μαθεῖν
702 2533 755 2605 ἐξ
810 2533 1017 2589 ἐκείνου
1063 2532 1130 2587 τὰ
1178 2531 1428 2606 περὶτοῦ
1461 2529 1711 2586 σουλτᾶν.
1747 2528 1889 2591 Τέως

234 2626 281 2683 δ’
314 2627 469 2701 ὅμως
496 2627 599 2681 οὐκ
622 2626 688 2694 ἦν
734 2624 892 2679 αὐτὸν
952 2619 1205 2697 δέχεσθαι
1260 2619 1387 2683 τοὺς
1447 2617 1517 2675 δι’
1547 2621 1707 2675 αὐτὸν
1762 2617 1884 2673 ἐπει

240 2835 370 2899 His,
405 2836 697 2904 quatenus
728 2828 787 2884 in
820 2827 1099 2900 ambiguo
1132 2825 1545 2897 relinquebant
1577 2823 1797 2879 crimen
1824 2824 1897 2878 de

246 2922 506 2989 sultane,
552 2918 923 2975 obsistebant
970 2916 1068 2971 alii
1122 2914 1266 2970 satis
1302 2913 1604 2969 verisimili
1652 2913 1894 2979 ratione,

245 3011 674 3067 contendentes
708 3006 880 3078 plane
913 3015 1226 3077 purgatum
1260 3004 1332 3059 de
1356 3019 1423 3058 eo
1463 3002 1645 3056 videri
1687 3001 1897 3055 debere

244 3098 667 3174 patriarcham.
700 3095 844 3150 Nam
869 3110 1003 3150 eum
1036 3093 1275 3164 quidem
1298 3109 1413 3163 quo
1454 3097 1622 3163 pacto
1669 3106 1895 3159 aequum

247 3190 327 3243 sit
376 3186 671 3251 damnari,
725 3183 866 3255 quia
916 3184 1197 3255 profunos
1226 3181 1283 3235 in
1341 3197 1534 3236 rerum
1594 3194 1895 3235 sacrarum

248 3275 734 3334 communionem
767 3272 1096 3337 admiserit,
1148 3271 1196 3326 si
1247 3270 1520 3340 profanos
1573 3269 1719 3323 istos
1755 3284 1903 3339 quos

255 3364 501 3422 admisit
533 3364 717 3417 fuisse
764 3378 877 3415 non
934 3359 1220 3415 constet?
1254 3359 1318 3412 Et
1377 3364 1670 3427 utcunque
1703 3372 1765 3411 se
1814 3372 1905 3410 res

252 3453 553 3516 habuerit,
613 3451 889 3505 idoneum
950 3466 1049 3504 eos
1102 3466 1203 3519 pro
1244 3446 1595 3502 Christianis
1649 3444 1898 3500 habendi

252 3541 592 3613 patriarcha
608 3538 882 3593 habuerit
898 3542 1195 3592 auctorem
1220 3537 1473 3592 Macariu
1487 3553 1538 3589 m
1564 3535 1839 3605 episcopu
1853 3550 1905 3586 m

259 3630 517 3695 Pisidia,
552 3643 731 3699 penes
761 3642 933 3697 quem
968 3627 1024 3679 in
1058 3625 1309 3680 solidum
1344 3625 1495 3695 ejus,
1538 3624 1587 3677 si
1637 3640 1753 3693 qua
1799 3628 1908 3687 est,

261 3719 377 3775 acti
410 3716 587 3789 culpa
618 3714 900 3771 resideat?
945 3720 1221 3785 praaterea
1270 3717 1385 3768 non
1430 3712 1763 3784 patriarcha
1812 3727 1909 3764 so-

265 3810 363 3865 lus
415 3824 484 3863 eo
534 3807 773 3862 nomine
830 3804 1207 3859 damnandus
1262 3803 1506 3871 venerit,
1557 3803 1657 3856 sed
1707 3805 1763 3855 et
1815 3798 1913 3853 alii

267 3896 442 3953 multi
478 3897 578 3967 qui
604 3893 782 3950 simul
815 3898 954 3948 tunc
983 3908 1118 3948 cum
1152 3908 1218 3947 eo
1252 3891 1309 3946 in
1343 3890 1560 3962 templo
1583 3891 1764 3958 fuere,
1801 3904 1915 3942 non

271 3984 595 4043 Christiani
628 3982 949 4048 solum,sed
983 3981 1155 4038 etiam
1186 3981 1338 4036 clero
1371 3979 1634 4051 ascripti,
1665 3993 1915 4049 quorum

270 4074 544 4148 singulos
567 4090 669 4144 pro
689 4073 912 4127 ratione
926 4071 1450 4143 graduscujusque
1473 4068 1793 4139 stringebat
1811 4084 1919 4121 sua

266 4180 411 4236 pars
441 4160 615 4217 oﬂicii
650 4161 719 4215 ad
754 4159 1151 4214 excludendos
1182 4158 1369 4230 adytis
1402 4160 1678 4227 profanos
1701 4161 1758 4210 et
1802 4170 1919 4209 non

269 4251 834 4311 communicandum
872 4249 929 4303 in
980 4248 1228 4320 mystica
1277 4248 1577 4303 {unctione
1626 4260 1759 4299 cum
1804 4261 1918 4300 non

267 4341 550 4399 initiatis.
584 4339 725 4403 Quis
755 4338 910 4393 enim
942 4338 1129 4407 possit
1158 4337 1430 4392 dubitare
1470 4336 1610 4406 quin
1643 4334 1849 4390 saltem
1883 4334 1922 4389 ii

268 4429 589 4487 debuerint
621 4428 939 4482 admonere
968 4425 1453 4497 patriarcham,et
1472 4441 1605 4479 cum
1641 4441 1755 4479 non
1778 4426 1925 4479 fece-

264 4520 413 4583 rint,
448 4518 591 4590 quin
624 4517 779 4585 ejus,
815 4515 863 4570 si
890 4515 1045 4586 quod
1077 4513 1409 4585 est,piaculi
1440 4512 1922 4584 contagionemin
1959 4519 2002 4582 Ι)

273 4626 339 4665 se
372 4606 682 4671 traxerint,
716 4605 790 4659 ob
823 4620 999 4676 quam
1033 4602 1221 4673 etipsi
1249 4604 1369 4657 sint
1405 4619 1583 4672 pinnas
1632 4602 1866 4657 obnoxii
1899 4602 1927 4657 ‘I

274 4696 604 4754 Praeteritis
630 4710 799 4765 porro
833 4698 917 4747 tot
943 4692 1071 4749 aliis
1102 4691 1483 4762 participibus
1514 4690 1786 4762 culpm,in
1811 4709 1927 4748 uno

281 4785 586 4858 puniendo
642 4783 1008 4838 severitatem
1070 4782 1288 4836 harere
1346 4781 1678 4852 patriarcha
1742 4798 1931 4851 neque

279 4892 520 4948 equum
547 4890 737 4946 neque
766 4872 1069 4929 tolerabile
1098 4874 1340 4929 omnino
1372 4874 1551 4929 videri
1579 4890 1767 4942 posse.
1804 4874 1933 4929 Haec

278 4968 493 5022 videns
525 4965 759 5020 Pisidia:
790 4963 1059 5031 antistes,
1091 4967 1148 5017 et
1199 4964 1315 5016 vim
1375 4962 1695 5033 prejudicii
1750 4964 1817 5017 ad
1871 4979 1934 5018 se

282 5070 522 5127 quoque
553 5054 611 5107 in
646 5054 913 5108 eamdem
948 5068 1083 5106 cum
1117 5052 1446 5122 patriarcha
1496 5052 1933 5107 damnationem

284 5142 705 5200 involvendum
743 5140 1093 5213 pertinentis
1142 5158 1341 5196 secum
1380 5147 1677 5211 reputans,
1724 5141 1938 5196 tacitus

286 5232 446 5291 208
496 5232 764 5304 sedebat.
810 5229 1021 5285 Nocuit
1068 5229 1151 5283 illi
1196 5230 1417 5284 nimius
1468 5232 1628 5284 favor
1676 5231 1937 5285 Patrum.

286 5323 439 5380 Nam
475 5325 539 5376 ut
568 5319 618 5376 ei
653 5323 979 5392 parcerent,
1011 5318 1417 5374 abstinuerant
1470 5320 1540 5373 ab
1582 5336 1647 5374 eo
1687 5320 1941 5388 juridice

287 5411 705 5481 interrogando
771 5413 897 5463 tum
957 5424 1091 5463 cum
1147 5408 1540 5463 discuteretur
1600 5408 1943 5479 patriarchae

291 5502 454 5556 circa
514 5498 813 5555 sultancm
873 5499 1115 5565 factum,
1149 5498 1321 5568 cujus
1373 5498 1498 5571 ipse
1551 5515 1686 5570 pars
1734 5499 1942 5555 fuerat.

289 5591 461 5647 Nunc
492 5606 693 5645 serum
720 5592 846 5645 erat
872 5586 1043 5644 illum
1091 5604 1325 5659 vocare,
1379 5589 1688 5645 manifesto
1744 5590 1947 5661 utique

297 5678 644 5753 prejudicio
679 5677 1045 5733 damnatum.
1073 5676 1188 5733 Nec
1217 5681 1446 5750 poterat
1474 5677 1668 5735 locum
1691 5678 1950 5752 amplius

589 5798 859 5861 PATROL.
909 5798 1018 5860 Gn.
1058 5796 1321 5860 CXLIII.

1983 1905 2250 1982 ἀπόφασιν
2308 1907 2394 1961 καὶ
2452 1906 2526 1968 ὡς
2584 1905 2812 1977 ἐξελθεῖν
2860 1907 3206 1980 ἐτοιμασθείη
3238 1908 3633 1965 διεκελεύοντο.

1982 2000 2035 2049 '0
2079 1992 2135 2049 δὲ
2192 2000 2407 2070 πρῶτον
2469 1997 2565 2067 μὲν
2612 1997 3015 2071 εὐχαριστήσας
3044 2000 3159 2070 Θεῷ
3190 1996 3411 2071 ἕτοιμον
3447 1999 3633 2052 ἑαυτὸν

1985 2088 2253 2158 παχεῖχεν
2309 2083 2662 2160 ἀπέρχεσθαι,
2722 2087 2830 2155 ὅπη
2889 2087 2978 2140 καὶ
3042 2087 3351 2161 βούλοιντο.
3408 2091 3633 2144 Ἔπειτα

1990 2171 2047 2227 δὲ
2102 2172 2192 2227 καὶ
2250 2174 2386 2247 πρὸς
2442 2174 2532 2227 τὸν
2589 2175 2794 2248 κλῆρον
2844 2177 3091 2250 στραφείς
3126 2198 3136 2208 ·
3173 2204 3197 2227 (ι
3234 2178 3309 2230 Ti
3361 2178 3454 2248 μέν
3515 2179 3630 2230 κατ’

1991 2262 2088 2334 ἐμὲ
2170 2264 2319 2327 ὅπως
2400 2260 2595 2335 συνέϐη
2674 2272 3134 2340 παραχωροῦντος
3213 2272 3365 2336 Θεοῦ,
3426 2263 3636 2334 οἷ’δατε,

1990 2354 2149 2407 τέκνα
2184 2373 2195 2385 ·
2232 2350 2312 2407 δεῖ
2343 2350 2387 2407 δ’
2421 2355 2573 2425 ὅμως
2606 2354 2868 2409 εὐπειθεῖν
2900 2361 2979 2427 τῷ
3028 2357 3157 2428 θείῳ
3211 2356 3504 2430 θελήματι,
3538 2354 3632 2409 κᾶν

1995 2443 2143 2504 ὅπως
2177 2440 2498 2515 οἰκονομοίη
2529 2443 2596 2497 τὰ
2625 2445 2737 2498 καθ’
2769 2445 2940 2517 ἡμᾶς.
2972 2446 3163 2517 Ἡμεῖς
3208 2446 3302 2517 μὲν
3364 2443 3454 2500 οὖν
3511 2466 3638 2499 ποια

2000 2530 2153 2603 μένες
2210 2531 2499 2606 ταχθέντες
2559 2531 2814 2605 κρίμασιν
2875 2536 2958 2596 οἷς
3018 2532 3130 2589 οἶδε
3184 2536 3247 2589 τὸ
3306 2539 3524 2607 Πνεῦμα
3578 2534 3642 2588 τὸ

1999 2620 2149 2696 ἅγιον
2180 2622 2243 2676 τὸ
2274 2621 2526 2692 καλέσαν,
2560 2621 2607 2676 εἰ
2660 2622 2749 2676 καὶ
2807 2623 3076 2696 ἀναξίους,
3106 2626 3274 2697 ἡμᾶς,
3306 2623 3454 2686 ὅπως
3512 2624 3651 2678 κατᾶ

1980 2823 2220 2887 habere
2251 2824 2682 2896 qualiscunque
2714 2825 2902 2897 ipsius
2929 2826 3211 2892 defensio,
3246 2827 3371 2896 jam
3407 2823 3653 2897 prolatis

2007 2912 2323 2969 multorum
2358 2914 2672 2971 sententiis
2704 2916 2760 2970 in
2786 2932 2883 2971 eos
2908 2917 3008 2986 qui
3039 2932 3174 2972 cum
3209 2916 3465 2985 profanis
3490 2932 3656 2970 com-

2008 3003 2434 3072 municassent,
2460 3020 2587 3073 qua
2614 3004 2892 3075 suffragia
2924 3004 3105 3061 nihilo
3137 3004 3334 3060 minus
3368 3004 3659 3060 Pisidien-

2012 3106 2131 3145 sem
2165 3108 2342 3162 quam
2378 3094 2571 3163 ipsum
2609 3093 2999 3162 patriarcham
3048 3094 3408 3165 afﬂigebant.
3456 3094 3658 3164 Itaque

2011 3181 2289 3235 damnato
2304 3181 2771 3252 patriarcha,aut
2788 3182 2980 3252 potius
2996 3182 3215 3238 indicta
3229 3199 3406 3238 causa
3422 3188 3659 3254 propter

2011 3268 2342 3337 neglectum
2357 3270 2761 3325 vadimonium
2777 3271 3656 3342 deposito,Pisidiensisquoque

2011 3356 2068 3411 in
2101 3357 2368 3413 exsilium
2404 3358 2609 3428 pulsus
2640 3365 2895 3415 est.Post
2925 3360 3111 3415 multa
3133 3361 3191 3415 in
3224 3361 3336 3415 ista
3358 3365 3657 3415 concerta-

2013 3447 2171 3501 tione
2211 3448 2364 3502 ultro
2396 3447 2657 3518 cilroque
2688 3448 3199 3519 allegata,tandem
3234 3456 3287 3503 et
3323 3449 3377 3503 hi
3402 3450 3660 3505 volentes

2017 3541 2281 3591 nolentes
2310 3553 2442 3591 cum
2486 3537 2619 3592 aliis
2652 3544 3069 3603 convenerunt,
3119 3543 3175 3593 et
3224 3539 3497 3594 concordi
3534 3541 3662 3610 jam

2019 3626 2472 3697 synodijudicio
2531 3628 2818 3696 depositio
2878 3628 3219 3699 patriarcha;
3278 3629 3504 3683 sancita
3559 3637 3666 3683 est.

2020 3716 2331 3770 Solverunt
2361 3720 2572 3782 autem,
2606 3721 2672 3771 ut
2704 3718 2923 3789 poetice
2954 3718 3169 3783 dicam,
3213 3718 3479 3773 subitum
3529 3735 3667 3773 con-

2019 3808 2284 3872 ventum,
2309 3808 2365 3859 et
2395 3805 2918 3861 acclamationibus
2956 3806 3013 3861 in
3056 3807 3336 3862 honorem
3370 3807 3668 3877 imperan-

2021 3896 2170 3949 tium
2199 3893 2373 3949 editis
2403 3895 2474 3949 de
2506 3910 2687 3961 more,
2714 3900 3106 3965 praetereaque
3136 3896 3368 3951 duobus
3402 3895 3672 3965 praesuli-

2025 3985 2137 4039 bus
2184 3984 2384 4038 electis
2444 3984 2542 4054 qui
2590 3986 2829 4039 nomine
2877 3986 3083 4056 synodi
3136 3986 3671 4040 exauctorationem

2026 4072 2366 4144 patriarcha:
2387 4073 2804 4129 denuntiarent
2833 4090 3029 4146 suam,
3064 4074 3194 4129 linis
3223 4074 3540 4144 impositus
3572 4089 3674 4130 ne-

2026 4164 2183 4236 gotio
2214 4167 2322 4218 est.

2027 4323 2083 4379 7.
2118 4324 2181 4380 Ut
2228 4322 2387 4377 missi
2432 4322 2701 4395 aqsynodo
2752 4324 2822 4378 ad
2866 4323 3257 4395 patriarcham
3293 4323 3401 4377 duo
3434 4321 3682 4395 episcopi

2256 4411 2417 4449 suam
2446 4393 2498 4450 ei
2525 4393 2938 4451 damnationem
2965 4396 3441 4466 aigniﬁcaverunt.

2107 4519 2245 4573 Inde
2306 4521 2415 4573 sub
2464 4534 2776 4589 vesperam
2831 4520 3186 4575 conveniunt
3216 4519 3614 4592 patriarcham
3646 4517 3689 4573 ii

2038 4624 2185 4678 quos
2218 4606 2472 4662 diximus
2502 4608 2573 4661 ad
2605 4608 2664 4663 id
2690 4624 2724 4662 a
2754 4609 2977 4677 synodo
3011 4608 3251 4675 electos,
3284 4614 3343 4664 et
3372 4607 3530 4665 clero
3553 4624 3695 4678 prae-

2040 4701 2203 4752 sente
2234 4696 2530 4763 universo,
2566 4700 2873 4767 postquam
2929 4714 3096 4752 suam
3133 4697 3219 4751 illi
3263 4696 3695 4769 depositionem

2034 4785 2283 4856 juridice
2314 4784 2708 4850 declararunt,
2734 4787 2938 4841 eadem
2968 4787 3165 4858 ipsum
3198 4785 3541 4842 auctoritate
3564 4786 3699 4857 jus-

2042 4880 2243 4929 serunt
2273 4874 2546 4946 expedire
2574 4892 2702 4931 sese
2743 4893 2807 4930 ac
2847 4893 3190 4947 comparare
3222 4877 3291 4932 ad
3355 4875 3693 4948 proximum

2042 4964 2467 5020 discessum.At
2501 4964 2598 5019 ille
2629 4965 2836 5035 gratiis
2861 4967 3117 5037 primum
3149 4966 3265 5021 Deo
3287 4966 3699 5036 actis,promp-

2045 5058 2169 5108 tum
2196 5059 2584 5123 paratumque
2609 5070 2666 5107 se
2686 5054 2947 5108 exhibuit
2970 5055 3038 5108 ad
3058 5053 3696 5125 eundnmquovellent.

2046 5143 2197 5197 Tum
2231 5143 2298 5196 ad
2335 5141 2555 5197 clerum
2613 5158 2953 5206 conversus,
3014 5166 3040 5192 (ι
3078 5147 3212 5209 Res,
3274 5144 3487 5214 inquit,
3522 5142 3605 5197 uti
3638 5157 3702 5197 se

2051 5248 2190 5287 meae
2224 5230 2478 5285 habeant
2514 5236 2624 5284 Deo
2658 5233 3056 5301 permittente,
3089 5232 3442 5293 nostisﬁlii:
3477 5236 3706 5301 oportet

2050 5324 2246 5376 tamen
2271 5321 2641 5388 acquiescere
2668 5320 2875 5375 divinae
2906 5322 3218 5386 voluntati,
3253 5328 3308 5377 et
3332 5321 3466 5376 boni
3490 5338 3708 5376 consu-

2053 5409 2171 5464 lere
2219 5410 2504 5481 quidquid
2560 5411 2630 5464 de
2681 5410 2852 5465 nobis
2888 5411 3251 5466 Providentia
3283 5411 3557 5466 decrevit.
3590 5409 3708 5464 Nos

2054 5516 2187 5554 cum
2206 5500 2528 5554 fuissemus
2547 5506 2812 5571 pastores
2834 5502 3084 5570 praefecti
3100 5502 3342 5569 judiciis
3362 5501 3513 5554 nolis
3530 5497 3714 5567 Spiri-

2057 5589 2147 5644 tui
2178 5596 2404 5659 sancto,
2434 5590 2530 5660 qui
2564 5591 2790 5645 vocavit
2821 5607 2927 5645 nos
2962 5594 3230 5661 quamvis
3253 5588 3715 5662 indignos,260

2057 5685 2257 5737 tamen
2287 5685 2460 5753 prout
2491 5681 2796 5753 potuimus
2826 5697 3059 5755 gregem
3094 5684 3361 5755 pavimus
3394 5689 3448 5739 et
3474 5699 3574 5739 vos
3607 5680 3710 5737 Ec-

3366 5805 3442 5864 23
