4212 6442
599 382 706 437 715

1890 345 2204 437 οΕοιιοιῐ
2225 379 2571 434 PACHYME
2580 381 2696 434 RE

3905 377 4028 435 ’716

593 505 656 559 τὸ
689 502 908 558 δυνατὸν
941 505 1074 576 ἡμῖν
1107 501 1474 575 έποιμάναμεν
1508 502 1596 556 καὶ
1627 504 1694 557 τὰ
1739 504 1855 557 καθ’
1885 505 2030 574 ἡμᾶς
2093 499 2231 571 διεξ-
2264 504 2312 569 Α
2347 499 2596 577 στραφεὶς
2625 500 2763 574 πρὸς
2791 497 2918 561 τοὺς
2975 498 3339 574 πεμφθέντας,
3387 523 3414 552 ‹‹
3449 495 3729 577 Ἀδελφοὶ,
3765 521 3791 552 n
3837 501 4021 571 εἶπεν,

595 593 823 665 ήγομεν,
850 590 911 645 οὐ
963 589 1148 652 καλῶς
1209 591 1301 662 μὲν
1364 588 1515 659 ἴσως,
1567 590 1768 650 ἱκανῶς
1829 588 1884 642 δὲ
1944 589 2078 642 κατά
2142 591 2239 657 τὴν

594 682 861 753 ἡμετέραν
923 676 1173 751 δύναμιν,
1209 676 1390 732 οἷ’δατε
1424 697 1435 709 ·
1467 678 1519 732 τί
1574 678 1641 732 τὰ
1699 675 1843 747 δῆλα
1897 677 1988 732 καὶ
2047 676 2238 753 λέγω;

596 771 749 842 ὅμως
779 768 1025 830 πολλοὺς
1055 769 1148 840 μὶν
1187 766 1314 830 ἴσως
1343 767 1434 822 καὶ
1483 765 1861 840 ἐλυπήσαμιν,
1894 768 2038 840 παρά
2099 765 2240 821 πολ·

594 859 706 914 λῶν
768 857 824 913 δὲ
878 857 967 911 καὶ
1024 856 1400 929 ἐλοπήθημεν,
1465 855 1904 931 συνδιαφέροντες
1961 854 2240 926 ἀλλήλοις

591 950 688 1011 τὰς
747 948 871 1022 παρ’
903 945 1167 1016 ἀλλήλων
1222 944 1540 1020 ἀπεχθείας.
1575 949 1813 1001 Τοιαῦτα
1872 945 1971 1021 γὰρ
2022 946 2088 1000 τὰ
2140 952 2241 1013 τῆς

597 1037 928 1107 ἘκκΛησίας
986 1034 1295 1111 σπλάγχνα.
1357 1035 1430 1096 ὡς
1489 1036 1577 1088 καὶ
1635 1034 2015 1109 βαρυνομένων
2078 1036 2238 1106 ἡμῶν

598 1130 670 1189 ὡς
699 1126 946 1199 πατέρων
997 1126 1136 1197 ὑμᾶς
1195 1126 1270 1185 ὡς
1309 1125 1467 1177 τέκνα
1523 1123 1829 1198 ἀνέχεσθαι,
1864 1123 1951 1176 καὶ
2000 1123 2240 1196 ἀπεχθα-

596 1216 838 1288 νομένων
862 1219 1023 1268 τινῶν
1059 1214 1197 1285 ὑμᾶς
1231 1211 1379 1273 αὖθις
1412 1211 1754 1286 ἀλογοῦντας
1790 1216 1889 1276 τῆς
1949 1212 2244 1285 ἀπεχθείας

598 1307 670 1368 ὡς
721 1304 863 1377 μέλη
924 1305 1120 1377 γνήσια
1171 1303 1443 1377 περιέπειν
1522 1301 1652 1362 τοὺς
1736 1302 2239 1374 ἀπεχθανομένους.

597 1400 702 1450 Νῦν
765 1392 854 1448 οὖν
903 1394 1090 1466 καιρὸς
1150 1388 1426 1461 ἀλλήλοις
1485 1390 1697 1466 ἀφεῖναι
1743 1391 1810 1444 τὰ
1869 1388 2239 1466 ὀφειλήματα.

597 1485 694 1538 Καὶ
729 1481 794 1552 δὴ
827 1485 888 1536 τὸ
942 1483 1035 1555 μὲν
1082 1481 1172 1534 ἀπ’
1203 1478 1440 1552 ἐμαυτοῦ
1498 1478 1783 1553 ἐκπληρῶ,
1814 1487 1903 1533 καί
1961 1484 2240 1554 συγχωρῶ

592 1580 743 1643 πᾶσι,
776 1573 866 1626 καὶ
926 1571 1033 1640 ὅπη
1090 1575 1168 1641 τῷ
1220 1573 1333 1640 Θεῷ
1390 1565 1661 1643 βουλητὸν
1721 1568 2018 1643 προθύμως
2076 1570 2243 1640 ἀπέρ-

595 1683 790 1738 χομαι.
822 1663 1004 1734 Ὑμεῖς
1052 1656 1110 1713 δὲ
1157 1657 1302 1713 ἀλλά
1347 1660 1414 1712 τὰ
1470 1662 1578 1711 τῶν
1631 1662 1832 1711 σκευῶν
1873 1658 1938 1711 τὰ
1983 1664 2084 1726 τῆς
2119 1660 2242 1713 Έκ-

591 1750 844 1822 κλησίας,
883 1750 972 1803 καὶ
1023 1747 1122 1803 ὅσα
1164 1749 1215 1801 ἐν
1262 1748 1498 1808 πέπλοις
1548 1746 1755 1819 τιμίοις
1810 1747 1901 1800 καὶ
1960 1745 2238 1819 λειψάνοις

594 1842 755 1915 ἁγίων
815 1839 904 1893 καὶ
959 1832 1198 1912 βίϐλοις,
1231 1831 1555 1898 ἀπελθόντες
1612 1839 1698 1906 [Ρ.
1736 1837 1859 1906 182]
1899 1835 1988 1889 καὶ
2035 1837 2153 1898 καθ’
2183 1835 2236 1889 ἓν

596 1929 801 1990 ἰδόντες
853 1929 940 1982 καὶ
996 1925 1518 2003 ἀναψηλαφήσαντες
1575 1923 1957 1998 παραδέξασθε,
2023 1925 2099 1996 μή
2153 1925 2241 1978 καί

594 2042 675 2081 τις
732 2016 1039 2094 ἱεροσυλίας
1096 2019 1244 2089 ἡμᾶς
1301 2015 1733 2089 γράψηται.Καὶ
1790 2016 1851 2068 τὸ
1885 2012 2078 2068 λοιπὸν
2116 2013 2244 2088 χαί-

797 2108 810 2123 ,
952 2115 962 2126 ,
1227 2103 1236 2122 α
1501 2104 1514 2122 κ
1633 2106 1642 2122 ι
1789 2126 1805 2132 η
1878 2105 1889 2121 ρ
1993 2110 2013 2118 -
2107 2102 2146 2120 εκ.

598 2130 715 2186 ρετο
795 2127 844 2163 εν
931 2107 1132 2180 Κυρίῳ,
1186 2126 1364 2173 τεκνα,
1427 2126 1515 2158 και
1578 2106 1827 2173 σωζεσΘε.
1896 2105 2042 2176 Ημιν
2103 2119 2160 2158 οε
2217 2105 2244 2158 ὁ

597 2198 892 2270 ἐπενδύτης
937 2198 1026 2251 καὶ
1083 2197 1144 2249 τὸ
1202 2197 1385 2266 πυξίον
1438 2199 1525 2249 καὶ
1574 2193 1697 2270 τρία
1727 2199 1832 2248 τῶν
1866 2197 2242 2267 νομισμάτων,

598 2291 630 2344 ἃ
689 2289 755 2360 δὴ
813 2289 902 2342 καὶ
959 2292 1038 2359 τῷ
1095 2284 1472 2360 πατριαρχείῳ
1539 2280 1957 2357 προσϐαίνοντες
2018 2285 2240 2359 εἴχομεν

597 2381 731 2435 κατά
787 2378 985 2432 κανόνα
1038 2380 1145 2431 τῶν
1200 2379 1482 2448 μοναχῶν,
1514 2396 1602 2427 και
1634 2379 1799 2428 ταῦτα
1835 2372 1993 2435 ἰδίοις
2049 2375 2241 2436 κόποις

593 2473 710 2530 τοῖς
741 2467 800 2522 ἐκ
834 2472 1215 2541 μετεγγραφῆς
1274 2463 1554 2536 ψαλτῆρος
1613 2464 1876 2533 κτηθέντα
1924 2463 2086 2518 πάλιν
2144 2462 2244 2518 λα-

595 2555 780 2620 ϐόντες
811 2557 1009 2630 ἔξιμεν.
1046 2580 1074 2606 ››
1116 2557 1295 2629 Ταῦτα
1347 2555 1435 2607 καί
1493 2555 1698 2606 τοιαῦθ’
1749 2551 1902 2628 ἕτερα
1955 2554 2093 2628 πρὸς
2149 2555 2240 2609 τὸν

591 2646 800 2722 κλῆρον
836 2643 1026 2710 εἰπὼν,
1061 2642 1196 2696 ὥστε
1226 2642 1314 2695 καὶ
1349 2640 1408 2694 ἐκ
1443 2645 1541 2695 τοῦ
1597 2641 1792 2715 σχεδὸν
1851 2638 2105 2704 ἀπελθεῖν
2164 2662 2245 2695 τι-

588 2757 681 2797 νας
715 2734 892 2807 ἐπὶτῇ
923 2738 1030 2787 τῶν
1064 2732 1224 2808 ἁγίων
1285 2728 1624 2804 παρειλήφει,
1653 2731 1726 2784 ὧν
1786 2729 1874 2784 καὶ
1930 2728 2088 2792 αὐτὸς
2148 2733 2237 2801 ἦν,

604 2937 963 3005 clesiamque
1011 2931 1494 3005 gubernavimus,
1524 2931 1767 2985 forsitan
1802 2947 1913 2986 non
1943 2931 2109 2996 bene,
2155 2947 2251 2985 ve-

600 3029 957 3089 rumtamen,
991 3029 1276 3091 quantum
1308 3017 1524 3072 virium
1575 3017 1987 3089 facultatisque
2038 3022 2252 3074 nostra:

598 3113 857 3169 tenuitas
883 3108 1521 3177 tulit,lideliter.'l‘estes
1539 3123 1638 3161 vos
1658 3107 1944 3162 habemus
1965 3124 2054 3162 om
2067 3107 2249 3161 nium:

603 3203 745 3273 quid
777 3200 986 3256 attinet
1018 3205 1155 3253 nota
1181 3195 1446 3268 proloqui
1480 3196 1498 3249 ?
1535 3196 1688 3251 Inter
1720 3197 1839 3250 haec
1895 3197 2018 3250 fieri
2062 3201 2250 3266 potest

606 3296 670 3346 ut
689 3308 794 3346 nos
816 3289 1147 3344 molestiam
1170 3286 1374 3341 multis
1395 3286 1985 3352 facessiverimus,uti
2001 3291 2056 3339 et
2077 3286 2247 3340 vicis-

603 3383 715 3436 sim
732 3377 990 3452 perpessi
1006 3394 1216 3432 sumus
1237 3374 1539 3430 molestias
1556 3375 2247 3445 plurimorum.lgnosca-

602 3487 736 3525 mus
767 3469 1287 3536 condonemusque
1321 3465 1488 3519 nobis
1520 3464 1768 3518 invicem
1802 3468 2036 3518 mutuas
2067 3464 2250 3519 oﬂ‘eu-

597 3562 795 3616 siones
826 3558 884 3613 in
915 3557 1243 3612 visceribus
1275 3552 1680 3609 ecclesiasticas
1722 3553 2050 3607 charitatis.
2102 3553 2244 3610 Nam

596 3650 751 3704 inter
769 3665 876 3703 nos
896 3649 1240 3718 comparata:
1264 3643 1717 3698 necessitudinis
1756 3643 1939 3712 poscit
1960 3643 2240 3709 ofﬁcium,

597 3744 663 3793 ut
693 3743 750 3794 et
782 3754 888 3792 nos
921 3741 1117 3807 patres
1149 3733 1395 3787 libenter
1428 3731 1683 3785 feramus
1717 3745 1843 3799 qua:
1872 3729 2070 3800 gravia
2108 3746 2240 3800 per-

594 3829 712 3901 peti
743 3845 776 3883 a
807 3826 943 3881 ﬁliis
975 3823 1282 3893 contingit,
1317 3826 1372 3875 et
1405 3836 1504 3874 vos
1555 3819 1659 3872 filii
1722 3819 1879 3888 quod
1929 3836 1958 3872 a
2000 3824 2243 3890 paterna

592 3917 1018 3990 gubernatione
1051 3913 1252 3967 minus
1283 3914 1517 3981 gratum
1554 3909 1849 3962 interdum
1869 3907 2083 3979 accipit
2104 3907 2240 3964 tole-

591 4009 752 4075 retis;
786 4007 1042 4075 itemque
1097 4019 1227 4072 quae
1263 4000 1408 4054 forte
1461 4016 1494 4053 a
1548 3998 1828 4053 fratribus
1885 3997 2238 4053 offensiones

585 4099 893 4162 exsistunt,
929 4111 1040 4148 non
1076 4089 1299 4146 mutuis
1330 4088 1532 4143 ulcisci
1564 4087 1844 4154 odiis,sed
1879 4091 1942 4142 ut
1974 4089 2239 4144 membra

584 4188 849 4258 ejusdem
881 4183 1146 4254 corporis
1176 4196 1310 4234 vera
1343 4178 1473 4233 illos
1507 4177 1667 4248 ipsos
1717 4193 1922 4248 graves
1983 4178 2147 4232 vobis
2179 4184 2236 4233 et

582 4278 831 4331 infestos
861 4268 1589 4343 amplectamini.Tempus
1613 4283 1769 4320 nunc
1787 4271 1873 4320 est
1892 4266 2234 4322 dimittendi

583 4366 831 4434 invicem
866 4363 1082 4418 debita.
1108 4359 1417 4430 Equidem,
1450 4373 1574 4427 quae
1600 4356 1657 4409 in
1705 4356 1814 4410 hoc
1847 4371 1985 4410 meas
2035 4362 2232 4426 partes

581 4460 929 4525 sunt,quam
965 4448 1302 4522 plenissime
1329 4462 1568 4517 possum
1604 4445 2232 4516 exsequor,indulgens

577 4546 1036 4612 condonansque
1065 4538 1294 4593 cunctis
1325 4541 1536 4591 cuncta
1569 4552 1583 4603 ;
1616 4540 1673 4588 et
1730 4552 1846 4604 quo
1883 4538 1990 4588 Deo
2043 4536 2227 4606 placi-

2355 613 2383 640 «
2409 587 2528 643 ΐδοῦ
2561 591 2925 660 ἡτοιμὰσθην,
2956 589 3045 642 καὶ
3078 589 3140 642 οὐ
3171 591 3616 664 ταραχθήσομαι,
3645 588 3740 644 κᾶν
3776 590 3806 645 ὅ
3834 614 3887 646 τι
3917 593 4018 647 καὶ

2353 678 2436 731 ἐπ’
2465 677 2588 750 ἐμοὶ
2649 677 2958 751 βούλοισθε.
2992 679 3068 735 Τὸ
3124 677 3216 733 οὖν
3277 679 3559 752 ὑμέτερον,
3591 680 3666 741 ὡς
3695 681 3845 756 φατὲ,
3878 703 4021 736 κατ-

2355 766 2600 841 επράχθη
2662 771 2956 841 Πραττέτω
3013 767 3102 821 καὶ
3149 769 3212 822 τὸ
3273 767 3461 822 λεῖπον
3522 770 3550 822 ὁ
3598 769 3886 841 Βασιλεὺς,
3922 771 4020 824 καὶ

2354 853 2491 909 ὅπου
2525 855 2662 910 ἰτέον
2695 858 2831 928 ἡμῖν
2861 856 2912 926 ἐξ
2964 855 3130 925 αὐτῆς
3179 855 3469 924 κελευέτω,
3501 855 3538 925 ἢ
3600 855 3814 930 μᾶλλον
3869 880 4022 932 πεμ-

2353 944 2498 999 πέτω
2525 946 2610 998 καὶ
2643 944 2776 1006 τοὺς
2806 945 3128 1014 ἀπάξοντας.
3160 941 3301 1001 Οὐδὲ
3331 945 3436 1020 γὰρ
3468 945 3718 1020 ἐρίσομεν
3773 948 3834 1001 τὸ
3892 968 4014 1001 πα-

2356 1034 2548 1108 ράπαν,
2608 1033 2702 1088 κᾶν
2765 1033 2914 1111 ξίφος
2979 1035 3407 1108 προσετοιμάζοι
3490 1032 3585 1088 κᾶν
3665 1037 3912 1092 θάνατον.
3980 1061 4014 1090 ››

2353 1124 2507 1176 Ταῦτ’
2539 1123 2702 1177 εἰπὼν
2761 1123 3048 1194 ἀπέπεμπε
3110 1129 3224 1196 μετ’
3282 1123 3507 1198 εἰρήνης
3563 1122 3786 1192 πάντας,
3840 1126 4012 1188 αὐτὸς

2357 1209 2413 1265 δὲ
2440 1217 2561 1274 τοῖς
2593 1213 2745 1273 ὅλοις
2779 1212 3119 1285 ἐξαμελήσας
3163 1211 3416 1282 ἐκάθητο,
3447 1212 3510 1266 τὸ
3561 1213 3666 1267 ἀπὸ
3721 1217 3815 1267 τοῦ
3875 1235 4013 1289 κραο

2354 1305 2574 1363 τοῦντος
2607 1301 2885 1374 ἀναμένων
2921 1300 3265 1376 πρόσταγμα.

2355 1418 2425 1486 η’.
2480 1419 2677 1506 Ὅπως
2749 1418 2969 1504 πέμψας
3049 1418 3076 1470 ὁ
3139 1415 3395 1506 βασιλεὺς
3470 1415 3640 1506 ἐξάγει
3726 1422 3822 1505 τοῦ
3897 1439 4007 1471 πα-

2425 1489 2747 1563 τριαρχείου
2829 1489 2921 1543 τὸν
2992 1489 3361 1562 πατριάρχην,
3419 1490 3508 1543 καὶ
3565 1489 3631 1543 τά
3683 1489 3807 1543 τότε
3859 1512 4012 1562 συμ-

2427 1580 2615 1614 οαντα.

2425 1659 2533 1731 Νὺξ
2583 1658 2670 1729 ἦν,
2701 1657 2825 1733 περί
2876 1680 2980 1712 που
3036 1659 3103 1712 τὰ
3158 1655 3443 1712 τελευταῖα
3503 1663 3867 1727 Πυαντιῶνος,
3915 1658 4013 1714 δτι

2352 1748 2442 1800 καὶ
2502 1747 2638 1822 πρὸς
2687 1747 2749 1802 τὸ
2811 1746 3165 1823 αἶθριώτερον
3216 1747 3532 1812 καθίσταται
3565 1748 3592 1802 ὁ
3622 1747 3728 1820 ἀὴρ
3757 1752 3866 1802 τῶν
3900 1749 4010 1804 ἀπὸ

2352 1840 2448 1890 τοῦ
2498 1841 2778 1910 χειμῶνος
2836 1833 3172 1910 ἀπαλλαγεῖς
3230 1833 3536 1911 δυσχερῶν,
3587 1837 3648 1891 τὸ
3705 1834 3850 1890 πολὺ
3909 1843 4013 1905 τῆς

2357 1923 2567 1986 νοτίδος
2597 1921 2916 1981 ἀποϐαλών.
2953 1927 3054 1982 Καὶ
3088 1923 3153 1994 δὴ
3186 1926 3285 1993 τήν
3320 1926 3546 2001 πρώτην
3599 1923 3845 1994 φυλακὴν
3903 1933 4009 1994 τῆν

2357 2016 2546 2076 νυκτὸς
2573 2013 2786 2084 ἐκείνης
2818 2016 2869 2068 οἱ
2926 2019 3022 2069 τοῦ
3059 2013 3326 2090 βασιλέως
3383 2015 3692 2086 πέμπονται
3746 2013 3825 2090 ἐφ’
3855 2013 4011 2089 ᾧπερ

2353 2103 2444 2157 τὸν
2499 2101 2960 2167 καταδικασθέντα
3041 2104 3431 2178 καταγαγόντες
3508 2105 3802 2178 ἀπαγαγεῖν
3866 2105 4012 2158 ὅπου

2355 2193 2443 2246 καὶ
2483 2193 2953 2268 προσετάχθησαν.
2985 2195 3071 2255 Ὡς
3129 2199 3254 2267 γοῦν
3315 2194 3507 2248 αὐτίκα
3563 2195 3854 2266 κατήγετο,
3886 2192 4013 2246 ἐπι-

2355 2279 2453 2346 ϐὰς
2511 2289 2607 2338 τοῦ
2671 2285 2923 2358 μεγίστου
2969 2289 3130 2351 ναοῦ,
3174 2287 3299 2348 στὰς
3354 2285 3490 2358 πρὸς
3543 2289 3662 2345 ταῖς
3723 2285 4011 2358 μεγίσταις

2353 2372 2573 2444 πύλαις,
2608 2373 2848 2450 ἀφωσίου
2878 2379 2957 2445 τῷ
2991 2374 3231 2446 Δεσπότᾳ
3277 2373 3494 2450 Χριστῷ
3551 2374 3618 2428 τὰ
3674 2373 4011 2448 εὐχαριστή-

2354 2483 2444 2535 ρια
2475 2469 2788 2537 προσκυνῶν
2846 2484 2903 2518 τε
2958 2464 3048 2517 καὶ
3108 2466 3553 2536 συνταττόμενος.
3587 2469 3673 2524 Ὡς
3722 2461 3768 2517 δ’
3802 2461 4014 2534 ἔμελλε

2354 2550 2442 2606 διὰ
2469 2559 2568 2621 τῆς
2602 2555 2717 2607 κατ’
2741 2552 3008 2614 ἀνατολὰς
3043 2552 3222 2622 πύλης
3256 2553 3561 2628 ἐξέρχεσθαι
3605 2552 3686 2630 ἐφ’
3738 2551 3782 2623 ᾦ
3840 2573 4012 2606 κατα-

2353 2635 2538 2696 λαϐεῖν
2598 2643 2658 2696 τὸ
2716 2641 2768 2696 ἐν
2822 2646 2890 2716 τῇ
2950 2638 3207 2718 Βαρϐάρᾳ
3260 2639 3586 2718 κελλύδριον
3642 2646 3740 2697 τοῦ
3794 2653 4011 2714 θαυμα-

2348 2737 2582 2808 τουργοῦ
2616 2732 2918 2801 Νικολάου,
2952 2733 2980 2787 ὃ
3013 2731 3078 2802 δὴ
3113 2733 3202 2788 καὶ
3237 2735 3521 2788 συνίστατο
3566 2731 3689 2788 τότε
3747 2734 3883 2806 πρὸς
3935 2736 4012 2807 τῇ

2362 2934 2758 3003 perarejussis
2775 2933 3131 3005 quibusdam
3155 2950 3184 2988 e
3198 2934 3608 3005 praesentibus,
3633 2949 3883 3005 quorum
3899 2951 4013 3006 ego

2364 3039 2517 3077 unus
2555 3022 2735 3088 fui,ad
2768 3023 3182 3083 sacram,270
3215 3027 3278 3076 ut
3309 3023 3553 3088 dixerat,
3577 3022 4008 3093 supellectilem

2364 3129 2396 3164 n
2409 3116 2670 3166 umerato
2686 3111 3080 3182 recipiendam
3093 3128 3432 3177 ,couversus
3446 3113 3514 3166 ad
3535 3111 3748 3167 missos
3779 3130 3812 3166 a
3825 3129 4011 3184 syno-

2363 3201 2491 3253 dozu
2507 3201 3048 3270 Fratres,inquit,en
3074 3206 3316 3271 paratus
3338 3207 3684 3267 sum,etnon
3703 3203 4011 3268 turbabor,

2361 3289 2645 3358 quidquid
2678 3290 2748 3344 de
2781 3306 2873 3344 me
2901 3290 3395 3354 volueritis.Quod
3421 3295 3841 3355 vestrarum,ut
3866 3291 4015 3346 dici-

2354 3379 2584 3442 tis,erat
2617 3379 2890 3448 partium,
2924 3378 3162 3434 fecistis.
3195 3379 3393 3434 Faciat
3424 3385 3479 3434 et
3502 3380 3816 3450 imperator
3844 3381 4009 3450 quod

2353 3468 2646 3537 reliquum
2671 3474 2778 3532 est,
2813 3475 2871 3522 et
2902 3485 3016 3538 quo
3048 3469 3311 3522 eundum
3375 3468 3544 3523 nobis
3583 3469 3659 3523 sit
3708 3469 4005 3540 extemplo

2351 3557 2823 3626 praseribat,aut
2856 3558 3048 3627 potius
3076 3558 3170 3627 qui
3205 3575 3272 3612 eo
3302 3559 3597 3612 deducant
3627 3559 3843 3624 mittat;
3880 3576 4002 3613 non

2349 3646 2505 3700 enim
2541 3647 2903 3711 resistemus,
2940 3652 3040 3700 aut
3065 3647 3391 3717 quidquam
3424 3648 3666 3702 omnino
3695 3649 3999 3703 recusabi-

2349 3751 2501 3801 mus,
2537 3735 2661 3789 sive
2693 3736 2741 3790 is
2773 3735 3034 3806 gladium
3070 3737 3189 3791 sive
3222 3741 3466 3792 mortem
3515 3737 3688 3792 etiam
3745 3742 3927 3807 paret.
3968 3761 3998 3788 ›»

2347 3823 2446 3878 llis
2478 3824 2649 3878 dictis
2681 3825 2910 3880 dimisit
2938 3825 2996 3878 in
3031 3842 3171 3896 pace
3203 3842 3428 3881 omnes.
3463 3831 3592 3897 Ipse
3625 3825 3849 3897 placide
3873 3843 3995 3882 om-

2345 3913 2509 3968 nium
2539 3929 2779 3969 securus
2824 3915 3064 3984 assedit,
3122 3916 3193 3972 ab
3240 3916 3590 3986 imperatore
3640 3918 3991 3973 mandatum

2341 4007 2706 4071 exspectans.

2340 4165 2392 4218 8.
2431 4164 2492 4220 Ut
2521 4164 2748 4219 mittens
2781 4165 3090 4234 imperator
3117 4164 3377 4220 eduxerit
3424 4166 3792 4236 patriarchali
3836 4167 3997 4226 domo

2585 4236 2990 4306 palriurcham;
3011 4241 3062 4292 et
3084 4252 3209 4308 quae
3231 4240 3361 4292 tunc
3388 4240 3737 4309 contigerint.

2410 4361 2538 4416 Mox
2566 4365 2690 4417 erat
2721 4361 2952 4415 circiter
2981 4365 3241 4416 extrema
3271 4362 3408 4418 Maii
3443 4364 3684 4432 mensis,
3739 4381 3871 4420 cum
3925 4365 3990 4422 in

2335 4450 2711 4504 serenitatem
2743 4449 3104 4505 exhilaratus
3135 4465 3232 4504 aer
3260 4467 3329 4505 ex
3381 4450 3626 4507 hiberno
3681 4453 3868 4523 rigore
3925 4458 3990 4510 et

2333 4539 2599 4595 humoris
2657 4555 2759 4610 per
2811 4555 3020 4595 vernos
3075 4544 3305 4611 tepores
3374 4543 3751 4598 exuberantia
3818 4549 3992 4613 parte

572 4640 700 4688 tum
731 4637 838 4698 est,
873 4611 1080 4684 alacris
1114 4643 1305 4698 pergo.
1341 4624 1455 4679 Vos
1489 4624 1584 4692 ite,
1617 4639 1859 4678 censum
1909 4623 2078 4678 facite
2127 4641 2222 4680 ec-
2253 4611 2300 4675 D
2333 4645 2542 4698 magna
2573 4627 2852 4696 resoluta,
2879 4627 3095 4697 liquido
3129 4628 3370 4684 liberius
3397 4628 3538 4684 caelo
3571 4611 3988 4701 ridet,qu-ando

573 4721 762 4778 clesiaa
786 4735 1096 4784 vasorum;
1127 4721 1184 4769 et
1228 4713 1518 4785 quidquid
1571 4711 1828 4765 velorum
1878 4718 2218 4785 castamque

566 4812 837 4884 pretiose
869 4809 1070 4875 vestis,
1107 4803 1394 4876 quidquid
1443 4806 1780 4857 sanctarum
1835 4799 2217 4870 reliquiarum

567 4908 623 4956 et
654 4900 938 4956 librorum
971 4894 1385 4952 ecclesiastica
1419 4891 1636 4945 habent
1685 4906 1894 4960 capsaa,
1938 4908 2216 4963 recogno-

566 4992 729 5059 scite,
767 4991 1030 5061 probate,
1067 4989 1393 5045 numerate,
1423 4980 1690 5050 accipite,
1726 4995 1796 5033 ne
1829 4979 1961 5049 quis
2001 4981 2213 5038 deinde

564 5096 671 5136 nos
702 5077 1001 5147 sacrilegae
1031 5075 1249 5144 rapinae
1293 5071 1476 5141 possit
1524 5084 1822 5124 accusare.
1884 5070 1957 5123 [)e
2003 5076 2209 5127 caatero

559 5171 808 5241 gaudete
839 5168 896 5222 in
926 5164 1192 5231 Domino,
1230 5161 1354 5231 filii,
1388 5166 1446 5214 et
1492 5157 1729 5213 salvete.
1776 5157 1892 5211 Nos
1950 5158 2205 5230 palliolo,

560 5258 951 5331 pugillaribus
982 5260 1038 5310 et
1068 5253 1258 5307 tribus
1289 5247 1572 5312 nummis,
1609 5247 1872 5302 mercede
1905 5265 2092 5319 operae
2131 5250 2206 5307 li—

557 5347 763 5403 brarian
795 5343 1180 5401 describendo
1232 5338 1505 5411 psalterio
1558 5338 1778 5399 locatas,
1832 5353 1958 5407 quae
2010 5340 2208 5397 omnia

547 5438 716 5508 juxta
741 5435 1126 5491 monasticam
1150 5431 1412 5502 regulam
1440 5427 1602 5499 prius
1628 5426 1999 5497 possedimus
2026 5445 2202 5498 quam

551 5524 972 5598 patriarchales
1003 5523 1156 5577 aedes
1196 5519 1664 5591 ingrederemur,
1699 5520 1764 5569 ut
1812 5517 2065 5586 propriis
2114 5536 2202 5575 re-

547 5616 827 5688 sumptis,
861 5614 1107 5670 eximus.
1143 5633 1170 5660 »
1201 5609 1331 5665 Haec
1357 5613 1413 5663 et
1445 5606 1559 5662 alia
1590 5604 1882 5676 ejusmodi
1938 5609 2203 5677 quaedam

545 5706 753 5763 eﬁ'atus
779 5706 848 5760 ad
869 5704 1176 5767 clerum,et
1199 5703 1487 5770 tanquam
1509 5711 1645 5752 mox
1663 5692 2039 5754 discessurus
2062 5715 2200 5770 pro-

2329 4718 2484 4773 circa
2515 4717 2706 4787 prima
2763 4715 3023 4787 vigiliam
3084 4717 3401 4773 adfuerunt
3462 4735 3611 4789 quos
3664 4718 3991 4790 imperator

2329 4807 2567 4861 miserat
2593 4806 2663 4860 ad
2697 4805 3162 4861 condemnatum
3196 4807 3611 4863 abducendum
3669 4824 3784 4878 quo
3828 4810 3988 4879 jussi

2325 4899 2511 4951 erant.
2548 4896 2599 4950 Is
2631 4911 2761 4949 cum
2797 4896 3506 4968 abduceretur,superatis
3529 4898 3810 4968 gradibus
3830 4903 3987 4954 tem-

2325 4985 2404 5057 pli
2439 4985 2670 5040 maximi
2703 4990 2869 5039 stans
2903 4985 2972 5039 ad
3009 4992 3238 5057 portam
3270 4987 3554 5057 majorem
3604 4991 3824 5058 gratias
3865 4990 3992 5059 egit

2323 5076 2771 5131 venerabundus
2804 5076 3038 5132 Christo
3085 5076 3347 5144 Domino,
3402 5078 3656 5133 adorans
3709 5084 3766 5133 et
3814 5084 3877 5133 ut
3923 5079 3985 5135 in

2323 5166 2589 5237 digressu
2625 5166 2978 5222 valedicens.
3033 5169 3162 5221 Mox
3196 5182 3330 5222 cum
3395 5169 3658 5223 exiturus
3702 5172 3858 5223 esset
3880 5186 3989 5240 per

2321 5257 2625 5312 obversam
2650 5256 2858 5310 orienti
2895 5260 3147 5328 portam,
3184 5262 3248 5310 ut
3281 5257 3352 5311 ad
3403 5257 3676 5312 cellulam
3734 5258 3789 5312 in
3838 5259 3982 5314 Bar-

2319 5345 2461 5401 bara
2491 5345 2657 5400 sitam
2689 5346 2920 5401 miriﬁci
2976 5346 3199 5400 Nicolai
3243 5361 3306 5401 se
3366 5348 3654 5402 conferret
3686 5348 3777 5418 (ea
3833 5356 3979 5404 tunc

2316 5433 2674 5489 domuncula
2706 5435 2853 5489 mari
2885 5435 3139 5501 admota,
3174 5440 3230 5489 et
3260 5435 3331 5490 ad
3367 5435 3650 5492 Oxeensis
3685 5442 3980 5494 monaste-

2317 5525 2382 5579 rii
2408 5525 2509 5594 jus
2541 5523 2990 5596 dominiumque
3016 5523 3337 5596 pertinens,
3373 5526 3501 5580 ideo
3552 5532 3754 5596 parata
3781 5526 3976 5583 fuerat

2313 5612 2502 5669 obiter
2531 5613 2872 5685 excipiendo
2904 5614 3172 5681 Areenio,
3225 5614 3383 5684 quod
3432 5614 3482 5669 ei
3535 5616 3736 5671 sedem
3784 5615 3979 5672 exsilii

2311 5703 2467 5777 apud
2501 5703 2736 5772 Oxeam,
2772 5702 3278 5776 opportunitatem
3314 5706 3636 5776 quamdam
3666 5703 3778 5761 loci
3809 5721 3981 5763 secu-
