4212 6442
165 401 265 458 717

1216 404 1310 459 ΠΒ
1348 400 1714 457 IICHABLE
1752 396 2198 454 PALBOLOGO
2233 398 2367 452 LIB.
2408 396 2506 451 ιν.

3449 404 3556 457 718

165 520 403 596 θαλάσσῃ
458 522 549 579 καὶ
608 524 684 588 ὡς
737 524 999 600 μετόχιον
1024 527 1092 598 τῇ
1148 523 1325 595 Ὀξείφ
1362 524 1639 600 ἡρμόζετο
1670 517 1805 593 (ἐκεῖ
1832 523 1883 589 Α
1916 516 2125 573 ἐκείνου
2181 516 2473 593 ἀπέχθειαν
2528 517 2601 579 ὡς
2657 517 2732 590 μή
2787 518 2914 592 παρ’
2950 516 3173 579 Δἐκείνου
3231 520 3307 583 εἰς
3355 542 3552 578 κοινω-

166 612 266 686 γάρ
324 611 646 687 προχαίρως
709 609 1090 681 κατεδικάζετο
1149 612 1449 680 ἀπελθεῖν,
1500 610 1589 665 καὶ
1644 613 1807 663 τοῦτο

167 701 279 755 κατ’
336 700 651 774 οἰκονομίαν
710 700 1048 774 οἶμαιΘεοῦ,
1103 702 1185 757 δτι
1235 701 1325 756 καὶ
1371 702 1433 755 τὸ
1486 700 1616 776 ῥάκο
1669 698 1805 752 ἐκεῖ·

169 810 259 851 νος
308 788 359 844 ἐν
404 793 472 863 τῇ
522 790 697 862 Ὀξείᾳ
753 790 985 865 πρώτως
1027 788 1191 846 ὑπέδυ
1236 792 1326 846 τὸν
1386 789 1630 863 μοναχὸν
1680 807 1804 859 μετ-

162 878 614 957 αμφιεννύμενος)
673 912 743 922 -
789 880 864 941 ὡς
927 881 1105 936 τοίνυν
1163 881 1300 957 πρὸς
1353 883 1421 953 τῇ
1482 876 1649 949 ἔξόδῳ
1703 883 1803 945 τῆς

165 966 456 1037 ἐκκλησίας
500 970 591 1038 ἦν,
624 968 707 1043 [Ρ.
745 970 867 1043 183]
924 969 1138 1045 αἰθρίας
1199 968 1253 1031 ἐς
1308 968 1432 1024 τότε
1472 965 1637 1035 οὔσης
1689 966 1805 1020 κατ’

167 1056 397 1133 οὐρανὸν
455 1056 707 1132 ἐξαίφνης
762 1060 927 1134 νέφος
989 1058 1209 1115 σκοτόεν
1260 1055 1506 1130 ἐπλήρου
1560 1055 1623 1110 τὸ
1676 1058 1803 1124 πᾶν,

168 1144 256 1200 καὶ
334 1143 589 1222 ῥαγδαῖος
668 1145 882 1220 σύναμα
956 1146 1173 1222 χαλάζῃ
1253 1145 1570 1225 κατεφέρετο
1628 1143 1801 1211 ὑετὸς,

166 1231 361 1307 χρῆμά
411 1253 469 1288 τε
499 1231 727 1303 ἐξαίσιον
789 1235 1074 1311 ἀστραπῶν
1123 1237 1215 1290 τὸν
1260 1234 1389 1309 ἀέρα
1428 1225 1801 1307 πυρεκόολοῦν

163 1320 381 1391 ἐξέκαιε,
432 1322 521 1376 καὶ
552 1322 748 1378 κτύποι
797 1324 1038 1397 βροντῶν
1088 1327 1332 1397 συνεχεῖς
1384 1323 1450 1376 τά
1477 1325 1585 1375 τῶν
1640 1319 1801 1373 ἀκου-

165 1409 327 1465 όντων
360 1413 748 1485 συνετάρασσον
801 1412 933 1467 ὦτα.
986 1410 1241 1474 Κάκεῖνος
1292 1411 1342 1467 ἐν
1375 1410 1558 1473 τόσοις
1606 1406 1801 1469 δεινοῖς

160 1502 276 1561 τοῖς
325 1498 617 1575 ἀπάγουσιν
658 1496 893 1569 ε’ίλκετο,
943 1496 1046 1561 ἕως
1087 1499 1178 1554 καὶ
1225 1498 1277 1561 ἐς
1326 1500 1424 1568 τὴν
1482 1498 1651 1571 μονὴν
1700 1517 1801 1550 κα-

160 1588 513 1658 τηντήκεσαν.
564 1588 771 1643 Ἐκεῖσε
815 1592 944 1665 γοῦν
998 1587 1355 1663 διαγαγόντος
1412 1588 1511 1656 τὴν
1565 1584 1799 1659 ἡμέραν,

161 1678 224 1749 τῇ
281 1675 637 1752 ἐπιγενομένη
684 1677 836 1732 νυκτί
881 1678 976 1748 νηῒ
1032 1676 1214 1732 ἀλιάδι
1270 1675 1545 1749 ἐνθέμενοι
1595 1674 1798 1750 περιώ-

161 1770 305 1837 ριζον
350 1764 447 1819 ἀνά
490 1767 591 1835 τήν
623 1764 1051 1841 Προικόννησον,
1082 1769 1160 1837 τῷ
1191 1764 1364 1821 ἐκεῖσε
1397 1760 1674 1839 μονυδρίῳ
1721 1767 1800 1835 τῷ

1913 607 2029 660 νίαν
2080 603 2402 681 δεχόμενος,
2445 604 2617 659 αἰτίαν
2672 605 2872 682 φέρων,
2923 605 2969 660 εἲ
3017 604 3199 677 ἀληθῆ
3234 606 3440 679 ἄδηλον
3472 612 3555 681 ὃν,

1914 693 2064 766 ὅμως
2115 692 2170 748 δὲ
2220 694 2394 771 (θέρων
2446 693 2503 747 ἐκ
2543 694 2735 767 φήμης
2770 693 2842 755 ὡς
2880 696 3269 768 συγκοινωνοίη
3323 700 3456 751 κατά
3502 720 3551 752 τι

1910 788 2027 845 τοῖς
2086 783 2418 857 Ἀρμενίοις,
2468 783 2590 836 τότε
2642 779 2729 836 διὰ
2774 787 2940 836 ταῦτα
2989 783 3076 836 καὶ
3112 784 3551 861 προσαπεὸἐχετο

1910 872 1973 926 τὸ
2017 869 2263 926 ἐκποδὼν
2314 872 2515 926 ἐκεῖνον
2565 871 2808 945 γενέσθαι
2863 872 2950 926 καὶ
3007 875 3217 942 συνηνει
3266 873 3553 948 γνωμοίο-

1909 964 2040 1017 τῶν.
2090 961 2152 1018 Ὀ
2202 958 2247 1014 δ’
2280 957 2685 1035 Ἀλεξανδρείας
2733 958 3008 1025 Νικόλαος
3052 961 3314 1017 τοσούτου
3368 984 3552 1018 συναι-

1908 1055 2017 1103 νεῖν
2050 1047 2265 1120 ἐδέησεν
2301 1048 2441 1104 ὥστε
2470 1049 2559 1104 καὶ
2590 1048 2829 1122 καθάπαξ
2855 1054 2961 1104 τῶν
3014 1052 3553 1128 καταψηφισαμένων

1910 1136 2180 1213 ἐσχίζετο,
2214 1138 2301 1193 καὶ
2334 1134 2541 1211 ἔμεινεν
2573 1137 2676 1200 ’ὲως
2702 1136 2893 1202 τέλους
2923 1138 2973 1192 έν
3006 1139 3204 1211 τούτῳ,
3253 1142 3419 1214 μηδὲν
3456 1163 3551 1214 με-

1908 1226 2178 1299 ταλλάξας
2208 1233 2313 1283 τῶν
2349 1227 2723 1302 ἐγνωσμένων.

1912 1340 1961 1392 ι’.
2001 1336 2187 1410 Ὅπως
2244 1333 2437 1410 ἤθελεν
2477 1337 2526 1407 ⁸ὁ
2554 1408 2563 1410 _
2589 1335 2935 1410 πατριάρχης
2967 1334 3084 1410 *ἐπὶ
3123 1339 3229 1410 ,τῇς
3268 1340 3435 1410 τιμῆς
3474 1338 3547 1393 ὢν

2120 1406 2501 1471 ἀνακαλεῖσθαι
2536 1408 2610 1470 ὡς
2640 1406 2895 1482 ἀρχιερέα
2925 1408 3018 1461 τὸν
3062 1406 3332 1483 Σάρδεων.

1978 1497 2101 1552 Τῶν
2161 1493 2208 1551 δ’
2266 1496 2592 1573 ἀρχιερέων,
2650 1494 2797 1565 πλὴν
2853 1500 2959 1550 τῶν
2993 1497 3269 1572 προτέρων
3305 1497 3547 1570 ἐκείνων,

1907 1584 2169 1654 Μανουήλ
2217 1605 2275 1640 τε
2325 1589 2422 1639 τοῦ
2462 1582 2865 1653 Θεσσαλονίκης
2893 1585 2980 1640 καὶ
3010 1590 3107 1639 τοῦ
3140 1584 3389 1659 Σάρδεων
3424 1589 3545 1643 Ἀν-

1907 1671 2182 1749 δροκίκου,
2218 1676 2303 1746 [Ρ,
2338 1676 2463 1748 184]
2492 1671 2669 1736 οὐδεὶς
2702 1671 2872 1736 ἄλλος
2904 1674 2968 1741 ἦν
3002 1675 3030 1729 ὁ
3061 1675 3403 1749 σχιζόμενος.
3437 1677 3544 1733 Τὸν

1906 1760 2277 1837 Ἀνδρόνικον,
2306 1764 2380 1825 ὡς
2412 1763 2501 1817 καὶ
2553 1762 2689 1817 κατά
2739 1762 3018 1838 μοναχοὺς
3064 1764 3387 1840 ἀποκαρείη,
3416 1766 3547 1841 φθά-

159 1849 261 1909 ἄνω
288 1861 391 1923 τῆς
419 1852 708 1930 ἐγχωρίως
758 1853 1062 1931 λεγομένης
1095 1852 1306 1910 Σοῦδας
1354 1854 1591 1927 κειμένῳ
1638 1851 1795 1928 ἐγκαο
1826 1891 1873 1957 Β
1905 1873 2087 1915 σαντες
2118 1850 2364 1925 εἴπομεν.
2416 1854 2513 1911 "Ov
2560 1854 2649 1907 καί
2685 1852 2772 1907 ἐπὶ
2822 1860 2921 1922 τῆς
2968 1852 3132 1908 αὐτοῦ
3177 1855 3545 1930 πατριαρχίας

156 1941 553 2013 τακλείσαντες,
580 1942 829 2015 τάξαντες
856 1944 946 2000 καὶ
978 1945 1218 2018 ὀπτῆρας
1249 1943 1307 2000 ἐκ
1336 1948 1444 2000 τῶν
1469 1940 1791 2019 βασιλικῶν,
1826 1938 1873 1957 υ
1900 1942 2202 2016 Ἀρσὲνιος,
2235 1938 2291 1996 εὖ
2322 1938 2482 2005 εἰδὼς
2525 1941 2599 2002 ὡς
2630 1938 2703 1995 δι’
2752 1939 2955 1997 ἐκεῖνον
3001 1942 3061 1997 τὸ
3110 1948 3327 2017 πρῶτον
3374 1941 3545 2016 ἐξορι-

160 2031 228 2095 ὡς
262 2033 342 2106 μή
374 2037 545 2106 θεῷτο
572 2039 691 2097 τοῖς
725 2032 1100 2110 βουλομένοις.
1900 2031 2089 2086 σθέντα
2112 2028 2278 2087 ὑπέδυ
2306 2031 2371 2085 τά
2407 2035 2663 2107 μοναχῶν
2696 2030 3020 2103 ἐξεπίτηδες,
3060 2029 3255 2100 ἤθελεν
3288 2034 3547 2108 ἀνορθοῦν

1901 2119 2236 2192 ἀποθέμενον
2288 2119 2484 2183 εὐθέως
2512 2121 2581 2175 τὰ
2628 2119 2791 2197 ῥάκη.
2843 2118 3001 2177 Ἀλλ’
3033 2120 3131 2176 οὐκ
3178 2120 3440 2197 ἐξεγένετό
3493 2121 3544 2177 οἰ

1904 2209 1979 2272 εἰς
2009 2214 2171 2264 τοῦτο
2201 2208 2289 2265 καὶ
2318 2208 2446 2272 τοὺς
2481 2208 2743 2285 ἱεράρχας
2782 2210 3118 2283 συμπείθειν.
3169 2208 3391 2280 Ἐπειδὴ
3442 2213 3543 2287 γὰρ

1904 2297 2107 2362 ἐκεῖνος
2137 2299 2260 2355 τότε
2289 2304 2367 2372 τῷ
2397 2301 2711 2375 πατριάρχῃ
2740 2302 2857 2354 κατ’
2910 2297 3050 2355 ἰδίαν
3076 2300 3542 2376 κοινολογησάμε-

1902 2410 1994 2451 νος
2018 2389 2190 2460 εὗρεν,
2215 2388 2261 2444 εἰ
2285 2391 2449 2462 μόνον
2473 2388 2700 2459 θελήσοι
2728 2388 2817 2443 καὶ
2846 2391 2879 2459 ἡ
2904 2387 3145 2461 σύνοδος,
3167 2391 3548 2460 κατανεύοντα,

1904 2477 2135 2549 ἐξελθὼν
2166 2478 2367 2543 ἐκεῖθεν
2411 2475 2555 2554 ἔγνω
2604 2478 2764 2554 πείρᾳ
2814 2476 3020 2534 διδόναι
3052 2480 3114 2533 τὸ
3155 2485 3401 2555 πρᾶγμα.
3447 2480 3548 2537 Καὶ

160 2149 439 2226 θ’ςὈξῐως
484 2149 537 2204 οἳ
578 2156 679 2226 τῆς
729 2148 1001 2226 ἀνατολῆς
1044 2150 1402 2226 πατριάρχαι,
1450 2149 1607 2226 ὁῄτῆς
1637 2145 1793 2226 Ἀλες

222 2218 496 2298 ξανδρεμίας
521 2223 620 2298 καὶΔ
640 2218 1003 2298 Ἀντιοχείας,
1035 2218 1165 2298 περῖ
1191 2218 1323 2291 τῆν’
1338 2218 1646 2296 καθαίρεσιν
1693 2223 1793 2275 τυῦ

220 2292 567 2368 πατριάρχου
598 2292 929 2365 διετέθησαν.

221 2388 379 2447 Οὕτω
413 2391 508 2465 μὲν
540 2391 635 2445 οὗν
665 2392 734 2447 τά
778 2393 894 2447 κατ’
943 2391 1147 2447 ἐκεῖνον
1205 2387 1614 2464 διαταξάμενοι,
1672 2387 1787 2445 ἐπεὶ

163 2479 247 2533 καὶ
300 2479 430 2544 τοὺς
481 2482 825 2557 πατριάρχας
880 2480 962 2537 ἐπ’
1020 2479 1209 2553 ἐκείνῳ
1259 2477 1631 2555 γνωμοδοτεῖν
1684 2484 1795 2535 τῶν

160 2568 460 2645 ἀναγκαίων
507 2568 785 2643 ἐνόμιζον,
826 2569 1158 2644 ἀξιουμένων
1204 2568 1423 2625 ἐκείνων
1456 2570 1483 2623 ὁ
1530 2569 1626 2643 μὶν
1678 2570 1792 2624 Ἀν-

156 2658 393 2734 τιοχιίας
424 2658 698 2733 Εὖθύμιος
729 2660 1063 2735 ὡρμημένος
1110 2658 1199 2715 καὶ
1232 2658 1403 2715 πάλαι
1444 2658 1519 2721 εἰς
1547 2659 1649 2729 τήν
1679 2659 1797 2713 κατ’

1907 2565 1975 2639 δὴ
2007 2570 2143 2624 κατά
2176 2569 2302 2643 μίαν
2344 2573 2451 2624 τῶν
2503 2566 2799 2624 συνοδικῶν
2849 2571 3097 2645 ἡμερῶν,
3144 2570 3545 2646 συνεγνωκότος

1905 2658 1996 2711 καὶ
2052 2662 2151 2712 τοῖ’)
2194 2659 2563 2733 πατριάρχου,
2619 2654 2856 2732 μανδύαν
2912 2678 2969 2713 τε
3016 2658 3398 2735 ἀρχιερατικὸν
3454 2680 3550 2715 πε-

161 2876 271 2944 tus,
295 2875 620 2948 imperator
672 2877 1025 2945 decreverat,
1057 2876 1115 2931 id
1174 2877 1326 2946 quod
1378 2876 1651 2947 equidem
1684 2892 1799 2930 non
1910 2882 2018 2944 est,
2050 2879 2108 2929 et
2152 2891 2272 2930 suae
2320 2874 2480 2929 illam
2531 2877 2832 2931 sententias
2884 2870 3228 2931 auctoritate
3274 2878 3556 2948 adjuncta

160 2962 279 3021 sine
308 2964 555 3021 nurnine
590 2966 811 3021 factum
844 2966 1120 3031 arbitror,
1150 2966 1288 3021 dum
1340 2964 1537 3020 animo
1595 2971 1803 3036 reputo
1910 2962 2298 3019 conﬁrmavit.
2329 2966 2401 3019 At
2430 2962 2859 3021 Alexandrinus
2890 2964 3163 3021 Nicolaus
3192 2970 3423 3022 tantum
3453 2967 3561 3022 ab-

159 3066 381 3108 sacram
414 3053 687 3109 monachi
714 3058 939 3110 vestem
968 3069 1035 3109 ac
1084 3053 1505 3125 professionem
1546 3053 1803 3123 primum
1913 3051 2025 3107 fuit
2052 3069 2086 3107 a
2116 3053 2552 3123 comprobando
2594 3053 2768 3122 facto,
2799 3056 2864 3107 ut
2892 3052 3074 3109 semel
3106 3070 3174 3110 ea
3203 3070 3385 3111 causa
3433 3054 3563 3111 illos

160 3140 299 3197 271
345 3143 422 3199 ab
467 3143 706 3199 Arsenio
754 3147 1091 3215 susceptam
1151 3143 1306 3215 apud
1365 3142 1625 3213 Oxeam),
1668 3158 1805 3198 cum
1914 3140 2017 3212 qui
2065 3140 2380 3196 Arsenium
2437 3141 2857 3196 damnaverant
2906 3160 2939 3196 a
2991 3158 3101 3197 sua
3150 3144 3565 3200 communione

160 3228 422 3302 inquam,
454 3232 515 3287 in
541 3247 611 3287 eo
649 3236 806 3287 esset
835 3236 900 3287 ut
943 3230 1165 3303 templo
1212 3231 1587 3300 egrederetur
1616 3236 1675 3287 et
1702 3247 1804 3286 su-

164 3317 299 3374 dum
325 3336 664 3392 purumque
704 3319 913 3377 caalum
956 3325 1134 3388 esset,
1165 3320 1316 3376 fmda
1354 3325 1592 3391 repente
1622 3320 1809 3375 nubes

162 3411 302 3463 tetra
322 3414 542 3464 cuncta
567 3408 819 3480 caligine
840 3407 1173 3479 complevit,
1189 3408 1621 3478 vehemensque
1633 3405 1812 3463 simul

168 3496 349 3552 imber
380 3498 561 3553 mista
579 3498 865 3567 grandine
885 3498 1123 3565 decidit,
1148 3496 1483 3569 fulguribus
1505 3497 1814 3552 horrendis

160 3582 269 3639 late
289 3601 486 3641 aerem
509 3585 984 3641 incendentibus.
1017 3586 1124 3641 Per
1152 3585 1257 3641 has
1287 3585 1386 3641 ille
1414 3601 1709 3640 mrumnas
1739 3587 1813 3640 ab

159 3673 589 3730 abducentibus
618 3674 983 3742 trahebatur,
1011 3675 1204 3744 quoad
1250 3674 1308 3728 in
1363 3673 1549 3741 illam,
1582 3676 1653 3730 de
1698 3692 1814 3744 qua

160 3762 292 3828 dixi,
325 3763 754 3819 domunculam
788 3768 1199 3834 pervenerunt;
1224 3763 1323 3817 ubi
1354 3778 1489 3818 cum
1512 3763 1669 3818 diem
1703 3779 1809 3833 po-

159 3856 373 3908 sterum
398 3854 852 3923 transegissent,
882 3856 1049 3908 nocte
1072 3852 1333 3907 insecuta
1349 3853 1477 3906 navi
1498 3852 1809 3907 Arsenium

160 3939 484 4009 piscatorio
513 3940 907 4013 imponentes,
943 3941 1313 4013 deportatum
1354 3940 1510 3996 ultra
1557 3940 1809 3998 Procon-

158 4043 356 4085 nesnm
380 4030 756 4087 incluserunt
776 4029 1201 4086 mansiunculai
1234 4029 1355 4085 illic
1379 4030 1499 4085 sitas
1524 4046 1705 4102 supra
1725 4028 1815 4085 lo-

158 4133 307 4181 cum.
336 4135 522 4190 quem
543 4120 722 4191 vulgo
756 4118 959 4175 incola
990 4120 1210 4175 Sudam
1249 4124 1481 4187 vocant,
1524 4119 1811 4191 appositis

157 4208 505 4266 custodibus
534 4214 596 4264 et
622 4207 901 4266 satellitio
936 4208 1329 4281 imperatoris,
1362 4224 1435 4264 ne
1464 4208 1611 4264 adiri
1643 4207 1811 4265 exsul

162 4311 193 4350 a
216 4298 533 4368 quibusvis
564 4297 816 4354 invisere
833 4296 1166 4354 volentibus
1191 4304 1408 4370 posset.

159 4408 207 4465 9.
240 4412 304 4469 Ut
335 4412 652 4470 Orientales
699 4412 1036 4484 patriarcha
1066 4413 1485 4469 Alexandrinus
1543 4417 1597 4469 et
1626 4412 1811 4470 Antio-

219 4484 420 4612 cltezms
467 4484 622 4541 circa
658 4484 995 4557 patriarcha
1022 4485 1419 4556 depositionem
1461 4484 1646 4557 enecti
1683 4489 1810 4557 fue-

224 4572 310 4611 rm
341 4597 357 4611 .

1918 3228 2214 3285 abscissos
2235 3229 2389 3285 212
2412 3244 2717 3300 nunquam
2748 3228 3006 3301 amplius
3046 3231 3566 3303 admiserit,neque

1918 3336 2120 3375 eorum
2152 3336 2281 3390 quis
2305 3318 2410 3374 tali
2441 3320 2749 3375 occasione
2778 3322 3110 3377 decreverat
3139 3327 3363 3379 mutare
3393 3322 3565 3393 quid-

1920 3425 2098 3479 quam
2132 3409 2200 3463 ad
2228 3409 2404 3463 ﬁnem
2441 3424 2627 3480 usque
2655 3408 2920 3465 voluerit.

1922 3524 2006 3577 10.
2041 3524 2104 3580 Ut
2137 3524 2401 3578 Arsenius
2423 3526 2483 3580 in
2510 3523 2861 3595 patriarchae
2890 3525 3159 3597 dignitate
3201 3527 3380 3583 adhuc
3434 3545 3567 3584 con-

1987 3598 2213 3722 gitudtus
2241 3598 2533 3651 restituere
2563 3599 2621 3651 in
2651 3597 2927 3667 integrum
2978 3598 3211 3654 voluerit
3256 3600 3569 3673 episwpum

2029 3684 2095 3721 ar
2139 3683 2343 3722 ensem.

1993 3764 2341 3836 Episcopum
2373 3780 2531 3834 vero,
2561 3769 2772 3836 praeter
2802 3766 3024 3836 priores
3064 3766 3197 3823 illos
3239 3768 3569 3827 Manuelem

1919 3853 2504 3909 Thessalonicensem
2521 3854 3343 3913 etAndronicumSardensem
3356 3859 3576 3924 ,nullus

1918 3942 2070 3997 alius
2093 3942 2353 3998 schisma
2385 3942 2653 3998 faciebat.
2708 3944 3097 3999 Andronicum
3152 3946 3467 4003 detonsum
3509 3949 3569 4003 in

1919 4030 2277 4087 monachum
2310 4031 2585 4102 superius
2609 4031 2887 4087 diximus.
2908 4032 3072 4087 Hunc
3093 4035 3570 4107 Arsenius,post-

1920 4136 2093 4190 quam
2118 4120 2430 4175 restitutus
2452 4120 2830 4191 patriarchali
2848 4120 3059 4178 throno
3089 4123 3219 4189 fuit,
3244 4123 3433 4179 sciens
3462 4142 3572 4182 sua

1917 4224 2099 4264 causa
2111 4208 2790 4280 expulsum,utexsilium
2806 4208 3578 4281 lucrifaceret,monasticam

1918 4302 2141 4353 vestem
2159 4297 2729 4370 induisse,reponere
2744 4298 2803 4353 in
2818 4304 3038 4354 statum
3059 4300 3372 4370 pristinum
3388 4303 3570 4359 voluit

1918 4387 2021 4442 sed
2054 4403 2168 4443 non
2192 4386 2378 4443 valuit
2408 4386 2659 4442 aliorum
2692 4388 2751 4442 in
2779 4387 2837 4443 id
2858 4388 3195 4444 antistitum
3214 4388 3421 4447 elicere
3442 4408 3573 4447 con-

1919 4492 2187 4533 sensum.
2220 4476 2331 4533 Res
2368 4476 2426 4529 in
2457 4475 2617 4531 hunc
2648 4481 2948 4532 transacta
2996 4478 3239 4533 modum
3292 4484 3397 4535 est.
3451 4481 3581 4553 Egit

1923 4571 2148 4622 secreto
2167 4566 2540 4622 Andronicus
2561 4582 2693 4621 cum
2722 4568 2956 4623 Arsenio
2987 4568 3197 4623 iterum
3229 4570 3583 4644 patriarcha,

225 4654 441 4711 Horum
463 4655 529 4710 in
548 4654 710 4711 hunc
732 4656 975 4711 modum
998 4659 1203 4711 contra
1220 4655 1615 4726 patriarcham
1638 4657 1811 4711 Arse-
1844 4648 1889 4713 D
1923 4660 1981 4711 et
2005 4671 2075 4711 ex
2104 4670 2171 4709 eo
2208 4654 2505 4710 intellexit
2537 4672 2638 4726 per
2668 4655 2864 4726 ipsum
2900 4673 3015 4712 non
3075 4662 3231 4714 stare
3260 4661 3581 4729 quominus

164 4740 315 4799 nium
346 4748 630 4799 actorum
645 4744 843 4815 magni
866 4744 1258 4814 ret‘erre,quin
1276 4745 1393 4798 imo
1418 4745 1817 4799 necessarium

164 4848 300 4900 esse,
353 4834 463 4905 qui
515 4839 764 4905 egerant
810 4833 1115 4905 putabant,
1149 4837 1214 4888 ut
1242 4833 1430 4889 ceteri
1478 4833 1821 4902 patriarchas

164 4927 424 4979 auctores
457 4922 671 4977 ﬁerent
695 4921 1247 4977 concordibusin‘ea
1265 4920 1565 4991 suffragiis
1587 4922 1819 4977 dandis.

163 5010 293 5067 Cum
324 5012 517 5085 igitur
549 5010 638 5066 illi
674 5014 739 5065 ut
760 5009 817 5065 id
845 5015 1176 5066 annuerent
1207 5014 1574 5081 rogarentur,
1617 5009 1822 5065 Antio-

165 5099 373 5157 chenns
405 5101 661 5173 quidem
685 5099 1037 5171 Euthymius
1069 5099 1239 5155 facile
1257 5115 1539 5155 assensus
1570 5104 1678 5155 est:
1703 5106 1826 5155 erat

165 5189 309 5248 enim
334 5190 497 5247 haud
546 5189 803 5245 obscure
855 5190 983 5260 jam
1040 5189 1184 5245 olim
1232 5189 1478 5244 Arsenio
1533 5188 1824 5255 infensus,

168 5279 308 5347 quod
338 5280 412 5335 ab
448 5280 590 5351 ipso
633 5277 696 5340 in
748 5277 1226 5334 communionem
1270 5294 1386 5332 non
1451 5278 1825 5342 reciperetur.

168 5363 340 5425 Causa
367 5369 680 5426 ferebatur
694 5366 878 5436 (haud
911 5366 1186 5439 equidem
1219 5364 1552 5421 definierim
1576 5383 1649 5421 an
1672 5382 1827 5433 vera,

170 5456 257 5511 sed
286 5457 439 5514 hanc
462 5464 675 5514 tamen
706 5455 925 5527 vulgus
974 5470 1247 5512 sermone
1285 5454 1642 5524 celebrabat)
1671 5456 1829 5527 quod

170 5544 559 5606 Antiochenus
591 5543 1103 5605 communicasset
1121 5543 1378 5616 quadam
1410 5544 1469 5598 in
1492 5560 1554 5600 re
1574 5560 1707 5600 cum
1729 5545 1833 5600 Ar-

172 5637 385 5694 meniis.
416 5638 627 5703 Quare
654 5634 812 5691 idem
854 5634 1163 5691 occasione
1210 5631 1455 5689 ultionis
1485 5632 1698 5705 cupide
1737 5650 1830 5689 ar-

174 5730 322 5800 repta
337 5723 890 5786 exanctorationem
916 5722 1235 5782 adversarii
1261 5720 1513 5781 libenter
1530 5722 1834 5796 amplexus

1929 4744 2204 4800 continuo
2234 4745 2502 4815 deposito
2542 4744 2886 4800 monachico
2916 4750 3163 4802 centone
3219 4748 3582 4820 episcopales

1930 4834 2144 4887 iterum
2177 4831 2395 4887 infulas
2420 4836 2700 4888 sumeret:
2720 4833 2853 4887 addi
2870 4834 3045 4889 modo
3066 4834 3137 4888 ad
3155 4850 3326 4890 suam
3351 4843 3583 4893 curaret

1935 4921 2171 4976 Patrum
2203 4937 2438 4992 quoque
2467 4937 2533 4977 ac
2559 4921 2767 4993 synodi
2798 4922 3179 4978 voluntatem.
3218 4924 3322 4980 His
3351 4926 3581 4982 Andro-

1935 5010 2104 5066 nicus
2125 5011 2375 5082 cognitis
2403 5010 2649 5081 experiri
2685 5011 2984 5083 negotium
3008 5012 3286 5080 decrevit;
3343 5020 3400 5069 et
3434 5031 3583 5086 qua-

1934 5100 2071 5154 dam
2090 5100 2202 5165 die,
2238 5114 2350 5169 qua
2380 5099 2716 5170 congregati
2735 5100 3025 5154 antistites
3044 5106 3211 5154 erant
3240 5118 3373 5157 cum
3398 5106 3583 5174 patri-

1934 5188 2111 5244 archa
2136 5188 2216 5243 rei
2249 5188 2901 5260 conscio,episcopalem
2934 5188 3199 5245 humeris
3248 5192 3583 5264 mandyam,

1937 5276 2113 5348 capiti
2144 5277 2389 5332 cidarim
2423 5277 2693 5347 imponit,
2725 5283 2783 5331 et
2812 5278 2897 5333 sic
2927 5279 2997 5332 ad
3040 5278 3193 5334 fores
3223 5280 3434 5337 sedens
3482 5298 3586 5353 po-

1940 5365 2127 5421 stulat
2147 5366 2399 5422 admitti.
2417 5365 2732 5421 Nuntiatur
2751 5366 3025 5422 Patribus
3047 5368 3321 5439 quis,quo
3360 5378 3592 5436 ornatu,

1942 5455 2084 5525 quid
2119 5460 2357 5526 peteret.
2392 5454 2705 5526 Displicuit
2741 5456 3040 5527 plerisque
3071 5473 3281 5513 ausum
3342 5476 3469 5516 esse
3502 5462 3591 5516 in-

1934 5544 2113 5614 jussu
2138 5543 2490 5598 monachum
2524 5544 2915 5615 episcopalem
2965 5561 3263 5602 resumere
3295 5555 3589 5604 ornatum.

1942 5638 2095 5706 Ergo
2126 5632 2424 5689 hominem
2456 5649 2745 5689 consensu
2772 5636 3114 5706 rejecerunt;
3139 5642 3195 5691 et
3221 5653 3352 5692 cum
3378 5638 3592 5711 aliquis

1947 5724 2263 5797 quamdam
2296 5723 2423 5794 ejus
2447 5722 2754 5795 epistolam
2785 5723 3149 5797 protulisset,
3200 5728 3294 5784 cui
3327 5728 3589 5801 seipsum
