4212 6442
600 381 708 439 719

1903 382 2206 440 GEORGII
2243 382 2707 439 PACHYMERB

3898 384 4016 440 720

598 500 918 581 ριϐἀλλεται
972 503 1058 557 καὶ
1116 501 1201 556 ἐπὶ
1277 501 1520 578 κεφαλῆς
1591 503 1690 568 τήν
1742 502 1886 574 ἱερὰν
1947 501 2236 556 ἐπιτίθεται
2269 507 2321 571 Α
2355 503 2611 570 ὑπήκοοι,
2673 500 2881 574 μηδένα
2927 509 3033 559 τῶν
3089 504 3341 559 ἀπάντων
3403 506 3558 577 ὑμῶν
3619 504 3702 560 ἐπὶ
3737 511 4010 561 τοσοῦτον

599 592 834 666 κίδαριν,
894 592 984 644 καὶ
1032 589 1308 652 καθεσθεὶς
1364 587 1462 660 ἔξω
1510 591 1697 664 καιρὸν
1745 589 1922 658 ἐζήτει
1964 588 2239 652 συνελθεῖν

599 688 668 756 τῇ
701 679 912 752 συνόδῳ
953 685 1033 750 τῷ
1078 680 1394 752 πατριάρχῃ
1447 675 1857 753 συνεδρευοῦσῃ.
1912 680 2000 738 Ὠς
2053 675 2098 730 δ’
2139 678 2240 751 ἠγ-

601 771 830 845 γέλλετο
883 773 950 842 τῇ
983 765 1192 839 συνόδῳ
1219 769 1284 821 τὰ
1323 768 1445 841 περὶ
1497 768 1699 823 τού-,ου
1731 767 2122 841 περιμένοντος
2153 766 2241 820 καὶ

601 862 997 935 ἀρχιερατικῶς
1056 855 1360 919 ἐστολίσθαι
1429 854 1766 926 εμάνθανον,
1827 855 1973 910 δεινά
2020 855 2239 910 ἐποίουν

599 951 689 1003 καὶ
744 949 840 1002 οὐκ
893 945 1090 1015 ἤθελον
1144 943 1414 1019 δέχεσθαι.
1476 947 1562 1006 Ὠς

596 1041 696 1107 τήν
747 1034 1043 1104 ἐπιστολὴν
1092 1034 1367 1111 ἐνεφάνιζε
1419 1036 1519 1102 τήν
1581 1032 1809 1105 ἐκείνου,
1842 1034 1892 1088 έν
1952 1033 2243 1105 ἥέπέγραο

599 1148 689 1204 φεν
741 1125 926 1180 ἑαυτὸν
1001 1123 1226 1184 οἰκείαις
1304 1123 1489 1197 χερσὶν
1543 1124 1865 1191 Ἀθανάσον,
1921 1122 2112 1177 αὐτίκα
2163 1126 2244 1193 τῷ

602 1220 696 1290 μὶν
756 1216 1070 1288 πατριάρχῃ
1112 1215 1211 1280 τὴν
1257 1219 1355 1267 τοῦ
1419 1215 1639 1287 βοηθεῖν
1688 1215 1866 1285 ὁρμὴν
1922 1207 2241 1284 ἠμϐλύσθαι

595 1306 685 1361 καὶ
733 1307 794 1359 τὸ
854 1304 984 1376 ὑπὲρ
1036 1303 1240 1356 ἐκείνου
1291 1302 1489 1376 θερμὸν
1542 1301 1774 1377 έψῦχθαι
1821 1297 2118 1367 συνέϐαινε,
2166 1304 2244 1370 τῷ

597 1394 645 1450 δ’
691 1395 1014 1448 ἀναγοπέντι
1064 1397 1381 1467 καθυφεῖναι
1426 1398 1528 1460 τῆς
1576 1389 1765 1464 πείρας
1811 1390 1901 1443 καὶ
1952 1389 2242 1464 ἀπραγμό-

594 1505 697 1544 νως
754 1481 988 1538 έντεῦτεν
1051 1478 1279 1553 διάγειν.
1348 1479 1521 1535 Ἀλλὰ
1577 1484 1744 1532 ταῦτα
1803 1480 1898 1550 μὲν
1950 1479 2239 1551 πρότερον·

589 1574 715 1629 τότε
747 1570 803 1627 δὲ
824 1570 1028 1625 πολλοὶ
1060 1575 1167 1624 τῶν
1199 1590 1257 1623 τε
1292 1573 1552 1642 μοναχῶν
1584 1568 1672 1622 καὶ
1703 1575 1805 1635 τῆς
1837 1564 2086 1627 λαώδους
2126 1564 2243 1638 μοί-

597 1682 692 1738 ρας
751 1661 1175 1734 ἀποσχισθέντες
1230 1660 1348 1712 κατ’
1406 1657 1600 1718 αὐτοὺς
1650 1656 2025 1731 συνελέγοντο,
2083 1680 2102 1705 ι
2153 1657 2240 1724 Μὴ

596 1755 705 1825 ἅψᾳ
757 1747 897 1822 μηδὲ
947 1749 1071 1822 θίγῃ
1103 1749 1164 1801 τὸ
1195 1747 1472 1821 παράπαν,
1505 1771 1532 1797 ››
1567 1745 1843 1819 λέγοντες,
1879 1768 1904 1798 ε
1938 1745 1996 1808 ’ὀς
2027 1744 2085 1798 ἂν
2119 1765 2245 1796 συν-

1625 943 1680 999 δέ
1736 967 1818 1005 τις
1878 945 2093 999 ἐκείνων
2153 943 2242 998 καὶ

2352 589 2505 658 ἥκειν
2537 587 2961 666 φρενοϐλαϐείας
3009 592 3148 647 ὥστε
3195 595 3270 665 μή
3319 594 3494 665 ἑαυτῷ
3545 593 3798 648 δύνασθαι
3854 602 4014 669 χρῆ-

2351 690 2471 741 σθαι
2522 676 2843 752 συμϐούλῳ,
2892 681 3037 736 ἀλλά
3063 687 3142 753 τῷ
3183 683 3378 745 πέλας.
3415 682 3477 740 Εἰ
3527 684 3631 759 γὰρ
3663 683 3754 738 καὶ
3784 686 3818 752 ἡ
3853 685 4008 757 παρὰ

2348 773 2456 821 τῶν
2490 767 2674 823 ἄλλων
2730 770 2904 844 βουλή
2956 767 3359 842 συλλαμϐάνειν
3410 773 3478 826 τὰ
3524 771 3755 826 πλεῖστα
3798 775 4012 849 πέφυκε

2349 862 2463 917 τοῖς
2519 858 2941 930 βουλευομένοις
2975 859 3166 934 (ταύτῃ
3199 861 3302 934 γάρ
3335 860 3424 914 καὶ
3456 856 3746 932 συμϐουλὴ
3783 859 4010 935 λέγεται

2352 943 2426 1004 εἷς
2481 946 2643 1000 ταυτὸ
2704 946 3081 1022 συναγομένων
3138 952 3341 1025 ἀμφοῖν
3394 954 3500 1003 τῶν
3557 947 3821 1024 βουλῶν),
3873 949 4011 1005 ἀλλ’

2352 1034 2642 1107 ἀναγκαῖον
2687 1040 2849 1090 τοῦτο
2899 1035 2981 1113 ἐφ’
3027 1039 3180 1098 ὅσοις
3231 1037 3315 1092 ἐπ’
3365 1033 3666 1112 ἀμφιϐόλῳ
3710 1045 3883 1094 κεῖται
3938 1039 4004 1093 τὸ

2357 1120 2797 1196 βουλευόμενον,
2857 1125 2930 1186 ὡς
2989 1127 3370 1202 ἀμφοτέρωθεν
3430 1124 3731 1202 λογισμοὺς
3781 1127 4002 1203 ἷσορῤό-

2352 1231 2485 1272 πους
2537 1215 2821 1280 κινεῖσθαι,
2881 1213 2975 1268 κᾶν
3037 1215 3228 1276 ὁποίας
3267 1236 3350 1276 τις
3403 1217 3629 1288 ἅψηται.
3683 1217 3798 1292 Ἐφ’
3851 1215 4006 1278 ὅσοις

2355 1297 2411 1354 δὲ
2443 1301 2768 1376 ὲτεροῤῥεπῆ
2801 1303 2869 1357 τὰ
2918 1307 3018 1367 τῆς
3076 1301 3256 1374 δόξης,
3318 1305 3393 1368 ὡς
3423 1304 3659 1368 ἐντεῦθεν
3714 1307 3811 1377 μὲν
3867 1307 4008 1377 μετά

2351 1394 2448 1444 τοῦ
2477 1390 2648 1445 καλοῦ
2705 1392 2794 1446 καὶ
2853 1393 2914 1446 τὸ
2969 1393 3168 1466 πάγιον
3229 1394 3628 1470 ἀναφαίνεσθαι,
3683 1393 3880 1449 ἐκεῖθεν
3944 1392 4006 1449 δὲ

2356 1476 2525 1546 δῆλον
2587 1480 2720 1534 εἶναι
2773 1481 2834 1535 τὸ
2895 1481 3162 1557 βλάπτον,
3208 1481 3388 1538 ἐκαῖον
3423 1479 3594 1544 ὅντως
3626 1484 3716 1537 καὶ
3749 1482 4004 1538 ἀλυσιτε-

2354 1569 2444 1629 λὲς
2523 1567 2801 1642 λογισμῶν
2877 1571 3187 1644 συντρόφων
3269 1573 3616 1647 ὑπερορῶντα
3680 1571 4004 1644 ἀλλοτρίοις

2355 1664 2616 1730 χρῆσθαι,
2649 1664 2731 1720 οἱς
2780 1657 2857 1713 ἔνι
2894 1661 2986 1731 μὲν
3022 1655 3277 1731 ἀϐουλία,
3312 1657 3388 1714 ἔνι
3423 1659 3468 1715 δ’
3496 1657 3670 1736 ὄρεξις
3698 1662 3835 1737 πρὸς
3865 1661 4004 1716 τού-

2351 1768 2467 1809 τοις
2495 1747 2586 1801 καὶ
2617 1749 2677 1802 τὸ
2709 1749 2849 1818 ξένον
2880 1748 2959 1804 ἀεί
3007 1751 3130 1804 ποτ’
3166 1750 3501 1824 ἀνάλγητον,
3550 1752 3623 1812 ὡς
3673 1751 3873 1812 παντὸς
3903 1755 4006 1806 τοῦ

593 1840 771 1908 αινοίη
829 1842 898 1910 τῇ
957 1836 1262 1909 καθαιρέσει
1322 1840 1418 1889 τοῦ
1475 1837 1822 1909 πατριάρχου
1868 1836 1903 1904 ἢ
1967 1835 2074 1905 μὴν
2122 1853 2239 1886 κοι-
2275 1872 2320 1936 Β
2354 1835 2558 1889 οἰκείου
2589 1836 2890 1913 πεφυκότος
2945 1838 3167 1907 πιέζειν,
3228 1844 3318 1894 Δεῖ
3366 1839 3545 1894 τοίνυν
3598 1860 3661 1913 γε
3716 1840 3806 1894 καὶ
3856 1841 4005 1912 ὑμᾶς

593 1929 797 1998 νωνοίη
846 1932 963 1987 τοῖς
1017 1930 1376 1980 συεθαινοῦσιν.
1429 1949 1457 1975 υ
1517 1924 1670 1980 ἈλΛ’
1725 1924 1752 1977 ὁ
1809 1921 2080 1997 βασιλεὺς,
2127 1921 2242 1976 ἐπεὶ

596 2019 696 2074 οὐκ
741 2022 805 2086 ἦν
845 2018 944 2085 τήν
994 2014 1318 2084 Ἐκκλησίαν
1378 2015 1715 2084 ἀποίμαντον
1780 2011 2075 2085 διαμένειν,
2126 2017 2242 2073 τοῖς

599 2109 694 2180 μὶν
765 2107 1108 2181 ἀρχιερεῦσιν
1177 2103 1344 2180 ἐφῆκε
1399 2103 1728 2179 ψηφίζεσθαι
1779 2103 1872 2156 τὸν
1935 2101 2081 2178 σφίσι
2145 2099 2238 2154 δο-

594 2201 815 2261 κοῦντα,
867 2195 1025 2254 αὐτὸς
1064 2191 1120 2247 δὲ
1171 2192 1304 2268 βαθύ
1353 2214 1404 2245 τι
1438 2196 1702 2266 συνορῶν,
1751 2191 1837 2244 καὶ
1888 2189 2238 2244 ἀναστέλλειν

595 2284 769 2340 θέλων
800 2286 865 2339 τὰ
909 2285 1208 2357 σχίσματα,
1237 2281 1446 2350 σύναξίν
1502 2303 1528 2333 τ
1606 2282 1795 2347 κοινὴν
1847 2277 2235 2353 παραγγέλλει,

593 2375 681 2428 καί
731 2375 942 2428 πάντων
999 2372 1049 2425 έν
1099 2376 1279 2441 ταυτῴ
1332 2369 1702 2442 συλλεγέντων
1757 2368 1815 2422 ἐκ
1855 2373 1952 2422 τοῦ
1997 2367 2236 2439 παραθύ-

595 2483 691 2535 ρου
721 2470 820 2532 τῆς
853 2462 1017 2516 αὐτοῦ
1069 2459 1296 2528 κέλλης,
1360 2460 1387 2513 ὃ
1449 2457 1513 2526 δὴ
1550 2460 1637 2512 καὶ
1670 2455 1916 2532 σιδηροῖς
1947 2461 2106 2511 τοῦτο
2144 2457 2236 2527 μὲν

596 2551 825 2625 ὀρθίοις,
883 2555 1043 2605 τοῦτο
1091 2547 1137 2603 δ’
1193 2547 1501 2622 έγκαρσίυις
1533 2545 2062 2620 περιεδρυφακτοῦτο
2121 2550 2239 2606 τοῖς

592 2642 814 2713 κάμαξι,
844 2641 1023 2714 λόγων
1056 2638 1260 2707 ἥπτετο
1290 2638 1428 2712 πρὸς
1457 2636 1651 2698 αὐτοὺς
1683 2633 1932 2692 τοιῶνδε.

599 2751 682 2804 ια’.
773 2746 1099 2822 Δημηγορία
1177 2750 1275 2800 τοῦ
1357 2743 1624 2834 βασιλέως
1701 2744 1825 2818 περὶ
1882 2747 1988 2796 τῶν
2049 2745 2239 2815 σχιζο-

1323 2837 1415 2889 μεν
1425 2837 1518 2871 ων.

666 2911 751 2982 [Ρ.
791 2911 912 2982 185]
967 2929 994 2962 ι
1050 2907 1190 2983 Ἐγὼ
1239 2905 1472 2978 νομίζω,
1524 2901 1568 2956 ὦ
1620 2910 1720 2972 τῆς
1770 2901 1908 2975 ἐμῆς
1961 2899 2238 2978 βασιλείας

596 3144 775 3183 manu
808 3125 1043 3198 propria
1091 3123 1478 3178 Athanasium
1539 3120 1945 3190 inscripserat,
2003 3117 2246 3189 contigit

2351 1930 2468 1987 τοῖς
2524 1923 2602 2001 ἐφ’
2659 1925 2858 1980 ἑαυτῶν
2919 1925 3214 2001 λογισμοῖς
3250 1929 3686 2002 προηγουμένως
3728 1932 4001 2003 χρῆσθαι,

2353 2015 2439 2067 καὶ
2492 2014 2634 2067 οὕτω
2667 2011 2978 2087 δοκιμάζειν
3009 2016 3134 2077 τοὺς
3163 2014 3376 2086 ἔξωθεν.
3413 2019 3512 2080 Ὃς
3543 2015 3600 2072 δὲ
3629 2021 3736 2072 τῶν
3771 2018 3999 2073 οἷγείων

2355 2103 2703 2179 ὑπερφρονῶν
2747 2104 2932 2158 ἑαυτὸν
2981 2111 3099 2169 τοῖς
3155 2102 3346 2175 ἔξωθεν
3397 2103 3774 2179 λογιζομένοις
3830 2109 4006 2181 παρέο

2349 2210 2438 2264 χει
2487 2192 2559 2251 ὡς
2591 2189 2645 2245 εἷ’
2693 2213 2743 2245 τι
2796 2191 2856 2246 ἂν
2909 2195 3119 2268 φέροιεν
3171 2193 3373 2248 ἐκεῖνοι
3417 2197 3715 2269 προσέξων,
3751 2197 3778 2249 ὁ
3808 2200 4001 2250 τοιοῦ-

2346 2301 2438 2341 τος
2497 2279 2791 2355 ὁμολογῶν
2844 2279 2976 2336 ἴστω
3034 2283 3109 2345 ὡς
3167 2280 3349 2359 ἄφρων
3383 2283 3494 2338 ἐστὶ
3550 2286 3612 2339 τὸ
3656 2287 3774 2339 καθ’
3805 2282 3997 2341 αὐτόν.

2347 2370 2621 2442 ’ἈφρονΟς
2680 2367 2736 2424 δὲ
2788 2370 3003 2433 πάντως
3061 2371 3122 2426 τὸ
3171 2374 3299 2444 μήτ’
3358 2372 3447 2448 ἀφ’
3506 2373 3697 2427 ἑαυτοῦ
3743 2374 4002 2441 συνιέναι,

2348 2459 2436 2512 καὶ
2492 2459 2554 2512 τὸ
2605 2460 2692 2513 καὶ
2725 2481 2806 2521 τις
2839 2462 2926 2515 καὶ
2975 2465 3082 2514 τῶν
3117 2459 3306 2533 ἔξωθεν
3359 2461 3532 2536 λέγοι,
3567 2464 3642 2534 μὴ
3692 2461 3994 2535 διακρίνειν

2350 2544 2546 2601 εἰδέναι
2600 2549 2661 2602 τὸ
2706 2545 2948 2624 κρεῖττόν
2980 2571 3040 2604 τε
3068 2551 3156 2605 καὶ
3187 2552 3248 2605 τὸ
3279 2556 3489 2626 χεῖρον·
3523 2551 3612 2605 καὶ
3647 2551 3840 2607 λοιπὸν
3871 2550 4003 2607 οὐδὲ

2348 2642 2448 2704 τῆς
2487 2635 2709 2710 θυραίας
2756 2636 2944 2710 ἐκείνῳ
2999 2635 3321 2710 συμϐουλῆς
3372 2636 3596 2716 ὄφελος.
3629 2642 3711 2696 Τά
3742 2638 3836 2694 οὖν
3871 2643 4004 2712 ξυμ-

2349 2724 2582 2779 πεσόντα
2639 2723 2821 2781 οί’δατε
2876 2727 3133 2798 πάντως,
3207 2728 3296 2783 καὶ
3353 2726 3504 2784 οὐδὲν
3567 2729 3618 2800 ἐξ
3665 2731 3826 2801 ἡμῶν
3886 2734 4000 2783 τῶν

2348 2812 2652 2887 γενομένων
2701 2816 3040 2889 κέκρυπται·
3102 2817 3190 2872 ἰπὶ
3245 2818 3424 2890 τούτῳ
3478 2818 3584 2893 γὰρ
3643 2817 3732 2872 καὶ
3793 2818 4005 2890 ᾠκονο-

2351 2907 2506 2975 μεῖτο
2556 2905 2589 2972 ἡ
2651 2902 2728 2980 ἐφ’
2763 2904 2970 2978 ἑκάστῳ
3033 2907 3184 2980 ὑμῶν
3217 2905 3464 2962 ἐνταυθοῖ
3518 2904 3821 2981 συνδρομὴ,
3855 2906 4004 2962 οὕτω

2355 3120 2622 3175 consilio.
2657 3121 2776 3176 Etsi
2823 3122 2978 3177 enim
3014 3121 3262 3178 aliorum
3298 3122 3643 3178 sententiam
3703 3124 4014 3195 exquirere

598 3216 936 3287 patriarchae
969 3229 1201 3285 quoque
1233 3208 2238 3282 ipsijuvandiejushebetariimpe—
2273 3239 2316 3303 Ο
2355 3224 2418 3261 ac
2450 3225 2581 3263 cum
2640 3227 2747 3264 sua
2805 3211 3068 3265 conferre
3127 3211 3518 3267 deliberantes
3575 3211 3787 3276 solent,
3830 3212 4005 3303 Aunde

599 3311 724 3360 tum
749 3310 804 3360 et
822 3304 997 3359 studii
1023 3319 1160 3373 erga
1181 3318 1312 3356 eum
1339 3301 1710 3370 refrigescere
1733 3298 2026 3364 ardorem,
2047 3296 2241 3367 ipsum

601 3411 737 3449 vero
770 3392 1104 3466 perculsum
1155 3389 1371 3444 infelici
1400 3404 1672 3443 successu
1709 3388 1776 3441 ad
1813 3386 2065 3456 quietem
2098 3386 2248 3449 vitae,

597 3500 770 3555 quam
794 3484 1008 3536 frustra
1025 3485 1293 3535 excutere
1328 3479 1479 3534 273
1509 3481 1850 3542 tentaverat,
1875 3474 2246 3529 constantius

592 3576 868 3645 deinceps
883 3589 972 3626 am
985 3570 1348 3644 plectendam
1364 3569 1645 3624 domitum
1667 3565 1902 3636 repulsa
1916 3569 2245 3620 convertere

597 3663 883 3718 animum.
917 3663 1027 3716 Sed
1071 3659 1190 3714 hazc
1242 3658 1404 3728 prius
1465 3662 1798 3710 evenerant.
1830 3659 1990 3708 Tunc
2048 3658 2240 3708 autem

599 3753 767 3808 multi
793 3751 1062 3807 monachi
1095 3754 1150 3803 et
1178 3747 1306 3803 laici
1339 3763 1369 3800 e
1430 3745 1610 3815 plebe,
1662 3744 2071 3799 abscindentes
2118 3757 2242 3797 sese

599 3842 1051 3899 acommunione
1083 3855 1282 3894 eorum
1333 3837 1428 3906 qui
1457 3837 1880 3889 damnaverant
1907 3831 2238 3897 Arsenium,

596 3931 840 3988 seorsim
873 3930 1289 3992 convenerunt,
1323 3929 1379 3978 et
1408 3923 1646 3993 vulgare
1675 3937 1908 3977 carmen
1965 3935 2236 3974 aversan-

590 4021 739 4075 tium
767 4035 939 4075 usum
972 4015 1510 4084 commerciumque
1545 4013 1918 4082 profanorum
1960 4009 2240 4063 adhiben-

589 4111 728 4164 dum
762 4109 872 4162 sibi
909 4123 1061 4160 nunc
1094 4107 1164 4158 ad
1197 4103 1592 4158 excludendos
1622 4117 1731 4154 ase
1764 4097 2238 4168 reliquossanxe-

586 4206 742 4254 runt:
770 4222 796 4246 ‹‹
821 4199 902 4253 Ne
924 4201 1162 4258 tractes,
1183 4215 1203 4244 ιι
1222 4194 1537 4256 dicentes,»
1562 4207 1631 4244 ne
1655 4197 1883 4260 tangas,
1902 4205 1973 4243 ne
1994 4188 2234 4243 omnino

585 4290 655 4343 ad
679 4287 857 4343 ullam
891 4283 1339 4340 consuetudinis
1364 4286 1582 4350 partem
1608 4279 1888 4334 admittas
1922 4276 2106 4331 ullum
2139 4293 2234 4332 eo-

582 4377 844 4448 rum_qui
880 4375 964 4428 vel
999 4372 1342 4444 patriarchas
1380 4368 1913 4424 exauctorationem
1949 4367 2231 4436 probave-

579 4467 697 4521 rint
723 4466 806 4520 vel
852 4461 1235 4535 probantibus
1279 4457 1862 4514 communicaverint.
1889 4477 1916 4504 »
1950 4455 2230 4509 Caeterum

577 4551 1253 4626 imperatorintelligens
1277 4566 1388 4602 non
1425 4563 1597 4618 posse
1629 4544 1881 4616 relinqui
1907 4543 2226 4598 Ecclesiam

2355 3296 2616 3352 Graecum
2652 3299 2897 3353 consilio
2941 3315 3151 3354 nomen
3203 3305 3398 3354 ortum
3450 3306 3559 3364 est,
3615 3306 3680 3354 ut
3709 3293 4002 3369 συμϐουλή

2355 3385 2646 3440 diceretur
2675 3388 2841 3456 quasi
2873 3387 3295 3442 sententiarum
3318 3389 3374 3442 in
3401 3405 3582 3442 unum
3607 3387 3840 3443 collatio
3855 3390 4007 3444 dua-

2355 3480 2727 3540 rum,tamen
2761 3477 2814 3529 id
2850 3482 3076 3530 tantum
3109 3477 3299 3531 locum
3334 3476 3512 3532 habet
3541 3477 3600 3531 in
3645 3479 3820 3532 rebus
3853 3495 4009 3546 qua-

2351 3580 2482 3618 rum
2508 3565 2562 3618 in
2588 3565 2863 3637 ambigno
2886 3567 3098 3635 pendet
3115 3567 3428 3633 judicium,
3447 3567 3685 3636 paribus
3703 3567 4006 3637 utrimque

2350 3653 2716 3721 argumentis
2749 3653 2939 3707 aiendi
2977 3655 3346 3725 negandique
3399 3655 3686 3708 incertum
3747 3654 4003 3726 eligendi

2349 3741 2653 3796 arbitrium
2680 3741 3050 3798 librantibus.
3087 3742 3192 3798 Ubi
3225 3748 3417 3800 autem
3465 3743 3622 3798 haud
3680 3744 3877 3799 dubiis
3938 3745 4000 3800 in

2348 3827 2572 3885 lancem
2597 3830 2839 3885 alteram
2875 3832 3187 3887 momentis
3212 3833 3364 3888 274
3397 3835 3483 3886 fas
3515 3838 3572 3887 et
3599 3849 3833 3902 aequum
3868 3850 4003 3888 ver-

2346 3919 2454 3989 git,
2485 3921 2626 3975 adeo
2660 3920 2886 3976 uthinc
2937 3922 3171 3992 quidem
3228 3922 3533 3977 manifeste
3579 3921 3888 3977 honestum
3943 3927 4004 3978 et

2346 4013 2542 4063 tutum
2577 4015 2855 4080 appareat
2886 4012 3038 4080 quod
3077 4012 3440 4082 proponitur,
3473 4011 3635 4066 illinc
3693 4012 3847 4082 quod
3899 4028 4000 4067 os-

2344 4098 2602 4151 tenditur
2631 4099 2928 4153 evidenter
2951 4100 3190 4154 noxium
3223 4105 3516 4167 cernatur,
3541 4105 3667 4154 tum
3691 4101 3995 4155 enimvero

2340 4201 2554 4240 vanum
2589 4187 3108 4259 inconsultumque
3140 4190 3216 4244 sit
3246 4188 3577 4259 quempiam
3609 4189 3809 4243 innato
3847 4189 3996 4244 inti-

2339 4291 2554 4346 moque
2589 4281 2805 4330 natura
2839 4294 2903 4332 ac
2947 4280 3125 4333 menti
3184 4278 3432 4349 propria
3489 4294 3666 4332 sensu
3725 4277 3998 4333 abdicato

2340 4363 2547 4418 alienis
2581 4365 2661 4418 uti
2695 4365 2977 4431 consiliis,
3031 4367 3250 4436 quibus
3282 4367 3435 4422 inest
3493 4367 3731 4437 quidem
3765 4369 3997 4438 impru-

2337 4452 2555 4518 dentia,
2615 4454 2764 4509 inest
2803 4460 2859 4508 et
2910 4456 3227 4526 cupiditas,
3289 4461 3681 4527 praetereaque
3755 4456 4000 4528 prurigo

2337 4544 2612 4599 novitatis
2642 4551 2698 4599 et
2727 4545 2994 4614 quaedam
3041 4547 3378 4602 malesuada
3430 4547 3674 4602 dulcedo
3724 4545 3998 4617 inexper-

571 4613 698 4701 sine
729 4648 980 4716 pastore,
1003 4613 1343 4696 electionem
1370 4613 1710 4706 patriarchae
1755 4613 1952 4688 liberis
1994 4632 2228 4688 antisti-
2259 4613 2301 4677 Π
2335 4636 2529 4687 torum
2557 4671 2572 4697 ,
2631 4613 2894 4704 inquieto
2952 4636 3264 4704 conjuncta
3332 4635 3500 4690 tzedio
3565 4613 3878 4690 solitarum
3939 4640 4000 4690 et

567 4739 696 4790 tum
731 4732 1028 4803 suffragiis
1062 4727 1482 4800 permisit.lpse
1506 4725 1684 4779 altius
1708 4729 1989 4794 reputans
2024 4722 2218 4794 perni-
2330 4723 2812 4794 quotidianarum
2847 4740 3064 4778 rerum.
3101 4722 3454 4779 Faciendum
3497 4723 3678 4795 igitur
3709 4723 3870 4779 vobis
3901 4728 4000 4780 est

565 4826 713 4881 ciem
765 4823 1176 4886 schismatum,
1227 4816 1276 4872 si
1329 4832 1494 4871 ruere
1545 4815 1646 4886 qui
1695 4829 1888 4868 errare
1933 4811 2219 4883 coeperint
2329 4819 2393 4866 ut
2415 4816 2549 4867 ante
2579 4813 2775 4867 omnia
2804 4813 3014 4867 vestris
3047 4812 3311 4883 ipsorum
3338 4813 3996 4882 mentibusacjudiciis

564 4915 856 4978 sinantur,
883 4911 1158 4965 concione
1189 4907 1381 4961 omnis
1411 4905 1639 4976 generis
1664 4901 1969 4957 hominum
1993 4905 2212 4968 vocata,
2327 4901 2666 4956 auctoribus
2697 4902 2970 4968 utamini,
3003 4907 3060 4958 et
3089 4902 3161 4956 ad
3196 4900 3405 4956 borum
3455 4919 3700 4957 examen
3745 4901 3990 4957 vocetis.

558 5021 588 5060 e
622 5005 875 5059 fenestra
904 4998 1155 5056 cubiculi
1187 4995 1473 5052 clathrata
1507 4994 1677 5059 ferro,
1700 4997 1888 5046 rectas
1914 4997 2213 5046 transvsr—
2326 5007 2455 5061 quae
2485 4990 2647 5044 vobis
2674 4989 2910 5046 aliunde
2925 4996 3345 5062 suggeruntur.
3366 4990 3513 5046 Nam
3530 4991 3628 5062 qui
3649 4991 3773 5046 suis
3793 4989 3988 5061 ipsius

554 5094 634 5148 sis
662 5090 1012 5147 decussatim
1071 5086 1441 5143 nectentibus
1468 5083 1650 5152 virgis
1708 5081 1950 5135 invicem
2010 5097 2122 5152 que
2155 5081 2210 5135 in
2325 5079 2876 5136 ratiocinationibus
2908 5081 3163 5150 rejectis,
3198 5079 3436 5135 aliunde
3477 5080 3689 5136 oblatis
3733 5081 3992 5136 advertit

553 5182 735 5238 cratis
794 5181 1043 5235 formam
1095 5173 1388 5246 implexis,
1445 5172 1600 5226 hunc
1634 5171 1815 5225 ferme
1846 5169 1905 5224 in
1965 5171 2208 5225 modum
2321 5170 2584 5224 animum
2617 5169 2937 5225 otinhaaret
2971 5170 3238 5237 obnoxie,
3264 5170 3313 5225 is
3354 5186 3496 5225 sane
3527 5169 3837 5225 habendus
3871 5187 3980 5240 pro

552 5273 841 5328 disserere
866 5283 1037 5324 orsus
1070 5271 1183 5321 est.
2319 5259 2533 5314 fatente
2556 5275 2618 5314 se
2644 5258 2891 5314 stultum
2916 5259 3201 5330 etjudicii
3219 5266 3535 5331 expertem.
3561 5259 3736 5315 Stulti
3756 5260 3983 5333 quippe

2317 5366 2384 5404 ac
2409 5347 2633 5418 judicio
2664 5349 2928 5404 destituti
2962 5349 3202 5405 omnino
3229 5354 3320 5405 est
3358 5349 3506 5404 nihil
3554 5366 3624 5405 ex
3661 5365 3723 5405 se
3755 5348 3988 5404 intelli-

2316 5454 2470 5508 gere,
2503 5438 2604 5492 sed
2637 5437 2928 5510 quidquid
2961 5438 3199 5493 aliunde
3230 5439 3474 5494 offertur
3517 5454 3667 5494 caeca
3722 5438 3986 5494 creduli-

2314 5531 2434 5583 tate
2467 5526 2746 5598 recipere,
2773 5526 2985 5584 melius
3010 5529 3068 5583 id
3093 5528 3171 5584 sit
3199 5545 3271 5583 an
3327 5529 3494 5599 pejus
3549 5527 3695 5583 nihil
3757 5528 3986 5584 discer-

2315 5617 2531 5672 nendo.
2564 5615 2688 5670 Tali
2719 5621 2913 5672 autem
2941 5634 3055 5673 non
3077 5617 3244 5673 video
3267 5617 3406 5687 quid
3427 5621 3980 5691 prositsuggestum

2316 5707 2388 5764 ab
2420 5706 2533 5763 alio
2564 5707 2899 5764 consilium.
2941 5708 3075 5774 Qua
3131 5723 3318 5780 nuper
3374 5709 3750 5781 contigerunt
3805 5707 3976 5767 scitis

689 5411 773 5466 li.
811 5409 998 5468 Oratio
1029 5407 1378 5479 imperatoris
1410 5404 1473 5459 de
1503 5403 1803 5458 schismate
1831 5401 2060 5457 avulsis.

621 5536 958 5608 «Equidem
999 5533 1290 5599 existimo,
1351 5548 1382 5587 ο
1444 5545 1572 5584 meo
1625 5527 1872 5598 imperio
1928 5527 2203 5599 subjecti,

547 5627 841 5682 neminem
866 5624 1128 5679 omnium
1154 5625 1412 5676 vestrum
1433 5635 1498 5674 eo
1529 5617 1796 5674 stultitia:
1817 5618 2201 5687 processisse,

543 5722 611 5776 ut
648 5734 766 5773 non
819 5732 926 5772 suo
957 5714 1167 5786 ipsius,
1200 5712 1302 5768 sed
1351 5709 1596 5769 alterius
1646 5707 1842 5764 solum
1888 5707 1969 5763 uti
2013 5707 2202 5779 possit
