4246 6446
165 412 267 466 721

1243 410 1338 464 DE
1372 408 1749 465 MICHAELE
1785 404 2229 463 PALBOLOGO
2263 407 2399 461 LIB.
2438 407 2537 463 IV.

3475 405 3582 461 7‘22

163 536 261 587 τοῦ
320 534 592 608 ἡμετερου
640 529 997 596 κελεύσαντος
1051 528 1301 605 κράτους.
1364 534 1541 587 Τοῦτο
1594 530 1695 603 γὰρ
1728 529 1817 582 καὶ
1850 536 1900 601 Α
1929 525 2029 601 γὰρ
2059 528 2147 581 καὶ
2177 547 2258 589 τις
2288 525 2745 597 σκανδαλισθείη;
2798 528 2880 582 ὅτι
2932 522 3363 599 μεταλλάττεταί
3393 549 3444 583 τι
3475 536 3579 600 τῆς

165 620 369 676 ἄλλοτε
390 617 604 691 ξυνὲὗη.
639 620 797 689 Πλὴν
846 622 906 675 τὸ
937 620 1024 675 ἐπὶ
1072 625 1190 681 ταῖς
1241 620 1440 681 αἰτίαις
1492 617 1815 672 διαλλάττον

163 705 528 787 ἀμφισϐητεῖν
589 710 805 784 παρέξει
862 708 995 765 τισί.
1054 708 1193 766 Τότε
1256 709 1349 781 μὶν
1405 706 1495 763 οὖν
1557 705 1815 779 ἐθελίμου

162 798 602 873 παραιτουμένου
631 802 728 853 τοῦ
760 798 846 853 ἐπὶ
892 805 993 867 τῆς
1021 798 1387 874 πατριαρχίας
1437 793 1592 851 ὄντος
1645 792 1816 859 ἄλλος

162 886 603 950 ἀντικαθίστατο·
664 892 756 940 νῦν
807 883 864 941 δὲ
921 886 1010 941 καὶ
1044 886 1131 941 ἐπὶ
1186 884 1503 963 κεφαλαίοις
1561 887 1811 958 καθαιρε-

156 976 362 1040 Θὲντος,
409 976 483 1036 ὡς
530 972 735 1043 οἷ’δατε,
783 973 955 1029 ἄλλον
1008 975 1400 1049 ἐγκαταστῆναι
1448 975 1511 1028 τὸ
1557 972 1701 1035 εἰκὸς
1731 969 1811 1024 δί-

158 1062 348 1121 δωσιν.
398 1066 465 1121 Ὀ
520 1068 647 1139 γοῦν
699 1063 758 1117 ἐκ
815 1068 910 1117 τοῦ
960 1062 1327 1139 παρελθόντος
1385 1060 1618 1139 ἐσφάλη,
1649 1059 1809 1113 τοῦτο

153 1153 291 1225 πρὸς
325 1153 387 1207 τὸ
423 1149 631 1223 μέλλον
686 1151 969 1227 βέλτιστον
1016 1156 1466 1225 προοικονομεῖν.
1508 1150 1638 1203 Τότε
1692 1148 1807 1202 τοί-

155 1262 245 1294 νυν
278 1243 422 1302 τινες
452 1246 560 1295 τῶν
595 1248 692 1310 τῆς
735 1239 1027 1315 ὀχλώδους
1081 1239 1281 1315 μοίραᾶ
1329 1241 1415 1294 καὶ
1470 1236 1804 1293 ἀπαιδεύτων

152 1331 234 1391 οἷς
267 1333 302 1399 ἠ
340 1331 557 1406 ταραχή
588 1338 687 1399 τῆς
748 1328 1076 1397 Ἐκκλησίας
1128 1330 1425 1401 ἆσμὲνισις,
1484 1324 1805 1402 παρεισδυό-

152 1440 308 1491 μενοι
359 1425 480 1482 ταῖς
526 1424 634 1473 τῶν
693 1420 993 1490 ἀνθρώπων
1056 1418 1252 1479 οἰκίαις
1314 1437 1583 1490 πορισμεν
1643 1415 1797 1487 εἶχον

150 1507 389 1571 ἐντεῦθεν
442 1513 504 1561 τὸ
563 1507 794 1581 σχίσμα.
858 1510 943 1579 [Ρ.
1007 1508 1129 1578 186]
1192 1506 1299 1562 Κᾶν
1364 1508 1602 1577 μετῇμεν
1662 1502 1801 1557 ἐκεί-

146 1617 289 1666 νους,
328 1596 372 1651 εἷ
439 1600 579 1669 μήτε
624 1596 685 1650 τὸ
720 1597 899 1671 βραχὺ
950 1600 1049 1649 τοῦ
1100 1600 1294 1668 καιροῦ
1353 1594 1575 1654 ἐκείνοις
1614 1613 1673 1646 τε
1700 1599 1800 1660 τῆς

145 1684 367 1755 ἀταξίας
409 1686 499 1739 καὶ
551 1687 687 1757 ἡμῖν
718 1693 818 1754 τῆς
849 1683 1236 1758 ἐπεξελεύσεως
1290 1680 1546 1755 ἐμποδὼν
1603 1681 1799 1753 ὡρμη-

150 1778 335 1849 μένοις
398 1772 559 1845 ἔστη.
612 1776 873 1831 Τοιοῦτόν
930 1795 982 1828 τι
1041 1774 1132 1828 καὶ
1175 1774 1241 1827 τὰ
1294 1776 1387 1827 τῦν
1441 1770 1799 1825 ὑποπτεύεται

141 1866 405 1941 γίνεσθαι·
444 1863 505 1918 οὐ
535 1865 633 1938 γὰρ
692 1863 983 1919 ἀπόλωλεν
1016 1865 1051 1933 ἡ
1082 1863 1292 1933 ἀταξία,
1341 1862 1413 1924 ὥς
1453 1882 1604 1923 τινας
1652 1861 1800 1915 ἐπει-

145 1953 477 2028 λημμένους
528 1952 702 2015 α’ἷτίας
761 1952 926 2008 πάλιν
978 1947 1261 2007 ἀνασοϐεῖν
1303 1952 1390 2006 καὶ
1422 1952 1520 2020 τὴν
1563 1948 1802 2019 Ἐκκλη-

156 2043 276 2098 σίαν
304 2047 404 2098 τοῦ
436 2047 570 2097 Θεοῦ
626 2044 837 2117 σχίζειν
892 2048 1196 2116 πειρᾶσθαι.
1246 2041 1324 2097 Τὸ
1378 2045 1505 2116 γοῦν
1565 2038 1800 2101 ἐκείνους

152 2140 361 2204 ζητεῖν,
395 2133 553 2207 φύσιν
604 2128 832 2207 ἔχοντας
892 2131 1137 2205 ἄντικρυς
1179 2130 1228 2203 ἐξ
1262 2129 1487 2202 ἐθισμοῦ
1546 2133 1803 2203 συνεχοῦς

143 2228 266 2284 ταῖς
330 2222 563 2297 γωνίαις
614 2218 1046 2295 ὲπηλυγάζεσθαι
1097 2222 1186 2274 καὶ
1217 2217 1491 2296 κρυφηδὸν
1532 2220 1594 2273 τὸ
1626 2217 1798 2271 αὐτῶν

156 2313 417 2384 πράττειν
451 2307 633 2387 ἔργον,
682 2309 873 2371 ἄλλως
933 2307 988 2364 δὲ
1021 2330 1083 2384 γε
1133 2308 1220 2362 καὶ
1278 2307 1551 2383 περιττόψ
1610 2312 1725 2367 τοῖς
1754 2304 1802 2361 δ’

147 2401 523 2475 ὑπαγομένοις
576 2398 746 2460 οὕτως
778 2394 1032 2461 ἀϐούλως
1089 2403 1205 2461 τοῖς
1254 2397 1464 2451 ἐκείνων
1514 2395 1801 2471 ὀαρισμοῖς

144 2493 460 2565 προπιμᾷν
519 2494 626 2543 τῶν
689 2489 980 2565 χειρίστων
1041 2488 1103 2543 οὗ
1160 2490 1553 2561 κατονήσομεν.
1617 2486 1707 2547 Εἷς
1746 2484 1798 2540 τί

152 2727 363 2767 omnes
403 2728 415 2765 :
464 2710 613 2767 nihil
667 2728 871 2767 eorum
917 2727 1277 2783 quemquam
1324 2714 1584 2765 vestrum
1630 2707 1802 2763 latet.

152 2802 381 2857 ldcirco
426 2802 539 2855 huc
572 2800 979 2870 concurristis,
1031 2803 1271 2855 vocante
1302 2816 1367 2854 ac
1402 2799 1648 2869 jubente
1688 2813 1803 2853 me.

148 2890 317 2953 Quod
356 2890 570 2945 factum
604 2889 777 2943 modo
804 2894 915 2957 est,
947 2889 1273 2960 contigerat
1301 2894 1359 2942 et
1390 2887 1556 2943 alias.
1590 2887 1804 2941 Verum

156 2977 449 3034 similium
482 2982 798 3033 eventuum
833 2979 1079 3032 duorum
1125 2978 1364 3031 diversae
1395 2993 1583 3032 causa:
1615 2975 1806 3030 ambi-

150 3069 441 3141 guitatem
476 3068 728 3138 objicere
748 3068 1101 3137 quibusdam
1124 3072 1380 3138 possent.
1404 3066 1567 3120 Tunc
1582 3066 1809 3137 quidem

149 3157 201 3210 ei
237 3155 346 3226 qui
374 3155 705 3210 voluntarie
727 3156 1074 3227 dignitatem
1098 3154 1543 3226 patriarchalem
1566 3154 1807 3208 abdica-

148 3250 342 3313 verat,
374 3244 733 3316 subrogatus
766 3253 853 3300 est
887 3260 1231 3299 successor:
1269 3260 1425 3299 nunc
1443 3260 1576 3298 cum
1600 3244 1673 3297 ob
1694 3242 1803 3297 cri-

150 3428 274 3478 teat
310 3439 418 3493 par
449 3428 507 3477 et
547 3440 781 3494 equum
813 3428 905 3478 est
944 3439 1289 3494 praecavere,
1323 3439 1393 3477 ne
1423 3422 1579 3493 quod
1623 3421 1811 3492 priore

146 3512 253 3568 illa
304 3511 489 3567 simili
530 3511 837 3567 occasione
871 3528 1175 3583 perperam
1212 3517 1408 3567 actum
1442 3517 1551 3579 est,
1596 3512 1809 3564 iterum

154 3601 268 3657 hoc
329 3606 594 3672 tempore
643 3606 986 3656 attentetur.
1040 3602 1207 3655 Tunc
1257 3601 1407 3657 275
1462 3600 1700 3670 quidam
1761 3602 1817 3652 et

154 3688 506 3743 turbulento
538 3705 749 3761 genere
781 3690 1149 3744 indoctorum
1184 3689 1515 3754 hominum,
1547 3704 1693 3757 quos
1722 3690 1839 3742 de-'

154 3778 340 3833 lectat
371 3777 638 3833 Ecclesia
686 3778 1004 3840 tumultus.
1052 3778 1425 3833 insinuantes
1447 3794 1510 3832 se
1540 3776 1821 3832 domibus

156 3868 416 3921 fructum
474 3865 612 3922 inde
649 3866 798 3938 ipsis
845 3872 1115 3938 optatum
1163 3866 1423 3921 schisma
1469 3865 1816 3920 retulerunt.

158 3954 571 4011 Describerem
629 3955 1130 4027 informaremque
1169 3955 1404 4026 plenius
1445 3956 1689 4026 quinam
1731 3952 1817 4007 illi

163 4044 433 4111 fuerunt,
468 4044 577 4098 nisi
613 4060 790 4115 quam
825 4045 969 4099 mihi
1002 4044 1336 4116 praescripsi
1368 4045 1655 4106 brevitas,
1685 4042 1821 4099 illos

162 4134 390 4189 honore
422 4134 741 4189 mentionis
774 4140 1008 4200 nostrae,
1028 4151 1136 4191 nos
1165 4134 1363 4190 labore
1385 4136 1455 4189 de
1487 4133 1558 4189 iis
1584 4138 1710 4188 l'use
1732 4133 1819 4187 di-

162 4224 359 4289 cendi,
392 4221 528 4277 licet
557 4224 627 4279 ad
661 4223 718 4278 id
757 4233 1058 4296 promptos
1080 4223 1512 4295 inclinatosque
1543 4222 1820 4295 prohibe-

164 4317 275 4367 ret.
320 4313 595 4368 Iteranda
623 4329 781 4368 nunc
812 4313 933 4370 fore
964 4330 1093 4385 quis
1124 4319 1265 4369 tunc
1295 4320 1423 4368 acta
1453 4313 1594 4380 sint,
1638 4326 1823 4384 prona

164 4400 550 4472 prudensque
580 4402 842 4472 suspicio
873 4407 963 4458 est
988 4420 1000 4457 :
1034 4418 1149 4457 non
1175 4403 1328 4456 enim
1357 4402 1707 4472 perversitas
1724 4417 1820 4455 exe-

162 4488 381 4543 stincta
403 4496 491 4543 est
522 4489 811 4545 funditus.
846 4488 1069 4559 Facile,
1100 4489 1376 4561 inquam,
1410 4496 1500 4545 est
1532 4490 1820 4561 quosdam

158 4577 517 4648 arripientes
540 4578 908 4633 occasionem
941 4580 1209 4644 nocendi,
1236 4579 1585 4634 conturbare
1608 4580 1821 4633 iterum

1830 1910 1876 1973 ll

1840 3289 1882 3355 C

151 3333 319 3388 mina
350 3334 625 3404 depositi,
657 3340 722 3389 ut
752 3333 940 3405 scitis,
967 3333 1159 3389 locum
1180 3332 1346 3389 alteri
1370 3334 1625 3387 tribuere
1645 3348 1808 3403 opor-
1840 3332 1907 3377 υ.

1928 613 2089 684 δόξης
2120 616 2269 687 αὐτῷ
2304 637 2316 685 ;
2358 616 2517 673 Ἀλλ’
2565 614 2718 670 οὐδὲν
2773 621 2882 671 τῶν
2930 617 3210 691 ἡμετέρων
3262 614 3575 691 παραϐἐϐα-

1925 724 2065 772 σται,
2094 707 2168 776 μή
2197 702 2263 774 δή
2285 726 2335 758 τι
2359 705 2447 758 καὶ
2468 701 2806 778 παραϐαθείη
2826 706 2887 760 τὸ
2906 705 3158 765 σύνολον.
3185 705 3341 762 Ἀλλ’
3366 709 3447 761 δτι
3468 712 3569 761 τοῦ

1925 796 2189 863 συνήθους
2221 792 2565 868 ἐξέστραπται
2597 814 2609 863 ;
2645 794 2802 849 Ἀλλ’
2833 793 2984 849 οὐδὲν
3018 793 3138 869 ἔχοι
3172 793 3232 848 ἂν
3259 816 3340 856 τις
3372 796 3565 866 εἰπεῖν,

1919 881 2015 935 κάν
2048 883 2238 937 πολλὰ
2266 884 2453 954 κάμοι.
2490 882 2648 939 Ἀλλ’
2703 883 2786 937 ὅτι
2822 885 2923 937 ὑπὸ
2965 886 3197 955 ηοιμὲνα
3256 889 3562 954 τελοῦντες,

1920 970 2125 1026 ἐκείνου
2155 973 2611 1044 παρακινήοέντος
2659 972 2832 1033 αἰτίας
2874 975 3103 1040 ἱκαναῖς,
3137 971 3312 1026 ἄλλου
3360 974 3425 1027 τὸ
3456 995 3559 1028 πα-

1917 1063 2091 1133 ραπαν
2124 1060 2222 1114 ούκ
2267 1062 2623 1133 εὐμοιρήσετε
2651 1088 2664 1127 ;
2717 1059 2891 1115 ’Λλλά
2923 1063 3028 1133 μὴν
3062 1062 3151 1115 καὶ
3181 1061 3337 1133 εύμοι
3372 1064 3564 1135 ρήσετε

1916 1150 2001 1202 καὶ
2056 1149 2381 1218 κρειττόνως
2444 1150 2531 1203 ὑπ’
2590 1148 2779 1221 ἐκείνῳ
2854 1147 3058 1219 διάξετε
3109 1150 3559 1222 ποιμαινόμενοι.

1914 1238 2021 1291 Τίνι
2055 1239 2158 1311 γὰρ
2190 1237 2278 1291 ἀπ’
2328 1238 2533 1292 ἐκείνου
2578 1243 2688 1292 τῶν
2738 1239 2951 1292 πάντων
3003 1240 3057 1293 εὗ
3102 1237 3370 1312 ἐξεγένετο
3421 1240 3560 1311 πρά-

1913 1326 2016 1395 ξειν
2048 1347 2138 1380 και
2185 1328 2250 1379 τὰ
2304 1333 2405 1394 τῆς
2462 1328 2729 1399 ἡμετέρας
2790 1325 3068 1397 εὐμενείας
3126 1325 3281 1396 ἕξειν,
3336 1324 3401 1395 ἤν
3454 1347 3558 1381 που

1912 1411 2246 1485 ἀϐουλήτοις
2291 1416 2378 1469 καὶ
2425 1414 2753 1487 περιπέσοι;
2808 1413 2898 1469 διὰ
2944 1416 2995 1469 τί
3026 1436 3039 1484 ;
3072 1416 3159 1470 καὶ
3217 1417 3430 1477 παντως
3463 1414 3556 1477 οὖς

1908 1508 1999 1557 νῦν
2026 1503 2101 1565 εἷς
2128 1504 2328 1571 ταύτην
2382 1506 2520 1574 ὑμᾶς
2570 1510 2771 1577 συνῆξα
2823 1510 3041 1559 σκοπῶν
3087 1506 3237 1566 ὅπως
3285 1505 3344 1558 ἂν
3395 1504 3556 1565 αὐτὸς

1906 1596 2003 1646 τοῦ
2039 1595 2309 1667 ἡμετέρου
2334 1594 2565 1665 κράτους
2592 1594 2981 1669 κατηγοροίην’
3030 1592 3208 1647 Ἀλλά
3251 1594 3349 1660 τήν
3375 1592 3552 1646 αἰτίαν

1909 1680 2330 1755 λέγιυ,καὶοὺκ
2382 1681 2808 1756 ἐπικρύπτομαι,
2864 1687 2961 1737 τοῦ
3023 1685 3096 1753 μή
3156 1703 3208 1736 τι
3266 1686 3553 1755 τυγχάνειν

1904 1775 2011 1825 τῶν
2044 1769 2427 1843 προσηκόντων
2488 1770 2545 1824 ἐκ
2600 1771 2892 1845 βασιλικῆς
2951 1771 3175 1831 νεύσεως
3208 1771 3299 1824 τὸν
3358 1768 3548 1831 ἑλέους

1904 1860 2201 1935 χρῄζοντα.
2235 1857 2372 1916 Οῦτε
2399 1859 2500 1934 γὰρ
2529 1859 2715 1931 ἐκείνῳ
2743 1860 2808 1913 τά
2846 1862 2983 1932 πρὸς
3031 1862 3175 1930 ἡμᾶς
3224 1857 3403 1927 εὔοδα,
3437 1880 3549 1913 κω-

1912 1950 2152 2017 Αυούσης
2197 1956 2297 2016 τῆς
2345 1948 2658 2023 ἀπεχθείας,
2712 1947 2825 2003 οὔθ’
2874 1952 3009 2021 ἡμῖν
3058 1951 3133 2020 μή
3158 1952 3284 2019 παρ’
3342 1947 3550 2003 ἐκείνου

1911 2036 2251 2109 ἀξιουμένοις
2284 2038 2349 2090 τά
2396 2045 2494 2106 τῆς
2543 2036 2818 2109 εὐμενείας
2865 2038 3061 2092 ἀνυστά
3092 2039 3230 2109 πρὸς
3260 2042 3351 2092 τὸν
3408 2038 3554 2112 χρῄ-

1914 2132 2095 2195 ζοντα,
2130 2125 2266 2180 ὅπου
2324 2148 2387 2199 γε
2423 2128 2512 2181 καὶ
2570 2127 2613 2181 εἰ
2668 2128 2844 2196 ἠξίου,
2895 2127 2995 2181 οὐκ
3032 2124 3091 2180 ἂν
3127 2126 3389 2202 ἐτύγχανε
3442 2126 3553 2181 τῶν

1912 2212 2163 2285 δεόντων,
2223 2216 2334 2281 καῖ,
2366 2215 2418 2269 τί
2468 2216 2569 2291 γὰρ
2629 2213 2712 2269 δεῖ
2767 2215 3166 2289 ἐπικρύπτειν;
3223 2215 3331 2290 οὐχ
3388 2218 3549 2288 ἡμῶν

1910 2306 2044 2382 πρὸς
2063 2307 2126 2359 16
2148 2304 2204 2359 εὖ
2226 2307 2480 2378 πράττειν
2531 2305 2986 2379 ἀποπεφυκότων,
3012 2304 3153 2360 Αλλ’
3208 2305 3419 2359 ἐκείνου
3469 2306 3545 2378 μὴ

1911 2395 2329 2466 οἶκονομοῦντος
2359 2398 2428 2466 τῇ
2480 2393 2695 2463 ἀξιώσει
2726 2394 2787 2448 τὸ
2846 2391 3062 2469 εὔχαρι.
3122 2394 3404 2450 Τίκτεσθαι
3454 2396 3555 2471 γὰρ

1910 2485 2070 2569 χάριν
2106 2480 2291 2559 χάριτι
2347 2485 2766 2557 μεμαθήκαμεν,
2795 2483 2903 2552 ικαὶ
2959 2483 3057 2538 οὐκ
3101 2483 3164 2558 ᾖν
3198 2484 3439 2554 αὐξάνειν
3466 2486 3557 2540 τὸν

1914 2718 2015 2777 pro
2047 2703 2198 2759 virili
2229 2704 2525 2759 dabimus.
2554 2704 2699 2768 Quid
2730 2704 2957 2777 igitur?
2988 2708 3071 2761 An
3107 2704 3242 2777 quia
3276 2705 3419 2761 verti
3452 2705 3559 2761 sli-

1914 2794 2053 2867 quid
2087 2793 2334 2865 contigit
2377 2809 2579 2849 eorum
2613 2794 2826 2865 quibus
2858 2794 3304 2851 insueveramus
3326 2794 3354 2849 ?
3398 2796 3469 2849 At
3498 2794 3556 2850 id

1914 2883 2154 2955 quidem
2173 2900 2243 2938 ne
2266 2882 2559 2938 interdum
2582 2883 2794 2938 accidit
2814 2883 2980 2938 vitari
3002 2883 3163 2939 nulla
3184 2884 3561 2940 contentione

1915 2974 2140 3046 possit;
2174 2990 2355 3045 quare
2378 2990 2593 3028 vanum
2630 2974 2707 3029 sit
2740 2975 2845 3029 hac
2876 2975 2947 3028 de
2979 2991 3039 3029 re
3071 2978 3257 3045 queri.
3292 2978 3378 3029 An
3404 2976 3563 3029 deni-

1918 3082 2031 3137 que
2078 3064 2234 3135 quod
2281 3069 2574 3134 pastorem
2609 3065 2769 3119 vobis
2821 3065 3195 3135 prazpositum
3247 3066 3463 3133 sortiti,
3496 3082 3562 3121 eo

1917 3155 2128 3210 deinde
2154 3154 2335 3223 justis
2366 3158 2422 3208 et
2443 3154 2789 3209 necessariis
2823 3159 3018 3209 amoto
3042 3155 3261 3222 causis,
3288 3155 3563 3225 despera-

1914 3242 1992 3298 tis
2025 3242 2147 3297 fieri
2183 3258 2353 3313 posse
2386 3247 2447 3296 ut
2477 3242 2655 3297 alium
2691 3259 2948 3313 unquam
2983 3259 3146 3314 irque
3186 3244 3562 3298 commodum

1920 3331 2345 3387 nanciscamini
2378 3331 2399 3384 ?
2433 3335 2610 3402 Atqui
2664 3347 2733 3385 ne
2765 3332 3033 3387 dubitate
3078 3350 3091 3387 :
3136 3332 3559 3388 nanciscemini

1916 3422 2093 3479 etiam
2126 3422 2608 3484 commodiorem,
2632 3440 2664 3478 a
2686 3440 2799 3494 quo
2824 3424 3230 3496 indulgentius
3252 3425 3561 3496 curemini,

1918 3512 2029 3567 sub
2061 3527 2177 3582 quo
2209 3510 2437 3565 felicius
2468 3511 2696 3566 vivatis.
2732 3511 2876 3566 Nam
2910 3514 2982 3566 ab
3015 3514 3125 3568 isto
3147 3515 3383 3586 quidem
3412 3514 3564 3584 ejec-

1920 3607 1978 3656 to
2009 3602 2102 3655 cui
2156 3603 2248 3657 uni
2282 3602 2519 3656 tandem
2547 3607 2805 3657 vestrum
2856 3604 3009 3659 276
3055 3604 3320 3659 omnium
3365 3604 3560 3675 juvari

1922 3707 2184 3761 unquam
2211 3695 2268 3744 et
2298 3690 2579 3746 beneficio
2632 3692 2780 3746 afﬁci
2816 3693 3120 3764 contigit?
3172 3710 3342 3765 quem
3392 3694 3571 3748 etiam

1921 3780 2129 3835 dolens
2161 3779 2596 3853 indignansque
2627 3781 2818 3837 recolo
2851 3782 3106 3837 fructum
3141 3788 3353 3839 nostra:
3381 3782 3439 3837 in
3468 3799 3573 3839 vos

1924 3886 2118 3939 pronas
2150 3885 2216 3923 ac
2248 3876 2462 3939 parata:
2495 3869 2554 3924 in
2600 3871 3054 3927 necessitatibus
3086 3889 3213 3944 quas
3244 3873 3579 3928 inciderant

1924 3957 2295 4013 liberalitatis
2326 3957 2746 4015 intervertisse.
2784 3960 3074 4016 Pmnitens
3102 3960 3234 4028 hoc,
3282 3961 3526 4033 inquam
3561 4002 3576 4029 ,

1925 4052 1981 4103 et
2011 4064 2103 4102 me
2142 4047 2581 4119 reprehendens
2613 4053 2859 4120 reputo:
2895 4051 3036 4121 quin
3086 4050 3302 4106 idcirco
3334 4067 3435 4106 vos
3467 4050 3581 4106 huc

1923 4137 2263 4206 convocavi,
2306 4140 2371 4191 ut
2404 4152 2496 4191 me
2527 4138 2652 4209 ipse
2694 4153 3027 4194 accusarem
3062 4141 3217 4211 apud
3259 4154 3363 4195 vos
3402 4140 3575 4195 beni-

1929 4226 2171 4299 gnitatis
2214 4226 2404 4281 rarius
2444 4243 2510 4281 ac
2551 4227 2785 4299 parcius
2825 4228 3107 4284 exercitae.
3144 4228 3334 4283 Simul
3376 4232 3579 4284 tamen

1927 4315 2081 4372 clare
2121 4314 2313 4370 dicam
2353 4316 2484 4386 ejus
2522 4316 2699 4371 errati
2732 4333 2997 4383 causam,
3041 4334 3145 4372 nec
3184 4316 3575 4374 dissimulabo

1928 4402 2185 4475 amplius
2216 4403 2639 4475 impedimento
2663 4406 2842 4461 fuisse
2874 4406 3263 4477 patriarcham
3290 4422 3361 4461 ne
3381 4407 3483 4477 qui
3508 4422 3579 4461 ex

1928 4492 2093 4547 vobis
2124 4497 2361 4563 egerent
2393 4509 2425 4547 a
2455 4498 2658 4549 nostra
2687 4492 3044 4551 liberalitate
3074 4512 3189 4567 quo
3220 4512 3370 4565 opus
3401 4496 3575 4551 habe-

1929 4582 2071 4636 bant
2095 4588 2615 4653 consequerentur.
2649 4584 2871 4638 Etenim
2904 4600 3037 4638 cum
3073 4600 3176 4639 nec
3207 4583 3305 4639 ille
3330 4587 3575 4640 ventita-

154 4672 215 4722 et
248 4666 348 4722 Dei
384 4665 701 4722 Ecclesiam
748 4668 1018 4724 scindere
1048 4668 1268 4723 conari.
1302 4667 1448 4731 Quid
1490 4668 1599 4723 hoc
1630 4684 1815 4737 genus
1849 4659 1893 4723 D
1927 4676 2013 4726 ret
2035 4671 2106 4725 ad
2140 4687 2270 4732 nos.
2302 4672 2647 4743 prohibente
2677 4673 2809 4728 odio
2832 4690 2946 4745 quo
2978 4690 3012 4729 a
3040 4674 3210 4730 nobis
3231 4674 3572 4730 immaniter

158 4757 471 4811 hominum
504 4762 747 4827 spectet,
780 4758 921 4827 quid
943 4764 1234 4813 venentur
1263 4764 1319 4811 et
1339 4764 1576 4828 captent
1606 4757 1812 4826 isti,ex

156 4862 269 4901 usu
308 4846 553 4901 assiduo
582 4846 753 4917 quasi
783 4853 1054 4902 naturam
1100 4847 1386 4903 habentes
1426 4846 1810 4920 delitescendi

156 4935 216 4989 in
237 4933 477 5006 angulis
492 4938 549 4989 et
562 4950 897 5007 suumopus
920 4935 1253 4991 clanculum
1276 4936 1581 5001 actitandi,
1607 4932 1812 5008 super-

154 5039 480 5079 vacansum
515 5024 592 5079 sit
623 5025 818 5080 dicere
847 5041 860 5080 :
889 5024 1034 5080 illud
1070 5042 1185 5081 non
1218 5026 1571 5081 cunctabore
1603 5027 1813 5093 facere,

160 5115 317 5183 quod
355 5117 499 5184 puto
531 5114 957 5181 necessarium,
991 5115 1292 5187 increpare
1313 5115 1581 5171 videlicet
1603 5132 1705 5186 pro
1732 5114 1813 5169 rei

154 5202 419 5273 pernicie
462 5203 677 5258 acriter
716 5203 1099 5259 stoliditatem
1141 5204 1535 5261 inconsultam
1577 5205 1811 5259 illorum

154 5291 253 5362 qui
287 5290 506 5346 abduci
530 5306 592 5347 se
614 5292 819 5351 sinunt
841 5293 1350 5348 susurrationibus
1372 5294 1638 5349 istorum.
1664 5293 1811 5361 Quid

153 5386 245 5436 est
273 5380 434 5437 enim
460 5396 567 5435 cur
587 5381 723 5451 quis
743 5380 879 5436 hinc
904 5381 1387 5437 scandalizetur?
1408 5400 1481 5437 an
1510 5384 1664 5454 quod
1701 5383 1812 5438 im-

158 5473 458 5525 mutatum
514 5470 627 5541 ipsi
680 5470 1008 5541 quidquam
1041 5470 1120 5526 sit
1166 5471 1239 5526 de
1277 5469 1608 5527 Christiano
1658 5472 1812 5543 quod

158 5561 399 5616 tenebat
420 5560 696 5632 dogmate
713 5559 741 5615 7
762 5561 973 5618 Verum
998 5578 1104 5616 nec
1122 5560 1409 5616 hactenus
1429 5562 1756 5634 quidquam
1785 5579 1816 5618 e

160 5666 338 5707 sacrm
364 5650 646 5705 doctrinae
671 5649 904 5715 placitis
925 5656 1151 5707 motum
1176 5656 1289 5721 est,
1311 5668 1377 5707 ac
1399 5668 1468 5707 ne
1491 5654 1815 5724 quidquam

162 5741 219 5797 in
251 5745 557 5813 posterum
594 5746 917 5809 moveatur,
951 5745 1009 5796 et
1038 5745 1172 5798 vota
1202 5741 1451 5797 facimus
1485 5747 1542 5798 et
1580 5760 1817 5815 operam

1920 4760 2216 4825 abhorret,
2268 4776 2370 4815 nec
2426 4778 2532 4816 nos
2582 4762 2652 4816 ad
2699 4761 2868 4817 illum
2918 4764 3191 4819 accedere
3236 4780 3570 4835 possemus,

1922 4849 2140 4921 quippe
2172 4850 2271 4921 qui
2303 4850 2590 4906 sciremus
2613 4850 2769 4906 haud
2795 4853 3119 4907 admissum
3146 4853 3236 4921 iri,
3263 4852 3423 4907 nulla
3446 4870 3567 4908 res-

1921 4938 2083 4993 tabat
2112 4938 2282 4993 nobis
2311 4938 2402 4993 via
2440 4941 2829 5009 cognoscendi
2874 4940 3133 5012 legitimo
3182 4949 3237 4997 et
3290 4948 3573 4999 consueto

1924 5026 2116 5082 Patris
2168 5028 2501 5084 communis
2549 5028 2764 5084 indicio
2799 5033 3178 5087 necessitates
3226 5048 3572 5104 pauperum,

1925 5115 2117 5186 iisque
2151 5116 2507 5185 providendi.
2535 5118 2879 5189 Quanquam
2904 5120 3155 5190 (fatebor
3175 5121 3354 5191 enim)
3382 5138 3571 5193 neque

1923 5205 1971 5259 si
2006 5205 2258 5260 maxime
2287 5206 2571 5262 indicaret
2601 5207 2696 5262 ille
2731 5215 3096 5280 rogaretque,
3122 5210 3368 5266 idoneus
3390 5214 3573 5267 inter-

1923 5292 2145 5347 veniret
2158 5291 2499 5365 deprecator
2513 5297 2684 5352 nobis
2697 5297 2766 5352 a’l
2780 5298 3250 5354 misericordiam
3266 5300 3569 5355 ﬂectendis

1924 5388 2026 5438 aut
2056 5383 2381 5453 quidquam
2404 5384 2765 5456 impetraret,
2790 5403 2902 5442 non
2927 5390 3081 5459 quod
3107 5394 3317 5443 natura
3337 5388 3466 5442 duri
3492 5388 3573 5443 si-

1926 5488 2059 5527 mus
2091 5477 2148 5527 et
2176 5489 2209 5527 a
2240 5473 2433 5529 dando
2456 5476 2663 5541 aversi,
2698 5476 2797 5530 Sed
2824 5477 2978 5547 quod
3013 5476 3072 5531 in
3098 5493 3332 5533 summa
3365 5476 3464 5531 illa
3484 5476 3575 5531 di-

1925 5564 2147 5635 gnitate
2177 5562 2650 5635 ingratissimum
2682 5583 2814 5637 erga
2850 5584 2956 5623 nos
2989 5584 3050 5623 se
3101 5568 3389 5639 praebens,
3422 5568 3575 5624 indi-

1925 5668 2110 5725 gnum
2133 5668 2196 5708 se
2218 5654 2556 5723 reddiderit,
2576 5656 2668 5710 cui
2690 5656 3010 5727 gratiﬁcari
3035 5658 3572 5713 tantiduccremus.

1928 5745 2133 5801 Gratia
2162 5745 2401 5818 quippe,
2434 5751 2501 5802 ut
2532 5763 2685 5820 sepe
2706 5748 2822 5803 dici
2853 5747 3212 5815 audivimus,
3233 5748 3423 5820 gignit
3442 5764 3579 5819 gra-
