4212 6442
608 365 723 420 723

1919 367 2222 425 GEORGII
2260 366 2729 424 PACHYIIR'BB

3928 372 4048 430 724

613 488 790 560 ἔρωτα
815 489 1159 566 γεννηθέντα.
1204 489 1279 561 μή
1311 487 1755 562 ἐπιγεννηθὲντος
1806 487 1897 542 καὶ
1954 492 2051 543 τοῦ
2107 488 2260 542 ἀντὲ-
2294 493 2347 560 Α
2377 487 2574 543 ἐκεῖνοί
2629 486 2760 552 ἴσως
2790 490 2848 544 ἂν
2881 490 2970 545 καὶ
3024 489 3231 562 λέξειαν
3283 486 3698 568 διαϐάλλεντες)
3753 495 4051 571 ἀποκαρα-

621 599 815 654 ρωτος,
861 577 1022 652 Τάχα
1079 575 1137 631 ἂν
1201 575 1504 652 μυθολόγον
1539 597 1607 649 με
1639 575 1937 647 οῗηθείητε.
1995 574 2171 633 Ἀλλὰ
2209 578 2271 631 τὸ

617 671 716 720 τοῦ
750 666 921 740 μύθου
973 669 1047 728 ὡς
1090 664 1323 737 ἀληθείᾳ
1354 671 1654 740 προσπαῖον
1709 665 2006 720 ἐπαινετόν.
2066 667 2272 740 Ἔφησε

619 757 720 832 γὰρ
751 757 840 810 καὶ
870 777 950 816 τις
983 754 1088 808 τῶν
1141 753 1239 825 ἔξω
1285 755 1515 829 ἐρημίας
1559 755 1778 829 γείτονα
1826 756 1926 823 τὴν
1983 753 2269 809 αὐθάδειαν

618 849 698 916 τῷ
740 846 840 919 γαρ
899 842 1118 907 αὐθάδει
1179 841 1355 905 οὐδεὶς
1395 842 1646 917 προσέξοι
1708 839 2101 917 προσϐάλλων,
2151 845 2275 896 κάν-

616 935 797 988 τεῦΘεν
828 932 1166 1008 ἐρημωθέντι
1211 938 1317 988 τῶν
1374 931 1559 987 ἄλλων
1607 935 1723 995 καθ’
1756 933 1916 986 αὐτὸν
1949 932 2109 986 αὐτὸν
2165 930 2275 986 διά·

615 1045 728 1096 γειν
763 1018 1066 1095 ξυμϐαίνει.
1121 1022 1183 1076 Τί
1215 1027 1343 1096 γοῦν
1395 1023 1456 1076 τὸ
1489 1022 1801 1091 εῗσέπειτα;
1857 1019 2118 1091 Εἰδῆσετε
2167 1021 2269 1075 πάν

614 1133 722 1166 τως
752 1113 839 1166 καὶ
874 1111 1151 1184 εὐμενείας
1185 1113 1312 1181 ύμῖν
1368 1105 1829 1185 προσϐαλλούσας
1882 1112 2120 1177 ἀκτῖνας,
2171 1115 2271 1163 τοῦ

617 1204 880 1274 ποιμένος
937 1205 1218 1261 κινοῦντος
1275 1202 1375 1268 τήν
1437 1200 1706 1272 ἡμετέραν
1758 1201 1986 1273 γνώμην
2044 1199 2276 1274 ὑπερτά-

612 1311 738 1352 τοις
772 1291 1043 1364 μεσιτείας
1073 1289 1324 1364 τρόποις.
1378 1290 1562 1345 Μόνον
1611 1291 1684 1357 μή
1730 1310 1813 1350 τις
1862 1286 2001 1360 ἐνδῷ
2047 1289 2183 1361 πρὸς
2212 1289 2274 1342 τὸ

621 1385 827 1456 χεῖρον,
865 1377 1005 1452 μηδὲ
1033 1400 1116 1439 τις
1149 1380 1208 1433 τὸ
1238 1381 1356 1441 καθ’
1389 1379 1547 1432 αὑτὸν
1585 1383 1806 1431 σκοπῶν
1865 1380 1950 1450 [Ρ.
2016 1379 2132 1445 187]
2185 1377 2275 1430 καὶ

625 1472 787 1543 μόνον
839 1469 888 1522 ἐν
952 1469 1012 1523 οὑ
1054 1474 1304 1530 παικτοῖς
1362 1466 1622 1537 παιζέτω,
1663 1464 1793 1539 μηδ’
1850 1466 1949 1521 οὐκ
2002 1466 2087 1520 ἐπὶ
2147 1468 2272 1520 ἀνυ-

623 1565 771 1622 στοῖς
800 1556 1173 1626 σπουδαζὲτω.
1235 1557 1309 1611 Τὰ
1338 1558 1438 1632 γὰρ
1472 1559 1591 1620 καθ’
1649 1553 1876 1610 ἕκαστον
1929 1553 2276 1628 ὀλισθήματα

623 1648 930 1722 ἐμπιπλᾶσι
990 1648 1327 1722 πραγμάτων
1360 1645 1452 1706 τὰς
1506 1645 1718 1713 πόλεις,
1780 1645 1871 1699 καὶ
1912 1645 2027 1708 ἑνός
2083 1644 2272 1719 ἀμαρ-

621 1741 880 1799 τάνοντος
912 1735 1117 1792 πολλοὶ
1164 1737 1270 1790 τῶν
1321 1739 1501 1790 κακῶν
1551 1734 1836 1808 ἀπηύρων.
1897 1733 2132 1809 Φεύγετε
2155 1733 2272 1788 τοί-

2377 573 2689 640 δοκοῦντας.
2723 578 2789 636 Τί
2819 584 2948 655 γοῦν
2990 581 3250 651 ποιητέον
3306 582 3430 654 ὑμῖν
3492 581 3603 637 ἐστί
3635 602 3650 652 ;
3684 584 3762 640 Τὸ
3795 584 3891 656 μὶν
3933 605 4040 658 με·

2375 663 2653 722 ταδιδόναι
2711 669 2798 723 καὶ
2855 674 2971 731 τοῖς
3029 666 3226 732 ἄλλοις
3270 675 3379 725 τῶν
3453 668 3624 726 ὄντων
3687 672 3748 727 οὐ
3811 674 4044 750 φθόνος⁸

2377 755 2627 829 πραττέω
2657 779 2738 819 τις
2788 760 2862 820 ὡς
2915 757 3170 834 βούλεται
3229 763 3410 815 τοῦτο.
3443 762 3517 816 Τό
3579 758 3636 815 δὲ
3663 767 3779 823 τοῖς
3842 760 4048 837 λόγοις

2378 843 2553 898 αὐτῶν
2614 847 3014 922 καθυπάγεσθαι
3091 849 3181 902 καὶ
3259 847 3352 902 σὺν
3437 847 3669 912 ἐκείνοις
3727 849 4044 915 πλανᾶσθαι

2378 929 2440 987 οὕ
2478 955 2569 1006 μοι
2623 933 2772 990 δοκεῖ
2830 933 2940 990 οὔτ’
2980 935 3105 1009 ἐμοί
3137 938 3358 992 ἀνεκτὸν
3411 936 3522 992 οὔθ’
3584 941 3711 1011 ὑμῖν
3769 939 4041 1014 ἀσφαλές,

2381 1023 2473 1077 Διὸ
2515 1026 2804 1098 προσθάνει
2858 1032 2958 1095 τῆς
3014 1026 3289 1100 τιμωρίας
3322 1028 3355 1095 ή
3391 1025 3615 1098 ἀπειλὴ,
3653 1030 3728 1098 μή
3782 1049 3900 1092 πιυς
3948 1029 4042 1084 ἐπὶ

2377 1116 2485 1165 τῶν
2566 1111 2739 1187 ἔργων
2817 1117 3058 1190 γεγονώς
3114 1137 3197 1176 τις
3267 1116 3457 1169 ππθὼν
3521 1114 3743 1173 εἶ’σεται.
3803 1117 4040 1192 Ἀνάγκη

2377 1203 2478 1276 γὰρ
2536 1208 2652 1264 τοῖς
2709 1203 2925 1279 ὀλίγοις
2993 1202 3506 1278 συνδιαστρέφεσθαι
3577 1205 3703 1267 τοὺς
3761 1205 4040 1270 πολλούς·

2379 1291 2467 1344 καὶ
2521 1291 2837 1355 τούντεῦθεν
2891 1293 2972 1355 τίς
3033 1293 3176 1347 οὕτω
3235 1293 3510 1361 νυστάζων
3583 1295 3657 1355 ὡς
3717 1295 3791 1366 μή
3858 1301 4047 1364 ζητεῖν

2382 1385 2582 1455 φτῆσαι
2613 1381 2712 1448 τὴν
2749 1380 2979 1457 ῥύμην;
3041 1381 3151 1456 ἐγὼ
3214 1383 3311 1454 μὲν
3368 1380 3460 1435 οὖν
3521 1379 3909 1454 διακελεύομαι
3945 1385 4041 1437 καὶ

2381 1465 2536 1542 ἀνδρὶ
2593 1470 2681 1522 καὶ
2741 1470 2978 1543 γυναικὶ,
3028 1471 3118 1524 καὶ
3151 1465 3427 1546 πρεσϐύτῃ
3486 1469 3576 1524 καὶ
3634 1472 3763 1542 νέῳ,
3831 1472 4044 1544 ἀστικῷ

2379 1579 2437 1612 τε
2480 1555 2545 1611 αὖ
2605 1559 2694 1612 καὶ
2746 1559 3013 1633 ἀγροίκῳ,
3079 1557 3393 1631 δοκιμάζειν
3444 1564 3660 1632 πρῶτον
3713 1559 3841 1622 τοὺς
3884 1559 4047 1630 πλη-

2381 1649 2664 1715 σιάζοντας
2699 1695 2713 1718 ,
2763 1649 2853 1702 καὶ
2907 1648 3051 1702 οὕτω
3115 1652 3353 1723 χρῆσθαι
3388 1691 3401 1704 .
3450 1649 3528 1704 Τὸ
3580 1650 3681 1725 γὰρ
3725 1652 3920 1704 νοσοῦν
3982 1649 4048 1704 ἐκ

2378 1741 2485 1790 τῶν
2521 1737 2872 1812 ὑγιαινόντων
2933 1733 3051 1812 ἔχει
3100 1739 3195 1799 τὰς
3253 1737 3527 1806 βοηθείας·
3563 1738 3606 1791 εἰ
3654 1735 3699 1791 δ’
3756 1737 3910 1793 αὐτοὶ
3944 1740 4045 1803 τὰς

623 1849 711 1882 νυν
742 1829 838 1890 τὰς
887 1827 1299 1901 παρασυνάξεις,
1349 1825 1439 1879 καὶ
1497 1830 1616 1886 τοῖς
1675 1823 1970 1898 σχίσμασιν
2028 1825 2272 1898 ἀπεχθάο
2307 1827 2601 1929 Βγνώμας
2635 1832 2868 1900 νοσοῖεν,
2900 1828 2951 1881 τί
2998 1825 3057 1880 ἂν
3106 1832 3223 1888 τοῖς
3273 1824 3474 1888 ἄλλοις
3531 1825 3867 1902 παράσχοιεν
3899 1828 4046 1902 ἀγα-

824 1915 1034 1929 ηις.
1296 1914 1307 1929 .
1501 1912 1704 1929 ..,,
1849 1913 1953 1929 ρ..
2389 1914 2440 1929 _.
2585 1913 3151 1929 .H.....
3335 1917 3348 1929 .
3551 1915 3688 1929 ..ι
3857 1913 3963 1929 κ.-

621 1929 788 1982 νεσθε.
824 1915 1036 1971 Παλλοῖ
1069 1914 1402 1991 σακκοφόροι
1431 1918 1550 1974 ταῖς
1598 1912 1792 1973 οἰκίαις
1843 1913 1994 1984 ὑμῶν
2045 1933 2269 1984 παρεισ-

621 2007 896 2076 δῦσονται,
931 2006 1045 2079 οὐχ
1070 2004 1220 2066 ὅπως
1261 2005 1390 2076 ὑμῖν
1440 2001 1496 2057 εὖ
1525 2004 1743 2078 γένηται
1799 2001 2274 2074 προθυμούμενοι,

619 2095 746 2152 ἀλλ’
779 2095 926 2156 ὅπως
958 2094 1015 2148 ἂν
1073 2093 1257 2156 αὐτοῖς
1317 2095 1440 2166 παρ’
1508 2093 1658 2164 ὑμῶν
1711 2091 1994 2166 πορισθείη
2047 2092 2113 2145 τὰ
2141 2092 2278 2146 κατᾶ

624 2186 811 2261 χρείας
869 2187 1216 2243 σκοποῦντες.
1280 2185 1412 2236 Εἶτα
1465 2183 1909 2256 κατηγορήσουσι
1963 2181 2059 2252 μὲν
2119 2182 2272 2254 βασι-

622 2275 970 2344 λὲων,καινδ.
1028 2270 1085 2326 δὲ
1141 2277 1258 2334 τοῖς
1313 2270 1572 2334 παλαιοῖς
1629 2270 1876 2341 μίξαντες
1950 2269 2025 2340 μὴ
2085 2275 2272 2332 καλῶς

624 2362 773 2440 ἔχειν
823 2365 889 2417 τὰ
939 2369 1040 2431 τῆς
1097 2361 1426 2430 ἘκκΛησίας
1480 2360 1780 2424 ἐποίσουσι,
1838 2360 1924 2412 καὶ
1970 2355 2060 2413 διὰ
2116 2364 2277 2414 τοῦτο

624 2453 714 2509 καὶ
746 2451 941 2514 αὐτοὺς
970 2452 1115 2526 τάχα
1166 2450 1466 2504 πλανᾶσθαι
1496 2450 1594 2517 τὴν
1630 2447 1919 2523 διόρθωσιν
1973 2446 2138 2522 (οὕτω
2176 2450 2276 2522 γὰρ

629 2687 735 2728 nec
786 2673 977 2743 potest
1026 2685 1192 2725 amor
1227 2672 1402 2724 natus
1447 2665 1798 2736 adolescere,
1842 2665 1983 2738 quin
2035 2664 2279 2736 paribus

629 2765 904 2834 assurgat
940 2759 1318 2815 incrementis
1360 2757 1513 2812 alius
1546 2761 1680 2828 post
1719 2755 1974 2826 priorem
2015 2754 2272 2826 genitus,

627 2857 871 2908 mutuus
896 2868 1080 2917 amor,
1105 2854 1373 2915 Anteros,
1397 2851 1656 2902 vocatus.
1683 2845 1809 2900 Hec
1831 2862 1914 2901 rue
1937 2846 2272 2914 loquentem

626 2958 835 3013 parum
857 2938 1195 3010 aberitquin
1213 2936 1595 2992 fabulatorem
1625 2934 1967 3006 epinemini.
1989 2933 2271 2988 Caterum

624 3030 848 3096 fabula,
874 3035 937 3085 ut
970 3029 1024 3083 in
1061 3044 1306 3100 scopum
1339 3025 1603 3081 veritatis
1629 3030 1785 3080 recta
1809 3023 2130 3079 collineans
2155 3039 2270 3077 non

628 3137 758 3176 raro
790 3119 951 3175 utilis
985 3122 1040 3175 et
1072 3115 1679 3173 laudabilisbabetur.
1702 3115 1827 3169 Non
1854 3113 2004 3168 male
2028 3112 2268 3184 quidam

2382 1914 2522 1984 θόν;
2573 1913 2720 1969 ἀλλὰ
2774 1916 2839 1970 τὰ
2900 1917 2995 1988 μὶν
3044 1914 3262 1970 ἐκείνων
3327 1917 3355 1969 ὁ
3415 1917 3602 1989 καιρὸς
3664 1915 3793 1978 ἴσως
3854 1913 4045 1986 δείξει·

2388 2004 2512 2076 ὑμῖν
2575 2001 2632 2058 δὲ
2695 2005 2794 2073 τήν
2855 2004 3071 2059 ἐκείνων
3130 2005 3321 2060 κακίαν
3379 2005 3893 2080 ἀπομοργνυμὲνοις
3945 2007 4042 2060 καὶ

2384 2098 2481 2147 τοῦ
2534 2093 2698 2166 ὀρθοῦ
2753 2093 3084 2149 ἐκκλίνουσιν
3132 2095 3192 2149 οὐ
3239 2095 3491 2149 συνοίσει.
3527 2092 3630 2148 Κᾶν
3667 2094 3864 2149 ἐκεῖνοι
3925 2092 4049 2150 δια-

2388 2179 2749 2256 διδράσκοιεν,
2808 2185 2933 2255 ὑμῖν
2983 2184 3045 2238 τὸ
3104 2179 3362 2257 ἔγκλημα
3421 2186 3824 2257 περιστήσεται.
3889 2185 4057 2258 Μέγα

2391 2272 2486 2343 μὲν
2518 2270 2654 2346 ἔρῶν
2684 2270 2828 2342 οἴδα,
2863 2273 3015 2346 ὅμως
3049 2270 3106 2327 δὲ
3157 2273 3245 2327 καὶ
3300 2273 3427 2344 ὑμῖν
3489 2270 3706 2343 δοκοῦν,
3740 2275 3824 2328 ὅτι
3855 2275 3919 2329 τὸ
3951 2280 4055 2329 τοῦ

2389 2361 2696 2435 σχίσματος
2725 2360 2984 2436 ἔγκλημα
3039 2361 3090 2416 ἐν
3127 2359 3231 2435 ἴσῳ
3287 2361 3376 2416 καὶ
3425 2362 3680 2425 ἀπιστίας
3733 2364 4048 2434 σεθήσεται,

2388 2450 2474 2504 καὶ
2509 2453 2536 2505 ὁ
2567 2449 2856 2525 ἐγκληθεὶς
2888 2451 2973 2506 ἐπὶ
3008 2451 3185 2524 τούτῳ
3233 2450 3488 2514 κολάσεις
3547 2452 3721 2526 ὑφέξει
3779 2454 4060 2508 καθοσιώ-

2391 2667 2466 2721 lis
2491 2667 2707 2740 quibus
2725 2669 3058 2740 respublica
3077 2684 3314 2740 pessum
3339 2669 3466 2724 iret.
3492 2668 3586 2724 Sic
3605 2669 3762 2724 enim
3807 2669 3892 2724 illi
3926 2671 4061 2726 for-

2390 2755 2540 2811 sitan
2575 2757 2858 2828 garrient,
2897 2758 3281 2814 criminantes
3311 2774 3411 2813 eos
3441 2757 3541 2829 qui
3576 2759 3874 2829 sapienter
3905 2777 4056 2815 cun-

2381 2850 2616 2900 ctantur
2645 2846 3188 2918 circumspicientes
3226 2846 3448 2912 omnia,
3481 2851 3538 2902 et
3583 2846 3644 2902 in
3697 2849 4052 2906 occasiones

2384 2936 2694 2991 imminent
2737 2942 3066 3009 opportune
3099 2938 3484 3010 procurandae
3516 2937 3768 3009 publicae
3807 2939 4054 2996 salutis.

2385 3025 2530 3090 Quid
2564 3025 2745 3096 igitur
2775 3027 3072 3097 agendum
3102 3027 3270 3082 vobis
3301 3032 3390 3081 est
3419 3025 3446 3080 τ
3477 3026 3626 3092 Quin
3658 3043 3688 3083 e
3721 3034 3914 3084 vestra
3945 3046 4054 3085 co-

2383 3115 2480 3186 pia
2505 3113 2840 3186 largiamini
2875 3116 3091 3186 quibus
3128 3115 3445 3182 videbitur,
3477 3114 3643 3171 nulla
3673 3116 3894 3173 invidia
3935 3123 4052 3174 est.

628 3214 999 3266 externorum
1036 3207 1181 3262 dixit
1213 3205 1518 3261 solitudini
1570 3204 1882 3259 finitimam
1935 3202 2272 3274 superbiam
2312 3243 2353 3309 Ο
2396 3203 2592 3258 Faciat
2622 3204 2679 3258 in
2703 3221 2768 3259 eo
2789 3219 3000 3275 genere
3024 3205 3277 3277 quisque
3311 3204 3560 3260 utvolet.
3589 3203 3817 3261 Abduci
3842 3210 4050 3262 autem

628 3317 776 3367 esse,
816 3299 1034 3354 idcirco
1074 3296 1225 3368 quod
1269 3294 1587 3366 superbum
1633 3309 1803 3349 nemo
1846 3297 2059 3362 curat,
2107 3308 2278 3346 nemo

632 3390 774 3457 adit,
802 3390 955 3444 unde
982 3402 1215 3442 necesse
1241 3386 1303 3439 fit
1329 3400 1460 3439 eum
1488 3386 1770 3437 semotam
1801 3401 1832 3435 ιι
1856 3381 2284 3437 consuetudine

632 3479 942 3535 hominum
978 3481 1034 3532 et
1074 3474 1394 3530 solitariam
1431 3472 1607 3527 vitam
1643 3473 1872 3543 degere.
1907 3471 2054 3536 Quid
2087 3477 2282 3526 autem

635 3571 692 3624 in
728 3574 1022 3640 posterum
1046 3565 1073 3619 ‘I
1108 3564 1208 3618 Aio
1243 3567 1298 3618 et
1330 3563 1613 3617 confirmo
1648 3560 1809 3616 vobis
1854 3577 1867 3616 :
1904 3559 2283 3615 mutationem

629 3657 685 3711 in
723 3655 935 3710 melius
964 3668 1238 3724 magnam
1272 3650 1676 3723 experiemini.
1706 3651 2049 3704 Pervenient
2081 3650 2152 3704 ad
2185 3666 2284 3704 vos

628 3745 867 3817 benigni
902 3744 1048 3798 radii
1076 3741 1244 3797 nobis
1278 3741 1490 3795 innata:
1526 3740 1943 3808 beneficentiae,
1978 3739 2134 3794 nulla
2161 3740 2284 3809 jam

626 3834 934 3905 intercepti
991 3832 1147 3886 nube
1196 3827 1605 3901 patriarcbalis
1667 3828 2011 3883 offensionis
2065 3844 2078 3882 :
2131 3827 2278 3883 277

626 3925 768 3996 quin
795 3923 914 3977 imo
948 3925 1111 3993 grato
1146 3919 1317 3974 nobis
1349 3919 1407 3973 in
1443 3917 1638 3973 locum
1670 3917 1886 3972 retrusi
1920 3922 1978 3972 et
2009 3916 2286 3988 implaca-

624 4013 760 4068 bilis
791 4011 964 4067 istius
997 4025 1345 4066 successuro
1368 4012 1622 4078 pastore,
1648 4007 2099 4062 commoditates
2128 4007 2282 4078 apud

629 4120 734 4158 nos
767 4106 991 4156 vestras
1024 4097 1370 4153 decentibus
1402 4097 1560 4150 illam
1600 4112 1908 4168 personam
1947 4095 2288 4150 efficacibus

621 4191 1153 4249 intercessionibus
1208 4192 1577 4261 procurante,
1632 4189 1790 4260 large
1821 4188 1878 4241 in
1913 4202 2013 4242 vos
2063 4186 2285 4241 effundi

624 4284 891 4342 sentietis
927 4285 1078 4338 bona
1111 4298 1238 4353 qua:
1258 4279 1605 4335 desideratis
1637 4280 1830 4334 omnis
1855 4278 2107 4350 generis.
2131 4279 2285 4334 Tan-

623 4383 750 4434 tum
784 4391 855 4431 ne
889 4376 1023 4448 quis
1059 4377 1316 4430 vestrum
1341 4371 1433 4444 agi
1467 4388 1528 4426 se
1560 4371 1618 4426 in
1653 4375 2054 4425 transversum
2089 4370 2282 4437 sinat;

626 4484 731 4525 nec
764 4484 872 4523 sua
925 4466 1103 4521 unius
1135 4468 1410 4537 spectans
1464 4463 1764 4518 commoda
1801 4461 1969 4516 ludat
2002 4461 2058 4515 in
2111 4461 2286 4516 rebus

625 4577 753 4635 quae
787 4559 996 4614 ludum
1031 4574 1148 4612 non
1175 4555 1520 4620 admittunt,
1554 4557 1654 4608 aut
1683 4570 1750 4608 ea
1777 4569 1903 4624 qua.-
1929 4552 2130 4625 perfici
2166 4568 2280 4606 non

2392 3294 2877 3364 persuasionibus
2909 3293 3178 3361 istorum,
3212 3298 3268 3349 et
3290 3311 3422 3350 cum
3452 3295 3781 3350 errantibus
3813 3312 3915 3350 vos
3941 3313 4056 3368 pa-

2393 3383 2537 3438 riter
2581 3399 2798 3451 errare,
2844 3399 2950 3439 nec
3005 3383 3302 3456 probarim
3346 3384 3618 3455 equidem
3664 3400 3770 3440 nec
3811 3385 4052 3456 patiar;

2394 3489 2507 3527 non
2541 3473 2697 3528 enim
2729 3477 2815 3527 est
2847 3472 3168 3538 tolerabile,
3203 3491 3266 3529 ac
3301 3487 3372 3528 ne
3404 3473 3569 3528 vobis
3601 3474 3839 3544 quidem
3873 3491 4052 3546 expe-

2396 3562 2494 3616 dit.
2532 3566 2838 3634 Propterea
2873 3562 3140 3634 praecedit
3164 3579 3296 3618 ecce
3330 3561 3612 3618 ultionem
3638 3563 4054 3631 comminatio,

2395 3667 2465 3706 ne
2497 3653 2630 3722 quis
2662 3669 2790 3707 sero
2841 3653 3051 3724 sapiat,
3088 3653 3185 3707 ubi
3218 3652 3623 3725 deprehensus
3673 3669 3798 3723 qua:
3833 3654 4060 3710 meruit

2397 3740 2666 3812 patietur.
2719 3745 2864 3798 Cum
2896 3742 3051 3797 enim
3087 3743 3420 3798 necessario
3455 3758 3525 3796 ex
3575 3741 3822 3797 tolerata
3852 3743 4054 3814 pravi-

2392 3835 2512 3885 tate
2533 3847 2854 3902 paucorum
2883 3831 3052 3886 multi
3080 3835 3503 3904 pervertantur,
3523 3831 3656 3902 quis
3681 3836 3799 3886 tam
3823 3833 4060 3888 dormi-

2396 3924 2528 3975 tans
2559 3921 2955 3976 custodiendas
2982 3921 3313 3993 reipublicm
3346 3920 3696 3993 praepositus
3731 3937 3842 3976 non
3871 3923 4058 3978 ratio-

2397 4026 2498 4064 nes
2529 4010 2686 4065 ineat
2716 4015 2771 4065 et
2801 4015 3073 4066 conatum
3139 4010 3436 4078 adhibeat,
3470 4026 3608 4082 quo,
3645 4009 3692 4064 si
3729 4010 3898 4082 posit,
3939 4012 4063 4067 sis-

2396 4103 2480 4153 tat
2508 4097 2796 4170 impetum
2833 4101 3058 4155 ruentis
3089 4099 3145 4153 in
3181 4116 3440 4172 preceps
3463 4100 3616 4156 218
3647 4099 4064 4158 multitudinis

2393 4188 2684 4243 incautae?
2731 4189 2849 4261 Ego
2879 4189 3080 4262 figitur
3112 4190 3330 4246 diserte
3368 4189 3726 4244 denuntians
3770 4190 4058 4262 pracipio

2392 4277 2515 4332 viro
2547 4277 2730 4333 cuivis
2762 4283 2819 4332 et
2841 4279 3096 4345 mulieri,
3123 4279 3247 4334 seni
3268 4279 3794 4351 juxtajuvenique,
3820 4279 4056 4336 urbano

2395 4369 2614 4439 pariter
2645 4372 2700 4422 et
2731 4369 2972 4440 rustico,
3000 4374 3063 4423 ut
3093 4369 3352 4440 exploret
3385 4368 3552 4441 prius
3583 4368 3786 4439 quales
3806 4369 4058 4439 sintqui

2393 4458 2465 4513 ad
2525 4475 2587 4513 se
2647 4459 2964 4525 accedunt,
3023 4463 3150 4514 tum
3205 4459 3253 4513 si
3304 4459 3490 4514 bonos
3540 4457 3775 4530 reperit,
3826 4465 4058 4514 utatur.

2393 4547 2535 4602 Nam
2570 4564 2721 4620 eger
2751 4566 2783 4603 a
2813 4549 2976 4604 sanis
2999 4549 3238 4618 juvetur
3271 4565 3283 4603 :
3318 4547 3366 4603 si
3401 4552 3596 4603 autem
3631 4546 3848 4613 animo,
3879 4547 4061 4604 labo-

634 4630 885 4724 possunt
915 4647 1067 4703 serio
1100 4650 1358 4701 conetur.
1395 4643 1538 4698 Nam
1575 4641 1940 4714 singulorum
1980 4658 2284 4715 perperam
2315 4630 2362 4694 D
2397 4642 2617 4693 rantem
2671 4642 2865 4692 mente
2899 4638 3159 4710 corrupti
3211 4637 3483 4708 adierint,
3517 4638 3656 4709 quid
3711 4653 3778 4691 ex
3829 4637 3902 4691 iis
3951 4654 4058 4693 ex-

622 4739 1050 4798 offendentium
1071 4735 1286 4792 civium
1305 4733 1511 4806 lapsus
1532 4733 1836 4788 universas
1857 4731 2019 4786 tricis
2038 4730 2286 4804 implent

618 4831 933 4902 turbisque
967 4827 1252 4893 civitates,
1289 4828 1496 4879 natura
1531 4839 1725 4878 rerum
1764 4822 1843 4877 ita
1874 4822 2095 4877 ferente
2129 4826 2192 4875 ut
2216 4837 2284 4875 ex

621 4938 737 4976 uno
787 4921 1060 4988 peccante
1093 4932 1265 4989 ptena
1297 4915 1356 4969 in
1401 4913 1617 4968 multos
1665 4917 2039 4984 propagatur.
2076 4910 2278 4983 Fugite

623 5011 807 5084 igitur
856 5005 1282 5072 conventicula,
1315 5002 1670 5059 aversamini
1719 5000 2060 5057 schismata.
2113 5000 2278 5055 Multi

621 5098 806 5157 saccis
860 5097 1052 5152 induti
1087 5096 1293 5151 domos
1324 5093 1382 5148 in
1417 5097 1640 5148 vestras
1689 5109 1751 5147 se
1784 5092 2108 5160 insinuant,
2163 5108 2276 5146 non

621 5195 686 5246 ut
715 5187 881 5244 vobis
916 5186 1164 5260 prosint,
1190 5185 1287 5240 sed
1314 5187 1376 5238 ut
1405 5183 1514 5238 sibi
1550 5182 1967 5237 eblandiantur
1999 5185 2101 5236 aut
2131 5197 2278 5252 quo-

621 5282 800 5337 modo
835 5279 1151 5334 conﬁciant
1182 5293 1249 5332 ex
1279 5275 1442 5331 vobis
1476 5291 1602 5346 quae
1636 5273 1902 5345 cupiunt,
1941 5273 2154 5345 quibus
2188 5274 2276 5327 in-

616 5373 835 5444 digent.
899 5370 1037 5425 Inde
1101 5369 1513 5439 imperatorem
1571 5365 1809 5436 quidem
1864 5363 2276 5419 accusabunt:

616 5466 746 5516 tum
781 5476 929 5515 nova
975 5457 1273 5513 veteribus
1307 5455 1644 5520 miscentes,
1679 5453 1831 5508 haud
1868 5453 2010 5507 bene
2060 5453 2276 5506 habere

617 5568 710 5606 res
743 5549 1012 5606 Ecclesiae
1045 5546 1434 5610 subinferent,
1459 5548 1513 5599 et
1537 5548 1842 5616 propterea
1867 5542 2140 5598 videlicet
2162 5541 2276 5596 lar-

613 5641 774 5713 giter
803 5643 1062 5695 erratum
1099 5637 1156 5691 in
1191 5636 1300 5690 viis
1347 5633 1725 5690 correctionis
1771 5633 2077 5702 ineundis,
2112 5631 2274 5687 nullo

607 5735 760 5789 inter
789 5728 1218 5788 ecclesiasticos
1241 5726 1447 5782 idoneo
1474 5728 1699 5797 reperto
1723 5722 2114 5779 emendandis
2135 5739 2265 5779 ma-

2398 4733 2659 4798 spectare
2677 4728 2809 4782 boni
2833 4728 3053 4800 queat?
3071 4729 3170 4783 sed
3193 4728 3438 4783 istorum
3459 4727 3696 4799 quidem
3717 4727 4054 4798 nequitiam

2396 4817 2520 4872 dies
2569 4817 2812 4872 forsitan
2879 4818 3132 4890 deteget.
3167 4817 3345 4872 Vobis
3407 4821 3604 4872 autem
3637 4832 3840 4872 eorum
3873 4818 4056 4872 mali-

2394 4908 2537 4962 tiam
2571 4907 2946 4962 imitantibus
2966 4913 3024 4963 et
3055 4925 3086 4962 a
3117 4911 3275 4962 recto
3315 4906 3771 4974 declinantibus,
3807 4922 3941 4962 vere
3979 4924 4054 4964 ac

2394 4997 2547 5052 clare
2565 4998 2835 5069 praedico,
2863 5014 2977 5052 non
2997 4997 3181 5052 abibit
3198 4995 3648 5053 stultafacilitas
3672 4997 3940 5069 impune.
3971 5004 4059 5055 Ac

2395 5087 2475 5142 illi
2516 5088 2661 5142 forte
2693 5103 2922 5158 pcenam
2949 5087 3086 5158 fuga
3105 5085 3476 5143 lucrifacient
3499 5103 3512 5141 :
3535 5103 3636 5142 vos
3654 5085 4067 5158 deprehende-

2397 5177 2540 5232 mini
2571 5195 2584 5246 ;
2617 5177 2858 5232 baarebit
2885 5178 2942 5231 in
2976 5176 3142 5232 vobis
3173 5176 3457 5232 luendum
3495 5176 3744 5231 crimen.
3771 5179 4061 5249 Magnum

2393 5269 2511 5323 scio
2544 5284 2672 5322 esse
2707 5269 2863 5340 quod
2898 5268 3062 5323 edico
3103 5267 3494 5336 comminans,
3548 5267 3649 5322 sed
3703 5269 3899 5322 tamen
3935 5267 4059 5324 tale

2391 5359 2544 5429 quod
2583 5358 2748 5412 vobis
2808 5361 3029 5413 attente
3083 5357 3600 5413 considerantibus
3640 5373 3874 5429 aequum
3909 5374 4060 5414 con-

2392 5449 2508 5502 fido
2539 5449 2732 5501 visum
2770 5447 2862 5513 iri,
2885 5446 3226 5502 schismatis
3257 5445 3478 5502 crimen
3505 5445 3630 5520 pari
3656 5463 3786 5501 cum
3813 5452 4057 5518 aposta-

2391 5538 2472 5592 sia
2509 5555 2678 5609 pcena
2702 5537 3098 5593 multandum.
3138 5538 3205 5592 Et
3235 5538 3334 5609 qui
3361 5537 3668 5594 convictus
3690 5539 3818 5609 ejus
3849 5537 4052 5604 fuerit,

2387 5627 2585 5682 debita
2617 5626 2910 5697 sacrilegis
2955 5626 3258 5682 defectioni
3296 5625 3586 5699 supplicia
3625 5625 3892 5698 perferet.
3938 5631 4053 5683 Vos

2386 5733 2522 5790 ergo
2573 5717 2998 5790 circumspecto
3051 5733 3247 5774 rerum
3281 5716 3643 5790 presentium
3671 5720 3852 5786 statu,
3899 5716 4049 5789 quid
