4246 6446
161 400 270 458 725

1237 404 1335 459 ΠΒ
1372 404 1749 460 MICHAELB
1786 402 2232 461 PALBOLOGO
2268 405 2405 459 LIB.
2445 406 2542 459 IV.

3470 401 3580 450 726

165 527 326 587 σεως.
357 524 538 597 Ὑμεῖς
565 525 697 599 γοῦν
725 518 907 578 ο⁶ίδᾶτε
966 523 1116 586 ὅπως
1168 520 1311 595 ἕξετε
1368 525 1505 601 πρὸς
1558 526 1626 580 τὰ
1680 544 1817 598 παρ-
1849 533 1897 601 Α
1934 526 2050 599 μετ’
2076 522 2261 587 αἲδοῦς
2294 524 2509 580 καὶτοῦ
2561 525 2861 599 πρέποντος
2917 525 3302 601 προσεφέρετο,
3334 522 3419 576 καὶ
3480 520 3579 576 λό-

162 612 312 682 όντα,
344 612 422 675 ὠς
474 612 509 681 ἢ
568 616 647 683 τῷ
705 614 1003 687 ἡσυχάζειν
1061 612 1144 667 ἐπ’
1190 614 1410 688 ἀγαθοῖς
1467 615 1743 686 ἐσόμενοι,
1775 613 1811 683 ἢ

159 700 238 775 τῷ
268 706 493 756 τοιαῦτα
534 706 714 771 ζητεῖν
748 698 918 773 μηδὶν
950 700 1098 762 ὅλως
1143 701 1270 775 ὑμῖν
1330 705 1680 779 προσήκοντα
1734 724 1815 757 τι·

167 789 659 866 μωρηθησόμενοι.
688 812 717 841 »

164 962 255 1037 ιβ’.
285 962 477 1021 Ὅπως
509 958 798 1037 ψηςρίζεται
830 961 983 1037 ὁτῆς
1016 958 1304 1037 ’ᾼδριανοῦ
1335 962 1610 1037 Γερμανὸς
1649 959 1723 1022 εἷς
1756 960 1817 1015 τὸ

507 1031 924 1107 πατριάρχεῖον,
958 1031 1047 1085 καὶ
1080 1031 1270 1094 ὁποῖος
1302 1031 1477 1095 οὗτος.

232 1148 299 1203 10
372 1146 399 1200 ὶ
494 1143 521 1180 γ
780 1146 793 1163 \
946 1145 960 1167 Ι
1312 1147 1327 1167 \
1396 1146 1409 1165 ἲ
1771 1146 1784 1165 Ι

332 1169 371 1219 μ
402 1168 428 1199 ν
462 1167 553 1200 ουν
586 1144 841 1221 βασιλευς
866 1166 1086 1210 τουτοις
1127 1167 1185 1202 τε
1240 1168 1327 1202 και
1388 1144 1582 1211 ἄλλοις
1636 1167 1816 1201 τοιου-

156 1256 277 1300 τοις
304 1236 400 1297 τὰς
432 1237 916 1313 προαναφωνήσας
951 1233 1078 1300 δοὺς
1129 1241 1210 1308 τῷ
1276 1237 1416 1308 λαῷ,
1449 1234 1677 1291 ἀπολύει
1736 1235 1819 1290 ἐπ’

159 1323 329 1380 οἴκων
387 1326 711 1397 πορεύεσθαι
772 1329 879 1379 τῶν
935 1325 1152 1380 οίκείων
1187 1330 1267 1396 [Ρ.
1305 1329 1428 1399 188]
1462 1323 1687 1380 ἕκαστον
1724 1345 1736 1357 ο
1766 1334 1817 1389 οῖ

161 1416 444 1489 ἀρχιερεῖς
473 1412 531 1468 δὲ
559 1415 620 1469 τὸ
677 1411 964 1487 ἐνδόσιμον
1027 1410 1286 1477 λαϐόντες
1344 1416 1669 1492 ψηφίζεσθαι
1726 1418 1816 1471 τὸν

158 1501 431 1558 δοκοῦντα
462 1503 639 1580 σφίσιν
675 1502 761 1557 ἐπὶ
792 1506 862 1575 τῇ
899 1500 1130 1577 μεγίστῇ
1157 1505 1457 1578 προστασίᾳ
1486 1505 1575 1559 τὸν
1624 1503 1816 1574 ἐπιτή-

160 1590 331 1659 δειον,
365 1592 417 1645 έν
476 1596 660 1664 ταυτῷ
717 1592 919 1646 συνίασι
979 1594 1173 1654 πάντες
1231 1593 1368 1648 κατά
1418 1594 1480 1647 τὸ
1529 1594 1674 1668 ἱερὸν
1727 1594 1817 1649 καὶ

164 1681 301 1757 μέγα
334 1684 439 1735 τῶν
472 1684 796 1755 ΒΑαχερνῶν
826 1678 1072 1753 τέμενος,
1104 1682 1191 1735 καὶ
1225 1680 1396 1736 ἄλλον
1448 1680 1623 1737 ἄλλου
1680 1704 1819 1759 προ-

160 1764 516 1842 ϐαλλομένου
572 1770 732 1832 τέλος
794 1768 874 1847 ἐφ’
933 1771 1007 1825 ἑνὶ
1070 1771 1259 1832 πάντες
1318 1776 1692 1847 συμφωνοῦσι,
1740 1776 1820 1843 τῷ

1925 636 2022 689 γου
2055 616 2265 669 ἀκούων
2294 615 2497 690 ἠγάπα,
2532 616 2620 669 καὶ
2654 613 2815 691 φίλος
2843 616 2908 681 ἦν
2951 612 3003 675 ές
3058 614 3124 668 τά
3177 612 3415 685 μάλιστα
3470 617 3576 665 τῶν

1926 704 2217 773 τοιούτων,
2250 704 2323 765 ὡς
2354 702 2441 757 καὶ
2476 701 2634 764 αὐτὸς
2662 708 2759 756 τοῦ
2814 700 2986 757 καλοῦ
3045 702 3267 777 μετέχοι
3331 702 3404 763 ὡς
3460 702 3577 774 ἀρι-

1929 813 2046 849 στα.
2083 795 2305 867 Ἀρετῆς
2366 789 2421 846 δὲ
2482 799 2647 865 μετῆν
2701 790 2780 864 τῷ
2837 787 2989 864 ἀνδρὶ
3037 790 3144 865 οὐχ
3172 792 3231 858 ἣν
3264 788 3322 843 ἃν
3360 791 3408 844 οἱ
3441 812 3580 867 παρ-

1931 882 2081 943 όντες
2141 880 2433 952 αῗνοῖεν,ἢ
2500 881 2712 954 μᾶλλον
2775 881 2826 934 o't
2885 882 3012 956 παρ’
3042 880 3253 935 ἑαυτοῖς
3314 876 3577 954 προύχειν

1932 970 2217 1035 δοκοῦντες
2247 976 2353 1025 τῶν
2388 969 2599 1043 ἀλλων,
2637 972 2904 1046 βρώματα
2931 969 3021 1024 καὶ
3080 968 3264 1030 πόσεις
3324 968 3581 1047 φιλοκρι-

1931 1066 2148 1122 νοῦντες
2203 1060 2292 1115 καὶ
2353 1059 2563 1134 ἡμέρας
2612 1060 2819 1114 τούτων
2876 1058 3082 1130 έκάστῳ
3129 1058 3437 1133 πρεπούσας
3490 1058 3579 1113 καὶ

1933 1150 2080 1223 παρά
2106 1150 2169 1203 τὸ
2202 1148 2344 1210 εῖκὸς
2377 1149 2797 1223 προσνέμοντες,
2828 1151 2965 1220 πεζῇ
3022 1167 3080 1201 τε
3131 1146 3220 1201 καὶ
3284 1144 3454 1222 βάδην
3485 1148 3579 1201 αἱ-

1934 1238 2193 1311 ρούμενοι
2227 1236 2535 1313 διέρχεσθαι
2565 1239 2661 1300 τάς
2705 1234 2885 1302 ὁδοὺς,
2916 1233 3273 1297 ἀνιπτόποδες
3328 1236 3419 1290 καὶ
3476 1256 3584 1312 χα-

1938 1331 2183 1399 μαιεῦναι
2213 1327 2301 1380 καὶ
2334 1325 2730 1401 μονοχίτωνες,
2763 1325 2813 1380 έν
2850 1322 3084 1399 δευτέρῳ
3132 1322 3189 1379 δὶ
3235 1324 3441 1379 τούτων
3486 1326 3578 1380 τὸν

1935 1417 2111 1471 οἶκτον
2145 1414 2235 1469 καὶ
2267 1415 2365 1483 τήν
2402 1414 2613 1490 ἀγάπην
2645 1411 2940 1487 τιθέμενοι,
2974 1411 3050 1468 ἔτι
3084 1411 3143 1469 δὲ
3195 1413 3284 1467 καὶ
3341 1415 3441 1482 τήν
3493 1436 3581 1491 φι-

1934 1502 2282 1577 λανθρωπίαν
2314 1505 2401 1558 καὶ
2434 1506 2533 1574 τήν
2577 1503 2912 1577 συμπάθειαν
2970 1504 3061 1557 καὶ
3110 1504 3171 1557 τὸ
3220 1502 3349 1558 ὅλον
3410 1502 3579 1557 εἰπεῖν

1931 1595 2032 1662 τὴν
2067 1591 2357 1669 διάκρισιν,
2389 1590 2625 1668 σκληροί
2671 1614 2813 1654 τινες
2872 1588 3021 1656 ὅντες
3070 1593 3157 1647 καὶ
3216 1597 3331 1653 τοῖς
3381 1590 3579 1653 ἄλλοις

1938 1684 2254 1757 μωμητικοῖ
2310 1683 2399 1737 καὶ
2460 1684 2851 1757 μεμψίμοιροι,
2885 1682 2960 1744 ὡς
3019 1682 3229 1742 ἑαυτοῖς
3280 1683 3429 1758 σφίσι
3487 1682 3577 1735 καὶ

1940 1772 2127 1847 μόνοις
2184 1773 2282 1839 τὴν
2344 1771 2538 1847 ἀρετὴν
2582 1776 2881 1846 περιποιεῖν
2916 1769 3254 1848 αἱρούμενοι,
3286 1771 3380 1826 κᾶν
3442 1772 3472 1827 6'
3528 1792 3579 1825 τι

160 1859 674 1935 Ἀδριανουπόλεως
709 1866 992 1934 Γερμανῷ,
1020 1858 1175 1937 ἀνδρὶ
1218 1860 1487 1938 ἐλευθέρῳ
1544 1863 1635 1917 τὸν
1692 1863 1822 1938 τρό-
1858 1898 1903 1961 Β
1935 1862 2130 1917 ἐκεῖνοι
2164 1860 2252 1915 καὶ
2311 1860 2620 1935 πράττοιεν,
2654 1859 2783 1915 ἀλλ’
2812 1862 3009 1934 ἀρετῆς
3066 1867 3165 1931 τῆς
3223 1862 3341 1915 κατ’
3371 1859 3581 1937 ἄνθρω-

166 1971 271 2005 πον
304 1950 395 2005 καὶ
428 1952 602 2025 ἱεραῖς
633 1948 985 2026 διεξαγωγαῖς
1015 1951 1299 2026 πρέποντι,
1332 1946 1410 2006 ἔτι
1473 1948 1529 2005 δὲ
1578 1952 1668 2005 καὶ
1723 1953 1821 2020 τήν

164 2038 227 2095 ἐκ
286 2036 561 2115 βασιλέως
617 2039 677 2095 έκ
732 2039 973 2095 παλαιοῦ
1030 2039 1361 2095 πλουτοῦντι
1423 2037 1683 2104 διάθεσιν.
1732 2043 1827 2095 Ὧν

161 2130 268 2202 γάρ
303 2129 333 2184 ὁ
362 2128 500 2202 ἀνὴρ
529 2134 649 2190 ταῖς
679 2127 963 2197 ἀληθείαις
999 2126 1308 2206 φιλόκαλος
1372 2130 1466 2202 μὶν
1520 2130 1610 2184 καὶ
1670 2128 1828 2208 φιλο-

164 2219 339 2294 λόγος
370 2218 423 2281 ές
446 2218 633 2294 ἄκρον,
665 2219 833 2275 καλὸν
868 2216 914 2273 δ’
946 2221 1080 2273 ἅπαν
1117 2216 1276 2281 εἰδὼς
1305 2220 1334 2274 ὃ
1366 2218 1425 2275 ἂν
1476 2222 1566 2275 καὶ
1628 2220 1704 2282 εἷς
1759 2221 1826 2276 τὰ

159 2312 464 2384 πράγματα
498 2308 859 2384 χρησιμεύοι,
896 2310 971 2381 μή
1010 2310 1176 2381 μόνον
1203 2310 1279 2371 εἰς
1320 2309 1538 2384 ἀρετὴν,
1574 2310 1628 2365 έν
1686 2331 1826 2385 προ-

157 2400 388 2472 τιμήσει
440 2397 714 2459 πολλάκις
762 2402 869 2453 τῶν
928 2397 1160 2453 έπαίνων
1218 2398 1380 2462 έτίθει
1432 2399 1522 2453 τὸν
1587 2401 1703 2471 μετ’
1740 2399 1823 2454 έν-

157 2489 421 2565 τρεχείας
446 2489 629 2543 καὶτὸ
660 2488 713 2551 ές
747 2491 934 2564 ψυχήν
980 2488 1218 2566 ἀσφαλὲς
1272 2485 1471 2564 ἔχοντα
1526 2494 1623 2545 τοῦ
1680 2490 1823 2554 ὅλως

159 2580 334 2654 ἀρετῇ
393 2582 667 2648 συζῶντος
725 2581 932 2653 γυμνῇ,
993 2578 1039 2632 εί
1093 2579 1231 2633 κατά
1292 2579 1410 2653 βίον
1456 2578 1547 2633 καὶ
1606 2580 1683 2651 μή
1745 2580 1826 2634 ἐπ’

155 2665 402 2743 ἐρημίας
436 2664 638 2742 διάγοι.
672 2668 833 2731 Ὅθεν
864 2667 1058 2742 λόγιος
1088 2667 1183 2740 μὶν
1212 2668 1319 2722 οὐκ
1373 2670 1463 2738 ἧν,
1496 2666 1710 2733 λογίοις
1770 2666 1828 2724 δὶ

166 2892 437 2947 vestrum
473 2887 795 2959 unicuique
835 2886 1466 2948 conducat.decernite.
1499 2886 1723 2953 Videte,
1746 2887 1835 2942 in-

176 2994 386 3051 quam,
422 2995 495 3033 au
530 2993 644 3033 non
679 2978 756 3033 sit
793 2975 1003 3031 melius
1025 2975 1217 3047 quiete
1246 2976 1495 3032 vivendo
1526 2975 1697 3032 bonis
1722 2976 1836 3032 frui

160 3084 349 3141 quam
382 3066 715 3123 intricando
737 3082 800 3121 se
832 3066 1007 3121 rebus
1032 3082 1096 3121 as
1127 3082 1227 3120 vos
1261 3065 1406 3120 nihil
1439 3065 1834 3122 attinentibus

167 3158 228 3213 in
270 3173 479 3230 pcenas
510 3155 772 3211 incidere
804 3154 1205 3227 gravissimas.
1242 3176 1269 3203 υ

171 3308 263 3365 12.
297 3308 362 3365 Ut
390 3308 679 3379 suffragii:
707 3308 915 3363 electus
943 3306 1016 3361 sit
1054 3307 1114 3361 in
1132 3307 1521 3379 patriarcham
1546 3307 1813 3363 Adriano-
1859 3285 1901 3352 (ἶ

239 3380 426 3451 paleas
471 3377 755 3451 episcopus
786 3377 1203 3442 Germanusfet
1228 3379 1413 3450 qualis
1441 3377 1531 3433 hic
1556 3382 1753 3449 fuerit.

234 3513 370 3569 Haec
394 3514 716 3586 imperator
739 3517 795 3568 et
815 3513 1108 3584 ejusmodi
1135 3512 1248 3568 alia
1271 3512 1503 3568 locutus
1523 3513 1829 3583 conticuit,

161 3607 365 3664 locum
398 3606 551 3660 dans
581 3603 1110 3659 acclamationibus
1141 3603 1341 3675 populi
1376 3604 1830 3669 solitis,concio-

160 3710 359 3769 neque
390 3693 585 3750 soluta
636 3692 865 3747 remisit
912 3693 1157 3747 domum
1208 3708 1716 3764 unumquemque.
1762 3696 1833 3747 At

158 3784 431 3858 episcopi
466 3782 741 3838 facultate
762 3786 1003 3853 accepta
1034 3780 1287 3852 eligendi
1313 3781 1513 3836 liberis
1537 3781 1834 3854 suffragiis

162 3891 351 3949 quem
375 3871 641 3928 omnium
661 3870 1025 3943 aptissimum
1042 3871 1383 3942 judicarent
1405 3872 1474 3926 ad
1494 3887 1833 3941 supremam

168 3963 452 4020 Ecclesia
482 3962 887 4033 praefecturam
934 3965 1148 4016 coeunt
1188 3976 1393 4016 omnes
1424 3961 1483 4015 in
1514 3976 1744 4016 sacrum
1771 3977 1837 4015 ac

165 4069 459 4127 magnum
478 4051 768 4125 templum
793 4050 1339 4117 Blachernarum,et
1356 4056 1665 4123 postquam
1688 4050 1838 4106 alius

163 4146 360 4201 alium
385 4142 887 4216 proposuisset,ad
919 4148 1245 4197 extremum
1274 4143 1529 4197 universi
1555 4159 1839 4198 convene-

167 4240 316 4291 runt
380 4235 440 4289 in
491 4233 783 4290 Germano
824 4233 978 4289 279
1035 4233 1494 4305 AdrianOpoleos
1542 4233 1838 4305 episcopo,

166 4326 299 4381 viro
318 4325 514 4382 libera:
532 4324 749 4379 indolis
770 4328 826 4379 et
844 4323 1447 4380 sacrisfunctionibus
1463 4325 1669 4379 decore
1683 4340 1842 4393 pera-

169 4414 718 4487 gendisidoneo,ad
755 4412 877 4468 haec
910 4412 1170 4485 gratioso
1202 4412 1521 4485 plurimum
1548 4414 1674 4484 jam
1700 4412 1840 4468 olim

161 4504 323 4575 apud
346 4502 933 4574 imperatorem.Erat
954 4502 1111 4557 enim
1130 4518 1325 4557 revera
1346 4502 1522 4557 homo
1538 4502 1775 4574 elegans
1788 4492 1845 4555 et

162 4592 439 4647 eruditus
471 4596 535 4645 ut
566 4592 665 4664 qui
696 4590 1045 4656 maxime,ac
1076 4608 1209 4646 cum
1247 4592 1301 4645 in
1346 4590 1509 4645 nullo
1533 4608 1646 4645 non
1677 4607 1843 4645 exer-

1936 1973 2037 2007 που
2088 1947 2279 2019 ὅντως,
2310 1952 2429 2015 καθ’
2458 1952 2517 2020 ἦν
2579 1948 2637 2005 ἂν
2691 1951 2779 2006 καὶ
2841 1952 2868 2005 6
2929 1950 3186 2020 ἀληθινὸς
3233 1951 3578 2027 χαρακτηρί-

1939 2046 2084 2111 ζοιτο
2117 2041 2426 2114 ἄνθρωπος,
2458 2040 2547 2094 καὶ
2585 2039 2796 2114 μᾶλλον
2832 2041 2860 2095 6
2891 2040 2973 2094 ἐπ’
3005 2039 3261 2110 ἐξουσίας,
3290 2041 3335 2112 ᾧ
3368 2038 3433 2109 δὴ
3492 2041 3581 2095 καὶ

1932 2131 1995 2185 τὸ
2058 2131 2416 2204 μετριοπαθές
2470 2134 2566 2185 τοῦ
2626 2130 2865 2193 ἀπαθοῦς
2917 2128 3129 2202 μᾶλλον
3168 2128 3444 2207 ὀφείλεται
3475 2153 3485 2162 ·
3522 2132 3583 2185 οὗ

1936 2216 2003 2287 δὴ
2069 2220 2189 2295 βίου
2223 2222 2308 2293 [Λ.
2345 2221 2468 2293 189]
2500 2218 2545 2274 εἰ
2598 2217 2804 2293 έξαρεῖς
2854 2219 2953 2288 τὴν
3014 2215 3303 2294 διάκρισιν,
3360 2219 3421 2273 τὸ
3479 2226 3581 2274 πᾶν

1936 2307 2222 2372 ἀπώλεσας
2301 2309 2351 2380 ἐξ
2432 2308 2566 2371 ἑνός.
2627 2308 2860 2383 Τοιαύτη
2948 2307 3123 2362 τοίνυν
3205 2308 3585 2382 κοσμούμενος

1936 2398 2123 2473 ἀρετῇ,
2158 2401 2223 2468 ἣν
2288 2397 2353 2467 δὴ
2413 2401 2502 2453 καὶ
2561 2396 2854 2469 πολιτικήν
2914 2420 3051 2460 τινες
3085 2397 3301 2473 λέγουσι
3349 2398 3437 2453 καὶ
3491 2401 3585 2456 τὸν

1936 2489 2056 2543 κατ’
2086 2487 2251 2556 αὐτὴν
2316 2488 2433 2563 βίον
2490 2486 2800 2555 πολιτικὸν,
2840 2487 2999 2560 μέσον
3046 2479 3188 2542 ’ὄντα
3247 2492 3585 2564 θεωρητικοῦ

1936 2599 1995 2633 τε
2049 2580 2139 2633 καὶ
2192 2576 2618 2647 ἀπολαυστικοῦ,
2676 2578 2703 2631 6
2761 2576 3034 2645 δηλωθεὶς
3080 2584 3178 2647 τῆς
3235 2576 3584 2653 Ὀρεστιάδος

1938 2668 2223 2746 ἀρχιερεὺς
2272 2670 2585 2746 προκριθεὶς
2638 2674 2747 2725 τῶν
2806 2667 2994 2725 ἄλλων
3034 2669 3144 2744 (καὶ
3203 2670 3307 2746 γὰρ
3366 2667 3585 2746 έλέγετο

1947 2889 2140 2956 batur,
2184 2894 2250 2946 ut
2303 2891 2579 2947 doctrinas
2631 2907 2699 2946 ac
2742 2891 3067 2962 sapientiai,
3101 2906 3278 2961 quam
3340 2890 3399 2945 in
3458 2889 3590 2947 aliis

1946 2979 2204 3046 amabat,
2263 2978 2357 3035 vel
2417 2979 2738 3053 plurimum
2771 2979 2829 3034 in
2884 2996 2947 3035 se
3013 2980 3227 3036 habere
3273 2978 3589 3036 videretur.

1944 3067 2147 3125 Virtus
2178 3085 2311 3125 vero
2342 3086 2521 3141 quam
2553 3069 2611 3124 in
2644 3074 2758 3124 vita
2786 3068 3175 3141 exprimebat,
3200 3086 3314 3123 non
3347 3075 3472 3123 erat
3493 3068 3595 3125 illa

1944 3158 2183 3229 quidem
2217 3158 2448 3230 qualem
2478 3157 3093 3214 hodiernalaudarent
3125 3158 3341 3227 tetrici,
3366 3162 3468 3213 aut
3492 3175 3595 3229 po-

1942 3249 2061 3314 tius
2092 3246 2193 3317 qui
2225 3262 2438 3301 arcano
2461 3245 2829 3301 conscientia
2864 3246 3016 3301 fastu
3053 3252 3330 3317 praestare
3359 3263 3423 3301 se
3454 3245 3596 3301 reli—

1943 3352 1975 3407 q
1988 3335 2076 3391 uis
2095 3335 2813 3408 exislimant,magn0pere
2828 3336 2936 3390 sibi
2961 3335 3257 3406 placentes
3272 3335 3328 3390 in
3352 3352 3584 3391 moroso

1939 3425 2195 3496 quodam
2224 3425 2491 3480 ciborum
2522 3441 2589 3479 ac
2621 3424 2923 3495 potionum
2948 3424 3196 3492 delectu,
3223 3422 3349 3479 suis
3372 3425 3585 3479 unicu-

1939 3529 2074 3585 que,
2116 3514 2443 3568 voluntaria
2469 3514 2767 3583 religione,
2803 3512 2958 3568 ultra
2991 3513 3397 3585 praescriptum
3421 3530 3593 3568 com-

1939 3603 2197 3658 muniter
2253 3603 2517 3658 ordinem
2577 3603 2788 3658 diebus
2835 3602 3191 3673 assigandis,
3252 3602 3593 3657 alfactantes

1940 3691 2449 3747 itineraconﬁcere
2472 3692 2741 3762 pedibus,
2766 3708 2915 3762 quos
2944 3692 3122 3745 etiam
3146 3706 3378 3761 semper
3398 3690 3592 3745 illotos

1942 3785 2239 3836 ostentare
2269 3787 2491 3849 amant,
2524 3780 2689 3835 humi
2723 3780 3034 3847 cubantes,
3066 3796 3182 3834 una
3222 3780 3424 3835 tunica
3454 3796 3593 3834 eon-

1945 3871 2115 3939 tenti,
2140 3874 2414 3925 caeterum
2450 3869 2916 3925 misericordiam
2947 3868 3108 3923 hisce
3128 3868 3595 3938 cbaritatemque

1945 3965 2077 4032 post
2105 3960 2388 4015 habentes
2422 3964 2816 4031 pretereaque
2839 3956 3265 4031 benignitatem
3297 3961 3356 4012 et
3382 3956 3594 4012 huma-

1946 4066 2088 4105 num
2121 4048 2470 4105 condolendi
2500 4048 2887 4104 maerentibus
2927 4046 3210 4115 officium,
3243 4046 3493 4117 denique
3530 4049 3595 4101 ut

1948 4156 2061 4195 uno
2086 4140 2262 4195 verbo
2286 4143 2498 4194 cuncta
2533 4136 2910 4209 complectar,
2943 4134 3377 4199 discretionem,
3403 4134 3592 4205 asperi

1948 4228 2188 4300 quidam
2213 4232 2268 4284 et
2289 4226 2653 4298 superciliosi
2680 4223 3204 4295 censores,nullam
3224 4225 3501 4295 carpendi
3529 4239 3596 4278 ac

1944 4317 2252 4375 vellicandi
2306 4322 2516 4371 cuncta
2572 4316 2740 4371 obvia
2772 4315 3007 4370 modum
3044 4314 3197 4370 280
3230 4315 3477 4368 finemve
3512 4314 3593 4368 fa-

1950 4411 2192 4475 cientes,
2222 4424 2332 4462 sua
2386 4408 2689 4472 mirantes,
2722 4420 2783 4460 se
2836 4421 2980 4460 unos
3008 4408 3224 4459 rectam
3267 4404 3397 4457 vitae
3428 4403 3593 4473 sequi

1950 4504 2193 4563 sectam,
2238 4512 2385 4551 unos
2433 4511 2660 4567 sapere,
2711 4510 2888 4565 penes
2940 4510 3089 4549 unos
3136 4495 3250 4547 vim
3298 4493 3596 4563 decusque

1951 4588 2141 4643 laudis
2175 4603 2241 4641 ac
2272 4584 2569 4656 religionis
2597 4584 2850 4639 residere
2881 4582 3092 4652 omnis,
3128 4582 3185 4635 in
3218 4580 3444 4637 cunctis
3468 4598 3595 4652 quas

164 4685 392 4738 citatus
418 4680 807 4737 laudabilium
835 4698 1048 4753 genere
1079 4682 1319 4750 artium,
1352 4687 1475 4736 tum
1510 4681 1642 4736 illas
1674 4682 1835 4736 exiis
1868 4664 1913 4727 Ι)
1945 4682 2126 4747 agunt
2156 4692 2217 4731 se
2257 4674 2484 4746 opinari
2536 4675 2929 4745 praeferentes.
2962 4672 3086 4726 Non
3140 4670 3295 4735 talis,
3330 4672 3595 4742 inquam,

167 4788 302 4843 quas
335 4787 453 4826 non
488 4771 559 4825 ad
592 4769 776 4826 solam
808 4770 1084 4826 virtutem
1107 4771 1203 4825 sed
1230 4772 1301 4828 ad
1327 4786 1418 4827 res
1441 4771 1588 4826 bene
1611 4787 1676 4826 ac
1698 4786 1829 4825 cum

168 4876 455 4918 successu
489 4861 772 4932 gerendas
802 4866 997 4916 essent
1027 4858 1223 4927 utiles,
1264 4861 1531 4931 printer-re
1573 4859 1830 4932 plerum-

172 4966 287 5021 que
311 4949 542 5022 judicio
573 4966 639 5005 ac
670 4950 1180 5005 commendatione
1210 4950 1434 5005 caeteris
1456 4950 1746 5014 solitus,et
1765 4967 1833 5005 ex

169 5038 519 5095 hominibus
551 5054 685 5094 eum
719 5040 973 5112 quicum
1001 5039 1343 5095 dexteritate
1364 5040 1569 5113 agendi
1592 5056 1833 5095 versan-

170 5131 354 5203 dique
376 5131 435 5185 in
470 5130 644 5186 rebus
676 5130 886 5186 salutis
909 5130 1120 5185 animae
1143 5130 1397 5187 rationes
1420 5130 1476 5185 in
1504 5134 1629 5186 tuto
1649 5129 1834 5187 babe-

172 5224 281 5290 ret,
314 5219 417 5276 illo
448 5219 783 5276 existimare
814 5219 1098 5291 potiorem
1148 5220 1204 5275 in
1238 5236 1300 5275 se
1330 5223 1519 5276 totum
1569 5219 1739 5275 nudze
1769 5236 1835 5274 ac

179 5326 341 5366 mere
372 5310 571 5364 virtuti
596 5310 833 5365 dederet
862 5310 910 5364 si
942 5309 991 5364 ei
1025 5326 1138 5364 non
1171 5309 1227 5363 in
1260 5308 1602 5365 sollitudine
1651 5310 1749 5365 sed
1776 5309 1836 5364 in

177 5400 467 5456 societate
488 5416 676 5455 acusu
702 5399 1004 5455 hominum
1022 5399 1333 5454 vivendum
1356 5399 1678 5455 esse.Unde
1700 5416 1835 5453 eum

186 5506 301 5546 non
336 5494 493 5544 esset
542 5487 668 5560 ipse
715 5488 952 5561 quidem
1001 5486 1304 5559 eloquens,
1356 5488 1607 5544 disertos
1639 5494 1835 5544 tamen

176 5580 325 5635 scita
356 5584 414 5633 et
443 5580 730 5635 reverenti
765 5577 1191 5634 consuetudine
1224 5579 1838 5643 demerebatur,bene-

178 5669 345 5725 volus
391 5668 624 5723 auditor
655 5668 1075 5740 perorantium,
1103 5667 1433 5735 amorisque
1466 5668 1522 5721 in
1554 5668 1607 5722 id
1652 5667 1836 5723 homi-

176 5776 319 5816 num
344 5775 531 5832 genus
557 5758 750 5814 eximii
778 5758 1073 5830 professor
1097 5775 1109 5825 ;
1134 5756 1351 5829 quibus
1376 5757 1550 5813 rebus
1572 5774 1841 5829 asseque-

1940 4766 2121 4836 bujus
2142 4765 2246 4819 viri
2282 4765 2468 4821 virtus
2498 4764 2747 4831 erat,sed
2775 4763 2947 4834 longe
2980 4760 3188 4816 diversi
3220 4761 3468 4832 generis,
3494 4778 3587 4816 ac-

1942 4858 2312 4913 commodata
2344 4855 2605 4911 omnimo
2636 4855 2707 4909 ad
2758 4853 3084 4909 humanum
3135 4858 3399 4924 captum,
3431 4850 3592 4922 quali

1941 4964 2074 5002 eum
2108 4946 2379 5018 insigniri
2409 4948 2493 4999 fas
2524 4944 2598 4999 sit
2630 4944 2727 5015 qui
2752 4958 2951 4997 verum
2984 4941 3282 4996 hominem
3318 4957 3449 4995 vera
3478 4940 3592 4994 bu-

1944 5035 2221 5091 manitale
2251 5051 2378 5090 sese
2402 5038 2653 5105 praestet,
2687 5036 2857 5105 prout
2890 5030 3211 5103 praesertim
3244 5046 3379 5085 eum
3430 5031 3597 5085 decet

1944 5124 2043 5196 qui
2068 5125 2428 5179 contsitutus
2453 5123 2510 5177 in
2545 5121 2884 5193 praefectura
2906 5120 3047 5185 sit,a
3069 5135 3183 5191 quo
3209 5136 3322 5176 non
3347 5117 3595 5188 exigitur

1946 5222 2012 5271 ut
2044 5213 2557 5287 perturbationum
2590 5210 2860 5265 funditus
2902 5225 3106 5280 expers
3140 5209 3237 5272 sit,
3271 5209 3370 5263 sed
3402 5213 3465 5262 ut
3494 5224 3593 5264 eas

1948 5305 2353 5360 mediocritate
2367 5303 2619 5374 quadam
2648 5304 3005 5371 temperatas
3023 5297 3239 5353 habeat
3259 5299 3315 5352 in
3342 5304 3593 5370 potesta-

1944 5400 2029 5463 te;
2057 5412 2085 5449 a
2101 5412 2216 5466 quo
2239 5394 2365 5447 vita:
2383 5408 2594 5465 genere
2608 5392 2655 5445 si
2680 5390 3089 5445 discretionem
3105 5388 3505 5450 tollas.omnia
3526 5407 3595 5445 ex

1947 5502 2064 5541 uno
2111 5483 2441 5555 perdidisti.
2494 5480 2846 5553 Hujusmodi
2881 5494 3016 5550 ergo
3064 5483 3306 5533 ornatus
3358 5478 3593 5545 virtute,

1948 5591 2126 5648 quam
2162 5573 2387 5628 civilem
2424 5573 2664 5643 quidam
2690 5573 2993 5633 vocant,ut
3022 5573 3078 5623 et
3110 5570 3234 5622 vita:
3267 5569 3593 5623 secundum

1949 5680 2079 5720 eam
2114 5664 2305 5717 ductm
2335 5662 2521 5717 civilis
2580 5659 3032 5733 appellationem
3067 5658 3357 5723 tribuunt,
3392 5658 3595 5713 mediae

1952 5754 2205 5827 cuipiam
2240 5753 2394 5808 inter
2423 5752 2932 5824 contemplavitam
2980 5757 3035 5806 et
3064 5749 3477 5821 voluptariam,
3500 5748 3597 5807 ille
