4212 6442
651 347 765 403 727

1961 343 2259 405 GEORGII
2299 343 2764 398 PACHYMERE

3964 349 4072 404 728

652 471 748 526 γάν
780 473 860 542 τῷ
891 471 1008 525 κατ’
1041 470 1310 539 ἀνατολὴν
1360 465 1472 547 ὄρει
1530 474 1610 542 τῷ
1671 471 1864 544 μέλανι
1917 470 2007 525 καὶ
2062 472 2132 542 τῇ
2188 468 2389 535 κατ⁹Α
2425 465 2521 537 μὲν
2581 463 2895 538 ἁπλότητος
2953 466 3337 545 πλεονέκτημα
3394 471 3471 536 εἷς
3516 474 3852 551 κατηγορίαν
3911 472 4071 529 ἀδια-

660 558 829 614 έκεῖνο
893 561 1033 633 μονῇ
1092 558 1408 634 ἐγχρονίσας
1466 560 1696 628 ἀσκῆσαι
1736 560 1798 615 τὸ
1830 557 2093 614 πάλαιτᾶ
2154 556 2312 629 μέγι-

663 650 783 722 στα)
816 647 963 720 παρά
1017 652 1125 701 τῶν
1187 648 1396 703 λοιπῶν
1446 651 1671 721 ήξιοῦτο
1718 649 1817 717 τήν
1848 655 1946 716 τῆς
1979 654 2313 701 Κωνσταντι-

662 736 979 798 νουπόλεως
1035 748 1369 811 προστασίαν
1430 736 1801 808 ἀναδέξασθαι.
1855 736 1958 791 Σὺν
2018 738 2098 797 οἷς
2145 734 2235 788 καὶ
2284 734 2313 788 ὁ

670 826 927 900 βασιλεὺς
958 828 1058 894 τήν
1087 829 1266 905 ψῆφον
1327 824 1726 899 ἀποδεξάμενος
1782 820 2167 896 κατηντιϐόλει
2219 824 2310 877 τὸν

663 912 853 985 ἄνδρα,
886 914 973 969 καί
1008 914 1086 991 ἐφ’
1118 914 1351 990 ἡμέραις
1385 916 1627 985 προσιὼν
1670 913 1827 975 ὅλαις
1880 916 2075 989 ὁρμαῖς
2132 910 2314 987 παρώ-

659 1022 819 1077 τρυνε
849 1004 936 1057 καὶ
968 1002 1123 1076 ἠξίου
1159 1004 1233 1076 μή
1286 1005 1711 1077 ἀποπέμψασθαι
1761 1005 1826 1059 τά
1881 1010 1981 1073 τῆς
2035 1004 2309 1072 κλήσεως.

661 1116 745 1183 ιγ’,
776 1110 965 1172 ’Ὀπως
1012 1106 1265 1201 ἀνάγεται
1323 1111 1596 1202 Ιῖειρμανὸς
1654 1110 1730 1173 εἷς
1772 1110 1835 1165 τὸ
1891 1114 2309 1186 πατριαρχεῖον,

1177 1203 1266 1235 και
1297 1204 1349 1236 τι
1381 1202 1783 1255 οιαπραττεται.

729 1272 837 1325 Καὶ
899 1269 965 1339 δὴ
1016 1269 1391 1346 παρακληθεὶς
1448 1272 1567 1341 εἶξε.
1604 1272 1706 1326 Καὶ
1754 1271 1921 1344 μηνὸς
1980 1276 2314 1341 Μαιμακτη-

659 1362 859 1431 ριῶνος
892 1358 944 1413 έν
977 1364 1044 1433 τῇ
1078 1364 1177 1414 τοῦ
1210 1359 1363 1433 ἁγίου
1408 1359 1725 1432 Πνεύματος
1779 1360 1939 1433 ἑορτῇ
1999 1358 2103 1412 ὑπὸ
2153 1358 2313 1430 τόμῳ

658 1452 825 1520 κοινῷ
901 1449 1146 1524 γεγονότι
1240 1451 1590 1525 πατριάρχης
1677 1447 2145 1522 ἐπικηρύσσεται,
2220 1446 2311 1501 καὶ

661 1537 842 1613 σφίσιν
878 1538 991 1609 ἅμα
1021 1536 1520 1611 συλλειτουργήσας
1548 1541 1626 1609 τῷ
1670 1537 1802 1612 ἰερῷ
1845 1534 2078 1614 ἐφιζαὶνει
2137 1533 2311 1607 θρόνῳ

658 1626 886 1679 καὶτῶν
919 1622 1105 1680 ἄλλων
1170 1624 1514 1700 προΐσταται.
1546 1628 1699 1699 ⁶Λμα
1756 1622 1813 1680 δὲ
1866 1629 1946 1697 τῷ
2002 1618 2311 1697 προσϐῆναι

656 1718 739 1786 τῷ
797 1716 976 1790 θρόνῳ
1037 1713 1189 1790 ἔργον
1243 1713 1436 1787 ἐκείνῳ
1492 1714 1761 1791 ἀσχολίας
1809 1713 1987 1783 πάσης
2020 1714 2308 1788 ὑπέρτερον

655 1808 815 1876 τιμᾷν
871 1825 931 1859 τε
985 1810 1102 1866 τοῖς
1160 1806 1501 1878 προσήκουσι
1559 1804 1686 1866 τοὺς
1733 1805 1895 1879 ἀρετῇ
1929 1801 2220 1864 δοκοῦντας
2270 1801 2305 1872 ἢ
2340 1836 2383 1900 Β

653 1893 745 1946 καὶ
806 1891 958 1966 λόγῳ
1006 1894 1263 1968 προέχειν
1314 1898 1423 1947 τῶν
1455 1891 1664 1961 ἄλλων,
1696 1892 1825 1954 τοὺς
1861 1894 1953 1965 μὶν
2010 1891 2301 1964 ἀξιώμασι,

648 1980 778 2043 τοὺς
838 1980 894 2035 δὲ
954 1982 1302 2058 φιλοτησίαις
1358 1984 1586 2043 ἁπάσαις
1633 1982 1723 2036 καί
1768 1980 1967 2056 δώροις
2000 1981 2300 2043 παντοίοις.

652 2074 749 2127 Ἦν
802 2073 904 2146 γὰρ
959 2071 1049 2125 καὶ
1100 2074 1507 2147 περιφρονητής
1561 2071 1789 2147 χρυσίου
1835 2073 1901 2127 τὰ
1936 2071 2192 2143 μάλιστα,
2227 2072 2300 2132 ὡς

656 2157 797 2232 μηδὲ
853 2166 1142 2229 κεκτῆσθαι
1203 2159 1518 2236 βαλάντιον,
1568 2158 1713 2215 ἀλλά
1769 2162 1830 2215 τὸ
1887 2156 2295 2234 προσαγόμενον

648 2245 871 2303 ἔκποθεν
904 2247 992 2303 ἐπί
1021 2256 1122 2316 τῆς
1174 2245 1427 2311 στιϐάδος
1475 2249 1681 2305 ἐκείνου
1738 2249 1978 2304 κελεύειν
2036 2249 2297 2318 τίθεσθαι,

648 2336 722 2398 ὡς
772 2334 993 2410 ἕτοιμον
1045 2338 1179 2392 εἶναι
1240 2342 1357 2401 ταῖς
1396 2336 1609 2413 χρείαις
1639 2336 2014 2405 τῆςεύποιίας
2042 2335 2179 2391 ὅπου
2236 2334 2295 2390 ἂν

648 2424 852 2489 ἐκεῖνος
910 2425 1203 2485 κελεύσειε.
1256 2425 1503 2500 Τοιούτῳ
1559 2423 1605 2481 δ’
1662 2422 1775 2480 ὄντι
1836 2425 2024 2498 ἐκείνῳ
2078 2425 2141 2479 τὸ
2197 2432 2298 2494 τῆς

645 2661 826 2717 supra
842 2645 1385 2703 memoratusOresti
1394 2644 1522 2702 adis
1536 2642 2153 2718 episcopus,prselatus
2166 2641 2299 2699 aliis

645 2733 820 2790 etiam
835 2735 1346 2791 commendatione
1368 2734 1497 2790 vitae
1517 2734 1814 2806 quondam
1848 2733 2110 2789 asceticaa
2135 2749 2296 2788 sum-

642 2838 737 2881 ma
759 2823 931 2880 laude
962 2823 1062 2880 diu
1091 2824 1416 2881 exercitatae
1446 2825 1499 2880 in
1527 2823 1877 2880 monasterio
1902 2823 2058 2895 Nigri
2084 2822 2298 2878 Montis

647 2914 720 2968 ad
743 2914 1037 2970 Orientem
1072 2914 1232 2982 siti,a
1249 2913 1493 2986 reliquis
1513 2914 1793 2969 orabatur
1812 2918 1875 2969 ut
1894 2914 2298 2985 praefecturam

644 3004 1105 3063 ecclesiasticam
1140 3003 1800 3078 ConstantinOpolitanze
1835 3004 1997 3059 urbis
2028 3019 2296 3076 capesse-

642 3099 767 3150 ret:
804 3111 944 3152 cum
979 3095 1196 3167 quibus
1228 3101 1285 3151 ct
1310 3095 1629 3167 imperator
1660 3093 2001 3149 electionem
2029 3108 2296 3165 compro-

651 3186 822 3255 bans,
850 3200 1200 3258 magnopere
1252 3184 1634 3239 incumbebat
1682 3184 1751 3238 ad
1783 3183 1948 3255 Iidem
1984 3185 2054 3237 ab
2089 3200 2153 3238 eo
2184 3183 2296 3237 im-

647 3274 1023 3346 petrandum,
1049 3274 1307 3347 quotidie
1329 3274 1531 3329 adiens
1554 3277 1610 3329 et
1631 3272 1791 3328 omni
1841 3272 2290 3345 persuasionum

652 3368 710 3419 et
739 3363 1215 3419 obsecrationum
1260 3363 1481 3435 impetu
1528 3362 1843 3434 adurgens,
1877 3378 1949 3417 ne
2000 3365 2303 3433 respueret

649 3452 1035 3508 vocationem.

660 3608 749 3664 13.
797 3609 857 3665 Ut
913 3613 1132 3663 eveclus
1192 3606 1491 3661 Germanus
1546 3609 1603 3662 in
1632 3606 2059 3678 patriarchalem
2120 3608 2301 3662 sedem

1059 3678 1275 3747 fuerit;
1304 3684 1357 3734 et
1384 3682 1575 3749 prima
1604 3678 1721 3749 ejus
1753 3689 1894 3734 acta.

718 3812 819 3867 His
843 3810 939 3867 ille
958 3811 1230 3883 precibus
1255 3811 1470 3867 moveri
1490 3828 1549 3866 se
1583 3813 1819 3867 tandem
1845 3829 2073 3884 passus,
2100 3829 2300 3868 mense

644 3901 822 3957 Junio
856 3900 911 3955 in
940 3901 1085 3956 festo
1110 3900 1294 3956 sancti
1320 3901 1572 3972 Spiritus
1595 3901 1981 3957 concordibus
2006 3902 2299 3975 sull‘ragiis

651 3991 884 4046 decreto
912 3990 1210 4045 communi
1236 3990 1458 4062 perlato
1483 3991 1815 4063 patriarcha
1832 3990 2166 4047 declaratus
2188 3997 2297 4061 est,

644 4084 699 4135 et
731 4096 898 4135 sacro
930 4096 1065 4134 cum
1097 4079 1216 4134 illis
1250 4079 1563 4148 celebrato,
1605 4097 1781 4135 sacrae
1829 4080 2141 4153 impositus
2173 4082 2297 4137 sedi

644 4169 955 4241 praesidere
987 4169 1218 4225 cunctis
1247 4168 1438 4240 coepit.
1466 4169 1651 4225 Simul
1678 4174 1872 4225 autem
1906 4170 2184 4225 thronum
2211 4174 2296 4225 at-

641 4258 795 4329 tigit,
837 4274 983 4327 opus
1035 4258 1195 4312 omni
1246 4258 1475 4313 actione
1531 4258 1803 4330 superius
1856 4264 2019 4315 ratus
2066 4260 2296 4316 afficere

641 4346 868 4413 meritis
890 4345 1181 4401 honorum
1216 4347 1474 4418 praemiis
1496 4347 1710 4402 virtute
1741 4352 1841 4402 aut
1860 4348 2127 4403 doctrina
2153 4365 2295 4421 prae-

639 4435 914 4492 cellentes
944 4435 1098 4504 aliis,
1134 4436 1232 4508 qui
1266 4436 1409 4493 281
1453 4437 1600 4492 tales
1628 4442 1824 4493 essent
1858 4438 2065 4510 partim
2101 4438 2295 4511 digni-

636 4525 862 4581 tatibus
914 4525 1128 4598 partim
1184 4527 1477 4582 donativis
1528 4530 1584 4581 et
1634 4526 2051 4599 largitionibus
2100 4528 2291 4583 omnis

2418 555 2723 631 φορότητος
2750 557 3085 631 περιίστατο,
3117 560 3179 614 τὸ
3212 558 3269 614 δὲ
3323 568 3424 631 τῆς
3474 563 3551 624 εἲς
3602 563 3829 639 βασιλέα
3880 561 4071 625 αἰδοῦς

2415 662 2473 697 τε
2528 643 2619 697 καὶ
2676 640 3053 721 κυϐερνήσεως
3130 647 3208 712 είς
3278 644 3537 724 ἔγκλημα
3621 650 3915 714 κολακείας
3976 653 4063 706 καὶ

2416 729 2646 804 ψεύδους
2704 734 2839 805 πρὸς
2885 735 3012 798 τοὺς
3067 736 3317 799 πολλοὺς
3348 740 3619 815 ἄντικρυς.
3654 744 3745 811 Τῷ
3772 741 3875 815 γὰρ
3904 740 4067 812 ἁπλῷ

2414 823 2511 873 τοῦ
2565 819 2771 895 τρόπου
2826 823 2915 877 καὶ
2966 824 3259 899 ἀνυπούλῳ
3314 827 3401 881 ναὶ
3457 826 3749 901 ἐλευθερίῳ
3810 829 3949 898 πρὸς
4008 830 4068 883 τὸ

2413 912 2531 968 τοῖς
2575 914 2808 984 παροῦσι
2867 914 3175 987 χρήσασθαι
3232 916 3332 987 μὶν
3390 916 3481 971 καὶ
3529 917 3708 984 αὐτὸν,
3744 916 3954 995 ἐφεῖναι
4012 914 4068 971 δέ

2413 1000 2502 1051 καί
2533 1002 2653 1060 τοῖς
2685 996 2846 1062 ἰδίοις
2879 1004 3141 1076 χρῆσθαι,
3165 1005 3264 1072 τὴν
3315 1008 3411 1058 τοῦ
3457 1012 3839 1080 καταχρῆσθαι
3894 1025 4069 1079 προσ-

2416 1084 2623 1155 ειλήσει
2686 1085 2865 1157 δόξαν,
2901 1093 2983 1163 [Ρ.
3026 1094 3149 1165 190]
3205 1094 3296 1164 Τῷ
3354 1089 3412 1147 δὲ
3470 1089 3729 1169 κυϐερνᾷν
3784 1096 3878 1149 τὸν
3936 1114 4071 1167 κρα-

2414 1178 2629 1247 τοῦντα,
2660 1176 2750 1230 καὶ
2813 1177 3024 1249 μᾶλλον
3081 1179 3163 1257 ἐφ’
3221 1180 3496 1250 ἱκετείαις,
3545 1184 3634 1237 ὅτε
3692 1182 3898 1246 ἐκεῖνος
3974 1184 4067 1256 μὲν

2413 1266 2837 1343 προσαναφέρων
2890 1267 3069 1339 ἠξίου,
3102 1271 3129 1323 ὁ
3164 1267 3219 1324 δὲ
3277 1276 3487 1344 κρατῶν
3550 1271 3611 1325 ού
3662 1269 3864 1347 ῥᾳδίως
3910 1274 4073 1326 κατέ-

2414 1373 2552 1422 νευε,
2585 1354 2870 1418 κάντεῦθεν
2926 1360 3062 1412 κατὰ
3107 1359 3171 1413 τὸ
3229 1356 3419 1414 δοκοῦν
3480 1360 3750 1433 ᾠκονόμει
3807 1366 3889 1433 τῷ
3946 1358 4068 1415 δεο-

2417 1439 2558 1515 μένῳ
2607 1444 2699 1497 τὸν
2765 1441 3058 1518 ἐλπισμὸν,
3091 1449 3167 1510 ὡς
3228 1450 3303 1521 μή
3335 1448 3605 1523 ἄπογνοίη
3663 1449 4069 1527 ἀποπεμφθεῖς,

2413 1529 2652 1599 ἐλπίζων
2682 1530 2819 1597 ’ίσως
2853 1533 3032 1589 ἀνύειν
3056 1535 3366 1613 ἐσύστερον,
3394 1538 3491 1592 κᾶν
3554 1536 3731 1613 λέγων
3786 1536 4068 1600 πολλάκις

2414 1618 2515 1673 οὐκ
2568 1616 2719 1690 ἤνυε,
2750 1623 2850 1690 τὴν
2904 1628 3002 1678 τοῦ
3058 1623 3290 1695 ψεύδους
3348 1626 3583 1700 ὑποψίαν
3637 1627 4067 1702 προσκτώμενος

2411 1710 2777 1781 κατεκρίνετο.
2812 1711 2893 1768 Τὰ
2932 1709 2989 1767 δὲ
3042 1712 3368 1787 ἐγκλήματα
3425 1719 3591 1769 ταῦτα
3646 1716 3890 1785 καθάπαξ
3949 1721 4067 1776 τοῖς

2413 1804 2520 1854 τῶν
2552 1796 2783 1853 πολλῶν
2814 1803 3020 1876 ψυχαῖς
3055 1801 3373 1873 ἐνιζήσαντα
3419 1803 3615 1875 ἐξῆπτε
3668 1804 3732 1858 τὸ
3788 1802 3897 1857 ἀπὸ
3955 1805 4067 1858 τῶν

2414 1887 2642 1945 πολλῶν
2679 1896 2859 1963 μῖσος,
2894 1892 2976 1947 ὅτι
3014 1913 3073 1948 τε
3118 1893 3410 1965 ἀντίζηλος
3469 1893 3552 1965 ε’ίη
3609 1900 3690 1967 τῷ
3747 1896 4069 1970 πατριάρχῃ

2412 1981 2510 2047 τὴν
2545 1979 2745 2034 ἐκείνου
2784 1983 3075 2056 κατασχὼν
3107 1981 3455 2053 Ἐκκλησίαν,
3484 1983 3573 2039 καὶ
3632 1983 3715 2038 δτι
3772 1985 3877 2038 ἀπὸ
3932 1984 4057 2056 Θρό-

2407 2090 2500 2122 νου
2531 2076 2629 2137 τῆς
2662 2073 2923 2145 θυγατρός
2953 2075 3031 2142 τῷ
3063 2072 3240 2147 θρόνῳ
3291 2080 3392 2141 τῆς
3455 2076 3662 2147 μητρὸς
3723 2074 3889 2146 (οὕτω
3950 2074 4058 2147 γὰρ

2405 2156 2499 2219 τὰς
2559 2156 2851 2227 ἐκκλησίας
2906 2158 3156 2233 ἐκάλουν)
3212 2158 3402 2231 ἀνέδην
3462 2160 3604 2217 οὕτω
3659 2162 3749 2216 καὶ
3807 2159 4061 2226 αὐθαδῶς

2410 2244 2809 2319 εἷσπηδτξσειεν,
2844 2248 2964 2312 ὅθεν
2996 2251 3087 2304 καὶ
3142 2247 3289 2305 δυσὶν
3347 2250 3712 2326 ένισχομένου
3768 2249 4063 2325 ἐγκλήμα-

2408 2358 2490 2390 σιν
2521 2337 2623 2391 ούκ
2676 2338 2743 2406 ἦν
2804 2339 2951 2400 ὅστις
3011 2339 3209 2413 ἀγαθὸν
3271 2338 3457 2395 έλάλει
3512 2341 3637 2417 περὶ
3686 2339 3917 2408 ἐκείνου,
3949 2344 4061 2393 τῶν

2411 2425 2506 2499 μὶν
2540 2423 2951 2500 προσκειμένων
2980 2432 3060 2500 τῷ
3088 2429 3422 2505 πατριάρχῃ,
3453 2432 3560 2485 τῶν
3592 2426 3651 2484 δὲ
3704 2430 3794 2484 καὶ
3856 2427 4065 2501 ἑπομέ-

2406 2642 2739 2715 spicionum
2756 2644 3022 2702 libertate
3034 2647 3669 2721 quoslibetpromiscue
3681 2647 3884 2713 obvios
3895 2646 4069 2703 affari

2407 2732 2787 2805 excipereque
2819 2741 3438 2810 consuesset,cumque
3466 2738 3592 2794 suis
3621 2736 3970 2793 domesticis
3991 2736 4069 2791 li-

2407 2822 2693 2879 beriorem
2717 2824 3050 2881 istiusmodi
3078 2826 3293 2897 pariter
3313 2842 3447 2883 cum
3480 2827 3788 2898 quibusvis
3818 2843 4068 2883 conver-

2407 2912 2691 2968 sationem
2714 2913 3246 2984 permitteret,usus
3265 2915 3361 2972 ille
3386 2920 3769 2990 utrorumque
3801 2916 4070 2973 securior

2408 3003 2561 3072 apud
2596 3004 2989 3074 suspiciosum
3020 3003 3233 3078 vulgus
3281 3005 3339 3061 in
3372 3006 3667 3062 abusuum
3697 3006 4061 3062 occultorum

2406 3090 2741 3163 opinionem
2775 3092 3043 3149 incurrit.
3074 3095 3365 3150 Tractatio
3396 3101 3591 3152 autem
3625 3096 3982 3169 obsequiosa
4006 3100 4068 3152 et

2406 3183 2733 3237 verecunda
2755 3199 2887 3237 cum
2913 3183 3272 3256 principe,ex
3295 3202 3412 3257 qua
3431 3184 3529 3240 ille
3555 3186 3829 3241 fiduciam
3858 3202 4066 3242 sume-

2408 3270 2508 3324 bat
2538 3272 2920 3343 suspendenti
2954 3274 3221 3329 atl‘ectum
3273 3274 3771 3347 supplicationum
3807 3277 4070 3347 patriar—

2406 3358 2549 3427 chae,
2577 3360 2634 3415 id
2678 3377 2858 3433 agens
2907 3361 3020 3418 isto
3069 3362 3382 3419 ambitioso
3430 3363 3679 3420 artiﬁcio
3725 3365 4067 3421 differenda

2405 3449 2626 3520 gratim,
2659 3452 2830 3522 cujus
2870 3468 3033 3524 spem
3068 3469 3181 3508 non
3231 3452 3552 3522 auferebat,
3585 3458 3652 3509 ut
3696 3470 3831 3510 eum
3877 3471 4065 3527 quam

2406 3537 2742 3594 diutissime
2775 3540 2886 3595 sibi
2910 3540 3232 3613 supplicem
3257 3545 3315 3597 et
3346 3541 3430 3598 sic
3460 3543 3776 3599 obnoxium
3812 3547 4068 3609 teneret,

2406 3625 2465 3680 in
2490 3643 2668 3682 causa
2689 3633 2813 3683 erat
2860 3634 2925 3683 ut
2947 3646 3074 3684 cum
3102 3646 3229 3702 quae
3253 3631 3584 3702 patriarcha
3606 3632 4065 3704 impetraturum

2406 3730 2468 3770 se
2501 3725 2811 3789 receperat,
2846 3719 2916 3774 ad
2952 3719 3102 3775 diem
3125 3737 3239 3774 non
3274 3720 3660 3793 provenirent,
3697 3720 3798 3793 qui
3840 3722 4067 3778 frustra

2405 3811 2834 3878 exspectarent,
2869 3808 3046 3864 verba
3076 3810 3191 3865 sibi
3214 3811 3284 3865 ab
3308 3826 3374 3866 eo
3408 3810 3544 3866 data
3560 3816 3984 3883 quererentur;
4012 3812 4065 3869 si

2403 3910 2535 3950 vero
2565 3901 2810 3952 nossent
2841 3899 3065 3953 aditum
3100 3900 3173 3954 ab
3222 3915 3289 3955 eo
3323 3916 3523 3956 revera
3572 3901 3922 3973 principem,
3952 3902 4065 3955 fri-

2402 3985 2537 4057 gide
2558 3986 2614 4040 id
2640 4004 2704 4041 ac
2722 3987 2927 4043 timide
2950 3988 3195 4044 nimium
3221 3989 3292 4044 ab
3315 3988 3674 4059 eo,videlicet
3696 3995 4065 4059 assentante,

2404 4079 2599 4130 actum
2636 4077 2764 4144 rati,
2791 4078 3197 4133 auctoritatem
3226 4082 3281 4133 et
3304 4079 3484 4134 robur
3506 4078 3771 4151 dignitati
3808 4079 4063 4151 patriar.

2402 4164 2523 4218 ch33
2555 4171 3009 4221 consentaneum
3044 4166 3101 4221 in
3120 4183 3186 4223 eo
3220 4168 3639 4235 desiderarent,
3660 4185 3726 4223 ac
3749 4173 4068 4241 propterea

2402 4254 2506 4308 tali
2541 4255 2663 4310 loco
2695 4256 2893 4311 minus
2921 4256 3197 4311 idoneum
3228 4257 3528 4312 ducerent.
3557 4258 3686 4313 Haec
3719 4258 3965 4314 sinistra
3989 4260 4068 4314 de

2402 4342 2691 4399 Germano
2731 4345 2960 4416 judicia
3012 4345 3329 4401 multorum
3386 4345 3566 4402 semel
3612 4346 3830 4403 animis
3879 4347 4070 4403 inﬁxa

2400 4433 2684 4499 subjectis
2706 4434 2937 4489 invidia:
2972 4434 3197 4491 facibus
3221 4435 3671 4492 exardescebant
3698 4435 3756 4490 in
3781 4436 4067 4492 offensio-

2402 4538 2537 4577 nem
2573 4523 2725 4579 282
2756 4523 3076 4595 publicam,
3110 4524 3317 4581 multis
3342 4526 3461 4595 jam
3488 4525 3652 4580 illum
3688 4526 4068 4582 intuentibus

635 4614 867 4686 generis
900 4613 1311 4671 liberalissime
1333 4632 1538 4670 ornare
1564 4633 1627 4671 ac
1653 4615 1955 4671 cumulare
1986 4633 2154 4672 orsus
2182 4621 2286 4671 est.
2326 4600 2369 4664 Ῐ)
2403 4617 2462 4665 ut
2495 4612 2790 4667 intrusum
2827 4631 2929 4685 pro
2962 4631 3094 4669 vero
3141 4615 3493 4687 palriarcha,
3526 4621 3784 4687 ereptam
3836 4615 4068 4686 injuste

634 4705 770 4759 Erat
797 4703 951 4757 enim
981 4703 1108 4758 auri
1141 4707 1503 4775 contemptor
1532 4709 1597 4760 ut
1636 4709 1731 4777 qui
1767 4706 2039 4773 maxime,
2071 4724 2140 4761 ne
2156 4723 2286 4762 cru-

636 4808 864 4847 meuam
899 4792 1136 4863 quidem
1161 4793 1375 4849 habere
1397 4794 1673 4865 dignatus
1704 4811 1716 4850 :
1741 4795 1840 4850 sed
1867 4794 2152 4867 quidquid
2180 4812 2286 4849 un-

636 4882 945 4952 decunque
994 4882 1317 4952 offerretur,
1361 4901 1540 4956 supra
1579 4883 1795 4939 lectum
1830 4902 1864 4939 a
1914 4884 2286 4956 portantibus

634 4971 1099 5043 deponijubens,
1124 4990 1234 5043 quo
1265 4972 1345 5029 ibi
1378 4977 1703 5046 expositum
1737 4974 1793 5027 in
1830 4979 2102 5046 promptu
2133 4978 2289 5029 esset

632 5061 700 5115 ad
725 5077 868 5115 usus
886 5061 1666 5136 beneficentiae,erogandum
1694 5064 1820 5133 ejus
1840 5064 2115 5117 mandato
2144 5080 2284 5135 quo-

630 5166 862 5222 cunque
894 5150 1145 5206 rationes
1186 5151 1481 5224 egentium
1538 5157 1863 5225 poscerent.
1912 5152 2036 5207 Tali
2092 5159 2282 5208 autem

636 5239 773 5294 huic
799 5240 921 5294 viro
940 5241 1302 5297 abundantia
1335 5242 1738 5315 simplicitatis
1762 5244 2060 5299 solutioris
2082 5243 2141 5298 in
2164 5244 2285 5299 vita

633 5327 882 5383 licentiae
899 5331 1327 5387 accusationem
1356 5333 1719 5404 comparavit
1745 5350 1756 5386 :
1779 5334 1970 5404 pudor
1989 5350 2121 5388 vero
2147 5350 2286 5406 erga

632 5418 1141 5490 imperatorem,et
1168 5423 1222 5475 in
1246 5423 1468 5494 agendo
1500 5440 1631 5477 cum
1657 5440 1724 5478 eo
1756 5440 1897 5478 cura
1918 5423 2170 5477 vitandae
2193 5423 2281 5478 of-

631 5508 913 5563 fensionis
939 5509 1415 5579 adbibita,labem
1442 5512 1552 5585 ipsi
1580 5514 1730 5586 apud
1754 5512 1971 5569 multos
1994 5512 2284 5567 adulatio-

631 5596 723 5651 nis
752 5602 807 5652 et
842 5600 1131 5656 mendacii
1174 5602 1444 5673 aspersit.
1479 5605 1620 5659 Cum
1674 5603 1829 5657 enim
1865 5602 1915 5658 is
1944 5602 2184 5658 sincerm
2214 5603 2284 5658 ab

633 5686 794 5741 omni
828 5689 958 5743 fuco
989 5688 1170 5745 indoli
1199 5691 1554 5765 obsequens,
1580 5692 1828 5748 candida
1859 5709 1923 5748 ac
1955 5710 2161 5749 secura
2183 5709 2285 5748 su-

2400 4701 2632 4757 innoxio
2671 4703 2981 4758 Ecclesiam
3037 4708 3360 4774 tenentem,
3394 4708 3451 4758 et
3499 4720 3530 4759 e
3559 4704 3771 4760 throno
3832 4703 3966 4759 tiliae
3998 4705 4065 4761 in

2396 4792 2676 4847 thronum
2714 4792 2912 4847 matris
2946 4793 3053 4865 (sic
3084 4794 3239 4848 enim
3295 4792 3573 4848 ecclesias
3602 4793 3912 4865 vocabant)
3946 4795 4067 4849 im-

2398 4881 2686 4951 pudenter
2714 4898 2779 4935 ac
2811 4885 3027 4937 temere
3057 4881 3283 4937 insilire
3308 4899 3541 4937 ausum.
3575 4882 3797 4945 Quibus
3830 4884 4063 4940 sensim

2396 4969 2785 5042 gliscentibus
2809 4972 3304 5039 sensibus,evenit
3328 4972 3565 5026 tandem
3591 4972 3919 5027 adeoillum
3947 4990 4066 5028 ma-

2397 5061 2665 5116 culosum
2696 5078 2978 5133 apparere
3015 5061 3268 5134 duplicis
3296 5062 3466 5117 istius
3500 5052 3629 5117 labe
3668 5061 3960 5130 criminis,
3996 5070 4071 5119 ut

2398 5168 2509 5207 non
2535 5156 2686 5205 esset
2718 5151 2817 5223 qui
2846 5152 2915 5207 de
2946 5168 3012 5205 eo
3035 5151 3171 5207 boni
3199 5152 3524 5224 quidquam
3541 5152 3665 5223 jam
3694 5150 3850 5224 loqui
3875 5154 4070 5207 susti-

2398 5246 2582 5309 neret,
2616 5240 3100 5313 conspirantibus
3124 5240 3180 5295 in
3214 5257 3398 5295 unum
3427 5241 3578 5296 odiis
3609 5242 3920 5296 ambarum
3946 5242 4070 5299 fac-

2396 5328 2647 5397 tionu’m,
2701 5336 2821 5387 tam
2868 5333 2996 5403 ejus
3026 5330 3297 5386 videlicet
3348 5348 3479 5403 qua:
3529 5332 3770 5386 Arsenio
3804 5332 4062 5400 favebat,

2397 5438 2574 5493 quam
2611 5421 2852 5476 alterius
2882 5438 3007 5492 quas
3039 5438 3178 5475 suas
3210 5422 3469 5492 privatas
3501 5426 3701 5475 secuta
3733 5422 3995 5478 rationes
4029 5440 4067 5478 ει

2396 5511 2686 5566 Germano
2718 5511 3091 5566 abhorrebat.
3125 5509 3239 5565 Nec
3271 5510 3515 5565 deerant
3546 5510 3893 5565 maleferiati
3929 5510 4064 5566 bla-

2398 5606 2626 5656 terones
2668 5601 2723 5655 in
2749 5599 3221 5656 maledicentiam
3255 5599 3475 5664 faciles,
3508 5599 3607 5672 qui
3660 5615 3763 5672 per
3793 5615 4063 5656 scomma

2396 5708 2531 5747 cum
2562 5690 2925 5747 Marmutzan
2960 5689 3353 5756 nominarent,
3385 5687 3732 5746 vocabulum
3764 5687 3877 5762 ipsi
3913 5689 4063 5745 Per-
