4246 6446
175 380 283 436 729

1244 380 1341 434 DE
1377 376 1752 433 MICHAELE
1788 369 2215 428 PALEOLOGO
2251 368 2383 422 LIB.
2416 366 2513 420 IV.

3474 344 3581 399 730

176 528 278 561 νων
342 505 475 568 ἴσως
531 511 651 571 ταῖς
706 507 960 581 γνώμαις
1017 503 1254 560 ἐκείνων,
1303 504 1473 559 Ἦσαν
1507 498 1564 555 δὲ
1592 500 1818 553 καὶτῶν
1850 500 1902 566 Α
1934 494 2153 569 ἄγω-(ἡν
2206 492 2281 554 εἷς
2330 486 2607 545 παίδευσιν
2658 485 2909 562 λογικὴν,
2941 479 3003 537 τό
3036 480 3239 581 ἐκεῖνον
3267 476 3327 532 ἐκ
3352 479 3453 581 τῆς
3481 476 3575 581 τοῦ

179 600 447 670 περιττῶν
507 596 595 650 καὶ
646 595 722 658 εἷς
782 594 1118 668 κατηγορίας
1159 590 1422 661 εὐκόλων,
1456 588 1506 644 o'i
1536 588 1624 643 καὶ
1656 607 1825 660 προσ-

182 682 540 753 ονειδίζοντες
621 688 983 758 Μαρμουτζᾶν
1070 681 1539 756 προσωνόμαζον,
1621 674 1829 752 προσά-

180 794 405 833 πτοντες
455 769 631 844 ὄνομα
662 772 922 846 Περσικὸν
972 770 1022 840 ἐξ
1054 769 1229 833 αἰτίας
1257 775 1356 838 τῆς
1404 766 1487 821 ὅτι
1520 766 1718 826 ἐκεῖνος
1766 764 1829 817 τὸ

179 862 343 936 γενος
373 862 437 916 τὸ
469 860 727 937 σύνεγγυς
762 862 937 929 Λάζος
986 860 1076 929 ἦν,
1126 860 1188 913 τὸ
1230 856 1276 912 δ’
1307 858 1556 912 ἆνέκαθεν
1606 854 1698 909 καὶ
1729 859 1830 907 Γα-

180 946 334 1023 ὅρᾶς.
382 952 530 1012 Τὲως
560 952 651 1005 τὸν
703 950 908 1024 τρόπον
946 948 1287 1026 μεμφόμενοι
1318 948 1409 1001 τὸν
1439 945 1641 1000 ἐκείνου
1673 941 1830 1013 δῆθεν

178 1045 342 1095 τοῦτο
395 1041 489 1114 μὲν
542 1040 615 1101 ὡς
665 1038 1057 1115 ἀπερίσκεπτον
1107 1038 1196 1092 καὶ
1242 1035 1436 1110 θρασὺν
1493 1037 1567 1109 μὴ
1625 1032 1831 1095 εἰδότος

177 1131 245 1197 ἧς
306 1128 368 1182 οὐ
427 1129 586 1201 μετὸν
648 1124 913 1183 ἐπιϐαίνει
971 1134 1161 1201 τιμῆς,
1222 1132 1385 1181 τοῦτο
1437 1123 1493 1179 δὲ
1520 1126 1607 1179 καὶ
1641 1126 1715 1185 ὡς
1748 1121 1833 1176 ἐπὶ

181 1216 443 1288 κολακείᾳ
491 1212 929 1291 διαϐαλλόμενον
970 1220 1041 1289 τῇ
1084 1217 1219 1293 πρὸς
1265 1214 1512 1289 βασιλέα,
1544 1234 1835 1289 προσεμω-

177 1312 360 1362 κῶντο
392 1308 453 1361 τὸ
493 1308 648 1382 γένος
682 1307 757 1367 ὡς
808 1308 1009 1370 ἓκεῖθεν
1042 1308 1099 1360 ὃν
1137 1306 1330 1361 ὁπόθεν
1380 1305 1470 1360 καὶ
1524 1305 1584 1359 τὸ
1643 1309 1834 1376 Περσι-

175 1396 271 1450 κὸν
335 1396 467 1449 εἶναι
528 1392 956 1470 διωμολογεῖτο.
1012 1396 1199 1467 Ὅμως
1256 1395 1428 1469 γὲρων
1484 1391 1554 1447 ὣν
1588 1392 1677 1447 καὶ
1709 1390 1837 1446 παί-

180 1482 361 1539 δευσιν
420 1483 651 1559 ἀρχαίαν
714 1480 858 1559 ἔχων
920 1482 1380 1553 ἐκκλησιαστικὴν
1433 1485 1715 1556 Γερμανοῦ
1742 1485 1839 1535 τοῦ

179 1572 512 1647 μακαρίτου,
572 1571 759 1628 πολλὰ
810 1577 919 1626 τῶν
971 1576 1072 1637 τῆς
1126 1570 1326 1642 τάξεως
1375 1579 1475 1641 τῆς
1510 1569 1838 1641 Ἐκκλησίας

178 1660 409 1716 καθίστα
438 1662 574 1737 πρὸς
606 1661 669 1716 τὸ
718 1660 1077 1737 ἀρχαιότερον
1109 1659 1470 1737 παρῃρημένα
1520 1660 1610 1715 καὶ
1658 1658 1842 1735 χρόνῳ

183 1752 268 1824 [Ρ.
309 1752 437 1822 191]
465 1751 554 1805 καὶ
588 1749 893 1823 ἀμελείαις.

184 1866 272 1923 ιδ’.
305 1869 497 1929 ’Ὀπως
523 1868 615 1923 τὸν
647 1861 967 1924 Ὀλόόωλον
1022 1868 1333 1941 μεταγαγὼν
1362 1868 1390 1923 ὁ
1415 1864 1831 1994 πατριαρχέεύων

255 1938 337 1994 εἷς
367 1940 465 1994 τῆν
492 1944 589 1993 τοῦ
618 1944 752 1994 Θεοῦ
783 1938 1077 1994 ἐκκλησίαν
1136 1940 1377 1994 dominico
1411 1938 1641 1994 ῥήτορος
1702 1938 1831 1994 τίμα

255 1938 345 2018 εἷς⁸
367 1940 465 2018 τλὴν
491 1944 589 2018 τοῦ
614 1944 752 2018 βεσῦ
783 1938 1077 2018 ἐκκλησίαν
1136 1938 1377 2018 όφιρικίῳ
1410 1938 1641 2015 ῥήτορος
1675 1938 1835 2011 ἐτίμα

256 2010 347 2065 καῖ
383 2010 709 2067 διδάσκαλον
739 2012 982 2067 καθίστα.

265 2112 347 2167 Τὸ
380 2108 438 2165 δὲ
471 2116 655 2184 μεῖζον
709 2113 790 2166 ὅτι
840 2110 928 2165 καὶ
958 2110 1262 2189 φιλολόγος
1295 2110 1365 2165 ὥν
1393 2112 1459 2166 τα
1500 2108 1738 2183 μάλιστα
1765 2115 1846 2183 τῷ

189 2195 505 2273 Ὀλοϐώλῳ
537 2201 723 2279 εὐφυεῖ
751 2222 810 2277 γε
841 2196 953 2255 ὄντι
986 2203 1071 2256 καὶ
1108 2200 1309 2277 πλήρει
1336 2200 1513 2276 λόγων
1555 2201 1643 2255 καὶ
1676 2220 1844 2275 προσ-

188 2290 459 2360 ιτετήκει,
520 2288 647 2344 ὥστ’
679 2290 941 2365 ἀποχρῶν
974 2291 1109 2345 κανᾶ
1133 2291 1194 2345 τὸ
1221 2291 1485 2365 παρεστὸς
1515 2290 1844 2365 ἡγούμενος,

188 2382 356 2432 τοῦτο
420 2379 515 2452 μὲν
547 2378 623 2441 εἷς
650 2382 751 2449 τήν
792 2378 997 2434 ἐκείνου
1046 2379 1392 2455 παραμυθίαν
1439 2378 1705 2441 παθόντος
1760 2381 1849 2433 οἷα

186 2467 467 2541 πεπόνθει,
524 2470 685 2525 τοὸτο
719 2466 777 2525 δὲ
825 2470 913 2525 καὶ
964 2468 1040 2533 εἰς
1071 2471 1169 2540 τὴν
1222 2474 1329 2525 τῶν
1384 2468 1849 2541 ἐκκλησιαπικῶν

191 2684 390 2740 sicum
423 2687 876 2756 aptantes,quod
909 2701 1097 2756 genus
1127 2701 1300 2741 suum
1328 2685 1657 2755 proximum
1689 2685 1845 2741 aLa-

194 2773 305 2842 εἰς,
340 2773 625 2829 remotius
655 2791 690 2830 a
710 2774 902 2830 Gabra
934 2774 1077 2829 urbe
1108 2773 1366 2829 Persidis
1387 2775 1646 2840 duceret,
1670 2773 1847 2829 simul

196 2865 407 2920 eadem
441 2864 580 2920 dicti
599 2864 954 2920 contumelia
972 2863 1295 2920 lacerantes
1314 2866 1440 2936 ejus
1460 2864 1847 2936 mores,quasi

197 2954 460 3009 hominis
494 2952 908 3010 inconsiderati
941 2960 998 3008 et
1028 2953 1277 3009 barbare
1307 2953 1675 3023 audacis,qui
1698 2968 1849 3009 caeca

193 3042 289 3097 sui
321 3047 633 3113 provectus
665 3041 997 3113 ignorantia
1019 3041 1427 3097 inconcessum
1453 3059 1565 3097 non
1590 3042 1849 3097 dubitas-

193 3135 287 3187 set
319 3133 472 3186 sacri
507 3131 745 3186 honoris
782 3131 1083 3201 fastigium
1116 3131 1407 3199 invadere,
1442 3148 1553 3187 non
1590 3133 1716 3187 sine
1748 3132 1849 3187 ad-

195 3221 381 3275 mista
414 3236 617 3274 amara
670 3219 942 3275 irrisione
995 3219 1349 3275 adulationis
1390 3221 1520 3290 ejus
1562 3237 1701 3292 erga
1740 3221 1848 3275 im-

1937 565 2262 658 Π-ροδρόμου
2316 583 2486 653 μονῆς
2534 577 2765 649 ἐξελθεῖν
2809 574 2898 629 καὶ
2957 568 3312 647 προσοκεῖλαι
3368 570 3435 639 τῇ
3492 565 3580 619 ὲκ-

1934 674 2135 745 κλησίᾳ
2167 719 2180 743 ,
2230 673 2384 749 ἔργον
2437 672 2614 740 πάσης
2671 664 2939 741 ἀσχολίας
2994 661 3199 717 ὲπέκειν
3256 659 3459 721 τ’θεται
3517 657 3578 709 τὸ

1939 764 2070 836 ὑπὲρ
2101 763 2297 818 τούτου
2330 755 2653 836 πρεσϐεῦσαι
2703 761 2781 826 τῷ
2833 752 3049 832 βασιλεῖ
3078 750 3167 805 καὶ
3200 750 3262 802 τὸ
3290 750 3387 810 τῆς
3444 765 3577 818 πρε-

1938 834 2116 914 σϐείας
2178 834 2454 925 ἐπαγωνὸν
2524 843 2915 923 προϐαλέσθαι,
2977 842 3051 905 ὡς
3112 864 3137 893 α
3190 835 3332 907 ’Ήδη
3397 834 3578 925 μὶν-ό

1938 922 2337 1015 ’Δκροπολίτής
2375 922 2471 993 ’καὶ
2535 922 2701 1012 μέγας
2761 933 3056 1009 λογοθξτης
3118 928 3391 1015 Γεώργιος
3427 969 3469 1015 ,_
3499 922 3578 996 ἐφ’

1938 1013 2119 1087 (παθὸν
2195 1029 2255 1085 ἐκ
2326 1026 2666 1103 προστάξεως
2746 1030 2867 1092 σῆς,
2956 1018 3198 1095 βασιλεῦ,
3288 1013 3580 1087 ἐνιδρώσας

1939 1118 2269 1196 παραδιδοὺς
2320 1120 2386 1172 τὰ
2446 1120 2781 1189 μαθήματα,
2838 1109 2947 1180 ’ἤδη
3001 1108 3089 1163 καὶ
3147 1104 3578 1174 ἀποκεκαμτςκει,

1938 1190 2027 1266 καέ
2082 1209 2242 1285 χρεία
2299 1206 2439 1261 ἐστὶν
2472 1202 2675 1265 ἄλλους
2735 1200 3039 1274 ἀνάγεσθαι,
3096 1196 3185 1250 καὶ
3242 1198 3348 1249 τῶν
3394 1190 3580 1245 ἄλλων

1942 1301 2048 1375 οὐχ
2075 1283 2238 1370 ἦττον
2265 1296 2390 1358 τοὺς
2422 1300 2518 1359 τῆς
2552 1292 2864 1363 ἐκκλησίας,
2921 1289 3046 1362 παρ’
3097 1286 3221 1340 ὅσον
3253 1283 3340 1337 καὶ
3373 1283 3581 1355 ἀνάγκη

1942 1372 2256 1465 προϐαίνειν
2304 1386 2530 1449 τούτους
2583 1385 2662 1454 τῷ
2720 1382 2874 1457 λόγῳ
2928 1384 3046 1439 ταῖς
3107 1372 3581 1443 ἐκκλησιαστικαῖς

1943 1460 2156 1557 χρείαις
2196 1479 2269 1540 ὡς
2329 1476 2565 1549 μάλιστα
2622 1469 3112 1548 χρησιμεῦσοντας.
3177 1463 3441 1520 Κατάνευε
3468 1460 3583 1513 τοί-

1944 1593 2029 1625 νυν
2092 1572 2226 1642 ἡμῖν
2288 1567 2521 1637 ἀξιοῦσιν
2575 1564 2649 1625 ὡς
2711 1560 2841 1633 ὑπὲρ
2918 1564 3018 1626 τῆς
3073 1552 3400 1623 Ἐκκλησῖας
3457 1569 3585 1623 πρε-

1946 1634 2220 1730 σϐεύουσι,
2250 1634 2343 1710 καί
2393 1651 2727 1726 ἐξευμενίζου
2786 1652 2864 1719 τῷ
2920 1640 3249 1730 Ὀλοῦώλῳ,
3298 1638 3389 1730 καὶ
3423 1634 3588 1730 δᾳέχο-

1951 1769 2044 1821 μαι
2076 1750 2267 1802 τοῦτον
2311 1743 2402 1799 καὶ
2432 1741 2566 1797 κατᾶ
2607 1742 2669 1795 τὸ
2714 1738 2855 1798 εἰκὸς
2891 1741 3113 1808 τιμῆσαι
3161 1729 3250 1785 καὶ
3303 1727 3378 1788 εἷς
3439 1722 3587 1779 διδα-

1879 1835 2152 1924 Βσκαλον
2207 1840 2536 1903 καταστῆσαι
2594 1835 2707 1891 τοῖς
2780 1827 3152 1903 προσφοιτῶσι
3208 1825 3306 1887 τῆς
3364 1815 3593 1919 λοϊικῆς

1951 1924 2304 1987 παιδεῦσεως.
2340 1948 2365 1976 ››
2427 1923 2527 1978 Καὶ
2586 1923 2755 1974 ταῦτα
2798 1917 2891 1990 μὲν
2918 1914 3012 1968 τὸν
3058 1909 3405 1984 πατριάρχην
3452 1905 3593 1957 ἐκεῖ·

1952 2039 2042 2071 νον
2101 2015 2292 2081 εῗπεῖν,
2341 2014 2430 2067 καὶ
2459 2011 2681 2071 ἐπόντος
2740 2004 2891 2069 εὐθὺς
2917 2005 3237 2059 κατανεῦσαι
3285 1997 3376 2052 τὸν
3440 1996 3595 2069 βασι-

1954 2106 2053 2162 λὲα
2109 2106 2199 2161 καὶ
2254 2105 2323 2175 τῇ
2382 2102 2595 2173 ἀξιώσει
2658 2096 3051 2153 καθυποκλῖναι
3089 2134 3101 2146 .
3162 2090 3263 2145 Ἦν
3318 2085 3418 2162 γὰρ
3477 2086 3596 2175 ταις

1959 2196 2242 2267 ἀληθείαις
2300 2193 2546 2253 κάκεῖνος
2580 2188 2715 2265 πρὸς
2774 2187 2839 2239 τὰ
2895 2181 3106 2238 παλαιὰ
3132 2185 3229 2246 τῆς
3260 2170 3596 2232 Κωνσταντί-

1954 2309 2049 2342 νου
2106 2283 2589 2357 παρακνιζόμενος,
2643 2279 2714 2339 ὡς
2766 2278 3091 2340 καταστῆσαι
3156 2268 3247 2340 μὶν
3307 2263 3546 2337 κλήρους
3584 2305 3598 2329 ,

1955 2370 2046 2430 ἕνα
2080 2374 2174 2446 μὶν
2206 2372 2294 2427 ἐπὶ
2322 2376 2401 2443 τῷ
2430 2368 2765 2445 περιων·3μῳ
2793 2368 2901 2419 τῶν
2935 2356 3255 2429 ἀποστόλων
3284 2357 3417 2423 ναῷ,
3447 2352 3595 2404 θάτε-

1958 2485 2053 2541 ρον
2081 2441 2143 2519 ’δὲ
2173 2463 2260 2518 ἐπὶ
2287 2441 2385 2534 τῷ.
2410 2441 2518 2515 τῶν
2563 2456 2916 2531 Βλαχερνῶν,
2975 2450 3064 2505 καὶ
3124 2442 3472 2520 ὑμνοπόλους
3506 2441 3596 2516 ἐρ-

1957 2682 2116 2738 landi
2146 2682 2276 2752 ejus
2305 2679 2365 2734 ia
2381 2683 2500 2734 tam
2516 2664 3447 2732 acerbacalamitate.Moliendum
3468 2678 3599 2734 ergo

1958 2772 2070 2828 sibi
2103 2769 2327 2843 putavit
2358 2775 2423 2824 ut
2452 2783 2586 2822 cum
2618 2766 2772 2820 bona
2788 2762 2975 2834 gratia
2995 2752 3600 2843 imperatoris,illume

1960 2841 2333 2915 monasterio.
2367 2853 2746 2911 Prmcursorie
2769 2854 3045 2908 eductum
3065 2845 3319 2903 ecclesiae
3338 2841 3595 2913 applica-

1959 2950 2273 3022 ret,ibique
2303 2946 2513 3003 schola:
2544 2941 2950 3001 ecclesiasticae
2984 2933 3599 3011 prmﬁceret,erudien-

1960 3041 2065 3095 dos
2098 3040 2209 3109 ipsi
2243 3039 2618 3095 committens
2640 3036 2888 3104 juvenes
2920 3029 3183 3085 clericos.
3222 3026 3400 3095 quue
3425 3038 3602 3094 nego-

1960 3134 2106 3185 tium
2142 3130 2369 3183 cunctis
2403 3124 2866 3199 praevertendum
2894 3124 3079 3185 ratus,
3112 3114 3417 3172 confestim
3458 3110 3603 3166 adiit

1960 3218 2395 3290 imperatorem,
2428 3233 2564 3272 cum
2594 3209 2956 3285 eoquc,nibil
2991 3224 3105 3263 non
3135 3204 3415 3260 adhibens
3446 3200 3600 3272 quod

190 3313 527 3382 peratorem
555 3307 797 3363 infamia
829 3306 945 3363 late
998 3314 1273 3364 manante
1324 3290 1653 3381 dissipatae,
1695 3309 1853 3365 velut
1882 3327 1925 3392 ρ
1964 3307 2151 3362 velere
2181 3307 2253 3362 ad
2284 3304 2722 3377 impetrandum
2773 3300 3160 3392 arbitraretur
3201 3307 3391 3392 posse,
3444 3290 3603 3343 hunc

194 3400 519 3453 innuentes
548 3396 838 3452 familiare
868 3397 925 3452 id
958 3396 1044 3452 illi
1075 3403 1133 3453 et
1162 3398 1334 3454 domo
1367 3398 1607 3454 allatum
1658 3399 1852 3455 inesse

191 3487 645 3559 vitium,utpote
675 3487 1036 3560 homini'qui
1069 3505 1207 3544 suos
1234 3490 1489 3559 majores
1513 3506 1582 3544 ex
1611 3506 1679 3545 ea
1711 3491 1855 3545 urbe

209 3576 501 3632 oriundos
531 3575 833 3641 fateretur,
867 3593 1041 3648 quam
1077 3592 1283 3632 omnes
1315 3578 1535 3633 scirent
1563 3594 1688 3634 esse
1720 3578 1853 3634 Per-

200 3667 414 3721 sicam.
446 3666 672 3720 Tamen
696 3665 746 3720 is
763 3664 864 3736 qui
888 3665 960 3720 ad
982 3666 1227 3721 multam
1254 3670 1481 3722 (etatem
1529 3668 1739 3723 veteris
1761 3684 1853 3723 ec-

195 3753 547 3811 clesiastica:
562 3753 910 3809 eruditionis
926 3753 1139 3826 plurim
1152 3772 1183 3810 u
1196 3772 1249 3809 m
1266 3756 1635 3826 adjunxisset
1655 3774 1854 3813 exem-

194 3844 296 3915 plo
330 3847 389 3898 et
420 3842 767 3898 auctoritate
795 3844 1067 3899 Germani
1094 3843 1335 3900 alterius
1353 3845 1464 3901 sibi
1486 3848 1854 3918 cognominis

198 3931 683 4005 patriarchae,qui
714 3936 953 3987 Patrum
988 3932 1271 3989 memoria
1300 3932 1675 3990 laudabiliter
1695 3952 1853 3991 eam-

196 4022 338 4078 dem
374 4021 696 4077 Ecclesiam
736 4021 1005 4087 rexisset,
1068 4022 1253 4077 multa
1300 4040 1367 4078 ex
1419 4024 1548 4092 ejus
1595 4032 1856 4096 tempore

196 4113 261 4166 in
322 4110 588 4165 deterius
646 4127 749 4181 per
791 4110 1086 4166 incuriam
1148 4110 1420 4185 prolapsa
1480 4114 1549 4168 ad
1601 4121 1853 4171 veterem

198 4206 591 4273 exactamque
623 4217 892 4257 revocare
945 4202 1318 4273 disciplinam
1380 4204 1726 4276 castigando
1770 4211 1856 4261 est

199 4306 547 4363 aggressus,
598 4306 664 4344 eo
715 4305 993 4344 successu
1049 4296 1112 4345 ut
1142 4307 1258 4347 non
1292 4309 1479 4362 pauca
1533 4294 1592 4348 in
1644 4294 1857 4351 melius

202 4377 559 4434 restitueret.

203 4494 290 4549 14.
346 4494 409 4550 Ut
479 4491 813 4549 Holobolum
834 4495 1152 4564 patriarcha
1192 4494 1491 4553 Germanus
1521 4499 1857 4555 translatum

276 4568 344 4620 in
372 4565 472 4645 Dei
523 4567 813 4645 ecclesiam
855 4566 1037 4645 o/ﬁcio
1094 4568 1335 4624 rhetoris
1395 4570 1747 4626 honoraverit
1803 4583 1860 4627 et

274 4639 607 4706 magistrum
635 4639 1003 4692 constituerit.

277 4735 343 4791 In
376 4734 471 4790 his
502 4733 757 4805 palmare
792 4735 902 4788 fuit
930 4736 1083 4806 quod
1111 4755 1217 4793 suo
1243 4739 1566 4811 ingenti,de
1584 4759 1697 4811 quo
1716 4742 1855 4811 dixi,

205 4832 262 4883 et
276 4825 819 4897 cognoscendarum
838 4831 892 4881 ct
912 4832 1439 4898 promovendarum
1457 4832 1858 4889 doctrinarum

204 4916 547 4986 obsequens
578 4914 799 4981 studio,
833 4915 1175 4987 complexus
1206 4925 1294 4974 est
1326 4920 1519 4975 favore
1550 4938 1616 4977 ac
1658 4928 1859 4993 patro-

206 5007 364 5062 cinio
395 5003 744 5060 Holobolum
770 5004 988 5077 ingenii
1011 5010 1346 5078 praestantis
1367 5010 1667 5067 hominem
1689 5017 1746 5068 et
1763 5013 1859 5067 lit-

204 5101 467 5151 terarum
522 5093 675 5149 283
732 5093 1021 5164 plenum;
1082 5096 1152 5151 de
1205 5114 1322 5168 quo
1380 5116 1512 5155 cum
1568 5102 1863 5172 judicaret

202 5185 488 5241 idoneum
549 5199 615 5237 ac
674 5181 1000 5251 sufficiens,
1053 5185 1101 5239 si
1155 5188 1555 5258 praeficeretur
1610 5191 1857 5260 studiis,

202 5277 671 5333 instrumentum
689 5290 758 5329 eu
771 5290 824 5327 m
846 5273 965 5329 fore
980 5278 1360 5346 provehendis
1375 5282 1447 5335 ad
1463 5281 1859 5339 celebritatem

204 5368 558 5422 litteratum
592 5380 658 5418 ac
692 5364 1041 5435 reponenda
1074 5366 1133 5421 in
1169 5366 1368 5423 ﬂorem
1402 5371 1858 5442 pristinum,sua

202 5472 344 5512 sane
377 5454 549 5509 illum
581 5451 779 5522 opinio
813 5469 927 5509 non
964 5453 1190 5525 fefellit;
1225 5474 1567 5531 quanquam
1600 5462 1671 5515 ad
1704 5461 1863 5518 hunc

207 5543 540 5602 ornandum
576 5558 689 5597 non
723 5540 845 5597 sola
864 5542 1138 5601 utilitatis
1154 5546 1400 5617 publicae
1427 5548 1650 5604 ratione
1669 5556 1861 5606 motus

206 5639 315 5702 est,
347 5634 448 5689 sed
486 5631 889 5687 misericordia
922 5640 1204 5704 praeterea
1259 5637 1452 5694 infesti
1492 5655 1686 5708 casus,
1747 5658 1862 5713 quo

207 5724 306 5781 ille
341 5722 654 5781 infeliciter
670 5721 925 5780 afﬂictus
950 5722 1423 5802 fuerat,curaque
1444 5728 1639 5789 debita
1659 5747 1864 5790 conso-

1966 3398 2147 3452 ferme
2176 3396 2235 3451 in
2274 3399 2513 3452 modum
2573 3393 2736 3463 egit:
2794 3414 2815 3440 ι
2868 3386 3200 3457 Acropolita
3239 3387 3295 3437 et
3355 3395 3604 3450 magnus

1961 3488 2255 3558 logotheta
2285 3486 2567 3557 Georgius
2602 3494 2696 3539 tuo
2727 3482 2972 3544 dudum,
3010 3472 3457 3548 Augustejussu
3478 3486 3601 3523 vcr-

1961 3584 2127 3633 satus
2152 3579 2209 3632 in
2238 3576 2525 3631 tradentis
2555 3571 3228 3643 disciplinis,postquam
3255 3559 3600 3630 multisjam

1960 3666 2131 3722 annis
2162 3666 2461 3722 insudavit
2488 3663 2539 3719 ei
2572 3659 2983 3734 operesJ'ractis
3007 3658 3242 3711 demum
3264 3651 3487 3705 viribus
3511 3649 3596 3702 fa-

1961 3757 2206 3825 tiscit,et
2230 3761 2293 3811 ut
2320 3756 2372 3811 ei
2405 3753 2646 3810 emerito
2706 3750 2806 3807 alii
2839 3746 3157 3804 succedant
3183 3757 3331 3814 opus
3364 3737 3602 3794 omnino

1960 3854 2062 3903 cst.
2098 3846 2158 3901 Id
2183 3862 2314 3901 cum
2350 3844 2668 3899 universim
2694 3838 3023 3913 juventutis
3054 3831 3244 3906 gratia
3266 3845 3358 3885 me
3388 3843 3604 3900 sugge-

1962 3952 2086 3991 rere
2107 3940 2280 4005 teque
2310 3950 2513 3988 curare
2543 3933 2787 4003 dignum
2816 3934 2925 3993 est,
2950 3932 3073 3981 tum
3106 3918 3424 3994 prasertim
3459 3914 3605 3971 mihi

1961 4026 2230 4081 convenit
2258 4022 2672 4079 ecclesiasticis
2695 4024 2751 4074 in
2783 4036 2849 4073 eo
2882 4032 3092 4088 genere
3136 4008 3604 4068 adolescentibus

1963 4115 2472 4186 prospicere,quos
2498 4112 2581 4167 ita
2613 4113 2862 4165 educare
2880 4112 3133 4177 utquam
3158 4098 3453 4173 aptissimi
3477 4114 3603 4152 eva-

1961 4205 2104 4260 dant
2135 4204 2205 4259 ad
2238 4220 2442 4258 omnes
2477 4201 2807 4257 functiones
2838 4195 3063 4253 ordinis
3102 4191 3307 4258 nostri,
3350 4202 3602 4259 quarum

1962 4297 2250 4367 pleraeque
2280 4292 2493 4348 litteris
2519 4296 2575 4347 et
2604 4289 2893 4362 exquisita
2922 4284 3186 4341 doctrina
3210 4280 3499 4351 indigent,
3533 4276 3603 4330 ad

1962 4390 2224 4441 nostram
2260 4384 2315 4438 in
2355 4383 2562 4454 primis
2612 4378 3035 4453 providentiam
3082 4372 3348 4446 pertinet.
3399 4372 3606 4423 Annue

1960 4477 2143 4548 igitur
2172 4477 2475 4531 orantibus
2508 4474 2678 4529 nobis
2707 4478 2765 4527 et
2789 4471 3071 4527 universas
3086 4464 3354 4523 Ecclesiae
3369 4460 3607 4517 nomine

1965 4565 2297 4636 petentibus
2314 4564 2539 4618 veniam
2556 4562 2921 4634 gratiamque
2934 4575 3072 4631 erga
3086 4553 3432 4612 Holobolum
3451 4556 3606 4604 tuam

1975 4655 2319 4724 permittens
2355 4661 2418 4707 ut
2441 4654 2757 4707 trant'eram
2790 4650 2953 4704 illum
2986 4641 3462 4717 accipiamquein
3496 4638 3611 4694 col-

1973 4741 2188 4810 legium
2217 4742 2351 4796 clcri
2376 4749 2497 4797 nos!
2515 4742 2777 4796 rietcum
2797 4740 2990 4794 debito
3014 4737 3231 4792 honore
3255 4731 3607 4802 magistrum

1971 4832 2285 4903 praeficiam
2319 4838 2526 4888 nostrae
2552 4830 2873 4902 juventuti,
2906 4825 3239 4898 disciplinis
3270 4821 3613 4877 liberalibus

1972 4922 2029 4977 in
2062 4922 2197 4977 lualo
2227 4923 2508 4978 litterario
2538 4937 2775 4993 operam
2803 4920 3047 4975 daturae.
3084 4940 3112 4966 »
3144 4920 3274 4971 Haec
3301 4911 3496 4967 locuto
3520 4928 3616 4981 pa-

1970 5012 2238 5067 triarchas
2269 5012 2560 5068 concessit
2588 5011 2788 5066 statim
2821 5008 3039 5082 prolixe
3071 5006 3222 5078 quod
3249 5003 3474 5059 volebat
3505 5001 3614 5055 im-

1972 5110 2222 5175 perator;
2254 5111 2377 5158 erat
2406 5103 2560 5159 enim
2590 5108 2646 5157 et
2677 5103 2801 5173 ipse
2825 5100 3053 5172 proprio
3076 5097 3246 5169 genio
3272 5111 3385 5149 non
3407 5108 3615 5164 parum

1970 5192 2292 5247 inclinatus
2324 5196 2393 5248 ad
2430 5194 2819 5248 revocandum
2842 5191 2902 5245 in
2925 5188 3085 5245 omni
3106 5186 3299 5259 glorise
3327 5188 3487 5255 parte
3510 5197 3617 5235 an-

1973 5284 2200 5349 tiquum
2235 5283 2389 5338 284
2412 5282 2784 5337 sulendorem
2817 5279 3003 5345 urbis;
3038 5292 3213 5347 quam
3249 5275 3319 5329 ad
3349 5289 3469 5328 rem
3503 5271 3618 5324 duo

1971 5371 2369 5442 clericorpora
2390 5373 2981 5433 cunstituerat.unum
3007 5368 3301 5423 collocans
3327 5363 3383 5416 in
3408 5357 3621 5415 celebri

1972 5462 2370 5533 apostolorum
2407 5462 2905 5533 templo,alterum
2939 5460 2995 5513 in
3017 5455 3232 5526 templo
3250 5450 3621 5527 lBlacherna-

1972 5554 2749 5625 rum,cantoresqueannuis
2776 5551 3088 5623 stipendiis
3122 5545 3351 5616 utrique
3384 5539 3623 5597 addide-

1974 5647 2064 5698 rat
2092 5660 2162 5698 ex
2193 5643 2595 5699 sacerdotibus
2627 5643 2810 5698 urbis.
2870 5646 3150 5695 Praeterea
3180 5634 3333 5708 apud
3393 5645 3623 5686 sacram

1973 5732 2157 5790 aedem
2174 5733 2372 5808 magni
2387 5732 2625 5793 Pauliin
2638 5731 2901 5806 antiquis
2915 5723 3630 5803 orphanotrophiisgram-
