4212 6442
627 398 730 454 731

1941 404 2244 462 GEORGII
2282 410 2744 467 PACHYMERE

3930 415 4041 470 732

635 522 837 615 ῥόγους
865 521 1008 592 τάξει
1036 527 1160 615 τοῖς
1208 523 1441 615 κλήροις
1471 522 1600 615 τοὺς
1631 523 1690 580 ἐκ
1725 531 1824 595 τῆς
1850 523 2068 615 πόλεως
2096 529 2280 604 ἱερεῖς,
2313 535 2366 601 Α
2394 534 2682 589 κοινωνίαν
2712 539 2812 601 τῆς
2841 556 2899 592 τε
2932 534 3141 612 βουλῆς
3171 538 3260 593 καὶ
3308 545 3409 607 τῆς
3456 540 3701 612 πράξεως
3757 538 4044 615 προσκλη-

631 614 999 682 συστήσασθαι
1036 609 1090 666 δὲ
1143 613 1233 666 καὶ
1287 613 1422 667 κατᾶ
1471 614 1561 667 τὸν
1613 618 1710 668 τοῦ
1763 614 2008 689 μεγάλου
2069 617 2289 674 Παύλου

637 703 772 755 νεὼν
829 701 880 756 ἐν
940 706 1058 763 τοῖς
1115 701 1368 777 ἀρχαίοις
1435 703 1918 779 ὀρφανοτροφείοις
1973 726 2288 779 γραμματι-

641 789 950 863 κε’)⁰μένων
1012 789 1271 864 σχολήν,
1330 789 1419 844 καὶ
1481 790 1667 867 ῥόγαις
1726 790 1966 863 ἐτησίοις
2021 795 2289 873 ἐπιρῥων-

631 879 772 934 νῦειν
833 877 925 933 τόν
981 900 1038 933 τε
1099 875 1425 934 διδάσκαλον
1495 882 1583 934 καὶ
1636 880 1764 943 τοὺς
1821 880 2038 955 παῖδας,
2069 885 2141 946 ὡς
2171 885 2282 955 ἐφι-

633 969 841 1022 στάνειν
897 965 1067 1022 ἐνίοτε
1093 972 1160 1041 τῇ
1197 969 1403 1043 σχολῇ,
1453 969 1543 1023 καὶ
1578 970 1768 1032 ὁποῖος
1801 968 2020 1035 ἕκαστος
2049 975 2139 1027 καὶ
2175 976 2283 1046 ὅπη

632 1055 809 1132 λόγων
860 1056 1185 1131 προκόπτοι,
1249 1056 1360 1111 ἐστι
1422 1055 1469 1111 δ’
1529 1058 1588 1113 οὗ
1645 1059 1829 1114 καὶτά
1859 1061 2040 1114 εἲκότα
2068 1061 2282 1139 φιλοτι--

634 1149 867 1220 μεῖσθαι,
904 1146 949 1201 εἰ
997 1144 1042 1200 δ’
1098 1147 1188 1201 οὖν
1237 1146 1364 1202 ἀλλ’
1398 1145 1575 1202 ἄνεσιν
1610 1154 1727 1211 τοῖς
1761 1151 1912 1204 παισῖ
1948 1149 2150 1206 διδόναι
2184 1160 2284 1222 τῆς

630 1234 893 1311 ἀσχολίας
926 1237 1062 1290 κατά
1092 1258 1142 1290 τι
1175 1237 1400 1311 πάτριον
1457 1236 1707 1308 σύνηθες.
1761 1239 1899 1295 Τότε
1932 1237 1976 1294 δ’
2027 1239 2118 1294 οὖν
2152 1241 2288 1296 ὑπο-

627 1326 878 1380 κλιθέντα
936 1331 1053 1387 ταῖς
1105 1330 1201 1380 τοῦ
1259 1327 1524 1402 ἰεράρχου
1582 1326 1825 1398 αἶ’τήσεσι
1902 1331 2286 1404 προσπαθῆσαί

625 1435 682 1469 τε
740 1413 931 1468 αὐτίκα
989 1419 1066 1485 τῷ
1113 1412 1391 1488 καταδίκῳ
1449 1415 1539 1470 καὶ
1601 1415 1830 1487 ἐξελθεῖν
1859 1418 2128 1475 κελεῦσαι.
2185 1422 2282 1477 Ὃν

629 1501 694 1572 δὴ
727 1504 975 1564 κάκεῖνος
1031 1500 1315 1575 δεξάμενος
1368 1503 1603 1566 πολλοῖς
1637 1511 1716 1576 [Ρ.
1755 1508 1878 1582 192]
1927 1509 1992 1576 ἧν
2027 1507 2282 1582 ἀγάλλων

625 1598 742 1654 τοῖς
802 1594 1021 1667 ἀγαθοῖς
1057 1638 1070 1661 ,
1133 1593 1666 1671 προσεπισφραγίσας
1729 1595 1816 1649 καὶ
1880 1595 2134 1671 ῥήτορα,
2195 1599 2283 1653 καὶ

632 1683 720 1736 ὑπ’
747 1681 896 1753 αὖτῷ
927 1679 1236 1736 διδάτκοντι
1271 1689 1428 1736 πᾶσιν
1465 1681 1742 1758 ἐξηνοίγνυ
1787 1685 1848 1738 τὸ
1879 1691 1984 1739 τῶν
2021 1689 2280 1761 μαθημά-

633 1793 742 1825 τιηιν
777 1768 1176 1826 διδασκαλεῖον.

2394 622 2524 693 θεὶς,
2602 625 2630 678 6
2706 622 2762 679 δὲ
2838 627 2913 697 μὴ
2967 626 3257 697 ἀναμείνας
3317 628 3555 702 γενέσθαι
3611 634 3691 700 τῷ
3748 633 4038 702 κρατοῦντι

2389 713 2552 774 κακὸς
2609 713 2670 768 ἐκ
2726 713 3008 790 πράξεως,
3067 715 3125 770 ἐκ
3181 715 3583 791 προσαγγελίας
3640 717 3809 791 ἐφάνη
3869 718 4039 778 κακὸς

2387 807 2504 863 τοῖς
2537 801 2815 874 καλέσασι,
2846 804 2934 858 καὶ
2969 804 3122 868 εὐθὺς
3155 805 3561 881 προσήγγελλε,
3594 806 3681 860 καὶ
3713 807 4035 876 ἡλίσκοντο.

2391 889 2458 949 Ο’ί
2488 889 2552 960 δὴ
2588 893 2672 946 καὶ
2726 891 3039 966 ἐταζόμενοι
3087 900 3204 956 ταῖς
3266 896 3516 968 βασάνοις
3573 894 3651 971 ἐφ’
3701 895 3848 967 ᾧπερ
3911 895 4037 956 τοὺς

2390 978 2699 1043 συνειδότας
2756 981 2951 1054 εἴπεῖν,
2998 984 3085 1036 καὶ
3151 981 3370 1054 μᾶλλον
3405 983 3451 1038 εἴ
3503 983 3652 1038 καὶὸ
3683 984 4035 1058 πατριάρχης

2391 1067 2610 1143 συνῄδει
2661 1072 3032 1145 πραξείουσιν,
3093 1074 3143 1126 οἱ
3191 1070 3248 1126 δὶ
3306 1071 3509 1134 ἄλλους
3571 1073 3666 1145 μὶν
3727 1073 3827 1126 οὐκ
3887 1074 4035 1147 εἶχον

2389 1158 2705 1234 ὁμολογεῖν,
2766 1161 2857 1214 τὸν
2915 1159 2971 1215 δέ
3025 1162 3461 1236 γεπατριάρχτ,ν
3522 1160 3617 1216 κᾶν
3673 1159 3899 1232 ἀληθῶς
3943 1158 4038 1214 κᾶν

2389 1246 2448 1302 ἐκ
2503 1247 2619 1323 βίας
2668 1255 2767 1317 τῆς
2825 1248 2883 1302 ἐκ
2917 1249 3160 1324 βασάνων
3191 1253 3260 1323 τῇ
3314 1248 3517 1319 είδήσει
3551 1248 3739 1324 ἔλεγον
3773 1256 4042 1324 συνεσχῆ-

2388 1347 2508 1399 σθαι
2595 1336 2754 1391 αὐτὸν
2849 1337 3423 1412 προσαναγγειλάντων
3461 1381 3473 1393 .
3569 1338 3852 1399 Κάκείνοις
3948 1339 4040 1410 μὲν

2391 1427 2646 1495 ἀπήντων
2705 1425 2758 1479 αἰ
2817 1423 2962 1480 δίκαι
3027 1427 3262 1502 βαρεῖαι,
3320 1426 3510 1488 ποινὰς
3571 1424 3864 1503 διαφόρους
3908 1428 4048 1481 κατά

2385 1515 2477 1568 τὸν
2537 1519 2640 1568 τῶν
2703 1515 3113 1590 ἁμαρτημάτων
3164 1515 3329 1590 λόγον
3390 1515 3700 1590 ἐπάγουσαι.
3736 1515 3896 1572 Ἀλλ’
3931 1513 4047 1569 οὐδ’

2390 1603 2416 1656 ὁ
2470 1601 2818 1678 πατριάρχης
2874 1603 3054 1658 ἀνεῖτο
3109 1609 3207 1659 τοῦ
3275 1599 3696 1679 προστριϐἑντος
3757 1602 4046 1678 ἐγκλήμα-

2385 1713 2501 1763 τος,
2561 1691 2684 1747 ἀλλ’
2743 1691 2960 1766 ἐπέχων
3018 1694 3106 1747 καὶ
3163 1692 3374 1766 μᾶλλον
3428 1688 3773 1766 ἐπεμϐαίνων
3805 1695 4047 1764 κειμένῳ

2390 1781 2440 1834 oi
2470 1781 2497 1833 6
2532 1778 2787 1855 βασιλεὺς
2819 1779 3131 1836 ἐπενεκάλει
3164 1783 3224 1835 τὸ
3274 1779 3527 1855 ἔγκλημα
3581 1783 3716 1857 πρὸς
3760 1783 3857 1849 τήν
3916 1781 4045 1834 σύν-

635 1888 711 1942 ιεε.
774 1887 964 1947 Ὅπως
1043 1885 1402 1962 ἐγκληθέντες
1477 1888 1618 1950 τινὲς
1693 1894 1800 1943 τῶν
1854 1894 1952 1944 τοῦ
2011 1890 2280 1947 παλατίου
2313 1906 2358 1970 Β
2390 1866 2514 1923 οδον
2546 1869 2634 1970 καῖ
2669 1867 2817 1970 δεινὰ
2855 1869 3066 1970 ἐποίει,
3126 1869 3171 1970 εί
3229 1872 3305 1970 μ’·ὶ,
3340 1868 3611 1970 ἐκδικοῖτο
3664 1869 4046 1970 μήὶάνεχόμε-

703 1959 1124 2039 καθοσιώσεως,
1185 1959 1272 2013 καὶ
1330 1960 1421 2014 τὸν
1482 1960 1826 2036 πατριάρχην
1883 1963 2095 2038 εἰσῆγον
2155 1966 2280 2039 Ἀρ-

705 2032 902 2090 σένιον,

701 2131 809 2185 Τοῦ
841 2124 992 2189 ἔτους
1026 2127 1233 2182 ἐκείνου
1280 2130 1367 2182 καὶ
1416 2130 1794 2192 καθοσιώσεως
1853 2126 2112 2205 ἔγκλημα
2167 2138 2281 2195 τοῖς

629 2217 753 2290 περὶ
808 2219 899 2271 τὸν
966 2217 1424 2292 Φραγγόπουλον,
1486 2219 1687 2274 οἷκεῖον
1751 2220 1967 2295 βασιλεῖ
2014 2244 2075 2298 γε
2133 2219 2280 2292 ὄντα,

631 2305 902 2368 κάκείνοις
965 2307 1394 2381 ἀριθμουμένοις
1456 2308 1532 2370 εἰς
1592 2307 1802 2364 δώδεκα
1859 2307 2282 2386 προσετρίϐετο,

635 2393 707 2449 ὧν
763 2392 828 2464 δὴ
884 2395 973 2449 καί
1046 2397 1181 2450 κατά
1247 2400 1345 2450 τοῦ
1411 2397 1682 2472 βασιλέως
1741 2397 2155 2471 μελετησάντων
2212 2403 2285 2464 ὡς

632 2483 964 2539 κτενοῦντων
997 2485 1039 2540 εἱ
1074 2483 1314 2539 εὐοδοῖεν
1361 2485 1574 2556 αὐτίκα,
1629 2486 1909 2564 Κάρουλός
1955 2512 2056 2557 τις,
2112 2493 2156 2564 ᾧ
2216 2489 2282 2562 δὴ

633 2575 722 2629 καὶ
753 2575 852 2643 τὴν
885 2569 1385 2650 πρωτοϐεο-τιαρίου
1435 2576 1806 2648 Μουζάλωνος
1858 2582 2069 2658 σφαγὴν
2120 2582 2148 2634 6
2197 2579 2288 2636 λό-

634 2685 735 2740 γος
765 2655 1164 2741 ἰξιργασθεῖσάν
1196 2661 1400 2721 ἐδείκνυ
1447 2667 1511 2721 τὸ
1559 2665 1753 2742 πάλαι,
1786 2671 1863 2732 εἷς
1903 2655 2159 2735 ⁷κάκεῖνος
2209 2672 2286 2734 εἷς

637 2886 861 2941 matica
895 2886 1153 2942 scholam
1181 2887 1534 2958 instituerat,
1568 2893 1624 2946 et
1655 2891 2039 2962 pensionibus
2070 2893 2283 2949 annuis

642 2981 767 3030 tum
801 2975 1062 3046 magistri
1089 2981 1214 3032 tum
1251 2994 1561 3048 puerorum
1595 2981 2281 3053 sustentationiprovide-

637 3066 746 3130 rat,
780 3064 1038 3135 adeoque
1072 3082 1189 3120 rem
1224 3069 1467 3122 curabat
1500 3073 1560 3122 ut
1590 3087 1704 3125 non
1739 3071 2155 3142 dedignaretur
2194 3072 2282 3126 in-

635 3153 824 3208 visere
855 3169 958 3226 per
989 3171 1049 3209 se
1083 3155 1375 3211 interdum
1400 3157 1616 3212 -ludum
1650 3159 1819 3214 illum
1847 3165 1906 3215 et
1935 3177 2129 3216 coram
2156 3178 2282 3232 pro-

2390 1979 2502 2019 νος.
2556 1957 2766 2021 Αὐτοὺς
2816 1958 2908 2030 μὲν
2963 1958 3064 2033 γὰρ
3123 1957 3206 2013 ἆπ’
3261 1957 3602 2032 ἐγκλήμασιν
3662 1957 4050 2027 ἐκκλησιαστι-

2390 2053 2509 2108 κοῖς
2554 2049 2655 2116 τήν
2715 2045 2868 2116 δίκην
2925 2046 3235 2122 ἐπαγαγεῖν,
3299 2047 3461 2101 αὐτὸν
3517 2044 3595 2114 δὲ,
3630 2045 3674 2099 εί
3720 2048 3794 2118 μή
3829 2045 3920 2100 καὶ
3955 2045 4048 2100 ἐπὶ

2389 2135 2469 2210 τῷ
2527 2138 2664 2212 πρὸς
2725 2136 2950 2212 βασιλέα
3007 2135 3314 2209 ἐγκλήματι
3377 2136 3612 2210 ὑπόσχοι
3645 2133 3824 2210 ἑτέραν
3882 2132 4047 2204 δίκην

2390 2228 2491 2295 τὴν
2549 2226 2856 2299 πρὲπουσαν
2917 2227 2944 2279 6
3001 2223 3300 2300 προδήλως
3361 2223 3833 2298 κατηγορούμενος
3869 2268 3882 2292 ,
3965 2225 4048 2296 μή

2392 2316 2627 2375 ἀνεκτῶς
2673 2316 2736 2369 τὸ
2770 2314 2999 2370 σύνολον
3034 2314 3198 2389 ἔχειν,
3233 2315 3325 2368 κᾶν
3361 2315 3390 2368 ὅ
3437 2335 3486 2367 τι
3536 2313 3795 2367 πεπόνθει
3847 2313 4052 2386 πρότε-

2395 2424 2509 2479 ρον”
2576 2401 2715 2476 μηδὲ
2767 2405 2869 2479 γάρ
2921 2404 3056 2458 εἶναι
3108 2403 3276 2458 καλὸν
3342 2400 3482 2475 μηδὲ
3533 2400 3738 2456 δίκαιον
3787 2403 3879 2456 τὸν
3919 2403 4055 2475 ὑπὲρ

2392 2498 2490 2548 τοῦ
2551 2492 2820 2569 βασιλέως
2877 2495 3186 2570 πολυωρεῖν
3217 2492 3509 2570 ὀφείλοντα
3537 2498 3657 2546 τοῖς
3692 2492 3917 2567 ἐχθροῖς
3951 2493 4057 2562 βα-

2397 2582 2595 2644 σιλέως
2639 2580 3086 2656 καταπροΐεσθαι,
3137 2584 3221 2656 [Ρ.
3253 2584 3381 2653 913]
3431 2582 3518 2643 Ὠς
3567 2585 3698 2655 γοῦν
3751 2581 4059 2653 σκεπτομέ-

2395 2694 2500 2729 νων
2531 2673 2600 2726 τά
2653 2671 2777 2746 περὶ
2827 2671 3029 2726 τούτου
3074 2669 3254 2736 ,ἐδόκει
3310 2669 3479 2725 καλὸν
3536 2668 3896 2726 ἀποστέλλειν
3958 2672 4058 2724 καὶ

2395 2893 2663 2950 conscios
2678 2893 2990 2965 proderent
3003 2894 3060 2946 et
3074 2888 3424 2945 nominatim
3441 2890 3511 2944 de
3528 2887 3860 2961 patriarcha
3873 2886 4061 2942 inter-

2395 2981 2580 3052 rogati
2613 2980 2790 3036 alium
2813 2979 3048 3052 quidem
3066 2977 3775 3043 nominarumneminem,
3795 2975 4058 3047 patriar-

2393 3071 2561 3126 cham
2600 3074 2925 3136 autem,seu
2961 3084 3028 3122 ex
3059 3083 3192 3122 vero
3226 3083 3324 3122 seu
3353 3066 3402 3119 vi
3428 3069 3857 3120 tormentorttm
3889 3080 4062 3118 men-

2393 3159 2489 3213 tiri
2513 3156 3326 3231 cogente,participasseipsis
3367 3156 3423 3209 in
3461 3154 3728 3209 meditati
3769 3154 4061 3208 facinoris

637 3241 827 3297 bando
879 3259 1228 3314 cognoscere
1287 3249 1575 3316 quantum
1636 3248 1971 3304 auditorum
2027 3251 2278 3321 quisque
2313 3279 2355 3348 Ο
2393 3249 2749 3305 conscientia
2783 3246 3262 3303 declararunt/te
3286 3244 3368 3299 illi
3401 3245 3640 3316 quidem
3658 3243 3884 3297 meritis
3914 3243 4060 3297 sub-

639 3331 961 3402 proficeret,
992 3332 1146 3388 datis
1173 3332 1371 3401 etiam,
1411 3335 1507 3390 ubi
1543 3353 1633 3391 res
1684 3343 1967 3407 posceret,
2022 3339 2279 3409 pramiis

634 3421 870 3490 ingenio
902 3437 966 3475 ac
992 3421 1275 3492 profectui
1321 3425 1694 3489 merentium,
1754 3443 1977 3482 necnon
2010 3433 2067 3482 et
2126 3445 2284 3484 more

633 3508 821 3579 patrio
855 3509 1027 3564 ferias
1062 3511 1260 3580 pueris
1292 3511 1800 3583 indulgens.Tunc
1825 3515 2004 3586 igitur
2038 3517 2288 3574 inﬂexus

634 3597 979 3667 patriarcha
1016 3598 1286 3662 precibus
1323 3601 1549 3656 remisit
1599 3603 1794 3659 subito
1857 3621 2084 3675 panam
2144 3605 2284 3661 olim

644 3688 946 3754 damnato,
978 3691 1034 3741 et
1065 3692 1129 3742 ut
1182 3692 1538 3745 monasterio
1597 3693 1944 3748 educeretur
1991 3695 2284 3766 pracepit.

642 3776 818 3832 Porro
860 3776 1018 3830 hunc
1087 3777 1421 3849 patriarcha
1479 3786 1718 3851 paterno
1780 3784 1912 3838 sinu
1981 3791 2286 3856 exceptum

641 3865 1100 3937 quamplurimis
1133 3869 1324 3938 potuit
1352 3872 1565 3926 amoris
1609 3871 2142 3942 signiﬁcationibus
2192 3875 2290 3928 do-

651 3955 863 4026 nisque
893 3956 1194 4022 recreavit,
1249 3957 1663 4028 rhetoremque
1677 3962 1998 4031 diplomate
2013 3963 2120 4018 rite
2135 3963 2238 4030 sigi
2251 3963 2289 4017 l-

642 4044 758 4099 lato
791 4045 1132 4111 declaravit;
1169 4062 1233 4101 ac
1261 4045 1467 4102 ludum
1502 4049 1776 4105 omnibus
1809 4052 2060 4122 aperuit,
2085 4052 2184 4107 ubi
2218 4051 2289 4107 ab

641 4133 750 4188 hoc
787 4137 1139 4205 praceptore
1165 4135 1488 4208 disciplina
1523 4139 1905 4194 traderentur.

643 4250 729 4303 15.
803 4251 864 4329 Ut
913 4253 1154 4329 accusati
1187 4253 1585 4329 palatinorum
1635 4255 1864 4326 quidam
1919 4255 2072 4314 laesa
2119 4259 2291 4329 maje-

711 4321 875 4402 slqtis
927 4325 1308 4403 patriarchcm
1335 4321 1659 4403 ⁸Ανεεηίιιηί
1703 4330 1764 4382 in
1814 4329 2064 4384 eamdem
2111 4321 2294 4384 secum

712 4399 1164 4462 criminationem
1197 4399 1544 4453 involverml.

713 4489 817 4545 Illo
851 4506 1021 4560 porro
1056 4508 1207 4545 anno
1248 4493 1471 4549 crimen
1530 4493 1677 4549 lasa
1736 4513 1909 4550 sacra
1967 4497 2296 4567 majestatis

645 4577 968 4648 impactum
999 4584 1089 4634 est
1122 4580 1552 4654 PbrangOpullo
1585 4585 2298 4658 cuidam,quoimperator

2383 3337 2525 3408 jecti
2544 3335 2852 3409 suppliciis
2881 3340 3040 3404 sunt,
3073 3333 3707 3406 unoquoqueipsorum
3743 3347 3846 3403 pro
3881 3332 4064 3386 modo

2389 3427 2574 3499 culpa
2590 3442 3032 3497 congruapcana
3047 3425 3316 3479 multato.
3344 3422 3454 3478 Sed
3492 3422 3683 3478 necde
3713 3419 4067 3493 patriarcha

2389 3516 2718 3588 neglectum
2739 3515 3021 3570 indicium
3037 3519 3146 3569 est.
3167 3513 3318 3578 Quin
3341 3511 3590 3583 arripuit
3617 3513 3840 3566 crimen
3873 3510 4066 3581 impe-

2391 3611 2550 3660 rator
2571 3605 2902 3660 vehementi
2937 3619 3256 3675 erumpens
3272 3603 3492 3665 impetu
3509 3601 3567 3655 in
3586 3599 4076 3672 prosecutionem

2394 3693 3024 3764 ultionis;causamque
3039 3691 3389 3746 ardenterad
3409 3689 3697 3762 synodum
3713 3689 3783 3742 de
3799 3687 3939 3742 tulit
3957 3704 4067 3759 pro

2393 3784 2474 3839 rei
2489 3784 2791 3839 atrocitate
2808 3785 3265 3852 conquerens,et
3282 3797 3395 3851 pra
3415 3795 3473 3834 se
3497 3779 3686 3832 ferens
3709 3777 4066 3847 neutiquam

2393 3875 2800 3943 acquieturum
2851 3871 3133 3941 se,quoad
3151 3874 3380 3924 tantum
3397 3867 3794 3938 scelus,prout
3809 3871 4061 3937 parerat

2397 3963 2814 4017 vindicaretur:
2843 3960 3229 4025 «Enimvero,
3256 3959 3474 4021 aiebat.
3506 3956 3755 4027 indigna
3798 3955 4067 4009 nimium

2397 4057 2453 4107 et
2481 4050 2720 4105 minime
2745 4050 2979 4105 ferenda
3002 4048 3285 4119 iniquitas
3309 4045 3797 4116 esset,episcopos
3814 4044 4068 4114 quidem

2396 4138 3096 4211 cumipsisnosvidemur
3124 4137 3181 4192 in
3219 4135 3681 4191 ecclesiasticum
3715 4133 4072 4204 aliquodin-

2398 4227 2653 4283 currisse
2669 4227 3117 4294 crimen,statim
3146 4241 3375 4298 panem
3392 4224 3713 4294 imponere,
3742 4236 3985 4276 mevero
4003 4222 4070 4276 in

2399 4317 2689 4372 horrendo
2722 4317 2938 4372 scelere
2969 4320 3170 4371 contra
3185 4316 3365 4369 vitam
3394 4331 3459 4369 ac
3481 4319 3659 4383 caput
3683 4312 4073 4384 imperatoris

2399 4408 2988 4478 deprehenso,tamen
3014 4422 3129 4478 pra
3158 4404 3448 4460 modestia
3474 4401 3764 4473 judicium
3799 4401 4074 4456 tantime

2401 4496 2619 4551 doloris
2650 4513 2716 4551 ac
2747 4494 2990 4567 periculi
3023 4511 3126 4566 per
3156 4509 3247 4549 me
3281 4494 3567 4564 attingere
3595 4495 3914 4553 verentem,
3949 4491 4062 4545 sed

2401 4586 2648 4641 obnoxie
2663 4585 3094 4656 confugientem
3111 4583 3178 4638 ad
3199 4580 3451 4636 tribunal
3467 4579 4073 4650 ecclesiasticum,pa-

643 4667 851 4722 intime
881 4668 1159 4724 familiari
1194 4671 1488 4741 utebatur,
1521 4677 1578 4727 et
1605 4655 1881 4745 aliis,ipsi
1909 4655 2159 4730 consciis
2186 4693 2287 4730 nu-
2319 4655 2365 4720 Π
2399 4675 2438 4729 ti
2457 4674 2750 4746 repulsam
2767 4655 3596 4728 autfrustrationibuseludi.»
3617 4667 3794 4722 Multa
3811 4667 4071 4737 quidem

642 4773 802 4812 mero
834 4757 1558 4832 duodecim.Conspirasse
1585 4762 1932 4818 dicebantur
1953 4764 2012 4818 in
2047 4765 2292 4836 impera-

641 4851 853 4911 torem,
884 4863 1062 4918 quem
1091 4848 1268 4904 etiam
1321 4849 1648 4907 interficere
1697 4853 2132 4923 quamprimum
2192 4855 2291 4910 de-

641 4941 963 5004 creverant,
998 4937 1046 4992 si
1076 4954 1259 5008 quam
1294 4939 1557 4996 invenire
1581 4943 1865 4998 rationem
1921 4945 2291 5000 commodam

645 5032 888 5096 possent
921 5027 1000 5083 rei
1037 5029 1436 5086 conﬁcienda.
1470 5031 1718 5088 Vocatus
1763 5051 1796 5088 a
1852 5034 2174 5104 conjuratis
2234 5036 2290 5089 in

645 5120 865 5184 partem
899 5122 955 5171 et
985 5119 1219 5174 consilii
1245 5126 1301 5175 ct
1335 5121 1467 5176 tacti
1503 5123 1693 5176 fuerat
1715 5122 1957 5178 Carolus
1991 5123 2295 5195 quidam,a

643 5220 760 5275 quo
787 5206 1145 5264 trucidatum
1180 5212 1689 5282 protovestiarium
1722 5213 2086 5268 Muzalonem
2115 5230 2292 5285 supe-

646 5294 769 5350 rius
801 5296 1136 5365 docuimus;
1169 5315 1369 5354 verum
1395 5301 1444 5354 is
1468 5317 1581 5354 non
1615 5303 1916 5357 sustinens
1949 5303 2294 5360 malefacere

646 5382 794 5440 285
829 5384 1170 5456 imperatori
1203 5391 1571 5460 cooperando
1596 5392 1736 5446 cadi
1769 5393 1920 5462 ejus,
1954 5398 2137 5448 totam
2175 5411 2293 5464 per-

644 5473 854 5529 niciem
885 5477 1163 5532 avertitin
1197 5479 1390 5550 capita
1405 5479 1878 5537 machinatorum
1895 5482 2039 5538 tanti
2058 5482 2294 5538 sceleris

644 5580 674 5615 ιι
707 5563 922 5634 quibus
955 5572 1078 5622 erat
1108 5568 1162 5622 in
1209 5569 1335 5639 ejus
1395 5571 1871 5627 communionem
1906 5573 2147 5628 ascitus.
2184 5573 2294 5628 Eos

641 5652 795 5708 enim
829 5655 1038 5711 detulit
1082 5657 1138 5712 in
1172 5657 1228 5714 id
1261 5662 1740 5732 atquepatefecit;
1763 5663 2119 5716 undesubito
2145 5679 2296 5718 com-

644 5742 915 5813 prehensi
960 5763 1166 5805 omnes
1198 5754 1356 5807 sunt.
1383 5751 1533 5808 Tum
1575 5751 1703 5808 dira
1732 5753 2056 5825 quastione
2105 5751 2208 5809 toti
2233 5758 2298 5810 ut

2402 4779 2464 4818 se
2481 4764 2774 4817 hactenus
2798 4761 2998 4833 gravia
3028 4761 3236 4816 tulisse
3260 4763 3474 4814 :tamen
3502 4758 3638 4812 huic
3661 4757 3888 4828 injuria
3913 4756 4073 4811 tole-

2401 4853 2893 4924 randaimparem
2911 4852 3064 4907 ultro
3081 4850 3244 4905 fateri
3261 4866 3430 4905 suam
3447 4864 3578 4904 esse
3593 4847 3964 4916 patientiam;
4007 4853 4076 4902 et.

2402 4944 2689 5015 quidquid
2712 4949 2884 4997 antea
2901 4939 3450 5004 dissimulaverit,in
3484 4943 3780 5008 posterum
3802 4936 4076 5007 profecto

2402 5033 2747 5104 neutiquam
2783 5047 3096 5103 passurum
3133 5030 3276 5084 adeo
3294 5027 3654 5098 nihilipendi
3691 5027 4075 5096 majestatem

2403 5123 2946 5193 imperatoriam,ut
2977 5123 3158 5175 vitam
3185 5123 3243 5172 et
3272 5117 3624 5188 sanguinem
3652 5115 3838 5186 captis
3867 5114 4074 5186 reipu-

2404 5212 2568 5267 blica
2596 5211 2835 5265 nefariis
2860 5208 3260 5281 perduellibus
3281 5208 3524 5276 prodere
3544 5206 3786 5276 impune
3808 5204 3986 5258 liceat
4010 5205 4067 5259 ei

2404 5301 2516 5371 ipsi
2547 5300 2642 5355 cui
2657 5317 2723 5355 ex
2741 5301 2933 5354 officio
2950 5299 3326 5370 potissimum
3347 5295 3726 5350 incumbebat
3743 5294 3916 5349 saluti
3934 5295 4076 5363 ejus

2403 5391 2842 5462 invigilare.His
2861 5396 2976 5444 tam
2991 5390 3216 5444 acerbis
3233 5393 3472 5457 expostu
3487 5385 3800 5439 lationibus
3817 5385 4072 5454 impera-

2404 5481 2551 5535 toris
2581 5480 2762 5536 coacti
2791 5479 2988 5534 Patres
3005 5477 3305 5548 negotium
3322 5475 3476 5531 286
3490 5489 4070 5545 capessere,concor-

2410 5573 2585 5627 dibus
2615 5569 2911 5639 sutfragiis
2933 5570 3319 5624 decreverunt
3369 5565 3689 5620 mittendos
3739 5563 3838 5634 qui
3893 5579 4070 5618 reum

2408 5663 2924 5729 interrogarent,et
2941 5660 3061 5713 sive
3078 5661 3354 5714 fateretur
3368 5655 3736 5719 crimen,sive
3755 5659 4074 5725 quantum-

2409 5752 2497 5808 vis
2523 5751 2784 5807 inﬁtians
2817 5749 3045 5806 idoneis
3071 5753 3263 5804 tamen
3290 5745 3524 5801 indiciis
3561 5744 3740 5800 teneri
3772 5742 3909 5799 facti
3929 5759 4073 5798 con-
