4246 6446
161 358 274 416 733

1233 362 1324 416 DE
1360 361 1731 419 MICIIAELB
1766 362 2210 421 PALBOLOGO
2244 367 2379 421 LIB.
2421 367 2519 421 IV.

3467 361 3574 417 73’s

167 483 395 556 ἐρωτᾷν,
455 482 553 539 κᾶν
609 485 654 539 εἰ
685 484 1001 562 ὁμολογοίη
1033 483 1071 554 ἢ
1100 484 1190 539 καὶ
1247 484 1324 557 μὴ
1357 483 1652 558 ὁμολογῶν
1683 482 1811 538 ἀλί-
1840 488 1890 553 Α
1923 505 2032 547 νος.
2094 488 2355 560 Ῑίἑμπτην
2414 489 2508 560 μὲν
2568 489 2691 544 τότε
2724 488 2815 543 καὶ
2853 487 3101 556 εἰκοστήν
3135 487 3278 562 εἶχεν
3312 486 3339 541 6
3386 487 3574 542 Ἀνθε-

170 593 380 640 σκοιτο,
434 571 731 651 ἰπιφέρειν,
795 575 889 643 τὴν
950 570 1128 644 δίκην,
1162 571 1210 627 εἲ
1241 570 1287 626 δ’
1339 574 1453 639 οὖν,
1485 572 1574 627 καὶ
1607 570 1823 637 ἐσαῦθις

168 661 515 733 σκέπτεσθαι,
571 664 597 717 6
646 661 904 738 βασιλεὺς
962 661 1184 717 αὐτόθεν
1239 660 1397 731 ἠξίου
1429 658 1819 737 σχεδιασθῆναι

167 750 259 804 τὸν
314 757 417 820 τῆς
476 748 703 805 συνόδου
762 752 1089 827 ἀφορισμὸν,
1146 750 1237 805 καὶ
1270 750 1442 806 οὕτως
1486 751 1824 814 ἀπελθόντας

171 838 261 899 οὓς
294 839 354 893 ἓν
408 840 496 894 καὶ
550 842 761 910 τάξοιεν
790 838 1021 916 ἔρεσθαι,
1070 838 1161 894 καὶ
1215 838 1264 894 εἴ
1319 839 1648 916 ὁμολογοίη,
1705 841 1822 895 ἐπε-

166 928 432 1003 νηνέχθαι
462 929 523 983 τὸ
557 929 860 1003 πρόστιμον
894 926 1100 983 δίκαιον
1156 928 1215 982 ’ὀν
1277 928 1407 1004 ὑπέρ
1444 927 1713 1002 βασιλέως
1742 934 1821 1001 τῷ

166 1017 304 1071 κατά
366 1017 636 1093 βασιλέως
665 1024 783 1080 τοῖς
832 1017 1251 1091 ἐπιθησομέγοις
1286 1020 1712 1094 συμπράττοντι,
1774 1019 1817 1072 εἰ

164 1105 211 1161 δ’
270 1108 387 1173 οὖν,
419 1107 506 1161 καὶ
543 1110 618 1180 μή
653 1106 1089 1181 ὁμολογοῦντος,
1120 1108 1210 1161 τὸν
1246 1105 1443 1180 δεσμὸν
1490 1113 1696 1171 κεῖσθαι
1728 1109 1818 1162 καὶ

163 1195 565 1270 ἐπαναρτᾶσθαί
597 1199 647 1251 οἱ
679 1199 814 1271 πρὸς
848 1196 878 1251 6'
927 1218 978 1251 τι
1039 1196 1129 1251 καὶ
1187 1194 1401 1251 σύνοιδε
1431 1196 1556 1270 περὶ
1585 1196 1816 1267 τούτων,

164 1286 305 1341 ὥσνε
362 1284 639 1361 ἐνέχεσθαι
692 1287 812 1359 μὲν,
864 1284 913 1340 εἲ
945 1284 1083 1349 τέως
1133 1285 1417 1340 ἁλίσκοιτο
1472 1290 1815 1360 κακουργῶν,

162 1374 212 1430 εἶ
242 1373 291 1429 δ’
325 1373 438 1443 οὖν,
472 1374 757 1451 ἐλεύθερον
788 1376 921 1429 εἶναι
951 1380 1047 1429 τοῦ
1080 1376 1279 1451 βάρους
1328 1376 1402 1439 ὡς
1452 1372 1651 1437 ἀδίκως
1703 1374 1816 1429 δια-

160 1459 533 1536 ϐαλλόμενον.
563 1469 743 1519 Ταῦτα
790 1469 887 1519 τοῦ
946 1463 1218 1539 βασιλέως
1268 1466 1817 1539 προσαπαιτήσαντος

160 1552 251 1607 καὶ
285 1555 323 1622 ἡ
350 1557 458 1607 τῶν
490 1552 793 1630 ἀρχιερέων
822 1551 1039 1623 πληθὺς
1072 1556 1476 1628 συγκατένευον.

167 1708 252 1770 ις’.
282 1708 477 1770 Ὅπως
507 1708 534 1799 6
562 1707 897 1797 συγγραφεὺς
927 1707 1017 1761 σὺν
1047 1704 1143 1799 ἀμ’
1174 1707 1631 1799 ἀρχιερεῦσινμξῖς
1673 1706 1813 1761 ἐκεῖ-

344 1800 432 1833 νον
474 1774 790 1853 πέμπεται,’
810 1782 899 1833 καὶ
941 1778 1064 1855 περὶ
1090 1774 1170 1833 ’ὧν
1203 1774 1387 1842 αὐτοῖς
1413 1774 1634 1849 συνέϐη.

235 1912 343 1969 Καὶ
405 1910 472 1983 δὴ
532 1911 874 1988 σχεδιάζεται
941 1914 1034 1986 μὲν
1087 1914 1149 1967 τὸ
1205 1919 1305 1983 τῆς
1371 1910 1528 1982 δίκης
1558 1912 1810 1985 γράμμα,

159 1999 484 2074 ἐκλέγονται
526 1998 584 2057 δὲ
611 2003 711 2071 τήν
768 2002 1032 2078 ταχίστην
1064 2000 1123 2057 ἐκ
1157 2002 1250 2074 μὶν
1280 2006 1424 2078 σφῶν
1466 2001 1642 2056 αὐτῶν
1696 1998 1813 2069 δύο,

159 2090 188 2144 ’ὀ
219 2111 279 2145 τε
314 2091 734 2167 Νεοκαισαρείας
768 2092 1336 2161 Μονοκωνστάντινος,
1388 2088 1547 2167 φίλος
1606 2087 1677 2143 ὥν
1727 2091 1817 2144 καὶ

161 2178 386 2252 μ’άλλον
438 2180 649 2252 ἐκείνῳ,
709 2181 796 2235 καὶ
854 2183 881 2235 ὁ
941 2182 1275 2251 Μωκησσοῦ,
1323 2176 1667 2255 προεδρεύων
1696 2177 1817 2233 τότε

154 2274 257 2335 τῆς
310 2269 640 2341 Ἐκκλησίας
685 2273 1092 2347 Ιῐροικοννήσου
1122 2270 1256 2325 κατά
1284 2268 1451 2345 λόγον
1502 2265 1814 2337 ἐπιδόσεως,

154 2362 215 2414 ἐκ
247 2358 306 2414 δέ
334 2382 397 2435 γε
426 2365 532 2415 τῶν
587 2360 867 2433 κληρικῖυν
908 2362 935 2415 ὁ
964 2362 1026 2415 τὸ
1055 2358 1311 2431 τηνικάδε
1343 2358 1429 2414 ἐπὶ
1474 2363 1580 2415 τῶν
1643 2360 1819 2433 οεκρέ-

152 2472 263 2505 των
300 2449 571 2526 Γαληνὸς,
621 2453 706 2507 καὶ
745 2452 838 2507 σὺν
865 2452 1050 2515 αὐτοῖς
1083 2452 1188 2528 ἐγὼ
1246 2451 1523 2528 τέταρτος,
1578 2448 1669 2526 βίᾳ
1722 2451 1813 2523 μὲν

150 2541 526 2617 συν-ἀπαχθεὶς
585 2541 675 2596 καὶ
728 2540 972 2597 κελεύσει
1051 2540 1311 2617 βασιλικῇ
1347 2587 1361 2612 ,
1414 2541 1551 2603 τέως
1628 2536 1673 2593 δ’
1733 2538 1817 2593 ὅτι

156 2632 289 2702 παρ’
351 2631 554 2686 ἐκεῖνον
614 2630 858 2706 ἱκοίμην,
885 2630 973 2686 καὶ
1003 2631 1066 2687 τὸ
1100 2633 1265 2705 μέρος
1324 2627 1818 2705 προσαποδεχόμε-

160 2854 417 2911 scientia
433 2854 1179 2926 convinceretur,continuo
1193 2854 1502 2911 aiiceretur
1516 2854 1663 2911 cond
1674 2854 1824 2927 ignis

165 2945 384 3016 pcenis:
440 2945 489 2999 si
504 2960 641 3000 vero
656 2962 760 3000 nec
777 2946 1009 3016 propria
1031 2945 1397 3001 confessione
1414 2962 1517 3001 nec
1531 2944 1825 3000 sufficien-

162 3036 333 3092 tibus
344 3034 417 3089 ad
436 3033 665 3106 plenam
689 3034 1088 3106 probationem
1106 3035 1472 3106 argumentis
1492 3050 1624 3090 reus
1638 3034 1818 3090 scele-

157 3124 241 3178 ris
266 3122 450 3178 delati
484 3124 682 3195 peragi
718 3130 933 3195 posset,
987 3124 1444 3180 deliberaturam
1505 3123 1715 3179 iterum
1747 3124 1818 3178 de

154 3230 343 3269 causa
372 3213 687 3284 synodum.
714 3214 827 3268 lloc
842 3214 988 3269 satis
1010 3213 1348 3286 imperatori
1372 3230 1485 3269 non
1509 3220 1601 3269 est
1620 3214 1813 3269 visum

1932 576 2192 647 στηριὼν,
2250 576 2337 631 καὶ
2392 579 2556 650 ἡμεῖς
2587 586 2684 648 τῆς
2714 579 2845 648 νηὸς
2896 575 3197 643 ἐπιϐάντες,
3260 573 3406 630 δυσὶν
3438 576 3571 647 ἡμέ-

1927 682 2046 736 ραις
2099 664 2317 740 ὕστερον
2379 670 2753 742 προσσχόντες
2812 671 2879 741 τῇ
2927 669 3079 739 νήσῳ
3123 670 3201 736 τῷ
3252 664 3567 738 πατριάρχῂ

1926 751 2333 827 ἐμφανιζόμεθα
2370 798 2383 822 ,
2445 756 2537 810 καὶ
2614 757 2737 831 περὶ
2805 762 2912 811 τῶν
2999 755 3373 830 προκειμένων
3435 754 3569 827 πρὸς

1925 840 2127 896 ἐκεῖνον
2159 842 2397 917 γίνονται
2431 843 2612 920 λόγοι.
2674 848 2729 899 '0
2761 843 2817 900 δὲ
2864 845 3114 921 ἠγρίαινέ
3158 865 3216 898 τε
3267 843 3573 916 παραυτίκα

1932 928 2071 1002 μηδὲ
2121 932 2219 1001 τήν
2279 932 2457 1008 ἀρχὴν
2492 933 2741 1009 ἐνεγκὼν,
2786 935 2874 989 καὶ
2910 960 2936 986 ιι
2993 934 3053 988 Τί
3094 955 3186 1005 μοι
3238 932 3399 986 κακὸν
3434 930 3568 1004 πρὸς

1926 1021 2017 1074 τδν
2078 1020 2302 1088 βασιλέα
2336 1024 2662 1098 πέπρακται,
2693 1029 2773 1097 [Ρ.
2810 1026 2932 1095 194]
2996 1024 3111 1096 μετ’
3160 1019 3358 1090 ὄδόνης
3404 1018 3570 1074 πλεί-

1927 1130 2057 1177 στης
2090 1109 2178 1163 καὶ
2212 1118 2454 1185 συνοχῆς
2504 1112 2707 1188 ἔλεγεν,
2739 1138 2766 1163 ‹‹
2804 1113 2849 1167 εί
2882 1113 3044 1167 αὐτὸν
3102 1112 3195 1183 μὲν
3257 1110 3361 1184 ἐγὼ
3417 1106 3570 1162 ἷδιώ-

1924 1218 2022 1268 την
2082 1194 2208 1253 ὅντα
2253 1206 2351 1268 τῆς
2412 1201 2692 1275 βασιλείας
2751 1197 2989 1269 ἐπέϐησα
3024 1244 3038 1269 ,
3109 1200 3205 1272 ἐμὲ
3271 1196 3316 1253 δ’
3368 1196 3571 1257 ἐκεῖνος

1926 1290 2270 1363 πατριάρχην
2323 1290 2491 1365 εὑρὼν
2552 1290 2613 1344 οὐ
2660 1290 2854 1352 καλαῖς
2919 1290 3115 1350 αἰτίαις
3146 1287 3427 1360 ἠτίμωσις
3484 1285 3572 1339 καὶ

1924 1381 2015 1431 νῦν
2072 1398 2130 1451 γε
2185 1378 2429 1450 κάθημαι
2491 1378 2572 1434 ἐπ’
2640 1379 2939 1455 ἀκρωρείας
2996 1377 3254 1447 ταυτησὶν
3314 1374 3440 1429 ὡσεί
3492 1394 3574 1434 τις

1926 1466 2190 1539 ἀτίμητος
2272 1469 2606 1540 μετανάστης
2642 1513 2655 1536 ,
2736 1471 2826 1524 τὸν
2885 1469 3029 1541 παρά
3076 1472 3182 1521 τῶν
3242 1468 3572 1539 Χριστιανῶν

1924 1558 2040 1610 καθ’
2098 1556 2323 1627 ἑκάστην
2386 1556 2819 1632 ὲπεκδεχόμενος
2880 1555 3053 1613 ἔλεον.
3114 1559 3307 1628 Ὃμως
3338 1552 3483 1608 καλά
3512 1552 3577 1606 τὰ

1926 1640 2225 1718 συμϐάντα,
2257 1645 2401 1701 καλά
2428 1653 2616 1719 ταῦτα,
2649 1648 2737 1702 καὶ
2772 1648 2799 1701 6
2859 1646 3211 1723 πατριάρχης
3266 1645 3433 1699 αὐτοῦ
3491 1642 3576 1696 εὐ-

1926 1734 2157 1810 λογείτω
2218 1735 2309 1789 σὺν
2363 1740 2431 1809 τῇ
2502 1735 2743 1812 Εὐλογίᾳ
2798 1738 3029 1808 τάκείνῳ
3087 1733 3438 1809 πραττόμενα
3474 1775 3485 1787 .
3549 1756 3575 1780 n

1850 1855 1893 1919 Β
1923 1812 2165 1919 ἱΕδήλου
2223 1823 2271 1880 δ’
2319 1827 2346 1881 6
2379 1824 2549 1901 λόγος
2578 1828 2677 1896 τήν
2710 1824 3050 1903 αὖταδέλιρην
3080 1845 3179 1880 τσυ
3216 1820 3575 1919 βασιλέως,·ᾖ

2045 1914 2227 1978 κακῶς
2281 1916 2423 1990 εῖχεν
2484 1916 2687 1978 ἐκεῖνος
2747 1917 2822 1979 ὡς
2870 1916 2936 1970 τά
2994 1914 3130 1969 κατά
3211 1918 3309 1968 τοῦ
3384 1908 3575 1971 παιδὸς

1922 1988 2182 2060 Ἰωάννου
2242 2000 2699 2081 συμϐουλευσάσῃ
2757 2011 2836 2077 τῷ
2897 2005 3145 2081 βασιλεῖ.
3205 2005 3293 2065 Ὠς
3352 2000 3395 2057 δ’
3452 2002 3576 2056 ἀνε-

1926 2092 2191 2148 πτόσσετο
2266 2095 2353 2147 καὶ
2438 2094 2501 2148 τὸ
2585 2095 2815 2170 γράμμα
2901 2091 3572 2169 ὑπαναγνωσθησόμενον,

1928 2180 2128 2242 ἐκεῖνος
2181 2180 2340 2255 γνοὺς
2392 2176 2617 2246 ἔκποθεν
2674 2184 2735 2237 τὸ
2767 2183 2878 2237 ἒκεῖ
2906 2176 3271 2259 ἐμφερόμενον
3306 2178 3475 2240 ποκὺς
3508 2181 3572 2246 ἦν

1926 2265 2248 2325 ἀντιϐαίνων
2301 2272 2390 2325 καὶ
2447 2271 2715 2326 ἀιιεισπῶν
2788 2271 2862 2339 μὴ
2936 2270 3148 2325 ἀκούειν
3211 2269 3359 2330 ὅλως
3396 2315 3407 2333 ,
3482 2268 3569 2321 καὶ

1927 2362 2348 2435 προσαπεχώρει
2404 2360 2619 2435 ταχέως
2698 2361 3283 2435 ὑπαναγινωπξκομένου
3360 2359 3434 2420 ὡς
3492 2358 3567 2429 μὴ

1929 2450 2193 2505 ἀκούσειε.
2264 2449 2531 2505 Κάκείνων
2593 2445 3214 2523 ἐπικαταλαμϐανόντων
3272 2444 3570 2519 ἀποδιδρά-

1928 2560 2119 2593 σκοντα
2170 2539 2315 2613 παρὰ
2388 2541 2449 2594 τὸ
2526 2541 2760 2609 καθῆκον
2819 2536 3167 2612 κινουμένοις
3234 2538 3323 2592 καὶ
3379 2536 3572 2612 ταχέσι

1926 2628 2108 2701 ποσὶν,
2163 2623 2354 2684 ἐπέϐυε
2408 2628 2476 2684 τὰ
2531 2630 2644 2684 ὦτα
2690 2633 2806 2691 τοῖς
2863 2629 3313 2705 παρηρτημένοις
3341 2632 3439 2696 τῆς
3469 2646 3565 2680 xci-

1931 2850 2267 2908 solventem:
2301 2852 2481 2909 biduo
2513 2856 2645 2923 post
2673 2853 2745 2908 ad
2778 2852 3037 2909 insulam
3070 2850 3301 2925 appulsi
3334 2850 3579 2924 patriar-

1929 2941 2101 2997 cham
2131 2941 2403 3007 adiimus,
2438 2946 2496 2997 et
2527 2941 2674 2999 281
2712 2958 2963 3013 quorum
3006 2959 3188 2998 causa
3233 2940 3572 2998 venerimus

1929 3046 2100 3101 agere
2129 3047 2265 3087 cum
2294 3048 2361 3086 eo
2393 3032 2701 3102 capimus.
2728 3034 2805 3086 Ad
2832 3031 3085 3103 primam
3110 3030 3191 3087 rei
3219 3030 3573 3087 mentionem

1930 3118 2028 3175 ille
2047 3119 2422 3177 Vehementer
2436 3121 2811 3177 exacerbatus
2834 3138 2904 3177 ne
2924 3122 3131 3177 audire
3154 3120 3392 3192 quidem
3418 3119 3576 3177 ulte-

1925 3209 2050 3264 rius
2081 3209 2387 3278 sustinuit,
2420 3210 2521 3265 sed
2543 3226 2678 3266 cum
2705 3210 2993 3266 imnienso
3007 3211 3204 3266 dolore
3220 3215 3278 3266 et
3300 3211 3574 3285 angustia

152 3303 261 3357 sed
300 3301 472 3373 petiit
496 3302 623 3371 jam
665 3318 821 3357 nunc
872 3301 1140 3357 absolute
1195 3302 1818 3358 excommunicationis
1850 3295 1893 3363 C
1930 3298 1984 3352 in
2007 3296 2111 3353 has
2137 3299 2836 3371 querimoniasprorupit:
2854 3322 2882 3351 ‹‹
2903 3299 3049 3366 Quid
3074 3300 3576 3371 imperatorimale

152 3390 519 3446 sententiam
536 3390 594 3445 in
609 3390 920 3446 Arsenium
945 3407 978 3445 a
991 3392 1210 3462 synodo
1224 3392 1334 3447 rite
1359 3392 1492 3447 ferri
1509 3408 1604 3447 reo
1627 3407 1820 3447 coram

154 3480 560 3535 intimandam
585 3496 619 3534 a
641 3480 948 3535 mittendis
968 3480 1273 3551 adipsum;
1297 3498 1363 3536 ac
1384 3482 1431 3535 si
1459 3481 1697 3552 quidem
1720 3480 1820 3537 ille

149 3570 446 3625 fateretur
503 3567 719 3637 scelus,
752 3567 1113 3640 supplicium
1154 3571 1205 3625 ei
1239 3570 1436 3625 statim
1482 3571 1816 3635 inferretur,

151 3659 315 3730 quod
352 3657 473 3729 pati
505 3674 738 3730 aequum
762 3663 852 3714 est
872 3658 974 3729 qui
1006 3659 1237 3714 sicariis
1262 3659 1568 3731 parricidis
1598 3661 1815 3715 caedem

148 3748 535 3820 imperatoris
554 3748 876 3804 machinari
903 3750 1065 3805 ausis
1085 3750 1408 3805 assenserit
1423 3750 1813 3816 consuius;sin

152 3838 203 3892 is
230 3844 499 3908 negaret,
530 3842 729 3892 tamen
765 3843 827 3893 ut
849 3855 918 3893 ex
950 3837 1243 3894 delatione
1273 3838 1488 3910 deipso
1510 3857 1543 3895 a
1564 3840 1818 3896 consciis

157 3926 470 3982 morituris
483 3924 636 3982 clare
651 3928 802 3981 facta
817 3926 949 3997 plus
964 3928 1143 3983 nimio
1158 3934 1465 4000 suspectus
1479 3945 1820 3985 excommu-

155 4016 447 4073 nicationi
477 4018 831 4087 subjaceret,
865 4019 1057 4089 quoad
1083 4024 1184 4073 aut
1203 4018 1370 4090 plene
1392 4020 1694 4073 convictus
1718 4037 1813 4089 pu-

157 4106 414 4172 niretur,
431 4112 534 4160 aut
565 4105 616 4160 si
632 4107 779 4161 forte
800 4107 1171 4178 contingeret
1184 4106 1545 4163 sufficienter
1558 4108 1817 4179 purgari,

152 4212 310 4252 noxa
338 4194 502 4251 omni
530 4194 880 4250 liberaretur
908 4201 1191 4267 tanquam
1226 4197 1441 4265 injuste
1458 4195 1817 4252 calumniam

154 4301 397 4357 passus.
436 4284 576 4339 Eam
612 4283 949 4356 petitionem
982 4285 1349 4356 imperatoris
1388 4285 1584 4341 Patres
1612 4286 1819 4357 synodi

154 4374 426 4447 plerique
481 4372 750 4429 arbitrati
805 4390 1060 4446 aequam,
1119 4380 1184 4430 ut
1242 4375 1324 4429 ita
1383 4376 1548 4431 ﬁeret
1596 4392 1820 4431 annue-

159 4470 331 4520 runt.

152 4624 220 4681 l6
278 4626 345 4682 Ut
375 4628 565 4697 aucti”
615 4623 782 4694 hujus
831 4624 1074 4680 historiae
1125 4642 1237 4680 una
1282 4643 1408 4681 cum
1454 4628 1718 4697 episcopis
1748 4628 1817 4683 ad

298 4696 593 4752 Arsenium
622 4699 823 4751 missus
868 4698 960 4765 sit,
1001 4702 1055 4751 et
1084 4697 1217 4770 quid
1257 4697 1326 4752 iis
1356 4696 1672 4767 contigerit.

223 4823 618 4896 Perscriptum
642 4824 824 4895 igitur
846 4824 1120 4879 festinato
1143 4825 1572 4881 criminationis
1595 4826 1813 4882 instru-

147 4918 423 4969 mentum
441 4918 551 4980 est,
576 4912 811 4969 etelecti
827 4913 1095 4969 celeriter
1108 4915 1208 4985 qui
1228 4930 1392 4969 reum
1418 4915 1815 4983 convenirent,

142 5019 175 5058 e
192 5002 473 5058 Patribus
487 5000 727 5073 quidem
753 5000 893 5071 duo,
920 5000 1079 5072 prior
1100 5001 1293 5071 epiuco
1303 5018 1413 5072 pus
1432 5005 1815 5057 Neocaesareaa

145 5091 768 5157 Monoconstantinus,
799 5089 1054 5146 multum
1092 5092 1320 5146 amicus
1368 5092 1633 5157 Arsenio,
1666 5092 1815 5147 alter

148 5182 551 5249 Mocessenus,
568 5184 710 5235 tunc
723 5178 982 5236 ecclesiis
997 5180 1214 5234 Procon
1226 5180 1349 5234 nesi
1373 5180 1645 5252 specialis
1669 5198 1776 5236 con
1791 5214 1810 5223 -

152 5270 445 5327 cessionis
497 5268 798 5342 privilegio
833 5270 1176 5340 presidens,
1207 5285 1237 5323 e
1267 5268 1495 5325 clericis
1532 5287 1686 5335 vero,
1719 5272 1811 5327 cui

143 5368 290 5417 tunc
323 5366 550 5416 secreta
582 5358 903 5415 commissa
933 5364 1123 5428 erant,
1153 5358 1429 5429 Galenus,
1463 5366 1520 5415 et
1549 5378 1683 5416 cum
1716 5361 1811 5417 his

144 5467 252 5523 ego
274 5453 553 5520 quartus,
579 5450 633 5503 vi
656 5448 893 5517 quidem
916 5448 976 5502 in
1002 5448 1057 5502 id
1084 5449 1327 5503 adactus
1347 5450 1810 5521 utiquejubente

137 5540 719 5612 iinperatore,tamsn
744 5538 900 5609 quod
932 5536 1097 5592 illum
1116 5537 1209 5592 cui
1234 5540 1544 5594 studebam
1565 5556 1806 5611 quomo-

143 5632 463 5701 docunque
478 5628 731 5683 revisum
750 5628 917 5697 irem,
937 5644 1005 5683 ex
1022 5632 1183 5698 parte
1206 5627 1804 5698 perlibenter.0uinta

140 5725 201 5779 et
229 5719 519 5776 vicesima
542 5717 635 5774 die
664 5715 809 5774 Julii
842 5716 1060 5775 mensis
1094 5732 1301 5773 navem
1350 5718 1804 5777 conscendimus

1931 3388 2067 3444 feci?
2098 3404 2202 3461 ego
2234 3389 2430 3460 ipsum
2451 3406 2520 3445 ex
2542 3390 2765 3461 privato
2789 3390 2845 3446 in
2870 3390 3100 3462 imperii
3133 3390 3349 3445 solium
3371 3390 3573 3457 extuli;

1931 3475 2026 3531 ille
2056 3493 2188 3533 vero
2222 3493 2313 3532 me
2345 3494 2479 3532 cum
2514 3476 2906 3548 patriarcbam
2932 3478 3243 3549 reperisset
3262 3494 3377 3533 non
3403 3478 3577 3533 hone-

1930 3564 2037 3620 stis
2068 3581 2136 3622 ex
2156 3566 2351 3621 causis
2382 3565 2601 3621 honore
2633 3566 2898 3637 privavit.
2931 3566 2999 3621 Et
3044 3583 3200 3622 nunc
3231 3566 3470 3622 desideo
3515 3567 3573 3621 in

1930 3657 2207 3727 hocjugo
2234 3658 2447 3713 deserti
2482 3658 2717 3723 montis,
2768 3658 2867 3713 ubi
2912 3657 3071 3713 velut
3119 3657 3357 3714 infamis
3412 3657 3573 3713 exsul

1927 3747 2399 3803 Christianorum
2455 3749 2717 3819 quotidie
2772 3748 3239 3805 misericordiam
3282 3758 3571 3821 exspecto.

1928 3841 2145 3894 Tamen
2204 3838 2349 3893 bene
2407 3837 2625 3894 habent
2682 3854 2815 3910 quae
2870 3840 3267 3911 contigerunt;
3325 3838 3574 3912 pulchra

1931 3926 2365 3997 bac,inquam,
2400 3941 2500 3997 per
2544 3943 2635 3982 me
2682 3932 2896 3984 sunto:
2950 3944 3096 3983 suus
3144 3927 3195 3983 ei
3246 3926 3576 4000 patriarcha

1929 4018 2076 4072 bene
2106 4022 2395 4088 precetur,
2417 4021 2624 4073 etcum
2650 4016 3051 4073 benedictione
3080 4017 3423 4089 comprobet
3443 4033 3576 4088 qua:

1932 4106 2005 4162 ab
2037 4105 2135 4161 illo
2160 4106 2327 4161 ﬁunt.
2348 4128 2376 4155 ››
2397 4106 2459 4162 In
2486 4107 2576 4162 his
2597 4107 2795 4163 Graeco
2816 4106 3237 4162 benedictionis
3266 4106 3572 4175 vocabulo,

1930 4196 2084 4269 quod
2102 4196 2295 4266 ipsum
2331 4212 2542 4251 nomen
2563 4195 2953 4268 eratEulogiaa
2970 4195 3576 4268 sororisimperatoris

1928 4285 2032 4340 illa
2063 4286 2193 4356 ipsa
2236 4284 2449 4341 mulier
2494 4284 2934 4357 designabatur,
2965 4285 3062 4341 cui
3118 4290 3244 4341 erat
3295 4285 3575 4342 Arsenius

1928 4374 2298 4447 peculiariter
2328 4375 2617 4445 infensus,
2671 4376 2828 4446 quod
2877 4374 3064 4445 ipsam
3114 4376 3369 4432 maxime
3398 4373 3576 4431 sciret

1928 4464 2111 4520 fuisse
2163 4464 2328 4520 fratri
2379 4469 2674 4520 auctorem
2726 4480 2928 4521 eorum
2988 4481 3118 4536 qua:
3147 4464 3462 4521 crudeliter
3518 4469 3578 4519 et

1927 4554 2107 4625 impie
2137 4552 2195 4607 in
2228 4569 2479 4623 puerum
2509 4556 2797 4609 Joannem
2821 4557 3229 4610 attentaverat.
3266 4553 3338 4610 Ut
3376 4558 3572 4608 autem

1926 4643 2220 4715 explicatae
2252 4643 2455 4699 litterae
2482 4648 2623 4699 sunt
2647 4642 2802 4698 velut
2835 4659 2969 4698 mox
3000 4643 3109 4715 ipsi
3144 4642 3422 4715 legenda},
3463 4644 3576 4697 Ar-

1928 4734 2133 4789 senius
2164 4749 2296 4789 cum
2324 4733 2595 4789 alicunde
2630 4734 3036 4805 praesensisset
3065 4732 3205 4805 quid
3233 4734 3291 4788 in
3316 4733 3388 4789 iis
3419 4738 3575 4788 esset

1927 4825 2236 4895 scriptum,
2269 4823 2597 4879 vehementi
2632 4823 2761 4879 nisu
2795 4839 2923 4879 sese
2954 4827 3343 4894 contorquens
3384 4838 3452 4878 ac
3484 4838 3571 4877 re-

1925 4912 2166 4968 trahens
2196 4911 2557 4967 auditionem
2591 4917 2896 4968 aversatus
2926 4912 3168 4969 omnino
3194 4916 3315 4980 est;
3348 4917 3407 4967 et
3436 4928 3572 4967 cum

1925 5001 2038 5075 legi
2068 5001 2458 5057 nihilominus
2489 5009 2746 5073 emptum
2777 5006 2934 5058 esset
2961 5001 3270 5058 celerrime
3307 5002 3571 5069 recessit,

1924 5107 1996 5146 ne
2026 5090 2277 5147 audiret.
2307 5092 2418 5146 Sed
2450 5089 2552 5163 qui
2584 5092 2829 5147 aderant
2858 5107 3031 5148 cursu
3062 5091 3313 5147 insecuti
3347 5092 3572 5163 fugien-

1925 5180 2159 5249 tem,vix
2194 5180 2423 5236 tandem
2457 5179 2946 5252 comprehensum
2972 5182 3266 5253 (currebat
3293 5183 3451 5237 enim
3475 5198 3575 5237 ve-

1926 5270 2112 5326 locius
2144 5286 2322 5342 quam
2356 5270 2427 5325 ab
2462 5270 2561 5325 illa
2589 5271 3192 5343 aatategravitateque
3244 5271 3573 5343 exspectari

1922 5360 2235 5432 potuisset)
2256 5366 2622 5415 retraxerunt
2646 5359 3071 5417 invitissimum
3100 5363 3172 5416 ad
3190 5360 3577 5417 auscultanda

1919 5467 2047 5522 qua:
2079 5467 2147 5505 ex
2175 5450 2393 5521 scripto
2444 5449 2600 5505 clara
2645 5466 2783 5506 voce
2842 5451 3305 5522 proferebantur.
3356 5454 3427 5507 At
3474 5450 3575 5506 ille

1920 5539 2349 5612 appendicibus
2376 5539 2557 5611 galeri
2589 5541 2658 5594 ad
2687 5557 2859 5596 aures
2888 5542 3095 5596 ambas
3118 5547 3367 5612 utraque
3394 5558 3571 5596 manu

1916 5628 2107 5685 valide
2120 5629 2419 5701 appressis
2437 5645 2650 5684 sonum
2667 5628 2933 5685 lectionis
2950 5630 3161 5686 frustra
3185 5632 3572 5702 pronuntiata:

1918 5735 2034 5778 non
2064 5719 2308 5792 accepit.
2329 5718 2589 5791 Denique
2600 5719 3018 5791 gravissimum
3034 5720 3371 5794 signiﬁcans
3388 5720 3571 5778 animi
