4246 6446
646 364 755 418 735

1958 366 2259 424 GEORGII
2298 370 2761 425 PACHYMERE

3961 366 4073 423 736

649 485 893 559 λύπτρας
951 482 1276 559 ἑκατέρωθεν
1326 486 1433 539 τῶν
1523 481 1676 540 ὤτων
1734 485 1918 549 ὦτίοις
1954 529 1967 556 ,
2028 488 2103 549 ὡς
2163 486 2380 560 μηδἈ
2414 489 2653 563 νολιμὴν
2714 488 3005 553 ἰδιωτικῶς
3063 492 3113 547 o't
3147 490 3441 568 ἐπιχώριοι
3493 490 3950 567 παραφθείροντες
3986 489 4071 545 λέο

646 572 855 629 ἐπαΐειν
940 572 1450 648 ἀναγινωσκομένου
1532 579 1630 628 τοῦ
1718 577 2066 651 γράμματος.
2139 577 2308 638 Τέλος

648 660 995 735 δυσθυμήσας
1044 661 1273 737 οὐρανόν
1332 682 1390 716 τε
1420 662 1508 717 καὶ
1568 662 1671 738 γῆν
1716 664 2120 741 ἐπεμαρτύρετο
2153 666 2308 739 μεγί-

646 772 749 826 σρῃ
782 754 937 827 φωνῇ
992 751 1066 804 ὧν
1097 747 1163 819 δὴ
1219 751 1567 827 καὶᾼπάτχοι,
1612 753 1701 806 καὶ
1739 754 1814 826 μὴ
1844 755 2010 826 μό-ον
2044 757 2128 816 οἷς
2160 754 2307 809 εἶπον

649 841 701 895 οἱ
730 838 1077 897 κατειπόντες
1109 840 1266 911 ἠξίου
1298 841 1611 915 προσέχειν,
1657 840 1802 896 ἆλλᾶ
1859 842 1946 896 καὶ
2005 842 2307 913 ἀντήκουον

650 929 709 983 ἂν
743 930 867 1003 παρ’
897 928 1062 982 αὐτοῦ
1095 927 1244 1002 εῗ’περ
1304 930 1556 1006 ἀνέφερον
1614 928 1760 993 ὅλως
1819 932 2120 1004 προσηξίου
2178 954 2307 987 σκο-

648 1024 787 1087 πεῖν,
845 1017 891 1072 εἳ
954 1018 1030 1089 μὴ
1067 1016 1358 1092 ἐπείχοντο
1400 1015 1699 1094 ἐμϐριθῶς,
1734 1020 1779 1074 εἷ
1814 1021 1891 1093 μὴ
1922 1023 2011 1075 καὶ
2048 1019 2306 1097 μεγάλως

647 1105 980 1176 ’ἣπειλοῦντο
1063 1106 1388 1175 κολάζεσθαι
1464 1109 1603 1183 πρὸς
1684 1113 1837 1181 Θεοῦ,
1898 1109 2303 1185 ἐπιχειροῦντες

645 1196 815 1258 ὅλως.
875 1195 977 1251 Καί
1012 1195 1085 1257 ὡς
1118 1218 1142 1249 α
1180 1195 1370 1257 Καλῶς
1403 1195 1485 1269 ἂν,
1522 1221 1547 1247 ››
1576 1193 1781 1272 ἔλεγεν,
1813 1223 1840 1249 ‹‹
1875 1199 2304 1275 ἠρχιερατεύσα-

652 1308 770 1359 μεν,
831 1284 993 1359 φόνον
1052 1289 1132 1358 τῷ
1194 1286 1411 1361 βασιλεῖ
1466 1287 1911 1363 συνυφαίνοντος,
1947 1289 1998 1343 οἳ
2032 1286 2098 1358 δὴ
2130 1288 2218 1342 καὶ
2250 1287 2304 1343 ἐν

648 1374 875 1450 ἐσχατιᾷ
931 1372 1098 1447 ταύτῃ
1150 1373 1614 1450 παραῤῥιφθέντες
1675 1377 1801 1430 Θεὸν
1858 1377 1933 1437 εἷς
1963 1374 2132 1431 καλὸν
2165 1375 2305 1432 ἐπει-

647 1462 856 1540 λῆφοαι
911 1465 1010 1531 τῆς
1072 1461 1280 1517 ἐκείνου
1330 1466 1517 1538 ψυχῆς
1575 1464 1912 1538 ἱκετεύομεν,
1955 1463 2051 1519 κᾶν
2101 1466 2303 1524 ἐκεῖνος

647 1550 803 1625 λιμῷ
858 1552 946 1605 καὶ
1007 1548 1152 1625 δίψει
1211 1552 1291 1607 ἐπ’
1351 1551 1583 1627 ἐρημίας
1642 1553 1719 1616 ὠς
1766 1552 2093 1617 καταδίκους
2127 1553 2299 1609 ἀπόλ-

649 1639 795 1697 λυσι.
862 1663 890 1690 ››
941 1642 1124 1696 Ταῦτα
1154 1640 1243 1695 καὶ
1302 1644 1506 1695 τοιαῦθ’
1538 1641 1691 1718 ἔ-ερα
1722 1641 1774 1696 ἐν
1808 1641 1968 1718 ὀδύνῃ
1998 1647 2185 1720 ψυχῆς
2211 1644 2301 1699 καὶ

648 1731 841 1803 πικρίᾳ
892 1728 1201 1804 ἐξενεγκὼν,
1255 1729 1323 1785 τὰ
1384 1732 1477 1804 μὶν
1538 1730 1686 1805 αύτῷ
1741 1730 1976 1807 βασιλεῖ,
2031 1734 2099 1788 τὰ
2126 1731 2182 1788 δέ
2210 1734 2301 1788 καὶ

646 1823 726 1890 τῷ
786 1817 838 1879 ἐς
892 1821 985 1873 τὸν
1047 1820 1236 1893 θρόνον
1296 1820 1616 1875 καταστάντι
1675 1819 2102 1895 προσενειδίσας,
2145 1824 2299 1894 ἢκαὶ
2336 1862 2378 1926 Β

653 1907 667 1926 θ
917 1907 927 1924 ρ
1206 1908 1293 1926 ..κς
1461 1911 1474 1926 .
1535 1910 1545 1926 .
1844 1913 1908 1926 .--
1986 1917 2009 1926 ..
2101 1910 2142 1926 ..ι
2284 1913 2297 1926 .

651 1907 1096 1981 ἐποικτισάμενος
1157 1908 1390 1983 μᾶλλον,
1450 1910 1787 1983 ἀπέπεμπεν.
1844 1913 2037 1984 Ἡμεῖς
2098 1910 2153 1967 δέ
2210 1913 2299 1967 καὶ

654 1995 804 2061 αὖθις
860 2004 960 2067 τῆς
1020 1996 1355 2070 ἐπελθούσης
1427 2000 1640 2074 ἡμέρας
1712 2001 2125 2075 προσελθόντες,
2207 2002 2295 2057 καὶ

655 2087 779 2141 ὅσον
837 2087 898 2154 ἦν
957 2089 1024 2142 τὰ
1080 2089 1547 2163 προσανακείμενα
1580 2088 1969 2163 ἐκτελέσαντες,
2002 2092 2302 2169 ἀφωρμοῦ-

658 2197 752 2249 μεν
812 2181 906 2231 τοῦ
966 2176 1188 2249 λιμένος
1237 2178 1445 2249 αὐτίκα,
1506 2180 1593 2234 καὶ
1649 2185 1750 2234 τοῦ
1812 2181 2007 2257 βορέου
2038 2179 2299 2257 λαμπροῦ

651 2261 1073 2328 καταϐαίνοντος
1133 2265 1221 2321 διὰ
1245 2272 1352 2322 τῶν
1401 2269 1539 2323 κατὰ
1570 2267 1716 2323 ⁵⁸·5σιν
1748 2276 1848 2340 τῆς
1888 2272 2058 2341 νήσου
2122 2276 2301 2346 μερῶν

650 2354 994 2432 ἀνεκτότερον
1056 2354 1337 2432 ἡγούμεθα
1391 2356 1576 2412 πλέειν
1634 2358 2127 2433 ἐπισκεπτομένους
2180 2366 2299 2423 τοῖς

651 2440 852 2517 ὄρεσιν.
907 2444 1062 2501 Αλλά
1119 2446 1333 2518 μᾶλλον
1393 2448 1421 2502 ὁ
1477 2445 1696 2502 κλύδων
1763 2449 2018 2525 μέγιστος
2073 2448 2300 2526 έπηγεί-

651 2554 796 2609 ρετο,
856 2538 946 2589 καί
1006 2532 1194 2616 ὤδινεν
1254 2538 1289 2605 ἡ
1337 2534 1578 2591 θάλασσα
1606 2536 1797 2607 πλέον,
1827 2539 1915 2593 καὶ
1946 2542 2025 2611 τῷ
2053 2539 2299 2611 Γαληνο-

650 2622 831 2697 λιμένι
868 2621 1031 2697 μόλις
1064 2625 1436 2701 προσσχόντες
1489 2628 1591 2696 τὴν
1621 2632 1772 2699 ναῦν,
1805 2629 1835 2683 ’ὀ
1893 2626 1959 2699 δὴ
1992 2628 2082 2684 καὶ
2114 2628 2299 2700 Γαλη-

650 2863 953 2920 angorem,
986 2849 1196 2905 emlum
1233 2853 1562 2922 terramque
1615 2867 1752 2907 voce
1814 2852 2065 2907 maxima
2122 2856 2300 2909 testes

648 2936 924 2992 adhibuit
968 2955 1171 2995 eorum
1210 2940 1362 2996 288
1393 2956 1520 3012 quae
1555 2943 1946 3013 pateretur.Et
1967 2959 2081 2998 non
2105 2941 2296 2997 solum

649 3027 720 3083 ad
751 3044 821 3084 ea
859 3044 985 3100 quae
1016 3029 1129 3100 ipsi
1161 3030 1667 3087 denuntiabantur
1696 3050 1811 3088 non
1873 3033 2160 3088 attendit:
2195 3030 2297 3087 sed

652 3132 839 3187 neque
866 3120 967 3189 qui
998 3135 1131 3173 eum
1166 3118 1623 3192 alloquebantur
1665 3109 2030 3177 audivissent
2056 3122 2298 3177 omnino

650 3207 721 3261 ab
752 3222 819 3263 eo
850 3207 1176 3279 quidquam
1209 3209 1279 3265 de
1313 3209 1543 3281 negotio
1576 3210 1895 3281 preposito,
1927 3211 2078 3280 quod
2108 3211 2176 3264 ad
2201 3226 2295 3282 sy-

649 3296 868 3351 nodum
929 3297 1236 3367 referrent,
1289 3279 1413 3353 nisi
1434 3279 1875 3369 eumiexpedire
1927 3279 1991 3355 se
2020 3300 2091 3354 ab
2149 3279 2295 3370 ipsis
2326 3279 2369 3346 (ἶ

649 3400 1024 3456 summopere
1048 3391 1357 3441 conantem
1391 3387 1444 3442 vi
1479 3384 1686 3458 majori
1719 3389 1923 3459 utique
1954 3392 2301 3457 tenerent,et

649 3490 855 3546 graves
889 3474 1248 3531 intentarent
1278 3493 1312 3531 a
1342 3476 1702 3543 Deominas,
1736 3477 1784 3533 si
1845 3477 2185 3548 persisteret
2239 3478 2298 3533 iu

648 3564 1037 3620 contumacia.
1060 3561 1320 3621 Tandem
1336 3566 1588 3622 summis
1607 3566 1918 3622 conatibus
1949 3582 2299 3637 responsum

650 3652 978 3724 exprimere
1007 3653 1418 3725 qualecunque
1448 3656 1843 3725 satagentinm
1880 3655 2041 3710 visus
2074 3656 2299 3710 cedere:

651 3766 679 3792 α
702 3746 804 3809 En,
837 3743 1053 3814 inquit,
1097 3747 1162 3798 ut
1190 3743 1336 3799 bene
1366 3744 1825 3816 patriarchatum
1858 3745 2177 3817 gessimus,
2207 3762 2303 3800 ne-

653 3849 779 3888 cem
813 3833 1153 3904 imperatori
1185 3834 1631 3890 machinantesl
1684 3835 1775 3889 cui
1828 3835 2095 3891 videlicet
2122 3836 2301 3892 etiam

653 3923 898 3994 projecti
930 3939 960 3978 e
992 3922 1168 3978 rebus
1199 3923 2027 3980 humanisinhocextremum
2060 3924 2303 3981 desertas

652 4011 859 4067 insulae
892 4010 1075 4067 Deum
1110 4012 1425 4085 propitiare
1449 4030 1562 4068 non
1583 4029 1906 4081 cessamus,
1925 4013 2304 4070 obsecrantes

652 4106 712 4156 ut
727 4102 854 4171 ejus
868 4101 1077 4156 animae
1097 4103 1243 4158 bene
1264 4102 1583 4159 consulens
1603 4102 1972 4169 misereatur,
2001 4110 2305 4176 utcunque

651 4190 749 4246 ille
779 4190 931 4245 fame
959 4207 1023 4246 ac
1056 4191 1153 4247 siti
1187 4209 1293 4247 nos
1323 4193 1480 4247 velut
1510 4196 1696 4248 marte
1744 4194 2052 4250 damnatos
2103 4194 2162 4248 in
2197 4195 2305 4250 hac

652 4280 971 4337 solitudine
993 4281 1330 4337 interficiat.
1347 4304 1375 4331 »
1404 4283 1531 4337 llaec
1548 4282 1908 4353 etejusmodi
1934 4283 2049 4339 alia
2068 4300 2305 4340 summo

650 4371 850 4426 dolore
880 4371 1474 4442 atqueamauitudine
1495 4371 1678 4426 animi
1713 4371 1995 4443 profatus,
2029 4372 2212 4429 multa
2232 4372 2308 4428 si-

654 4462 777 4517 mul
813 4461 1175 4533 imperatori,
1209 4460 1387 4516 simul
1410 4461 1471 4516 in
1500 4460 1777 4515 thronum
1829 4461 2057 4517 intruso
2101 4478 2306 4532 expro-

656 4553 834 4607 brans
866 4556 967 4607 aut
988 4551 1182 4624 potius
1216 4551 1567 4622 imprecans,
1599 4550 1826 4605 dimisit
1856 4551 1927 4605 ad
1978 4567 2039 4606 se
2068 4551 2304 4608 missos.

2410 600 2590 653 γουσι,
2651 579 2917 655 μεγάλοις
2991 581 3163 636 ἐκεῖσε
3217 577 3478 658 φοϐεροῖς
3538 580 3862 655 ἐνετύχομεν
3895 627 3910 651 ,
3961 583 4074 633 κατ’

2412 668 2687 745 εἷ’σπραξιν
2748 672 2904 743 οἶμαι
2956 675 3053 725 τοῦ
3103 672 3179 744 μή
3215 673 3295 743 [Ρ.
3340 672 3462 744 195]
3499 671 3617 743 μετ’
3646 669 3898 745 εὐλογίας
3928 671 4071 725 ἀπο-

2410 758 2642 828 λυθῆναι
2672 762 2772 815 τοῦ
2802 760 3169 835 πατριάρχου.
3227 762 3296 816 ’Ὁ
3351 758 3417 828 δὴ
3477 761 3568 814 καὶ
3613 758 3779 829 ἤθελε
3814 761 3911 832 μὲν
3942 760 4071 813 ’ἐκει-

2412 868 2535 909 στος
2568 848 2667 902 ἀνὰ
2701 850 2888 923 μέρος,
2924 849 2997 910 ὡς
3029 848 3249 922 ὕστερον
3301 847 3631 922 ὡμολόγουν
3690 848 3826 921 πρὸς
3881 846 4069 917 ἀλλή-

2409 935 2540 997 λους
2606 935 3068 1010 μεταμελόμενοι.
3128 939 3322 1009 ’Ὁμως
3357 934 3413 990 δὲ
3463 938 3562 1003 τήν
3614 935 3852 999 ἐντεῦθεν
3891 956 4066 1005 κατη-

2406 1029 2596 1103 γορίαν
2630 1028 2978 1105 ὑφορώμενοι
3037 1026 3411 1099 κατημέλουν.
3468 1028 3681 1090 Νυκτὸς
3730 1028 3833 1102 γὰρ
3894 1027 4068 1099 μέσης

2408 1118 2632 1190 σεισμὸς
2691 1117 3029 1173 ἐπεισπίπτει
3096 1117 3284 1192 βαρὺς,
3343 1117 3434 1172 καὶ
3490 1118 3553 1172 τὸ
3613 1117 3740 1192 ὅρος
3799 1118 4065 1191 θραυσθὶν

2406 1205 2496 1259 καὶ
2546 1207 2707 1261 πεσὸν
2764 1206 2841 1270 εἷς
2898 1204 3169 1261 θάλασσαν
3198 1206 3290 1261 τὸν
3325 1206 3496 1261 ἐκεῖσε
3525 1205 3695 1261 τόπον
3747 1204 4067 1274 κατέκλυσε,

2407 1292 2629 1367 δόκησίν
2685 1317 2741 1351 τε
2797 1298 2887 1350 καὶ
2946 1299 3096 1368 ἡμᾶς
3151 1294 3591 1365 κατακλυσθῆναι
3652 1295 3898 1370 παρέσχε
3949 1295 4069 1349 κατ’

2408 1383 2660 1459 αἰγιαλὸν
2724 1385 3002 1456 μένοντας.
3065 1384 3241 1441 Ἀλλᾶ
3293 1385 3455 1458 μόλις
3509 1384 3786 1457 πολΑᾶτῇ
3818 1382 4067 1457 θαλάσσῃ

2406 1471 3072 1547 προσταλαιπωρήσαντες
3134 1479 3236 1541 τῆς
3294 1473 3707 1528 Κωνσταντίνου
3765 1467 4068 1544 ἐπέϐημεν,

2410 1563 2582 1636 μηνὸς
2641 1559 2987 1634 ἑξκαιδεκάτῃ
3046 1559 3413 1625 Ποσειδεῶνος
3449 1606 3463 1631 ,
3522 1563 3612 1617 καὶ
3669 1566 3748 1634 τῷ
3803 1581 4070 1637 πατριαρ-

2407 1655 2604 1727 χοῦντι
2665 1651 2928 1727 πρότερον
2987 1651 3385 1725 προσελθόντες
3444 1651 3535 1706 καὶ
3592 1652 3653 1706 τὸ
3682 1655 3785 1705 πᾶν
3809 1650 4068 1725 ἀναγγεί-

2408 1739 2599 1801 λαντες
2633 1742 2840 1813 θερμὴν
2901 1740 3122 1811 ἀξίωσιν
3151 1744 3267 1796 οἷον
3325 1740 3631 1814 ἠξιούμεθα
3676 1741 3801 1816 παρ’
3831 1738 4066 1807 ἐκείνου,

2408 1836 2512 1884 πᾶν
2572 1828 2819 1906 λυπηρὸν
2850 1837 2949 1900 τῆς
3011 1828 3348 1906 ἀπαγγελίας
3401 1828 3747 1902 ὑπεξελέσθαι
3794 1829 3932 1903 πρὸς
3970 1829 4068 1903 βα-

2411 1918 2567 1973 σιλέα
2598 1916 2884 1993 λέγοντας,
2941 1918 3029 1974 καὶ
3090 1916 3145 1973 εἶ’
3192 1940 3244 1973 τι
3277 1915 3530 1975 λέλεκται
3587 1916 3745 1977 Οὕτω
3776 1915 3823 1972 δ’
3854 1917 4072 1990 ᾠκονό-

2414 2029 2580 2081 μηται
2635 2010 2705 2063 τὰ
2753 2009 2877 2063 τότε
2932 2010 3070 2083 πρὸς
3104 2007 3352 2084 βασιλέα,
3404 2009 3533 2063 ὥστ’
3590 2007 3895 2062 ἀκούσαντα
3950 2005 4071 2061 δια-

2409 2101 2610 2170 γνῶναι
2652 2098 2748 2169 μὲν
2796 2098 2897 2165 τήν
2929 2096 3253 2172 ἀπολογίαν,
3309 2097 3392 2152 ὅτι
3441 2097 3530 2151 καὶ
3589 2096 3733 2157 εἰκὸς
3762 2096 4072 2151 ἀκούσαντα

2407 2183 2656 2260 ἐπισχεῖν
2712 2183 2972 2255 ἐκείνους,
3036 2186 3111 2257 μή
3172 2184 3400 2248 θέλοντα
3450 2181 3508 2239 δὲ
3563 2183 3692 2245 τοὺς
3722 2186 3841 2247 καθ’
3900 2186 4068 2255 ἡμῶν

2408 2273 2717 2350 ἐμφανίζειν
2805 2280 2978 2349 σιγᾷν,
3061 2272 3237 2329 δεινόν
3323 2271 3379 2328 δὲ
3456 2275 3546 2328 καὶ
3603 2272 3665 2327 τὸ
3736 2278 4071 2337 κακοπαθεῖν

2408 2364 2608 2419 ἐκεῖνον
2668 2365 3003 2439 ἡγήσασθαι,
3063 2362 3191 2418 ὥστ’
3246 2364 3424 2419 αὐτίκ’
3454 2362 3695 2433 ἐπιτάξαι
3725 2362 4069 2437 τριακοσίοις

2407 2451 2649 2524 ἐτησίοις
2701 2452 3029 2525 νομίσμασιν
3062 2451 3265 2507 ἐκεῖνόν
3304 2472 3363 2507 τε
3392 2452 3480 2507 καὶ
3514 2453 3673 2515 τούτς
3700 2451 3824 2523 περὶ
3857 2452 4069 2506 ἐκεῖνον

2406 2544 2753 2611 καθικανοῦν,
2818 2539 3408 2618 ὑπεραπολογούμενον
3441 2541 3532 2596 καὶ
3594 2543 3707 2615 μεθ’
3764 2542 3932 2615 ὅρκου
3996 2541 4070 2604 ὡς

2411 2630 2792 2706 καὶπρότερον
2840 2631 3080 2702 ἐπιτάξοι
3132 2630 3307 2695 οὕτως
3333 2630 3425 2685 καὶ
3472 2632 3549 2693 ὡς
3591 2630 3723 2706 παρ’
3747 2629 3956 2704 ἐκεῖνον
3994 2630 4071 2703 μή

2410 2851 2755 2923 ρωιιὶιοηῐεε
2780 2851 3030 2908 invicem
3066 2852 3440 2922 fatebantur;
3474 2854 3573 2907 sed
3606 2855 3841 2908 verente
3874 2869 3987 2924 pro
4011 2868 4073 2909 se

2411 2957 2643 3013 quoque
2675 2957 2746 2997 ne
2777 2941 2835 2996 id
2864 2942 2977 2996 sibi
3035 2940 3270 2996 crimini
3326 2945 3670 3007 verteretur,
3726 2941 3951 3012 pariter
4010 2942 4071 2996 id

2409 3046 2614 3085 omnes
2646 3030 3025 3103 neglexerant
3055 3031 3259 3086 facere.
3291 3031 3436 3086 Nam
3469 3036 3638 3086 nocte
3670 3031 3864 3085 media
3898 3036 4071 3086 terra:

2409 3125 2609 3175 motus
2639 3118 2848 3175 incidit
2875 3119 3086 3188 gravis,
3119 3124 3177 3174 et
3205 3119 3488 3187 abruptus
3541 3135 3714 3174 mons
3743 3119 4074 3175 imminens

2408 3225 2476 3264 ac
2505 3224 2759 3281 superne
2786 3209 3188 3280 praecipitatus
3212 3209 3271 3263 in
3303 3224 3465 3263 mare
3489 3207 3633 3263 illud
3658 3210 3851 3279 coegit
3878 3210 3938 3262 in
3960 3214 4077 3263 ter-

2409 3314 2531 3353 ram
2562 3297 2676 3353 late
2698 3298 2948 3354 vicinam
2973 3298 3285 3366 inundare,
3319 3302 3484 3353 tanto
3530 3302 3673 3352 aestu
3707 3314 3775 3352 ac
3802 3297 4072 3352 tumultu

2407 3391 2471 3441 ut
2492 3388 2588 3458 qui
2609 3388 2914 3443 stabamus
2933 3387 2991 3441 in
3008 3386 3202 3442 littore
3215 3403 3323 3443 nos
3338 3386 3615 3442 continuo
3640 3387 4073 3457 demergendos

2407 3477 2803 3533 crederemus.
2836 3477 3122 3532 Caeterum
3174 3476 3678 3531 asrumnosissimo
3719 3476 3858 3531 inde
3888 3493 4068 3532 cursu

2408 3567 2861 3622 transfretantes
2908 3580 3058 3638 aegre
3129 3564 3701 3635 Constantinopolim
3758 3567 4073 3621 tenuimus

2409 3658 2573 3710 sexta
2601 3654 2831 3709 decima
2859 3655 2954 3710 die
2986 3653 3211 3709 mensis
3240 3653 3510 3725 Augusti,
3542 3659 3602 3709 et
3623 3654 3879 3725 primum
3909 3654 4073 3710 adito

2411 3742 2765 3817 patriarcha,
2803 3743 2902 3798 ubi
2934 3759 3063 3815 qua
3094 3743 3465 3814 contigerant
3507 3742 3843 3810 retulimus,
3888 3759 4074 3815 quam

2412 3833 2719 3903 potuimus
2752 3832 3170 3888 ardentissime
3198 3832 3367 3887 illum
3418 3833 3715 3888 oravimus
3747 3837 3811 3886 ut
3866 3849 3975 3904 pro
4007 3848 4079 3888 ea

2412 3939 2531 3994 qua
2559 3921 2779 3978 valeret
2795 3922 2949 3993 apud
2966 3922 3380 3993 imperatorem
3395 3921 3746 3977 auctoritate
3762 3924 4079 3993 gratiaque

2413 4011 2583 4066 nobis
2617 4012 2850 4067 adesset
2881 4026 3011 4082 quas
3038 4021 3171 4066 acta
3222 4016 3391 4066 erant
3440 4010 3950 4073 renuntiantibus,
4013 4026 4081 4065 ac

2414 4100 2462 4155 si
2490 4100 2629 4171 quid
2650 4099 2984 4156 necessario
3002 4100 3335 4155 diceremus
3356 4100 3507 4170 quod
3524 4082 3782 4171 ‘Augusti
3802 4100 4081 4155 animum

2414 4194 2720 4261 pungeret,
2756 4187 3032 4244 deliniret
3063 4188 3187 4260 ipse
3218 4205 3475 4260 praesens
3504 4206 3620 4261 qua
3648 4188 3886 4244 valebat
3929 4194 4083 4255 arte,

2414 4284 2591 4350 atque
2623 4283 2688 4333 ut
2717 4283 2930 4334 cuncta
2960 4279 3095 4333 boni
3131 4278 3465 4334 consuleret
3493 4279 3660 4334 daret
3689 4294 3954 4350 operam.
3983 4279 4087 4334 Fe-

2415 4368 2496 4422 cit
2525 4366 2822 4422 cumulate
2860 4367 3017 4439 quod
3047 4365 3347 4438 petiimus;
3383 4382 3569 4438 eoque
3601 4382 3736 4421 mox
3791 4382 4085 4422 successu

2416 4473 2553 4512 cum
2590 4456 2945 4528 imperatore
2974 4456 3229 4527 egimus,
3262 4461 3323 4510 ut
3375 4455 3473 4511 ille
3525 4454 3792 4527 placatus
3829 4456 4088 4512 Arsenio

2418 4549 2771 4617 acceptaque
2800 4544 3139 4601 defensione
3171 4544 3361 4616 ipsius
3389 4543 3543 4600 ultro
3563 4543 3925 4617 significaret
3960 4561 4090 4601 cre-

652 4643 768 4698 Nos
798 4646 993 4697 autem
1020 4640 1122 4697 illo
1154 4642 1368 4695 iterum
1405 4638 1684 4712 postridie
1717 4645 2019 4708 convento,
2044 4646 2102 4696 et
2145 4642 2305 4697 omni
2336 4652 2384 4717 ο
2418 4634 2552 4689 dere
2597 4650 2678 4701 86.
2712 4634 2763 4689 εί
2816 4633 2953 4702 Ψ]ίά
2986 4634 3059 4688 ἀθ
3116 4633 3525 4704 coniuratione
3555 4634 3613 4688 ίῠ
3672 4633 3852 4688 Vitam
3908 4650 4088 4690 suam

651 4749 719 4788 eo
744 4733 901 4805 quod
933 4731 1157 4803 sperari
1206 4730 1395 4803 potuit
1422 4730 1647 4796 effecto,
1702 4746 1733 4785 e
1764 4735 1934 4801 portu
1993 4731 2303 4787 confestim

649 4822 959 4887 solvimus,
992 4826 1048 4877 et
1079 4820 1272 4876 valido
1299 4820 1613 4891 ingruente
1644 4820 1824 4875 Borea
1869 4819 1927 4874 in
1988 4819 2304 4876 Occiduam

648 4913 856 4968 insulae
878 4910 1258 4977 oram,satius
1275 4910 1552 4965 duximus
1572 4909 1845 4981 navigare
1864 4910 2305 4982 protegentibus

650 5002 972 5059 montibus.
1000 5005 1072 5056 At
1101 5000 1417 5056 vehemens
1448 5004 1648 5055 coorta
1706 4998 1968 5071 procella
1998 5004 2107 5067 est,
2140 5000 2305 5055 intu-

651 5094 915 5164 muitque
945 5095 1307 5146 commotum
1342 5088 1601 5160 amplius
1636 5105 1815 5143 mare.
1868 5087 2058 5151 Quare
2109 5089 2303 5144 navim

647 5198 799 5255 aagre
829 5180 1228 5254 applicuimus
1260 5179 1331 5235 ad
1360 5178 1557 5235 locum
1590 5177 2032 5233 Galenolimena
2076 5195 2304 5234 nuncu-

650 5270 1080 5345 patum,quasi
1144 5273 1380 5341 portum
1442 5282 1717 5324 serenum
1777 5267 2022 5322 diceres.
2083 5267 2307 5323 Accola:

644 5364 851 5434 lingua
865 5360 1111 5433 vulgari,
1126 5363 1406 5430 corrupto
1420 5362 1609 5412 vetere
1622 5355 2304 5425 vocabulo,Galilolimen

645 5451 969 5525 appellant.
995 5449 1222 5520 Magnis
1256 5448 1337 5503 ibi
1371 5446 1647 5520 periculis
1679 5462 1890 5502 sumus
1922 5447 2184 5513 exerciti,
2245 5447 2304 5501 in

642 5559 895 5617 pmnam,
922 5542 1150 5613 opinor,
1187 5554 1303 5595 non
1336 5537 1529 5611 petitae
1558 5540 1614 5591 et
1644 5540 1891 5609 acceptae
1916 5554 1949 5592 a
1975 5536 2308 5608 patriarcha

643 5635 702 5689 in
730 5633 1000 5704 digressu
1021 5628 1468 5686 benedictionis.
1491 5627 1650 5692 Quod
1683 5626 1867 5682 facere
1891 5627 2303 5699 unusquisque

642 5721 948 5797 sigillatim
965 5720 1319 5791 voluerat,ut
1331 5724 1551 5792 postea,
1571 5716 1628 5775 in
1646 5716 1782 5776 mali
1797 5732 1977 5774 sensu
1994 5732 2123 5774 sero
2147 5715 2304 5773 280

2419 4724 2569 4779 facta
2598 4722 2964 4791 cognovisset
3014 4722 3321 4784 Arsenius.
3356 4726 3704 4777 cenaturum
3726 4739 3863 4777 eum
3898 4723 4091 4780 fuisse

2415 4815 2755 4883 coniuratos
2786 4830 2820 4867 a
2852 4812 3075 4868 nefario
3106 4817 3297 4883 cu-pto
3358 4818 3658 4879 avertere;
3696 4812 4088 4886 siluisseque,

2414 4904 2463 4958 si
2491 4905 2632 4977 quid
2666 4904 2875 4959 horum
2908 4904 3085 4969 novit,
3108 4902 3269 4958 abiis
3290 4902 3626 4958 indicandis
3658 4901 3951 4975 religione
3983 4922 4087 4961 co-

2414 4993 2666 5049 hibitum
2691 4994 2971 5066 quadam,
2991 4993 3141 5062 quod
3171 5008 3338 5048 suam
3365 4993 3512 5047 forte
3538 5009 3852 5065 personam
3878 4994 4091 5052 decere

2417 5099 2531 5137 non
2567 5087 2799 5155 putaret
2830 5082 3061 5136 irritare
3095 5081 3419 5153 principem
3463 5081 3523 5137 in
3557 5082 3834 5138 subditos
3867 5082 4085 5140 horum

2418 5174 2475 5228 in
2509 5175 2704 5246 ipsum
2741 5170 3283 5228 machinationibus
3316 5170 3401 5226 illi
3427 5171 3903 5228 manifestandis.
3933 5178 4086 5231 Pre-

2416 5267 2575 5318 terea
2606 5261 2781 5318 simul
2815 5260 3041 5317 audivit
3071 5277 3104 5315 a
3128 5260 3297 5316 nobis
3312 5264 3633 5332 egestatem
3655 5260 4089 5335 miseriamque

2417 5370 2536 5426 qua
2567 5352 2661 5407 ille
2698 5351 2757 5407 in
2798 5349 3003 5407 exsilio
3064 5349 3533 5415 conﬂictabatur,
3591 5350 3735 5405 adeo
3771 5356 3972 5408 motus
4028 5355 4087 5410 in

2420 5440 2884 5499 misericordiam
2919 5444 3009 5496 est
3042 5444 3105 5495 ut
3154 5439 3351 5496 statim
3404 5439 3644 5511 juberet
3697 5445 4003 5499 trecentos
4036 5444 4085 5501 ei

2420 5550 2698 5590 nummos
2714 5548 2945 5587 annuos
2957 5531 3027 5587 ad
3043 5530 3134 5586 sui
3158 5546 3522 5603 suorumque
3542 5529 3762 5586 victum
3781 5532 4083 5605 assignari

2419 5624 2859 5695 at‘firmaretque
2916 5621 2976 5676 in
3018 5620 3450 5677 excusationem
3511 5621 4084 5693 suam,juramento

2416 5716 2593 5773 etiam
2629 5711 2996 5785 interposito,
3047 5728 3111 5768 se
3168 5727 3331 5784 prius
3364 5713 3743 5768 decreturum
3796 5711 3915 5787 ipsi
3949 5732 4083 5773 eam
