4212 6442
149 353 247 408 737

1196 362 1292 414 DE
1330 358 1699 414 MICHABLE
1736 354 2179 413 PALBOLOGO
2215 357 2349 412 LIB.
2391 357 2486 412 IV.

3429 363 3536 417 638

148 478 362 535 θέλοντα
414 478 662 555 δέχεσθαι
717 482 779 536 τὸ
840 482 916 554 μὴ
964 478 1212 537 δεδόσθαι
1262 482 1519 552 ἧν,τὲως
1581 478 1636 535 δὶ
1682 481 1771 535 καὶ
1807 480 2124 556 Αγενέσοαι
2172 481 2317 555 παρα
2372 502 2430 534 τε
2485 483 2581 535 τοῦ
2638 480 2980 558 πατριάρχου
3049 481 3138 536 καὶ
3197 486 3375 554 πάσης
3437 494 3537 555 τῆς

150 567 289 631 αὖθις
340 567 553 624 δεδιότα
603 571 681 642 μὴ
731 568 878 633 ὅπως
941 568 1181 647 δέχοιτο,
1219 572 1667 647 προσανατιθέναι
1714 574 1782 644 τῇ

150 655 393 733 δεσποίνῃ
423 661 521 727 τὴν
580 658 869 735 χορηγίαν,
903 659 983 737 ἐφ’
1016 659 1060 732 ᾦ
1092 660 1253 715 αὐτὸν
1319 660 1412 733 μὶν
1465 658 1783 715 ἀποστεῖλαι

148 744 397 810 καὶαὖθις
428 746 623 821 φίλους
653 746 843 820 ἐκείνῳ
872 749 1264 822 νομιζομένους
1325 750 1460 803 κατά
1515 770 1634 803 τινα
1690 749 1788 816 τήν

153 836 234 889 ἀπ’
318 834 479 890 Cll-3105
562 837 905 910 παραμυθίαν
954 858 1013 891 τε
1068 838 1153 891 καὶ
1214 836 1513 910 εὐμένειαν,
1570 839 1668 907 τήν
1732 834 1789 891 δὲ

152 921 420 979 δέσποιναν
485 926 599 997 μετ’
632 924 851 980 ἐκείνων
908 927 1138 999 πέμπειν
1200 925 1272 985 ὠς
1333 928 1423 1003 ἀφ’
1472 927 1667 995 ἑαυτῆς
1723 926 1790 979 τα

151 1013 470 1086 νομίσματα.
501 1016 562 1067 Ὀ
621 1013 687 1084 δὴ
747 1014 835 1070 καὶ
897 1017 1011 1088 μετ’
1044 1015 1109 1070 οὐ
1164 1014 1307 1070 πολὺ
1340 1017 1665 1090 πέπρακται,
1698 1014 1787 1069 καὶ

152 1100 573 1159 ἀποστέλλονται
614 1105 641 1159 6
685 1111 783 1174 τῆς
818 1104 1144 1175 Ἐκκλησίας
1205 1105 1787 1179 ὑπομνηματογρᾶφος

160 1194 429 1264 Γεμισ-τὸς,
474 1194 502 1247 6
556 1198 653 1248 τοῦ
713 1194 999 1269 βασιλικοῦ
1056 1194 1269 1269 κλήρου
1328 1192 1711 1269 λαμπαδάριος
1762 1196 1790 1248 6

156 1281 468 1351 Οῗναιώτης,
526 1283 613 1336 καὶ
701 1282 881 1358 τρίτος
946 1284 973 1336 ὁ
1028 1290 1126 1352 τῆς
1186 1284 1351 1358 Ἰερᾶς
1430 1284 1793 1359 ἱερομόναχος

158 1368 388 1445 Μάρκος,
426 1368 614 1447 ἄνδρες
670 1370 730 1426 ἐκ
778 1374 1015 1427 παλαιοῦ
1068 1372 1219 1443 φίλοι
1272 1373 1459 1445 ἐκείνῳ
1509 1375 1576 1427 τὰ
1627 1370 1792 1446 μαλι-

161 1479 265 1528 στα,
292 1461 374 1521 οἱς
411 1456 477 1529 δή
510 1461 597 1514 καὶ
649 1462 793 1535 παρᾶ
840 1469 940 1531 τῆς
1001 1458 1292 1532 δεσποίνης
1349 1462 1414 1517 τα
1463 1461 1539 1524 εἷς
1599 1462 1789 1536 χρείαν

157 1547 661 1606 συναπεστὲλλοντο.
718 1553 806 1621 Τῷ
868 1552 961 1623 μέν
1023 1549 1113 1605 οὖν
1185 1550 1401 1626 βασιλεῖ
1459 1550 1557 1605 οὐκ
1612 1552 1677 1620 ἦν
1740 1551 1791 1613 ἐς

158 1642 404 1692 τοσοῦτον
459 1639 527 1693 τὰ
576 1645 676 1708 τῆς
719 1637 983 1709 σπουδῆς,
1015 1639 1161 1695 ἀλλᾶ
1189 1640 1277 1695 καὶ
1308 1641 1369 1694 τὸ
1400 1639 1566 1695 πλέον
1626 1661 1795 1715 προσ-

156 1728 414 1797 επεζήτει,
450 1725 665 1801 μᾶλλον
724 1726 781 1783 δὲ
834 1730 921 1783 καὶ
976 1727 1042 1783 οὗ
1098 1729 1257 1805 χάριν
1298 1731 1447 1784 ταῦτ’
1478 1729 1791 1805 ἐπράττετο.

1891 567 2237 642 συνόδοο,τὸν
2273 567 2329 623 δὶ
2370 568 2603 624 λύσαντα
2640 571 2917 646 ὑφεωρᾶτο
2956 573 3030 643 μή
3063 574 3152 626 καὶ
3186 570 3330 643 δόξοι
3364 572 3537 630 ἄλυτα

1890 656 2033 712 λύων
2067 657 2126 713 ἐκ
2154 662 2249 712 τοῦ
2282 658 2416 732 πρὸς
2467 659 2670 713 ἐκεῖνον
2721 661 2812 713 τὸν
2871 657 3001 714 λαὸν
3044 659 3329 736 ὀλιγώρως
3390 658 3538 739 ἕλκειν

1887 747 2046 801 τοῦτο
2112 748 2205 818 μέν
2268 744 2358 800 διὰ
2414 749 2474 801 τὸ
2537 749 2612 819 μὴ
2678 747 2760 801 ἐπ’
2808 747 2995 819 ἐκείνῳ
3046 748 3540 825 πληροςιορεῖσοαι,

1888 840 2047 890 τοῦτο
2083 832 2138 890 δὲ
2168 836 2255 890 καὶ
2290 834 2379 890 διὰ
2422 838 2522 905 τήν
2584 836 2992 912 ἐμφαινομένην
3050 843 3147 892 τοῦ
3200 840 3391 910 θρόνου
3455 861 3544 909 με·

1889 925 2123 979 τάῦεσιν.
2156 924 2217 980 Ὁ
2268 921 2315 977 δ’
2348 923 2552 985 ἐννοίας
2608 924 2862 985 τοιαύτας
2914 920 3247 980 ὕποϐςὶλλων
3310 932 3388 998 τῷ
3448 929 3543 1001 βα-

1894 1011 2036 1067 σιλεῖ
2066 1015 2092 1068 6
2125 1010 2397 1081 61,).m02i;
2459 1012 2735 1083 Γαλησίου
2794 1016 2859 1081 ἦν
2890 1016 3113 1091 Ἰωσὴςι,
3146 1016 3203 1076 ὃς
3266 1016 3325 1069 οὐ
3382 1016 3543 1070 τόσον

1896 1100 2214 1176 ὑπερεπάθει
2267 1105 2364 1155 τοῦ
2420 1101 2698 1174 Ἀρσενίου
2756 1102 2880 1157 ὅσον
2945 1108 3025 1175 τῷ
3085 1110 3341 1178 Γερμανῷ
3402 1107 3548 1174 ἁπη-

1895 1193 2125 1266 χοανετο
2152 1188 2239 1244 δια
2268 1192 2365 1259 τήν
2402 1189 2459 1244 ἐκ
2488 1191 2679 1263 θρόνου
2728 1196 2983 1245 ταπεινοῦ
3044 1192 3119 1253 εἰς
3176 1194 3267 1247 τὸν
3322 1193 3547 1265 ὑπέρτα-

1894 1300 1985 1333 τον
2039 1276 2388 1347 ἐπιπήδησιν.
2436 1282 2519 1348 Τῷ
2572 1299 2656 1332 τοι
2705 1279 2793 1332 καὶ
2853 1279 3099 1353 ἐσχίζετο
3164 1282 3256 1352 μέν
3319 1282 3552 1352 ἐκεῖνος,

1902 1367 2142 1423 ὑπέτεινε
2173 1365 2230 1421 δὲ
2281 1366 2370 1421 καὶ
2428 1371 2509 1438 τῷ
2566 1368 2781 1440 βασιλεῖ
2838 1368 2899 1421 οὐ
2953 1368 3126 1429 καλὰς
3164 1369 3369 1431 ἐννοίας
3425 1370 3549 1445 περὶ

1897 1455 2103 1511 ἐκείνου
2153 1457 2227 1519 ὡς
2282 1457 2346 1510 οὐ
2407 1454 2686 1527 λ’ὂσοντος,
2722 1455 2780 1511 ἄν
2837 1476 2896 1531 γε
2937 1457 3024 1511 καὶ
3060 1456 3181 1511 λύοι
3217 1476 3230 1489 ·
3266 1456 3389 1513 οὕτε
3442 1461 3545 1533 γὰρ

1899 1545 2083 1599 ἱκανὸν
2135 1545 2264 1599 εἶναι
2312 1549 2472 1599 τοῦτο
2530 1546 2674 1619 παρά
2731 1549 2848 1616 Θεῷ
2931 1546 3021 1599 καὶ
3093 1544 3376 1621 αὔταρκες,
3439 1547 3551 1601 οὔτ’

1901 1634 2311 1708 ἀκατάγνωστον
2362 1638 2441 1705 τῷ
2504 1633 2737 1709 βασιλεῖ.
2770 1635 2859 1694 Ὣς
2909 1640 3036 1710 γοῦν
3064 1637 3212 1689 ταῦτ’
3240 1634 3419 1711 ἔλεγεν
3478 1639 3552 1700 ὡς

1901 1724 1951 1779 ἐν
2015 1725 2325 1799 ἀνθρώποις
2402 1724 2474 1786 sic
2556 1725 2761 1799 πατέρα
2841 1724 3167 1798 τεταγμένος
3238 1726 3406 1797 αὐτῷ,
3461 1727 3551 1781 καὶ

156 1815 221 1869 Τὸ
250 1810 380 1883 δ’ήν
412 1814 515 1890 ἄρα
546 1813 671 1870 ὅσον
703 1814 753 1871 ἐν
787 1814 997 1888 σπουδῇ
1056 1814 1265 1871 ἐκείνου
1321 1821 1416 1872 τοῦ
1475 1818 1790 1886 ἀνυσθῆναι,
1825 1840 1869 1904 Β
1904 1814 2105 1878 πείθειν
2166 1814 2232 1882 ἦν
2288 1814 2489 1869 ἐκεῖνον
2545 1812 2604 1868 ἐκ
2657 1818 2753 1868 τοῦ
2809 1814 3112 1888 προχείρου
3166 1820 3255 1868 καί
3310 1813 3378 1869 δι’
3409 1813 3554 1870 ἄλλα

154 1901 300 1956 τόσον
356 1900 409 1957 ἐν
470 1903 673 1979 ἀπορίᾳ
726 1909 822 1959 τοῦ
880 1909 995 1967 πῶς
1051 1902 1110 1959 ἂν
1172 1904 1421 1975 ἆνυσθείη
1504 1905 1594 1960 καὶ
1650 1906 1794 1979 παρὰ

158 1989 308 2054 τίνος.

161 2098 234 2165 ιζ’.
262 2099 451 2161 Ὅπως
484 2100 511 2154 6
546 2100 799 2174 βασιλεὺς
831 2095 1151 2174 ἐϐουλεύετο
1180 2100 1247 2174 τὰ
1294 2100 1416 2172 περὶ
1473 2107 1571 2170 τῆς
1603 2102 1792 2156 ἑαυτοῦ

612 2169 838 2239 λύσεως,
872 2173 960 2227 καὶ
994 2172 1131 2247 πρὸς
1160 2172 1330 2233 τίνος.

220 2259 416 2323 ἪθεΛε
466 2261 550 2333 [Ρ.
584 2263 704 2335 196]
762 2263 855 2335 μὶν
914 2262 1005 2317 οὗν
1065 2262 1163 2331 τὴν
1223 2260 1319 2317 τοῦ
1379 2259 1580 2335 δεσμόῦ
1642 2263 1794 2317 Λύσιν

165 2494 453 2534 summam
483 2481 682 2548 fuisse,
720 2482 771 2536 si
803 2488 1100 2553 sperasset
1130 2481 1327 2537 induci
1358 2499 1491 2538 eum
1528 2497 1699 2552 posse
1726 2482 1798 2536 ad

162 2567 321 2623 istam
343 2587 376 2625 a
400 2586 465 2625 se
487 2571 827 2641 pensionem
845 2572 1261 2643 acceptandam
1286 2572 1414 2640 ;sed
1439 2588 1570 2626 cum
1596 2588 1663 2625 su
1672 2586 1801 2643 per-

172 2656 399 2713 stitione
458 2675 649 2729 ipsum
683 2662 939 2731 quadam
971 2660 1283 2717 abhorrere
1326 2678 1359 2715 a
1390 2660 1803 2715 communione

167 2760 504 2818 quacunque
534 2765 735 2804 secum
768 2749 922 2805 890
955 2748 1327 2821 intelligeret,
1361 2749 1623 2820 ingerere
1646 2748 1802 2820 quod

168 2836 580 2907 scrupulosum
611 2854 814 2894 senem
845 2838 1161 2895 offenderet
1193 2855 1305 2894 non
1335 2854 1569 2893 ausum.
1602 2840 1680 2892 Ac
1732 2853 1804 2893 ne

166 2939 309 2981 nunc
351 2927 595 2997 quidem
644 2928 791 2985 velle
839 2929 1172 2985 molestiam
1224 2932 1510 2985 facessere
1554 2928 1800 2983 inﬁrma:

165 3012 411 3072 hominis
443 3017 833 3088 conscientia,
866 3018 1114 3090 ideoque
1147 3023 1501 3075 metuentem
1537 3035 1608 3073 ne
1640 3035 1802 3073 recu-

166 3108 312 3159 saret
356 3107 761 3163 necessarium
806 3108 1137 3166 subsidium
1169 3109 1219 3164 si
1251 3126 1358 3165 suo
1406 3108 1521 3180 ipsi
1566 3107 1803 3164 nomine

166 3191 483 3265 offerretur,
516 3198 847 3253 consentire
878 3215 939 3253 se
970 3203 1033 3253 ut
1070 3199 1127 3253 id
1152 3200 1427 3271 Augusta:
1450 3197 1794 3269 imputetur.

162 3279 414 3355 Denique
442 3286 586 3340 velle
617 3302 681 3341 se
711 3287 867 3341 mitti
898 3288 969 3342 ad
1002 3303 1137 3342 eum
1195 3286 1424 3358 aliquos
1485 3303 1553 3342 ex
1594 3286 1799 3342 amicis

161 3370 277 3433 ejus
307 3373 378 3426 ad
414 3375 735 3444 quamdam
779 3375 1103 3431 calamitosi
1134 3378 1293 3432 senis
1341 3375 1799 3432 consolationem

161 3465 212 3512 et
239 3463 684 3528 recreationem,
715 3470 772 3518 et
799 3464 871 3519 iis
894 3464 1240 3521 deferendos
1284 3466 1356 3520 ad
1406 3465 1600 3536 ipsum
1646 3465 1800 3520 tradi

162 3550 441 3605 trecentos
476 3548 606 3605 illos
640 3567 912 3606 nummos
955 3555 1238 3624 tanquam
1273 3553 1518 3608 donatos
1567 3553 1640 3609 ab
1694 3556 1803 3608 Au-

158 3642 341 3705 gusta,
372 3654 513 3693 cum
547 3645 704 3695 certa
734 3640 1130 3711 promissione
1161 3642 1434 3697 redituris
1481 3643 1799 3713 quotannis

160 3723 226 3778 ab
253 3728 459 3783 eadem
492 3745 673 3785 manu
705 3730 864 3801 paris
896 3748 1160 3786 summae.
1194 3732 1257 3787 Id
1289 3732 1444 3803 quod
1496 3749 1613 3787 non
1655 3735 1802 3788 mul-

171 3819 221 3868 to
253 3822 381 3886 post
413 3819 499 3875 ita
557 3821 775 3876 factum
834 3826 942 3877 est.
1004 3821 1267 3893 Delegati
1324 3823 1481 3878 enim
1531 3824 1599 3878 ad
1630 3824 1801 3878 Arse-

162 3904 312 3962 nium
354 3914 507 3964 sunt
552 3910 820 3967 Ecclesia
878 3912 1435 3969 Commentariensis
1476 3912 1797 3983 Gemistus,

162 4008 404 4069 cumque
438 4000 550 4055 hoc
598 4000 743 4072 regii
800 4000 938 4056 cleri
992 4001 1392 4074 lampadarius
1432 4002 1701 4059 OEnasota
1743 4007 1799 4058 et

160 4085 364 4141 tertius
390 4089 705 4144 monaterii
749 4090 926 4145 Hiera:
977 4091 1116 4146 dicti
1167 4090 1491 4146 monachus
1541 4091 1796 4161 Marcus,

162 4172 260 4227 viri
301 4192 513 4233 omnes
554 4177 668 4249 ipsi
699 4177 838 4234 olim
873 4179 1243 4248 cbarissimi;
1292 4180 1394 4252 qui
1425 4186 1483 4236 et
1513 4197 1797 4237 memora-

165 4266 279 4318 tum
312 4265 427 4337 ipsi
462 4268 540 4323 ab
573 4271 836 4340 Augusta
865 4269 1197 4326 subsidium
1229 4275 1633 4342 apportarunt.
1658 4271 1795 4335 Quae

161 4364 282 4407 cum
311 4354 497 4412 altius
529 4364 758 4429 reputo,
782 4359 1053 4430 suspicor
1083 4359 1356 4432 equidem
1406 4376 1521 4415 non
1544 4359 1649 4414 hoc
1676 4365 1798 4415 tan-

154 4444 267 4497 tum
298 4445 357 4499 in
388 4462 598 4502 senem
619 4462 823 4518 parum
853 4448 965 4504 sibi
994 4466 1227 4520 aequum
1251 4449 1520 4505 studium
1549 4466 1617 4505 ex
1647 4449 1797 4505 sola-

155 4532 266 4586 tum
311 4534 699 4592 miseratione
746 4538 1088 4610 imperatori
1130 4545 1336 4595 natum
1384 4555 1536 4606 esse,
1570 4537 1793 4594 homini

1906 1904 2001 1975 μὲν
2059 1905 2197 1977 πρὸς
2252 1903 2313 1957 τὸ
2371 1900 2547 1957 δοκεῖν
2599 1903 2774 1973 ἱκανὰ,
2810 1902 3047 1975 μαλιστα
3105 1901 3162 1958 δὲ
3204 1904 3293 1957 καὶ
3327 1904 3409 1959 ὅτι
3468 1905 3552 1959 ἐπ’

1903 1991 2091 2065 ἐκείνῳ
2122 1991 2589 2066 πεπληροφόρητο
2636 1993 2701 2047 τὰ
2751 1990 2936 2046 πολλᾶ
2993 1994 3153 2064 πατρί
3212 2013 3272 2067 γε
3323 2001 3552 2066 νομιζο-

1906 2084 2072 2155 μένῳ,
2105 2081 2156 2136 ἐν
2201 2081 2427 2143 ἐννοίαις
2461 2082 2488 2136 6
2519 2086 2727 2154 κρατῶν
2773 2082 2865 2155 ἧρ,
2899 2082 2987 2135 καὶ
3039 2081 3255 2153 μᾶλλον
3319 2082 3399 2137 ὅτι
3460 2085 3549 2137 καὶ

1900 2173 1962 2226 τὸ
2011 2170 2221 2246 σχίσμα
2281 2170 2450 2225 πλέον
2506 2170 2712 2246 ἐγένετο
2765 2169 2852 2225 διὰ
2906 2173 3004 2240 τήν
3091 2173 3389 2242 μετάθεσιν,
3452 2172 3549 2227 κᾶν

1903 2259 2104 2324 ἐκεῖνος
2164 2258 2545 2335 κατωλιγώρει
2592 2268 2692 2329 τῆς
2753 2260 2826 2322 εἷς
2880 2260 3034 2314 αὐτὸν
3086 2256 3293 2333 ὕϐρεως
3348 2262 3435 2316 καί
3493 2284 3553 2337 γε

1910 2482 2073 2536 dum.
2110 2487 2184 2537 De
2217 2481 2551 2553 patriarcha
2602 2481 2919 2537 verebatur
2967 2498 3037 2538 ne
3091 2499 3296 2553 parum
3332 2500 3397 2539 eo
3428 2500 3558 2539 exo-

1911 2575 2094 2626 rando
2125 2572 2449 2641 proliceret,
2488 2571 2615 2641 ipso
2647 2570 2896 2627 libenter
2930 2572 3170 2643 quidem
3204 2588 3559 2640 assensuro;

1911 2662 2011 2716 sed
2043 2662 2320 2732 quoniam
2353 2661 2562 2733 exigua
2588 2663 2717 2732 ejus
2749 2662 2904 2733 apud
2952 2662 3233 2733 papulum
3265 2667 3321 2718 et
3372 2664 3563 2733 gratia

1910 2754 2033 2805 erat
2062 2754 2118 2804 et
2148 2751 2487 2815 auctoritas,
2530 2748 2861 2806 timendum
2907 2752 3203 2806 videretur
3233 2768 3305 2805 ne
3339 2751 3559 2806 invidia

1912 2838 2167 2895 auctoris
2200 2845 2393 2894 actum
2428 2838 2752 2894 inﬁrmaret
2799 2848 2855 2894 et
2904 2839 3080 2895 talem
3134 2840 3560 2896 absolutionem

1914 2946 2016 3000 pro
2060 2928 2220 2984 nulla
2278 2928 2541 3000 plerique
2599 2929 2881 2999 irritaque
2930 2929 3233 2997 haberent,
3288 2935 3562 3000 tanquam

1913 3018 2093 3073 latam
2128 3018 2198 3072 ab
2229 3017 2467 3073 homine
2499 3018 2669 3089 cujus
2702 3018 3036 3074 auctoritati
3064 3035 3269 3089 parum
3296 3019 3563 3087 fiderent,

1913 3113 1975 3162 et
2006 3107 2077 3161 de
2108 3124 2223 3178 quo
2254 3125 2325 3161 an
2360 3106 2618 3179 legitime
2652 3113 2955 3179 promotus
2987 3112 3165 3179 esset,
3198 3113 3435 3180 propter
3466 3125 3554 3162 ve-

1912 3196 2080 3251 titam
2129 3195 2454 3252 canonibus
2488 3197 2557 3251 de
2598 3197 2808 3252 throno
2842 3197 2898 3251 in
2933 3197 3183 3252 thonum
3221 3197 3561 3253 translatio-

1916 3302 2048 3339 nem
2099 3285 2449 3356 abigeretur.
2490 3287 2711 3341 Auctor
2730 3291 2789 3341 et
2818 3286 2962 3342 29]
3010 3291 3319 3358 suggestor
3347 3287 3554 3357 hujus-

1912 3374 2551 3430 modisollicitudinum
2578 3380 2613 3428 A
2629 3380 2840 3447 ugusto
2866 3375 2975 3429 fuit
2993 3393 3171 3446 supra
3187 3382 3549 3431 memoratus

1911 3463 2128 3535 Joseph
2174 3463 2387 3519 Galesii
2433 3464 2756 3534 praefectus,
2792 3482 2904 3519 non
2940 3470 3057 3519 tam
3094 3464 3191 3519 ille
3222 3465 3460 3536 quidem
3500 3466 3557 3519 in

1914 3553 2021 3609 hoc
2045 3552 2418 3609 miseratione
2442 3553 2496 3607 in
2521 3555 2831 3609 Arsenium
2862 3554 3115 3624 quadam
3155 3559 3348 3609 motus
3383 3570 3560 3625 quam

1911 3641 2224 3713 indulgens
2239 3640 2865 3698 minimedissimulato
2898 3644 3177 3697 adversus
3210 3642 3562 3698 Germanum

1910 3732 2241 3802 edio,quem
2266 3730 2455 3802 palam
2479 3730 2754 3803 culpabat
2778 3733 2944 3803 quasi
2969 3748 2999 3787 e
3021 3733 3157 3787 sede
3182 3732 3477 3787 humilium
3503 3732 3558 3787 in

1912 3838 2250 3891 supremam
2304 3821 2453 3877 saltu
2504 3822 2812 3878 ambitioso
2845 3838 2948 3877 nec
2999 3839 3103 3893 per
3160 3839 3359 3878 sacras
3404 3822 3562 3894 leges

1912 3927 2187 3967 concesso
2220 3912 2699 3967 transcendisset.
2734 3910 2896 3967 Unde
2933 3928 3066 3966 cum
3092 3928 3154 3968 se
3177 3912 3301 3984 ipse
3326 3913 3397 3967 ab
3429 3914 3557 3982 ejus

1912 4001 2323 4056 communione
2354 4001 2698 4073 segregavit,
2734 4006 2859 4055 tum
2915 4002 3059 4057 istas
3110 4018 3261 4073 quas
3297 4002 3414 4057 dixi
3466 4002 3565 4057 ad.

1911 4106 2109 4146 versas
2140 4090 2428 4146 Germano
2460 4090 2843 4162 cogitationes
2874 4094 3050 4161 atque
3085 4090 3427 4145 formidines
3453 4091 3558 4146 im-

1913 4180 2197 4252 peratoris
2228 4180 2423 4235 animo
2472 4178 2741 4251 subjecit,
2770 4180 3151 4236 metuendum
3202 4180 3560 4235 denuntians

1915 4285 1986 4324 ne
2017 4284 2129 4323 non
2165 4269 2431 4324 idoneam
2475 4268 2573 4323 ille
2605 4268 2843 4323 haberet
2888 4267 3150 4324 solvendi
3188 4274 3557 4340 potestatem,

1914 4375 1980 4413 ac
2011 4359 2163 4429 quod
2198 4363 2320 4413 erat
2352 4359 2484 4413 inde
2525 4374 2914 4429 consequens,
2957 4358 3003 4412 si
3040 4375 3073 4413 a
3102 4358 3206 4412 tali
3247 4358 3562 4413 absolutus

1915 4447 2125 4502 fuisset
2147 4446 2594 4520 imperator,nec
2616 4448 2767 4518 apud
2790 4447 2971 4502 Deum
2990 4463 3094 4502 nec
3117 4448 3271 4518 apud
3295 4448 3564 4502 homines

1914 4552 2044 4591 vere
2066 4535 2212 4591 liber
2235 4552 2268 4591 a
2288 4536 2413 4591 diro
2437 4534 2668 4591 vinculo
2692 4541 3049 4590 censeretur.
3083 4538 3216 4598 Qua:
3256 4540 3563 4606 Augustus

158 4622 345 4694 utique
377 4627 636 4683 minime
662 4600 921 4700 simplici
940 4634 1043 4685 aut
1066 4645 1248 4686 unum
1270 4633 1327 4685 et
1351 4600 1537 4686 cuivis
1563 4629 1798 4684 obvium
1833 4600 1878 4664 Ι)
1911 4626 2159 4681 audiens
2188 4625 2261 4680 ab
2292 4641 2358 4681 eo
2390 4642 2563 4696 quem
2598 4624 2780 4697 patris
2813 4624 3067 4680 habebat
3097 4624 3242 4688 loco.
3276 4600 3380 4679 cui
3412 4630 3467 4680 et
3500 4630 3566 4680 ut

155 4716 405 4778 spectare
440 4716 501 4771 in
537 4716 613 4771 iis
666 4733 792 4787 qua:
844 4723 1042 4790 ageret
1089 4718 1298 4787 solito;
1351 4734 1532 4792 quare
1562 4724 1699 4790 puto
1731 4717 1800 4773 il-

154 4794 263 4855 lum
295 4802 425 4871 plus
461 4804 523 4860 in
562 4821 630 4860 eo
661 4804 905 4877 vidisse,
946 4812 1124 4879 atque
1154 4808 1265 4864 hoc
1295 4808 1447 4864 iacto
1500 4808 1802 4864 studuisse

158 4891 371 4948 munire
402 4910 470 4949 ac
502 4892 882 4965 complanare
912 4896 1025 4952 sibi
1047 4897 1200 4952 viam
1226 4897 1298 4953 ad
1319 4896 1653 4968 antiquum,
1687 4913 1801 4969 quo

156 4975 359 5037 dudum
391 4982 704 5052 tendebat,
721 5000 963 5057 scepum
983 4985 1373 5042 absolutionis
1393 4985 1472 5041 im
1484 4986 1799 5058 petrandee;

154 5083 308 5136 quam
340 5089 465 5128 rem
501 5078 731 5145 quanto
763 5074 1166 5131 vehementius
1198 5076 1492 5148 cupiebat,
1527 5080 1690 5133 tanto
1715 5093 1802 5131 so-

155 5152 339 5217 lertius
370 5162 684 5237 cogitabat
724 5181 981 5236 quanam
1027 5164 1247 5238 optime
1278 5166 1500 5222 ratione
1532 5170 1590 5222 et
1622 5182 1656 5221 a
1686 5181 1800 5236 quo

160 5245 367 5308 facilius
399 5253 839 5326 honestiusque
869 5260 1346 5327 consequeretur.

162 5353 234 5411 17.
261 5358 319 5416 Ut
345 5361 541 5419 modo:
581 5362 868 5434 qumn’erz't
923 5362 1231 5435 imperator
1273 5378 1394 5421 sua:
1441 5364 1803 5420 absolutioni:

634 5434 1015 5506 inpetrandz,’
1041 5438 1090 5491 et
1128 5453 1164 5491 α
1193 5451 1319 5508 quo.

215 5517 658 5594 Cogitationum
690 5540 862 5595 porro
894 5524 1023 5597 ejus
1056 5541 1287 5582 summa
1334 5524 1392 5579 in
1443 5523 1499 5579 id
1535 5525 1803 5589 confere-

159 5602 336 5679 batur,
396 5618 461 5669 ut
521 5614 857 5671 curandum
925 5614 1287 5672 existimaret
1343 5614 1488 5671 solvi
1542 5632 1668 5671 sese
1727 5615 1799 5671 ab

161 5700 532 5762 anathematis
565 5703 808 5762 vinculo
838 5720 944 5778 per
972 5705 1371 5779 patriarcham
1402 5710 1461 5763 et
1488 5722 1593 5779 per
1624 5722 1803 5779 syno-

1913 4715 2280 4771 conscientias
2305 4732 2422 4770 sua:
2454 4714 2674 4770 arbitru
2705 4718 2762 4769 et
2794 4718 2857 4768 ut
2888 4714 3154 4770 omnium
3180 4731 3309 4786 quae
3337 4716 3405 4769 ad
3433 4731 3565 4786 pro-

1914 4804 2273 4860 curationem
2332 4808 2665 4875 spectarent
2717 4804 3053 4859 animarum
3116 4803 3564 4859 consultissimo

1915 4896 2135 4967 passim
2168 4895 2368 4951 habito
2398 4894 2528 4950 ﬁdei
2562 4894 2877 4966 plurimam
2911 4894 3425 4965 venerationisque
3456 4894 3565 4949 tri-

1913 4985 2147 5051 buebat,
2190 4984 2481 5041 anxietate
2528 4984 2883 5039 constrictus
2915 4988 3005 5039 est
3041 4985 3327 5049 maxima,
3384 5001 3563 5054 quam

1914 5075 2164 5131 subinde
2198 5075 2383 5147 magis
2434 5074 2740 5146 magisque
2772 5072 3116 5128 intendebat
3147 5089 3470 5144 augescens
3504 5072 3564 5128 in

1914 5165 2038 5220 dies
2069 5164 2330 5220 scbisma
2360 5164 2682 5219 multorum
2718 5165 2789 5218 ob
2826 5162 3109 5218 invidiam
3158 5161 3565 5219 translationis

1914 5253 2185 5311 Germani
2219 5254 2697 5309 communionem
2738 5252 3165 5321 aversantium,
3197 5252 3325 5324 ipso
3358 5268 3565 5308 secure

1915 5344 2093 5399 nimis
2116 5343 2505 5399 indormiente
2541 5342 2768 5413 injuriae
2791 5359 2911 5397 suae
2943 5345 3139 5411 tantae,
3168 5359 3270 5397 nec
3312 5359 3566 5414 purgare

1914 5441 2014 5489 aut
2043 5432 2290 5489 delinire
2340 5432 2579 5489 omnino
2621 5431 2961 5504 gliscentem
3016 5431 3297 5486 invidiam
3352 5431 3474 5486 ulla
3507 5448 3569 5487 re

1912 5526 2178 5579 conante.
2214 5522 2357 5577 Nam
2392 5524 2626 5577 tametsi
2667 5537 2873 5576 omnes
2925 5519 3008 5574 illi
3062 5521 3402 5576 nuntiarent
3438 5537 3567 5593 quae

1912 5617 2117 5669 contra
2148 5611 2312 5667 illum
2349 5612 2691 5668 dicebantur
2751 5616 2808 5665 et
2866 5610 3106 5677 ﬁebant,
3156 5610 3377 5665 nemini
3431 5627 3567 5666 suc-

1914 5702 2164 5773 censuit,
2199 5700 2427 5759 nullum
2459 5698 3077 5774 compescuit,nullum
3111 5699 3199 5755 vel
3225 5699 3564 5771 minimum,
