4212 6442
626 379 733 436 739

1894 371 1905 381 “
1927 374 2224 431 GEORGII
2261 376 2722 433 PACHYMBRB

3914 383 4038 439 7-50

619 503 776 560 οὐδὲν
820 501 994 558 οὐδενὶ
1066 499 1336 576 ἠνώχλει,
1399 499 1493 554 κᾶν
1555 499 1749 560 πάντες
1832 494 2269 573 προσηγγελλον.
2303 500 2481 569 Ατὴν
2539 499 3008 577 Νοστογγόνισσαν
3069 501 3430 574 συνὲστησανς
3491 504 3552 560 οὖ
3613 504 3835 580 βλέπεις
3895 507 4033 570 τοὺς

617 587 952 648 Μεταϐαλὼν
1011 596 1139 666 γοῦν
1193 598 1294 658 τῆς
1339 590 1566 664 γνώμης
1601 588 1628 642 6
1663 584 1914 662 βασιλεὺς
1971 585 2145 647 πολὺς
2201 587 2268 655 ἦν

616 682 985 759 ὀριγνώμενος
1049 678 1136 735 δια
1218 684 1384 735 ταῦτα
1470 678 1722 746 ἐκστῆναι
1779 681 1876 731 τοῦ
1935 676 2125 750 θρόνου
2177 677 2269 731 τὸν

613 771 912 847 Γερμανὸν,
943 766 1037 823 κᾶν
1075 771 1148 841 μὴ
1183 767 1234 839 ἐξ
1280 769 1472 822 ἑαυτοῦ
1536 767 1721 839 μαοὼν
1783 764 2105 834 ὑπεκσταίη,
2140 763 2270 819 ἀλλ’

613 857 705 913 οὖν
767 856 940 913 ἄλλον
999 857 1355 934 ἐπιθαρῥῆσαι
1414 850 1807 928 συμϐουλεῦειν
1892 852 2081 926 ἐκείνῳ
2164 854 2262 922 τήν

615 948 999 1023 ὑποχώρησιν.
1032 949 1296 1018 ’Ἐτοιμος
1328 943 1374 1000 δ’
1403 948 1466 1014 ἦν
1503 945 1578 1007 εἷς
1624 947 1784 998 τοῦτο
1838 943 1900 997 τὸ
1959 943 2265 1017 παραυτίκα

610 1037 636 1090 ὁ
669 1037 894 1112 Ἰωσὴφ,
930 1032 1076 1104 πλὴν
1136 1034 1481 1111 ἀνεμφάτως,
1515 1033 1604 1086 καὶ
1660 1032 1733 1093 ὡς
1795 1031 1853 1084 ἂν
1913 1029 2124 1100 οἰηθείη
2180 1051 2262 1092 τις

607 1125 926 1198 ἀγνοοῦντος
959 1128 1058 1178 τοῦ
1093 1124 1360 1199 βασιλέως
1396 1142 1408 1153 °
1445 1121 1646 1182 ἐκεῖνος
1697 1122 1799 1194 γὰρ
1857 1122 1947 1174 καί
2001 1117 2054 1182 ἐς
2106 1116 2265 1183 τέλος

603 1215 702 1283 τὴν
740 1213 972 1287 ὑποψίαν
1006 1212 1204 1283 ταύτην
1237 1214 1324 1282 [Ρ.
1366 1213 1486 1284 197]
1521 1207 1927 1284 διεφυλάττετο.

607 1376 700 1444 ιη’.
739 1378 926 1436 ’Ὅπως
1104 1373 1303 1448 Ἰωσὴφ
1364 1375 1443 1448 τῷ
1531 1373 1792 1448 Γερμανῷ
1876 1362 2258 1422 συνεϐούλευεν

1010 1442 1302 1507 ἀποθέσθαι
1333 1445 1430 1510 τήν
1460 1442 1849 1516 πατριαρχίαν.

673 1589 778 1643 Καὶ
819 1585 886 1655 δὴ
944 1589 1042 1641 τοῦ
1107 1584 1374 1660 βασιλέως
1435 1581 1702 1654 ἐνδόντος,
1735 1582 1786 1636 ἐν
1846 1579 2184 1656 ἀπορῥήτοις
2231 1580 2259 1633 6

600 1679 805 1754 Ἰωᾱὴφ
834 1681 912 1749 τῷ
943 1680 1206 1751 Γερμανῷ
1237 1675 1478 1748 προσιὼν
1539 1673 1590 1727 ὲν
1627 1674 1735 1746 σχή
1749 1693 1874 1744 ματι
1937 1665 2259 1742 συμϐούλου

605 1770 852 1842 χρηστοῦ
909 1767 1007 1834 τήν
1068 1765 1436 1840 πατριαρχίαν
1497 1756 1878 1816 συνεϐούλευεν
1939 1759 2255 1816 ἀποθέσθαι.

2381 589 2661 664 μοναχοὺς
2692 591 3162 667 ἀποφοιτήσαντας
3193 597 3300 646 τὼν
3345 594 3545 664 μονῶν,
3582 597 3666 655 αἷς
3726 593 4032 670 ἐνίδρωσαν

2373 678 2767 753 ἐγγηράσαντες
2819 685 2938 741 τοῖς
2998 679 3313 750 ἀσκητικοῖς
3370 681 3588 753 πόνοις;
3622 682 3673 737 εἷ’
3703 681 3750 737 δ’
3808 683 3897 738 ἐπὶ
3955 690 4030 759 τῇ

2374 766 2617 843 Εὐλογίᾳ
2646 767 2883 843 θαρρεῖς,
2917 766 3154 823 ἀλλ’ῗδε
3181 771 3280 838 τὴν
3340 768 3580 848 ἀδελφὴν
3643 771 3808 842 αὐτῆς
3869 774 4032 847 Μάρ-

2371 857 2486 926 θαν,
2539 854 2628 911 ’ἴδε
2680 857 2776 919 τὰς
2827 856 2992 926 αὐτῆς
3045 859 3358 932 θυγατέρας,
3419 861 3568 924 ὅπως
3619 865 3700 932 τῷ
3753 863 4028 934 Ἀρσενίῳ

2371 949 2767 1021 προστετήκασι
2817 948 2907 1002 καὶ
2968 952 3063 1002 σοῦ
3121 947 3480 1024 ὀλιγωροῦσιν
3533 952 3606 1013 ὠς
3668 949 3924 1024 μηδενός.
3959 954 4028 1008 Ol.

2371 1033 2430 1091 δὲ
2455 1036 2736 1108 κοσμιγοῖ,
2768 1035 2894 1091 ἀλλ’
2923 1035 3023 1091 οὐκ
3051 1031 3166 1112 ἔχω
3196 1059 3281 1092 σοι
3339 1038 3513 1113 λέγειν
3569 1042 3720 1103 ὅπως
3767 1047 3845 1114 τῷ
3895 1047 4026 1097 Ὑα-

2367 1126 2537 1195 κίνθῳ
2587 1127 2933 1200 πρόσκεινται
2982 1125 3071 1180 καὶ
3129 1130 3199 1199 τῇ
3257 1128 3697 1203 Νοστογγονίσσῃ
3769 1135 4022 1206 μοναχῇ,

2366 1216 2427 1284 ἣν
2454 1212 2693 1291 ἀδελφὴν
2728 1212 2875 1275 οἶδας
2906 1213 3066 1268 οὖσαν
3119 1213 3408 1277 Θευδοσίας
3465 1218 3556 1271 καὶ
3601 1219 3851 1273 Ἰωάννου
3911 1225 4026 1274 τῶν

2367 1303 2690 1379 εἰρημένων.
2723 1301 2787 1358 Τί
2818 1307 2947 1377 γοῦν
3001 1325 3084 1358 σοι
3138 1302 3334 1359 λοιπὸν
3395 1304 3939 1384 ἐναπολειφθήσεται,
3974 1308 4026 1364 ε⁶ἱ

2367 1414 2429 1467 γε
2479 1393 2567 1446 καὶ
2627 1392 2880 1467 βασιλεὺς
2952 1393 3196 1447 ἀπειπὼν
3276 1393 3567 1466 ἀπολείψοι
3626 1416 3729 1464 σε;
3784 1403 4023 1452 σπεῦσον

2370 1483 2505 1554 μετὰ
2532 1488 2697 1554 τιμῆς
2729 1479 2984 1550 ἐξελθεῖν,
3017 1481 3091 1544 ὠς
3146 1483 3332 1556 καιρὸν
3388 1478 3536 1558 ἔχεις
3563 1487 3658 1538 τοῦ
3701 1483 3790 1561 ἀφ’
3821 1486 4021 1542 ἑαυτοῦ

2364 1571 2640 1644 πράττειν,
2678 1572 2752 1642 μή
2814 1591 2932 1632 πως
2984 1569 3298 1624 ἐπιστάντος
3360 1593 3445 1625 σοι
3494 1575 3591 1626 τοῦ
3647 1577 3841 1646 καιροῦ
3895 1577 4021 1639 καθ’

2364 1662 2424 1716 ’ὀν
2482 1655 2806 1730 ἀϐουλήτως
2863 1657 3115 1734 πράττειν
3173 1661 3574 1735 ἀναγκασθήσῃ,
3627 1663 3717 1716 καὶ
3791 1661 4019 1736 γέλωτα

2366 1747 2585 1828 ὅφλοις,
2615 1750 2926 1824 ἀποχωρῶν
2955 1755 3055 1818 τῆς
3088 1747 3380 1819 ἐκκλησίας
3440 1752 3528 1805 καὶ
3568 1749 3732 1806 ἄκων.
3764 1777 3793 1804 ι»
3827 1755 4017 1809 Ταῦτα

601 1835 787 1912 Hova
849 1857 954 1932 γὰρ
1007 1855 1143 1908 εἶναι
1180 1835 1622 1927 πον-τάραχον,
1653 1849 1742 1904 καὶ
1777 1849 1884 1924 οὐχ
1915 1848 2032 1903 οἷόν
2061 1849 2109 1902 τ’
2137 1841 2251 1901 ἕσε-
2286 1855 2330 1918 Β
2368 1842 2461 1919 μὶν
2511 1837 2607 1894 οὖν
2664 1837 2867 1900 ἐκεῖνος
2911 1835 2962 1891 ἐν
3022 1837 3304 1909 ὑποθήκης
3348 1840 3544 1932 τρόπῳ
3573 1842 3710 1915 πρὸς
3765 1843 3859 1897 τὸν
3921 1841 4014 1898 ἐπὶ

603 1948 726 2000 σθαι
789 1944 843 2008 ἐς
904 1942 1110 2019 μακράν
1170 1942 1446 2018 ἀντισχεῖν
1515 1940 1745 2008 ἐκείνου,
1786 1939 1882 1993 κᾶν
1932 1937 2056 1993 ὅσον
2110 1937 2257 2008 παρὰ

509 2027 517 2034 ’
598 2040 697 2090 τοῦ
733 2033 1002 2109 βασιλεως
1059 2031 1345 2106 συνέχοιτο
1381 2050 1393 2063 ·
1429 2026 1763 2098 ἀπαυδήσειν
1821 2027 1924 2102 γάρ
1974 2046 2107 2081 τοτε
2161 2024 2252 2078 γαὶ

597 2124 758 2181 αὐτὸν
819 2123 1045 2200 βασιλέα
1097 2121 1334 2194 μαθόντα
1389 2121 1452 2174 τὸ
1513 2118 1742 2194 σχίσμα.
1778 2142 1804 2168 α
1848 2119 1911 2173 ΊΙ
1963 2115 2074 2190 οὐχ
2123 2117 2252 2186 ὁρᾷς

597 2215 793 2270 ὁπόσοι
851 2232 910 2266 τε
966 2210 1106 2289 ἀμφὶ
1161 2210 1254 2265 τὸν
1284 2209 1560 2264 Ὑάκινθον
1593 2205 1788 2262 ὁπόσοι
1825 2206 1876 2260 τ’
1905 2203 2058 2268 αὖθις
2110 2201 2252 2277 ἀμφὶ

594 2302 695 2371 τήν
755 2298 1044 2357 Θεοδοσίαν
1098 2299 1188 2353 καὶ
1244 2300 1337 2353 τὸν
1395 2293 1730 2373 αὐτάδελφον
1775 2293 1943 2363 αὐτῆς
1994 2294 2250 2361 Ἰωάννην

594 2393 687 2448 τὸν
716 2397 820 2461 τῆς
850 2391 1075 2464 Μάρθας
1122 2389 1213 2443 καὶ
1259 2387 1357 2456 τὴν
1417 2384 1715 2463 ὲτεροθαλῆ
1773 2382 2016 2462 ἀδελφὴν
2077 2381 2253 2436 αὐτῶν

594 2617 659 2668 ut
687 2611 966 2684 oportuit,
1000 2607 1263 2665 nascenti
1293 2612 1350 2664 et
1375 2604 1705 2676 augescenti
1740 2604 1894 2661 malo
1925 2603 2246 2660 remedium

591 2702 826 2771 objecit.
861 2704 1088 2756 Mutata
1117 2698 1298 2770 igitur
1327 2697 1620 2752 sententia
1653 2695 1974 2766 imperator
2023 2691 2246 2747 multus

581 2792 707 2862 jam
741 2789 945 2853 eratiin
971 2787 1355 2859 disquirendo
1377 2801 1579 2841 secum
1602 2799 1717 2855 qua
1739 2782 1994 2837 maxima
2018 2781 2245 2835 ratione

587 2884 786 2953 posset
807 2878 1084 2949 consequi
1111 2882 1174 2931 ut
1207 2891 1236 2932 e
1269 2875 1478 2930 throno
1497 2877 1825 2928 Germanus
1849 2873 2240 2927 amoveretur.

589 2969 874 3040 Cupiebat
930 2966 1243 3022 consilium
1305 2963 1456 3019 ultro
1509 2963 1643 3016 inde
1702 2959 2009 3017 recedendi
2045 2975 2147 3031 per
2178 2973 2242 3013 se

587 3058 757 3113 illum
793 3071 1019 3127 capere.
1053 3054 1215 3120 Quod
1248 3069 1382 3107 cum
1413 3051 1464 3108 ei
1496 3065 1812 3122 suggerere
1855 3049 2046 3120 pudor
2092 3062 2240 3102 suus

589 3163 705 3202 non
765 3144 1001 3211 sineret,
1060 3143 1300 3213 optabat
1352 3141 1622 3195 alicunde
1673 3139 1926 3209 aliquem
1961 3136 2240 3192 exsistere

2363 1937 2462 1989 τοῦ
2517 1928 2914 2003 πατριαρχείου
2973 1931 3250 2000 συνεῖρυ⁹
3310 1925 3438 1982 ἀλλ’
3487 1931 3521 1999 ἡ
3581 1925 3753 2004 ὄρεξις
3811 1931 4015 2006 προσί-

2362 2041 2523 2078 στατο
2578 2021 2678 2072 τοῦ
2736 2016 3044 2085 ἀκούοντος,
3073 2017 3160 2070 καὶ
3220 2016 3247 2070 6
3302 2015 3475 2092 λέγων
3532 2017 3630 2072 οὐκ
3659 2016 3859 2083 ἔπειθε.
3900 2024 4016 2075 Ποῦ

2361 2111 2463 2187 γὰρ
2516 2108 2606 2164 καὶ
2659 2106 2734 2168 εἷς
2791 2109 2912 2160 νοῦν
2967 2103 3178 2178 ἐκείνῳ,
3209 2104 3285 2168 ὠς
3340 2107 3429 2160 καὶ
3491 2107 3742 2181 βασιλεὺς
3774 2110 4014 2166 ἐπινεύει

2360 2203 2528 2254 ταῦτα
2583 2196 2672 2251 καὶ
2728 2194 2797 2249 τά
2847 2198 2948 2260 τῆς
2998 2188 3316 2267 συμϐουλῆς
3346 2197 3549 2272 Ἰωσήφ
3581 2195 3777 2252 ἐκεῖθεν
3832 2219 4012 2272 προα-

2360 2290 2744 2361 νακὲκρουσται
2771 2304 2786 2356 ;
2817 2285 3038 2356 Ἔμεινε
3091 2288 3218 2359 γοῦν
3273 2283 3363 2338 καὶ
3419 2283 3496 2339 ἔτι
3534 2285 3624 2340 καὶ
3657 2283 4015 2344 ἑπεστοίϐασι

2360 2373 2663 2452 κληρικοῦς
2693 2395 2752 2429 τι
2777 2373 2867 2428 καὶ
2897 2372 3158 2449 ἱεράρχας
3201 2378 3557 2450 χειροτονῶν,
3588 2375 3808 2453 ἀφορῶν
3867 2379 4011 2453 πρὸς

2355 2598 2548 2654 verint
2586 2597 2644 2650 in
2697 2593 3231 2650 exauctorationem
3261 2594 3391 2650 tui?
3421 2595 3544 2651 Non
3576 2597 3768 2652 cernis
3797 2614 4011 2654 monac

2357 2687 2498 2742 chos
2546 2683 2850 2741 turmatim
2905 2683 2974 2737 ad
3007 2683 3210 2738 eadem
3254 2684 3572 2756 urgendam
3623 2693 4010 2757 erumpentes

2354 2776 2650 2839 claustris,
2684 2773 2902 2844 quibus
2941 2771 3323 2826 insenuerant
3361 2773 3630 2828 asceticis
3663 2774 4008 2832 insudando

2353 2861 2698 2920 laboribus?
2726 2865 2937 2917 Contra
2957 2877 3087 2932 qua:
3109 2860 3159 2916 si
3191 2859 3448 2933 Eulogia
3478 2863 3740 2934 potentia
3771 2871 3826 2919 te
3851 2865 4009 2922 satis

2351 2953 2648 3009 munitum
2683 2956 2881 3022 putas,
2911 2955 2970 3005 at
2999 2955 3268 3020 reputare
3299 2956 3354 3005 te
3384 2957 3614 3022 oportet
3645 2968 3786 3023 opes
3816 2953 4008 3009 ferme

2351 3057 2522 3114 pares
2553 3042 2612 3096 in
2639 3040 2991 3096 contrariam
3024 3054 3141 3093 non
3199 3040 3378 3095 dubie
3421 3041 3630 3096 addite
3682 3043 4004 3099 factionem

2349 3132 2567 3187 sororis
2598 3131 2727 3200 ejus
2750 3128 3007 3184 Marthae.
3045 3129 3362 3184 Considera
3402 3131 3621 3202 quippe
3645 3130 3794 3186 ﬁlias
3816 3132 4004 3203 hujus

586 3235 839 3290 liberum
873 3233 1248 3296 monitorem,
1280 3229 1382 3300 qui
1431 3230 1677 3284 suadere
1725 3227 1948 3283 homini
1996 3226 2237 3280 auderet
2270 3247 2313 3313 ο
2354 3226 2414 3274 ut
2444 3221 2721 3275 studeant
2751 3217 3011 3285 Arsenio,
3044 3223 3110 3272 ut
3139 3217 3197 3272 in
3230 3219 3360 3288 ejus
3383 3219 3633 3274 favorem
3679 3220 4005 3276 vehemen-

590 3325 835 3395 utquod
868 3338 1071 3378 omnes
1112 3319 1514 3374 desiderarent
1562 3320 1873 3386 occuparet
1913 3313 2115 3369 volens
2148 3313 2234 3368 fa-

589 3431 717 3468 cere
748 3428 814 3466 ac
844 3411 956 3465 vim
991 3409 1232 3464 arbitrio
1267 3410 1656 3478 praeverteret.
1700 3404 2082 3460 Commodum
2130 3402 2234 3455 ad-

592 3503 703 3557 fuit
735 3502 791 3554 in
825 3499 880 3554 id
916 3498 1091 3554 ofﬁcii
1128 3501 1366 3568 paratus
1407 3496 1532 3566 ipse
1569 3493 1794 3564 primus
1826 3492 2105 3547 tricarum
2139 3508 2234 3546 ar-

594 3591 736 3647 tifex
766 3588 972 3644 talium
1003 3585 1311 3656 Iosephus,
1347 3584 1607 3638 monitus
1637 3588 1853 3646 tamen,
1903 3587 1960 3636 et
1990 3580 2233 3635 instinc-

588 3685 652 3735 tu
688 3694 909 3750 pronus
941 3677 999 3730 in
1035 3675 1214 3743 idem,
1249 3671 1507 3745 periculo
1539 3671 1694 3726 velut
1723 3670 1954 3741 proprio
2003 3675 2235 3724 tentan-

588 3770 730 3824 dum
763 3767 822 3823 id
854 3781 1108 3830 sumere,
1145 3779 1248 3818 nec
1275 3762 1426 3818 292
1474 3779 1586 3832 pra:
1621 3778 1681 3816 se
1706 3759 1853 3815 ferre
1883 3774 2232 3814 consensum

587 3859 647 3913 in
682 3857 792 3911 hoc
823 3854 1010 3910 ullum
1046 3856 1143 3908 aut
1177 3849 1595 3906 conscientiam
1629 3847 1905 3921 Augusti;
1934 3863 2108 3918 quam
2139 3845 2237 3900 ille

587 3946 919 4002 cautionem
952 3943 1023 3998 ad
1058 3941 1234 3997 ﬁnem
1267 3955 1455 4011 usque
1503 3938 1722 4010 negotii
1773 3936 2022 3992 ﬁdeliter
2068 3935 2234 3991 adhi-

587 4036 739 4104 buit,
771 4032 1171 4104 suspicionem
1213 4028 1348 4084 talis
1406 4027 1726 4084 molitionis
1767 4027 1839 4082 ab
1887 4027 2238 4097 imperatore

584 4129 874 4192 avertens,
908 4128 966 4178 ot
997 4121 1181 4177 videri
1213 4117 1493 4175 affectans
1523 4116 1758 4189 proprio
1788 4116 2026 4172 nomine
2054 4131 2120 4171 ac
2144 4115 2240 4185 ju-

584 4213 740 4270 dicio
770 4211 828 4267 id
860 4226 1050 4284 agere.

586 4367 678 4423 48.
728 4365 805 4426 ,υι
857 4362 1134 4434 Josephus
1205 4361 1476 4434 Germano
1532 4356 1772 4414 suaserit
1823 4354 2238 4412 abdicationem

1201 4431 1630 4502 patriam/tatus.

660 4564 846 4636 Igitur
899 4559 1048 4616 clam
1107 4557 1476 4615 concedenda
1531 4555 1883 4626 imperatore
1938 4552 2238 4623 Josephus

583 4669 796 4709 arcano
828 4651 1187 4707 Germanum
1217 4648 1443 4716 adiens,
1468 4645 1659 4717 specie
1689 4661 1754 4699 ac
1782 4659 2033 4715 persona
2055 4642 2236 4696 bene-
2269 4631 2318 4694 D

592 4743 705 4799 voli
739 4738 1058 4796 consiliarii
1093 4737 1390 4809 suggessit
1421 4736 1636 4807 optime
1670 4733 1960 4789 facturum
1986 4731 2154 4786 illum
2189 4729 2238 4784 si

586 4832 743 4888 ultro
798 4827 1197 4901 patriarchatu
1267 4827 1546 4882 cederet:
1581 4823 1970 4878 intumescere
2023 4821 2239 4892 quippe

585 4921 890 4994 vulgarem
921 4917 1300 4974 oﬁ'ensionem
1336 4916 1392 4970 in
1429 4913 1643 4970 molem
1679 4912 1909 4968 invidiae
1946 4915 2059 4965 tam
2093 4909 2238 4964 valio

585 5013 747 5078 dam,
776 5009 869 5064 cui
904 5024 1058 5076 mox,
1093 5006 1190 5062 ubi
1244 5005 1417 5078 paulo
1452 5003 1584 5075 plus
1633 5019 1694 5058 se
1749 5000 2238 5065 corroboraverit,

588 5099 1030 5173 perrumpenda:
1055 5113 1159 5168 par
1191 5111 1304 5150 non
1340 5094 1416 5149 sit
1439 5095 1475 5147 ι’.
1539 5108 1696 5146 'H‘US.
1731 5091 1845 5145 Nec
1875 5089 2094 5145 faventi
2127 5087 2239 5142 sibi

584 5192 854 5261 Augusto
889 5187 1138 5242 nimium
1171 5185 1374 5240 ﬁderet
1406 5201 1418 5238 :
1453 5189 1510 5238 et
1540 5183 1734 5252 ipsum
1779 5179 1938 5234 enim
1990 5194 2094 5249 pro
2139 5194 2243 5232 sua

587 5276 898 5351 sapientia,
932 5274 1111 5332 simul
1153 5273 1470 5328 invaluisse
1525 5269 1787 5326 schisma
1844 5268 2076 5333 viderit,
2135 5267 2243 5322 niti

582 5372 791 5424 contra
822 5370 1137 5422 torrentem
1192 5363 1415 5417 frustra
1445 5364 1503 5416 et
1534 5357 1790 5430 pernicie
1825 5361 1987 5412 certa
2017 5356 2243 5412 desitu-

589 5474 744 5513 rum.
802 5478 823 5505 ι
877 5460 964 5511 An
998 5453 1180 5518 enim,
1207 5452 1486 5516 addebat,
1515 5466 1628 5504 non
1663 5447 1827 5503 vides
1859 5462 2038 5517 quam
2069 5445 2241 5501 multi

587 5563 720 5602 cum
757 5543 1098 5617 llyacintho,
1125 5557 1305 5614 quam
1335 5539 1502 5595 multi
1524 5554 1728 5595 rursus
1765 5552 1899 5591 cum
1918 5535 2246 5591 Theodosia

582 5639 878 5708 fratreque
941 5633 1129 5706 ipsius
1188 5631 1414 5688 Joanne
1473 5629 1710 5684 Marthae
1763 5626 1884 5682 ﬁlio
1935 5631 1994 5682 et
2045 5642 2245 5681 sorore

583 5726 796 5784 horum
859 5741 928 5782 ex
978 5722 1092 5780 alio
1145 5725 1389 5794 parente
1444 5716 1913 5790 Nostongonissa
1943 5715 2246 5788 conspira-

2349 3314 2439 3364 ter
2462 3309 2827 3372 incumbant,
2865 3311 2928 3361 ut
2951 3313 3002 3360 te
3025 3323 3128 3377 pro
3171 3307 3334 3361 nullo
3355 3313 3412 3362 et
3432 3310 3767 3378 suposititio
3800 3310 4000 3380 palam

2349 3405 2653 3469 spernant.
2696 3396 2803 3459 Qui
2836 3394 3144 3450 seculares
3165 3395 3194 3450 τ
3221 3396 3412 3452 dicere
3449 3397 3554 3451 tibi
3589 3413 3791 3452 vereor
3821 3415 4003 3468 quam

2347 3486 2640 3542 indivulse
2671 3487 3007 3539 adhaereant
3035 3484 3358 3556 Hyacintho
3409 3491 3465 3540 et
3516 3486 3998 3558 Nostongonissas

2347 3575 2650 3632 monachae
2679 3591 2855 3644 quam
2889 3573 3226 3629 Theodosia:
3258 3591 3323 3628 ac
3375 3574 3620 3631 Joannis
3663 3578 3836 3632 modo
3871 3595 3996 3634 me-

2347 3670 2712 3720 moratorum
2729 3679 2985 3718 sororem
3013 3663 3188 3717 nosti.
3213 3664 3359 3728 Quid
3385 3665 3563 3734 igitur
3582 3664 3686 3719 tibi
3719 3666 3818 3720 ﬁet
3850 3666 3993 3721 roli-

2345 3755 2470 3825 qui.
2494 3753 2543 3807 si
2595 3756 2898 3820 Augustus
2947 3755 3106 3805 metu
3159 3750 3500 3808 schismatis
3530 3753 3797 3823 adigatur
3825 3754 3898 3808 ad
3936 3762 3994 3810 te

2346 3840 2765 3898 deserendum?
2787 3839 3088 3909 Praverte,
3113 3838 3162 3896 si
3183 3838 3329 3895 mihi
3360 3841 4006 3913 credis,ignominiam,

2346 3937 2404 3987 et
2451 3929 2663 3986 festina
2700 3945 2835 3984 cum
2886 3929 3105 3984 honore
3146 3929 3281 3984 inde
3310 3930 3488 3995 exire,
3512 3931 3667 3985 unde
3699 3947 3832 3986 mox
3863 3948 4004 3988 cum

2349 4019 2505 4076 208
2537 4019 2819 4074 dedecore
2868 4019 3272 4074 extrudendus
3319 4034 3404 4074 es.
3457 4019 3635 4075 Breve
3683 4026 3863 4076 restat
3897 4025 4008 4076 tuo

2347 4109 2610 4182 spatium
2658 4107 2924 4174 arbitrio,
2959 4108 3149 4164 brevis
3179 4113 3271 4164 est
3300 4109 3530 4165 occasio
3560 4110 3893 4167 voluntarie
3941 4127 4012 4166 ac

2348 4197 2585 4254 laudate
2617 4197 2996 4269 defungendi.
3021 4197 3076 4251 8i
3101 4196 3374 4269 negligis,
3391 4199 3590 4254 statim
3610 4205 3844 4272 tempus
3867 4201 4009 4256 ade-

2349 4288 2422 4343 rit
2442 4287 2700 4358 quojam
2724 4293 2962 4343 coactus
2995 4291 3053 4342 et
3085 4303 3218 4343 cum
3243 4287 3361 4344 risu
3386 4288 3731 4344 emulorum
3754 4289 4011 4345 ecclesia

2351 4378 2570 4433 invitus
2617 4377 2894 4432 excedere
2949 4375 3339 4447 compelleris.
3374 4399 3404 4428 κ
3451 4377 3582 4433 Haec
3636 4379 3756 4444 illo,
3794 4380 3894 4434 ﬁdi
3938 4396 4008 4434 se

2351 4465 2579 4521 consilii
2604 4466 2948 4520 benevolum
2976 4472 3272 4521 auctorem
3295 4467 3509 4531 ferens,
3545 4467 4005 4538 patriarchalem

2351 4555 2699 4628 dignitatem
2759 4553 3000 4626 gerenti
3044 4555 3363 4626 suggessit.
3423 4556 3534 4611 Sed
3592 4573 3707 4611 non
3794 4558 4014 4627 reperit

2349 4646 2576 4700 aditum
2633 4645 2690 4699 in
2750 4643 3050 4699 audientis
3108 4644 3302 4700 animo
3369 4645 3650 4701 aviditate
3706 4646 3764 4700 in
3824 4653 4012 4716 gustu

2350 4736 2655 4807 prementis
2709 4734 2845 4789 boni
2895 4733 3086 4788 deﬁxa
3161 4741 3544 4806 preoccupato
3620 4735 3814 4806 qualis
3892 4737 4017 4790 ista

2351 4841 2584 4896 cunque
2629 4824 2930 4896 suggestio
2966 4825 3304 4893 :quomodo
3334 4826 3494 4879 enim
3547 4825 3603 4880 id
3657 4825 4010 4896 persuaderi

2354 4913 2467 4969 sibi
2521 4914 2851 4969 Germanus
2903 4913 3141 4979 sineret,
3194 4914 3472 4981 ignorans
3521 4931 3638 4986 quo
3697 4913 4016 4969 inclinaret

2351 5004 2692 5075 imperator,
2725 5019 2791 5058 ac
2840 5019 2911 5059 ne
2969 5003 3256 5074 suspicari
3320 5003 3560 5074 quidem
3609 5003 3810 5058 valens
3861 5004 4016 5060 talia

2353 5094 2463 5148 sibi
2495 5097 2641 5147 nutu
2669 5092 2936 5162 ejusdem
2985 5107 3053 5146 ac
3103 5091 3366 5163 impulsu
3419 5092 3710 5164 proponi?
3747 5093 4020 5148 Perstitit

2347 5183 2531 5254 igitur
2581 5181 2776 5236 adhuc
2835 5181 2895 5236 in
2956 5183 3255 5253 proposito
3325 5185 3559 5237 tuendae
3611 5181 4014 5253 possessionis

2354 5271 2552 5328 throni
2583 5287 2764 5342 seque
2794 5270 2850 5324 in
2885 5286 2953 5326 ea
2983 5270 3280 5339 ﬁrmandi,
3310 5272 3382 5326 ad
3417 5271 3527 5326 hoc
3557 5271 3840 5326 affectans
3861 5276 4012 5326 tunc

2353 5377 2489 5418 cum
2520 5359 2775 5416 maxime
2808 5376 2984 5415 usum
3017 5367 3314 5416 ostentare
3364 5360 3626 5417 labantis
3673 5361 4017 5432 potestatis,

2356 5449 2527 5524 quasi
2576 5466 2700 5506 eam
2749 5450 2858 5505 sibi
2892 5449 3078 5506 multo
3125 5449 3288 5506 illius
3318 5450 3593 5506 exercitio
3626 5451 3816 5522 magis
3846 5465 4014 5505 asse-

2354 5545 2528 5597 reret.
2568 5539 2926 5610 Frequentes
2963 5555 3070 5612 ego
3101 5539 3449 5596 clericorum
3498 5546 3556 5596 et
3598 5539 4019 5612 episcoporum

2357 5631 2760 5687 ordinationes
2815 5629 3164 5700 celebravit,
3205 5630 3392 5686 fretus
3439 5629 3665 5686 scilicet
3720 5633 4018 5686 ostentato

2357 5720 2645 5794 principis
2679 5720 2894 5790 favore,
2927 5720 3030 5792 qui
3062 5726 3256 5777 tamen
3303 5720 3628 5777 ludibrium
3677 5737 3908 5778 merum
3955 5726 4018 5776 et
