4246 6446
212 356 318 414 741
1296 358 1393 411 ΒΕ
1430 355 1801 412 ΜΙΟΗΔΕῙΔΞ
1837 355 1930 409 PA

2041 350 2264 409 )LOGO
2300 353 2433 407 LIB.
2477 354 2573 407 IV.
3523 355 3633 411 742

210 482 308 551 τὴν
366 484 464 536 τοῦ
521 482 851 555 κρατοῦντος
910 477 1208 552 εὐμένειαν.
1236 479 1309 534 Τὸ
1359 477 1406 533 δ’
1455 475 1537 553 ἄρ’
1566 479 1633 547 ἦν
1680 474 1859 551 χλεύη
1893 478 1945 543 Α
1976 485 2159 538 κινθος
2192 473 2438 549 μοναχὸς
2468 474 2535 543 ἦν
2567 471 2626 529 ἐκ
2647 471 2869 544 δύσεως,
2901 475 2990 531 καί
3042 496 3102 551 γε
3157 476 3406 532 Νικαίαθι
3463 499 3627 554 γεγο-

212 570 302 625 καὶ
329 570 536 645 γέλως,
568 569 660 624 καὶ
686 569 749 623 τὸ
781 568 857 633 εἷς
905 566 1111 622 ἐκεῖνον
1174 567 1414 637 ἐλπίζειν
1471 566 1595 622 ὅσον
1654 566 1744 621 καὶ
1793 570 1874 637 τῷ
1981 565 2085 626 νὼς
2118 562 2170 618 ἔν
2200 568 2429 619 τινιτοῦ
2463 564 2906 641 ἀρχιστρατήγου
2937 570 3071 638 ναῷ,
3105 564 3262 641 ἐγγὺς
3308 570 3404 621 τοῦ
3461 566 3634 622 ἐκεῖσε

214 658 265 714 ἐν
328 658 504 731 μνίοις
562 658 863 728 θαλάσσης,
914 657 1032 712 ἐπεὶ
1088 664 1192 727 τῆς
1248 668 1385 720 νεώς
1442 656 1733 724 ἀποπέσοι,
1792 657 1872 728 [Ρ.
1980 653 2373 728 πατριαρχείου
2431 654 2801 729 προσκαθίσας
2862 653 3006 724 ξένος
3059 675 3119 709 τε
3174 657 3265 709 καὶ
3334 656 3513 731 ἀγνὼς
3568 658 3636 711 τὰ

218 747 668 823 19816αῤῥοῦντι
727 747 1011 815 σώζετθοι.
1046 744 1268 801 ’Λλλ’ὁ
1316 750 1529 821 κρατῶν
1585 746 1684 813 τὴν
1744 743 1880 797 ὑπο-
1982 741 2233 811 πλεῖστα,
2267 738 2462 804 παῖδάς
2517 763 2577 797 τε
2634 740 2964 816 ἐπισυνάγει,
2989 744 3079 797 καὶ
3138 743 3364 806 τούτους
3424 744 3633 818 ἀνάγων

220 837 351 910 ψίαν
406 833 673 891 ἐκκλίνειν
731 833 930 889 ἐθέλων
1008 835 1100 889 καὶ
1170 835 1417 910 συνέχειν
1501 836 1880 908 προσεποιεῖτο
1983 831 2052 886 τά
2082 830 2156 893 εἷς
2188 828 2546 907 προπαιδείαν
2596 829 2877 907 ἐπορίζετο
2926 833 3021 894 τάς
3070 832 3291 910 τροφάς.
3330 830 3503 890 Ἀλλὰ
3557 838 3636 905 τῷ

221 925 313 979 καὶ
380 924 625 997 εὐμενῶς
703 925 1111 1002 προσεφέρετο,
1174 923 1265 977 καὶ
1350 928 1609 999 παρεῖχεν
1697 920 1882 992 ἐκείνῳ
1986 921 2300 996 πατριάρχῃ
2354 920 2819 996 προσαγγὲλλεται
2879 920 2951 984 ὠς
3014 920 3171 991 δῆθεν
3230 923 3472 977 ἀτακτῶν
3537 944 3642 995 μο-

224 1014 479 1086 πλεῖστα,
512 1014 593 1090 ἐφ’
622 1015 667 1087 ᾧ
700 1012 879 1085 διδοίη
916 1014 1133 1076 καὶτὰς
1187 1018 1295 1069 τῶν
1346 1013 1573 1069 πολλῶν
1632 1011 1884 1083 ἐξωνοῖτο
1988 1010 2159 1084 ναχὸς
2190 1008 2385 1072 παῖδας
2429 1007 2757 1065 ἐκδιδάσκων
2794 1029 2806 1039 ·
2841 1011 2929 1065 καὶ
2982 1010 3043 1073 ὃς
3102 1011 3492 1087 προσεκαλεῖτο
3552 1011 3642 1065 καὶ

226 1108 475 1179 γνώμας,
510 1104 648 1159 ὥστε
671 1103 759 1158 καὶ
790 1108 893 1169 τῆς
925 1108 1034 1158 τῶν
1089 1102 1259 1180 βαίων
1319 1104 1513 1175 ἑορτῆς
1572 1101 1883 1185 ἐπιστάσης,
1991 1100 2266 1175 ἀνηρώτα,
2298 1100 2387 1154 καὶ
2419 1099 2532 1155 ἐπεὶ
2586 1098 2757 1171 δεξιὸν
2797 1101 2940 1176 ἐώρα
2968 1101 3058 1155 τὸν
3093 1099 3261 1176 ἄνδρα
3313 1103 3402 1156 καὶ
3455 1099 3643 1164 ἄλλως

225 1191 316 1249 ὅτε
372 1194 464 1249 καὶ
522 1195 557 1263 ἡ
620 1195 858 1264 συνήθης
907 1192 956 1265 ἐξ
1004 1188 1205 1267 ὄρθρου
1240 1191 1479 1263 λιτανείᾳ
1501 1190 1762 1260 τελεῖται,
1793 1189 1888 1244 αὐ·
1992 1186 2124 1253 ἀδεῆ
2180 1210 2237 1243 τε
2293 1189 2382 1243 καὶ
2442 1189 2493 1251 ἐς
2554 1190 2856 1266 παρρησίαν
2915 1187 3258 1263 ἓτοιμον,ἧν
3288 1188 3441 1254 δ’ὡς
3497 1188 3647 1265 ἔλεγε

223 1285 315 1345 τὸς
373 1282 593 1356 πέμψας
651 1284 883 1336 πλεῖστα
942 1280 991 1353 ἐξ
1055 1281 1299 1357 ἀργύρου
1354 1280 1443 1335 καὶ
1477 1279 1679 1355 χιλκοῦ
1728 1277 1891 1351 νομί-
1992 1278 2214 1332 καὶτῶν
2246 1278 2579 1352 ἱερωμένων,
2611 1274 3026 1353 προσλαμϐάνει
3070 1300 3128 1334 τε
3182 1284 3374 1334 τοῦτον
3426 1281 3516 1334 καὶ
3574 1280 3647 1341 ὡς

226 1394 411 1446 σματα
441 1372 581 1447 πρὸς
633 1376 730 1426 τοῦ
786 1371 1117 1445 κρατοῦντος
1173 1366 1472 1443 ἐλάμϐανε,
1509 1370 1599 1424 καὶ
1658 1365 1887 1443 ἁρπεδό-
1996 1366 2183 1439 οἰκείῳ
2213 1366 2438 1441 ἐχρῆτο.
2484 1368 2616 1423 Εἶτα
2672 1363 2993 1441 συμϐάντων
3052 1373 3158 1423 τῶν
3200 1370 3337 1424 κατα
3395 1370 3651 1445 πατριάρ-

230 1484 315 1516 σιν
372 1458 639 1516 ἐνδεῖσθαι
697 1461 1111 1534 παρασκευάσας
1169 1459 1237 1514 τά
1296 1461 1543 1529 συνήθως
1621 1455 1892 1532 λεγόμενα
1997 1454 2273 1531 χην,ἐπεὶ
2309 1455 2399 1510 καὶ
2432 1456 2593 1521 αὐτός
2625 1454 2852 1530 δόκιμος
2894 1457 3060 1535 ἐφάνη
3098 1458 3227 1533 ὑπὲρ
3277 1463 3387 1513 τῶν
3443 1458 3650 1513 ἐκείνου

227 1551 538 1624 ἐπικόμπια
594 1551 686 1604 καὶ
731 1548 913 1618 αὐτὸς,
949 1550 1124 1622 μέχρι
1186 1548 1275 1602 καὶ
1335 1568 1444 1601 των
1496 1564 1893 1621 τεσσαρακοντα
2003 1545 2209 1615 ζηλῶν,
2243 1544 2320 1601 ἔτι
2383 1545 2595 1616 μᾶλλον
2654 1548 2720 1603 τὰ
2770 1548 2844 1611 είς
2897 1547 3080 1625 φιλίαν
3115 1547 3297 1621 ἐκείνῳ
3328 1552 3650 1618 συνήπτετο.

234 1639 525 1715 μαρτύρων
582 1639 683 1706 τὴν
755 1636 915 1706 λιτήν
973 1636 1327 1706 κατατείνων,
1388 1635 1596 1711 ῥιπτεῖν
1674 1632 1894 1689 ἐκὲλευε
2004 1636 2097 1689 Καὶ
2158 1633 2271 1690 ἐπεὶ
2306 1637 2387 1708 [Ρ.
2422 1637 2544 1709 199]
2579 1634 2630 1691 ἐν
2680 1640 2749 1710 τῇ
2808 1638 3217 1692 Κωνσταντίνου
3264 1636 3429 1692 πάλιν
3487 1638 3654 1693 ὁπα-

227 1732 311 1801 τῷ
338 1727 478 1800 λαῷ.
512 1727 609 1781 Καὶ
666 1728 874 1781 τοιαῦτ’
909 1725 1042 1793 ἦσαν
1100 1726 1167 1781 τά
1234 1725 1367 1799 πρὸς
1408 1725 1608 1779 ἐκεῖνον
1639 1728 1735 1778 τοῦ
1799 1725 1897 1800 βα·
1999 1724 2272 1798 τριάρχης
2332 1724 2581 1799 ἀνήγετο,
2643 1732 2806 1795 συνῆν
2895 1726 3085 1799 ἐκείνῳ
3166 1726 3491 1789 πιστότατος
3548 1731 3653 1780 τῶν

232 1816 437 1880 σιλέως
490 1814 1074 1926 ἐπικαλύμιματαηχέᾄ
1131 1814 1216 1926 ᾧ,Δ
1256 1815 1332 1888 μὴ
1412 1812 1674 1890 γνωσθείη
1767 1810 2243 1926 μηδ’Βοίκείων,
2301 1816 2514 1926 συνάμα
2594 1815 2685 1870 καὶ
2745 1816 2992 1891 Ἰγνατίῳ
3070 1815 3290 1889 Ῥοδίῳ,
3352 1814 3504 1891 ἀνδρὶ
3565 1816 3657 1871 καὶ

234 1908 503 1981 ἀμηγέπη
534 1907 633 1975 τὴν
670 1905 874 1961 ἐκείνου
906 1903 1080 1969 θέλων
1110 1903 1401 1975 ἐξέλευσιν.
1925 1898 1972 1926 υ
2002 1900 2150 1975 αὐτῷ
2207 1898 2487 1966 εὐλαϐείας
2543 1904 2746 1978 πλήρει
2832 1906 2918 1961 καὶ
3001 1913 3313 1982 μοναχικῆς
3391 1905 3660 1961 καταστά-

2007 2013 2160 2054 σεως.
2225 1995 2472 2063 Συνήτην
2526 1992 2619 2048 οὗν
2679 1993 2843 2073 ἄμφω
2892 2000 2970 2069 τῷ
3028 1998 3343 2072 πατριάρχη
3399 1995 3658 2051 κοινωνοὶ

2004 2083 2095 2137 καὶ
2122 2086 2228 2136 τῶν
2260 2080 2496 2156 θλίψεων
2528 2083 2617 2137 καὶ
2675 2089 2782 2139 τῶν
2848 2085 3261 2159 βουλευμάτων,
3290 2085 3378 2140 καὶ
3442 2084 3657 2159 μᾶλλον

2007 2169 2346 2241 ἐδεικνυέτην
2438 2172 2704 2243 ζηλοῦντε
2767 2174 2898 2249 ὑπὲρ
2947 2177 3018 2228 ὧν
3078 2175 3166 2229 καὶ
3228 2177 3255 2229 ὁ
3308 2175 3658 2251 πατριάρχης

2011 2258 2194 2330 ζηλῶν
2258 2261 2574 2336 ἠγωνίζετο.
2612 2264 2761 2317 Ἐπεὶ
2819 2261 2865 2318 δ’
2914 2270 3122 2327 εκεῖνος
3178 2260 3501 2335 ἐξεϐέϐλητο
3559 2268 3658 2329 τῆς

2008 2350 2396 2426 πατριαρχίας,
2453 2352 2694 2407 κάκεῖνοι
2748 2352 2822 2415 ὠς
2882 2353 3032 2428 εἶχον
3070 2351 3489 2428 ·παρεισδύντες
3546 2374 3660 2428 γω-

239 2017 328 2079 ιθ’.
382 2014 513 2091 Περὶ
574 2013 876 2083 Ὑακίνθου,
936 2011 1106 2103 ὅστις,
1134 2010 1224 2067 καὶ
1275 2010 1419 2085 ὅθεν,
1476 2012 1567 2066 καὶ
1613 2015 1721 2066 τῶν
1770 2008 1895 2085 περὶ

980 2105 1162 2140 αυτον.

311 2175 391 2231 Οὐ
451 2180 640 2251 χεῖρον
697 2170 755 2228 δὲ
811 2171 992 2248 λέγειν
1048 2173 1134 2227 καὶ
1196 2173 1263 2225 τά
1322 2171 1444 2246 περὶ
1476 2170 1751 2234 Ὑακίνθου
1807 2168 1896 2223 καὶ

238 2263 411 2334 αὐτῆς
472 2262 539 2332 δὴ
603 2261 892 2324 Θευδοσίας
950 2261 1041 2316 καὶ
1101 2262 1354 2316 Ἰωάννου
1410 2260 1500 2315 καὶ
1561 2267 1659 2329 τῆς
1717 2261 1895 2314 αὐτῶν

240 2353 605 2430 ἐτεροθαλοῦς
658 2355 759 2422 τῆς
812 2350 1309 2427 Νοστογγονίσσης.
1350 2351 1407 2402 Ὀ
1470 2350 1565 2423 μὲν
1626 2349 1715 2404 οὗν
1773 2347 1897 2403 Ὑά-

243 2570 443 2627 irrisio
500 2575 665 2639 erat;
708 2570 803 2626 cui
861 2586 1021 2625 vana
1071 2566 1436 2625 simulationi
1486 2563 1900 2622 benevolentia

246 2661 355 2719 niti
386 2676 524 2716 eum
557 2675 912 2732 magnOpere
942 2657 1139 2714 simile
1164 2657 1442 2712 nimirum
1476 2655 1587 2711 fuit
1615 2654 1899 2726 quiddam

248 2769 318 2810 ac
350 2751 402 2807 si
434 2750 569 2822 quis
600 2750 883 2822 navigans
937 2764 1218 2821 spumosa
1266 2746 1575 2819 superﬁcie
1623 2744 1903 2799 undantis

2010 2565 2202 2621 dicere
2226 2566 2295 2621 de
2318 2567 2636 2640 Hyacinthe
2663 2571 2853 2642 deque
2876 2570 3005 2642 ipsa
3019 2571 3340 2627 Theodosia
3364 2570 3662 2627 etJoenne

2012 2671 2326 2728 sororeque
2356 2657 2568 2714 horum
2596 2675 2666 2715 ex
2696 2666 2857 2730 patre
2886 2659 3368 2733 Nostongonissa.
3402 2659 3657 2732 Hyacin-

2010 2745 2151 2801 thus
2210 2747 2536 2803 monachus
2591 2748 2701 2803 fuit
2744 2765 2814 2805 ex
2863 2749 3197 2816 Occidente,
3252 2750 3353 2821 qui
3407 2748 3660 2805 Nicaam

250 2841 670 2909 maris,crusta
696 2839 951 2911 quadam
986 2838 1145 2894 ﬂuxa
1191 2834 1587 2893 innatantium
1614 2834 1903 2903 sordium,

250 2932 517 2988 muscosi
550 2930 792 3003 cespitis
822 2934 925 2985 aut
955 2929 1198 3000 ingesta
1240 2928 1433 2984 arenis
1464 2925 1607 2999 alga
1639 2925 1903 2983 solidita-

251 3027 377 3079 tem
409 3019 771 3087 mentientis,
806 3018 1087 3075 sustineri
1118 3033 1181 3073 se
1209 3022 1475 3089 speraret
1506 3032 1699 3088 posse,
1733 3020 1908 3085 atque

250 3111 327 3167 ad
384 3113 715 3165 extremum
768 3126 803 3164 a
854 3106 1222 3163 demersione
1270 3107 1513 3176 servari,
1564 3104 1665 3161 ubi
1714 3120 1744 3159 e
1776 3101 1908 3159 navi

2015 2834 2332 2905 profectus,
2364 2836 2424 2892 in
2457 2837 2712 2908 quodam
2744 2837 2930 2893 sancti
2960 2838 3211 2894 calestis
3244 2836 3468 2894 militia
3502 2838 3669 2909 prin-

2013 2924 2165 2996 cipis
2197 2926 2432 2998 templo,
2464 2925 2653 2984 vicino
2686 2927 2898 3000 palatio
2922 2926 3296 3000 patriarchali
3321 2928 3477 3001 quod
3510 2926 3570 2983 in
3604 2943 3673 2982 ea

2016 3014 2160 3070 urbe
2208 3020 2318 3081 est,
2368 3016 2610 3087 degens,
2661 3016 2833 3073 homo
2881 3016 3223 3088 peregrinus
3252 3022 3311 3073 et
3366 3015 3668 3089 plerisque

2016 3102 2255 3175 ignotus
2287 3120 2499 3176 pueros
2530 3106 2587 3161 in
2618 3106 3073 3163 contubernium
3104 3108 3502 3179 congregavit,
3537 3106 3674 3177 qui-

248 3198 587 3255 excidisset.
662 3196 953 3255 Caeterum
1023 3197 1343 3267 imperator
1412 3210 1547 3250 suas
1618 3192 1902 3266 quaedam
1938 3204 1982 3272 ρ
2022 3192 2134 3249 bus
2164 3208 2279 3249 non
2330 3198 2559 3250 tantum
2602 3194 2927 3251 litterarum
2979 3194 3270 3251 elementa
3300 3200 3357 3251 et
3398 3193 3676 3250 liberales

248 3283 490 3336 secutus
577 3277 856 3349 rationes,
949 3277 1021 3332 ob
1103 3294 1253 3347 quas
1308 3275 1605 3331 vitandam
1664 3272 1910 3346 putabat

251 3367 653 3441 suspicionem
689 3384 900 3424 aversa
933 3383 966 3422 a
992 3367 1280 3422 Germano
1310 3363 1650 3430 voluntatis,
1682 3360 1914 3434 egregie

252 3458 519 3531 perstitit
586 3458 647 3513 in
709 3457 1089 3513 simulatione
1158 3456 1388 3511 fovendi
1460 3452 1917 3526 protegendique

256 3550 481 3621 ipsum,
508 3564 622 3603 non
656 3546 847 3603 solum
880 3546 1044 3601 vultu
1097 3560 1483 3615 sermoneque
1535 3543 1594 3598 in
1641 3556 1917 3613 congres-

259 3636 690 3704 sibus,cunctis
723 3653 866 3692 vera
885 3633 1297 3692 benevolentia
1324 3633 1559 3690 indiciis
1592 3637 1922 3689 monstran-

263 3725 380 3793 dis,
413 3742 615 3781 verum
648 3727 823 3782 etiam
855 3725 1125 3799 pecuniis
1156 3724 1318 3797 large
1358 3722 1672 3790 donandis,
1706 3720 1923 3794 quibus

262 3812 368 3869 ille
399 3813 668 3870 videlicet
688 3815 963 3871 adversas
991 3813 1103 3871 sibi
1140 3810 1544 3869 reconciliaret
1573 3809 1924 3874 voluntates,

266 3902 479 3967 Quoin
510 3919 719 3975 genere
765 3903 1015 3976 contigit
1063 3902 1323 3957 instante
1365 3898 1703 3955 Palmarum
1758 3897 1927 3969 festo,

267 4010 389 4066 quo
418 3992 698 4051 selemnis
728 3995 865 4051 duci
896 4012 999 4068 per
1025 3994 1229 4050 urbem
1265 3991 1618 4065 supplicatio
1656 3989 1931 4062 precibus

268 4084 655 4141 decantandis
702 4083 1028 4152 consuevit;
1061 4087 1127 4139 ut
1173 4099 1307 4138 cum
1360 4080 1558 4138 missis
1585 4080 1653 4135 ad
1686 4078 1935 4151 impera-

267 4176 459 4228 torem
482 4172 608 4230 suis
630 4172 966 4247 patriarcha
987 4172 1037 4228 ei
1062 4171 1425 4228 conﬁdenter
1448 4168 1767 4226 indicasset
1783 4166 1937 4223 indi-

268 4275 409 4332 gere
426 4277 489 4317 se
511 4260 684 4319 lineis
701 4261 877 4318 hamo
898 4277 1032 4320 esca
1053 4259 1263 4317 induto
1289 4256 1844 4330 instructis,quibus
1866 4254 1938 4312 ad

270 4366 336 4406 se
368 4350 644 4408 homines
676 4351 959 4421 traheret,
994 4349 1336 4423 intelligens
1386 4346 1487 4404 ille
1520 4354 1716 4421 petere
1743 4346 1942 4418 ipsum

274 4443 809 4517 nummos,quibus
855 4441 1208 4499 imminente
1258 4456 1477 4513 pompa
1506 4437 1855 4511 spargendis
1882 4434 1944 4491 in

270 4531 507 4606 plebem
563 4533 761 4589 studia
806 4549 1018 4605 parum
1053 4530 1165 4588 sibi
1215 4529 1536 4587 faventium
1580 4530 1937 4595 emerentur,

281 4622 568 4678 continuo
600 4623 756 4679 294
779 4622 945 4678 misit
979 4638 1241 4693 magnam
1289 4618 1520 4692 capiam
1551 4633 1709 4674 area
1728 4632 1941 4688 argen-

281 4719 512 4786 teaque
533 4718 781 4770 moneta
800 4730 916 4786 qua
938 4712 1036 4768 ille
1059 4729 1189 4785 qua
1211 4709 1385 4783 vulgo
1402 4712 1611 4765 vocant
1626 4708 1846 4780 epicom
1858 4704 1952 4778 pia

275 4802 630 4859 concinnari
663 4820 880 4859 curans
930 4819 998 4859 ea
1046 4801 1260 4874 jactari
1307 4799 1493 4872 jussit
1548 4797 1609 4853 in
1667 4794 1951 4870 populum

274 4900 402 4951 toto
448 4894 641 4966 spatio
693 4911 810 4967 quo
864 4910 1086 4967 pompa
1132 4891 1603 4965 supplicantium
1635 4888 1956 4962 processit,

278 4984 355 5039 ad
406 4988 753 5040 sanctorum
814 4982 1211 5056 quadraginta
1276 4985 1605 5053 martyrum
1669 4978 1957 5051 templum

278 5090 476 5146 usque
522 5075 827 5147 producta.
882 5073 1012 5130 Tali
1069 5073 1324 5130 callidus
1372 5070 1698 5142 imperator
1745 5074 1960 5126 astuta

280 5164 790 5225 dissimulationis
839 5165 1087 5221 artiﬁcio
1118 5166 1342 5221 't'ucum
1395 5161 1646 5218 faciebat
1707 5161 1961 5217 nimium

280 5254 529 5310 credulo
563 5255 923 5321 antistiti,ne
955 5253 1229 5311 subolere
1248 5250 1364 5324 ipsi
1397 5249 1723 5323 quidquam
1757 5261 1964 5323 posset

281 5362 514 5401 arcana
562 5344 907 5413 voluntatis,
941 5360 1060 5416 qua
1112 5342 1392 5416 cupiebat
1450 5340 1709 5396 amoveri
1760 5354 1897 5396 eum
1936 5354 1969 5393 a

282 5437 426 5494 sede
459 5434 867 5507 patriarchali.

283 5543 376 5599 19.
410 5544 488 5600 De
533 5544 877 5615 Hyacinthe,
928 5541 1055 5615 quis
1098 5543 1154 5595 et
1202 5537 1352 5615 unde
1398 5540 1581 5603 esset;
1633 5552 1698 5593 ac
1732 5539 1803 5597 de
1857 5541 1971 5615 ipsi

898 5612 1341 5670 adharentibus.

355 5705 483 5763 Non
518 5703 1023 5779 intempestivum,
1058 5700 1289 5777 opinor,
1330 5698 1510 5757 fuerit
1562 5701 1731 5772 quad
1869 5703 1970 5764 hic

2028 3288 2184 3338 artes
2218 3299 2320 3353 per
2343 3299 2405 3339 se
2428 3285 2707 3353 traderet,
2729 3286 2829 3341 sed
2874 3285 3053 3341 etiam
3085 3285 3365 3341 alimenta
3390 3284 3679 3356 suppedi-

2029 3376 2197 3428 taret.
2235 3371 2297 3427 id
2328 3372 2472 3428 dum
2512 3376 2634 3445 agit
2657 3374 2885 3430 delatus
2936 3374 3007 3430 ad
3042 3374 3463 3446 patriarcham,
3505 3371 3681 3444 quasi

2032 3463 2236 3516 contra
2262 3460 2528 3516 ordinem
2559 3461 2886 3533 disciplina
2913 3478 3091 3535 quam
3130 3464 3503 3534 proﬁteretur
3556 3476 3681 3517 mo-

2035 3548 2257 3605 nachus
2289 3566 2499 3622 pueros
2525 3550 2775 3617 doceret,
2820 3551 3068 3624 ideoque
3125 3552 3346 3608 citatus
3402 3550 3477 3606 ab
3520 3565 3587 3605 eo
3631 3555 3689 3606 et

2036 3654 2293 3709 prasens
2318 3638 2735 3711 interrogatus,
2760 3655 2983 3711 gnavus
3010 3639 3463 3713 industriusque
3494 3639 3581 3694 vir
3601 3644 3692 3694 est

2035 3727 2220 3794 visus,
2270 3734 2665 3801 pratereaque
2711 3728 3063 3801 intrepidus,
3112 3735 3171 3787 et
3224 3730 3298 3785 ad
3351 3730 3507 3801 quod
3541 3744 3691 3801 opus

2038 3821 2198 3873 esset
2252 3817 2431 3874 libere
2489 3818 2781 3890 agendum
2839 3822 2897 3875 et
2953 3817 3314 3891 loquendum
3357 3818 3691 3892 expeditus.

2042 3907 2232 3973 Quare
2260 3923 2396 3963 cum
2430 3906 2479 3963 is
2511 3912 2789 3980 prateree
2817 3924 2882 3965 se
2906 3907 3231 3966 sacerdotio
3262 3907 3563 3965 initiatum
3602 3907 3698 3963 di-

2044 4003 2218 4065 ceret,
2252 3998 2579 4070 assumpsit
2606 4000 2678 4055 ad
2711 4014 2774 4055 se
2798 3998 2968 4054 illum
2998 4005 3057 4054 et
3086 3999 3148 4055 in
3179 3999 3559 4056 familiarium
3592 4016 3701 4055 nu-

2048 4104 2208 4145 mero
2238 4086 2466 4145 habuit.
2498 4087 2714 4145 Deinde
2730 4104 2867 4145 cum
2890 4087 3325 4150 incidissentea
3354 4088 3700 4164 patriarcha

2047 4182 2314 4250 tempora
2342 4178 2416 4233 de
2442 4177 2657 4249 quibus
2686 4176 3108 4249 diximus,cum
3143 4179 3202 4234 in
3233 4177 3308 4234 iis
3333 4177 3701 4252 Hyacinthus

2051 4266 2227 4323 fidem
2257 4271 2624 4323 constantem
2655 4270 2714 4322 et
2742 4266 3010 4322 studium
3043 4268 3289 4338 patrono
3321 4267 3536 4325 ardens
3568 4281 3704 4339 pro-

2053 4357 2271 4423 basset,
2301 4355 2534 4413 arctiori
2564 4357 2615 4412 ei
2654 4355 2925 4413 amicitia
2973 4354 3413 4414 necessitudine
3456 4356 3705 4427 junctus

2055 4453 2165 4504 est.
2197 4449 2275 4502 Ac
2308 4446 2405 4501 ubi
2453 4443 2963 4516 Constantinopoli
3012 4460 3223 4501 rursus
3266 4443 3600 4517 patriarcha
3625 4460 3711 4499 re-

2062 4537 2287 4609 positus
2319 4536 2378 4592 in
2402 4534 2682 4591 thronum
2734 4539 2842 4602 est,
2871 4533 3063 4590 adfuit
3090 4532 3179 4590 illi
3211 4532 3593 4590 familiarium
3626 4533 3713 4592 in.

2054 4626 2259 4694 timus,
2292 4629 2349 4680 et
2404 4624 2498 4679 cui
2558 4622 2883 4696 plurimum
2945 4622 3169 4691 tideret,
3220 4621 3371 4680 τοι
3410 4638 3531 4679 una
3572 4636 3709 4676 cum

2058 4716 2284 4787 Ignatio
2315 4714 2562 4780 Rhodio,
2594 4714 2717 4769 viro
2747 4717 2807 4771 et
2836 4713 2965 4785 ipso
2998 4712 3233 4785 pietatis
3265 4717 3323 4769 et
3354 4712 3712 4769 monachum

2062 4804 2325 4861 decentis
2370 4802 2673 4876 gravitatis
2704 4803 2898 4875 pleno.
2948 4802 3050 4859 His
3099 4802 3356 4859 maxime
3394 4802 3623 4857 duobus
3653 4800 3715 4855 in

2064 4893 2182 4951 illis
2213 4892 2505 4965 angustiis
2534 4909 2726 4949 rerum
2750 4908 2989 4949 suarum
3020 4890 3406 4964 participibus
3424 4890 3714 4947 malorum

2067 4988 2124 5040 et
2154 4981 2535 5039 consiliorum
2584 4980 2922 5038 auctoribus
2953 4997 3098 5037 usus
3124 4998 3138 5049 ;
3170 4984 3299 5049 est;
3341 4996 3590 5051 quorum
3623 4994 3717 5033 ex-

2069 5074 2306 5131 stabant
2361 5072 2669 5128 amborum
2728 5070 2925 5128 studia
2973 5070 3249 5127 sensibus
3294 5068 3716 5140 atiectibusque

2070 5162 2411 5237 patriarcha
2451 5160 2880 5217 consentientis
2913 5176 3013 5233 per
3040 5159 3258 5216 omnia.
3318 5158 3420 5216 Illo
3473 5159 3717 5215 demum

2072 5255 2253 5326 ejecto
2281 5269 2312 5309 e
2344 5248 2721 5324 patriarcbali
2749 5249 2888 5306 sede
2912 5248 3265 5306 abdiderunt
3301 5248 3362 5305 hi
3393 5264 3523 5305 sese
3566 5264 3720 5303 amo-

2073 5348 2395 5415 veruntque
2424 5360 2459 5399 a
2495 5345 2852 5414 conspectu:
2887 5357 3001 5396 non
3054 5340 3211 5397 enim
3246 5344 3336 5397 est
3364 5339 3438 5397 iis
3479 5339 3722 5412 permis-

2075 5452 2208 5493 sum
2229 5433 2561 5491 exsulatum
2582 5431 2746 5487 eunti
2771 5447 2834 5487 se
2854 5429 3098 5488 comites
3120 5431 3352 5496 addere,
3376 5429 3725 5501 clademque

2076 5524 2237 5581 illam
2287 5540 2353 5581 ac
2401 5521 2797 5579 calamitatem
2830 5520 2941 5577 rati
2995 5520 3315 5593 propriam,
3365 5520 3424 5575 in
3464 5518 3624 5575 luctu
3658 5534 3725 5573 ac

2078 5614 2277 5671 dolore
2309 5611 2530 5669 malum
2570 5609 2942 5667 ineluctabile
2992 5610 3277 5677 ferebant,
3308 5609 3435 5665 Non
3464 5609 3565 5664 diu
3598 5610 3730 5680 post

2080 5703 2204 5762 hac
2234 5700 2496 5775 lgnatius
2526 5701 2703 5758 vitam
2733 5714 2868 5757 cum
2900 5702 3088 5756 morte
3116 5698 3502 5756 commutavit
3531 5711 3547 5752 :
3579 5696 3730 5771 Hya-
