4246 6446
629 380 738 437 743

1933 361 2235 416 GEORGII
2274 357 2736 416 PACHYMERJE

3934 359 4043 414 744

628 507 759 558 νιῶν
822 496 1046 575 ἀφανείᾳ
1101 494 1186 565 (οὗ
1232 491 1334 567 γὰρ
1367 490 1555 545 εἷῶντο
1613 493 1692 561 τῷ
1753 486 2062 560 πατριάρχῃ
2121 502 2272 536 συνοο
2309 482 2361 548 Α
2393 480 2482 534 καὶ
2513 483 2649 557 πρὸς
2707 485 2770 538 τὸ
2821 485 3126 559 μοναχικὸν
3167 481 3558 540 ἀποκλίνουσα.
3612 485 3787 551 Συνῆν
3820 480 3877 537 δὲ
3905 483 4043 536 τος-

633 588 846 661 παδεῖν)
871 570 938 641 τὰ
969 593 1064 652 τῆς
1095 583 1336 656 ἀνάγκης
1367 577 1634 653 ἀλγεινῶς
1669 577 1782 649 μὲν,
1816 571 1942 628 ἀλλ’
1976 570 2282 645 ἀναγκαίως

631 658 878 755 δείφερον
944 675 1039 728 Καὶ
1076 675 1102 727 ὁ
1139 674 1230 746 μὲν
1284 668 1470 745 φθάνει
1517 668 1605 721 τὸν
1662 665 1777 741 βίον
1819 662 1877 718 ἐκ
1905 666 2001 717 τοῦ
2048 658 2280 729 πλησίον

634 749 966 840 ὑπεξελθὼν,
1018 761 1293 821 Ὑάκινθος
1342 757 1398 812 δὲ
1453 756 1543 810 σὺν
1597 761 1712 816 τοῖς
1763 754 1895 830 ἀμφ’
1949 751 2148 806 ἐκεῖνον
2191 749 2282 802 τὸν

630 838 920 933 βασίλικὸν
971 852 1330 930 ὑφπρώμενος
1363 842 1554 924 φόϐον,
1610 844 1724 899 ἐπεὶ
1774 843 1862 897 καὶ
1909 843 2006 910 τήν
2043 838 2279 914 ἀδελφὴν

635 928 850 1000 ἓκείνου
907 928 1128 1016 Μάρθαν
1189 940 1332 1013 ἑώρα
1389 941 1468 1007 τῷ
1525 935 1838 1007 πατριάρχῃ
1884 928 2281 1003 προσκειμένην

628 1038 693 1088 τὰ
749 1033 1006 1106 μάλιστα,
1064 1028 1243 1102 ἐκείνῃ
1299 1025 1364 1094 δὴ
1415 1028 1742 1100 προσφοιτᾷ,
1791 1022 1880 1076 καὶ
1926 1042 2031 1073 που
2062 1038 2283 1092 παρεισ-

633 1121 724 1184 δυς
757 1123 823 1176 τὰ
876 1121 928 1182 ἐς
955 1120 1163 1196 τροφὴν
1228 1116 1431 1170 ἐκεῖθεν
1469 1115 1605 1187 εἶχε,
1642 1109 1809 1184 μηδὲν
1860 1113 1955 1163 τοῦ
2017 1106 2286 1180 βασιλέως

627 1209 862 1272 εἶδότος.
901 1211 1000 1265 'llv
1052 1209 1140 1261 οὗν
1195 1210 1264 1278 τῇ
1325 1206 1545 1276 μοναχῇ
1605 1201 1804 1275 Μάρθα
1851 1200 1938 1252 καὶ
1975 1199 2001 1250 6
2034 1196 2288 1264 Ἰωάννης

623 1297 762 1362 υἱός.
833 1301 1013 1374 Τρίῶν
1071 1298 1175 1371 γὰρ
1236 1294 1372 1366 αὐτῇ
1430 1296 1538 1346 τῶν
1599 1289 1836 1366 ἀρῥὲνων
1892 1285 2086 1352 ὄντων,
2127 1287 2152 1338 ὁ
2188 1287 2282 1357 μὲν

624 1390 860 1464 Μιχαὴλ
892 1411 950 1444 τε
982 1387 1072 1442 καὶ
1109 1383 1455 1459 Ἀνδρόνικος
1511 1388 1741 1448 συνῆσαν
1791 1384 1872 1450 τῷ
1926 1374 2160 1452 βασιλεῖ,
2195 1374 2283 1429 καὶ

632 1483 746 1553 μετ’
778 1481 842 1534 οὐ
875 1477 1018 1532 πολῦ
1072 1476 1283 1530 τούτων
1317 1474 1344 1526 6
1382 1475 1474 1543 μὶν
1507 1471 1568 1524 τὸ
1597 1474 1694 1523 τοῦ
1730 1466 1971 1542 μεγάλου
2013 1486 2284 1540 πριμικη-

631 1551 757 1642 ρίου
807 1569 1022 1640 ἀξίωμα
1055 1565 1082 1618 6
1112 1561 1368 1637 Μιχαὴλ,
1403 1559 1619 1633 ὕστερον
1655 1554 1711 1610 δὲ
1742 1554 1813 1609 ὥν
1863 1559 1960 1608 τοῦ
2007 1551 2286 1627 Ἀνδρονί-

632 1640 750 1727 κου,
807 1658 956 1730 παρὰ
1011 1654 1106 1709 τοῦ
1162 1654 1490 1726 κρατοῦντος
1549 1641 1873 1719 ἐλάμϐανεν,
1935 1645 2121 1718 ἅτερος
2163 1640 2218 1695 δὲ
2259 1642 2285 1695 6

629 1747 979 1821 Ἀνδρόνικος
1031 1747 1197 1820 μέγας
1250 1738 1616 1800 κονοσταῦλος
1670 1735 2108 1810 προεχειρίζετο·
2163 1734 2288 1807 παρ’

629 1840 695 1908 ἢν
726 1836 902 1892 αἰτίαν
960 1836 1045 1890 καὶ
1105 1833 1192 1888 ἐπὶ
1225 1838 1342 1892 ταῖς
1390 1835 1579 1902 τιμαῖς
1637 1825 1930 1896 ζηλοῦντος
1986 1829 2082 1878 τοῦ
2140 1823 2283 1895 πρώ-

629 1949 730 1982 του
800 1925 1032 1980 πλεῖστα
1103 1915 1459 1994 ξυμϐεϐήκει,
1528 1918 1602 1980 ὡς
1657 1916 1793 1970 κατὰ
1857 1912 2025 1968 τόπον
2087 1913 2285 1972 ἱκανῶς

633 2014 885 2089 ἐροῦμεν.
922 2012 1019 2066 Καὶ
1054 2012 1104 2064 οἱ
1140 2010 1233 2082 μὶν
1295 2005 1391 2061 δύο
1450 2004 1590 2059 οὕτω
1647 2005 1877 2071 συνήτην
1931 2005 2010 2072 τῷ
2047 2001 2283 2074 βασιλεῖ,

637 2088 810 2175 μηδὲν
873 2099 1484 2173 πολυπραγμονοῦντες·
1546 2095 1574 2147 ὁ
1635 2090 1678 2146 δ’
1745 2090 1995 2160 Ἰωάννης
2065 2088 2283 2161 ὕστερος

635 2188 708 2245 ὤν
736 2192 871 2252 τέως
909 2191 1004 2264 μὶν
1045 2189 1180 2262 πρὸς
1232 2191 1328 2240 τοῦ
1383 2185 1528 2249 θείου
1584 2182 1672 2236 καὶ
1705 2179 1971 2234 δεσπότου
2033 2180 2283 2235 Ἰωάννου

638 2278 828 2352 ἐκείνῳ
870 2276 1416 2348 καθυπηρετούμενος
1467 2269 1800 2340 ἐπαιδεάετο,
1852 2270 1950 2336 τὴν
1985 2266 2041 2322 δὲ
2077 2268 2285 2342 μητέρα

636 2365 1038 2443 προσκειμένην
1095 2363 1312 2440 βλέπων
1374 2365 1450 2433 τῷ
1507 2358 1822 2434 πατριάρχῃ
1868 2356 1956 2411 καὶ
2009 2355 2170 2416 αὐτὸς
2203 2355 2285 2410 ἐκ-

632 2461 822 2520 τόπως
856 2456 1080 2528 ἐζήλου,
1117 2480 1143 2507 ι(
1178 2454 1271 2522 Mr}
1305 2455 1438 2526 ἅψη,
1478 2452 1553 2523 μὴ
1582 2449 1736 2521 Θίγῃς
1768 2469 1794 2501 ι
1837 2447 2000 2522 μέχρι
2045 2447 2135 2500 καὶ
2173 2451 2279 2500 τῶν

631 2547 1026 2603 εὐτελεστάτων
1115 2544 1417 2621 ὑπκοφωνῶν
1500 2538 1588 2593 καὶ
1646 2535 2098 2610 διατίροόμενος.
2179 2535 2283 2590 Σὺν

634 2638 823 2710 ἐκείνῳ
853 2638 920 2706 ἦν
979 2633 1068 2689 καὶ
1098 2637 1131 2702 ἡ
1169 2630 1377 2709 ἀδελφὴ
1436 2627 1693 2684 Θεοδοσία
1748 2632 1864 2688 τοῖς
1897 2626 2080 2688 αὐτοῖς
2113 2647 2283 2701 προσ-

633 2728 863 2802 έχουσα,
918 2722 1026 2795 ἤδη
1060 2728 1426 2799 κεχηρωμὲνη
1471 2722 1566 2774 τοῦ
1600 2715 1792 2792 ἀνδρὸς
1847 2713 2283 2772 Βαλανειδιώτου

635 2943 873 3000 cinthus
906 2946 1100 2996 autem
1161 2954 1292 2993 cum
1338 2936 1463 2990 suis
1491 2939 1548 2989 et
1579 2935 1836 2989 defuncti
1871 2933 2290 3003 superstitibus

638 3034 846 3089 amicis
922 3033 1068 3086 iram
1148 3025 1519 3099 imperatoris
1595 3031 1887 3090 metuens,
1947 3024 2286 3095 prasidium

637 3125 914 3178 adversus
972 3136 1098 3174 eam
1170 3117 1280 3172 sibi
1342 3116 1722 3186 quaerendum
1781 3114 1936 3184 apud
1992 3114 2283 3168 Martbam

633 3212 859 3283 putavit
889 3213 1016 3280 ejus
1048 3225 1328 3274 sororem,
1364 3222 1538 3277 quam
1565 3205 1942 3274 commpdum
1975 3219 2281 3274 perspexe-

637 3310 720 3356 rat
756 3302 946 3355 favere
979 3297 1298 3370 plurimum
1333 3300 1391 3349 et
1422 3293 1727 3348 condolere
1757 3291 1999 3362 expulso
2033 3292 2281 3362 patriar-

635 3391 778 3446 chae.
814 3391 962 3460 Ergo
991 3389 1060 3442 ad
1094 3405 1222 3442 eam
1265 3385 1553 3439 ventitansI
1580 3383 1721 3436 adeo
1755 3397 1815 3435 se
1867 3381 2192 3435 insinuavit
2223 3381 2281 3434 in

635 3481 764 3548 ejus
795 3478 1064 3549 gratiam,
1096 3475 1356 3528 utetiam
1391 3472 1605 3526 victum
1641 3471 1776 3524 inde
1806 3469 2283 3537 haberet,horum

634 3568 840 3638 ignaro
873 3565 1144 3619 funditus
1177 3559 1460 3633 principe.
1497 3560 1633 3614 Erat
1685 3575 1854 3629 porro
1887 3557 2124 3612 Marthae
2162 3572 2284 3610 mo-

635 3654 832 3710 nachae
881 3653 1137 3708 Joannes
1182 3650 1358 3704 filius.
1392 3650 1533 3704 Tres
1584 3649 1737 3702 enim
1774 3646 1872 3700 illa
1921 3663 2052 3700 cum
2098 3659 2288 3699 mares

631 3744 957 3816 genuisset,
987 3756 1192 3796 eorum
1228 3737 1471 3793 Michael
1496 3741 1551 3791 et
1584 3735 1954 3790 Andronicus
1987 3736 2140 3806 apud
2177 3735 2291 3788 im-

633 3837 958 3903 peratorem
992 3835 1178 3894 erant,
1213 3843 1362 3899 quos
1409 3827 1580 3880 etiam
1616 3825 1715 3878 ille
1777 3841 1889 3878 non
1927 3823 2110 3877 multo
2161 3825 2292 3893 post

631 3923 752 3978 haec
785 3919 1110 3977 honoribus
1147 3917 1416 3973 ornavit:
1475 3931 1610 3969 nam
1662 3912 1908 3968 Michael
1962 3916 2154 3966 minor
2186 3915 2289 3965 An-

633 4011 874 4066 dronico
907 4008 1105 4080 magni
1143 4005 1456 4079 primicerii
1509 4004 1856 4075 dignitatem
1903 4002 1974 4056 ab
2027 4004 2291 4071 Augusto

631 4099 874 4171 accepit,
906 4097 1276 4154 Andronicus
1328 4111 1574 4164 magnus
1623 4091 2003 4148 conostaulus
2035 4089 2291 4145 declara-

626 4194 725 4245 tus
741 4197 827 4245 est
854 4207 866 4255 ;
887 4203 1179 4260 perquam
1199 4185 1585 4241 ambitionem
1616 4181 1922 4248 honorum,
1941 4179 2293 4235 aambulante

629 4280 819 4351 primo
853 4278 1128 4343 alterum,
1180 4274 1368 4330 multa
1414 4273 1565 4328 inter
1596 4273 1805 4326 fratres
1855 4270 2227 4341 contigerunt
2262 4287 2293 4324 a

631 4369 805 4425 nobis
833 4366 1214 4423 memoranda
1261 4368 1549 4436 quantum
1584 4361 1693 4416 erit
1731 4377 1879 4432 opus
1910 4376 2016 4414 suo
2048 4358 2195 4414 loco.
2234 4360 2293 4414 ln

629 4459 786 4514 hunc
817 4458 1057 4513 modum
1093 4456 1152 4510 hi
1188 4456 1431 4527 quidem
1465 4454 1580 4507 duo
1617 4451 1672 4504 in
1707 4449 2075 4521 imperatoris
2112 4449 2294 4504 comi-

626 4554 748 4602 tatu
809 4548 1220 4611 versabantur,
1281 4543 1426 4599 nihil
1481 4542 1575 4597 his
1643 4557 1704 4596 se
1766 4541 2188 4595 immiscentes.
2224 4542 2298 4595 At

2319 1847 2362 1910 Β
2395 1841 2769 1905 παρασκευαζο
2782 1835 2939 1906 μένου
2983 1879 2996 1903 ,

2393 590 2500 630 τοις
2557 573 2621 625 τὶ
2680 573 2813 627 αὐτὰ
2862 572 3134 650 φρονοῦσα
3193 576 3227 642 ἡ
3287 572 3730 647 Νπστογγὸνισσα
3794 573 4038 646 μοναχῆ,

2386 656 2452 726 ἤν
2496 660 2791 734 ἑτεροθαλῆ
2829 664 2854 716 ὁ
2889 663 3054 736 λόγος
3104 660 3333 730 ἐδείκνυ,
3379 665 3460 716 ὅτι
3512 662 3569 715 ἐκ
3618 662 3892 736 πρπτὲρας
3943 683 4042 734 γυ-

2387 749 2570 809 ναικὸς
2610 755 2690 822 τῷ
2745 752 3135 826 Ταρχανειώτῃ
3184 750 3499 826 γεγέννητο.
3549 753 3711 804 Ἦσαν
3745 747 3839 801 οὖν
3893 750 4044 802 οὗτοι

2386 838 2575 899 πάντες
2654 841 2731 905 τῷ
2788 841 3054 912 Ὑακίνθῳ
3124 840 3394 910 συνόντες,
3460 840 3548 893 καὶ
3611 837 3902 908 ζηλοῦντες
3960 836 4044 890 ἐκ·

2386 925 2569 987 τόπως
2617 927 2748 1002 ὑπὲρ
2796 933 2892 982 τοῦ
2942 931 3289 1004 πατριάρχου
3347 933 3552 994 κακῶς,
3605 926 3648 980 ὦ
3693 927 3854 996 νόμοι
3905 927 4046 978 θεῖοι

2389 1015 2476 1067 καὶ
2537 1012 2684 1084 δίκη,
2745 1016 3146 1090 ἐξορισθέντος.
3211 1016 3387 1072 Ἀλλᾶ
3443 1021 3613 1071 ταῦτα
3665 1017 3755 1088 μὲν
3815 1015 3892 1075 εἷς
3939 1035 4045 1067 το-

2388 1123 2605 1158 σουτον.

2388 1263 2454 1317 κ’.
2498 1263 2690 1339 ’Όπως
2726 1263 2815 1339 καί
2865 1262 2967 1339 Δδιᾶι
3021 1269 3118 1318 τοῦ
3180 1263 3428 1339 Σάρδεων
3493 1261 3719 1330 Χαλαζά
3776 1262 4052 1336 ἐπιχειρεῖ

2604 1336 2631 1388 ὁ
2669 1335 2922 1408 βασιλεὺς
2963 1341 3040 1408 τῷ
3079 1335 3510 1411 πατριάρχοῦντι
3547 1339 3827 1407 Γερμανῷ.

2465 1477 2550 1549 [Ρ.
2582 1481 2708 1551 200]
2741 1480 2804 1534 Ὀ
2849 1477 2906 1532 δέ
2956 1499 3014 1554 γε
3067 1478 3324 1552 βασιλεὺς
3374 1479 3460 1532 καὶ
3515 1475 3692 1546 ἄλλην
3745 1482 3935 1549 πεῖραν
3975 1479 4054 1545 τῷ

2389 1570 2822 1640 πατριαρχοῦντι
2855 1567 3056 1640 ἀρτύει.
3092 1570 3204 1623 Τοῦ
3247 1566 3348 1640 γὰρ
3403 1566 3627 1634 Χαλαζᾶ
3679 1563 3926 1637 Σάρδεων
3965 1563 4052 1638 ἐφ,

2388 1653 2573 1707 ἱκανὸν
2627 1659 2695 1726 τῇ
2732 1655 3141 1711 Κωνσταντίνου
3195 1654 3744 1730 προσδιατρίψαντος,
3783 1654 3895 1708 ἐπεὶ
3935 1651 4047 1707 ἔδει

2390 1743 2526 1814 πρὸς
2593 1745 2690 1811 τήν
2750 1743 3029 1819 λαχοῦσαν
3087 1745 3291 1799 ἐκεῖνον
3349 1743 3699 1816 ἀποδημεῖν,
3754 1743 3830 1804 εἷς
3888 1747 4056 1797 τοῦτο

3087 1837 3368 1906 ὑποθήκας
3455 1833 3763 1907 ἐμπιστὲὑει
3849 1835 3901 1888 οἳ
3987 1831 4062 1887 δι’

2397 1921 2724 1998 ἀπορρήτων
2755 1926 2782 1977 ὁ
2819 1924 3074 1998 βασιλεῦς
3129 1925 3210 2002 ἆφ⁹
3263 1926 3307 1996 ᾧ
3417 1925 3865 1997 αὑτοπροσώπως
3903 1923 4063 1976 ἐντυ-

2399 2016 2518 2085 χεῖν
2547 2018 2626 2082 τῷ
2672 2015 2986 2087 πατριάρχῃ
3037 2015 3128 2068 καὶ
3184 2016 3252 2068 τὰ
3304 2014 3441 2068 αὐτὰ
3499 2018 3576 2083 τῷ
3631 2015 3832 2089 Ἰωσ-ᾑφ
3885 2012 4058 2065 εἰπεῖν

2395 2100 2530 2175 πρὸς
2588 2101 2814 2170 ἐκεῖνον,
2865 2102 2898 2170 ἢ
2959 2103 3048 2156 καὶ
3094 2107 3299 2176 γράψαι
3349 2103 3437 2157 καὶ
3469 2100 3771 2156 ἐπιστεῖλαι
3837 2099 4060 2172 μᾶλλον

2397 2188 2455 2243 ἐκ
2487 2189 2847 2261 Χαλκηδόνος
2904 2191 3220 2266 ἐξορμῶντα
3277 2193 3412 2266 πρὸς
3461 2193 3559 2260 τὴν
3619 2188 3916 2260 ἀνατολήν.
3957 2192 4065 2246 Καὶ

2396 2280 2456 2332 τὸ
2514 2279 2733 2352 σκέμμα
2790 2282 2862 2342 ὡς
2926 2282 3060 2356 βαθύ
3118 2304 3175 2336 τε
3205 2283 3294 2336 καὶ
3355 2283 3640 2354 εὐπρεπὲς.
3703 2281 3779 2338 Τό
3838 2302 3898 2334 τε
3955 2282 4063 2355 γὰρ

2401 2367 2684 2442 ὑψίθρονον
2719 2370 2864 2445 παρᾶ
2893 2371 3018 2431 τοὺς
3077 2370 3282 2432 ἅλλους
3337 2371 3544 2446 λέγειον
3578 2371 3712 2444 πρὸς
3747 2369 3954 2423 ἐκεῖνον
3991 2370 4065 2423 τὰ

2397 2458 2532 2510 αὐτὰ
2562 2455 2766 2528 ἐδίδου,
2799 2458 2888 2513 καὶ
2920 2460 2980 2513 τὸ
3015 2459 3357 2534 χειροτονίας
3392 2456 3519 2514 ὅντα
3557 2460 3650 2512 τὸν
3702 2455 3956 2530 Σάρδεων
3993 2456 4064 2525 ἦν

2396 2547 2423 2600 6
2459 2547 2734 2622 Ἀρσένιος
2765 2549 2866 2603 οὐκ
2901 2547 3144 2623 ἐδέχετο,
3178 2551 3400 2603 τοιαῦτα
3451 2553 3530 2618 τῴ
3562 2549 3882 2620 πατριάρχῃ
3915 2568 4065 2620 παρ-

2394 2642 2585 2706 αινεῖν,
2620 2635 2737 2691 δέον
2796 2639 2924 2712 παρ’
2981 2638 3145 2692 αὐτοῦ
3188 2635 3399 2712 δεχθεὶς
3457 2637 3690 2711 ἀγαπᾷν,
3745 2633 4065 2697 δεικνύντος

2396 2721 2454 2778 ἂν
2489 2724 2571 2796 εἷή
2607 2726 2681 2788 ὡς
2725 2726 2865 2782 ἄλλο
2913 2748 2964 2782 τι
3001 2727 3292 2802 βαθύτερον
3338 2728 3658 2792 ὑπορύσσων
3702 2729 3932 2779 τοιαῦτα
3967 2723 4068 2780 λέ-

2402 2938 2638 3004 studiis,
2671 2955 2799 3010 quae
2831 2939 3006 2994 vidua
3038 2940 3238 2996 relicta
3271 2947 3457 2996 morte
3491 2941 3870 2996 Balanidiotm
3917 2958 4064 2996 con-

2393 3027 2555 3099 jugis
2614 3029 2681 3082 ad
2745 3030 3130 3084 monasticam
3211 3047 3272 3084 se
3330 3032 3505 3084 vitam
3570 3036 3886 3100 receperat.
3960 3030 4069 3084 llis

2398 3118 2731 3172 adharrebat
2757 3121 3028 3173 concordi
3061 3120 3348 3174 sententia
3393 3120 3859 3190 Nostongonissa
3893 3119 4074 3173 etiam

2399 3206 2705 3270 monacha,
2763 3224 2940 3278 quam
2993 3209 3202 3262 horum
3251 3225 3316 3263 ex
3368 3217 3528 3279 patre
3579 3225 3837 3263 sororem
3875 3226 4067 3279 supra

2397 3296 2736 3361 memoravi,
2773 3296 3048 3367 quoniam
3102 3315 3169 3352 ex
3219 3298 3396 3368 priori
3446 3299 3694 3368 conjuge
3727 3315 3760 3351 a
3797 3298 4063 3352 Tarcha-

2390 3385 2548 3440 niota
2570 3386 2765 3456 genita
2797 3387 3005 3441 fuerat.
3031 3387 3249 3442 Horum
3275 3394 3401 3442 erat
3423 3388 3687 3442 omnium
3723 3392 3886 3442 arcta
3913 3404 4062 3442 con-

2392 3475 2730 3529 suetudinis
2757 3479 2812 3528 et
2843 3475 3226 3530 consiliorum
3260 3493 3392 3530 cum
3428 3476 3748 3548 Hyacinthe
3785 3479 4063 3530 necessi-

2390 3561 2554 3626 tudo,
2589 3563 2812 3616 ardenti
2849 3565 3064 3632 pariter
3096 3565 3302 3618 atl‘ectu
3337 3564 3787 3620 condolentibus
3822 3567 4065 3621 cunctis

2395 3651 2608 3704 misero
2653 3653 2918 3718 Arsenio,
2970 3653 3190 3722 injuste
3239 3655 3294 3722 (ο
3339 3654 3441 3722 jus
3492 3654 3697 3724 fasque
3733 3653 3743 3705 l
3780 3670 3812 3706 ο
3847 3653 4066 3707 divinae

2397 3740 2552 3809 leges
2585 3739 2627 3809 ι)
2652 3757 2681 3794 e
2713 3742 2850 3795 sede
2887 3740 3263 3811 patriarebali
3297 3741 3353 3796 in
3388 3741 3659 3798 exsilium
3692 3742 3904 3812 eiecto.
3944 3743 4063 3798 Sed

2396 3829 2516 3884 haec
2549 3830 2856 3886 hactenus.

2395 3991 2485 4046 20.
2525 3991 2588 4046 Ut
2626 4007 2726 4063 per
2773 3989 3100 4045 Sarlfensem
3131 3991 3439 4063 Chalazam
3487 3990 3692 4046 iterum
3744 3993 4070 4063 imperator

2668 4061 3008 4118 Germanum
3035 4062 3418 4133 patriarcham
3469 4064 3782 4119 tentaverit.

2472 4190 2544 4240 At
2569 4185 2888 4257 imperator
2911 4188 3252 4258 patriarchae
3278 4205 3487 4244 novam
3518 4188 3762 4243 alteram
3787 4189 4075 4243 tentatio-

2401 4293 2532 4332 nem
2575 4277 2899 4332 adornavit.
2921 4277 3064 4332 Cum
3088 4279 3244 4334 enim
3267 4280 3540 4335 Sardium
3565 4279 3882 4350 episcopus
3909 4279 4072 4335 Cha-

2344 4391 2352 4406 -
2400 4365 2524 4421 laza
2555 4371 2646 4421 sat
2671 4367 2768 4421 diu
2801 4369 3307 4439 Constantinopoli
3362 4375 3625 4425 moratus
3673 4370 3910 4423 ditl‘erre
3948 4386 4074 4424 non

2403 4459 2603 4525 posset
2627 4472 2801 4509 suum
2836 4457 2894 4510 in
2922 4457 3217 4527 propriam
3253 4456 3558 4512 ecclesiam
3594 4457 4077 4529 reditum,atque

2403 4545 2547 4600 adeo
2578 4544 2635 4598 in
2673 4545 2972 4615 procinctu
3006 4546 3135 4612 ejus
3169 4546 3545 4617 profectionis
3576 4547 3882 4618 esset,egit
3903 4547 4073 4602 clam

623 4637 880 4693 Joannes
908 4636 1195 4691 ambobus
1233 4634 1424 4688 minor
1474 4636 1611 4686 natu
1649 4630 1930 4685 hactenus
1961 4629 2018 4683 in
2063 4628 2282 4683 familia
2315 4617 2361 4678 D
2391 4649 2526 4688 cum
2560 4649 2626 4688 eo
2661 4633 2978 4704 imperator
3009 4639 3072 4688 ut
3104 4641 3204 4690 aut
3235 4636 3409 4690 verba
3461 4652 3680 4704 comm,
3734 4617 4076 4705 antequam

627 4731 686 4781 et
717 4725 999 4796 obsequio
1033 4723 1222 4778 aulico
1258 4721 1410 4778 296
1447 4718 1718 4775 avunculi
1754 4719 2006 4788 despotze
2037 4715 2285 4772 Joannis

629 4815 1010 4870 educabatur.
1042 4813 1146 4866 Hic
1179 4815 1424 4866 matrem
1460 4810 1774 4864 observans
1806 4805 2080 4861 benevole
2113 4807 2285 4860 allec-

628 4909 748 4958 tam
798 4901 1144 4974 patriarchae
1205 4900 1262 4953 in
1316 4899 1466 4953 hanc
1495 4915 1556 4953 se
1608 4903 1855 4968 partem,
1915 4895 2289 4950 vehementer

628 4994 805 5050 etiam
829 4991 1184 5047 incumbens
1215 4989 1622 5059 remulansque
1642 5003 1821 5057 supra
1848 4985 2287 5049 modum,addi-

643 5085 831 5153 derat,
864 5083 1009 5136 adeo
1040 5085 1102 5134 ot
1131 5096 1301 5135 nemo
1333 5096 1398 5133 eo
1432 5076 1819 5148 frequentius,
1861 5091 2034 5129 nemo
2075 5090 2294 5146 pugna-

633 5174 761 5228 cius
794 5172 993 5227 tritam
1027 5170 1187 5224 illam
1226 5167 1538 5223 formulam
1591 5164 1989 5221 aversantium
2023 5181 2292 5219 commu-

634 5263 872 5316 nionem
908 5261 1164 5314 adversae
1199 5263 1482 5328 tanquam
1512 5257 1765 5327 profana:
1799 5254 2068 5309 factionis
2097 5255 2292 5309 verbis

635 5351 924 5422 lactisque
955 5352 1292 5420 usurparet,
1335 5347 1403 5400 ad
1457 5362 1691 5400 omnem
1743 5360 2053 5400 occursum
2097 5349 2292 5415 partes

633 5441 928 5497 tuentium
951 5438 1224 5494 Germani
1251 5456 1269 5491 :
1305 5461 1324 5486 ι
1354 5437 1500 5491 Cave
1527 5435 1852 5506 contingas,
1889 5456 1916 5483 ››
1944 5433 2292 5503 inclamans,

637 5529 1054 5602 superstitione
1087 5543 1276 5598 usque
1307 5526 1378 5582 ad
1415 5525 1642 5579 minimi
1671 5540 1902 5595 quoque
1925 5540 1990 5578 ac
2020 5523 2298 5580 levissimi

638 5637 783 5675 usus
837 5617 1376 5676 fastidiosissimam
1428 5613 1887 5668 declinationem
1935 5614 2293 5670 abundante.

638 5713 784 5768 Cum
815 5727 881 5767 eo
913 5709 969 5764 in
1000 5707 1093 5764 his
1125 5711 1251 5763 erat
1274 5704 1600 5762 Theodosia
1624 5701 2020 5760 sororiisdcm
2055 5705 2298 5775 praedita

2397 4724 2600 4790 abiret,
2635 4729 2735 4779 aut
2767 4725 3002 4795 scriptis
3034 4726 3402 4781 Chalcedone
3434 4727 3492 4780 in
3549 4728 3821 4797 digressu
3853 4743 4076 4782 versus

2395 4813 2692 4869 Orientem
2727 4814 2940 4869 litteris
2966 4816 3166 4869 eadem
3190 4815 3534 4886 patriarchae
3568 4823 3917 4887 suggereret
3941 4833 4080 4886 qua

2399 4903 2614 4958 frustra
2643 4903 2940 4974 Josephus
2986 4911 3271 4959 suaserat.
3299 4905 3517 4959 Callide
3549 4905 3602 4958 id
3641 4906 4079 4974 excogitatum,

2400 4997 2600 5064 utpote
2633 4994 2700 5046 ad
2739 5009 2899 5063 spem
2933 5009 3250 5048 successus
3285 5010 3398 5048 non
3430 5010 3635 5062 parum
3661 4995 4078 5049 accommoda-

2397 5085 2548 5147 tum,
2578 5081 2891 5136 consilium
2927 5081 3076 5147 fuit;
3107 5099 3242 5136 nam
3279 5088 3335 5136 et
3368 5081 3739 5138 auctoritatis
3788 5082 4084 5138 habitura

2402 5169 2722 5240 plurimum
2776 5171 2973 5226 suasio
3039 5171 3187 5226 291
3254 5171 3563 5226 videbatur
3611 5171 3682 5224 ab
3744 5171 4078 5227 eminentis

2401 5259 2596 5314 throni
2623 5260 2885 5314 antistite
2927 5260 3206 5330 profecta,
3239 5265 3298 5314 et
3352 5263 3605 5314 maxime
3641 5265 3957 5330 purgatam
4007 5263 4084 5316 ab

2403 5349 2562 5404 omni
2609 5349 2945 5420 suspicione
2992 5350 3247 5420 partium
3311 5350 3568 5404 futuram
3616 5350 3885 5404 eamdem
3953 5356 4090 5406 erat

2404 5437 3114 5505 consentaneum,idcirco
3148 5439 3302 5510 quod
3329 5455 3462 5493 cum
3497 5439 3785 5494 Arsenius
3812 5439 4085 5495 Sarden-

2405 5527 2488 5582 sis
2519 5528 2950 5584 ordinationem
2975 5528 3285 5584 admittere
3318 5546 3421 5600 pro
3455 5528 3716 5600 legitime
3748 5529 4086 5601 renuisset,

2407 5615 2594 5688 palam
2629 5616 2722 5672 hic
2757 5617 2828 5673 ab
2859 5617 3186 5673 Arseniana
3217 5617 3468 5673 factione
3520 5616 3932 5673 alienissimus
3968 5636 4090 5690 pu-

2408 5707 2667 5762 tabatur.
2729 5707 2878 5774 Quin
2939 5708 3046 5763 hac
3099 5708 3229 5780 ipsa
3286 5725 3355 5764 ex
3413 5724 3592 5764 causa
3653 5708 4089 5766 insinuabatur
