4212 6442
196 336 289 392 745

1223 336 1321 389 DE
1356 332 1724 388 MICHAELB
1762 329 2206 386 PALBOLOGO
2242 333 2375 386 LIB.
2418 334 2511 385 IV.

3475 332 3584 387 746

200 481 280 534 τοι
304 481 363 514 τε
391 460 477 513 καὶ
511 453 880 531 συμϐουλεύοι
914 457 965 511 οἱ
995 456 1208 531 ἀφεῖναι
1238 457 1328 509 τὸν
1368 453 1578 525 θρόνον.
1630 451 1688 505 Εἰ
1740 454 1813 523 μή
1848 456 1899 519 Α
1932 452 2021 505 τὸν
2057 454 2335 523 γράψαντα
2366 451 2447 523 ἐφ’
2479 452 2625 525 ᾧπερ
2656 450 2863 523 κριθείη
2897 458 3115 507 τοιαῦτα
3146 457 3281 527 πρὸς
3313 458 3402 509 τὸν
3436 459 3586 525 πρῶκ

200 572 242 602 τι
276 546 415 603 ἄλλο
439 548 563 622 γὰρ,
596 545 723 600 ἀλλ’
775 545 863 601 οὖν
890 547 951 600 τὸ
992 553 1091 614 τῆς
1128 546 1459 617 μεταθέσεως
1494 541 1550 595 ἂν
1586 543 1667 594 κκέ
1705 542 1827 613 παρ’

204 636 383 698 ἀλλοις
414 638 488 697 ὠς
520 634 775 708 ἔγκλημα
804 640 881 704 τῷ
916 634 1317 705 μετατιθεμένῳ
1358 631 1580 705 ἰσχυρὸν
1634 626 1829 697 ἐδόκει,

206 726 328 779 ὣστε
377 726 463 779 καὶ
525 723 790 797 ἐκχωρεῖν
853 722 1263 794 ἀναγκάζεσθαγ
1326 718 1450 773 ἀλλ’
1498 715 1589 769 οὖν
1644 716 1829 787 ἐκεῖνῳ

204 815 335 886 παρὰ
391 812 643 866 τοιούτου
700 816 795 864 τοῦ
853 812 941 864 ἀπ’
998 810 1228 885 Ἐφέσου
1268 806 1585 882 Νικφνρόρου
1614 805 1831 875 τὴνάρ·

204 901 532 975 χιερωσ·3νην
596 895 819 953 λαϐόντι
876 898 1202 971 προσίστατο
1262 894 1317 948 ἂν
1365 896 1433 949 τὰ
1486 892 1715 966 μεγαλα,
1759 893 1832 950 ὡς

207 990 255 1043 οὐ
294 988 503 1059 μᾶλλον
538 989 741 1042 ἐκεῖνον
772 985 1145 1054 καταδικάζειν
1179 987 1211 1054 ἢ
1242 984 1450 1049 ἑαυτὸν,
1493 985 1714 1035 τοιαῦτα
1746 980 1836 1035 λέ-

207 1101 369 1152 γοντι.
404 1080 469 1133 Ἀ
506 1077 571 1146 δὴ
605 1078 693 1131 καὶ
724 1078 812 1130 τὸν
847 1077 1284 1148 πατριαρχοῦντα
1312 1074 1435 1126 τότε
1486 1066 1725 1125 λαϐόντα
1773 1068 1838 1122 τὰ

204 1172 318 1241 παρ’
377 1167 587 1220 ἐκείνου
644 1169 965 1238 γράμματα,
1019 1159 1204 1228 ἐπειδὴ
1255 1182 1346 1214 τον
1389 1159 1653 1234 Θρᾳκικὸν
1702 1155 1837 1210 ἐκεῖ·

206 1277 286 1316 νος
343 1253 667 1327 περαιωθείς
712 1254 990 1324 Βόσπορον
1023 1251 1115 1322 ἅμ’
1164 1244 1412 1303 ἐπέϐαινε
1440 1255 1537 1315 τῆς
1569 1247 1697 1305 νεὼς
1748 1245 1835 1298 καὶ

208 1345 308 1415 ἅμα
363 1343 567 1397 τοιαῦτ’
621 1343 749 1395 ἄττα
800 1339 1050 1408 κινητικὰ
1104 1339 1240 1412 πρὸς
1301 1336 1627 1409 παραίτησιν
1686 1330 1840 1406 ἔγρα-

210 1453 314 1509 φεν,
370 1431 445 1491 εἰς
478 1430 577 1484 οὐκ
606 1429 807 1504 ἀγαθὰς
869 1426 1125 1487 ὑπονοίας
1181 1424 1359 1498 ἐνῆγε,
1415 1424 1503 1477 καὶ
1546 1422 1619 1483 ὡς
1652 1421 1750 1475 οὐκ
1781 1420 1839 1474 ἂν

209 1519 406 1582 ἐκεῖνος
432 1518 665 1589 τολμώη
700 1520 922 1571 τοιαῦτα
952 1516 1178 1589 γράφειν
1233 1512 1319 1567 καὶ
1377 1513 1467 1565 τὸν
1500 1515 1717 1582 πρῶτον
1746 1529 1841 1562 κα-

210 1604 491 1682 θυϐρίζειν,
543 1606 587 1660 εἰ
650 1608 723 1676 μή
758 1607 808 1678 γ’
843 1604 1073 1658 ἄλλοθεν
1124 1604 1239 1675 εἶχε
1268 1602 1329 1655 τὸ
1362 1596 1660 1674 ἐγχωροῦν.
1695 1600 1844 1658 Τέως

208 1694 259 1751 δὲ
285 1698 444 1770 πείρᾳ
472 1698 535 1750 τὸ
565 1702 787 1769 πρᾶγμα
819 1691 1003 1752 διδοὺς
1061 1690 1309 1764 παραυτᾶ
1364 1690 1500 1762 πρὸς
1536 1688 1627 1740 τὸν
1694 1687 1843 1759 βασι-

208 1786 297 1841 λέα
355 1787 586 1854 πέμπειν
642 1785 714 1844 ὡς
772 1784 915 1856 εἶχεν
972 1781 1107 1856 ἔγνω
1162 1781 1223 1834 τὸ
1262 1777 1511 1853 γράμμα,
1548 1776 1841 1848 μαρτύριον

206 1878 292 1929 τὸν
323 1875 524 1929 ἐκεῖθεν
560 1868 925 1944 ἐκϐησόμενον
956 1876 1061 1925 τῶν
1094 1866 1373 1941 παρόντων
1408 1868 1626 1937 Οέμενος
1678 1864 1843 1936 ἀψευ-

211 1963 477 2032 δέστατον,
535 1964 607 2023 ὡς
641 1961 688 2015 εἲ
721 1964 814 2033 μὶν
850 1961 1149 2033 ἐπαΛγήσει
1190 1964 1306 2019 τοῖς
1354 1962 1631 2032 γραφεῖσιν
1667 1957 1693 2009 ὁ
1747 1956 1846 2028 βα-

204 2054 382 2115 σιλεὺς
441 2053 536 2107 κάν
594 2050 754 2120 δεινῴ
811 2052 964 2118 Θήσει
1018 2049 1080 2103 τὸ
1137 2054 1380 2122 πρᾶγμα,
1430 2045 1566 2100 ὥστε
1594 2044 1682 2098 καὶ
1709 2043 1842 2097 ἀπο-

208 2143 449 2197 στέλλειν
508 2140 597 2194 καὶ
660 2138 1008 2214 ὑποστρέφειν
1092 2139 1172 2209 [Ρ.
1248 2137 1373 2207 201]
1429 2132 1842 2206 καταναγκάζειν

196 2356 831 2425 commendabaturque
863 2352 1151 2407 Germano
1177 2350 1333 2405 velut
1363 2349 1655 2405 sincerum
1679 2352 1735 2403 et
1761 2364 1828 2403 ex

190 2466 317 2504 vero
349 2448 549 2503 studio
582 2444 905 2516 profectum
936 2440 1243 2497 consilium
1278 2441 1414 2495 talis
1443 2437 1829 2505 auctoris,cui

195 2537 462 2609 privatim
497 2534 641 2589 utile
671 2537 978 2605 appareret
1008 2535 1269 2602 perstare
1319 2530 1375 2584 in
1429 2529 1828 2599 patriarcliatu

190 2627 573 2692 Germanum,
605 2642 636 2678 a
668 2638 782 2693 quo
816 2620 1015 2692 utique
1047 2637 1149 2691 pro
1180 2635 1313 2674 vero
1345 2618 1617 2689 episcopo
1650 2632 1831 2687 agno-

193 2722 473 2773 sceretur.
506 2718 693 2781 Quare
726 2717 789 2767 ut
816 2711 866 2766 is
895 2715 1091 2766 tamen
1143 2710 1265 2781 ipse
1315 2713 1521 2763 contra
1570 2706 1835 2778 proprias

193 2806 481 2862 utilitates
504 2817 798 2859 secessum
823 2800 957 2855 inde
979 2798 1327 2864 consuleret,
1356 2813 1537 2869 prona
1558 2801 1681 2851 erat
1701 2812 1835 2850 con-

184 2898 413 2965 jectura
446 2890 866 2948 occultioribus
886 2905 1014 2944 eum
1042 2888 1395 2960 quibusdam
1421 2892 1477 2940 et
1496 2884 1744 2939 diversis
1767 2884 1839 2937 ab

190 2986 260 3041 iis
291 3002 424 3057 quae
458 2982 633 3053 vulgo
663 2979 1054 3051 allegarentur
1086 2976 1411 3032 rationibus
1438 2974 1669 3029 moveri.
1698 2973 1838 3027 Nam

188 3077 338 3146 quod
375 3077 451 3128 ab
489 3072 619 3125 aliis
650 3070 831 3140 excipi
867 3067 1081 3123 soleret
1109 3070 1310 3120 contra
1361 3063 1714 3120 Germanum
1772 3063 1841 3115 de

1938 561 2027 593 τον
2064 541 2361 611 Exit-ignve;
2397 538 2567 605 Ξέλον
2604 542 2729 594 εῖναι
2767 542 2841 603 «τις
2896 542 2994 595 οὐκ
3020 540 3226 604 εἰδότος
3277 550 3370 597 τοῦ
3430 550 3581 619 βασι-

1941 626 2079 688 λέως
2112 624 2316 699 προέὸη
2353 632 2538 697 ταῦτα,
2598 631 2684 681 καὶ
2741 629 3001 706 ἀσφαλῶς
3058 630 3201 702 ἔχειν
3237 634 3471 693 ἐντεῦθεν
3508 636 3583 687 εἷ-

1942 737 2021 769 ναι
2057 723 2157 782 τῆς
2212 719 2603 778 καταστάσεως·
2641 718 2681 771 εἷ
2736 716 2790 771 δὲ
2826 721 3008 787 infith
3043 723 3168 791 παρ’
3210 720 3361 775 ηὖξεν
3435 730 3584 791 “(su

1942 806 2004 857 τὰ
2034 802 2404 879 γεγραμμένα,
2467 805 2520 858 ἀ)
2541 806 2609 859 λι
2639 809 2964 880 πςνλίξῖὶσεσιν
3012 809 3247 864 ἑπειλῦει
3282 815 3365 864 καῖ
3425 833 3583 886 αναρ-

1943 898 2007 960 τᾷ
2065 895 2137 954 ὡς
2198 894 2331 947 κατὰ
2357 896 2541 957 καιρὸν
2565 894 2700 956 iam;
2736 899 3001 967 ζητγξσων,
3065 898 3097 963 'l‘,
3139 899 3226 951 xei?
3257 897 3443 960 ἄλλως
3469 905 3586 961 πῶς

1948 981 2297 1035 ἐπιστείλειεν
2385 984 2458 1043 ὡς
2541 980 2699 1052 δῆθεν
2783 985 3105 1039 καταπαύων
3195 989 3282 1041 καὶ
3344 991 3588 1063 ἡμερῶν,

1945 1072 2256 1124 τούντεῦθεν
2320 1074 2393 1142 μὴ
2455 1072 2588 1125 εἶναι
2629 1071 2794 1126 πλέον
2830 1074 2903 1135 εἷς
2934 1074 2996 1127 τὸ
3051 1080 3235 1145 μαθεῖν
3268 1076 3340 1137 ὡς
3375 1077 3402 1130 ὁ
3437 1079 3593 1136 Βασι-

1949 1158 2073 1219 λεὺς
2132 1159 2252 1234 περὶ
2314 1159 2472 1214 αὐτὸν
2523 1160 2828 1234 ἡψικόρησε
2895 1164 2981 1217 καὶ
3041 1164 3217 1238 βουλῇ
3274 1166 3471 1220 τούτου
3526 1168 3593 1221 τὰ

1946 1251 2168 1301 τοιαῦτα
2226 1248 2547 1322 γέγραπται.
2598 1251 2758 1305 Ταῦτ’
2819 1250 2870 1305 ἐν
2929 1257 3002 1323 νῷ
3059 1252 3303 1323 θέμενος,
3336 1256 3590 1324 προσθεὶς

1950 1334 2009 1389 ἐκ
2063 1335 2391 1407 μηνυμάτων
2452 1338 2538 1391 καὶ
2600 1338 2825 1411 ἀλγεινᾶ
2877 1340 2952 1401 ὡς
2985 1339 3215 1395 λυποῖτο
3244 1343 3311 1396 τὰ
3340 1341 3590 1411 πλεῖστα,

1951 1423 2211 1496 ἐκπέμπει
2271 1426 2362 1479 τὸν
2414 1429 2475 1480 τε,
2505 1426 2737 1500 γράμμα
2767 1424 3171 1499 διακομίσοντα.
3231 1431 3286 1483 Ὀ
3319 1430 3375 1485 δὲ
3408 1428 3590 1487 λαϐὼν

1948 1533 2007 1566 τε
2059 1514 2148 1566 καὶ
2208 1514 2463 1587 ἀναγνοὺς
2498 1516 2603 1589 οὐχ
2634 1515 2782 1577 ὅπως
2814 1522 2930 1579 τοῖς
2985 1518 3385 1592 γεγραμμένοις
3418 1521 3595 1590 ἐπήλ-

1949 1622 2134 1675 γησεν,
2164 1601 2293 1656 ἀλλ’
2351 1605 2464 1656 οἷον
2500 1604 2683 1657 ἑαυτὸν
2736 1603 3116 1674 ἐπαλαστήσας
3175 1607 3220 1660 εἰ
3280 1608 3421 1663 οὕτω
3478 1615 3595 1671 ταῖς

1949 1694 2056 1743 τῶν
2090 1694 2290 1743 κοινῶν
2325 1696 2528 1764 σειραῖς
2563 1692 2989 1767 συσφιγγόμενος
3048 1696 3133 1748 καὶ
3167 1698 3287 1770 περὶ
3348 1701 3444 1751 τοῦ
3492 1719 3598 1752 πα·-

1954 1781 2219 1857 τριαρχου
2278 1780 2579 1855 φροντίζειν
2652 1780 3073 1856 ἐπαναγκάζωτο
3108 1826 3121 1846 ,
3180 1784 3371 1840 αὐτίκα
3430 1785 3599 1859 μηδὲν

1959 1865 2241 1936 μελλήσας
2306 1868 2494 1938 μηνύει
2553 1869 2627 1929 ὡς
2686 1895 2711 1920 ‹‹
2749 1871 2837 1925 Ἐν
2873 1871 3058 1942 χερσὶν
3087 1871 3244 1933 αὐτὸς
3301 1872 3445 1948 ἔγεις
3504 1878 3596 1930 τὸν

1954 1953 2140 2029 ἄνδρα,
2201 1956 2342 2010 οὕτω
2371 1962 2477 2011 τῶν
2528 1958 2770 2012 κανόνων
2823 1956 3104 2029 διδόντων,
3138 1962 3224 2015 καὶ
3281 1964 3332 2017 οἱ
3383 1964 3507 2035 περὶ
3540 1965 3600 2019 σὶ

1953 2042 2158 2099 πολλοὶ
2188 2049 2295 2099 τῶν
2328 2045 2590 2100 τοιούτων
2623 2048 2823 2122 κριταὶ,
2876 2048 2963 2102 καί
2993 2070 3076 2103 σοι
3106 2052 3172 2105 τὰ
3218 2052 3341 2126 περὶ
3388 2052 3595 2109 τούτων

1958 2139 2135 2204 ζητεῖν
2189 2133 2471 2211 ἐφειμένον
2532 2136 2673 2191 ποίει
2733 2138 2809 2198 ὡς
2870 2136 3078 2211 βούλει·
3141 2139 3358 2215 βασιλεῖ
3394 2144 3497 2218 γὰρ
3529 2143 3595 2199 οὗ

1937 2347 2092 2404 clare
2122 2348 2478 2421 intelligeret
2507 2352 2648 2422 quid
2690 2368 2913 2408 arcanae
2946 2350 3041 2409 his
3070 2355 3139 2410 de
3161 2357 3335 2412 rebus
3362 2363 3595 2413 senten-

1939 2438 2029 2492 tiae
2063 2439 2434 2510 imperatoris
2468 2441 2666 2497 animo
2696 2444 2988 2498 subesset.
3020 2445 3077 2497 Si
3109 2446 3267 2500 enim
3301 2446 3444 2503 visis
3493 2448 3592 2503 lit-

1943 2527 2082 2582 teris
2113 2527 2371 2583 dolorem
2405 2529 2765 2599 signiﬁcaret
2797 2536 2853 2586 et
2886 2532 3196 2603 displicere
3229 2535 3339 2589 sibi
3378 2538 3592 2591 factum

1944 2618 2297 2687 ostenderet,
2353 2618 2730 2689 mitteretque
2792 2624 2920 2691 post
2980 2622 3241 2692 epistola:
3302 2631 3601 2681 auctorem

1946 2705 2047 2776 qui
2078 2722 2209 2761 eum
2245 2723 2307 2761 ex
2346 2707 2551 2764 itinere
2586 2713 2905 2765 retractum
2959 2711 3463 2785 ConstantinOpoli
3516 2715 3595 2771 si-

1948 2800 2189 2859 sterent,
2224 2797 2604 2867 repetendum
2638 2798 2842 2869 utique
2873 2799 3156 2856 rationem
3190 2802 3485 2871 injudicio
3512 2805 3590 2859 le-

1950 2884 2154 2957 gitimo
2188 2885 2556 2941 irreverentis
2587 2888 2739 2956 ausi,
2772 2904 2887 2957 quo
2920 2890 2989 2944 ad
3026 2890 3345 2963 principem
3402 2911 3598 2950 sacro-

1954 2992 2079 3029 rum
2111 2973 2221 3030 tale
2244 2975 2527 3045 scriptum
2551 2992 2658 3032 suo
2681 2977 2917 3033 nomine
2941 2996 3053 3034 non
3079 2981 3405 3038 dubitasset
3437 2986 3576 3041 dare

1956 3068 2094 3117 tunc
2167 3081 2307 3118 sane
2368 3066 2484 3119 fore
2543 3066 2919 3121 manifestum
2982 3070 3183 3139 ignaro
3246 3072 3598 3143 imperatore

190 3164 587 3219 translatione
638 3161 818 3229 sedis,
868 3158 1021 3229 apud
1074 3156 1424 3211 Sardensem
1477 3157 1839 3207 momentum
1878 3170 1920 3235 ρ
1960 3153 2277 3224 contigisse
2307 3152 2437 3221 ista,
2473 3158 2529 3209 et
2560 3171 2832 3211 securum
2860 3157 2967 3211 sibi
3001 3162 3221 3215 statum
3252 3177 3408 3217 eaex
3438 3169 3602 3235 parte

188 3254 404 3309 habere
438 3250 670 3306 nullum
707 3248 1085 3303 manifestum
1119 3248 1404 3308 erat,cum
1441 3243 1593 3297 hunc
1623 3245 1851 3297 consta-

192 3350 274 3397 ret
307 3344 380 3397 ab
413 3358 486 3397 eo
522 3338 852 3411 patriarcha
882 3352 1049 3391 suam
1086 3335 1297 3404 ipsius,
1331 3348 1510 3402 quam
1562 3348 1663 3401 pro
1712 3329 1852 3395 legi-

190 3435 336 3487 tima
365 3432 678 3490 tuebatur,
711 3426 1137 3482 ordinationem
1172 3421 1487 3491 accepisse,
1522 3436 1692 3489 quem
1727 3434 1851 3472 om-

194 3539 297 3576 nes
330 3523 566 3576 scirent
594 3518 667 3571 ah
700 3515 989 3586 Ephesina
1017 3513 1153 3567 sede
1205 3512 1261 3564 in
1314 3506 1852 3578 ConstantinOpoli-

185 3621 387 3666 tanam
427 3609 618 3663 fuisse
650 3600 1342 3665 translatum.Quomodo
1374 3599 1531 3654 enim
1565 3599 1615 3653 is
1645 3614 1711 3652 ex
1745 3597 1857 3651 ista

184 3697 609 3755 translationis
674 3712 743 3749 ex
814 3690 1331 3761 Adrianopolitano
1397 3689 1611 3743 throno
1680 3702 1858 3741 causa

184 3788 472 3846 Germani
512 3783 944 3857 promotionem
979 3785 1176 3852 posset
1204 3778 1427 3833 irritam
1462 3778 1671 3831 ducere
1701 3776 1857 3829 vide-

186 3880 255 3947 ri,
289 3879 396 3948 qui
424 3873 748 3946 Nicephori
776 3871 1091 3925 transitum
1113 3885 1181 3923 ex
1200 3868 1493 3939 Ephesina
1521 3866 1576 3920 in
1612 3866 1859 3936 patriar-

186 3969 419 4025 chalem
447 3966 627 4022 urbis
650 3963 845 4018 sedem
873 3976 985 4014 non
1008 3958 1200 4014 solum
1227 3973 1328 4027 pro
1363 3956 1644 4011 canonico
1677 3969 1858 4025 agno-

189 4064 375 4123 verat,
411 4056 524 4112 sed
563 4052 740 4109 etiam
774 4067 807 4105 a
835 4048 939 4104 tali
964 4053 1203 4118 accepta
1233 4062 1340 4101 sua
1370 4044 1558 4116 ipsius
1608 4045 1883 4111 inaugu-'

189 4147 421 4203 ratione
478 4146 545 4198 in
599 4141 951 4195 Sardensem
1002 4138 1227 4200 sedem,
1257 4136 1428 4205 cujus
1459 4149 1520 4188 se
1545 4149 1742 4187 verum
1770 4132 1862 4201 ju-

192 4243 487 4307 stumque
511 4231 893 4306 proﬁteretur
917 4225 1583 4299 possessorem,rejicere
1600 4222 1867 4291 nequiret

188 4326 330 4397 quin
355 4343 424 4380 se
450 4326 596 4395 ipse
618 4321 944 4374 damnaret.
962 4316 1150 4379 Quare
1168 4314 1325 4368 aliud
1350 4311 1653 4383 quidpiam
1682 4312 1867 4364 idem-

185 4431 292 4484 que
314 4426 631 4482 magnum
658 4423 763 4478 par
781 4410 905 4459 erat
926 4402 1243 4458 existimari
1268 4401 1867 4465 vidisseSardensem,

192 4520 305 4575 quo
330 4504 407 4558 ad
434 4507 572 4556 tam
599 4497 962 4566 inepinata'n
987 4489 1423 4563 suggestionem
1452 4486 1867 4558 impelleretur.

190 4594 351 4648 Talis
386 4606 544 4661 ergo
582 4582 897 4655 epistolam
930 4582 1229 4637 sententias
1269 4594 1395 4648 qua;
1448 4575 1870 4630 abdicationem

192 4680 659 4751 patriarcbatus
687 4670 1037 4736 consuleret,
1070 4668 1347 4739 scriptam
1403 4667 1473 4721 ad
1524 4681 1585 4720 se
1634 4664 1872 4732 trajecto

192 4774 459 4844 Bosporo
496 4786 534 4823 a
574 4778 791 4820 navem
824 4761 893 4815 ad
928 4760 1255 4814 discessum
1288 4757 1711 4810 cunscendente
1742 4759 1872 4805 Sar-

194 4842 384 4927 densi,
424 4859 788 4913 Germanus
819 4848 1133 4918 accipiens,
1164 4845 1222 4900 in
1261 4844 1595 4916 perplexam
1648 4842 1873 4911 ingres—

195 4968 295 5008 sus
356 4944 797 5018 suspicionem
847 4944 956 5006 est,
1002 4937 1208 4991 merito
1257 4940 1533 5004 reputans
1574 4948 1876 5001 nunquam

194 5042 377 5097 fuisse
411 5043 717 5093 futurum
742 5034 799 5082 ut
835 5025 931 5081 ille
963 5026 1202 5080 auderet
1234 5024 1345 5079 ista
1376 5023 1629 5078 scribere
1663 5037 1727 5074 ac
1759 5022 1876 5090 pri-

194 5148 353 5187 mum
389 5145 459 5185 se
493 5125 823 5181 auctorem
858 5118 1006 5170 ferre
1035 5113 1262 5169 consilii
1312 5110 1723 5167 contumeliosi
1782 5128 1882 5180 pa-

192 5222 707 5286 triarcbaa,quem
723 5279 727 5282 ν
742 5207 931 5280 palam
955 5207 1228 5276 probaret
1260 5200 1724 5274 imperator,nisi
1749 5201 1882 5255 huic

192 5312 343 5370 haud
380 5309 723 5380 ingratum
757 5298 813 5351 id
847 5312 974 5351 esse
1008 5292 1419 5365 perspexisset.
1449 5292 1597 5363 Ergo
1649 5291 1881 5361 experi-

192 5408 464 5459 mentum
504 5390 728 5451 dubiae
760 5386 841 5441 rei
870 5400 1077 5456 capere
1115 5388 1339 5438 certum
1388 5381 1610 5447 volens,
1662 5380 1882 5450 episto-

192 5492 303 5549 lam
354 5506 495 5549 eam
557 5477 785 5540 statim
840 5475 907 5528 ad
942 5475 1355 5545 imperatorem
1392 5471 1588 5538 mittit,
1617 5470 1768 5525 298
1798 5475 1887 5525 te-

194 5582 557 5639 stimonium
600 5586 683 5628 ex
718 5569 926 5622 eventu
958 5562 1403 5617 veracissimum
1437 5560 1704 5615 omnium
1754 5576 1884 5630 quae

194 5679 327 5731 tunc
389 5664 625 5729 haberi
692 5658 936 5729 possent
991 5651 1327 5708 eliciturum
1380 5666 1510 5706 sese
1556 5653 1742 5718 ratus,
1773 5665 1889 5719 quo

521 5790 820 5849 Pierson.
867 5774 975 5834 Gn.
1022 5770 1276 5833 CXLIII.

1961 3257 2105 3297 esse.
2143 3243 2198 3295 Si
2233 3246 2426 3297 autem
2462 3260 2519 3298 re
2550 3246 2780 3312 cognita
2819 3251 3004 3301 totum
3057 3247 3199 3303 illud
3252 3252 3603 3322 scriptarum

1961 3336 2183 3385 temere
2216 3330 2540 3385 litterarum
2576 3333 2793 3387 crimen
2832 3334 3122 3389 videretur
3152 3337 3320 3392 nihili
3370 3341 3605 3413 ducere,

1966 3420 2064 3473 sed
2098 3424 2409 3489 praetextus
2439 3420 2489 3474 ei
2522 3423 2856 3476 excusando
2887 3429 3173 3492 quaereret
3205 3429 3611 3498 autjudicium

1966 3509 2354 3578 suspenderat
2374 3515 2656 3579 tanquam
2683 3510 2951 3566 videlicet
2982 3512 3038 3567 in
3073 3518 3335 3587 tempore
3361 3519 3430 3573 de
3465 3520 3612 3576 facto

1966 3597 2383 3667 inquisiturus,
2418 3597 2505 3651 vel
2541 3597 2589 3651 si
2623 3598 2799 3653 etiam
2832 3616 2948 3653 non
2982 3601 3181 3671 ignoto
3213 3604 3321 3674 ipsi
3369 3608 3615 3663 artificio

1970 3686 2318 3739 rescriberet
2365 3685 2704 3739 humaniter
2752 3689 2919 3757 quasi
2962 3689 3329 3746 demulcendi
3366 3711 3430 3749 ac
3463 3696 3620 3750 miti-

1967 3775 2141 3843 gandi
2178 3775 2523 3838 ofﬁcio,tum
2554 3791 2695 3830 sane
2728 3792 2842 3830 non
2877 3778 2996 3832 fore
3026 3778 3139 3833 sibi
3162 3787 3618 3853 exspectandum

1970 3862 2251 3918 indicium
2282 3866 2496 3918 certius
2524 3864 2592 3918 ad
2628 3865 2797 3934 plane
2829 3866 3275 3937 intelligendum
3305 3871 3615 3944 imperato-

1970 3953 2051 4007 ris
2083 3953 2353 4006 satietate
2383 3955 2506 4021 jam
2558 3954 2648 4006 sui
2709 3955 2857 4022 capli
2919 3956 3163 4012 consilio
3212 3964 3271 4013 et
3312 3961 3613 4019 voluntate

1971 4042 2111 4097 talia
2144 4042 2325 4095 fuisse
2372 4042 2611 4112 scripta.
2654 4042 2770 4097 Hoc
2820 4045 3017 4100 animo
3066 4048 3428 4120 consilioque
3472 4057 3612 4107 Ger-

1972 4148 2183 4185 manus
2234 4137 2530 4201 acceptam
2583 4147 2616 4185 a
2661 4132 2953 4201 Sardensi,
2999 4136 3279 4204 adjuncta
3327 4141 3439 4195 alia
3488 4159 3520 4196 a
3553 4159 3615 4199 se

1974 4220 2217 4291 scripta,
2267 4236 2384 4290 qua
2432 4221 2792 4289 significaret
2840 4223 3213 4281 vehementer
3250 4246 3317 4284 ea
3345 4247 3406 4285 se
3438 4249 3496 4285 re
3527 4234 3611 4286 of.

1978 4310 2207 4363 tensum
2244 4309 2299 4361 in
2334 4325 2440 4362 suo
2473 4309 2817 4377 gravissimo
2851 4311 3047 4368 dolore
3080 4316 3151 4370 ad
3186 4322 3385 4373 notum
3420 4337 3621 4391 exper-

1979 4404 2223 4467 tumque
2258 4398 2644 4468 imperatoriee
2676 4400 2875 4469 gratiae
2909 4405 3242 4470 prresidium
3288 4408 3624 4480 confugere,

1981 4504 2083 4557 per
2106 4489 2283 4540 tidum
2311 4486 2605 4541 hominem
2633 4488 2702 4540 ad
2729 4488 3143 4559 imperatorem
3174 4495 3371 4551 mittit.
3398 4498 3497 4553 Ille
3522 4517 3627 4554 au-

1905 4546 1951 4607 υ
1983 4546 2098 4630 lem
2132 4576 2387 4645 acceptis
2423 4574 2705 4646 lectisque
2758 4546 2970 4633 litteris
3020 4546 3162 4636 adeo
3194 4546 3631 4645 invonwi-nd'ol‘u-it

1979 4664 2149 4719 amici
2185 4681 2382 4727 causa,
2418 4670 2482 4718 ut
2516 4682 2623 4720 sua
2656 4666 2850 4735 potius
2882 4684 3032 4739 aegre
3064 4671 3257 4728 ferens
3289 4683 3633 4744 quereretur

1984 4756 2184 4825 inique
2216 4771 2414 4809 secum
2450 4754 2668 4825 agi.cui
2700 4757 2857 4811 curis
2890 4759 3225 4828 reipublicae
3266 4766 3631 4833 gravissimis

1985 4861 2264 4913 oppresso
2297 4844 2472 4897 etiam
2507 4844 2830 4899 alienarum
2864 4848 2933 4901 de
2966 4851 3299 4918 patriarcha
3342 4856 3631 4911 sollicitu-

1989 4933 2191 4987 dinum
2226 4932 2387 4986 nulla
2422 4934 2826 4989 misericordia
2856 4953 3005 4991 onus
3038 4940 3391 5007 injiceretur.
3414 4945 3633 5017 Hisque

1988 5022 2366 5091 indignanter
2401 5022 2576 5077 dictis
2627 5026 2825 5078 statim
2878 5042 3190 5084 conversus
3242 5033 3309 5085 ad
3360 5038 3633 5091 nuntium

1989 5128 2338 5181 responsum
2389 5110 2438 5165 ei
2493 5113 2645 5181 quod
2696 5114 2932 5168 reterret
2988 5119 3326 5186 patriarchm
3379 5124 3430 5176 in
3486 5126 3637 5179 hanc

1991 5200 2340 5256 sententiam
2394 5201 2668 5265 reddidit,
2726 5201 2937 5257 habere.
2990 5205 3180 5276 ipsum
3236 5210 3529 5267 hominem
3580 5215 3638 5268 in

1994 5289 2475 5360 manu,potestati
2503 5290 2886 5359 utiquejuxta
2911 5298 3313 5368 praescriptum
3340 5318 3641 5357 sacrorum

1997 5395 2286 5433 canonum
2322 5379 2651 5447 subjectum
2688 5397 2826 5434 suae.
2862 5383 3013 5437 299
3066 5388 3283 5443 Adesse
3331 5389 3439 5459 ipsi
3492 5393 3645 5447 anti-

1996 5471 2164 5523 stites
2218 5470 2453 5552 multos,
2488 5467 2778 5537 legitimos
2805 5471 3009 5527 talium
3037 5476 3289 5543 judice-3.
3323 5479 3452 5544 Iret,
3484 5498 3645 5552 qure-

1996 5559 2246 5614 stionem
2284 5557 2637 5627 institueret,
2670 5566 2868 5629 ageret
2898 5565 3051 5633 quod
3088 5568 3259 5622 vellet
3290 5587 3304 5624 :
3339 5570 3651 5642 imperato-

1996 5664 2119 5703 rem
2153 5647 2307 5702 enim
2357 5648 2412 5701 in
2461 5648 2755 5719 ejusmodi
2805 5654 3036 5723 negotia
3083 5673 3197 5713 non
3249 5674 3311 5715 se
3358 5660 3644 5733 ingerere,

3250 5779 3328 5837 24
