4246 6446
604 424 744 500 viti?

1759 430 1805 465 ·’³
1882 428 2214 504 suam:
2252 444 2713 499 mommsen:

3916 441 4026 498 ’148

610 552 769 641 μετὸν
827 568 1056 647 τούτων,
1117 567 1263 646 ἀλλᾶ
1312 569 1657 646 ’πραγμάτων
1714 548 1803 625 καῖ
1837 551 2086 645 θορύϐιον
2142 567 2250 622 τῶν
2286 571 2338 636 Α
2368 561 2814 639 προσϐιάζεσθαι,
2852 565 2897 619 εί
2935 567 3008 637 μή
3040 586 3102 641 γε
3157 563 3370 637 ἀκούοι,
3432 565 3521 620 καὶ
3572 562 3725 621 οὐδὲν
3782 564 4030 623 ἐλλείπει

604 660 725 713 κατ’
754 658 945 729 αὐτὸν,
967 656 1194 713 πολλῶν
1229 655 1399 713 ὄντων
1430 658 1520 713 καὶ
1551 664 1717 713 ταῦτα
1744 660 1831 713 καὶ
1868 657 2191 732 ἀναγκαίων.
2226 680 2253 707 ››

606 748 774 803 Ταῦτ’
838 746 1148 821 ἀντιμαθὼν
1203 746 1441 808 ἀκούσας
1496 749 1522 801 ὁ
1574 750 1924 822 πατριάρχης
1959 744 2100 821 ἔγνω
2158 746 2258 813 τήν

604 822 825 907 σκῆψιν,
868 835 969 911 ,καὶ
1028 833 1333 910 ἀντιλέγειν
1390 834 1536 890 ὅλως
1597 836 1696 889 οὐκ
1755 832 1899 911 ἔχων
1962 831 2256 908 (μηδὲγὰρ

601 910 879 998 ἐριστάτά
908 924 1047 1001 πρὸς
1085 925 1328 1000 βασιλέα
1357 922 1493 979 εἶναι
1532 922 1739 998 ἐκείνῳ)
1800 922 2099 995 ἐξίστασθαι
2162 927 2258 977 τοῦ

601 1018 998 1092 πατριαρχειου
1028 1011 1472 1086 παρεσκευάζετο.
1622 1010 1625 1011 ν

604 1176 701 1231 ια’.
767 1176 970 1236 -Ὅπως
1060 1174 1152 1244 δεῖ,
1164 1175 1259 1230 is;

1343 1179 1469 1250 rei
1535 1174 1936 1250 πατριαρχείου
2023 1176 2051 1228 ὁ
2130 1180 2249 1247 Γερ-

1336 1248 1526 1319 μανός.
1650 1248 1655 1269 ⁵

998 1370 1118 1437 Μῆν
1166 1377 1170 1381 ’
1209 1370 1305 1441 μὲν
1334 1438 1337 1441 _
1370 1366 1697 1447 ’ἐφειστήκει
1753 1371 1878 1425 τότε
1931 1369 2254 1443 Γαμηλιὼν,

604 1455 769 1534 ἤγετο
908 1459 941 1527 ἢ
972 1458 1070 1512 τοῦ
1099 1458 1290 1525 τιμίου
1322 1463 1551 1532 σταυροῦ
1582 1456 1768 1533 ἑορτὴ,
1826 1460 1888 1527 ἣν
1937 1459 2026 1513 καὶ
2077 1460 2256 1531 Ὓψω-

600 1552 699 1619 σιν,
744 1539 1111 1619 ὄνομάζομεν.
1169 1547 1282 1602 Ἑν¹
1310 1544 1477 1620 ταύτῃ
1506 1546 1638 1621 γοῦν
1678 1544 1745 1601 τά
1776 1546 1977 1601 ὕστατα
2008 1546 2256 1602 στολισά-

603 1634 1161 1708 μενος,καῖτελέσας
1193 1635 1312 1707 ἅμα
1366 1633 1463 1707 μὲν
1518 1634 1618 1703 τὴν
1679 1636 1887 1710 ὕψωσιν
1937 1641 2034 1691 τοῦ
2096 1657 2259 1691 σταυ-

597 1725 859 1795 peregi:
889 1721 946 1778 δὲ
974 1724 1063 1777 καὶ
1094 1723 1192 1792 τὴν
1226 1721 1375 1779 θείαν
1408 1722 1739 1799 ἱερουργίαν,
1781 1732 1882 1793 τῆς
1914 1725 2082 1794 αὐτῆς
2115 1724 2259 1796 ἡμέ-

600 1814 721 1887 ρας
754 1811 912 1885 ὀψίας
970 1809 1159 1882 δείλης
1217 1813 1529 1887 ἀποχωρεῖ,
1575 1812 1677 1878 ,καὶ
1736 1814 1875 1887 πρὸς
1927 1816 1993 1867 τά
2028 1814 2078 1867 ἓν
2136 1817 2254 1875 ταῖς

602 1899 1346 1977 Μαγγάνοτς·αύτοῦ·κελλία
1398 1902 1468 1956 τὰ
1523 1900 1660 1977 πρός
1718 1901 1988 1966 θάλασσαν
2044 1899 2258 1974 ᾠκοδο·
2290 1933 2336 1997 Β

606 1990 827 2071 μξημίένα
882 1989 1057 2065 ἐλθὼν
1103 1990 1332 2065 ἡσύχως
1378 1989 1587 2065 διάγειν,
1618 1990 1733 2046 ἐκεῖ
1757 1996 1859 2045 τοῦ
1891 1993 2013 2068 βίου
2046 1992 2254 2065 ᾑρεῖτο.

609 2079 770 2135 Ἀλλ’
827 2080 939 2155 ἅμα
995 2077 1389 2157 ἓῳφωτκούσῃ
1441 2080 1527 2134 καὶ
1551 2076 1590 2134 ’ὃ
1620 2076 1881 2154 βασιλεὺς
1911 2080 2143 2142 ἀκούσας
2178 2080 2261 2135 εὖ·

610 2168 1014 2249 θῦς’⁵ἓιρίσταται
1043 2169 1169 2244 ἅμα
1191 2166 1284 2241 μὲν
1329 2165 1655 2243 συγκλήτῳ,
1681 2170 1815 2242 ἅμα
1875 2166 1922 2223 δ’
1952 2169 2264 2244 ἀρχιερεῦσι

611 2248 702 2312 καὶ
761 2248 921 2313 παντὶ
946 2262 953 2267 ’
979 2257 1077 2330 τῷ
1109 2260 1215 2327 τῆξ
1243 2256 1560 2328 ’ἐκκλησίας
1618 2254 1979 2333 πληρώματι,
2038 2260 2127 2313 καί
2170 2259 2262 2312 τὸν

611 2344 959 2420 λυπούμενον
1016 2352 1448 2423 προσποιεῖται,
1509 2347 1598 2402 καὶ
1658 2348 1845 2418 ἀξιοῖ,
1901 2348 1991 2402 καὶ
2049 2344 2267 2402 ἀπειλεῖ

603 2545 750 2603 satis
780 2546 1095 2602 habentem
1122 2545 1264 2602 alibi
1296 2547 1459 2618 quod.
1479 2552 1665 2614 caret,
1701 2547 2093 2618 plurimisque
2129 2550 2251 2603 tam

603 2636 1575 2708 tumultuosisnquam'necessariis
1607 2636 1849 2708 publicae
1882 2636 2256 2691 administra-

597 2725 1015 2781 tionisofficiis
1039 2726 1509 2780 districtum.His
1532 2726 1884 2780 renuntiatis
1916 2726 2252 2797 patriarcha

602 2815 841 2888 agnovit
870 2816 1108 2874 tandem
1140 2815 1282 2887 quid
1313 2814 1610 2886 princeps,
1645 2815 2082 2881 quantumlibet
2130 2816 2251 2870 dis-

600 2905 912 2969 simulans,
960 2902 1220 2977 euperet.
1272 2906 1351 2959 Ac
1400 2912 1599 2960 certus
1648 2922 1762 2960 non
1814 2904 2087 2959 reluctari
2134 2906 2253 2977 (va-

603 3010 736 3049 nam
771 2995 926 3049 enim
962 2999 1018 3050 et
1055 2993 1295 3049 stultam
1347 2997 1549 3049 contra
1596 2993 1949 3049 intellectam
2002 2994 2254 3064 impera-

603 3085 748 3141 toris
777 3084 1610 3140 voluntatemconten-tienem
1644 3084 1788 3157 fore)
1820 3086 1888 3139 ad
1925 3084 2252 3139 cedendum

602 3172 999 3244 patriarcbatu
1035 3189 1097 3227 se
1126 3172 1414 3229 accinxit..

713 3292 739 3309 ’λ
819 3297 1013 3371 21.νί]ι
1045 3278 1349 3375 Gri-manus
1373 3312 1765 3384 patriarcham
1796 3313 2035 3367 cesserit.

641 3499 644 3502 ,
670 3438 889 3494 Mensis
910 3437 1121 3493 inierat
1143 3436 1508 3508 September,
1529 3440 1585 3491 et
1607 3436 1891 3508 agebatur
1908 3436 2251 3490 venerandae

596 3528 1217 3597 crucisfestum.quod
1239 3525 1656 3581 Exaltationem
1682 3524 2072 3597 appellamus.
2102 3526 2160 3579 In
2185 3540 2254 3579 ea

596 3619 779 3674 sacris
814 3616 1085 3672 ultimum
1117 3616 1381 3670 vestibus
1414 3614 1681 3681 indutus,
1718 3614 1919 3685 sicque
1961 3615 2253 3668 celebrata

594 3705 1187 3771 crucieexaitatione,
1222 3720 1501 3775 sacraque
1532 3702 1646 3758 diei
1677 3706 1804 3773 ejus
1856 3702 2094 3773 liturgia
2146 3702 2253 3757 rite

597 3794 1236 3865 functus,vesperesub
1262 3794 1673 3864 crepusculum
1702 3792 2072 3857 recedit,etin
2090 3809 2253 3859 suas,

596 3903 745 3959 quas
776 3886 888 3941 sibi
922 3887 991 3940 ad
1022 3900 1187 3940 mare
1217 3883 1273 3938 in
1308 3882 1618 3954 Manganis
1648 3881 2253 3945 extruxerat,cellulas

597 3992 728 4031 sese
749 3974 1039 4046 recipiens
1057 3975 1259 4045 quiete
1279 3970 1397 4026 illic
1420 3972 1695 4042 deinceps
1717 3970 1908 4024 vivere
1922 3971 2251 4027 constituit.

596 4069 671 4122 At
696 4065 960 4121 diluculo
993 4068 1239 4137 postera
1262 4062 1381 4116 dici
1408 4063 1609 4117 audita
1636 4078 1694 4115 re
1714 4061 2035 4132 imperator
2055 4063 2252 4116 statim

598 4156 808 4221 adfuit,
844 4170 961 4211 una
991 4156 1363 4209 cum‘senatu
1413 4155 1469 4205 et
1520 4150 1814 4222 episcopis
1864 4149 2258 4221 universeque

597 4245 735 4301 cieri
770 4240 1336 4316 corporc,aci'dolere
1367 4254 1428 4295 se
1462 4240 1752 4294 simulans
1784 4243 1913 4293 orat
1952 4242 2016 4292 ut
2061 4255 2256 4293 rever-

594 4340 773 4403 tatur,
824 4340 881 4391 et
911 4339 1254 4390 coacturum
1288 4346 1351 4385 se
1384 4330 1665 4399 minatur,
1701 4327 1814 4383 nisi
1850 4328 2122 4398 precibus
2155 4345 2256 4382 an-

594 4421 1215 4497 nuat,;deniquenihii
1244 4417 1319 4475 ad
1348 4416 1587 4474 Omnem
1618 4417 1736 4473 veri
1771 4417 1952 4471 studii
1985 4416 2257 4471 volunta-

592 4514 1302 4588 tisque-significationcm
1336 4509 1449 4565 sibi
1482 4510 1617 4563 facit
1650 4506 1883 4578 reliqui,
1934 4508 2254 4577 quominus

593 4622 661 4664 ex
691 4602 889 4662 animo
920 4612 1135 4675 capere
1168 4614 1602 4674 procurareque
1635 4597 1779 4652 velle
1812 4600 2119 4669 putaretur
2161 4614 2255 4651 re-

2364 656 2671 729 προουμίας
2707 674 2762 707 τε
2794 653 2881 708 καὶ
2917 652 3193 723 θελήσεως
3246 659 3343 708 τοῦ
3380 655 3454 726 μὴ
3498 653 3715 729 ἀνάγειν
3776 655 3869 710 καὶ
3929 658 4024 709 πά·

2366 741 2454 798 λιν
2514 742 2695 800 αὐτόν.
2759 743 2901 817 Πρὸς
2952 748 3143 816 Κρῆτα
3198 739 3243 797 δ’
3300 743 3551 818 ἒκρήτιζε
3579 744 3820 804 πάντως.
3857 746 4024 801 Ταῦτ’

2366 828 2467 904 ἄρα
2508 832 2752 893 κάκεῖνος
2807 832 2898 887 τὸν
2958 832 3053 903 μὲν
3103 833 3405 907 ἀγνοοῦντα
3462 838 3873 907 προσεποιεῖτο,
3934 833 4024 887 καὶ

2364 922 2527 996 χάριν
2559 929 2658 989 τῆς
2689 921 2967 994 εὐμενείας
3000 920 3176 996 λέγειν
3208 923 3297 977 καὶ
3349 922 3426 986 είς
3480 922 3542 977 τὸ
3600 924 3722 993 ἑξῆς
3783 921 4022 993 εἰδήσειν

2366 1010 2465 1064 ούκ
2495 1005 2679 1080 ὤκνει,
2731 1010 2891 1065 αὐτὸν
2953 1008 2999 1064 δ’
3060 1010 3193 1065 εἶναι
3235 1013 3380 1085 γήρᾳ
3435 1013 3900 1085 κατειργασμένον
3932 1014 4021 1065 καὶ

2364 1098 2632 1168 ἀσθενείᾳ,
2696 1098 2787 1153 καὶ
2840 1099 2979 1172 πρὸς
3006 1100 3070 1154 τὸ
3124 1096 3331 1154 διδόναι
3390 1101 3481 1154 καὶ
3538 1099 3867 1176 παραίτησιν
3926 1104 4026 1155 τοῦ

2362 1195 2464 1255 τῆς
2520 1189 3151 1250 Κωνσταντινουπόλεως
3200 1189 3396 1263 θρόνου
3448 1191 3535 1243 καὶ
3598 1189 3717 1245 λίαν
3776 1190 4029 1262 ἀσμένως

2366 1274 2589 1351 ἔχοντα,
2644 1277 2704 1343 ἣν
2761 1277 2851 1331 καὶ
2912 1274 3163 1351 δέχεσθαι
3218 1278 3477 1348 ἀντηξίου
3526 1277 3616 1332 καὶ
3654 1277 3884 1352 βασιλέα
3937 1277 4029 1332 καὶ

2362 1367 2492 1430 τοὺς
2548 1368 2823 1441 παρόντας
2881 1369 3185 1442 ἀρχιερεῖς,
3235 1370 3331 1440 ἅμ’
3388 1365 3638 1425 ἐκϐαλὼν
3666 1368 3757 1423 καὶ
3817 1366 4032 1432 δεικνὺς

2362 1458 2425 1511 τὸ
2481 1456 2730 1531 γράμμα·
2766 1452 2907 1528 μηδὲ
2937 1457 3041 1530 γὰρ
3073 1456 3131 1510 ἃν
3164 1460 3260 1510 τοῦ
3292 1456 3513 1528 λοιποῦ,
3573 1455 3670 1511 κᾶν
3722 1454 3776 1511 εἷ’
3797 1478 3851 1511 τι
3885 1479 4031 1529 συμ-

2365 1539 2520 1614 ϐαίη,
2579 1545 2679 1612 τὴν
2734 1544 3061 1619 προστασίαν
3093 1539 3415 1617 λαμϐάνειν,
3466 1544 3565 1599 κᾶν
3608 1546 3769 1607 αὐτὸς
3801 1545 4033 1620 ἀναγκά-

2368 1638 2449 1701 ζοι
2494 1634 2523 1687 ὁ
2584 1631 2863 1707 βασιλεύς.
2896 1632 3037 1689 Τότε
3087 1638 3377 1707 τοιγαροῦν
3409 1635 3436 1688 ὁ
3494 1638 3704 1710 κρατῶν
3764 1632 3912 1708 ἔχων
3976 1635 4029 1688 ἐν

2364 1721 2525 1797 χερσὶ
2584 1726 2830 1798 φανερῶς
2862 1721 2890 1775 ὃ
2924 1721 2976 1776 ἐν
3006 1719 3203 1794 ἀδήλῳ
3234 1716 3519 1792 ἐϐούλετο,
3577 1727 3675 1777 τοῦ
3710 1724 3805 1795 μὲν
3865 1722 4030 1777 αὐτὸν

2363 1811 2455 1865 καὶ
2530 1809 2696 1864 πάλιν
2767 1812 3232 1887 προσαναγκάζειν
3289 1810 3502 1881 ἀνῆκε,
3564 1815 3757 1887 σχῆμα
3813 1809 4031 1873 δεικνὺς

2369 1898 2717 1969 ἀπειπόντος,
2771 1900 2833 1954 τὸ
2892 1897 2939 1954 δ’
2969 1898 3234 1974 ἀγάλλειν
3269 1898 3455 1963 ἄλλως
3487 1901 3577 1956 καὶ
3613 1905 3776 1973 τιμᾷν
3810 1902 4026 1975 ᾑρεῖτο.

2370 1988 2471 2045 Καὶ
2533 1989 2599 2043 τά
2655 1993 2845 2064 πρῶτα
2880 1989 2974 2062 μὲν
3031 1988 3099 2044 τὰ
3128 1986 3396 2044 δοκοῦντᾶ
3435 1991 3487 2044 οἱ
3518 1991 3641 2066 περὶ
3672 1990 4028 2065 πατριάρχου

2372 2080 2571 2133 ἐκεῖνον
2632 2079 2842 2155 ἠρώτα,
2903 2084 2981 2149 τῷ
3042 2074 3357 2151 σύμϐουλον
3418 2081 3694 2150 ἀξιοῦσθαι
3749 2078 4031 2153 ἔπ’ἔλλῳ

2372 2169 2811 2242 προστησομὲνῳ
2885 2167 3167 2242 ἐξημερῶν
3240 2169 3305 2223 τά
3362 2177 3464 2238 τῆς
3534 2170 3697 2224 αὐτοῦ
3747 2171 4032 2243 παραιτή-

2374 2277 2530 2320 σεως·
2592 2258 2703 2312 εἶτα
2760 2258 2850 2313 καὶ
2908 2259 2971 2312 τὸ
3002 2266 3209 2334 πατέρα
3263 2255 3410 2333 ἔχειν
3470 2258 3628 2314 αὐτὸν
3677 2259 3766 2313 καὶ
3797 2261 4028 2335 γράφειν

2373 2346 2926 2425 προσεφιλοτιμεῖτο,
2986 2348 3044 2402 ’ὸν
3097 2347 3328 2419 ἐκεῖνος,
3383 2350 3458 2411 ὠς
3517 2347 3749 2425 λέγεται,
3808 2352 4035 2423 πρῶτος

2363 2546 2629 2607 omnino.
2661 2553 2762 2601 aut
2792 2545 3080 2618 quidquid
3114 2546 3501 2619 contingeret,
3527 2548 3922 2604 remissurum
3959 2548 4029 2603 de

2363 2635 2792 2705 proposito,aut
2820 2634 3032 2689 iterum
3067 2635 3466 2691 admissurum
3497 2635 3907 2708 palriarcbalis
3929 2651 4027 2691 ec-

2362 2722 2552 2778 clesize
2584 2724 2872 2795 regimen,
2897 2723 2984 2778 vel
3018 2724 3067 2779 si
3100 2731 3405 2795 Augustus
3435 2742 3563 2781 sese
3595 2726 3663 2780 ad
3696 2726 3752 2779 id
3782 2726 4028 2796 adigere

2363 2813 2866 2869 conaretur.Tunc
2895 2814 3213 2881 imperator
3243 2814 3467 2870 habens
3490 2817 3613 2885 jam
3644 2814 3701 2869 in
3738 2816 4026 2871 manibus

2364 2904 2518 2975 quod
2540 2905 2692 2959 votis
2713 2904 2904 2959 tacitis
2930 2909 3384 2975 optarat,partes
3406 2910 3601 2961 tamen
3618 2906 3801 2962 semel
3817 2923 4024 2962 susce-

2366 2997 2496 3064 ptas
2528 3008 2697 3063 agere
2737 2992 3145 3062 perseveravit,
3198 2995 3576 3059 contendens,
3624 2995 3771 3048 citra
3817 2998 4024 3049 tamen

2363 3080 2674 3153 imperium
2699 3098 2764 3136 ac
2783 3082 3005 3148 vim,ne
3026 3083 3084 3137 in
3107 3084 3419 3138 recusandi
3441 3083 3685 3139 consilio
3710 3090 4023 3155 perstaret,

2366 3188 2433 3227 cu
2445 3172 2633 3242 nctisq
2643 3187 2713 3226 ue
2726 3171 2990 3242 gestibus
3004 3188 3071 3226 ac
3088 3172 3274 3226 modis
3290 3188 3597 3243 personam
3613 3188 3762 3242 aegre
3779 3172 4025 3228 ferentis

2204 3246 2207 3249 ’
2283 3299 2326 3365 C
2366 3261 2723 3331 exprimens.
2741 3276 2953 3315 aecum
2975 3260 3074 3314 diu
3095 3259 3238 3315 nihil
3263 3262 3590 3332 proficeret,
3614 3262 4026 3332 quasivictus,

2364 3350 2434 3404 ad
2471 3350 2826 3419 propositum
2862 3355 3016 3403 certe
3048 3349 3443 3419 profitendum
3486 3351 3865 3405 verissimum
3924 3352 4023 3406 de-

2363 3439 2652 3493 scendens
2702 3452 2936 3509 semper
2977 3454 3104 3506 ejus
3153 3439 3361 3493 eximie
3411 3439 3795 3511 impenseque
3837 3441 4025 3495 hono-

2363 3526 2549 3580 randi.
2584 3528 2747 3591 Quod
2780 3526 3019 3596 exsequi
3051 3527 3226 3596 cmpit
3256 3531 3389 3581 ante
3421 3529 3618 3582 omnia
3664 3529 4022 3584 benevolen-

2362 3615 2591 3670 tissime
2614 3615 2875 3687 roganda
2888 3615 3163 3670 Germani
3188 3617 3482 3671 sententia
3503 3617 3658 3671 circa
3672 3618 4026 3674 electionem

2365 3709 2723 3761 successoris
2746 3707 3078 3777 ejus,plane
3111 3723 3225 3777 prae
3251 3724 3313 3761 se
3347 3708 3584 3763 ferendo
3618 3711 3696 3776 (et
3725 3726 3792 3763 eo
3824 3710 4029 3765 videli-

2362 3800 2452 3851 cet
2479 3795 2607 3867 ipso
2639 3794 2897 3851 delinere
2927 3797 3325 3867 satagendo,si
3359 3814 3477 3868 qua
3508 3798 3559 3852 ei
3588 3805 3936 3870 superesset
3965 3798 4025 3855 in

2362 3886 2555 3957 ipsum
2584 3885 2828 3940 offensio
2853 3891 3154 3956 penetrata
3178 3886 4034 3959 forsitaanugustiarcanavo-

2363 3973 2794 4044 luntate,cujus
2825 3980 2980 4028 esset
3012 3982 3277 4046 respectu
3307 3976 3376 4029 ad
3414 3976 3853 4032 abdicationem
3890 3995 4031 4034 coa-

2364 4067 2517 4131 ctus)
2540 4062 3357 4133 plane,inquam,declarando
3384 4081 3446 4119 se
3467 4065 3710 4121 omnino
3730 4068 3882 4122 velle
3907 4069 4035 4141 ple-

2365 4167 2510 4207 num
2562 4152 2612 4205 ei
2673 4152 2981 4206 arbitrium
3045 4153 3266 4207 servari
3325 4154 3480 4209 circa
3535 4153 3829 4210 delectum
3894 4158 4035 4213 novi

2364 4241 2733 4311 patriarchae.
2784 4242 3022 4295 Addidit
3077 4242 3221 4311 quin
3275 4241 3449 4297 etiam
3510 4258 3573 4297 se
3621 4245 3804 4315 patris
3854 4246 4038 4301 dein-

2366 4346 2503 4400 ceps
2562 4329 2689 4384 loco
2746 4330 2943 4401 ipsum
3004 4330 3219 4386 habere
3275 4332 3619 4399 decrevisse,
3676 4333 4037 4390 celebravit.-

2366 4435 2480 4491 que
2512 4420 2689 4473 istum
2723 4420 3003 4473 honorem
3059 4419 3295 4491 scriptis
3344 4420 3394 4475 ei
3446 4422 3759 4478 ambitiose
3810 4424 4039 4481 litteris

2364 4509 2466 4562 tali
2490 4507 2861 4579 titulo,quem
2886 4508 3345 4579 splendidiorem
3372 4509 3622 4565 faciebat
3643 4512 4037 4579 attributum,

2366 4602 2430 4651 ut
2462 4598 2775 4665 ferebatur,
2808 4614 2840 4651 a
2862 4598 3151 4653 Germano
3176 4597 3362 4669 primo
3386 4600 3651 4654 omnium
3677 4600 4037 4671 imperatori

594 4699 781 4755 ditum
815 4700 943 4768 eius
975 4672 1047 4751 ad
1081 4672 1478 4749 tbrbnuniAd
1514 4707 1581 4744 ea
1602 4692 2094 4753 Germanus,cum
2120 4692 2249 4743 Cre-
2283 4672 2325 4734 Ι)
2358 4686 2677 4758 gloriosum
2710 4703 3034 4757 cognomen
3065 4687 3199 4742 novi
3228 4690 3601 4744 Constantini
3634 4705 3646 4744 :
3684 4691 3829 4760 quid
3863 4693 4034 4749 enim

593 4791 770 4852 tbnsi,
798 4794 869 4843 ut
899 4788 1135 4854 dicitur,
1155 4784 1470 4851 ‘cretizans,
1505 4788 1557 4837 el
1591 4781 1647 4835 in
1680 4778 2055 4835 simulatione
2085 4778 2251 4849 igno-

594 4877 1321 4937 randimentemintimam
1338 4873 1620 4945 principis
1634 4870 1898 4944 gnaviter
1912 4870 2253 4941 persistens,

597 4972 887 5044 plurimas
920 4984 982 5023 se
1021 4962 1368 5037 benignitati
1403 4964 1532 5033 ejus
1564 4966 1740 5016 tantae
1772 4964 1829 5015 et
1853 4975 2023 5031 agere
2045 4959 2170 5029 jam
2199 4965 2256 5013 et

595 5054 873 5131 deinceps
886 5066 1006 5113 sem
1019 5066 1118 5127 per
1131 5054 1473 5109 habiturum
1492 5048 1873 5121 referrequeb
1886 5049 1996 5102 aud
2015 5054 2251 5103 cuncta-

593 5148 1166 5219 triruin,ubi’-posset,
1183 5143 1403 5215 gratias
1427 5139 1728 5212 respondit
1757 5155 1770 5194 :
1798 5138 1952 5193 800
1977 5141 2250 5193 caeterum

595 5241 760 5296 Senio
792 5255 853 5294 se
886 5242 942 5292 et
972 5227 1317 5290 infirmitate
1350 5233 1622 5292 fractum.
1658 5228 1914 5299 indeque
1964 5227 2250 5297 imparem

589 5330 753 5386 oneri
786 5332 961 5383 tantae
994 5321 1554 5385 administrationis,
1578 5320 1646 5373 ad
1684 5317 2079 5372 libentissime
2109 5319 2253 5371 dan-

589 5419 861 5477 dam‘rlte
882 5419 1225 5486 conceptam
1252 5410 1576 5467 cessionem
1591 5405 2254 5477 Constantinopolitanm

590 5513 749 5569 sedls
780 5511 1115 5582 promptum
1144 5507 1537 5579 paratumque
1568 5515 1976 5570 esse,eamque
2008 5501 2071 5552 ut
2103 5496 2252 5552 acci-

592 5605 800 5675 perent
820 5596 1466 5671 rogare‘imperatorem
1493 5598 1545 5646 et
1569 5592 1890 5663 praesentes
1922 5587 2248 5658 episc0pos.

590 5690 782 5748 Sl'mul
808 5705 883 5745 ea
912 5688 1114 5743 dicens
1144 5685 1423 5754 seri'ptam
1457 5679 1742 5736 cessionis
1771 5676 2085 5733 formulam
2119 5692 2251 5747 por-

594 5770 1024 5854 re'xit,gra’vit‘er
1052 5774 1291 5832 edicens
1322 5787 1394 5829 ne
1421 5774 1723 5842 sperarent
1753 5766 2161 5840 acquieturum
2189 5780 2251 5820 se

2365 4776 2559 4846 majus
2592 4775 2773 4830 videri
2807 4780 3032 4847 poterat
3063 4793 3239 4847 quam
3287 4777 3346 4831 in
3399 4778 3585 4849 patris
3634 4779 3919 4836 affectum
3977 4790 4041 4838 et

2364 4866 2774 4921 auctoritatem
2799 4882 2832 4919 a
2856 4882 3003 4920 novo
3026 4868 3410 4921 Constantino
3434 4866 3686 4939 suscipi?
3706 4868 3827 4924 Nec
3852 4873 4041 4927 omit-

2363 4962 2477 5009 tam
2511 4953 2910 5026 qualicunque
2943 4954 3248 5011 occasione
3279 4956 3351 5011 de
3381 4955 3495 5011 ista
3546 4960 4041 5019 nomenclatione

2362 5044 2652 5116 explicare
2682 5044 2904 5116 aliquid
2938 5045 3448 5117 distinctius.Ejus
3479 5047 3750 5102 inventor
3780 5049 4039 5120 quidem

2362 5140 2417 5189 et
2443 5134 2671 5206 primus
2703 5134 2910 5189 artifex
2941 5134 3271 5190 Germanus
3303 5136 3560 5205 iuit,sua
3585 5138 3844 5207 quadam
3882 5140 3946 5195 in
3978 5143 4039 5196 id

2361 5224 2811 5293 excogitandum
2837 5231 3142 5294 provectus
3167 5225 3366 5280 innata
3386 5224 3585 5280 indole
3620 5226 4042 5299 obsequiosis-

2361 5315 2508 5368 sime
2538 5314 2908 5384 gratificandi
2941 5314 3589 5387 regnantibus.Excepit
3609 5322 3809 5372 autem
3836 5319 4043 5392 impe.

2362 5409 2523 5459 rator
2541 5420 2654 5458 non
2679 5409 2743 5457 ut
2765 5403 3019 5475 elogium
3040 5409 3257 5459 temere
3281 5404 3671 5471 delatum,sed
3699 5411 3764 5461 ut
3784 5408 3945 5465 80]
3981 5411 4043 5467 id

2361 5493 2419 5547 in
2447 5511 2563 5565 quo
2588 5495 2838 5566 perspici
2864 5495 3337 5565 gauderetquam
3356 5494 3466 5549 sibi
3484 5511 3599 5550 non
3615 5512 3835 5552 vanum
3856 5516 4046 5557 omen

2361 5583 2571 5638 fuisset
2602 5582 2912 5637 domestici
2943 5582 3156 5638 veteris
3188 5584 3500 5653 cujusdam
3528 5586 3927 5658 augurii,quo
3963 5606 4050 5660 se,

2362 5677 2428 5728 ut
2458 5672 3094 5736 aiebat,recordabatur
3122 5672 3575 5728 Constantinum
3610 5691 3643 5729 a
3674 5680 4044 5746 parentibus

2360 5762 2602 5819 vocitari
2636 5762 2951 5834 puerulum
2984 5762 3252 5821 solitum.
3308 5766 3459 5819 Sunt
3503 5767 3699 5821 tamen
3751 5768 3860 5839 qui
3916 5786 4044 5829 non
