4246 6446
229 368 328 424 749

1275 371 1373 424 DE
1408 367 1781 424 MICHAELB
1820 364 2267 423 PALBOLOGO
2301 366 2436 421 LIB.
2477 366 2575 419 IV.

3517 370 3626 427 750

226 497 328 548 τῶν
382 490 569 549 ἄλλων
596 493 714 548 νέον
776 493 1179 549 Κωνσταντῖνον
1211 492 1557 568 προσεπευφή
1571 511 1681 563 μει.
1712 489 1778 546 Τί
1810 486 1866 543 δὲ
1896 502 1947 566 Α
1979 493 2230 563 προνοεῖν
2283 487 2534 562 περιττὸν
2593 486 2779 550 ἄλλως
2807 488 2897 543 καὶ
2937 488 3035 544 οὐκ
3063 488 3350 566 ἀναγκαῖον
3379 497 3497 556 τοῖς
3526 496 3617 550 καὶ

231 589 408 655 μεῖζον
460 583 591 637 εἶναι
643 586 739 637 τοῦ
798 582 871 643 εἰς
928 580 1132 657 πατέρα
1182 582 1442 654 τετάχθαι
1473 586 1553 651 τῷ
1584 580 1688 651 νέῳ
1718 586 1866 633 Κων-

227 671 481 744 σταντίνῳ
510 673 599 727 καὶ
653 670 899 746 βασιλεῐ;
960 672 1038 727 Τὰ
1096 673 1199 745 γάρ
1260 670 1383 743 περὶ
1434 669 1631 723 τούτου
1662 667 1866 722 πλατυ-

225 766 328 823 κῶς
384 761 576 829 εἰπεῖν,
636 760 783 833 ἔταξε
836 761 930 831 μὲν
986 760 1260 835 Γερμανὸς
1292 762 1510 832 πρῶτος
1540 762 1619 827 τῷ
1653 756 1869 831 βασιλεῖ

227 850 609 924 χαριζόμενος,
642 852 761 911 οἷος
812 848 1015 910 ἐκεῖνος
1073 850 1171 915 τήν
1228 848 1362 921 πρὸς
1414 846 1539 906 τοὺς
1598 844 1867 919 ἄρχοντας

227 937 529 1013 θεραπείαν,
565 936 990 1010 ὑπεραπεδέξατο
1022 935 1195 991 δὲκαὶ
1232 935 1485 1010 βασιλεὺς
1519 935 1591 995 ὡς
1627 936 1710 1006 [Ρ.
1743 936 1869 1003 203]

228 1027 332 1102 οὐχ
361 1027 551 1089 ἀπλως
582 1022 913 1099 συμϐάντος,
945 1024 1072 1081 ἀλλ’
1125 1025 1207 1081 ὅτι
1239 1025 1371 1080 ποτὲ
1401 1023 1657 1094 νηπιόθεν
1716 1028 1870 1076 Κων-

227 1122 507 1177 σταντῖνος
538 1117 685 1188 παρὰ
728 1116 999 1189 πατέρων,
1060 1116 1137 1176 ὡς
1195 1111 1398 1188 ἔλεγεν,
1452 1110 1640 1181 ἤκουε.
1692 1112 1758 1167 Οἱ
1816 1108 1874 1165 δὶ

226 1204 484 1272 Μανουήλ
545 1204 815 1279 λέγουσιν·
866 1206 895 1258 ὃ
946 1205 1034 1259 καὶ
1065 1204 1470 1276 ἀληοικώτερον
1506 1202 1662 1273 οἶμαι
1697 1198 1785 1254 διὰ
1813 1200 1873 1253 τὸ

227 1294 351 1367 παρ’
405 1293 537 1347 αὐτὸ
594 1288 994 1369 προφοίϐασμα
1052 1292 1409 1365 ἰσαριθμῆσον
1466 1290 1533 1344 τὰ
1592 1291 1761 1362 μὲτρα
1809 1287 1877 1341 τὰ.

224 1387 318 1435 τοῦ
371 1382 511 1455 βίου,
572 1388 671 1449 τῆς
720 1380 972 1451 κλήσεώς
1001 1382 1059 1435 τέ
1092 1402 1235 1454 φημι
1266 1376 1771 1451 καί-τοὺπωνύμου.
1805 1378 1875 1432 "0

227 1469 291 1538 δὴ
323 1472 411 1525 καί
443 1492 589 1533 τινας
620 1468 886 1548 ἕσφαΑΑεν
922 1470 1181 1530 ίστῶντας
1244 1469 1372 1531 τοὺς
1418 1467 1676 1541 γρόνους,
1709 1464 1762 1526 ἐς
1791 1462 1874 1519 δε-

228 1561 449 1614 καεπτά.
512 1561 589 1615 Τὸ
640 1560 740 1632 γὰρ
808 1558 1194 1632 Παλαιολόγος
1250 1555 1479 1632 Μιχαὴλ
1541 1558 1788 1629 στοιχεῖα
1838 1555 1879 1622 ζ’

231 1649 398 1723 φέρει.
459 1645 858 1720 Ηροσγείμενον
911 1646 967 1701 δὲ
1013 1648 1075 1701 τὸ
1107 1646 1369 1713 Μανουὴλ
1398 1646 1488 1699 τὸν
1518 1643 1882 1716 εἷκοσιτέταρ-

226 1760 317 1793 τον
348 1744 449 1806 τῆς
509 1737 787 1812 βασιλείας
838 1740 1040 1811 ’χρόνον
1097 1735 1375 1806 ἐδήλωσεν
1426 1738 1695 1810 ἄντικρυς.
1746 1734 1882 1787 Τότε

225 1831 354 1901 γοῦν
413 1828 504 1881 καὶ
537 1826 788 1901 περὶτῆς
842 1828 961 1881 κατ’
1021 1826 1224 1881 ἐκεῖνον
1267 1829 1713 1899 προσκοποῦντος
1743 1840 1878 1893 προ-

226 1917 374 1977 νοίας
428 1917 516 1970 καί
549 1937 612 1989 γε
644 1916 746 1970 οὐκ
775 1914 935 1988 ὀλίγα
973 1913 1627 1989 προσεπαγγελλομένου,
1666 1937 1693 1963 ι‹
1724 1914 1879 1983 ’Ὀψε-

223 2027 314 2061 ται
371 2007 498 2066 Θεὸς
528 2007 619 2059 τὸν
650 2004 724 2066 εἲς
752 2005 815 2059 τὸ
845 2004 1157 2075 ποιμαίνειν
1198 2004 1463 2078 αὐτάρκη,
1514 2002 1650 2077 πρὸς
1703 1999 1759 2055 δὲ
1790 2000 1877 2055 καὶ

229 2093 655 2166 συνεπιλήψεταί
707 2095 759 2147 cl
816 2097 923 2147 τῶν
956 2095 1115 2167 ἰερῶν
1167 2096 1460 2167 μεριμνῶν.
1497 2092 1566 2144 Τὸ
1600 2089 1645 2143 δ’
1677 2088 1753 2151 εἰς
1784 2109 1880 2143 πα·

225 2185 356 2257 τέρα
382 2182 643 2256 τετάχθαι
692 2186 772 2252 τῷ
825 2180 1039 2256 βασιλεῖ
1076 2182 1215 2254 μέγα
1268 2181 1359 2251 μὲν
1410 2178 1500 2233 καὶ
1556 2176 1741 2238 ἄλλως
1800 2197 1881 2230 σε-

232 2272 383 2344 μνόν·
441 2271 588 2339 πλὴν
624 2270 680 2325 ὅν
713 2270 802 2325 καὶ
834 2271 965 2332 Θεὸς
998 2270 1074 2333 εἷς
1103 2269 1369 2333 υἱοθεσίαν
1410 2262 1873 2343 προσεπελάϐετο,

225 2361 306 2423 τίς
356 2362 538 2422 ἱκανὸς
596 2360 673 2423 εἷς
727 2358 934 2433 πατέρα
986 2358 1286 2428 κεκλῆσθαι
1340 2358 1547 2429 τούτῳ,
1600 2357 1646 2411 εἷ
1707 2357 1780 2428 μὴ
1815 2356 1873 2410 ὃν

231 2451 434 2512 ἐκεῖνος
498 2451 591 2523 μὶν
657 2445 825 2522 μόνος
854 2448 999 2518 ἄξιον
1029 2447 1104 2510 εἷς
1146 2449 1245 2516 τήν
1277 2446 1622 2522 ἐπιτροπείαν
1655 2450 1828 2519 κρινεῖ
1859 2464 1872 2514 ;

221 2540 285 2595 τὸ
345 2539 530 2613 μᾶντοι
589 2559 653 2614 γε
706 2540 816 2593 τῶν
874 2537 1176 2613 ἀναγκαίων
1232 2535 1674 2613 προμηθεύεσθαί
1702 2556 1754 2589 τι
1781 2534 1871 2589 καὶ

230 2756 706 2825 Constantinum,
757 2755 857 2811 sed
888 2753 1217 2811 Manuelem
1270 2752 1632 2826 appellatum
1677 2752 1734 2807 ln
1781 2750 1872 2805 in-

232 2846 417 2901 fantia
483 2844 823 2900 Michaelem
894 2844 1281 2916 Palaologum
1352 2842 1739 2915 prodiderint.
1811 2840 1872 2895 Id

232 2936 387 3007 quod
431 2934 703 3005 equidem
748 2939 889 3004 puto
917 2934 1140 3003 verius,
1182 2932 1337 3005 quod
1380 2931 1462 2988 sic
1492 2936 1698 2987 eventu
1742 2944 1876 3001 per-

230 3028 526 3096 petratum
557 3027 836 3095 appareat
868 3021 1200 3094 auspicium
1230 3038 1521 3077 enumero
1548 3022 1874 3075 litterarum

226 3115 357 3183 ejus
377 3113 886 3167 nominisduetum
910 3112 975 3166 ad
997 3110 1673 3182 praedostinatumipsius
1698 3109 1876 3180 impe-

227 3203 316 3259 rio
338 3202 623 3273 temporis
644 3201 892 3272 spatium
916 3201 1319 3256 indicandum.
1346 3200 1492 3258 Nam
1522 3200 1570 3254 is
1590 3215 1872 3254 numerus
1906 3182 1946 3248 C

228 3298 373 3348 tunc
406 3298 635 3347 tantum
670 3308 801 3346 cum
845 3307 1086 3346 numero
1117 3307 1406 3345 annorum
1439 3289 1653 3359 quibus
1684 3289 1873 3359 impe-

228 3386 381 3437 ravit
424 3382 710 3445 convenit,
762 3397 894 3434 cum
948 3397 1063 3436 non
1107 3380 1232 3435 sola
1274 3380 1390 3434 veri
1422 3380 1550 3448 ejus
1595 3378 1873 3447 nominis,

225 3475 327 3529 sed
363 3477 647 3545 praeterea
677 3472 1046 3543 cognominis
1081 3472 1256 3527 istius
1286 3470 1573 3526 elementa
1607 3471 1666 3524 in
1701 3486 1873 3523 unam

228 3563 793 3619 conflatasummam
813 3561 1051 3617 fuerint.
1078 3561 1222 3616 Nam
1243 3560 1380 3615 inde
1402 3563 1673 3631 deceptos
1697 3575 1876 3630 quos-

231 3655 368 3708 dam
403 3652 697 3716 novimus,
722 3651 820 3720 qui
841 3656 1227 3720 regnalurum
1253 3650 1412 3703 hunc
1437 3648 1756 3719 principem
1783 3664 1881 3700 an-

229 3743 326 3797 nis
356 3743 645 3797 duntaxat
676 3741 1092 3810 septemdecim
1124 3743 1593 3801 autumaverant,
1625 3754 1691 3792 eo
1723 3737 1879 3807 quod

232 3846 451 3886 nomen
488 3832 595 3885 hoc
625 3828 869 3885 Michael
896 3828 1253 3900 Palaeologus
1275 3827 1516 3881 totidem
1539 3830 1765 3881 constet
1786 3825 1880 3880 lit-

232 3922 403 3983 teris,
437 3935 553 3974 non
570 3918 1102 3973 animadvertentes
1121 3917 1563 3988 adjungendum
1580 3915 1716 3969 huic
1739 3914 1881 3969 fuis-

231 4013 767 4080 secognomentum
790 4005 1098 4073 Manuelis,
1118 4007 1289 4076 cujus
1311 4004 1614 4059 elementis
1628 4004 1699 4057 ad
1724 4004 1883 4074 prio-

232 4115 298 4154 ra
313 4096 739 4168 septemdecim
758 4094 974 4149 additis
990 4110 1271 4148 numerus
1285 4092 1883 4163 absolveturquatuor

229 4192 289 4241 et
312 4184 538 4254 viginti,
564 4183 889 4254 quotannis
911 4181 1092 4236 fuisse
1110 4182 1281 4235 illum
1298 4182 1722 4251 imperaturum
1740 4196 1881 4234 even

229 4281 293 4330 ta
317 4276 824 4329 demonstrarunt.
847 4275 1009 4325 Tunc
1031 4270 1213 4342 igitur
1228 4286 1360 4325 cum
1394 4274 1669 4339 praeterea
1696 4270 1880 4340 impe-

226 4367 395 4416 rator
424 4359 825 4415 effunderetur
853 4360 913 4413 in
946 4373 1180 4412 omnem
1214 4356 1705 4428 signiﬁcationem
1738 4357 1880 4411 libe-

234 4450 384 4507 ralis
417 4448 856 4517 benevolentiae,
881 4447 1035 4501 ultro
1060 4446 1383 4518 pollicendo
1400 4463 1613 4500 census
1629 4462 1878 4514 annuos,

1974 576 2063 629 τὸν
2130 576 2252 637 τοὺς
2312 576 2565 638 νεοσσοὺς
2620 581 2726 631 τῶν
2785 577 3031 652 κοράκων
3088 578 3355 655 τρέφοντα
3400 579 3613 657 ἔχουσι.

1976 663 2128 733 Πλὴν
2162 664 2306 719 ἀλλὰ
2362 665 2449 720 καὶ
2508 668 2540 735 ἠ
2602 665 2708 737 ἐμὴ
2768 664 3028 733 ἐκκλησία
3086 690 3113 719 ››
3158 666 3385 739 (ἐδήλου
3416 669 3473 725 δὲ
3514 674 3612 740 τήν

1976 752 2457 829 Ἀδριανούπολιν)
2516 780 2542 803 ‹‹
2601 757 2691 809 τὸν
2764 754 2895 826 ἐμὸν
2969 754 3228 831 ἄρχιερὲα
3283 759 3618 833 πλουτοῦσα,

1978 838 2094 915 ἔχει
2144 845 2356 916 τρέφειν
2407 844 2493 898 καὶ
2525 841 2712 921 ἄμφω,
2743 846 2953 917 σύναιμα
3008 846 3095 900 καὶ
3154 852 3269 918 Θεῷ
3314 854 3621 925 χορηγοῦν-

1977 952 2049 984 τι.
2084 955 2111 982 η
2144 936 2318 985 Ταῦτα
2381 933 2475 1004 μὶν
2528 933 2618 986 οὗν
2651 932 2773 987 τότε
2800 936 2827 987 ὁ
2883 935 3154 1007 Γερμανὸς
3203 937 3290 990 ἐπὶ
3349 944 3478 991 πᾶσι
3509 944 3627 1003 τοῖς

1979 1015 2346 1093 προϐληθεῖσι
2392 1020 2831 1093 παραιτούμενος
2879 1019 3080 1097 ἔλεγεν.
3126 1024 3223 1080 Ἠν
3280 1024 3325 1079 δ’
3356 1027 3415 1081 ’ὸν
3448 1024 3626 1103 ἔλεγεν

1984 1110 2174 1163 ἑαυτοῦ
2225 1114 2291 1181 τῇ
2353 1108 2808 1183 Ἀδριανουπόλει
2841 1110 3279 1186 ἐπικηρυχθέντα
3323 1118 3437 1186 μετ’
3466 1116 3626 1170 αὐτὸν

1984 1200 2109 1270 παρ’
2142 1196 2309 1252 αὐτοῦ
2342 1199 2368 1252 ὁ
2402 1199 2619 1271 ἀνεψιὸς
2666 1200 2870 1254 ἐκείνου
2927 1200 3195 1275 Βαρλαάμ
3250 1201 3344 1257 εἶτ’
3394 1205 3489 1257 οὗν
3544 1211 3636 1260 Ba-

1986 1284 2211 1353 σίλειος,
2245 1288 2303 1349 ’ὸς
2334 1288 2467 1362 πρὸς
2506 1290 2599 1360 μὲν
2623 1288 2689 1341 τὰ
2718 1286 2796 1351 εἷς
2833 1292 3201 1361 πνευματικὴν
3234 1290 3514 1347 πολιτείαν
3542 1292 3632 1348 καὶ

1987 1373 2107 1429 λίαν
2137 1374 2356 1448 ἀμελῶς
2388 1376 2531 1451 εἶχεν
2543 1421 2556 1435 .

1989 1536 2092 1609 κβ’.
2148 1536 2272 1605 Περὶ
2326 1541 2422 1590 τοῦ
2479 1534 2990 1611 ”Δδριανουπὸλεως
3045 1538 3327 1594 Βασιλείου
3381 1539 3477 1597 εἴτ’
3534 1541 3626 1598 οὖν

2661 1607 2949 1685 Βαρλαάμ..

2059 1737 2144 1806 [Α.
2175 1736 2301 1805 204]
2330 1732 2554 1796 Ἄλλως
2587 1733 2643 1789 δὲ
2699 1736 3040 1813 φιλόκοσμος
3073 1735 3146 1791 ὣν
3172 1735 3367 1801 ’ίπποις
3397 1740 3627 1815 ἐχρῆτο,

1990 1818 2175 1876 ἔστιδ’
2211 1824 2300 1877 ὅτε
2354 1824 2445 1877 καὶ
2494 1823 2716 1888 ὅπλοις,
2764 1827 2853 1879 καὶ
2909 1826 3426 1903 προσεφιλοτιμεῖτο
3464 1830 3633 1903 ὁμόσε

1988 1918 2105 1973 τοῖς
2156 1910 2447 1985 πολεμίοις
2482 1918 2705 1987 χωρῶν.
2734 1916 2899 1970 Ταῦτ’
2930 1914 3032 1987 ἄρα
3067 1916 3152 1970 καὶ
3188 1922 3388 1986 ζῶντος
3423 1921 3518 1991 μὲν
3538 1925 3634 1975 τοῦ

1988 2002 2136 2060 θείου
2186 2000 2237 2055 ἐν
2297 2003 2626 2076 καταγνώσει
2686 2009 2853 2057 ταῦτα
2891 2006 3140 2079 πράττων
3192 2009 3630 2083 συνεγινώσκετο.

1990 2084 2206 2163 ὕστερον
2233 2087 2289 2143 δὲ
2316 2090 2404 2144 καὶ
2450 2089 2636 2145 ἄλλων
2669 2088 3103 2166 προστριϐἑντων
3132 2095 3278 2166 αὐτῷ
3318 2118 3634 2173 κατηγορη-

1992 2180 2197 2250 μάτων,
2228 2183 2325 2233 τοῦ
2358 2180 2612 2253 γέροντος
2666 2180 3123 2254 μεταλλάξαντος,
3186 2183 3299 2238 ἐπεὶ
3334 2186 3410 2248 εἷς
3458 2188 3630 2262 κρίσιν

1986 2266 2328 2339 καλούμενος
2360 2266 2447 2321 ἐπὶ
2478 2267 2719 2333 πολλαῖς
2764 2271 2999 2344 ἡμέραις
3026 2273 3118 2326 τὸν
3152 2271 3455 2344 ἐπίληπτον
3506 2278 3632 2332 ὑπε-

1983 2356 2194 2429 κρίνετο
2225 2357 2299 2418 ὡς
2330 2363 2748 2431 προσποιεῖσθαι
2806 2358 2974 2432 μηδὲν
3027 2365 3134 2416 τῶν
3194 2366 3314 2427 καθ’
3364 2364 3522 2420 αὐτὸν
3556 2366 3631 2421 εί-

1986 2443 2151 2516 ὃὲναι,
2183 2444 2364 2509 τέλος,
2400 2445 2654 2522 ὑφίστατο
2682 2449 2780 2516 τήν
2831 2449 2936 2502 ἀπὸ
2968 2456 3068 2517 τῆς
3128 2450 3353 2506 συνόδου
3383 2455 3631 2527 καθαίρει

1984 2555 2087 2593 σιν.
2142 2534 2247 2590 Καὶ
2275 2533 2429 2597 εὐθὺς
2493 2537 2609 2608 μεθ’
2664 2538 2877 2612 ἡμέρας
2910 2538 2937 2592 ὁ
2979 2537 3166 2601 ἐκστὰς
3197 2537 3353 2611 δῆθεν
3382 2538 3628 2621 ἔμφρων,

1983 2749 2266 2806 visionem
2293 2750 2500 2820 victus,
2528 2752 2725 2809 minus
2748 2769 2875 2809 eam
2900 2756 3048 2810 duco
3068 2758 3631 2827 necessariam,eum

1984 2839 2188 2911 utique
2220 2841 2530 2896 nutritium
2563 2842 2917 2898 habentibus
2950 2845 3048 2917 qui
3074 2846 3260 2916 pascit
3287 2846 3480 2918 pullos
3506 2866 3638 2906 cor-

1983 2944 2209 2984 verum.
2249 2933 2529 2985 Caeterum
2562 2937 2619 2986 et
2650 2948 2779 2987 mea
2805 2934 2958 2990 802
2983 2934 3229 2991 ecclesia
3252 2937 3640 3010 (Adrianopo-

1985 3018 2228 3074 litauam
2260 3020 2626 3092 designabat)
2660 3020 2936 3094 illiquem
2970 3022 3021 3077 ei
3043 3024 3365 3082 domestica
3383 3026 3641 3084 mihine-

1985 3108 2342 3163 ccssitudine
2362 3109 2676 3165 obnoxium
2694 3112 3021 3167 antistitem
3043 3114 3291 3185 praefeci,
3316 3132 3413 3170 eas
3437 3118 3635 3188 copias

1986 3199 2321 3269 suppeditat
2342 3215 2468 3270 quas
2501 3200 2571 3254 ad
2588 3217 2694 3256 nos
2724 3217 2889 3272 aeque
2913 3203 3115 3258 ambos
3137 3203 3377 3260 alendos
3400 3206 3633 3263 abunde

1986 3288 2125 3342 sint.
2157 3287 2313 3343 ‘I'alis
2344 3292 2485 3343 tunc
2517 3288 2917 3346 Germanifuit
2940 3292 3142 3361 oratio,
3167 3309 3295 3363 qua:
3318 3294 3429 3365 ipsi
3454 3296 3628 3349 obtu-

1986 3376 2133 3431 lerat
2168 3378 2486 3448 imperator
2516 3394 2798 3449 generose
2821 3381 3168 3437 recusantis.
3203 3383 3334 3437 Fuit
3357 3388 3550 3438 autem
3575 3385 3625 3440 is

1988 3482 2161 3536 quem
2194 3466 2339 3520 dixit
2370 3484 2402 3520 a
2432 3484 2491 3521 se
2510 3467 2599 3521 sui
2619 3467 2744 3523 loco
2769 3471 3145 3540 praepositum
3172 3472 3438 3527 Ecclesia:
3456 3473 3627 3527 Adri-

1987 3554 2391 3625 anopolitanze,
2410 3556 2596 3627 ipsius
2611 3574 2679 3611 ex
2694 3559 2870 3613 fratre
2885 3558 2970 3613 vel
2988 3576 3184 3615 sorore
3200 3560 3486 3628 Barlaam,
3512 3560 3627 3618 alio

1988 3644 2224 3698 nomine
2257 3645 2504 3699 Basilius
2561 3646 2779 3714 dictus,
2810 3663 3011 3702 eorum
3046 3665 3174 3720 quas
3191 3651 3260 3703 ad
3288 3650 3631 3720 religionem

1990 3738 2048 3786 et
2094 3750 2321 3788 sacram
2353 3733 2730 3805 disciplinam
2777 3737 3149 3807 pertinebant
3178 3739 3499 3794 admodum
3531 3755 3634 3794 ne-

1992 3821 2240 3893 gligens.

1988 3914 2077 3968 22.
2112 3913 2184 3967 De
2228 3928 2472 3983 epzscopo
2503 3912 2928 3984 Adrianopoleos
2957 3916 3163 3971 Basilio
3187 3917 3304 3972 sive
3344 3918 3633 3974 Barlaam.

2059 4006 2343 4057 Caeterum
2377 4002 2571 4056 decori
2605 4003 2802 4058 cultus
2830 4004 3132 4059 studiosus
3163 4006 3332 4076 equis
3360 4008 3635 4063 utebatur

1988 4091 2285 4146 interdum
2311 4095 2367 4145 et
2407 4092 2610 4157 armis,
2632 4092 2688 4145 in
2718 4108 2833 4162 quo
2855 4092 3032 4148 etiam
3056 4095 3366 4151 ambitiose
3383 4112 3632 4167 genero-

1991 4181 2218 4235 sitatem
2235 4184 2530 4235 ostentare
2545 4182 2797 4247 amabat,
2814 4182 3083 4238 cominus
3099 4185 3479 4256 congrediens
3493 4203 3629 4242 cum

1991 4269 2280 4324 hostibus.
2315 4269 2383 4323 Et
2412 4268 2533 4323 haec
2556 4269 2927 4340 quidemjam
2953 4276 3078 4327 tum
3122 4278 3333 4344 patruo
3380 4274 3632 4345 vivente,

1990 4359 2420 4431 parvipendens
2462 4359 2590 4427 ejus
2627 4364 2923 4430 utcunque
2954 4362 3313 4417 contrarium
3346 4363 3433 4418 vel
3468 4365 3631 4435 judi-

1991 4450 2143 4503 cium
2174 4446 2261 4501 vel
2293 4447 2650 4518 exemplum,
2684 4447 2876 4519 palam
2910 4450 3147 4506 actitare
3176 4468 3310 4506 cum
3342 4458 3633 4522 cernatur,

229 4544 677 4612 proventusque
702 4536 992 4607 copiosos,
1027 4537 1098 4590 ad
1131 4552 1198 4591 ea
1230 4534 1407 4591 simul
1431 4535 1629 4588 omnia
1651 4535 1882 4590 Germa-
1927 4553 1974 4618 D
2005 4536 2244 4606 impune
2274 4535 2430 4602 tulit,
2453 4537 2683 4591 veniam
2709 4538 2955 4607 juvenili
2977 4538 3192 4595 levitati
3215 4541 3407 4611 gravis
3429 4550 3481 4596 et
3502 4558 3641 4613 gra-

224 4645 350 4685 nus
384 4626 689 4699 respondit
706 4625 763 4679 in
787 4625 944 4680 hunc
967 4625 1205 4679 modum
1226 4641 1238 4678 :
1257 4624 1418 4686 Quod
1441 4623 1692 4691 primum
1712 4624 1900 4677 defers

228 4723 299 4774 ut
332 4732 736 4773 successorem
792 4731 987 4769 meum
1021 4714 1344 4779 nominem,
1378 4712 1693 4768 minimeid
1718 4729 1888 4783 opus,

227 4812 365 4872 est;
401 4805 731 4877 providebit
760 4802 1029 4859 Ecclesiae
1062 4820 1180 4858 suae
1213 4803 1367 4858 Deus
1400 4802 1665 4856 idoneum
1696 4806 1889 4873 pasto-

228 4912 361 4952 rem
396 4902 454 4951 et
483 4894 535 4949 ei
568 4893 857 4965 prepitius
887 4893 1121 4963 adjutor
1144 4896 1466 4962 auctorque
1499 4892 1685 4946 aderit
1715 4892 1773 4945 in
1797 4907 1888 4946 sa-

229 4988 357 5043 cris
386 4989 517 5056 ejus
540 4986 733 5040 arduae
766 4983 1084 5040 functionis
1109 4984 1288 5037 curis.
1314 4982 1463 5053 Eligi
1487 4983 1696 5037 deinde
1718 4999 1889 5037 assu-

228 5075 445 5146 mique
476 5090 566 5128 me
588 5074 649 5127 in
683 5074 908 5127 Patrem
934 5072 1306 5143 imperatoris
1322 5088 1592 5143 magnam
1618 5071 1887 5141 equidem

230 5181 364 5221 rem
396 5170 457 5219 et
487 5179 737 5218 summa
767 5161 1131 5233 dignationis
1162 5162 1445 5217 honorem
1494 5177 1624 5216 esse
1648 5160 1887 5230 judico:

228 5269 464 5309 verum.
480 5254 613 5323 ejus
637 5268 811 5323 quem
843 5251 999 5306 Deus
1019 5250 1368 5321 adoptarein
1384 5250 1570 5304 tilium
1586 5249 1888 5319 estdigna-

236 5347 364 5411 tus,
402 5342 541 5412 quis
572 5340 745 5396 homo
779 5357 842 5395 se
872 5339 1047 5395 talem
1082 5341 1225 5395 ferat
1255 5343 1320 5394 ut
1346 5345 1495 5394 recte
1515 5338 1703 5393 vocari
1730 5344 1893 5409 pater

232 5432 453 5505 possit,
504 5430 619 5485 nisi
651 5446 821 5499 quem
854 5428 980 5500 ipse
1029 5430 1202 5495 Deus,
1234 5434 1293 5483 et
1322 5428 1562 5499 quidem
1594 5427 1755 5482 solus
1788 5444 1892 5483 nec

172 5587 182 5603 η
232 5519 841 5590 bumanipraeventus
857 5517 1890 5589 praerogativasuﬂ'ragii,dignumju-

231 5608 527 5666 dicaverit
556 5608 648 5663 cui
683 5607 1127 5679 gubernandam
1161 5607 1496 5662 committat
1526 5606 1843 5661 Ecclesiam
1866 5606 1893 5661 ‘2

229 5699 406 5767 Quod
431 5698 559 5770 jam
591 5697 803 5753 attinet
834 5696 905 5753 ad
934 5694 1228 5753 obblatam
1254 5696 1393 5752 mihi
1424 5694 1737 5751 necessarii
1757 5713 1892 5768 pro-

2008 4625 2140 4680 tiosi
2181 4626 2336 4679 senis
2377 4624 2728 4681 conciliante
2765 4629 3131 4683 verecundia.
3175 4630 3381 4686 Postea
3419 4636 3641 4698 tamen,

1998 4731 2131 4769 cum
2173 4713 2423 4768 aliorum
2452 4730 2687 4784 quoque
2735 4714 3126 4787 impactorum
3172 4718 3282 4787 ipsi
3330 4720 3648 4775 criminum

1998 4803 2310 4858 invidiosis
2342 4804 2822 4859 accusationibus
2848 4810 3231 4875 premeretur,
3254 4809 3528 4877 senejam
3552 4809 3651 4864 de-

2001 4894 2205 4948 functo
2237 4892 2455 4947 citatus
2479 4894 2550 4946 ad
2585 4892 2893 4949 dicendam
2926 4911 3189 4965 causam,
3211 4896 3415 4952 multis
3437 4899 3647 4954 diebus

1998 4982 2277 5037 simulata
2349 4981 2584 5036 insania
2630 4988 2687 5037 et
2735 4998 2837 5054 per
2882 5000 3013 5039 eam
3057 5001 3265 5040 secura
3312 4985 3644 5058 ignorantia

1999 5071 2369 5127 molitionum
2415 5086 2542 5141 quae
2574 5071 2629 5125 in
2660 5070 2856 5142 ipsum
2899 5078 3301 5142 struebantur,
3346 5074 3639 5146 judicium

1997 5161 2234 5215 eludere
2264 5164 2510 5215 conatus
2536 5160 2933 5232 nequidquam
2961 5168 3069 5233 est,
3094 5164 3316 5234 synodo
3340 5164 3645 5220 nihilomi-

1999 5266 2111 5305 nus
2154 5248 2581 5320 depositionem
2636 5251 2764 5319 ejus
2797 5252 2904 5306 rite
2941 5251 3333 5321 decernente;
3364 5270 3492 5324 quae
3551 5269 3645 5309 res

1999 5339 2085 5393 illi
2131 5337 2567 5394 simulationem
2599 5339 2843 5395 excusit.
2895 5340 3042 5397 Nam
3083 5340 3179 5396 ille
3211 5341 3372 5412 prius
3424 5342 3651 5399 scilicet

2000 5428 2191 5500 impos
2225 5426 2459 5482 mentis.
2495 5442 2599 5481 nec
2631 5433 2732 5483 aut
2764 5429 2958 5484 sciens
2986 5429 3127 5500 quid
3161 5430 3219 5485 in
3252 5447 3313 5486 se
3342 5437 3648 5502 pararetur

2001 5522 2103 5573 aut
2133 5517 2274 5588 quid
2309 5520 2504 5587 ageret
2524 5516 2734 5587 quidve
2764 5524 3083 5589 pateretur,
3106 5524 3170 5573 ut
3188 5520 3370 5575 videri
3393 5520 3645 5593 volebat,

2001 5608 2165 5679 pensi
2190 5606 2435 5674 habens,
2459 5605 2635 5677 ccepit
2654 5613 2889 5679 repente
2913 5624 3143 5680 sapere,
3166 5615 3224 5665 et
3245 5610 3659 5682 imperatorem

2002 5696 2206 5754 adiens
2250 5696 2456 5761 oravit,
2488 5696 2710 5753 sineret
2755 5714 2818 5754 se
2853 5699 3100 5770 obsequi
3155 5703 3375 5756 naturai
3424 5699 3667 5772 propria
