4246 6446
606 417 708 472 751

1918 420 2218 476 GEORGII
2257 419 2721 473 PACHYMERE

3922 430 4034 485 752

604 543 694 596 καὶ
756 543 782 594 6
847 538 988 613 μηδὲ
1042 539 1165 614 περὶ
1224 540 1414 594 ἑαυτοῦ
1470 537 1630 602 εἰδὼς
1662 542 1690 595 ὃ
1721 562 1770 594 τι
1804 542 1992 611 ποιοίη
2023 542 2110 596 καὶ
2145 543 2172 596 ὃ
2203 562 2255 595 τι
2288 549 2338 612 Α
2372 544 2766 612 σκευασάμενος
2822 545 2942 617 περὶ
3006 545 3352 622 πατριάρχου
3405 549 3719 604 συνεσκόπει
3773 558 3892 616 τοῖς
3953 556 4031 608 ἱε-

603 631 829 704 πάσχοι,
893 629 1018 703 περὶ
1049 630 1122 682 ὧν
1157 627 1343 699 ἐκείνῳ
1377 629 1538 703 λόγος
1593 627 1770 693 οὐδεὶς
1803 628 2108 696 διετείνετο,
2163 631 2249 684 καὶ

601 721 692 773 τὸν
748 717 974 793 βασιλέα
1024 717 1275 791 λιπαρῶς
1334 718 1489 789 ἠξίου
1551 717 1755 795 ἐφεῖναί
1813 721 1865 772 οἱ
1914 724 2152 794 χρῆσθαι
2184 724 2251 791 τῇ

598 808 703 876 ’ἐξει
760 807 847 861 καὶ
926 812 1248 880 στρατηγεῖν
1325 807 1400 866 ὡς
1466 805 1566 878 οἵῳ
1640 808 1686 860 τ’
1742 803 1856 860 ὄντι
1909 809 2079 880 ὁμόσε
2132 813 2250 869 τοῖς

600 895 823 970 ἐχθροῖς
878 893 1014 948 ἷέναι
1075 897 1160 948 καὶ
1196 896 1466 970 συχνάτά
1522 895 1740 950 ἐκείνων
1791 897 1938 966 ἱστᾷν
1993 897 2248 970 τρόπαια.

598 986 668 1039 Τὸ
727 982 771 1038 δ’
833 985 917 1058 ἄρ’
973 985 1038 1052 ἦν
1096 988 1193 1036 τοῦ
1246 982 1513 1058 βασιλέως
1539 984 1869 1046 ἀκούσαντος
1901 992 1975 1046 είς
2013 987 2246 1058 ὑποψίαν

600 1073 788 1126 ἐκείνὼ
846 1073 1133 1141 κακίστην,
1194 1072 1306 1126 εἶτα
1364 1072 1451 1126 καὶ
1483 1070 1751 1129 κίνδυνον.
1789 1076 2098 1143 Συννοήσας
2147 1076 2248 1149 γάρ

599 1162 626 1215 6
679 1166 891 1233 κρατῶν
950 1162 1024 1215 ὡς
1084 1162 1113 1214 6
1163 1167 1333 1215 ταῦτα
1393 1159 1566 1236 λέγων
1627 1159 1850 1223 δυνατὸς
1910 1161 2108 1216 ἐσεῖται
2159 1164 2249 1216 καὶ

595 1252 790 1326 πρᾶξαι
825 1252 880 1321 (ἢ
940 1271 996 1306 τε
1025 1250 1126 1324 γὰρ
1159 1249 1351 1318 ἡλικία
1398 1252 1488 1304 καὶ
1518 1250 1581 1304 τὸ
1605 1254 1702 1305 τοῦ
1734 1251 1987 1322 σώματος
2020 1249 2246 1325 ΐσχυρὸν

594 1341 684 1394 καὶ
714 1340 896 1413 τρίτον
939 1341 973 1407 ἡ
1009 1339 1133 1410 περὶ
1162 1342 1329 1392 ταῦτα
1386 1344 1547 1412 πεῖρα
1595 1339 1791 1406 πιστὴν
1846 1340 2090 1412 ἡγεῖσθαι
2143 1340 2244 1405 τὴν

595 1429 826 1502 ὑποψίαν
887 1425 1113 1500 ἐδήλου)
1169 1428 1259 1480 καὶ
1317 1428 1369 1500 γ’
1426 1425 1835 1500 ἐπειλημμένος
1866 1427 2096 1488 ἀνὲσεως
2139 1427 2248 1502 οὐχ

598 1518 732 1592 ὑπὲρ
791 1519 948 1589 ἡμῶν
1012 1515 1226 1588 μᾶλλον
1286 1517 1402 1569 κατ’
1433 1515 1674 1585 ἐκείνων,
1729 1515 1875 1570 ἀλλά
1931 1518 2242 1586 καθ’ήμῶν

598 1609 711 1679 μετ’
764 1605 984 1660 ἐκείνων
1035 1610 1116 1676 τῷ
1175 1602 1474 1678 ἀποδρᾶναι
1522 1605 1610 1659 καὶ
1675 1604 1962 1676 μελετήσει
1995 1604 2126 1667 ἴσως
2155 1604 2242 1658 καὶ

595 1693 966 1767 διαπράξεται,
1017 1693 1069 1747 ἐν
1113 1698 1378 1764 φυΛακαῖς
1439 1691 1660 1764 δέσμιον
1705 1696 1996 1766 κατασχὼν
2039 1693 2241 1767 ἐτήρει,

595 1785 670 1856 μὴ
706 1782 762 1837 δὲ
795 1787 1023 1860 φθάσας,
1058 1783 1211 1858 φησὶ,
1261 1780 1564 1853 καθ”ἡμῶν
1596 1779 1879 1843 ἐκτελέσας
1910 1781 1942 1835 ἃ
1971 1784 2106 1836 κατά
2135 1786 2241 1836 τῶν

590 1872 804 1947 ἐχθρῶν
838 1869 1222 1944 ἐπηγγείλατο.
1258 1869 1390 1926 Εἶτα
1435 1876 1536 1937 τῆς
1584 1869 1707 1944 περὶ
1757 1868 1958 1924 ἐκεῖνον
2017 1890 2236 1947 φροντι-

589 1959 679 2022 δος
756 1962 994 2016 ἀνεῖσθαι
1069 1958 1262 2027 Θὲλων,
1339 1959 1664 2033 προστάσσει
1728 1963 1805 2030 τῷ
1865 1955 2242 2027 Τζυκανδὸλη,

585 2050 808 2123 ὀτρηρῷ
861 2071 920 2123 γε
973 2044 1085 2103 ὄντι
1146 2047 1282 2120 πρὸς
1338 2052 1527 2111 ταῦτα,
1587 2046 1926 2120 ἀπαγαγόντι
1975 2047 2111 2119 πρὸς
2143 2046 2240 2101 Νί-

581 2161 736 2193 καιαν
768 2139 932 2194 αὐτόν
984 2159 1042 2192 τε
1099 2138 1188 2191 καὶ
1248 2135 1340 2190 σὺν
1394 2135 1541 2206 αὑτῷ
1600 2135 1920 2210 Βούλγαρον
1948 2134 2036 2189 καὶ
2077 2135 2236 2189 αὑτὸν

583 2227 712 2284 ὄντα
769 2229 820 2282 ἐν
882 2228 1090 2301 ὑποψίᾳ
1140 2231 1237 2280 τοῦ
1294 2223 1614 2298 ἀποδρᾶναι²
1646 2223 1939 2293 Τζουίλαν,
1990 2224 2095 2299 πρὸ
2140 2229 2237 2277 τοῦ

582 2318 658 2378 είς
689 2319 750 2372 τὸ
777 2317 1009 2392 κάστρον
1041 2316 1348 2390 εἰσαγαγεῖν
1378 2313 1545 2388 ἄμφω
1578 2334 1831 2388 στερησαι
1872 2318 1980 2368 τῶν
2030 2312 2233 2391 ὀφθαλ-

582 2411 722 2481 μῶν,
756 2408 783 2462 ὃ
816 2405 882 2476 δὴ
916 2406 1004 2460 καὶ
1037 2406 1229 2480 γέγονε
1264 2403 1400 2475 μετά
1428 2408 1615 2459 ταῦτα.

574 2568 678 2639 κγ’,
740 2569 925 2630 Ὀπως
991 2564 1068 2627 εἲς
1122 2564 1503 2640 ,πατριάρχην-
1552 2562 1844 2640 ψηφίζεται
1913 2562 2059 2638 παρά
2119 2566 2228 2617 τῶν

1112 2636 1412 2712 ἀρχιερέων
1466 2636 1690 2710 Ἰωσήφ.

646 2766 729 2838 [Ρ.
769 2765 897 2836 205]
955 2762 1012 2816 Ὀ
1065 2762 1245 2835 μέντοι
1300 2760 1554 2837 βασιλεὺς
1609 2761 1700 2815 τὸν
1763 2759 2037 2835 Γιρμανὸν
2089 2762 2226 2815 ἀπο-

572 2981 767 3053 ipsum
801 2977 1001 3034 indole
1032 2978 1090 3032 in
1126 2994 1246 3032 rem
1269 2976 1541 3031 bellicam
1566 2977 1823 3031 trahenti
1853 2994 1866 3043 ;
1895 2981 2230 3033 auctoraret

568 3087 706 3142 ergo
737 3084 867 3125 sese
901 3067 1095 3138 aliqua
1128 3065 1365 3120 militari
1402 3066 1768 3137 praefectura,
1794 3083 1909 3135 qua
1931 3064 2040 3137 ipsi
2077 3083 2225 3137 pra-

568 3160 709 3226 dito,
746 3162 810 3212 ut
854 3157 1080 3211 dudum
1126 3159 1444 3226 optaverat,
1478 3154 1681 3209 liceret
1712 3154 2000 3209 lacessere
2042 3171 2218 3208 manu

567 3248 767 3302 hostes
800 3250 856 3302 et
886 3247 957 3300 de
989 3244 1063 3299 iis
1097 3243 1244 3299 fusis
1277 3242 1563 3313 caesisque
1593 3244 1795 3298 crebra
1827 3247 2083 3298 statuere
2107 3249 2222 3298 tro-

568 3354 711 3409 paea.
748 3337 803 3390 ld
841 3335 996 3407 quod
1032 3333 1370 3405 imperatori
1406 3333 1667 3387 audienti
1693 3348 1925 3402 gravem
1951 3338 2006 3387 et
2038 3333 2107 3386 ad
2132 3349 2226 3387 ex-

566 3433 818 3482 tremum
853 3423 1211 3496 supplicanti
1253 3422 1553 3477 exitiosam
1594 3422 1989 3492 suspicionem
2025 3422 2220 3477 movit.

571 3516 715 3572 Nam
753 3521 1032 3587 reputans
1066 3518 1367 3584 Augustus
1391 3511 1510 3566 hanc
1535 3510 1864 3578 loquentem
1903 3511 2069 3565 facile
2095 3528 2221 3580 qua:

567 3606 720 3661 303
745 3605 1080 3658 minabatur
1102 3608 1397 3667 acturum,
1425 3600 1629 3671 utique
1655 3600 1746 3653 cui
1774 3616 1878 3653 nec
1901 3599 2007 3654 flos
2031 3601 2221 3654 zetatis

569 3713 674 3750 nec
691 3695 866 3749 robur
889 3692 1236 3747 lacertorum
1256 3707 1380 3758 nec,
1405 3690 1559 3759 quod
1579 3694 1756 3759 caput
1778 3693 1918 3754 erat,
1940 3691 2217 3758 usnsjam

567 3784 783 3856 aliquis
809 3798 1090 3837 ausorum
1125 3780 1457 3834 istiusmodi
1495 3780 1741 3843 deesset,
1780 3778 1837 3830 in
1871 3794 1996 3832 eam
2022 3794 2089 3832 ex
2119 3795 2219 3832 sn-

566 3875 824 3945 spicione
855 3873 1029 3928 fixam
1064 3870 1401 3942 Opinionem
1437 3868 1693 3932 transiit,
1729 3867 2058 3921 timendum
2090 3884 2218 3921 om.

565 3965 704 4020 nino
740 3962 962 4030 ne,siei
988 3962 1142 4032 quod
1161 3959 1330 4014 vellet
1356 3957 1565 4030 agendi
1593 3957 1842 4011 liberum
1868 3958 2083 4010 ostium
2111 3958 2216 4010 da-

565 4063 744 4120 retur,
782 4059 882 4108 aut
915 4050 1315 4123 transfugiens
1348 4050 1417 4104 ad
1456 4049 1650 4103 hostes
1684 4048 1866 4102 autin
1902 4048 2213 4101 factionem

563 4145 824 4214 aliquam
851 4141 1186 4212 reipublicie
1213 4139 1505 4193 infensam
1532 4153 1659 4192 sese
1679 4137 1901 4191 addens
1925 4135 2103 4190 istum
2130 4137 2214 4189 in-

562 4234 825 4304 quietum
850 4231 1110 4287 animum
1136 4234 1191 4284 et
1209 4227 1590 4300 gladiatorias
1613 4226 1764 4280 vires
1783 4224 1854 4279 ad
1871 4225 2068 4296 patria:
2084 4241 2216 4295 per-

562 4325 772 4380 niciem
799 4322 1106 4385 conferret,
1125 4317 1528 4374 machinaretu
1541 4331 1681 4386 rque
1705 4319 1762 4368 et
1785 4318 2094 4369 attentaret
2120 4330 2215 4384 pe-

561 4413 812 4473 riculose
846 4409 1030 4466 multa
1061 4413 1266 4464 contra
1289 4406 1542 4477 quietem
1576 4403 1892 4475 publicam.
1915 4406 2217 4457 Constrin-

559 4503 818 4575 gendum
845 4501 1026 4572 igitur
1049 4496 1365 4570 praecipitis
1395 4494 1613 4566 ingenii
1639 4493 1939 4547 hominem
1967 4492 2212 4563 putavit,

557 4599 614 4648 et
642 4592 741 4646 illo
765 4590 979 4646 carceri
1015 4588 1349 4642 mandando
1382 4583 1867 4656 praevertendum,
1903 4586 1966 4635 ut
1997 4581 2208 4647 aiebat,

557 4699 627 4736 ne
659 4686 858 4737 nostro
909 4679 1126 4733 damno
1159 4676 1460 4747 perﬁceret
1490 4672 1646 4744 quod
1690 4671 1746 4725 in
1783 4670 2040 4725 hostium
2089 4671 2206 4722 exi-

553 4773 702 4827 tium
753 4785 880 4824 esse
912 4768 1160 4821 dixisset
1205 4762 1493 4819 meditari.
1534 4763 1738 4816 Postea
1785 4777 1918 4814 vero
1969 4759 2206 4831 defungi

553 4857 732 4917 semel
765 4857 1008 4929 cupiens
1041 4853 1282 4925 ancipiti
1307 4869 1448 4907 cura
1471 4851 1528 4905 in
1564 4856 1692 4904 tuto
1715 4848 2016 4903 detinendi
2043 4864 2205 4902 reum

553 4949 811 5006 difficilis
844 4945 1147 5013 custodire,
1181 4940 1556 5014 szcandylce
1588 4937 1842 5004 cuidam,
1869 4937 2120 5008 impigro
2150 4941 2207 4990 et

549 5039 769 5096 talibus
801 5035 1102 5107 obsequiis
1136 5035 1185 5087 is
1219 5032 1427 5086 idoneo
1473 5029 1766 5096 ministro,
1803 5025 2102 5080 mandavit
2143 5030 2205 5079 ut

550 5132 707 5186 hunc
734 5127 911 5184 simul
945 5141 1077 5179 cum
1112 5120 1314 5177 Tzuila
1347 5119 1620 5191 Bulgaro,
1657 5122 1712 5172 et
1737 5117 1863 5186 ipso
1885 5115 2202 5184 transfugii

548 5225 841 5291 ευεμοσὶο,
860 5217 1105 5271 Nicaeam
1128 5213 1476 5274 abductum,
1497 5209 1701 5262 ambos
1719 5208 2058 5275 priusquam
2078 5204 2201 5258 illic

548 5312 606 5366 in
640 5314 902 5365 castrum
935 5304 1231 5369 conderet,
1262 5299 1450 5355 oculis
1476 5297 1729 5370 privaret
1756 5311 1767 5350 :
1797 5295 1848 5347 id
1884 5294 2034 5365 quod
2064 5309 2201 5363 pos-

544 5410 636 5457 tea
666 5405 755 5454 est
789 5399 1028 5452 factum.

610 5510 700 5564 23.
739 5509 801 5564 Ut
829 5501 1120 5574 suﬂragiis
1151 5497 1529 5574 episcoporum
1561 5495 1616 5574 in
1650 5491 2029 5564 patriarcham
2060 5491 2196 5546 elec-

1073 5581 1155 5627 tus
1187 5573 1358 5642 fuerit
1384 5569 1674 5638 Josephus.

611 5676 730 5726 Hoc
783 5682 953 5739 porro
1004 5667 1268 5733 tempore
1318 5660 1669 5728 imperator,
1724 5658 1920 5709 amoto
1969 5669 1998 5706 e
2057 5653 2196 5707 sede

540 5765 854 5826 Germano,
889 5756 1166 5811 idoneum
1185 5751 1282 5822 qui
1301 5745 1678 5821 patriarchali
1700 5744 1914 5799 throno
1938 5744 2194 5814 impone-

2365 634 2565 702 ρεῦσιν,
2601 631 2674 690 ὡς
2737 629 2904 700 μηδὲν
2969 631 3125 694 εἶδὼς
3169 632 3350 701 δῆθεν,
3384 634 3494 690 οὐδ’
3526 635 3747 711 ἕτοιμον
3780 638 3926 714 ἔχων
3967 642 4025 695 δν

2363 721 2451 772 καὶ
2485 718 2537 772 ἐν
2571 717 2766 792 καρδίᾳ
2796 717 3290 793 προὺκατεϐάλετο.
3333 727 3430 786 Οἷς
3479 731 3607 799 γοῦν
3642 729 3744 782 οὑκ
3790 729 3841 784 ἐν
3905 732 4030 785 ἐπι-

2363 806 2540 860 στάσει
2594 809 2660 860 τὰ
2715 807 2942 879 τούτων,
2998 810 3213 872 τούτοις
3248 811 3586 876 ἐπιπολαίως
3640 816 4021 891 λογιζομένοις

2361 891 2505 958 ἔνθεν
2560 897 2652 969 μὲν
2704 902 2922 968 τοῦτον,
2981 895 3126 962 ἔνθεν
3188 898 3234 954 δ’
3290 899 3495 956 ἐκεῖνον
3531 906 3580 958 οἳ
3633 913 3733 974 τῆς
3789 906 4018 980 καρδίας

2366 984 2675 1059 ὑπέγραφον
2730 983 3012 1058 λογισμοί.
3072 985 3317 1044 ’Ὀσοιδὲ
3371 989 3460 1042 καὶ
3513 990 3589 1051 εἷς
3618 997 3743 1046 νοῦν
3778 989 4014 1048 ἔδαπτον

2357 1072 2454 1124 τοῦ
2497 1078 2823 1146 κρατοῦντος
2851 1074 2940 1127 καὶ
2973 1077 3379 1150 κατηυστὸχουν
3411 1083 3518 1132 τῶν
3572 1079 3816 1148 ἐννοιῶν,
3877 1084 4016 1137 ὲκεί-

2358 1181 2474 1220 νοις
2528 1163 2605 1221 εἷς
2663 1161 2750 1215 καὶ
2812 1162 2976 1234 μόνος
3009 1161 3184 1218 ἐδόκει
3216 1166 3244 1219 ὁ
3275 1165 3349 1227 εἰς
3380 1169 3476 1234 τὴν
3523 1169 3850 1241 προστασίαν
3891 1171 4011 1226 ἑπι-

2357 1245 2576 1317 τήδειος
2634 1250 2661 1302 6
2711 1251 2799 1303 καὶ
2858 1253 3114 1325 θυμήρης
3166 1258 3246 1324 τῷ
3307 1255 3540 1328 βασιλεῖ.
3615 1258 3829 1321 Κοινῶς
3885 1265 4014 1333 γοῦν

2358 1336 2872 1412 συνδιασκεψάμενοι
2929 1341 3018 1394 τὸν
3080 1342 3352 1412 ΓαΛησίου
3409 1346 3613 1419 Ἰωσὴφ
3675 1345 4010 1423 ἐψηφίζοντο

2356 1423 2524 1499 ἀνδρα
2577 1428 2941 1499 πνευματικόν
3000 1450 3058 1482 τε
3123 1430 3213 1484 καὶ
3287 1432 3509 1505 ἀγαθὸν,
3582 1432 3849 1489 ἁπλοϊκὸν
3919 1437 4007 1491 καὶ

2355 1513 2524 1584 εὐήθη
2583 1514 2708 1576 τοὺς
2759 1517 3020 1591 τρόπους,
3079 1518 3311 1595 φέροντα
3368 1519 3424 1574 δέ
3480 1543 3602 1576 τινα
3649 1524 3738 1576 καὶ
3790 1525 3850 1578 ἐκ
3900 1531 4008 1580 τῶν

2356 1604 2687 1677 ἀνακτόρων,
2748 1604 2862 1658 ἐπεὶ
2919 1607 3131 1681 γυναικὶ
3189 1614 3360 1677 συζῶν
3408 1615 3486 1681 τῷ
3515 1619 3615 1680 τῆς
3649 1612 4008 1687 μακαρίτιδος

2355 1689 2644 1763 δεσποίνης
2680 1692 2918 1768 Εἰρήνης
2954 1695 3296 1751 συνετάττετο
3339 1698 3536 1773 κλήρῳ
3583 1703 3669 1754 καὶ
3701 1704 3819 1756 κατ’
3877 1704 4004 1757 ἀνα·

2351 1781 2598 1853 γνώστας
2657 1780 2991 1856 ἐξυπηρέτει,
3048 1785 3135 1838 καὶ
3196 1785 3500 1862 ἐλευθερίας
3531 1790 3684 1843 ἱκανά
3717 1788 4005 1865 δείγματα.

2353 1873 2569 1946 Ἠγάπα
2601 1869 2656 1926 δὲ
2683 1876 2770 1926 καί
2826 1875 2889 1928 τὸ
2945 1880 3052 1929 τῶν
3113 1876 3190 1938 εἷς
3246 1884 3436 1951 χεῖρας
3478 1881 3750 1934 πεσόντων
3783 1881 4004 1953 μεταδι-

2353 1957 2499 2013 δόναι
2540 1966 2657 2021 τοῖς
2689 1959 2910 2028 ἄλλοις,
2944 1965 3040 2017 ὅσα
3069 1965 3157 2018 καὶ
3202 1965 3458 2042 ἀσφαλῶς
3490 1969 3893 2046 ἀποφήνασθαι,
3929 1973 4003 2033 ὡς

2351 2048 2516 2103 ἄλλοι
2574 2049 2639 2118 δὴ
2694 2053 2743 2104 οἱ
2776 2054 2893 2104 καθ’
2925 2055 3073 2123 ἡμᾶς
3101 2055 3164 2107 τὸ
3192 2054 3632 2129 γλισλχρεὺεσθαι.
3664 2059 3732 2111 Τὸ
3763 2057 3821 2113 δὲ
3853 2061 4000 2128 ξένον

2349 2138 2431 2191 ὅτι
2485 2141 2571 2193 καὶ
2631 2139 2698 2212 τῇ
2737 2147 3013 2214 μοναχικῆ
3069 2143 3319 2214 πολιτείᾳ
3376 2145 3731 2217 ἐνασμενίζων
3771 2148 3822 2202 ἐν
3857 2148 4002 2220 ψαλ-

2353 2225 2607 2299 μῳδίαις,
2637 2227 2690 2283 ἐν
2722 2230 3065 2304 ἀγρυπνίαις,
3100 2232 3149 2285 ἐν
3184 2233 3482 2303 νηστείαις,
3524 2234 3575 2289 ἐι
3629 2235 4000 2307 ὑδροποσίαις,

2346 2315 2422 2370 ὅτ’
2454 2313 2582 2384 ἔδει,
2639 2317 2690 2372 ἐν
2721 2320 2990 2391 πραότητι
3040 2320 3128 2374 καὶ
3183 2319 3497 2396 δικαιοσύνῃ
3547 2325 3635 2378 καὶ
3668 2323 3786 2394 ⁴ἤθει
3851 2347 3997 2402 χρηο

2346 2411 2454 2477 στῷ
2509 2406 2598 2461 καὶ
2628 2405 2896 2478 ἁπλότητι
2929 2409 3018 2463 καὶ
3071 2409 3314 2471 συνόλως
3353 2410 3752 2488 ἀκαταγνώστῳ
3785 2412 3992 2490 διαγω-

2340 2498 2431 2569 γῇ,
2493 2494 2617 2551 ούδὶ
2665 2503 2766 2566 τῆς
2824 2498 2940 2552 κατ’
2972 2499 3254 2572 ἄνθρωπον
3289 2499 3482 2574 ἀρετῆς
3514 2502 3735 2573 ἡμέλει,
3766 2509 3864 2558 τοῦ
3893 2506 3988 2559 καὶ

2341 2591 2694 2660 προεντυχεῖν
2750 2608 2853 2641 τινι
2907 2587 2993 2641 καὶ
3040 2588 3478 2662 προσπτύξασθαι
3534 2592 3624 2644 καί
3675 2594 3741 2646 τά
3798 2594 3994 2671 φιλικά

2340 2671 2687 2743 συλλαλῆσαι
2743 2675 2833 2730 καὶ
2898 2674 3169 2748 μειδιᾶσαι
3228 2678 3318 2732 καὶ
3373 2676 3701 2754 διαχυθῆναι
3734 2683 3869 2755 πρὸς
3901 2687 3994 2758 γὲ-

2339 2760 2510 2834 λωτα,
2573 2762 2626 2818 εἷ’
2675 2785 2782 2819 που
2833 2763 3035 2840 ἐλέχθη
3095 2766 3241 2841 παρά
3295 2789 3442 2830 τινος
3473 2771 3592 2823 κατ’
3622 2767 3798 2825 ἄνεσιν
3833 2771 3867 2841 ἢ
3900 2774 3989 2827 καὶ

2338 2982 2500 3032 retur
2528 2978 2864 3050 inquirebat
2895 2997 3012 3035 una
3043 2997 3177 3035 cum
3211 2981 3531 3053 episcopis,
3554 2987 3788 3057 egregie
3810 2989 3994 3044 dissi-

2338 3066 2574 3122 mulans
2592 3069 2732 3139 quid
2761 3067 2818 3122 in
2834 3069 2986 3125 votis
3005 3070 3268 3134 haberet,
3289 3089 3394 3127 nec
3419 3073 3992 3145 ullasignificatione

2337 3156 2592 3225 prodens
2626 3163 2896 3227 paratum
2919 3157 3032 3212 sibi
3054 3150 3551 3232 designatumque
3575 3180 3759 3218 unum
3804 3169 3991 3222 menti

2335 3244 2652 3312 obversari,
2679 3262 2852 3317 quem
2879 3245 3182 3316 praelatum
3209 3265 3301 3303 om
3323 3250 3498 3304 nibus
3521 3251 3787 3322 impense
3813 3271 3990 3325 cupe-

2334 3340 2440 3389 ret.
2475 3335 2772 3404 Quotquot
2801 3352 2938 3407 ergo
2992 3335 3335 3392 antistitum
3377 3339 3844 3411 simplicioribus
3893 3362 3990 3400 ar-

2333 3438 2516 3476 canus
2548 3427 2674 3477 erat
2722 3440 2935 3480 sensus
2966 3424 3254 3496 principis
3303 3427 3560 3494 ignotus,
3594 3431 3665 3484 ab
3700 3431 3770 3485 iis
3822 3449 3990 3502 sane,

2333 3517 2535 3580 utpote
2567 3529 2689 3567 rem
2725 3514 3161 3568 estimantibus
3191 3531 3221 3569 e
3253 3518 3582 3586 superficie,
3605 3525 3662 3574 et
3692 3537 3871 3590 quam
3899 3539 3984 3578 re-

2331 3599 2623 3669 linqueret
2654 3601 2799 3670 ipsis
2829 3601 3112 3671 integram
3139 3604 3422 3658 evehendi
3454 3621 3623 3675 quem
3651 3609 3897 3664 mallent
3917 3611 3983 3665 li-

2331 3689 2615 3744 bertatem
2653 3706 2782 3744 vere
2812 3707 2874 3744 se
2899 3690 3113 3745 habere
3141 3693 3588 3759 arbitrantibus,
3625 3695 3777 3751 alius
3801 3699 3983 3754 alius-

2330 3793 2444 3845 que
2461 3794 2560 3847 pro
2575 3779 2861 3848 cujusque
2875 3779 3276 3834 animotacitis
3292 3782 3745 3852 cogitationibus
3759 3787 3832 3840 ad
3850 3803 3982 3845 eum

2329 3865 2607 3918 honorem
2652 3867 3092 3936 designabatur.
3150 3875 3220 3922 At
3263 3870 3796 3940 perspicacioribus
3849 3877 3977 3933 aliis

2329 3971 2478 4024 quos
2509 3955 2663 4009 304
2682 3972 2792 4009 non
2820 3955 3067 4009 laterent
3096 3956 3471 4026 imperatoris
3495 3959 3687 4014 intimi
3714 3963 3981 4033 affectus,

2328 4059 2484 4108 unus
2517 4051 2569 4097 et
2599 4043 2761 4098 solus
2793 4044 2862 4097 ad
2897 4044 3071 4098 istam
3109 4048 3517 4114 praefecturam
3551 4055 3729 4119 aptus
3752 4054 3985 4110 scilicet

2327 4131 2656 4197 videbatur,
2690 4148 2864 4202 quem
2899 4134 3281 4202 praerogativa
3312 4137 3510 4206 gratiae
3531 4139 3818 4210 principis
3842 4144 3980 4197 taci-

2330 4224 2641 4291 tornrnque
2687 4222 2745 4274 in
2792 4221 2847 4274 id
2895 4227 3164 4276 votorum
3212 4226 3672 4281 commendaret.
3720 4231 3978 4287 Consilio

2327 4310 2507 4379 igitur
2537 4311 2762 4365 interse
2781 4311 2978 4365 habito
2994 4314 3977 4391 concordibuscalcnlisJosephum

2328 4400 2538 4454 Galesii
2574 4401 2911 4470 praefectum
2944 4400 3264 4470 elegerunt,
3299 4403 3486 4458 virum
3520 4407 3892 4475 spiritualem
3926 4421 3978 4467 et

2326 4491 2565 4555 bonum,
2592 4490 2919 4560 simplicem
2948 4500 3153 4545 natura
3178 4492 3520 4564 facilemque
3544 4499 3836 4564 moribus,
3861 4518 3975 4556 non

2245 4554 2289 4617 D
2324 4579 2468 4632 nihil
2503 4579 2560 4632 in
2605 4554 2877 4632 usu-vitae
2909 4595 2939 4633 e
2972 4580 3228 4648 palatina
3269 4554 3562 4651 elegantia
3608 4554 3970 4646 trahentem:

2321 4668 2464 4722 Nam
2483 4684 2720 4722 uxorem
2747 4668 2967 4722 habens
2992 4672 3048 4722 in
3078 4669 3301 4724 familia
3328 4673 3613 4743 principis
3637 4677 3866 4733 femine:
3889 4682 3972 4735 vi—

2317 4763 2503 4821 xerat,
2528 4756 2822 4826 ascriptus
2843 4757 2980 4810 olim
2996 4757 3147 4811 clero
3170 4759 3490 4816 domestico
3505 4764 3756 4819 domine
3775 4770 3972 4826 lrenes

2319 4848 2433 4916 piae
2460 4846 2776 4911 memorias,
2811 4845 2887 4898 ibi
2923 4846 3271 4903 ministrans
3303 4849 3360 4902 in
3406 4851 3611 4906 ordine
3643 4853 3970 4929 lectorum;

2317 4937 2470 4989 unde
2500 4932 2760 4988 liberalis
2795 4935 3044 5004 ﬁduciae,
3078 4936 3271 5007 qualis
3304 4954 3433 4993 esse
3465 4938 3524 4994 in
3558 4944 3710 4997 aulis
3751 4948 3970 5003 educa-

2315 5029 2508 5078 torum
2543 5024 2711 5088 solet,
2747 5023 2934 5079 multa
2963 5024 3020 5078 in
3048 5027 3175 5094 ejus
3200 5043 3469 5083 sermone
3492 5046 3557 5085 ac
3577 5040 3968 5094 conservandi

2313 5113 2759 5183 formavestigia
2796 5115 3126 5168 exstabant.
3152 5116 3599 5175 Communicare
3621 5124 3762 5191 quin
3789 5129 3964 5182 etiam

2315 5203 2615 5273 largiendo
2642 5203 2772 5256 aliis
2804 5219 2871 5256 ex
2895 5202 2953 5256 in
2981 5203 3108 5271 ejus
3131 5207 3783 5281 manusincidentibus,
3812 5235 3966 5286 quaa-

2313 5309 2546 5362 cunqne
2579 5308 2782 5347 secure
2822 5292 3292 5362 ostenderentur,
3326 5294 3411 5350 sic
3456 5300 3712 5370 amabat,
3749 5310 3816 5358 ut
3851 5308 3963 5364 fere

2312 5382 2444 5436 aliis
2477 5383 2630 5452 quod
2666 5382 2958 5446 novimus,
2991 5381 3133 5436 talia
3182 5386 3508 5441 recondunt
3537 5393 3595 5443 et
3625 5390 3739 5446 sibi
3790 5411 3960 5453 avaro

2310 5477 2566 5525 servant.
2587 5471 2685 5525 liis
2704 5472 2831 5541 ejus
2849 5470 3112 5526 moribus
3127 5472 3495 5543 inopinatum
3516 5479 3961 5543 admiscebatur

2310 5561 2616 5632 quiddam,
2647 5563 2802 5630 quod
2836 5559 3106 5615 videlicet
3137 5562 3310 5618 homo
3342 5580 3409 5619 ex
3440 5568 3634 5624 animo
3684 5577 3956 5645 amplecti

2308 5667 2422 5722 prae
2454 5668 2515 5704 se
2551 5655 2739 5704 ferens
2755 5651 3203 5706 sanctimoniam
3222 5657 3610 5713 monasticam
3627 5661 3683 5715 in
3701 5667 3956 5733 psalmo-

2308 5741 2446 5807 diis,
2465 5741 2523 5795 in
2543 5740 2777 5811 vigiliis,
2800 5740 3114 5810 injejnniis
3131 5742 3483 5815 frequenter,
3509 5747 3567 5801 in
3594 5756 3733 5820 potu
3763 5760 3955 5813 abste-
