4212 6442
622 375 735 435 755

1930 377 2234 435 GEORGII
2272 373 2736 431 ΡΔΟΗἸΜΒΒΒ

3921 375 4035 433 756

626 499 775 575 τέρα.
806 500 928 554 καθ’
956 497 1025 567 ἢν
1054 498 1145 553 καὶ
1174 499 1210 567 ἡ
1242 493 1542 567 Ἐκκλησία
1596 495 1717 572 ἄγει
1743 499 1843 568 τὴν
1874 505 1975 568 τῆς
2003 503 2273 553 Ὑπαπαν-
2304 499 2352 565 Α
2384 494 2527 557 είιιὸς
2592 500 2968 570 προσκυνήσας
3022 502 3113 556 καὶ
3168 502 3579 576 συνταξάμενος,
3642 499 3843 577 ἐχώρει
3901 500 4042 575 πρὸς

630 592 728 658 τῆς
786 588 1000 663 ἑορτήν.
1062 586 1161 640 Καὶ
1210 586 1239 640 6
1287 584 1635 661 πατρίαρχης
1690 586 1902 659 σύναμα
1957 592 2115 641 πᾶσιν
2172 587 2275 660 ἀρ-

633 681 906 753 χιερεῦσιν
956 675 1058 729 ὑπὸ
1114 672 1312 744 πολλῷ
1363 679 1441 745 τῷ
1499 678 1604 728 τῶν
1665 673 1969 747 λαμπάδων
2022 675 2157 753 φωτὶ
2186 675 2274 728 καὶ

636 766 829 838 ὕμνοις
882 768 951 836 τῇ
1010 765 1171 836 ἑορτῇ
1211 763 1529 834 πρέπουσιν,
1574 758 1649 816 ἔτι
1712 761 1769 817 δὲ
1827 764 1916 817 καὶ
1971 770 2090 826 ταῖς
2147 764 2277 837 ὑπὲρ

641 853 910 931 βασιλέως
939 852 1075 926 πρὸς
1134 852 1261 906 Θεὸν
1318 850 1595 923 ἱκετείαις,
1648 852 1721 913 ὡς
1780 850 1886 907 ἔδει
1927 854 2018 907 καὶ
2047 873 2281 926 περιφα-

635 948 743 1005 νῶς
792 940 1189 1016 παννυχεύσας,
1263 941 1362 1007 τὴν
1416 940 1563 1014 ἱεράν
1619 938 1964 1015 λειτουργίαν
2020 940 2278 996 ἐπιτελεῖ.

638 1032 739 1089 Καὶ
768 1028 877 1101 ἤδη
930 1031 1003 1091 ὡς
1043 1028 1243 1098 ἤνυστο
1302 1034 1467 1097 πᾶσα,
1523 1033 1620 1083 τοῦ
1684 1028 1953 1105 βασιλέως
1985 1030 2036 1085 έν
2068 1030 2281 1106 βασιλι-

633 1126 757 1183 καῖς
805 1118 1096 1192 ἱσταμένου
1147 1115 1498 1194 δορυφορίαις
1546 1117 1758 1191 σύναμα
1807 1119 2097 1194 συγκλήτῳ
2135 1122 2280 1194 πάσῃ

636 1209 726 1265 καὶ
782 1208 1053 1279 πολιτείᾳ,
1114 1213 1232 1268 τοῖς
1284 1207 1462 1281 ἁγίοις
1512 1207 1855 1283 προσεγγίζει
1915 1208 2145 1281 θυρίοις,
2177 1214 2282 1263 τῶν

637 1298 938 1374 ἀρχιερέων
996 1294 1147 1350 ἔνδον
1205 1299 1302 1349 τοῦ
1366 1296 1617 1370 βήματος
1674 1296 1998 1367 ἱσταμένων.
2053 1299 2282 1361 Ἀποθέ-

640 1408 798 1461 μενος
830 1384 920 1439 οὖν
948 1386 1047 1452 τήν
1078 1382 1166 1438 ἐπὶ
1197 1387 1296 1453 τῆς
1323 1382 1567 1461 κεφαλῆς
1622 1384 1961 1459 καλύπτραν,
2019 1386 2286 1462 άκαΛύφῳ

636 1479 704 1550 τῇ
734 1472 945 1550 κεφαλῇ
976 1472 1302 1547 προσπίπτει
1356 1478 1472 1544 Θεῷ
1523 1474 1612 1527 καὶ
1668 1474 1794 1528 ποσὶ
1852 1474 2282 1549 προηγουμένως

638 1571 736 1621 τοῦ
765 1565 1132 1640 πατριάρχου,
1164 1563 1254 1617 καὶ
1298 1565 1416 1635 μεθ’
1448 1564 1530 1617 ὅτι
1580 1570 1786 1638 θερμῆς
1842 1571 1942 1633 τῆς
1974 1566 2286 1639 προθέσεως

640 1657 739 1724 τήν
771 1653 1125 1729 συγχώρησιν
1174 1650 1387 1722 ἐξαιτεῖ,
1438 1649 1737 1726 ὁμολογῶν
1790 1653 2197 1728 μεγαλοφώνως
2226 1655 2285 1708 τὸ

642 1744 932 1816 τόλμημα.
994 1743 1088 1796 Καὶ
1153 1739 1219 1808 δὴ
1278 1740 1363 1795 ἐπ’
1414 1738 1637 1804 ἐδάσους
1692 1742 1945 1814 κειμένου
2001 1749 2097 1798 τοῦ
2135 1745 2285 1819 βασι-

645 1832 803 1904 λέως,
836 1834 863 1887 6
896 1832 1246 1906 πατριάρχης
1300 1831 1505 1905 χάρτην
1563 1830 1662 1924 ἀνά
1709 1837 1901 1907 χεῖρας
1951 1831 2095 1907 ἔχων
2137 1834 2286 1908 ᾧπερ
2317 1859 2365 1924 Β

640 1926 675 1992 ἡ
736 1922 1093 1996 συγχώρησις
1145 1919 1524 1994 ἐνεγέγραπτο,
1586 1916 1795 1989 διεξιὼν
1854 1921 1941 1975 καὶ
1997 1922 2174 1995 ῥητῶς
2224 1925 2285 1977 τὸ

640 2010 1045 2084 πλημμάλημα
1100 2008 1275 2085 λέγων
1330 2008 1392 2063 τὸ
1434 2007 1521 2062 ἐπὶ
1576 2012 1655 2081 τῷ
1700 2013 1796 2063 τοῦ
1832 2009 2099 2083 βασιλέως
2132 2010 2281 2066 παιδὶ

646 2096 863 2170 δηλαδή
894 2096 1135 2163 Ἰωάννη.
1174 2098 1473 2172 συνεχώρει
1517 2101 1698 2171 τρανῷ
1748 2102 1827 2170 τῷ
1884 2099 2138 2170 στόματι,
2196 2103 2285 2156 καὶ

640 2188 725 2245 ἐπ’
754 2190 914 2244 αὐτὸν
946 2186 1118 2249 ἄΛλος
1147 2186 1237 2241 καὶ
1273 2187 1388 2259 μετ’
1434 2184 1636 2240 ἐκεῖνον
1676 2183 1859 2260 ἕτερος
1918 2190 2004 2243 καὶ
2065 2191 2290 2260 κσθεξῆς

638 2281 691 2334 οἱ
748 2280 980 2349 πάντες,
1038 2278 1084 2349 ᾧ
1142 2275 1224 2353 ἐφ’
1279 2276 1487 2347 ἑκάστῳ
1544 2276 1985 2351 προσπίπτοντος
2039 2279 2128 2333 καὶ
2184 2281 2286 2349 τήν

639 2368 989 2443 συγχώρησιν
1023 2366 1371 2437 αἰτουμένου,
1422 2364 1509 2419 έκε
1546 2386 1620 2419 θοι
1652 2367 1770 2420 καθ’
1814 2363 1907 2420 ἕνα
1952 2368 2042 2421 τὸν
2076 2368 2285 2442 χάρτην

640 2456 860 2532 ἔχοντες
889 2456 989 2509 άνὰ
1026 2459 1240 2530 χεῖρας,
1299 2455 1387 2508 τὸν
1439 2451 1598 2508 αὐτὰν
1664 2455 1743 2526 τῷ
1796 2456 2107 2531 πατριάρχῃ
2166 2478 2287 2511 συν-

642 2547 889 2622 εχώρουν
945 2544 1170 2618 τρόπον,
1232 2542 1476 2598 πῶλλῶν
1537 2542 1821 2618 χεομένων
1879 2542 2289 2619 διακρύων,καὶ

645 2634 856 2709 μᾶλλον
916 2638 1027 2689 τῶν
1057 2633 1116 2688 ἐκ
1142 2639 1243 2701 τῆς
1300 2630 1638 2707 συγκλήτου,
1671 2634 1808 2708 πρὸς
1857 2633 2156 2706 ἐξιλέωσιν.
2192 2636 2287 2690 Καὶ

634 2724 797 2788 τέλος
854 2724 1082 2785 ἀναστὰς
1137 2722 1227 2777 καὶ
1275 2722 1481 2801 τρόφου
1537 2723 1687 2798 ἱεροῦ
1748 2724 2057 2799 μετασχὼν,
2094 2724 2181 2779 καὶ
2214 2726 2289 2788 ὡς

636 2944 1057 3017 dies,secunda
1089 2941 1310 2997 mensis
1343 2940 1666 3011 Februarii,
1699 2958 1817 3013 qua
1848 2943 2101 3001 Ecclesia
2134 2947 2286 3002 cele-

636 3038 769 3093 brat
786 3036 1002 3091 festum
1026 3032 1423 3105 Hypapantes;
1439 3035 1496 3087 et
1516 3030 1850 3103 patriarcha
1863 3050 1996 3089 cum
2013 3036 2289 3092 omnibus

635 3126 929 3201 episcopis
960 3126 1027 3180 ad
1061 3122 1301 3178 multam
1328 3121 1671 3193 lampadum
1699 3123 1885 3180 lucem
1919 3124 2155 3196 hymnis
2187 3128 2291 3182 de-

2385 585 2451 637 τὰ
2526 584 2835 661 ἀνάκτορα.
2902 589 3150 661 Ἑπέταξε
3209 588 3267 645 δὲ
3322 591 3412 645 καὶ
3468 590 3547 662 τῷ
3606 588 4042 666 έγκεκλεισμένῳ

2386 675 2520 728 κατᾶ
2562 675 2624 729 τὸ
2679 680 2786 730 τῶν
2842 679 3186 747 Νικητιατῶν
3244 687 3347 745 τῆς
3408 675 3711 749 Δακίϐύζης
3771 676 4039 755 φροίιριον

2389 761 2613 837 Ἰωάννῃ
2675 763 2751 826 εἷς
2804 774 3014 841 τροφῆς
3073 769 3389 837 οἶκονομίαν
3449 768 3538 822 καὶ
3598 765 3912 840 ἐνδυμάτων
3969 768 4043 821 τὰ

2390 851 2567 920 ἱκανὰ,
2608 854 2914 930 πολυωρῶν
2976 855 3176 911 ἐκεῖνον
3238 860 3497 933 συχνάκις
3558 858 3645 911 καὶ
3701 862 3818 918 τοῖς
3876 856 4044 930 ἀναγ-

2390 942 2571 1005 καίοις
2624 945 2737 998 καθ’
2799 946 3025 1016 ὲκαστην
3079 945 3274 1020 σχεδὸν
3324 944 3851 1024 φιλοφρονούμενος.
3902 946 4046 1001 Ἐν’-

2392 1032 2570 1084 τεῦθεν
2604 1034 2874 1107 καὶπρὸς
2931 1036 3030 1104 τήν
3087 1034 3417 1111 διεξαγωγὴν
3450 1040 3556 1091 τῶν
3614 1040 3813 1089 κοινῶν
3873 1054 4043 1089 σπου-

2394 1116 2670 1192 δαιότερον
2690 1123 2964 1195 τρέπεται.

2392 1237 2500 1314 πςί.
2561 1238 2689 1314 Περὶ
2747 1243 2862 1314 τοῦ,
2900 1237 3108 1310 κήδους
3163 1245 3260 1296 τοῦ
3317 1262 3376 1296 τε
3429 1238 3858 1314 Ταρχάνειώτου
3902 1240 4047 1314 ν’Δν-

2466 1306 2757 1387 δρονίκουη
2818 1306 2967 1387 νἰ-οῖί
3038 1319 3136 1387 τῆς
3234 1317 3331 1366 τοῦ
3436 1306 3703 1387 βασίλ-έως
3802 1309 4050 1387 ἀδελφῆς

2467 1382 2689 1451 Μάρθας
2720 1424 2735 1450 ,
2795 1383 2884 1437 καὶ
2956 1387 3059 1449 τῆς
3117 1386 3379 1461 θυγατρὸς
3435 1382 3530 1439 τοῦ
3589 1382 3808 1439 δυτικοῦ
3864 1382 4053 1439 Ἰωάν-

2462 1473 2579 1508 νου.

2468 1572 2552 1639 [Ρ.
2584 1571 2711 1643 208]
2770 1570 2872 1627 Καὶ
2932 1569 3044 1625 ἐπεὶ
3104 1570 3269 1626 πάλιν
3331 1568 3655 1626 ἀνοιδαίνειν
3714 1569 3920 1647 ὥρμων
3978 1569 4049 1624 τὸ.

2396 1655 2604 1725 δυτικά,
2659 1664 2754 1712 τοῦ
2813 1656 3077 1714 δεσπότου
3134 1659 3367 1735 Μιχαὴλ
3401 1660 3450 1733 ἐξ
3500 1661 3782 1733 άνθρόπων
3832 1658 4053 1735 γεγονό-

2392 1768 2505 1817 τος,
2538 1746 2628 1800 καὶ
2669 1747 2761 1801 τὸν
2811 1748 2905 1821 μὲν
2956 1749 3273 1824 Νικηφόρον
3322 1748 3409 1803 ἐπὶ
3457 1752 3525 1821 τῇ
3562 1746 3672 1819 ἰδίᾳ
3700 1748 3850 1822 ἀρχῇ
3882 1768 4050 1802 κατα-

2398 1835 2702 1909 λείψαντος,
2731 1842 2812 1908 τῷ
2842 1834 2899 1891 δέ
2930 1858 2993 1911 γε
3022 1838 3168 1909 νόθῳ
3214 1837 3435 1911 Ἰωάννῃ
3484 1838 3675 1911 χώραν
3722 1836 3821 1891 οὐκ
3849 1834 4049 1911 ὀλίγην

2397 1924 2848 1997 διανενεμηκότος
2903 1924 3062 1998 ΐδίαν,
3118 1928 3207 1980 καὶ
3259 1929 3286 1981 ὁ
3336 1927 3430 1999 μὶν
3486 1925 3804 2001 Νικηφόρος
3860 1926 4053 1999 ἠγάπα

2395 2012 2642 2088 κατέχων
2696 2014 2763 2068 τά
2832 2014 3043 2082 ἑαυτοῦ,
3104 2016 3131 2070 ὁ
3191 2014 3247 2069 δὲ
3317 2016 3569 2085 Ἰωάννης
3641 2015 3730 2069 καὶ
3792 2015 3927 2088 ὑπὲρ
3983 2013 4057 2068 τὰ

2398 2101 2706 2175 ἐσκαμμένα
2735 2101 2913 2173 πηδᾷν
2964 2103 3201 2177 ὠρέγετο
3259 2106 3349 2158 καὶ
3379 2109 3487 2158 τῶν
3516 2108 3616 2159 τοῦ
3647 2101 3885 2178 ἀδελφοῦ
3918 2103 4054 2157 ἀπο-

2398 2192 2670 2266 σχόμενος
2722 2196 2829 2246 τῶν
2883 2190 3166 2267 ἡμετέρων
3224 2196 3597 2269 προσήπτετο,
3654 2191 3935 2248 σκυλεύων
3986 2192 4051 2246 τὸ

2397 2281 2729 2355 προστυχὸν,
2761 2278 2996 2354 πολέμῳ
3052 2283 3147 2354 μὲν
3188 2282 3392 2337 ἐκεῖνον
3426 2284 3455 2335 ὁ
3494 2278 3749 2357 βασιλεὺς
3814 2282 4054 2353 μετιέναι

2399 2371 2499 2423 οὐκ
2527 2366 2821 2442 ἐδοκίμαζε
2852 2370 3185 2445 θερμουργὸν
3220 2372 3350 2425 ὅντα
3386 2369 3478 2425 καὶ
3521 2370 3639 2425 νέον
3682 2370 3863 2445 ἀρχῆς
3907 2370 4060 2442 ἀψά-

2403 2478 2584 2530 μενον,
2621 2455 2689 2512 δι’
2744 2458 2967 2531 εἰρήνης
2998 2456 3043 2512 δ’
3078 2458 3328 2513 ὑπελθεῖν
3379 2460 3467 2513 καὶ
3516 2458 3651 2513 κατᾶ
3678 2456 3848 2527 κῆδος
3890 2456 4056 2511 σπέν-

2401 2545 2583 2610 δεσθαι
2619 2546 2816 2619 πολλῷ
2871 2553 3117 2623 κρεῖττον
3167 2550 3356 2623 ἡγεῖτο
3411 2552 3508 2603 τοῦ
3539 2547 3827 2620 πολεμεῖν.
3886 2548 4055 2610 ⁶Ὸθεν

2398 2637 2489 2692 καὶ
2522 2632 2831 2711 πρεσϐείαις
2861 2637 2956 2710 μὶν
3008 2638 3071 2691 τὸ
3128 2638 3369 2711 σκληρὸν
3429 2636 3633 2692 ἐκείνου
3667 2636 3932 2710 μαλάσσει
3961 2637 4059 2690 καὶ

2399 2724 2648 2796 αὔθαδες,
2681 2724 2797 2780 ἐπεὶ
2854 2723 2900 2781 δ’
2955 2725 3160 2788 ἐκεῖνος
3216 2725 3306 2780 καὶ
3364 2726 3565 2800 ὡραίαν
3622 2726 3801 2801 γάμου
3860 2724 4055 2803 ἔτρεφε

2397 2950 2645 3017 tumque
2675 2944 2964 3015 c0piosas,
3008 2944 3257 2999 sollicite
3304 2944 3578 3016 deinceps
3625 2959 3756 2999 eum
3807 2958 4049 3009 curans,

2401 3036 2608 3091 multis
2640 3035 2913 3099 subinde,
2946 3035 3045 3106 qui
3078 3050 3209 3090 eum
3244 3034 3592 3090 necessariis
3623 3034 3783 3104 large
3827 3049 4048 3105 suppe-

2399 3125 2659 3181 ditandis
2690 3122 3159 3193 consolarentur,
3191 3128 3247 3178 et
3276 3123 3390 3178 sibi
3432 3139 3633 3178 carum
3683 3138 3812 3178 esse
3859 3123 4057 3178 verbis

636 3216 947 3273 cantandis
965 3212 2286 3288 solemnitaticonsentaneis,imperatorequo-
2318 3220 2362 3287 ο
2403 3215 2695 3285 rebusque
2724 3229 2900 3284 quam
2932 3212 3367 3268 ofﬁciosissime
3399 3216 3774 3281 testarentur,
3799 3211 4056 3267 missita-

638 3324 752 3379 que
782 3323 924 3361 suas
969 3310 1088 3360 Deo
1120 3317 1323 3375 preces
1372 3300 1722 3373 suppliciter
1766 3303 2062 3371 offerente,
2088 3304 2289 3376 splen-

639 3398 797 3461 dide,
832 3401 896 3451 ut
934 3396 1189 3471 ritus‘et
1237 3408 1365 3447 mos
1412 3391 1713 3463 legitimus
1772 3394 2068 3463 poscebat,
2123 3399 2290 3450 nocte

641 3483 1000 3559 pervigilata,
1025 3499 1251 3538 sacram
1287 3480 1587 3552 liturgiam
1643 3482 1995 3551 celebravit;
2050 3500 2178 3554 quas
2229 3488 2293 3538 ut

640 3581 875 3647 peracta
904 3578 1027 3628 tota
1058 3576 1167 3639 est,
1196 3571 1536 3642 imperator.
1588 3570 1687 3641 qui
1728 3577 1973 3627 eatenus
2022 3589 2287 3627 seorsum

640 3662 1165 3733 steterat,stipante
1195 3659 1354 3731 regio
1377 3658 1674 3726 satellitio,
1707 3676 1826 3715 una
1854 3676 1988 3716 cum
2019 3662 2292 3718 universo

642 3758 848 3809 senatu
882 3756 939 3807 et
986 3751 1201 3806 civium
1254 3765 1515 3819 corpore,
1563 3749 1879 3818 procedens
1930 3751 2187 3806 admovit
2230 3768 2292 3807 se

636 3844 821 3898 sacris
853 3839 1354 3911 valvis,episcopis
1385 3838 1542 3892 intra
1574 3843 1802 3909 septum
1850 3839 2050 3895 altaris
2082 3828 2289 3895 stanti-

635 3934 768 3988 bus.
801 3932 882 3987 lbi
919 3930 1014 3984 ille
1048 3930 1273 3999 abjecto
1305 3926 1513 3999 capitis
1549 3927 1828 3998 tegmine,
1865 3930 2023 3984 nudo
2056 3929 2289 3997 vertice,

632 4038 825 4077 coram
852 4021 997 4075 801
1030 4024 1149 4074 Deo
1181 4017 1513 4088 procidens,
1547 4017 1618 4070 ad
1654 4018 1831 4087 pedes
1854 4024 1986 4072 ante
2009 4019 2208 4074 omnia
2230 4036 2291 4075 se

635 4112 706 4166 ab
733 4110 867 4181 jicit
891 4106 1232 4181 patriarcha
1257 4111 1311 4163 et
1342 4122 1519 4177 quam
1543 4106 1957 4161 ardentissima
1990 4108 2291 4180 supplica-

634 4203 792 4256 tione
821 4201 1056 4254 veniam
1090 4194 1292 4267 poscit.
1327 4194 1615 4249 confitens
1648 4210 1861 4267 magna
1906 4212 2047 4250 voce
2096 4197 2289 4252 scelus

636 4306 835 4346 suum.
868 4288 1033 4341 Tunc
1065 4282 1586 4357 patriarcha,humi
1608 4282 1694 4337 sic
1720 4288 2009 4355 prostrato
2035 4285 2288 4357 impera-

636 4385 778 4448 tore,
812 4377 1072 4432 chartam
1109 4389 1285 4445 quam
1315 4372 1370 4426 in
1407 4372 1681 4428 manibus
1705 4372 1961 4428 habebat
2012 4380 2066 4428 et
2116 4375 2172 4428 in
2222 4392 2289 4431 ea

638 4450 916 4540 scriptam
937 4465 1247 4521 formulam
1274 4461 1663 4517 absolutionis
1694 4461 1990 4532 legens,ct
2014 4464 2289 4520 distincte

635 4552 1566 4632 pronuntiansfacinusiniquum
1594 4552 1650 4605 in
1678 4551 1863 4606 ﬁlium
1890 4553 2285 4623 imperatoris,

632 4648 904 4704 videlicet
956 4645 1264 4707 Joannem,
1318 4647 1691 4706 attentalum,
1753 4642 1895 4696 illud
1947 4643 2285 4715 imperatori

632 4740 790 4794 clara
823 4754 956 4790 voce
989 4732 1355 4789 condonavit.
1393 4736 1531 4786 Post
1565 4730 1720 4786 hunc
1751 4733 2018 4786 eamdem
2074 4733 2287 4802 pariter

634 4827 947 4883 formulam
984 4826 1245 4878 recitavit
1277 4823 1426 4876 alius
1468 4823 1805 4892 episciipus,
1857 4822 1991 4877 inde
2023 4823 2195 4887 alius,
2230 4827 2287 4877 et,

634 4922 719 4974 sic
749 4918 950 4971 ordine
986 4914 1239 4968 universi
1278 4912 1539 4983 legentes
1572 4927 1602 4964 e
1635 4913 1875 4981 scripto,
1912 4929 2104 4966 coram
2142 4929 2286 4967 uno-

634 5023 869 5081 quoque
901 5007 1161 5075 ipsorum
1194 5002 1455 5055 vicissim
1494 5017 1552 5054 se
1587 5007 1993 5071 prosternente
2024 5005 2285 5071 Augusto

632 5104 689 5155 et
720 5099 945 5152 veniam
981 5094 1146 5149 enixe
1180 5090 1533 5163 postulante,
1568 5090 1816 5156 cunctis,
1853 5092 2005 5145 sicut
2040 5093 2283 5161 patriar-

632 5195 743 5247 cha
766 5192 1001 5254 fecerat,
1035 5184 1543 5239 coandonantibus
1580 5198 1591 5236 :
1628 5182 1831 5237 multis
1865 5184 2013 5235 inter
2045 5183 2165 5237 haec
2208 5183 2284 5237 la-

632 5277 1058 5352 crymantibus,
1096 5277 1417 5343 praesertim
1458 5288 1487 5326 e
1538 5276 1767 5337 senatu,
1819 5288 1883 5325 ac
1935 5273 2029 5326 Dei
2081 5289 2282 5343 pacem

633 5366 1035 5427 exorantibus.
1068 5362 1325 5416 Tandem
1363 5376 1613 5430 surgens
1649 5360 1921 5430 princeps
1972 5378 2135 5415 sacro
2172 5363 2283 5414 im-

632 5458 880 5531 pertitus
911 5453 1084 5524 epulo
1116 5455 1225 5519 est,
1259 5450 1371 5505 sub
1404 5450 1558 5519 quod
1592 5449 1788 5504 debita
1812 5449 1915 5504 rite
1947 5451 2283 5505 adnratione

634 5551 996 5621 perfunctus,
1045 5540 1300 5595 salutato
1352 5540 1602 5603 denique
1661 5546 1834 5601 ccetu,
1891 5540 1945 5592 in
2004 5539 2279 5607 palatium

630 5634 1165 5694 recessit.Decrevit
1198 5635 1392 5682 autem
1431 5628 1657 5681 incluso
1691 5629 1841 5697 apud
1882 5628 2191 5682 Nicotiatas
2225 5630 2279 5682 in

629 5741 764 5783 arce
798 5722 1097 5793 Dacibyzas
1129 5716 1343 5774 Joanui
1374 5716 1688 5789 pensiones
1720 5716 1778 5771 in
1835 5716 2051 5771 victum
2103 5718 2280 5773 vesti-

2401 3303 2498 3359 tis.
2536 3303 2679 3357 Hinc
2700 3303 2825 3373 jam
2858 3300 3199 3357 solutiorem
3258 3292 3526 3357 animum
3580 3301 3653 3356 ad
3714 3300 4053 3373 reipublica

2403 3391 2869 3465 procurationem
2898 3390 3227 3447 studiosius
3257 3391 3447 3446 vertit.

2399 3509 2490 3564 26.
2524 3510 2597 3563 De
2624 3508 3099 3590 auplialifwclcre
3141 3509 3292 3589 inter
3322 3506 3739 3590 Tarclymictqm
3767 3507 4053 3590 Androni-

2472 3598 2592 3637 cum
2624 3580 2808 3650 ﬁlium
2837 3580 3068 3637 Martha
3106 3580 3311 3636 sororis
3351 3582 3734 3650 imperatoris,
3775 3583 3827 3634 et
3870 3580 4054 3649 ﬁliam

2468 3652 2701 3709 Joannis
2733 3655 2793 3707 in
2821 3652 3117 3710 Occidente
3144 3651 3503 3707 dominantis.

2472 3751 2723 3806 Tumere
2754 3750 2963 3806 deinde
2985 3767 3192 3805 rursus
3213 3754 3271 3805 et
3300 3748 3625 3804 tumultum
3650 3747 3863 3804 minari
3884 3748 4053 3804 Occi-

2401 3840 2502 3895 dui
2533 3843 2756 3894 tractus
2780 3855 2872 3893 res
2895 3844 3213 3910 coeperunt,
3234 3841 3478 3909 despota
3497 3837 3774 3893 Michaele
3792 3844 4051 3893 mortuo.

2402 3931 2457 3984 ls
2485 3929 2877 4001 principatum
2909 3928 3144 4001 quidem
3175 3946 3349 3984 suum
3403 3928 3666 3999 legitimo
3716 3928 4058 3983 transmisit

2401 4018 2724 4073 successori
2766 4017 3092 4089 Nicephoro
3126 4017 3265 4087 ﬁlio,
3300 4018 3461 4072 fratri
3496 4021 3691 4071 autem
3716 4017 3845 4086 ejus
3868 4017 4056 4074 notho

2398 4107 2612 4163 Joanni
2647 4124 2761 4161 non
2815 4123 3051 4178 parvam
3106 4108 3404 4178 regionem
3460 4106 3752 4177 propriam
3804 4108 4057 4178 excepit,

2400 4213 2516 4267 qua
2548 4197 2597 4251 is
2620 4196 2731 4251 sibi
2766 4195 3044 4266 peculiari
3081 4197 3373 4251 frueretur
3395 4194 3570 4263 ;308
3594 4212 3661 4250 ac
3689 4194 4060 4265 Nicephorus

2400 4286 2639 4357 quidem
2672 4290 2984 4341 contentus
3018 4301 3125 4339 sua
3156 4290 3312 4341 sorte
3338 4287 3534 4357 quiete
3556 4284 4060 4358 agebat,Joannes

2398 4392 2531 4430 vero
2580 4374 2827 4445 inquieti
2875 4374 2961 4428 vir
3016 4374 3259 4445 ingenii,
3320 4381 3577 4431 aestuans
3627 4377 3777 4430 intra
3835 4374 4058 4431 limites

2400 4469 2684 4536 angustos
2714 4468 2771 4519 et
2800 4480 3106 4534 erumpere
3138 4464 3419 4533 gestiens,
3456 4464 3652 4520 fratris
3700 4472 3900 4519 tamen
3963 4465 4061 4520 di—

2398 4555 2555 4609 tione
2584 4553 2933 4617 abstinebat,
2969 4558 3201 4606 nostras
3226 4554 3337 4607 sibi
3372 4554 3658 4609 finitimas
3708 4554 4063 4609 incursabat

2400 4648 2602 4708 terras,
2650 4658 2829 4712 agens
2876 4640 3185 4712 ferensque
3221 4642 3509 4713 quidquid
3571 4647 3922 4698 occurreret.
3976 4641 4061 4698 Ea

2395 4732 2611 4801 injuria
2640 4731 2957 4799 imperator
2988 4731 3219 4801 cognita
3252 4732 3404 4786 bello
3438 4738 3629 4787 tamen
3659 4732 4052 4787 adoriendum

2395 4838 2509 4876 non
2579 4822 2803 4891 putavit
2860 4820 3138 4889 juvenem
3199 4821 3609 4891 praefervidum
3665 4826 3721 4875 et
3790 4823 4055 4878 novitate

2397 4912 2761 4981 principatus
2789 4911 3111 4980 projectum
3140 4911 3209 4964 ad
3230 4910 3563 4965 audendum
3591 4911 3843 4980 quidvis,
3865 4912 4059 4968 tutius

2396 5000 2715 5055 arbitratus
2746 4998 3049 5053 insinuare
3080 5014 3140 5053 se
3165 4999 3533 5070 ipsiipacatis
3566 4998 3813 5065 artibus,
3845 5003 3904 5054 et
3923 5002 4060 5055 alti-

2396 5091 2595 5145 nitatis
2646 5107 2779 5145 cum
2827 5090 3265 5145 necessitudine
3314 5089 3628 5145 conciliare
3676 5090 3806 5146 sibi.
3860 5092 4056 5155 Quare

2398 5182 2642 5236 lerocem
2677 5182 2807 5250 ejus
2864 5182 3129 5233 animum
3184 5179 3471 5252 legatione
3517 5179 3731 5235 blande
3789 5181 4052 5252 supplici

2394 5271 2707 5337 deliniens,
2744 5269 3040 5325 hominem
3094 5271 3165 5323 ad
3214 5286 3414 5341 pacem
3472 5268 3737 5325 invitavit
3795 5271 4054 5340 nuptiali

2394 5361 2606 5415 foedere
2636 5360 3007 5426 firmandam,
3035 5358 3359 5429 ﬁlia,quam
3396 5360 3444 5413 is
3478 5358 3731 5413 habebat
3757 5359 4052 5427 nubilem,

2395 5450 2630 5505 cuidam
2672 5465 2741 5503 ex
2792 5449 3168 5519 imperatoris
3217 5448 3674 5518 consanguineis
3716 5449 4054 5520 jungenda.

2396 5541 2530 5594 Erat
2558 5538 2649 5592 hic
2676 5539 2931 5593 Joannes
2953 5537 3147 5591 indole
3171 5542 3470 5602 strenuus,
3490 5553 3668 5591 manu
3712 5543 4051 5610 promptus,

2394 5629 2629 5701 ingenio
2663 5645 2945 5700 praeceps,
2980 5633 3036 5680 et
3068 5643 3417 5697 quocunque
3442 5627 3829 5697 incumberet,
3873 5630 4045 5684 vebe'

2393 5719 2584 5788 niens,
2618 5717 2690 5773 ad
2723 5716 2844 5772 haec
2880 5732 2986 5772 usu
3020 5716 3303 5788 praeditus
3336 5717 3417 5771 rei
3450 5714 3726 5773 militaris
3754 5720 3945 5788 tanto,
3984 5724 4052 5775 ut
