4246 6446
173 393 277 448 757

1216 394 1313 447 DE
1350 393 1723 448 MICHAELB
1760 392 2206 450 PALBOLOGO
2242 397 2376 449 LIB.
2415 396 2513 449 IV.

3476 390 3582 445 758

175 514 441 591 θυγατίρα
474 556 489 583 ,
542 508 801 569 ἐϐούλετο
860 509 950 567 διὰ
1006 512 1211 584 κήδους
1270 508 1669 588 βεϐαιώσασθαι
1725 515 1823 583 τήν
1855 518 2039 585 Ατει,
2100 514 2151 569 οἶ
2207 512 2253 570 δ’
2313 515 2402 570 ὑπ’
2457 514 2646 587 ἐκείνῳ
2701 513 2906 571 πολλοί
2942 535 3000 571 τε
3032 513 3181 577 ὅντες
3212 513 3300 569 καὶ
3336 513 3577 589 μέγιστοι

176 607 425 680 εῖρήνην.
478 604 580 658 Ἦν
631 604 729 677 γὰρ
781 602 869 657 καὶ
900 600 1088 663 ἄλλως
1130 603 1159 657 ὁ
1190 602 1443 673 Ἰωάννης
1474 600 1825 677 ’δραστήριος⁹

177 695 250 755 ὡς
299 693 389 748 καὶ
446 694 515 764 τῇ
567 695 673 745 τῶν
708 690 1156 763 ἐπιτηδευμάτων
1188 691 1458 766 ταχίστητι
1490 691 1581 745 σὺν
1604 693 1674 762 τῇ
1702 691 1825 765 περὶ

173 784 267 844 τὰς
327 781 508 856 μάχας
566 781 771 834 συνέσει
831 779 920 833 καὶ
976 779 1097 833 λίαν
1157 780 1551 855 ἀριστουργεῖν,
1610 782 1699 834 καὶ
1753 780 1826 842 εἷς

174 870 293 933 δέος
350 872 442 924 τὸν
503 868 771 938 δεσπότην
805 868 1076 929 πολλάκις
1119 868 1301 937 ἐτίθει,
1356 872 1427 942 μή
1459 890 1577 931 πως
1607 870 1693 923 καὶ
1730 870 1826 923 αὐ-

169 962 261 1015 τὸν
293 957 756 1030 ἐπιτηδευόμενος
784 956 1221 1032 παρακρούσαιτο
1266 958 1355 1013 καὶ
1412 958 1480 1032 τῇ
1532 966 1630 1026 τῆς
1671 959 1828 1029 νίκης

170 1047 357 1120 ἀδοξίᾳ
408 1041 729 1120 περιϐαλεῖν
765 1043 1050 1116 δυνηθείη.
1111 1046 1209 1101 Διά
1238 1051 1402 1101 ταῦτα
1450 1048 1539 1101 καὶ
1598 1046 1826 1109 σπεύσας

169 1140 198 1193 ὁ
262 1135 517 1212 βασιλεὺς
576 1136 696 1189 Λίαν
758 1140 941 1213 σοφῶς
998 1156 1056 1190 τε
1087 1134 1175 1189 καὶ
1208 1134 1466 1213 ἀσφαλῶς
1493 1136 1593 1204 τὴν
1620 1136 1825 1191 ἐκείνου

168 1220 687 1302 προκατεΑάμϐανεν
770 1221 998 1293 εὔνοιαν,
1076 1225 1165 1278 καὶ
1248 1226 1347 1292 τὴν
1414 1224 1673 1299 θυγατέρα
1729 1230 1825 1279 τοῦ

167 1315 421 1373 Ἰωάννου
477 1320 557 1387 τῷ
619 1316 825 1388 ἀνεψιῷ
882 1314 1048 1368 αὐτοῦ
1104 1313 1194 1368 καὶ
1234 1314 1335 1385 υἱῷ
1364 1319 1442 1384 τῷ
1469 1320 1569 1382 τῆς
1608 1316 1826 1387 Μάρθας

163 1403 526 1481 ’Δνδρονίκῳ,
585 1405 807 1478 πέμψας
862 1402 952 1457 καὶ
1014 1402 1106 1456 σὺν
1166 1402 1265 1458 οὐκ
1313 1401 1474 1478 ὀλίγῃ
1519 1406 1657 1477 τιμῇ
1689 1402 1822 1476 ἀγα-

164 1494 321 1568 γὼν,
392 1493 469 1554 είς
525 1495 700 1567 γάμον
761 1489 942 1547 ἐδίδου
976 1536 993 1561 ,
1052 1491 1338 1562 ὀνομάζων
1395 1491 1445 1561 ἐξ
1500 1490 1822 1563 ἀξιωμάτων

164 1584 257 1637 τὸν
308 1578 557 1657 γαμϐρὸν
621 1582 788 1656 μέγαν
846 1576 1242 1648 κονοσταῦλον,
1307 1580 1398 1634 τὸν
1454 1578 1511 1634 δὲ
1568 1582 1819 1654 πενθερὸν

164 1668 424 1739 Ἰωάννην
508 1665 997 1744 σεϐαστοκράτορα.
1090 1668 1185 1725 Καὶ
1258 1672 1339 1740 τῷ
1428 1669 1520 1741 μὲν
1602 1670 1820 1742 Ἰωάννῃ

166 1757 456 1814 ἐππὲνδετο
515 1757 605 1813 διὰ
666 1762 853 1826 ταῦτα,
909 1759 999 1811 καὶ
1059 1756 1182 1812 ὅσον
1242 1757 1304 1811 τὸ
1367 1759 1528 1830 μέρος
1591 1756 1819 1827 ἐκείνου,

164 1848 459 1922 ἀνακωχὰς
517 1846 578 1901 οὐ
636 1847 732 1908 τὰς
796 1845 995 1921 μικρὰς
1048 1846 1197 1920 εἶχον
1250 1846 1318 1899 τὰ
1372 1850 1479 1899 τῶν
1537 1845 1818 1917 Ῥωμαίων

128 1980 142 1991 .
166 1936 568 2011 στρατεύματα.
604 1935 680 1992 Οὐ
716 1937 822 2007 μὴν
857 1932 915 1990 δὲ
945 1934 1033 1989 καὶ
1066 1940 1174 1989 τῶν
1226 1933 1435 1989 λοιπῶν
1468 1934 1817 2012 ἀποπεφρον-

164 2026 330 2096 τίκει,
389 2023 536 2081 ἀλλά
594 2024 767 2087 πολὺς
827 2028 891 2094 ἦν
952 2021 1095 2079 ἔνθεν
1162 2024 1255 2096 μὶν
1317 2024 1376 2079 ἐκ
1432 2023 1707 2095 θαλάσσης
1744 2030 1822 2097 τῷ

164 2119 408 2185 ναυτικῷ
464 2115 771 2189 χρώμενος,
832 2112 1031 2177 ἐκεῖθεν
1090 2112 1147 2167 δὲ
1180 2113 1315 2167 κατὰ
1352 2120 1451 2187 γῆν
1483 2110 1820 2189 Τριϐαλλοῖς

163 2225 225 2259 τι
281 2205 372 2258 καὶ
431 2202 729 2277 Ἰλλυριοῖς
790 2203 1149 2278 προσεπέχων
1187 2246 1199 2258 .

165 2294 303 2368 ἦγεν
357 2292 494 2367 ἀνὴρ
556 2297 799 2367 γενναῖος
847 2292 874 2345 ὁ
937 2290 1429 2366 Φιλανθρωπηνὸς,
1472 2294 1825 2367 πρωτοστρά-

161 2402 280 2456 τωρ
334 2382 428 2454 μὶν
480 2382 530 2455 ἕξ
582 2382 753 2454 ἀξίας,
784 2386 882 2435 τοῦ
943 2378 1001 2436 δὲ
1061 2380 1300 2454 μεγάλου
1360 2378 1552 2443 δουκὸς
1586 2382 1825 2457 Λάσκαρι

163 2470 375 2545 ἐξώρου
426 2467 581 2533 ὄντος
639 2468 748 2541 ἤδη
778 2472 868 2525 καὶ
921 2471 996 2543 μή
1046 2469 1163 2524 οἵου
1196 2491 1251 2524 τε
1281 2469 1548 2543 πολέμοις
1597 2472 1823 2546 ἑνασχο-

165 2560 386 2624 λεῖσθαι
443 2561 534 2615 καὶ
591 2560 798 2637 μάχαις
841 2561 904 2615 τὸ
957 2566 1131 2635 γῆρας
1193 2558 1404 2634 ἀνέχων
1465 2563 1546 2633 [Ρ.
1579 2564 1707 2635 209]
1738 2562 1827 2616 καὶ

164 2651 270 2719 τὴν
296 2648 503 2704 ἐκείνου
532 2648 681 2720 τάξιν
714 2647 1073 2724 ἀναπληρῶν.
1132 2648 1227 2702 Καὶ
1281 2649 1311 2702 ὁ
1354 2649 1451 2719 μὶν
1507 2648 1826 2726 Φιλανθρω-

167 2739 348 2810 πηνὸς
382 2738 673 2816 ἰπεφὲρετο
726 2739 795 2793 τὰ
850 2742 1093 2812 πρωτεῖα
1122 2738 1211 2792 καὶ
1268 2741 1390 2799 τοῖς
1422 2737 1575 2801 ὅλοις
1602 2738 1829 2794 ἐπιστά-

1265 2202 1362 2256 Καῖ
1438 2202 1501 2256 τὸ
1575 2204 1825 2258 ναυτικὸν

172 2975 249 3013 ne
284 2958 524 3013 fratrem
558 2956 799 3029 quidem
826 2971 1003 3011 suum
1053 2961 1139 3012 tot
1184 2957 1557 3015 successibus
1604 2957 1829 3014 bellicis

173 3047 411 3103 clarum
443 3048 747 3115 despotam
775 3044 1062 3101 Joannem
1095 3050 1225 3101 tuto
1257 3063 1389 3102 cum
1432 3063 1498 3101 eo
1544 3047 1828 3101 committi

175 3151 355 3209 posse
385 3134 705 3206 imperator
734 3134 1276 3201 duceret,metuens
1301 3138 1540 3191 Martem
1566 3151 1828 3191 commu-

173 3241 314 3280 nem
331 3224 782 3295 anticipitesque
798 3222 1121 3293 praeliorum
1136 3240 1444 3291 casus,nec
1461 3225 1605 3279 satis
1622 3224 1832 3292 ﬁdens,

172 3316 225 3370 si
261 3313 551 3369 bellarent
584 3311 859 3379 invicem,
896 3329 1196 3384 nunquam
1226 3319 1573 3368 eventurum
1622 3319 1685 3369 ut
1733 3318 1835 3369 aut

171 3404 230 3459 vi
248 3406 452 3473 aperta
470 3404 783 3473 superatus
802 3404 905 3455 aut
925 3402 1124 3456 fraude
1141 3401 1575 3457 circumventus
1590 3402 1836 3474 despota

174 3490 609 3563 praeteritarum
633 3489 842 3545 decora
866 3489 1196 3560 palmarum
1223 3491 1497 3560 pudenda
1520 3490 1686 3546 clade
1708 3509 1833 3546 cor-

175 3585 502 3653 rumperet.
536 3579 665 3635 Haec
697 3596 799 3650 pro
832 3596 940 3634 sua
971 3579 1284 3650 prudentia
1316 3581 1634 3651 imperator
1667 3598 1833 3652 repu-

172 3675 337 3733 tans,
375 3668 613 3741 provido
644 3684 972 3739 securoque
1010 3668 1258 3723 consilio
1307 3687 1714 3739 praeoccupare
1769 3686 1833 3726 ac

174 3757 477 3814 devincire
526 3757 639 3812 sibi
677 3756 1075 3828 periculosum
1123 3758 1527 3813 adversarium
1561 3759 1832 3825 decrevil,

174 3852 236 3903 et
258 3851 614 3903 consecutus
640 3848 794 3917 quod
831 3850 1058 3918 Optaret
1079 3846 1407 3914 videbatur,
1442 3846 1562 3902 ﬁlia
1589 3848 1834 3904 Joannis

172 3938 379 4005 istius,
402 3938 473 3991 de
503 3952 621 4008 qua
651 3936 792 4006 dixi,
826 3936 1138 4008 splendido
1171 3953 1204 3991 a
1235 3952 1298 3991 se.
1335 3937 1517 3992 misso
1549 3939 1832 3993 comitatu

174 4044 206 4083 e
236 4031 485 4098 paterna
512 4026 687 4081 domo
718 4024 1289 4096 Constantinopolim
1325 4027 1601 4095 deducta,
1655 4026 1832 4083 collo-

172 4115 367 4170 canda
415 4112 821 4168 Tarchaniotaa
868 4113 1201 4169 Andronico
1254 4115 1502 4187 Augusti
1557 4116 1750 4186 nepoti
1803 4134 1833 4172 e

170 4220 376 4260 sorore
408 4202 653 4273 Martha,
687 4203 923 4274 quando
954 4219 1239 4275 generum
1272 4205 1491 4276 pariter
1528 4222 1831 4262 socerum-

172 4310 292 4367 que
327 4294 490 4349 novis
520 4294 906 4366 amplissimis
936 4293 1324 4365 imperatoriae
1356 4295 1499 4351 aulae
1528 4297 1831 4370 dignitati-

170 4400 289 4456 qus
322 4382 678 4451 honestavit,
713 4387 981 4455 nepotem
1035 4383 1271 4453 quidem
1324 4401 1493 4441 suum
1550 4402 1829 4457 magnum

172 4472 617 4538 conostaulum,
683 4470 972 4527 Joannem
1040 4476 1236 4529 autem
1306 4473 1828 4535 sebastocratorem

1936 603 2011 665 είς
2096 601 2373 679 λοχαγοὺς
2432 602 2520 659 καί
2592 604 2988 677 ταγματάρχας
3043 603 3132 657 καὶ
3195 602 3444 674 κόμητας
3488 602 3576 657 καὶ

2740 695 2799 751 Ὀ
2857 695 2959 767 γὰρ
3011 694 3205 754 στόλος
3259 692 3434 755 πολὺς
3489 695 3579 747 καὶ

1935 781 2171 843 πολλαῖς
2227 783 2408 836 ναυσὶν
2438 784 2746 857 ἐξηρτύετο,
2775 783 2868 844 τὰς
2905 783 3088 854 μεντοι
3119 804 3178 856 γε
3207 787 3334 843 ναῦς
3394 780 3581 855 ἄνδρες

1934 695 2245 768 ναυάρχους
2321 695 2604 749 ἐτάττοντο
2643 737 2656 749 .

1936 872 2212 942 ἐπλήρουν
2269 872 2554 941 νεανικοὶ,
2613 873 2707 932 τὰς
2763 872 2936 946 ὁρμὰς
2993 871 3083 924 καὶ
3126 872 3220 931 τὰς
3278 872 3583 945 προθυμίας

1935 960 2281 1039 λαφυκτικοδ,
2344 962 2393 1015 οἶ
2454 962 2552 1016 ἀνά
2605 964 2704 1030 τὴν
2755 962 2915 1017 πόλιν
2969 959 3279 1034 Ιάσμοῦλοι
3311 960 3428 1031 (οὓς
3461 959 3517 1014 ἂν
3552 963 3580 1015 ὁ

1932 1050 2202 1122 Ῥωμαῖος
2284 1047 2503 1124 διγενεῖς
2583 1048 2751 1117 εἶ’ποι)
2839 1052 2898 1104 ἐκ
2953 1049 3241 1121 Ῥωμαίων
3310 1053 3579 1124 γυναικῶν

1934 1140 2275 1212 γεννηθέντες
2330 1145 2447 1201 τοῖς
2482 1138 2737 1207 Ἰταλοῖς,
2780 1137 2943 1194 ἄλλοι
2998 1160 3055 1194 τε
3104 1138 3353 1194 πλεῖστοι
3384 1138 3444 1193 ἐκ
3471 1144 3579 1194 τῶν

1936 1229 2231 1296 Λακώνων,
2293 1227 2384 1291 οὓς
2439 1230 2528 1283 καὶ
2564 1230 2846 1297 Τζάκωνας
2877 1228 3330 1305 παραφθείροντες
3364 1223 3578 1303 ἔλεγον,

1934 1315 2026 1380 οὓς
2057 1314 2115 1371 ἔκ
2137 1338 2196 1372 τε
2244 1316 2457 1390 Μορὲου
2516 1317 2743 1371 καὶτῶν
2786 1315 3015 1372 δυτικῶν
3052 1321 3253 1391 μερῶν,
3310 1318 3423 1389 ἅμα
3481 1318 3576 1389 μὲν

1931 1405 2320 1478 πολλοὺς,ἅμα
2348 1404 2404 1460 δὲ
2432 1407 2520 1460 καὶ
2557 1405 2862 1482 μαχίμους,
2896 1408 3011 1479 ἅμα
3030 1408 3237 1481 γυναιξῖ
3260 1406 3347 1460 καὶ
3369 1407 3576 1468 τέκνοις

1933 1493 2009 1558 εἷς
2038 1494 2610 1549 Κωνσταντινούπολιν
2648 1496 2940 1566 μετῴκιζεν
2998 1496 3025 1547 ὁ
3075 1498 3305 1564 κρατῶν.
3337 1496 3505 1548 Ἦσαν
3529 1492 3574 1548 δ’

1931 1581 2117 1643 αὐτοῖς
2171 1581 2261 1635 καὶ
2294 1580 2368 1643 είς
2403 1580 2686 1655 ὑπηρετῶν
2717 1582 2863 1652 τάξιν
2922 1582 2973 1635 οἱ
3022 1581 3356 1653 πανταχόθεν
3384 1601 3577 1655 προσε-

1932 1667 2157 1738 λῶντες,
2188 1670 2261 1732 ὡς
2290 1662 2441 1731 εἶ’τις
2467 1668 2610 1723 εἷ’ποι
2633 1675 2781 1737 νηῶν
2813 1669 2887 1731 είς
2915 1670 2975 1723 τὸ
2993 1669 3221 1744 πρόσθεν
3244 1666 3451 1740 ἐλάται,
3484 1666 3575 1731 οὖς

1930 1761 2213 1833 πανταχοῦ
2242 1763 2348 1812 τῶν
2382 1759 2497 1813 κατ’
2526 1757 2806 1834 αἰγιαλοὺς
2856 1763 3055 1833 χωρῶν
3116 1757 3316 1819 καλοῦς
3371 1779 3430 1812 τε
3485 1760 3575 1813 καὶ

1856 1887 1899 1951 Β
1930 1845 2221 1907 πλείστους
2250 1846 2503 1919 ἀπέταξεν
2564 1848 2589 1901 ὁ
2630 1852 2863 1920 κρατῶνο
2918 1848 2982 1902 οὑ
3039 1846 3142 1922 γὰρ
3201 1847 3267 1915 ἦν
3313 1846 3574 1923 ἀσφαλῶς

1928 1937 2176 2011 κατέχειν
2210 1938 2305 2005 τὴν
2338 1935 2498 1991 πόλιν
2530 1937 2658 1999 τοὺς
2714 1938 3042 2008 Ῥωμαίους,
3076 1936 3148 1999 ὡς
3180 1936 3340 1997 αὐτὸς
3399 1935 3570 2014 ἔλεγε,

1936 2028 2009 2098 μὴ
2042 2026 2104 2080 τὸ
2133 2031 2234 2079 πᾶν
2268 2024 2861 2101 θαλασσοκρατοῦντας.

1930 2143 2028 2217 xC:
2062 2144 2251 2217 ’Όπως
2283 2143 2370 2196 καὶ
2393 2143 2631 2217 ,ὁπόσαις
2681 2140 2939 2217 δυνάμεσι
3001 2144 3430 2217 στρατηγοιῖντΟς
3482 2145 3578 2217 τοῦ

2005 2210 2294 2290 δεσπότου,
2321 2215 2408 2290 καὶ
2444 2215 2531 2290 ἐπὶ
2562 2221 2685 2290 τοῖς,
2710 2210 2949 2290 Suebici;
2981 2210 3245 2290 συχνάκις
3274 2213 3581 2289 ἐπιχωριά-

2009 2290 2218 2354 ζοντος,
2243 2288 2307 2340 τὰ
2335 2285 2632 2341 ἀνατολικά
2666 2285 2968 2342 ἀπώλοντο.

2004 2383 2125 2437 Τῶν
2158 2384 2257 2458 γάρ
2316 2384 2456 2437 κατά
2506 2391 2610 2459 γῆν
2659 2382 2925 2455 δεσπότης
2973 2385 3232 2454 Ἰωάννης
3282 2383 3584 2459 ἒξηγούμε-

1934 2492 2025 2533 νος
2056 2469 2304 2534 πολλοὺς
2333 2475 2423 2527 καὶ
2487 2472 2760 2549 μεγάλους
2821 2474 2966 2550 εἶχεν
3027 2464 3109 2551 ὕφ’
3165 2474 3311 2545 αὐτῷ
3359 2495 3588 2547 στρατη-

1935 2560 2085 2637 γοὺς,
2141 2562 2205 2616 τὸ
2263 2560 2320 2617 δὲ
2379 2564 2763 2639 στρατιωτικὸν
2826 2565 2877 2618 tv
2948 2563 3253 2639 ἀλλαγίοις,
3314 2565 3388 2628 ὡς
3434 2563 3587 2618 αὐτοὶ

1938 2655 2090 2725 φαῖεν
2146 2648 2206 2704 ἂν
2267 2652 2317 2705 οἱ
2376 2651 2465 2706 ὲπὶ
2511 2656 2615 2706 τῶν
2681 2653 2975 2727 ταγμάτων
3047 2651 3535 2728 κοινολογούμενοι
3572 2697 3586 2722 ,

1936 2739 2217 2805 πλείστοις
2272 2742 2586 2799 συνίσταντο
2623 2787 2637 2801 .
2698 2747 2797 2801 Ἢν
2876 2748 2977 2821 γὰρ
3030 2745 3093 2799 τὸ
3173 2744 3584 2819 Παφλαγονικὸν

1940 2964 2089 3016 state
2119 2958 2350 3015 cunctis
2398 2959 2705 3016 navalibus
2756 2962 2941 3034 copiis
2989 2963 3318 3035 praefectus,
3368 2964 3479 3022 sub
3529 2980 3590 3020 se

1940 3054 2136 3104 autem
2160 3048 2418 3104 habebat
2440 3048 2659 3105 multos
2683 3057 2740 3105 et
2768 3053 3056 3108 maximos
3078 3052 3268 3109 titulis
3292 3053 3590 3126 praefectu-

1944 3154 2144 3193 rarum
2205 3138 2581 3193 inferioribus
2636 3137 2916 3211 insignes,
2972 3141 3268 3207 tribunos,
3314 3144 3589 3199 ordinum

1944 3226 2513 3295 ductorea,comites,
2534 3229 3107 3286 navarchos.C|assis
3129 3231 3347 3304 quippe
3379 3248 3595 3305 magna

1943 3321 2088 3385 erat,
2121 3316 2345 3388 ingenti
2379 3321 2659 3372 constans
2705 3335 2950 3375 numero
2998 3321 3234 3378 navium
3282 3321 3589 3394 plenarum

1944 3405 2083 3460 ﬂore
2115 3406 2398 3477 pugnacis
2426 3411 2483 3462 et
2509 3408 2689 3463 avida:
2721 3409 3051 3479 praedarum
3076 3410 3593 3480 juventutis.Pars

1945 3493 2123 3565 hujus
2145 3511 2213 3549 ex
2237 3495 2381 3550 urbe
2403 3493 2849 3567 Gasmuli,quos
2882 3502 3181 3554 Romanus
3214 3499 3595 3570 digenes,hoc

1944 3588 2033 3640 est
2064 3583 2283 3655 duplici
2318 3584 2525 3640 mistos
2556 3600 2766 3655 genere
2798 3587 3034 3655 diccrcl,
3069 3605 3097 3643 e
3132 3588 3410 3645 Romanis
3462 3606 3595 3645 mu-

1944 3672 2187 3727 lieribus
2208 3678 2266 3727 et
2293 3674 2433 3728 viris
2469 3674 2630 3728 Italis
2664 3682 2854 3740 natos,
2888 3674 2987 3731 alii
3024 3675 3283 3748 plerique
3313 3695 3381 3733 ex
3413 3679 3594 3736 Laco-

1946 3761 2120 3815 nibus
2154 3760 2282 3829 (hos
2312 3761 2524 3833 vulgus
2551 3767 2819 3832 corrupte
2850 3764 3148 3820 Tzaconas
3187 3766 3396 3837 vocat),
3442 3784 3591 3839 quos

1945 3849 2026 3904 uti
2055 3866 2123 3904 ex
2146 3849 2454 3917 Moreo,sic
2486 3849 2633 3905 alios
2666 3868 2733 3905 ex
2764 3852 3039 3907 Ucciduis
3076 3855 3590 3924 partibus,multos

1944 3938 2376 4010 bellicososque
2407 3955 2539 3994 cum
2584 3941 2860 3997 uxoribus
2880 3952 2933 3997 et
2954 3941 3155 3998 liberis
3176 3945 3588 4001 Constantino-

1944 4028 2122 4100 polim
2148 4030 2217 4083 ad
2245 4029 2447 4083 urbem
2473 4030 2961 4101 frequentandam
2987 4031 3304 4103 imperator
3326 4038 3586 4107 transtu-

1941 4116 2109 4173 lerat.
2144 4119 2403 4172 Aderant
2425 4117 2517 4173 his
2539 4120 2772 4173 abunde
2797 4120 2898 4192 qui
2931 4123 3218 4176 servirent
3248 4123 3592 4181 ministeriis

1943 4206 2196 4262 nauticis
2218 4208 2611 4277 undecunque
2639 4210 3001 4281 coacti,quos
3025 4211 3399 4268 Proselontas
3421 4214 3592 4285 vulgo

1941 4301 2169 4360 vocant,
2202 4296 2373 4366 quasi
2408 4297 2603 4351 dicere
2637 4297 2871 4352 navium
2908 4299 2965 4353 in
3017 4301 3308 4356 anteriora
3356 4305 3593 4375 propul-

1943 4402 2129 4450 sores,
2158 4384 2548 4441 valentissimi
2582 4386 2857 4459 remiges,
2891 4404 3039 4458 quos
3071 4405 3101 4444 e
3132 4394 3341 4445 cuncta
3371 4391 3591 4447 circum

1940 4491 2041 4530 ora
2064 4474 2364 4530 maritima
2395 4476 2844 4531 robustissimos
2865 4483 2922 4532 et
2944 4476 3229 4547 plurimos
3251 4482 3590 4551 congregari

170 4578 409 4619 oreans.
461 4563 523 4616 In
574 4561 732 4620 hunc
780 4561 1022 4617 modum
1071 4577 1183 4633 pax
1233 4577 1366 4617 cum
1418 4562 1570 4617 809
1613 4562 1837 4618 Joanne
1869 4556 1913 4620 D
1947 4567 2251 4618 curaverat~
2271 4564 3125 4639 Augustus,intelligens,3l0
3148 4570 3300 4638 quod
3328 4570 3591 4626 etdicere

173 4652 588 4717 constituta,et
617 4650 785 4722 quies
816 4650 887 4705 ab
920 4649 1029 4706 hac
1062 4650 1302 4722 quidem
1335 4656 1496 4722 parte
1526 4652 1832 4709 securitas~

172 4760 293 4817 que
328 4759 449 4801 non
477 4741 687 4813 exigua
713 4741 947 4803 ﬁrmata
986 4739 1270 4798 Romanis
1320 4747 1410 4797 est
1455 4742 1828 4798 exercitibus.

171 4834 285 4892 Sed
323 4848 419 4889 me
448 4830 906 4905 reliqueram-are
935 4830 1257 4903 imperator
1290 4830 1644 4905 negligebat,
1696 4831 1832 4887 hinc

176 4922 422 4995 quidem
445 4921 506 4975 in
530 4921 676 4979 mari
703 4924 944 4976 strenue
969 4919 1159 4975 classe
1191 4936 1313 4976 rem
1347 4936 1576 4993 gerens,
1613 4920 1832 4997 indein

173 5012 518 5070 continente
543 5026 659 5066 non
681 5008 925 5082 segnius
947 5008 1327 5066 terrestribus
1342 5009 1523 5084 cOpiis
1545 5009 1834 5066 Triballos

174 5102 533 5175 Illyriosque
558 5099 882 5157 observans
909 5103 965 5154 et
994 5100 1227 5155 admoto
1261 5099 1398 5154 mali
1433 5106 1587 5156 metu
1635 5100 1693 5155 in
1743 5101 1831 5156 of-

174 5192 312 5248 ﬁcio
328 5190 668 5249 continens.
698 5187 885 5246 Classi
919 5193 1164 5261 praeerat
1199 5188 1713 5262 Philantropenus,
1748 5191 1835 5245 vir

174 5281 368 5347 fortis,
395 5281 682 5352 dignitate
706 5278 942 5335 interim
973 5281 1383 5349 protostrator,
1409 5284 1675 5334 eceteram
1712 5297 1833 5336 ma-

171 5372 272 5442 gni
306 5370 479 5426 ducis
516 5368 807 5435 Lascaris,
837 5384 957 5423 aevo
981 5368 1101 5439 jam
1136 5368 1286 5423 effeti
1318 5385 1423 5424 nec
1453 5386 1554 5438 per
1603 5374 1831 5426 aetatem

178 5462 292 5517 fere
325 5460 690 5530 decrepitam
723 5458 980 5530 amplius
1031 5458 1150 5527 apti
1205 5458 1361 5513 curis
1412 5458 1833 5531 laboribusque

177 5551 431 5611 bellicis,
466 5551 521 5604 in
550 5549 648 5603 illo
674 5549 915 5604 maximi
941 5546 1180 5603 honoris
1204 5546 1371 5603 titulo
1396 5551 1830 5605 successionem

179 5649 548 5713 aspectans,
582 5640 919 5708 intereaque
952 5638 1142 5691 locum
1177 5638 1304 5706 ejus
1329 5654 1394 5691 ac
1425 5639 1577 5692 vires
1608 5640 1829 5694 obiens.

180 5735 258 5787 Ac
310 5729 809 5802 Philantropenus
870 5726 1104 5799 quidem
1157 5743 1434 5799 suprema
1492 5734 1616 5784 erat
1670 5736 1831 5801 pote-

1943 4652 2191 4719 solebat,
2226 4669 2531 4725 nunquam
2565 4652 2621 4709 in
2660 4655 2802 4710 urbe
2833 4672 3072 4710 securos
3103 4661 3396 4713 Romanos
3449 4661 3586 4726 fore,

1943 4742 2057 4797 nisi
2089 4746 2210 4798 toto
2242 4743 2357 4798 late
2388 4743 2533 4797 mari
2569 4742 2755 4798 classe
2785 4744 3001 4800 invicta
3030 4745 3495 4802 dominarentur.

1940 4858 2121 4933 27.Ut_
2146 4858 2407 4933 Romanis
2436 4858 2700 4933 maximi:
2726 4860 2918 4927 copiis,
2949 4859 3087 4915 duce
3115 4861 3335 4933 despola
3361 4865 3590 4931 Joanne,

2012 4930 2219 5013 crebro.
2254 4929 2318 4985 in
2374 4931 2637 4989 Occz'duos
2701 4937 2915 4986 tractus
2980 4929 3217 4997 aversis,
3264 4929 3591 4992 Orientales

2010 5010 2300 5073 pcrzerz'nt.

2015 5099 2159 5154 Nam
2194 5105 2351 5155 terra
2396 5100 2456 5155 in
2503 5105 2627 5156 tuto
2678 5118 2770 5157 res
2821 5101 3195 5171 videbantur,
3242 5103 3467 5160 Joanne
3516 5107 3595 5160 ibi

1944 5190 2190 5261 despota
2222 5190 2427 5246 multis
2461 5192 2855 5264 maximisque
2885 5208 2995 5248 suo
3026 5208 3088 5246 se
3118 5193 3367 5249 ducibus
3400 5212 3602 5251 nume-

1944 5295 2110 5334 rosas
2162 5284 2218 5333 et
2260 5280 2446 5336 bonas
2503 5282 2704 5351 copias
2761 5285 3020 5349 regente.
3073 5281 3451 5338 Conﬂabatur
3505 5286 3600 5341 hic

1944 5368 2234 5424 exercitus
2269 5386 2337 5424 ex
2367 5370 2777 5425 differentibus
2809 5370 3152 5442 corporibus
3185 5378 3242 5426 et
3274 5375 3434 5428 velut
3481 5376 3598 5431 col-

1944 5460 2092 5531 legis
2145 5459 2422 5524 militum,
2476 5478 2603 5531 quaa
2654 5462 2883 5531 Allagio
2933 5461 3125 5517 solent
3173 5464 3465 5534 appellare
3497 5469 3596 5538 qui

1946 5549 2292 5604 militarium
2321 5550 2603 5606 vocabula
2635 5552 2908 5605 ordinum
2944 5551 3142 5619 lingua
3175 5553 3423 5608 ell‘erunt
3470 5557 3595 5611 vul—

1944 5642 2088 5713 gari.
2126 5644 2317 5695 Unum
2353 5649 2475 5696 erat
2524 5643 3044 5714 Paphlagonicum,
3100 5660 3479 5701 numerosum
3533 5656 3588 5704 ct

1948 5731 2456 5803 maximum,aliud
2488 5750 2621 5789 cum
2654 5739 2711 5789 et
2742 5734 2935 5805 ipsum
2971 5732 3347 5791 multitudine
3378 5740 3500 5793 tum
3532 5741 3583 5794 vi
