4246 6446
671 451 788 507 759

1980 456 2285 514 GEORGII
2322 456 2792 520 PACHYMERE

3995 467 4100 522 760

676 573 822 665 πολύ
868 573 1053 665 *τε-καὶ
1085 575 1370 665 μέγιστον,
1557 572 1685 665 δ’
1727 576 2033 646 Ἀλιζώνων
2067 577 2323 633 πλεῖστον
2355 583 2406 647 Α
2435 581 2534 650 τήν
2588 587 2696 639 τῶν
2751 584 2915 642 ἐθνῶν
2975 586 3236 660 ἐπίθεσιν,
3293 588 3428 652 ἄπας
3463 587 3520 645 δὲ
3552 589 3714 665 ζυγὸς
3746 588 3953 652 ἐκεῖνος
3990 594 4096 645 τῶν

677 663 768 717 καὶ
825 663 891 716 τὰ
921 663 996 724 εἷς
1025 661 1271 734 πόλεμον
1323 662 1548 736 ἀγαθὸν,
1605 663 1694 724 οὒς
1743 666 1829 719 καὶ
1884 665 2238 728 Μεσοθινίτας
2301 667 2328 720 ὁ

678 752 860 813 κοινὸς
893 750 1037 806 εἶ’πΟι
1071 749 1258 824 λόγος.
1293 753 1461 807 Ἦσαν
1511 747 1655 814 ἔνθεν
1711 754 1804 825 μὲν
1854 760 2078 827 θρᾷκες,
2129 754 2326 818 ἐκεῖθεν

681 838 739 896 δὲ
789 841 1022 916 Φρύγες,
1072 841 1218 904 ἔνθεν
1267 843 1360 912 μὲν
1413 839 1734 912 Μακεδόνες,

675 935 768 985 καί
820 933 992 1004 Κᾶρες
1045 929 1209 986 ἄλλοι
1239 931 1328 985 καὶ
1367 928 1592 986 πολλοί.
1645 933 1718 988 Τὸ
1770 931 1828 986 ἐκ
1860 931 2185 1007 Μαγεδῶνος
2243 934 2330 988 καί

677 1043 739 1096 γε
795 1021 856 1074 τὸ
909 1021 1172 1083 Σκυθικὸν
1232 1027 1466 1095 προσῆν,
1527 1021 1614 1074 καὶ
1674 1021 1735 1074 τὸ
1776 1021 1978 1090 ξενικὸν
2040 1023 2328 1092 Ἰταλικὸν,

1782 843 1978 897 ἐκεῖθεν
2027 842 2083 897 δὲ
2133 845 2304 898 Μυσοὶ
2316 892 2328 913 ,

676 1109 933 1164 πλεῖστον
997 1108 1157 1165 ἄλλο.
1221 1109 1322 1165 Καὶ
1381 1107 1572 1171 ἁπλῶς
1605 1109 1762 1186 φάναι
1793 1112 1854 1164 τὸ
1886 1110 2013 1164 ὅλον
2048 1112 2097 1164 ἐν
2132 1113 2328 1166 ἀνυπο-

677 1202 852 1271 στάτῳ
885 1197 1109 1270 δυνάμει
1175 1203 1571 1273 συνεκροτεῖτο,
1625 1198 1716 1260 οὓς
1778 1205 1940 1253 κινῶν
1977 1202 2003 1254 ὁ
2063 1198 2328 1271 δεσπότης

675 1284 908 1365 φοϐερὸς
960 1288 1026 1356 ἦν
1066 1287 1281 1362 ὅπηπερ
1339 1287 1619 1358 ἐπισταίη,
1669 1289 1758 1343 καὶ
1797 1288 2009 1362 μᾶλλον
2043 1296 2157 1352 τοῖς
2190 1289 2334 1345 δυτι-

674 1383 811 1439 κοῖς.
848 1381 926 1451 [Ρ.
959 1379 1086 1450 210]
1120 1379 1250 1448 Παρ⁹
1311 1379 1372 1446 ἣν
1435 1377 1606 1432 αἰτίαν
1653 1379 1740 1431 καὶ
1793 1379 1857 1432 τὰ
1913 1386 2012 1448 τῆς
2057 1379 2328 1445 ἀνατολῆς

675 1467 1012 1540 ἐξησθένουν,
1045 1471 1152 1519 τῶν
1207 1467 1428 1540 Περσῶν
1480 1465 1916 1542 ἐπιθαρῥοῦντων
1967 1467 2058 1522 καί
2108 1464 2332 1522 εἶ’σϐαλ-

674 1557 882 1614 λὸντων
941 1563 1060 1620 ταῖς
1119 1557 1330 1632 χώραις
1389 1558 1535 1631 παρᾶ
1596 1563 1766 1612 πᾶσαν
1829 1563 1926 1612 τοῦ
1984 1557 2331 1620 κωλύσοντος

679 1647 936 1722 ἐρημίαν.
992 1649 1150 1710 ’Ὸθεν
1209 1646 1298 1700 καὶ
1361 1644 1677 1720 Μαίανδρος
1741 1648 1834 1720 μὶν
1897 1649 2169 1720 ἐξῳκιῖτο,
2232 1650 2332 1703 οὐκ

681 1734 888 1813 ἀνδρῶν
949 1737 1113 1809 μόνον
1172 1741 1280 1790 τῶν
1338 1735 1389 1791 ἐν
1455 1735 1736 1798 πλείσταις
1793 1746 1852 1790 τε
1907 1737 1994 1791 καὶ
2057 1738 2332 1813 μεγίσταις

680 1828 916 1902 χώραις,
975 1824 1120 1880 ἄλλα
1149 1825 1237 1879 καὶ
1296 1825 1474 1880 αὐτων
1537 1830 1821 1901 μοναχῶν.
1877 1826 2059 1898 Ἄλλη
2093 1829 2193 1903 γάρ
2230 1830 2332 1883 [Iat-

681 1914 931 1984 λαιστίνη
961 1916 988 1970 ὁ
1033 1919 1219 1990 χῶρος
1271 1915 1298 1968 ὁ
1348 1916 1471 1986 περῖ
1520 1913 1830 1988 Μαίανδρον
1864 1916 1953 1984 ἦν,
2007 1915 2065 1970 οὐ
2129 1918 2328 1992 βοσκη-

682 2005 865 2079 μάτων
924 2003 1013 2059 καὶ
1077 2003 1240 2077 μόνον
1298 2003 1522 2076 αὐξῆσαι
1583 2004 1776 2078 ἀγὲλας
1807 2004 1897 2058 καὶ
1930 2007 2184 2078 ποίμνια,
2219 2004 2331 2060 οὐδ’

675 2094 885 2168 ἀνδρῶν
938 2096 1106 2167 φορὰν
1160 2092 1394 2168 ἐνεγκεῖν
1447 2093 1672 2169 ἀγαθὸς,
1731 2091 1876 2146 ἀλλὰ
1931 2095 2019 2148 καὶ
2076 2100 2332 2170 μοναχῶν

677 2183 1122 2258 οὐρανοπολιτῶν
1184 2183 1432 2258 ἐπιγείων
1495 2185 1752 2246 συστῆσαι
1785 2181 2038 2252 πληθύας
2092 2182 2331 2260 ἄριστος,

674 2273 821 2342 παρὰ
848 2278 1107 2327 τοσοῦτον
1162 2272 1244 2326 ἐπ’
1291 2269 1489 2335 ἄλλοις
1542 2273 1608 2326 τὰ
1661 2277 1902 2347 πρωτεῖα
1961 2275 2140 2348 φέρων
2199 2275 2336 2348 πρὸς

676 2360 1047 2431 Παλαιστίνην
1099 2363 1224 2436 παρ’
1277 2361 1401 2415 ὅσον
1455 2362 1530 2416 ἑνὶ
1580 2363 1668 2415 καὶ
1709 2361 1945 2436 μεγίστῳ
1976 2365 2197 2434 ἡττᾶτο,
2254 2369 2334 2435 τῷ

676 2453 771 2513 τὰς
851 2446 1131 2524 διατριϐάς
1210 2449 1380 2505 ἐκεῖσε
1449 2449 1692 2526 γενέιααι
1748 2449 1845 2504 τοῖ’)
1906 2450 2040 2523 ἐμοῦ
2099 2458 2335 2524 Χριστοῦ

679 2541 770 2596 καὶ
831 2545 1010 2598 Θεοῦ.
1073 2540 1173 2596 Καὶ
1236 2539 1378 2594 οὕτω
1438 2540 1534 2612 μὲν
1593 2542 1710 2594 κατ’
1771 2539 1958 2614 ὀλίγον
2022 2539 2333 2614 Μαίανδρος

681 2632 997 2706 ἠρημοῦτο,
1057 2628 1474 2705 είσχωρούντων
1546 2627 1812 2704 ἐνδοτέρω
1869 2634 1976 2684 τῶν
2030 2629 2201 2685 ἐκεῖσε
2250 2629 2338 2686 διὰ

682 2853 743 2905 et
775 2853 898 2904 arte
929 2851 1221 2919 praestans
1252 2845 1465 2901 bellica
1495 2861 1562 2900 ex
1593 2845 1994 2910 Halizonibus,
2030 2861 2177 2916 quos
2223 2846 2340 2900 Me-

682 2939 1001 2996 sothinitas
1034 2937 1272 3008 vulgare
1304 2936 1463 2990 dicat
1495 2934 1737 2990 idioma.
1786 2939 1964 2990 Erant
2013 2937 2151 2990 item
2203 2935 2340 2990 hinc

682 3029 922 3102 quidem
951 3027 1222 3092 Thraces,
1257 3025 1389 3079 inde
1422 3031 1614 3079 autem
1648 3023 1926 3097 Phryges,
1961 3024 2121 3080 illinc
2157 3025 2338 3079 Mace-

681 3120 885 3183 dones,
919 3116 1138 3171 isthinc
1170 3114 1581 3187 Mysi,a'-iunde
1611 3113 1803 3180 Cares,
1837 3118 1892 3170 et
1921 3114 1979 3168 hi
2014 3113 2332 3169 numerosi.

679 3209 825 3263 Tum
856 3207 954 3279 qui
986 3223 1054 3261 ex
1103 3205 1762 3279 Magedone_venerant.
1816 3204 2003 3274 Super
2051 3203 2144 3258 his
2192 3205 2325 3275 Scy-

2439 672 2834 747 Νεοκάστρων,
2892 671 3108 732 ’Άϐαλά
3159 699 3215 731 τε
3273 678 3362 732 καὶ
3423 679 3703 752 Καΰστρου
3761 685 3943 752 χῶραι
4006 680 4090 732 καὶ

2441 759 2701 834 Μαγεδὼν
2735 764 2819 817 καὶ
2856 767 2889 834 ἦ
2943 766 3274 840 περίπυστος
3308 769 3481 842 Καρία
3541 775 3684 823 πᾶσα
3709 773 3822 828 τοῖς
3869 767 4098 842 ἐχθροῖς

2439 852 2831 925 κατετρὲχοντο
2867 873 2879 887 ”

2463 943 2479 956 ς
2569 937 2620 958 ιβ
2701 940 2711 958 ι
2990 942 3002 958 \
3106 945 3116 958 l
3199 945 3208 952 -
3357 947 3366 961 1
3529 946 3541 959 ρ
3603 942 3648 961 is
3781 943 3804 962 νς
3917 947 3929 959 ι
4082 946 4094 962 ι

2442 940 2743 1009 ὶτροοιλον
2803 962 2860 995 τε
2917 964 3005 996 και
3063 963 3126 997 τα
3188 965 3470 1016 αντιπεραι
3552 953 3739 1011 Ροοου,
3777 957 3976 1019 αχθες
4011 966 4095 998 και

2958 854 3066 910 Ἐῶ
3133 853 3313 927 λὲγεεν
3393 861 3657 932 Τραχεῖαν
3737 856 3826 909 καὶ
3893 856 4096 909 Στάδια

2439 1027 2629 1099 πρώην
2696 1029 2798 1083 ὑπὸ
2854 1031 3159 1103 Ῥωμαίους
3207 1032 3468 1087 τελοῦντα
3527 1031 3738 1107 ἐχθρῶν
3801 1032 3851 1086 ἐν
3916 1032 4096 1107 ὀλίγῳ

2441 1111 2623 1190 χρόνῳ
2654 1115 2896 1190 ἐγένοντο
2929 1120 3265 1193 ὁρμητήρια.
3326 1122 3402 1175 Τὰ
3460 1120 3516 1176 δὲ
3575 1123 3710 1196 πρὸς
3759 1123 3960 1196 θατέρᾳ
4005 1124 4093 1175 ϐας

2441 1203 2612 1278 Λάσσῃ
2657 1205 2822 1282 φῦλα,
2871 1204 2962 1260 ’ἱνα
3022 1209 3099 1280 μὴ
3158 1209 3223 1261 τά
3281 1207 3416 1280 μέσα
3476 1208 3640 1284 λέγω,
3674 1209 3770 1263 ὅσα
3797 1231 3856 1262 τε
3889 1210 3944 1263 ἐν
3981 1212 4095 1265 Μα-

2441 1290 2765 1366 ρυανδηνοῖς
2822 1315 2878 1348 τε
2934 1297 3023 1349 καὶ
3078 1298 3314 1353 Μόσυσιν
3359 1298 3449 1351 καὶ
3482 1296 3579 1351 ὅσα
3607 1297 3658 1350 ἐν
3687 1303 3804 1359 τοῖς
3861 1298 4097 1371 μεγαθύ-

2443 1403 2566 1452 μοις
2625 1383 2859 1445 Ἐνετοῖς
2912 1380 3041 1438 ὄντα
3094 1389 3162 1459 τῇ
3219 1387 3504 1458 Ῥωμαίων
3553 1388 3851 1456 ὑπήκουον,
3888 1386 3982 1440 σὺν
4022 1389 4099 1448 οἷς

2439 1469 2527 1523 καὶ
2587 1464 2662 1524 ἔτι
2720 1472 2786 1526 τά
2843 1471 2992 1527 ἔνδον
3049 1473 3216 1549 μέχρι
3279 1473 3623 1550 Σαγγάρεως,
3685 1475 3771 1529 ἐπὶ
3827 1480 4092 1529 τοσοῦτον

2439 1560 2704 1634 ἠφάνιστο
2738 1559 2875 1616 ὥστε
2922 1562 3010 1616 καὶ
3045 1562 3442 1638 Μαρυανδηνοῦ
3482 1567 3832 1639 θρηνητῆρος
3862 1564 4092 1638 χρῄζειν

2439 1649 2602 1718 ἀξίως
2649 1651 2799 1704 τάκεῖ
2851 1653 3242 1726 θρηνήσοντος.
3295 1658 3414 1707 Τῶν
3446 1653 3546 1728 γάρ
3580 1650 3886 1725 δυνάμεων,
3951 1653 4095 1708 πολ-

2442 1737 2553 1793 λῶν
2613 1761 2669 1794 τε
2726 1749 2816 1794 καί
2875 1743 3195 1814 Θαυμαστῶν
3260 1743 3457 1810 οὐσῶν,
3509 1739 4091 1819 συγκατατριϐομένων

2438 1833 2556 1889 τοῖς
2609 1826 2849 1892 δυτικοῖς
2906 1832 2993 1885 καὶ
3054 1833 3171 1885 κατ’
3229 1831 3410 1908 ὀλίγον
3473 1829 3918 1904 δαπανωμένων,
3977 1839 4097 1894 τοῖς

2441 1919 2556 1972 κατ’
2612 1919 2884 1989 ἀνατολὴν
2944 1920 3202 1983 τοσοῦτος
3262 1925 3288 1976 ὁ
3347 1919 3595 1984 κίνδυνος
3645 1924 3929 1998 περιέστη,
3959 1923 4094 1976 ὥστε

2446 2005 2575 2079 μηδ’
2621 2008 2696 2070 εἰς
2755 2011 2922 2080 αὐτὴν
2981 2012 3304 2084 Ἡράκλειαν
3335 2013 3435 2080 τήν
3467 2016 3567 2064 τοῦ
3603 2012 3806 2066 Πόντου
3862 2009 4099 2087 βαδίζειν

2443 2098 2576 2151 εῖναι
2635 2102 2770 2171 πεζῇ
2824 2099 2950 2162 τοὺς
2988 2100 3350 2176 ὁρμωμένους
3407 2101 3465 2155 ἐκ
3502 2100 3737 2168 πόλεως,
3787 2105 3897 2154 τῶν
3933 2101 4105 2154 ἐκεῖσε

2445 2186 2610 2257 ὁρίων
2666 2193 2743 2258 τῷ
2803 2191 3068 2265 Σαγγάρει
3125 2188 3636 2265 περικλεισθὲντων,
3697 2189 3785 2244 καὶ
3838 2195 3951 2243 τῶν
4009 2190 4104 2243 πέ-

2447 2296 2539 2350 ραν
2599 2277 2814 2331 πάντων
2876 2277 3022 2333 λείαν
3081 2279 3380 2354 γεγονότων
3444 2279 3505 2333 οὐ
3559 2283 3780 2348 Μυσῶν,
3843 2278 3992 2333 ἀλλά
4044 2301 4104 2353 γε

2447 2370 2666 2438 Περσῶν
2754 2367 2907 2422 Μόνα
2966 2366 3022 2422 δὲ
3074 2370 3139 2422 τὰ
3191 2369 3327 2444 πρὸς
3379 2366 3652 2422 Θάλασσαν
3685 2369 3925 2444 φρούρια
3975 2390 4106 2422 κατ-

2446 2453 2789 2530 ελείφθησαν,
2866 2457 2931 2510 τὰ
3005 2458 3129 2530 περί
3203 2479 3260 2511 τε
3318 2462 3588 2532 Κρῶμναν
3649 2458 3734 2510 καὶ
3796 2458 4107 2531 ’Ἄμαστριν

2445 2543 2534 2597 καὶ
2580 2547 2714 2600 Τῐον
2773 2545 2862 2599 καὶ
2919 2545 3264 2620 Ἡράκλειαν,
3295 2546 3477 2600 τόπων
3525 2547 3764 2618 ὀνόματα
3800 2546 3944 2616 μόνα
4002 2547 4109 2598 σώ-

2450 2637 2626 2701 ζοντα·
2677 2632 2710 2688 ἃ
2767 2633 2833 2705 δὴ
2894 2635 2938 2690 εί
3003 2638 3078 2710 μὴ
3139 2640 3205 2711 τῇ
3239 2634 3485 2710 θαλάσσῃ
3546 2640 3968 2713 προσεχρῶντο,
4016 2635 4108 2690 καὶ

2455 2852 2717 2904 laverant
2740 2855 2976 2922 pr0pter
2995 2850 3365 2906 incursiones
3391 2850 3777 2905 barbararum
3817 2850 4110 2917 gentium.

2451 2936 2797 2994 Universum
2828 2944 3023 2994 autem
3049 2941 3262 3011 jugum
3295 2939 3439 2994 illud
3474 2940 3709 2994 arcibus
3743 2955 3936 3011 nuper
3980 2956 4112 2994 con-

2450 3029 2589 3084 ditis
2621 3034 2792 3084 antea
2823 3031 3340 3085 insessum.Abuta
3370 3048 3603 3103 quoque
3635 3035 3689 3085 et
3717 3032 3950 3085 assistae
3975 3032 4111 3103 Cay-

2449 3123 2570 3172 stro
2603 3121 2869 3191 regiones
2902 3125 2957 3175 et
2986 3121 3269 3191 Magedon
3302 3125 3357 3174 et
3385 3120 3602 3192 inclyta
3635 3120 3823 3182 Caria,
3861 3119 4109 3192 impune

2443 3205 2705 3261 hostium
2741 3209 3211 3280 grassationibus
3242 3208 3756 3264 conculcabantur.
3792 3209 3966 3264 Mitto
4019 3210 4108 3262 di-

681 3297 854 3352 tbicaa
872 3274 1060 3367 copia:
1093 3301 1148 3348 et
1179 3274 1387 3349 exterae
1419 3274 1654 3362 Italicae,
1678 3292 2064 3364 plurimaeque
2095 3293 2242 3362 alite,
2268 3274 2334 3346 ex
2366 3330 2408 3397 Ο
2448 3312 2576 3350 cere
2607 3274 2932 3353 Traeheam
2966 3305 3022 3353 et
3051 3299 3267 3363 stadia,
3302 3299 3624 3353 Strobitum
3656 3308 3711 3352 et
3738 3299 3891 3353 sitas
3939 3315 3970 3352 e
4020 3314 4107 3353 re-

685 3387 903 3459 quibus
937 3384 1219 3440 membris
1251 3398 1594 3447 unum,vere
1626 3381 2333 3449 dicam,valentissimum

684 3484 742 3532 et
764 3473 1161 3531 ineluctabilis
1191 3472 1461 3544 potentia:
1494 3471 1857 3525 roalesccbat
1889 3487 2130 3541 corpus;
2165 3471 2335 3539 cujus

687 3566 853 3638 quasi
888 3566 1124 3620 animus
1155 3559 1417 3632 despota,
1450 3561 1589 3614 dum
1648 3559 1791 3614 illud
1849 3566 2037 3615 movet
2083 3566 2138 3614 et
2188 3577 2334 3631 quo-

686 3670 919 3725 cunque
985 3652 1346 3715 circumfert,
1404 3648 1685 3704 terribilis
1744 3649 1957 3718 ubique
2016 3650 2334 3720 apparebat

686 3743 1004 3817 praesertim
1041 3743 1098 3795 in
1147 3740 1418 3795 ()cciduis
1461 3739 1769 3804 tractibus,
1821 3738 1920 3792 ubi
1972 3739 2333 3809 frequentius

687 3833 1011 3900 militabat;
1047 3848 1174 3902 quas
1207 3846 1386 3885 causa
1420 3829 1528 3883 fuit
1559 3846 1662 3883 cur
1692 3827 1862 3883 limes
1895 3827 2203 3883 Orientalis
2236 3829 2331 3882 de-

683 3924 1031 3979 bilitaretur.
1046 3920 1233 3975 Persis
1248 3918 1514 3974 absentia
1527 3919 1730 3990 przesid
1747 3919 1865 3972 ioru
1878 3935 1928 3972 m
1947 3919 2073 3988 ejus
2089 3918 2331 3972 vexandi

682 4014 954 4068 fiduciam
972 4008 1823 4074 sumentibus,incursantibus
1840 4006 2328 4062 aclatroeiniova-

679 4105 977 4160 stantibus
1012 4103 1258 4157 miseras
1290 4099 1418 4154 illas
1450 4097 1906 4168 regiones,nul|u
1940 4098 2108 4168 plane
2143 4098 2330 4166 prohi-

679 4194 872 4248 bente.
913 4193 1107 4262 itaque
1139 4189 1431 4245 Mreander
1461 4188 1728 4255 domo,ut
1760 4186 1843 4239 sic
1877 4186 2088 4252 dieare,
2126 4187 2330 4240 cedere

679 4287 917 4337 coaetus
951 4281 1121 4352 plane
1153 4277 1454 4332 desolatus
1486 4281 1596 4344 est,
1631 4292 1743 4330 non
1779 4274 1911 4330 aliis
1945 4276 2134 4330 solum
2169 4275 2326 4329 inco-

677 4371 752 4426 lis
785 4371 1171 4442 plurimarum
1206 4366 1438 4421 illarum
1473 4365 2096 4436 amplissimarumque
2139 4365 2324 4435 regio-

678 4477 843 4527 num,
887 4459 986 4514 sed
1040 4458 1183 4528 ipsis
1229 4456 1405 4510 etiam
1467 4454 1602 4508 inde
1658 4453 1875 4524 passim
1933 4452 2326 4523 migrantibus

674 4539 1002 4614 monachis,
1026 4547 1141 4601 alia
1172 4545 1460 4617 siquidem
1497 4542 1800 4599 Palaestina
1830 4547 1982 4597 terra
2011 4542 2107 4596 illa
2142 4542 2324 4596 unde-

673 4655 907 4710 cunque
967 4636 1242 4692 Meandro
1301 4633 1460 4688 amni
1522 4637 1802 4704 praztenta
1855 4632 2033 4686 videri
2089 4648 2154 4686 ac
2208 4632 2321 4686 dici

673 4706 884 4802 potuit,
919 4728 1135 4798 quippe
1169 4742 1280 4780 nun
1317 4729 1506 4778 solum
1542 4722 1671 4776 laeta
1705 4723 1938 4794 pascuis
1974 4728 2028 4775 et
2076 4738 2318 4793 gregum
2358 4706 2401 4769 Ι)

672 4824 1196 4887 armentorumque
1243 4815 1438 4884 opima
1470 4812 1716 4882 genitrix
1749 4812 2056 4882 altrixque,
2084 4829 2192 4865 non
2228 4829 2322 4865 so-

669 4909 792 4963 lum
841 4907 1146 4960 hominum
1198 4921 1434 4975 quoque
1483 4903 1803 4956 multorum
1852 4908 1908 4956 et
1951 4903 2320 4972 egregiorum

672 4999 852 5062 ferax,
896 4997 994 5050 sed
1052 5001 1326 5066 praeterea
1376 4994 1520 5047 311
1584 4992 2025 5061 monachorum,
2077 4991 2185 5046 hoc
2236 4996 2324 5045 est

673 5088 798 5143 εωὶὶ
823 5087 1039 5142 civium
1070 5085 1125 5138 in
1153 5083 1324 5139 terris
1357 5082 1882 5154 peregrinantium,
1915 5082 2236 5136 condendis
2267 5089 2320 5135 et

670 5195 956 5234 concursu
988 5173 1437 5228 lectissimorum
1461 5183 1861 5243 conventuque
1883 5172 2321 5242 l'rcquentandis

668 5267 977 5340 aptissima
1010 5264 1277 5332 coloniis,
1311 5267 1474 5317 tanto
1509 5263 1562 5316 in
1600 5261 1823 5316 caeteris
1863 5262 2172 5316 Palaestina
2222 5281 2319 5316 su-

669 5356 884 5430 perior,
937 5361 1155 5426 quanto
1209 5354 1260 5406 in
1295 5370 1405 5406 uno
1435 5353 1845 5422 ei,eodemque
1883 5353 2158 5420 maximo,
2195 5354 2320 5407 sine

667 5445 1057 5502 controversia
1090 5443 1266 5505 cedit,
1302 5442 1456 5514 quod
1495 5443 1612 5495 haec
1647 5440 1922 5494 nimirum
1959 5441 2069 5496 vita
2097 5449 2150 5495 et
2182 5460 2317 5497 con-

667 5535 996 5590 versatione
1057 5532 1284 5586 Domini
1347 5529 1456 5584 mri
1509 5536 1566 5584 et
1613 5530 1706 5585 Dei
1767 5530 1976 5584 Christi
2040 5532 2320 5588 honorata

669 5644 782 5699 prre
817 5623 1046 5677 cunctis
1082 5623 1275 5675 fuerit.
1313 5620 1509 5675 Talem
1545 5622 1616 5674 ob
1651 5638 1890 5674 causam
1924 5624 2232 5686 Mazander,
2261 5627 2321 5675 ut

667 5713 1098 5784 dixi,paulati!n
1137 5712 1404 5764 desertus
1437 5721 1490 5763 et
1523 5710 1578 5763 in
1619 5711 1936 5763 Sulitudinu
1988 5736 1992 5750 ε
2052 5713 2320 5765 redactus

668 5810 772 5877 est,
804 5804 1210 5860 recedentibus
1241 5802 1299 5857 in
1330 5801 1606 5857 interiore
1638 5801 1738 5873 qui
1770 5802 1935 5873 prius
1979 5801 2098 5857 illic
2146 5803 2311 5858 habi-

2446 3383 2615 3453 gione
2648 3385 2834 3440 Rhodi
2865 3392 3072 3452 terras,
3094 3403 3219 3451 quae
3253 3387 3379 3441 loca
3407 3385 3579 3456 paulo
3601 3391 3774 3440 antea
3807 3389 4105 3440 Romano-

2447 3490 2577 3527 rum
2626 3475 2892 3544 subjeeta
2945 3475 3151 3530 ditioni
3211 3475 3422 3548 exiguo
3480 3480 3741 3545 tempore
3800 3473 4104 3530 latronum

2446 3563 2815 3632 receptacula
2847 3565 3349 3634 barbarorumque
3381 3563 3593 3618 stativa
3628 3564 3777 3616 facta
3805 3568 3967 3618 sunt.
3995 3563 4107 3618 0b-

2445 3666 2622 3705 versee
2658 3655 2852 3706 autem
2881 3667 2948 3704 ex
2972 3655 3133 3722 parte
3157 3650 3338 3704 altera
3365 3650 3512 3704 mari
3537 3649 3831 3716 nationes,
3854 3655 3922 3703 ut
3956 3648 4102 3703 nihil

2445 3741 2515 3794 de
2549 3740 2758 3794 mediis
2789 3741 3004 3807 dicam,
3037 3757 3102 3795 ac
3135 3745 3419 3811 quantum
3455 3740 3508 3793 in
3547 3739 3991 3811 Maryandenis,
4043 3739 4102 3792 in

2441 3830 2835 3902 Mossynibus,
2865 3830 2922 3884 in
2961 3831 3351 3902 magnanimis
3383 3829 3580 3884 Enetis
3628 3830 3895 3901 gentium
3951 3829 4105 3884 loco-

2443 3937 2691 3991 rumque
2717 3919 3085 3984 censebatur,
3119 3924 3329 3974 cuncta
3364 3919 3627 3973 Romano
3660 3919 3933 3988 subjecta
3985 3919 4097 3973 im-

2443 4007 2623 4080 perio,
2666 4009 2965 4080 simulque
3012 4008 3104 4063 his
3157 4009 3436 4063 interiora
3487 4024 3672 4078 usque
3727 4007 3798 4060 ad
3856 4023 4098 4062 amnem

2439 4098 2766 4169 Sangarim,
2804 4098 2886 4152 ita
2919 4099 3185 4153 universa
3217 4102 3440 4151 vastata
3465 4098 3889 4167 destructaque
3935 4101 4100 4160 sunt,

2443 4194 2505 4242 ut
2527 4188 2986 4260 Maryandenum
3004 4186 3494 4258 lugubriscantus
3509 4185 3791 4240 artiﬁcem
3820 4186 4102 4240 adhibere

2440 4277 2645 4332 debeat
2678 4280 2774 4346 qui
2811 4277 2927 4332 bazc
2958 4275 3110 4331 volet
3144 4295 3245 4348 pro
3279 4276 3560 4346 dignitate
3591 4274 3919 4345 deplorare.
3947 4275 4095 4330 Nam

2439 4367 2623 4438 copiis
2687 4367 2990 4433 Romanis,
3042 4383 3169 4437 quae
3221 4367 3418 4420 multae
3470 4364 3852 4435 miriﬁczeque
3901 4370 4095 4428 erant,

2439 4456 2813 4511 morantibus
2849 4456 2904 4509 in
2939 4456 3192 4512 Occiduo
3228 4460 3442 4524 tractu,
3487 4462 3540 4508 et
3587 4453 3659 4508 iis
3706 4453 3915 4524 paucis
3967 4469 4097 4524 quae

2437 4547 2652 4600 relictre
2709 4545 3096 4600 Orientalium
3160 4543 3426 4617 praesidio
3478 4544 3707 4598 fuerant
3738 4543 3965 4598 sensim
4001 4545 4099 4598 ab.

2435 4636 2714 4706 sumptis,
2767 4635 2824 4689 in
2875 4639 3108 4689 tantum
3156 4634 3494 4688 infestantis
3539 4633 3750 4686 itinera
3797 4631 4097 4686 latrocinii

2435 4724 2757 4796 periculum
2787 4723 3047 4791 increvit,
3082 4729 3145 4777 ut
3169 4741 3238 4778 ne
3265 4721 3598 4777 Heracleam
3627 4722 3868 4794 quidem
3904 4739 4097 4794 usque

2434 4816 2732 4869 Ponticam
2769 4813 2857 4868 via
2902 4814 3162 4867 terrestri
3211 4813 3409 4866 liceret
3458 4829 3522 4865 ex
3576 4811 3718 4864 urbe
3769 4811 4094 4882 proﬁcisci,

2434 4905 2651 4959 ﬁnibus
2677 4903 2835 4958 illinc
2870 4902 3098 4974 imperii
3132 4901 3374 4970 Sangari
3407 4901 3560 4956 312
3594 4900 4091 4972 circumscriptis,

2433 4993 2927 5064 ulterioribusque
2955 4992 3127 5064 plane
3161 4991 3385 5045 cunctis
3418 4990 3475 5044 in
3512 4989 3767 5061 przedam
3804 5006 3923 5043 non
3970 4990 4093 5060 My-

2433 5084 2763 5149 sorum,sed
2793 5083 3095 5137 Persarum
3122 5080 3488 5136 condonetis.
3513 5078 3822 5132 Maritimts
3859 5082 4091 5132 tantum

2430 5190 2594 5227 arces
2641 5178 2873 5227 retentae
2922 5179 3219 5242 utcunque
3269 5175 3407 5223 sunt
3454 5169 3607 5222 circa
3657 5166 3983 5221 Cromnam
4042 5170 4097 5219 et

2433 5262 2728 5315 Amastrin
2765 5267 2821 5314 et
2849 5260 3020 5313 Tium
3050 5264 3105 5313 et
3134 5258 3489 5321 Heracleam,
3519 5255 3642 5310 sola
3674 5255 3946 5309 locorum
3999 5272 4097 5308 no:

2431 5352 2590 5406 mina
2614 5355 2946 5416 servantes;
2983 5366 3107 5419 qua:
3133 5348 3243 5401 nisi
3270 5363 3463 5418 promi
3483 5351 3540 5401 to
3565 5345 3744 5399 maris
3769 5345 3843 5398 ad
3869 5345 4090 5399 auxitis

2430 5447 2756 5514 opportune
2806 5439 3146 5511 accipienda
3197 5437 3545 5492 commercio
3595 5441 3928 5500 uterentur,
3981 5436 4094 5488 du-

2430 5536 2569 5589 dum
2608 5534 2808 5604 utique
2844 5531 3134 5586 fortunam
3170 5529 3436 5584 eamdem
3473 5528 3706 5582 urbium
3734 5542 3802 5581 ac
3825 5525 4091 5581 locorum

2433 5627 2650 5697 quibus
2674 5625 2940 5693 adjacent
2983 5621 3402 5692 experirentur,
3437 5635 3689 5689 cumque
3724 5617 3855 5671 istis
3885 5614 4095 5670 ditioni

2433 5715 2672 5770 PJPSitTt'D
2706 5713 2949 5783 adjectis
2986 5711 3248 5764 Romano
3283 5709 3528 5779 imperio
3562 5707 3904 5779 periissent.
3931 5705 4090 5770 Quod

2431 5809 2628 5861 autem
2662 5805 2717 5857 in
2753 5802 2971 5859 exitum
2999 5800 3211 5856 harum
3244 5799 3679 5871 provinciarum
3708 5800 4088 5868 cooperatum
