4246 6446
216 383 322 438 761
1222 406 1231 414 ·
1283 386 1377 438 DE
1415 381 1786 438 MICHAELB
1827 380 1893 432 PA

1951 375 2271 431 sEOLOGO
2308 377 2440 430 LIB.
2480 377 2573 430 IV.
3522 383 3628 437 762

215 511 405 573 ταῦτα,
435 512 542 561 τῶν
580 511 779 582 χωρῶν
811 506 1192 582 κατεχομένων
1245 512 1365 568 τοῖς
1419 507 1662 579 Πέρσαις.
1696 501 1866 556 πάλαι
1899 505 1946 570 Α
1978 498 2077 571 γάρ
2134 498 2200 566 ἦν
2263 497 2558 573 ἡσυχάζειν
2619 499 2816 560 αὐτοὺς
2852 544 2864 567 ,
2925 498 3054 556 ἀλλ’
3119 499 3483 575 εἶ’σδυομὲνοις
3531 527 3628 568 τας

215 596 273 649 ἃν
329 602 451 656 ταῖς
511 599 723 670 χώραις
784 597 872 649 καὶ
932 595 1065 649 αῦτᾶ
1123 594 1531 650 συναπώλοντο.
1589 595 1678 648 Ἓν
1723 588 1864 644 δὲτὸ
1975 590 2081 640 τῶν
2113 587 2411 660 ἀνθρώπων
2461 587 2634 648 οἶκίας
2690 588 2865 664 σφίσιν
2925 589 2992 656 ἦν
3028 588 3086 643 ἐκ
3140 592 3444 664 προχείρου
3502 615 3629 647 συν-

218 684 541 740 συντελέσαν
700 684 904 738 τούτων
965 684 1211 755 ἀπωλείᾳ
1261 685 1349 738 καὶ
1405 688 1511 737 τῶν
1554 680 1737 735 ἄλλων
1775 679 1865 750 μέ-
1978 675 2232 748 είρεεντᾶ
2262 674 2448 729 πολλᾶ
2477 676 2612 730 κατά
2673 675 2966 751 βασιλέως,
2998 678 3073 740 ὡς
3121 681 3211 732 τὸν
3272 679 3625 754 κληρονόμον

213 794 419 847 γιστον⁹
472 774 548 835 ὡς
607 772 765 834 αὐτὸς
827 774 853 826 ὁ
917 772 1169 847 βασιλεὺς
1222 772 1439 845 ὕστερον
1498 769 1700 844 ἔλεγεν,
1781 767 1869 820 ὅτε
1983 763 2311 834 ἀδικήσειεν,
2372 766 2446 828 ὡς
2512 764 2773 837 ἐξελάσειε
2821 771 2915 821 τοῦ
2974 769 3166 840 Θρόνου
3219 771 3310 824 τὸν
3367 774 3632 847 πατριάρ-

216 861 410 935 μικρὸν
445 863 551 934 πρὸ
603 860 830 915 Οανάτου
871 865 1054 914 πατῶν
1111 862 1200 914 τὸν
1228 860 1394 914 τόπον
1451 857 1593 932 ἑώρα
1645 855 1736 909 σὺν
1771 854 1868 907 οῦκ
1978 873 2108 927 χην.
2147 854 2298 909 Ἀλλ’
2331 855 2381 907 οἱ
2416 856 2590 927 ὅρκοι,
2626 853 2753 909 ἀλλ’
2804 858 2853 909 αἱ
2906 860 3184 926 συνθῆκαι,
3242 857 3386 913 ἀλλὰ
3415 864 3475 914 τὸ
3535 865 3623 916 καὶ

213 947 390 1020 ὀλίγῳ
422 949 709 1003 καὶταῦτα
767 954 998 1023 στρατῷ,
1057 949 1146 1002 καὶ
1204 950 1269 1002 τὰ
1327 947 1553 1002 πλεῖστα
1608 943 1867 1016 κατῳκτί-
1974 943 2055 1010 τὸ,
2092 945 2173 1004 οἷς
2220 943 2414 997 ἐκεῖνοι
2475 945 2566 1015 μὲν
2636 945 2947 1018 πορίζεσθαι
3005 948 3177 1021 εἶχον,
3236 948 3464 1003 πλεῖστα
3521 956 3629 1004 τῶν

214 1043 358 1107 ζετο,
460 1043 569 1092 τῶν
611 1037 980 1110 πεμπομένων
1033 1037 1202 1090 ἐκεῖσε
1259 1040 1564 1110 ταξιαρχῶν
1598 1033 1865 1107 γλισχρόο
1975 1032 2280 1086 ἀκουόντων
2329 1029 2832 1104 ἀπολαμϐάνοντες,
2868 1034 2962 1106 ἐμὲ
3022 1033 3098 1104 δὲ,
3154 1038 3339 1113 φησὶν,
3378 1041 3431 1091 οἱ
3466 1038 3628 1115 υόϐω,

212 1147 316 1195 της
347 1147 406 1180 τε
437 1126 526 1180 καὶ
589 1123 856 1202 φειδωλία
912 1129 994 1202 [Ρ.
1036 1125 1349 1198 211]καὶὴ
1384 1124 1470 1179 ἐπὶ
1524 1129 1601 1194 τῷ
1649 1117 1863 1194 λαμϐά-
1973 1123 2059 1174 καὶ
2098 1123 2150 1175 αἱ
2184 1119 2379 1175 δειλίαι
2434 1122 2799 1196 περιίσταντο,
2839 1126 2912 1194 μή
2965 1125 3054 1177 καὶ
3107 1147 3158 1178 τι
3207 1132 3311 1179 τῶν
3373 1124 3623 1199 ἀδουλῆ-

207 1235 319 1267 νειν
351 1213 565 1282 σπουδὴ
597 1215 668 1268 πύ
701 1215 1127 1290 περιοριζομένη
1195 1217 1376 1290 μέτρῳ
1437 1215 1522 1267 καὶ
1573 1212 1741 1286 κόρῳ,
1774 1212 1862 1264 καὶ
1971 1231 2077 1263 των
2133 1211 2531 1280 νεωτερισθείη.
2591 1212 2680 1280 Ἐξ
2751 1213 2824 1264 ὧν
2885 1208 3192 1267 συνέϐαινον
3257 1216 3506 1288 ὑποψίαι,
3566 1221 3628 1280 ἅς

211 1305 245 1372 ἡ
309 1304 513 1358 ἐκεῖθεν
571 1305 705 1378 πρὸς
762 1305 852 1358 τὸν
923 1307 1226 1375 κρατοῦντα
1303 1301 1633 1377 ψευδολογία
1693 1297 1860 1371 μηδὲν
1973 1297 2178 1372 ἀνάγκη
2239 1296 2649 1375 φυλαττόμενον
2734 1300 3149 1364 ἀποκεκλεῖσθαι
3223 1305 3310 1357 καὶ
3377 1308 3622 1379 ἠρεμεῖν,

201 1391 656 1465 ἐκστρατεῦοντα,
716 1394 787 1453 ὡς
849 1393 1127 1466 ὀλίγιστόν
1187 1414 1238 1446 τι
1293 1391 1568 1454 ἀπώλετο,
1642 1389 1716 1448 ὡς
1775 1387 1858 1441 ἐπὶ
1970 1388 2032 1440 τὸ
2065 1389 2180 1440 καθ’
2211 1389 2371 1441 αὑτὸν
2423 1386 2813 1460 πολυωροῦντα
2871 1391 2957 1442 καὶ
2993 1392 3056 1443 τὰ
3113 1396 3219 1444 τῶν
3281 1397 3622 1467 πραγμάτων

205 1489 427 1555 μικροῖς
461 1485 495 1552 ἡ
532 1483 724 1554 ζημίαιι
776 1482 848 1536 ὡς
876 1482 936 1535 τὸ
968 1488 1069 1536 πᾶν
1131 1481 1217 1534 ἐπὶ
1274 1480 1589 1554 κεφαλαίοις
1647 1481 1860 1532 ’ἱσταται
1970 1481 2085 1536 τοῖς
2116 1480 2378 1550 τυχοῦσιν
2425 1475 2801 1550 ἐπιτρέποντα.
2854 1479 3014 1532 Ταῦτ’
3065 1477 3215 1552 ἔλεγε
3277 1480 3370 1551 μεν
3405 1482 3623 1557 ὕπερον

209 1571 300 1624 καί
352 1572 416 1626 τὸ
448 1572 730 1645 ἀφαιρεθὲν
789 1568 1031 1639 σπουδῆς
1091 1569 1291 1643 ὀλίγης
1341 1566 1742 1636 ἀνακαλεῖσθαι,
1775 1566 1862 1620 καὶ
1973 1565 2001 1618 ὁ
2059 1570 2271 1639 κρατῶν
2324 1565 2460 1640 πρὸς
2541 1566 2629 1619 τὸν
2679 1563 3086 1640 Ἀλεξανδρείας
3147 1569 3496 1636 Ἀθανάσιον,
3553 1573 3628 1636 ὡς

204 1658 387 1714 τᾶλλα
419 1661 500 1721 οἷς
534 1660 781 1734 συνεχέσι
839 1660 1075 1732 ποτίμος
1138 1661 1232 1731 μὲν
1266 1663 1365 1730 .τῷ
1395 1656 1728 1735 φαινομὲνῳ,
1763 1654 1862 1709 ἀλ-
1972 1655 2135 1715 αὐτὸς
2167 1657 2302 1725 ’ἡμῖν
2357 1653 2712 1729 ἀπήγγειλεν,
2760 1657 2846 1709 ὅτε
2904 1657 3074 1710 συνὼν
3129 1659 3374 1719 κάκεῖνος
3407 1659 3494 1714 ἐπὶ
3527 1668 3624 1729 τῆς

204 1754 403 1822 μιαροῖς
435 1747 493 1803 δὲ
535 1753 602 1822 τῇ
636 1747 867 1819 ἀληθείᾳ
917 1749 1010 1810 τὰς
1075 1746 1357 1824 βασιλικὰς
1419 1747 1581 1807 ἀκοάς
1639 1749 1857 1819 περιτίνο
1973 1741 2314 1818 ἐκστρατείας
2398 1745 2532 1798 κατὰ
2611 1745 2953 1819 παραμυθίαν
3042 1750 3120 1815 τῷ
3209 1746 3425 1820 βασιλεῖ
3481 1751 3623 1824 ἑώρα

203 1835 375 1892 τλουν
435 1837 523 1892 καὶ
583 1838 882 1912 γράφοντες
938 1859 1000 1891 το
1057 1837 1146 1890 καὶ
1207 1835 1654 1908 διαμηνυόμενοι.
1698 1835 1772 1890 Τὸ
1805 1831 1938 1942 ὃὲΒ
1973 1833 2068 1904 μὲν
2096 1832 2188 1893 τὰς
2241 1837 2348 1886 τῶν
2410 1836 2610 1908 χωρῶν
2669 1835 2824 1905 οέραν
2859 1837 2954 1887 τοῦ
3017 1835 3336 1909 Σαγγάρεως
3398 1838 3620 1912 ἐρημιί)-

237 1933 263 1942 ε
533 1926 544 1942 Ι
689 1924 711 1941 υ
890 1927 902 1942 ο
1076 1926 1089 1942 \
1224 1930 1249 1940 ω
1397 1926 1408 1942 9
1459 1926 1469 1939 ἢ
1551 1926 1562 1942 σ
1608 1924 1634 1942 Α
1736 1922 1754 1942 Ἴ
1803 1922 1813 1938 ‘
1994 1941 1997 1942 ν
2256 1922 2268 1942 Ι
2322 1941 2327 1942 ,
2386 1941 2391 1942 γ
2453 1919 2493 1942 βλ
2605 1925 2626 1936 ε’
2858 1921 2868 1938 Ι
3048 1922 3060 1937 Ἷ
3265 1931 3289 1942 ν
3379 1924 3388 1942 Ι
3596 1933 3616 1942 υ

195 1933 298 1994 τῆς
329 1926 609 2002 στρατείας
651 1924 841 1995 αἶὲιον,
875 1927 947 1988 ὡς
1005 1926 1091 1980 ταὶ
1158 1930 1317 1980 τοῦτο
1349 1926 1510 1985 αὐτὸς
1544 1926 1571 1978 ὁ
1608 1922 1859 1997 βασιλεὺς
1893 1919 1938 1942 υ
1971 1941 2101 1988 σεις,
2134 1922 2400 1990 κατήκουε
2449 1919 2505 1975 δὲ
2561 1925 2668 1975 τῶν
2720 1921 2985 1975 τοιούτων
3045 1922 3492 1997 ἐποικτιζομὲνου
3524 1933 3620 1982 τοῦ

199 2014 601 2090 ὡμολόγει,τὸ
662 2017 921 2091 συρραγὲν
988 2016 1199 2089 σχίσμα
1257 2023 1355 2083 τῆς
1407 2013 1739 2082 Ἐκκλησίας
1768 2015 1852 2066 καῖ
1967 2012 2294 2082 κρατοῦντος
2349 2013 2464 2068 ταῖς
2525 2007 2884 2082 ἐρημώσεσιν.
2947 2010 3117 2064 Ἀλλὰ
3171 2017 3337 2066 ταῦτα
3400 2014 3617 2085 μὲνκαῖ

195 2103 258 2156 τὸ
311 2103 458 2156 πολὺ
507 2108 615 2157 τῶν
648 2104 1032 2157 ἀνυποτάκτων
1095 2100 1430 2176 ῥακὲνὸυτῶν
1477 2123 1534 2156 τε
1590 2100 1677 2155 καί
1731 2123 1859 2154 σακ-
1966 2103 2128 2172 ἡμεῖς
2157 2101 2291 2155 κατᾶ
2319 2102 2487 2154 τόπον
2519 2099 2745 2175 ἐροῦμεν
2793 2101 3152 2178 πλατύτερον.

195 2188 452 2269 κοφόρων
513 2193 751 2260 πλῆθος,
813 2193 901 2247 ἀἱ
935 2195 962 2247 ὁ
995 2193 1168 2255 πολὺς
1219 2192 1435 2247 ἐκείνων
1467 2192 1698 2265 φορυτὸεῖ
1750 2195 1854 2244 τῶν
1964 2209 2070 2278 κη’.
2108 2208 2233 2282 Περὶ
2263 2212 2358 2262 τοῦ
2406 2211 2521 2262 κατ’
2581 2209 2905 2278 Ἐκκλησίαν
2964 2213 3295 2284 σγίσματος,
3356 2215 3607 2284 καὶπερὶ

199 2281 275 2342 εἷς
338 2282 496 2335 αὑτὸν
558 2282 1058 2356 κατηγορημάτων,
1115 2281 1206 2336 καὶ
1262 2285 1297 2351 ἡ
1359 2283 1493 2356 πρὸς
1545 2286 1710 2335 ταῦτα
1760 2286 1856 2335 τοῦ
2183 2271 2190 2282 ’
2317 2285 2423 2335 τῶν
2472 2287 2939 2351 [Ιαντεποπτηνῶν
2977 2271 3295 2357 μοναχῶν.’
3554 2271 3562 2289 ι

205 2367 480 2445 βασιλέως
529 2368 707 2424 δειλία
761 2373 860 2440 τήν
917 2371 1246 2426 ἀποστασίαν
1310 2370 1725 2430 ὑποπτεῦοντος.
1775 2370 1854 2426 Οὐ
2039 2371 2271 2442 [Ρ.212]
2318 2369 2454 2426 Τότε
2512 2367 2568 2424 δὲ
2622 2371 2712 2425 καὶ
2768 2377 2887 2432 ταῖς
2948 2370 3230 2440 ἀληθείαις
3285 2374 3347 2429 τὸ
3402 2375 3611 2448 σχίσμα

197 2499 288 2554 vel
314 2500 568 2555 maxime
599 2506 707 2570 est,
737 2501 847 2555 hoc
882 2500 1194 2570 fuit,prout
1224 2503 1349 2570 ipse
1379 2515 1508 2554 sero
1534 2514 1856 2570 agnoscens
1964 2496 2308 2568 principem,
2367 2498 2708 2569 passimque
2774 2499 3231 2555 invidiosissime
3290 2502 3610 2557 criminan-

198 2590 511 2644 confessus
561 2589 882 2661 imperator
913 2594 1022 2654 est,
1070 2589 1304 2659 quando
1336 2587 1508 2660 paulo
1540 2593 1673 2642 ante
1707 2604 1852 2642 mor-
1962 2586 2110 2640 tium
2143 2587 2214 2641 ab
2239 2585 2338 2640 illo
2361 2591 2547 2641 tutore
2568 2588 3112 2660 circrumscriptum
3140 2607 3614 2664 oppressumque

197 2683 318 2734 tem
350 2693 419 2734 ea
448 2678 578 2734 loca
621 2695 754 2734 cum
797 2678 1054 2734 exercitu
1108 2695 1222 2733 non
1276 2677 1503 2733 modico
1547 2677 1854 2748 perambu-
1962 2674 2181 2730 nefarie
2224 2675 2538 2747 pupillum,
2587 2676 2656 2730 ab
2707 2679 2908 2733 eodem
2969 2679 3184 2734 avitam
3239 2681 3612 2752 patriamque

193 2767 328 2823 lans
349 2767 537 2824 oculis
560 2768 759 2824 omnia
783 2767 1054 2823 fidelibus
1085 2767 1337 2837 subjecit
1367 2772 1423 2820 et
1443 2765 1593 2822 clare.
1613 2781 1848 2837 perspe-
1959 2763 2339 2820 hereditatem
2374 2765 2602 2836 imperii
2636 2764 2896 2837 legitimo
2939 2769 3263 2824 successori
3297 2774 3352 2824 et
3375 2787 3610 2840 posses-

197 2863 294 2913 cta
327 2859 644 2914 miseratus
672 2857 994 2930 plurimum
1028 2863 1118 2912 est
1147 2857 1552 2928 praafectorum
1590 2858 1689 2928 qui
1713 2855 1850 2910 illuc
1959 2853 2074 2908 seri
2105 2853 2352 2921 Augusti
2387 2853 2503 2908 filio
2535 2854 2915 2910 interversam
2947 2857 3346 2928 iniquissime,
3378 2859 3472 2914 his
3506 2860 3608 2914 ad-

192 2947 586 3003 mittebantur
608 2948 892 3003 tenacitas
916 2954 972 3000 et
1002 2963 1174 3002 avara
1205 2945 1571 3018 parcimonia
1595 2962 1730 3001 cum
1757 2963 1846 3000 ar-
1956 2941 2140 2997 ditam
2171 2943 2514 3013 ejectionem
2551 2943 2609 2998 in
2641 2943 2912 2999 exsilium
2959 2945 3251 3000 deturbati
3287 2947 3357 3003 de
3391 2948 3608 3004 throno

191 3037 354 3093 denti
405 3038 695 3092 immensa
744 3036 1078 3108 inexplebili
1149 3037 1410 3108 undique
1461 3033 1731 3104 capiendi
1783 3049 1847 3086 ac
1958 3031 2320 3102 patriarcha,
2382 3037 2710 3104 cunctaque
2761 3033 2873 3089 ista
2933 3035 3189 3106 perjurio
3243 3037 3602 3109 perfidiaque

183 3125 542 3198 congerendi
575 3125 850 3180 aviditate
882 3125 1216 3196 conjuncta.
1253 3124 1479 3189 Quibus
1531 3121 1846 3176 accedebat
1956 3120 2257 3176 cumulata
2287 3122 2358 3176 ab
2393 3138 2457 3176 eo
2488 3121 2585 3193 qui
2639 3122 2800 3177 nullo
2837 3125 3228 3194 jurisjurandi
3264 3143 3379 3196 quo
3411 3143 3473 3181 se
3501 3128 3608 3181 ob-

182 3216 446 3272 indidem
481 3222 617 3272 nata
670 3216 1091 3272 circumventio
1129 3215 1413 3287 principis
1458 3211 1844 3269 mandacissi-
1877 3249 1920 3316 Ε
1960 3209 2602 3279 strinxisset,f(ederum
2637 3228 2764 3282 qua:
2789 3212 3080 3270 sanxisset
3110 3223 3377 3286 respectu
3413 3216 3531 3271 haec
3553 3221 3610 3272 et

184 3305 300 3361 mis
335 3306 556 3377 decepti
593 3305 976 3360 relationibus
1018 3305 1466 3360 vaferrimorum
1515 3304 1841 3371 hominum,
1880 3297 1920 3316 ’⁸⁵
1961 3297 2062 3354 illa
2093 3299 2371 3369 (plurima
2403 3298 2704 3369 sigillatim
2749 3303 3199 3374 exaggerabant)
3232 3309 3601 3375 altentasset,

188 3395 293 3467 qui
329 3393 571 3465 privatis
603 3394 728 3449 suis
780 3393 1106 3450 rationibus
1159 3392 1414 3464 pernicie
1464 3389 1696 3464 publica
1727 3407 1840 3445 non
1953 3391 2131 3458 atque
2161 3387 2252 3444 his
2279 3387 2892 3461 vulgotplausibilibus
2914 3391 3275 3462 pepuleriter
3300 3393 3606 3448 buccinan-

190 3483 535 3537 dubitantes
570 3481 875 3537 consulere
931 3481 1341 3552 imperatorem
1377 3481 1448 3535 ab
1481 3480 1842 3550 expeditione
1955 3477 2045 3532 dis
2075 3478 2524 3550 emungentium
2557 3479 2804 3549 pecunia
2829 3479 3124 3535 credulam
3162 3482 3387 3552 plebem
3422 3486 3608 3537 etiar-

186 3572 247 3626 in
285 3587 383 3626 eas
432 3575 646 3642 partes,
679 3576 765 3640 put
815 3575 938 3625 erat
983 3587 1240 3636 necesse,
1292 3570 1688 3642 suscipienda,
1738 3569 1836 3624 de-
1953 3567 2890 3640 gascorradentiumpraedasque
2915 3570 3259 3626 minusillos
3283 3573 3607 3630 abstituros

195 3660 504 3733 prehendi,
550 3661 599 3714 si
633 3676 724 3714 res
774 3676 969 3714 coram
1033 3664 1318 3731 paterent,
1351 3664 1406 3713 et
1453 3657 1687 3713 multari
1723 3675 1840 3712 me-
1953 3662 2074 3712 tam
2113 3656 2238 3710 utili
2277 3657 2544 3726 privatim
2569 3665 2757 3728 empto
2809 3665 2932 3713 erat
2979 3660 3315 3727 verisimile,
3352 3692 3416 3702 --
3451 3679 3604 3732 cum,

193 3755 452 3816 tuentes,
487 3747 847 3813 avertebant,
881 3747 1158 3804 elevando
1184 3747 1842 3818 fallacissimejacturas
1956 3751 2220 3821 inquam,
2255 3749 2375 3803 haec
2424 3748 2760 3822 intelligens
2811 3755 3115 3821 Augustus
3163 3754 3504 3808 formidaret
3536 3770 3608 3808 ne

193 3840 400 3903 factas,
435 3847 487 3892 et
512 3843 574 3892 ut
606 3853 854 3908 quisque
887 3854 1051 3892 arces
1081 3843 1183 3892 aut
1232 3837 1403 3892 urbes
1433 3841 1613 3908 captaa
1647 3853 1678 3891 a
1710 3837 1839 3891 Per-
1953 3844 2074 3895 tam
2126 3838 2572 3894 vehementibus
2616 3839 2971 3896 seditionum
3025 3841 3226 3896 ﬂabris
3273 3848 3486 3913 apertae
3518 3859 3610 3898 re-

191 3928 276 3984 sis
308 3927 816 3989 erant,minimum
844 3926 898 3980 id
923 3927 1203 3997 quiddam
1227 3931 1282 3982 et
1314 3930 1594 3981 momenti
1623 3925 1842 3982 nullius
1957 3928 2231 3983 bellionis
2260 3933 2316 3982 et
2335 3927 2468 3981 belli
2503 3927 2688 3981 civilis
2712 3928 3382 3999 incendium,zegerrime
3411 3939 3608 4003 postea

190 4033 322 4073 esse
372 4017 666 4071 dicendo:
719 4015 910 4086 capita
942 4015 1095 4071 enim
1147 4017 1276 4088 ipsa
1325 4032 1521 4070 rerum
1565 4021 1621 4070 et
1673 4015 1842 4086 quasi
1956 4016 3033 4088 restinguendum,intlammaretur,ad
3061 4021 3607 4093 necessariampraz-

183 4106 381 4162 claves
415 4105 622 4158 limitis
647 4104 834 4159 adhuc
862 4105 1299 4173 teneri,minuta
1329 4105 1442 4160 ista
1463 4122 1618 4159 nunc
1647 4105 1841 4158 ablata
1956 4107 2284 4162 cautionem
2312 4105 2448 4160 mali
2471 4105 2641 4169 tanti,
2664 4115 2840 4178 atque
2873 4107 2939 4161 ad
2976 4107 3390 4180 explorandam
3417 4112 3610 4183 inspe-

187 4194 425 4268 quoties
456 4193 718 4249 volemus
735 4193 942 4265 exiguo
972 4199 1182 4248 conatu
1217 4195 1634 4264 recuperanda.
1669 4194 1841 4264 Ejus—
1956 4197 2145 4251 ctione
2179 4194 2446 4262 praesenti
2478 4212 2680 4250 eorum
2703 4195 2876 4252 fidem
2913 4197 3128 4268 quibus
3173 4215 3290 4253 non
3322 4201 3467 4256 satis
3495 4203 3610 4257 sibi

187 4283 346 4340 modi
407 4282 746 4337 vanissimis
801 4283 1152 4338 commentis
1196 4287 1320 4338 tum
1372 4283 1840 4355 scripto-procul
1957 4285 2279 4357 perspectis
2312 4300 2475 4340 arces
2497 4288 2551 4340 et
2577 4284 2908 4356 provincias
2929 4287 3510 4351 commiserat,istam
3545 4307 3608 4346 se

188 4372 414 4439 missis,
449 4377 572 4426 tum
617 4387 755 4427 voce
805 4388 999 4428 coram
1051 4371 1379 4441 inculcatis,
1430 4373 1704 4426 laetatum
1741 4373 1842 4426 im-
1959 4373 2372 4446 profectionem
2403 4373 2735 4445 suscepisse
2769 4374 2979 4429 deinde
3011 4375 3329 4432 declaravit
3361 4377 3608 4449 ipsemet

187 4461 454 4536 perantis
491 4462 757 4516 animum
795 4460 1114 4516 indormire
1140 4461 1310 4516 malis
1343 4461 1506 4516 facile
1541 4462 1704 4516 initio
1741 4478 1840 4517 cu-
1955 4461 2227 4517 familiari
2263 4479 2531 4517 sermone
2571 4462 2887 4519 Athanasio
2934 4463 3326 4522 Alexandrino
3359 4469 3607 4540 patriar-

185 4551 476 4607 rabilibus
507 4551 815 4622 cogebant,
850 4550 994 4605 nihil
1029 4550 1195 4622 pensi
1237 4551 1540 4616 habentes,
1576 4553 1714 4604 dum
1751 4569 1839 4606 res
1876 4619 1899 4622 _
1954 4552 2096 4620 cbaa,
2120 4551 2279 4605 illius
2309 4556 2433 4606 tum
2472 4551 2581 4622 ipsi
2609 4553 2714 4606 vias
2744 4552 3470 4618 comiti,contiuleuterviro
3500 4557 3604 4613 tali

186 4646 428 4713 agerent
451 4639 886 4704 suas,insidiari
914 4639 1171 4694 credulis
1204 4640 1534 4711 principum
1574 4640 1836 4702 auribus,
1871 4619 1918 4680 ί)
1951 4657 2087 4695 suas
2122 4641 2298 4695 animi
2335 4640 2717 4711 aegritudines
2741 4647 2797 4696 et
2831 4659 2942 4695 non
2974 4659 3156 4697 vanos
3190 4651 3380 4701 metus
3414 4648 3606 4719 suspi-

185 4738 237 4785 et
270 4730 356 4784 eis
387 4728 693 4782 infundere
733 4729 899 4798 quasi
935 4727 1121 4798 plenis
1171 4728 1393 4799 poculis
1425 4729 1681 4783 exitialia
1709 4729 1836 4799 qui-
1948 4731 2262 4799 cionesque
2285 4729 2713 4800 aperiensqum
2738 4731 2834 4786 ille
2852 4732 3097 4786 audiens
3144 4750 3256 4788 non
3295 4735 3603 4792 omittebat

184 4821 315 4875 dem
353 4834 594 4881 venena,
630 4816 729 4871 sed
761 4823 881 4872 arte
913 4818 1253 4873 assentandi
1288 4817 1370 4872 sic
1419 4818 1606 4872 diluta
1634 4820 1836 4872 cnndi-
1947 4835 2058 4890 qua
2087 4824 2312 4889 poterat
2334 4818 2730 4873 consolatione
2768 4818 3218 4877 delinire.Perro
3243 4839 3310 4877 ex
3341 4824 3452 4878 isto
3475 4823 3603 4897 ipso

181 4915 360 4980 taque
399 4914 458 4961 ut
490 4907 648 4960 virus
682 4922 884 4960 eorum
922 4924 1032 4960 non
1070 4907 1406 4962 sentiretur.
1435 4906 1606 4962 Porro
1644 4908 1835 4971 istam,
1947 4925 2053 4962 nos
2086 4909 2204 4962 haec
2245 4908 2448 4962 eadem
2490 4907 2833 4976 Athanasio,
2867 4909 3070 4966 audita
3101 4915 3225 4967 tum
3257 4913 3369 4968 sibi
3405 4920 3604 4984 postea

182 4999 249 5054 de
283 5014 406 5069 qua
458 4994 598 5060 dixi,
661 5011 852 5048 seram
905 4995 1152 5066 perditis
1203 4997 1376 5051 rebus
1432 4997 1488 5049 in
1553 4997 1662 5048 ista
1712 4995 1835 5050 loca
1945 4997 3048 5070 referente,cognovimus.Addvbatque
3073 4999 3183 5055 ista
3215 5003 3520 5058 occasione
3542 5021 3604 5061 se

180 5085 615 5160 expeditionem
645 5085 1016 5155 imperatoris
1051 5087 1172 5156 ipse
1198 5087 1488 5141 fatebatur
1519 5103 1548 5141 a
1581 5103 1641 5140 se
1677 5091 1832 5142 metu
1944 5085 2130 5142 oculis
2163 5103 2481 5157 usurpasse
2509 5086 2905 5142 miserrimum
2927 5087 3096 5159 plane
3118 5107 3183 5144 ac
3218 5092 3600 5150 meritissimo

179 5173 551 5247 erumpentis
589 5175 715 5243 jam
781 5174 837 5226 in
889 5182 1150 5246 apertam
1204 5177 1512 5247 perniciem
1568 5175 1833 5230 Ecclesiae
1947 5177 2209 5246 praesenti
2234 5175 2736 5247 3I4imperatm-i
2767 5175 3134 5247 deploratum
3161 5183 3382 5235 statum
3408 5183 3596 5254 regio-

181 5264 528 5322 scbismatis
562 5263 714 5343 813
751 5269 1108 5334 susceptam.
1144 5268 1286 5319 Cum
1319 5265 1472 5320 enim
1509 5266 1742 5320 timeret
1774 5265 1830 5319 in
1945 5284 2081 5321 num
2104 5267 2860 5338 ultraSangarim,extrema
2879 5269 3148 5325 vastitate
3171 5271 3596 5331 desolatarum.

176 5361 341 5411 tanta.
373 5351 655 5408 colluvies
684 5350 957 5406 claustris
988 5367 1358 5420 egressarum
1405 5369 1648 5407 excusso
1686 5354 1831 5424 ,iugo
1943 5355 2151 5410 Verum
2175 5357 2285 5411 ista
2312 5373 2414 5411 nos
2437 5374 2671 5428 quoque
2694 5351 2883 5413 fusius
2905 5373 3294 5431 exsequemur
3316 5379 3422 5418 suo
3447 5363 3594 5420 loco.

176 5443 503 5516 disciplima
537 5441 992 5512 vagantiumque
1033 5458 1498 5513 quoquoversum
1545 5459 1830 5514 pannosu-

176 5555 304 5592 rum
343 5532 715 5605 quorundam
749 5535 804 5585 et
827 5532 1014 5585 saccis
1041 5531 1294 5587 cilicinis
1319 5532 1704 5597 horrentium,
1741 5533 1828 5586 in-

177 5623 545 5681 sinuentium
580 5637 640 5675 se
674 5619 884 5689 obviis,
919 5622 1202 5676 domuum
1251 5623 1460 5676 intima
1518 5629 1828 5694 penetran—

175 5717 350 5784 tium,
412 5717 626 5769 cuncta
684 5709 1062 5783 implentium
1130 5711 1706 5770 murmurationibus
1768 5714 1827 5771 in
2010 5714 2127 5772 Hoc
2158 5731 2331 5788 porro
2363 5718 2625 5789 tempore
2656 5716 2713 5773 in
2751 5734 2867 5790 quo
2897 5721 3222 5779 enarrando
3262 5738 3589 5798 versamur,

2009 5502 2099 5554 28.
2181 5501 2251 5556 De
2325 5500 2586 5558 Ecclesiae
2641 5467 2960 5579 schismate,
3038 5513 3092 5558 ει
3171 5506 3598 5579 Pantcpopzcnis

2605 5575 2908 5630 monachis.
