4212 6442
622 370 730 426 763

1920 374 2224 433 GEORGII
2263 379 2730 437 ΡΔΟΗΥΗΒΒΒ

3922 382 4036 438 764

622 501 724 565 τῆς
765 495 1092 586 Ἑκκλησίας
1149 495 1433 568 ηὐξάνετο,
1490 501 1564 560 ὡς
1619 497 1712 553 λαὶ
1769 500 1885 554 κατ’
1945 497 2119 554 οἴκίαν
2147 499 2275 566 τοὺς
2303 503 2357 570 Α
2385 506 2466 574 τῷ
2497 504 2601 559 ἀπὸ
2629 509 2726 560 τοῦ
2774 508 3118 582 πατριάρχου
3175 508 3487 585 ἀφορισμῷ,
3519 508 3578 562 ’ὸν
3615 506 3914 586 ἀφωρίσθαι
3946 505 4038 561 ἐπὶ

628 587 778 647 ἔντος
812 585 1126 660 διῃρῆσθαι.
1159 588 1250 642 καὶ
1307 587 1495 653 ἄλλως
1555 596 1650 661 μὲν
1698 592 1901 665 πατέρα
1929 587 2147 665 διάγειν,
2175 589 2273 647 ἅλ-

627 674 739 735 λως
771 673 816 728 δ’
847 676 985 742 υἱὸν,
1018 675 1104 729 καὶ
1160 677 1369 749 μητέρα
1423 678 1510 731 καὶ
1573 677 1856 753 θυγατέρα,
1916 678 2004 733 καὶ
2057 680 2270 756 νύμφην

627 764 715 817 καὶ
777 765 1049 838 πενθεράν.
1110 769 1277 819 Ἦσαν
1335 763 1392 820 δὲ
1444 764 1669 828 πλείους
1747 768 1834 821 καὶ
1896 769 1946 821 οἱ
2004 769 2126 843 περὶ
2180 769 2272 822 τὸν

642 854 892 907 Υάκινθον
942 856 1201 928 μοναχοὶ,
1262 855 1479 909 ἄστατοί
1511 876 1653 916 τινες
1706 855 1794 910 καὶ
1856 856 1933 919 εἷς
1977 857 2182 917 τόπους
2215 856 2273 910 ἐκ

623 937 805 995 τόπων
836 941 1210 1013 πλανώμενοι,
1276 944 1406 1016 ὑπὲρ
1436 948 1532 997 τοῦ
1585 945 1928 1020 πατριάρχου
1984 944 2271 1014 ζηλοῦντες

624 1028 1007 1105 ἐξορισθέντος.
1041 1029 1245 1087 ’Ἄλλοι
1280 1031 1336 1086 δέ
1368 1053 1430 1107 γε
1480 1034 1571 1087 καὶ
1603 1034 1678 1097 εἷς
1737 1035 1929 1110 ἀρετήν
1987 1029 2272 1104 διαϐεϐοη-

631 1120 780 1191 μένοι
815 1114 874 1174 ἔκ
902 1141 959 1173 τε
988 1124 1085 1174 τοῦ
1147 1119 1421 1186 Γαλησίου
1478 1121 1567 1175 καὶ
1602 1122 1795 1196 ἐτέρων
1856 1127 2056 1194 μονῶν,
2098 1124 2172 1185 ὡς
2219 1125 2271 1177 οἱ

625 1207 748 1261 τότε
801 1211 867 1271 τῆ
927 1213 1026 1262 τοῦ
1110 1211 1495 1263 Παντεπόπτου
1582 1210 1722 1284 μονῇ
1803 1212 2268 1284 προσκαθήμενοι,

630 1295 1024 1372 ἀπορῥαγέντες
1080 1305 1180 1366 τῆς
1231 1301 1472 1372 ποίμνης
1531 1295 1755 1360 ἕκαστος
1803 1302 1901 1366 τῆς
1961 1299 2098 1361 ἰδίας
2156 1303 2270 1354 καθ’

631 1386 850 1450 ἑαυτοὺς
881 1385 1067 1455 διέζων
1105 1386 1232 1460 μηδ’
1273 1391 1578 1443 ὁπωστιοῦν
1638 1388 1729 1443 τὸν
1790 1391 1990 1467 Ἰωσὴφ
2049 1391 2124 1452 εἷς
2152 1412 2270 1445 κοιο

624 1475 815 1529 νωνίαν
849 1473 1167 1550 δεχόμενοι,
1198 1482 1360 1532 τοῦτο
1417 1479 1510 1550 μὲν
1564 1479 1637 1539 ὡς
1668 1477 1756 1532 καὶ
1789 1479 1951 1532 αὐτοῦ
1983 1475 2268 1542 ἐπιϐάντος

627 1561 784 1631 δῆθεν
818 1569 913 1618 τοῦ
963 1565 1157 1641 θρόνου
1216 1565 1301 1620 ἐπὶ
1358 1570 1435 1638 τῷ
1491 1567 1768 1640 πτερνίσαι
1823 1569 1913 1621 τὸν
1974 1569 2270 1642 Γερμανὸν,

621 1657 784 1707 τοῦτο
818 1652 873 1706 δὲ
903 1656 992 1706 καὶ
1027 1655 1101 1714 ὡς
1131 1653 1294 1708 αὐτοῦ
1324 1655 1386 1708 τὸ
1434 1659 1652 1729 πρῶτον
1711 1655 1843 1726 ὑπὲρ
1874 1660 1973 1709 τοῦ
2004 1659 2266 1732 πατριάρ-

624 1761 730 1815 χου
766 1739 1061 1811 ζηλοῦντος
1093 1744 1182 1796 καὶ
1212 1745 1310 1810 τὴν
1337 1747 1434 1798 τοῦ
1485 1748 1762 1819 Γερμανοῦ
1820 1746 2104 1800 κοινωνίαν
2139 1747 2270 1800 ἀπο-

2380 595 2459 663 τῷ
2494 593 2568 666 μή
2609 595 2701 648 τὸν
2762 595 2989 669 βασιλέα
3049 595 3121 656 εἰς
3179 597 3548 668 πνευματικὴν
3594 597 3818 666 υἰὸτητα
3878 594 4038 670 δέχε-

2384 681 2525 736 σθαι.
2560 683 2628 737 Οἳ
2662 681 2706 737 δ’
2740 683 2826 737 ἐπὶ
2857 692 2955 754 τῆς
2985 689 3081 738 τοῦ
3132 686 3517 739 ΙΙαντεπὸπτου
3554 693 3726 756 μονῆς
3790 684 4034 758 μοναχοὶ

2382 771 2470 822 καὶ
2527 771 2863 848 ἀπεθάρβουν
2936 773 3024 827 καὶ
3085 773 3690 848 παρῥησιαστιχώτερον
3767 769 4032 841 ἔϐαλλον,

2382 859 2494 930 ἅμα
2529 860 2622 932 μὲν
2671 863 2743 923 ὡς
2787 857 3098 934 ἐπιϐήτορι,
3157 864 3268 934 ἅμα
3326 861 3382 915 δὲ
3439 863 3526 916 καὶ
3561 864 3633 924 ὡς
3664 864 4036 939 ἀφωρισμένῳ

2379 952 2459 1019 τῷ
2513 955 2940 1025 πατριαρχοῦντι
3028 949 3356 1026 ἐπέχνντες.
3449 953 3720 1014 Ἐντεῦθεν
3794 952 3896 1026 γὰρ
3947 952 4041 1005 καὶ

2385 1035 2520 1110 μέγα
2584 1058 2635 1091 τι
2707 1038 3146 1113 συνελογίζοντο,
3207 1041 3269 1094 τὸ
3327 1039 3418 1092 καὶ
3477 1039 3624 1093 λύειν
3685 1039 3876 1102 ἁλυτα,
3936 1040 4034 1092 καὶ

2385 1123 2599 1196 μᾶΛλον
2635 1128 2711 1190 εἷς
2739 1134 2911 1202 κρῖμα
2940 1129 3027 1182 καὶ
3080 1127 3155 1189 είς
3215 1128 3481 1194 ἐπίτασιν,
3515 1127 3623 1201 οὐχ
3652 1129 3799 1188 ὅπως
3832 1127 4034 1198 ἆμετό-

2384 1231 2521 1288 χως,
2554 1213 2817 1269 ἀλλὰκαὶ
2877 1222 2994 1280 τοῖς
3051 1217 3234 1278 αὐτοῖς
3292 1217 3619 1291 ἐνεχόμενον
3675 1217 3765 1270 τὸν
3800 1215 4030 1272 λύοντα.

2383 1300 2608 1370 Πολλὴν
2640 1300 2696 1357 δὲ
2739 1304 2828 1358 καὶ
2859 1306 2955 1373 τὴν
3017 1303 3074 1358 ἐκ
3136 1303 3312 1379 λόγων
3365 1304 3636 1379 ἐπιφέρειν
3699 1305 4041 1372 πιθανότητα

2381 1394 2494 1464 ἅμα
2526 1393 2620 1464 μὶν
2652 1397 2732 1463 τῷ
2783 1397 2890 1446 τῶν
2946 1394 3256 1466 προσώπων
3313 1398 3459 1470 σφῶν
3496 1387 3798 1464 σεϐασμίῳ,
3835 1390 3947 1463 ἅμα
3981 1389 4040 1445 δὶ

2377 1484 2578 1557 καὶτῷ
2629 1483 2904 1555 συζηλοῦν
2965 1484 3189 1546 ἐκείνοις
3252 1485 3382 1558 ὑπερ
3417 1488 3512 1538 τοῦ
3542 1482 3887 1558 πατριάρχου
3946 1482 4042 1535 τὸν

2381 1573 2563 1640 Ἰωσή,
2623 1573 2680 1627 ὃν
2729 1572 2818 1628 καὶ
2868 1573 2940 1634 ὡς
2994 1574 3260 1648 ὀστράκου
3319 1573 3711 1644 μεταπεσόντος
3773 1570 3861 1625 ὶπὶ
3938 1574 4040 1624 τοῦ

2378 1666 2781 1737 πατριαρχικοῦ
2865 1661 3061 1737 θρόνου
3119 1661 3322 1731 ἤκουον
3397 1661 3732 1735 ἕφιζάνοντα.
3791 1659 4035 1720 Τούτους

2378 1751 2502 1824 περὶ
2562 1748 2822 1805 πλείστου
2875 1752 3207 1822 ποιούμενος
3255 1749 3290 1820 ἤ
3340 1749 3540 1814 πείθειν
3574 1749 3811 1818 ἣποιεῖν
3871 1748 4041 1802 ἐκπο-

619 1833 957 1903 τρεπομένου
989 1833 1077 1885 καὶ
1123 1838 1237 1894 τοῖς
1269 1831 1464 1894 ἄΛλοις
1520 1835 1940 1907 προτρέποντος,
1970 1834 2269 1910 ’Έγκλημα
2301 1865 2346 1928 Β
2380 1837 2486 1893 δὼν
2537 1839 2726 1912 (ὀξεῖαι
2757 1839 2857 1914 γάρ
2889 1837 3070 1900 ἀκίδες
3113 1839 3246 1893 κοτὰ
3304 1840 3488 1914 ψυχὴν
3551 1834 4062 1906 εὐσυνειδητοῦσαν

620 1917 666 1973 δ’
698 1921 813 1995 εἶχε
843 1921 932 1975 καὶ
967 1921 1123 1982 οὗτος
1155 1919 1291 1974 ἴδιον
1331 1927 1512 1993 μεῖζον
1553 1927 1650 1976 τοῦ
1702 1918 2099 1996 προλαϐόντος,
2130 1923 2266 1978 έκεῖ-

617 2031 708 2073 νος
740 2009 833 2082 μὲν
862 2012 961 2083 γὰρ
1002 2014 1069 2083 τῇ
1133 2012 1413 2082 μεταθέσει
1470 2013 1854 2086 προσέκρουεν,
1889 2013 1916 2066 ὁ
1975 2011 2019 2068 δ’
2070 2015 2267 2092 Ἰωσηφ

621 2138 1010 2209 minimejam
1039 2139 1235 2193 dubiis
1267 2140 1596 2211 iisdemque
1629 2141 1858 2213 magnis
1893 2142 2273 2196 incrementis

624 2227 886 2282 schisma
913 2227 1180 2282 Ecclesiae
1205 2245 1526 2300 augescens
1549 2231 1812 2301 quotidie
1833 2230 2138 2302 gliscebat,
2161 2232 2274 2286 uti-

626 2318 879 2388 quejam
902 2316 961 2371 in
989 2317 1270 2373 domuum
1300 2317 1510 2372 intima
1534 2325 1830 2389 receptum
1864 2321 2114 2374 funestis
2136 2337 2274 2374 con-

629 2404 1136 2474 junctissimorum
1160 2405 1700 2461 dissidiis.Fervere
1722 2407 2022 2478 ibijurgiis
2041 2415 2273 2476 cuncta,

627 2497 791 2564 patre
830 2510 963 2548 cum
1000 2494 1140 2564 filio,
1176 2495 1295 2550 filia
1327 2511 1460 2550 cum
1510 2499 1717 2565 matre,
1753 2513 1903 2550 nuru
1940 2514 2071 2552 cum
2105 2514 2273 2552 socru

627 2583 982 2650 commissis,
1015 2583 1326 2652 declaratis
1361 2584 1420 2638 in
1447 2589 1637 2656 partes
1658 2587 1986 2641 contrarias
2019 2588 2274 2658 pertina-

625 2674 796 2745 cique
847 2675 1219 2729 contentione
1250 2674 1640 2746 propugnatis
1664 2675 1907 2745 judiciis
1951 2681 2009 2731 et
2037 2676 2272 2733 studiis.

623 2762 1040 2818 Valentissima
1069 2769 1192 2818 erat
1212 2762 1522 2836 Hyacinthi
1544 2763 1738 2834 factio,
1763 2765 1985 2836 ingenti
2007 2769 2276 2836 promota

625 2869 870 2908 numero
891 2869 1172 2925 vagorum
1202 2853 1594 2924 quorumdam
1629 2857 1686 2908 et
1717 2853 1855 2908 hinc
1885 2854 2040 2920 inde,
2065 2871 2274 2910 rursus

625 2941 786 2997 illinc
808 2941 944 3008 huc,
976 2941 1409 3013 inquietissime
1432 2943 1799 2998 cursantium
1829 2943 2273 2999 monachorum.

626 3032 728 3087 His
762 3031 1128 3086 intoleranda
1171 3031 1615 3088 declamabatur
1656 3031 1883 3087 Arsenii
1934 3031 2276 3105 patriarchae

622 3118 844 3190 injuste
874 3118 930 3172 in
960 3119 1231 3173 exsilium
1256 3119 1484 3188 ejectio,
1514 3118 1908 3192 omnibusque
1931 3121 2122 3175 modis
2150 3123 2276 3190 eju-

2379 1929 2431 1982 οἱ
2461 1926 2708 2004 ἔλεγχοι)
2739 1929 3112 2002 εὐπροσώπως
3155 1935 3361 2003 χρῆται
3411 1933 3489 2000 τῷ
3523 1925 3760 2000 βασιλεῖ,
3792 1928 3874 1998 [Ρ.
3907 1926 4039 1997 213]

2377 2017 2466 2070 καὶ
2511 2015 2699 2085 ἐπειδὴ
2755 2018 2818 2071 τὸ
2875 2017 3078 2081 πείθειν
3140 2017 3239 2071 οὐκ
3293 2020 3357 2086 ἦν
3416 2015 3545 2090 (ποῦ
3601 2019 3702 2090 γάρ
3739 2019 3778 2089 ς)
3836 2011 4041 2088 ἄνδρας

2383 2145 2626 2199 vetitum
2651 2145 2700 2201 ci
2725 2145 2863 2201 olim
2889 2163 2921 2200 a
2943 2146 3277 2217 patriarcha
3296 2146 3501 2200 fuisset
3526 2145 3739 2200 habere
3761 2144 4041 2214 deinceps

2385 2234 2794 2304 imperatorem
2831 2233 2957 2290 loco
2979 2235 3306 2306 spiritualis
3330 2233 3433 2288 filii
3456 2239 3512 2289 et
3535 2232 3693 2288 illius
3714 2231 4041 2287 confessio-

2387 2339 2509 2388 nes,
2546 2329 2611 2377 ut
2655 2328 2825 2378 antea
2874 2328 3279 2390 consueverat,
3312 2324 3368 2377 in
3414 2327 3714 2393 posterum
3749 2321 4038 2391 accipere,

2385 2412 2539 2482 quod
2574 2412 2761 2467 facere
2809 2417 3006 2467 tamen
3041 2413 3383 2484 perexisset.
3416 2413 3605 2482 Atque
3636 2412 3743 2465 hoc
3789 2415 4042 2480 utroque

2387 2501 2625 2556 nomine
2659 2506 2781 2556 tum
2817 2501 3103 2556 invaseris
3136 2502 3191 2555 in
3214 2501 3329 2556 veri
3363 2500 3645 2555 antistitis
3669 2498 3919 2553 viventis
3953 2497 4043 2551 lo—

2386 2606 2543 2658 cum,
2569 2595 2772 2645 contra
2813 2591 2898 2644 fas
2950 2589 3183 2658 intrusi,
3219 2595 3343 2644 tum
3376 2588 3867 2644 excommunicati
3903 2605 4043 2659 pro-

2386 2684 2516 2748 pter
2566 2679 2887 2734 conscitam
2937 2679 3168 2749 culpam
3215 2680 3386 2748 cujus
3436 2675 3820 2748 prohibitioni
3854 2677 4049 2729 fuerat

2384 2768 2779 2823 anathematis
2809 2768 2936 2837 ipso
2980 2769 3129 2823 facto
3161 2767 3500 2822 incurrendi
3541 2764 3910 2820 denuntiatio
3943 2780 4046 2818 an-

2385 2872 2550 2911 nexa.
2589 2856 3004 2928 Pantepopteni
3047 2856 3372 2927 praesertim
3422 2852 3694 2909 monachi
3745 2852 4048 2907 liberrime

2383 2944 2896 3016 audacissimeque
2940 2947 3206 3000 omnium
3265 2943 3589 3016 Josephum
3641 2941 4046 3012 exagitabant,

2383 3033 2625 3089 alteram
2654 3034 2711 3088 in
2740 3034 2946 3105 primis
2971 3032 3441 3088 criminationem
3466 3033 3840 3087 vehementer
3866 3044 4047 3099 exag-

2381 3131 2671 3197 gerantes,
2707 3127 2955 3196 ejusque
2995 3125 3410 3196 indignitatem
3459 3122 3825 3194 argumentis
3855 3137 3886 3176 e
3911 3122 4048 3190 jure

622 3209 784 3263 ﬁdem
821 3209 1189 3279 procuranda
1241 3208 1531 3263 restitutio
1590 3225 1693 3279 pro
1759 3210 1930 3264 unico
1961 3209 2344 3279 VidebaturC
2383 3232 2449 3270 ac
2500 3214 2819 3286 disciplina
2867 3214 3262 3270 ecclesiastica
3314 3215 3578 3285 speciose
3628 3212 3892 3267 collectis
3942 3211 4048 3264 de-

620 3301 914 3368 proposus
967 3314 1164 3369 scopo.
1197 3298 1604 3370 Exsurgebant
1654 3297 1893 3354 aliunde
1925 3299 2268 3370 prodibant-

620 3403 756 3459 que,
790 3386 903 3442 alia
951 3388 1219 3458 quaedam
1268 3387 1651 3443 vociferantes
1701 3389 2070 3444 emendanda
2115 3391 2271 3443 fama

619 3476 854 3530 virtutis
884 3466 1343 3546 inclytisodales
1364 3476 1581 3532 Galesii
1605 3477 1848 3533 ccsnobii
1875 3494 2097 3532 necnon
2123 3494 2270 3548 quo-

618 3566 889 3620 rumdam
922 3565 1194 3628 aliorum,
1226 3567 1310 3621 uti
1343 3565 1442 3638 qui
1477 3566 1533 3620 in
1568 3582 1635 3621 ea
1667 3570 2019 3638 tempestate
2051 3567 2106 3621 in
2143 3585 2268 3622 mo-

617 3655 876 3709 nasterio
911 3655 1284 3725 Pantepoptaa
1316 3655 1469 3708 dicto
1513 3656 1916 3723 morabantur,
1951 3674 1982 3710 a
2014 3673 2120 3710 suo
2151 3656 2270 3710 sin-

617 3742 739 3814 guli
799 3741 984 3797 avulsi
1058 3759 1234 3814 grege
1293 3747 1350 3797 et
1405 3743 1622 3799 viritim
1684 3743 2094 3811 consulentes,
2154 3745 2272 3799 dux

618 3839 940 3903 auctorque
1000 3834 1112 3888 sibi
1174 3834 1449 3904 quisque.
1510 3839 1832 3889 Commune
1890 3835 1982 3888 his
2039 3836 2269 3890 cunctis

618 3921 859 3994 Joqephi
893 3921 1138 3976 recentis
1181 3923 1522 3993 patriarchae
1576 3923 1744 3992 plane
1793 3926 2267 3980 communionem

618 4010 896 4076 aversari,
931 4027 1036 4065 nec
1067 4027 1201 4065 eum
1257 4011 1364 4066 rite
1404 4018 1736 4082 promotum
1772 4029 2107 4084 agnoscere,
2141 4019 2268 4068 tum

617 4101 772 4170 quod
807 4107 864 4154 et
895 4101 1020 4170 ipse
1051 4100 1366 4156 invasisset
1408 4101 1630 4156 scilicet
1663 4101 1919 4157 alienum
1963 4103 2269 4172 thronum,

617 4190 996 4262 supplantato
1031 4189 1281 4261 indeque
1313 4191 1551 4246 detruso
1573 4191 1893 4260 Germano;
1927 4197 2050 4247 tum
2077 4193 2148 4247 ob
2182 4194 2268 4248 in-

619 4282 1167 4352 constantiam,qua
1190 4281 1454 4336 miserari
1479 4286 1647 4337 antea
1671 4282 1885 4338 solitus
1909 4286 2136 4338 Arsenii
2163 4285 2271 4339 for-

621 4376 822 4425 tunam
850 4376 905 4425 et
927 4387 1058 4424 eum
1082 4371 1509 4426 restituendum
1535 4371 1954 4443 pairiarchatui
1977 4372 2187 4439 dicere,
2205 4391 2272 4428 ex

617 4445 801 4530 eoque
821 4461 1074 4514 aversari
1093 4462 1570 4516 communionem
1605 4478 1739 4516 cum
1759 4462 2047 4518 Germano
2065 4467 2121 4517 et
2141 4463 2269 4518 aliis

2383 3308 2806 3373 monstrantes,
2838 3303 2993 3375 quod
3046 3319 3161 3358 non
3205 3307 3434 3357 tantum
3469 3300 3768 3357 absolvere
3798 3297 4049 3353 absolu-

2380 3392 2557 3446 tionis
2591 3392 2954 3463 incapacem,
2991 3392 3251 3464 privatus
3297 3390 3424 3462 ipse
3475 3389 3824 3445 nominatim
3851 3388 4050 3458 juris-

2381 3481 2659 3537 dictionis
2704 3486 3012 3553 potestate,
3063 3485 3442 3546 attentasset;
3494 3479 3592 3534 sed
3647 3483 4044 3549 praeterquam

2381 3588 2588 3642 expers
2619 3570 2992 3626 auctoritatis
3021 3569 3280 3625 solvendi
3314 3568 3579 3634 alterius,
3613 3568 3785 3622 etiam
3819 3566 4046 3637 ligatus

2381 3661 2506 3732 ipse
2539 3677 2772 3731 quoque
2814 3669 2868 3714 et
2907 3661 3189 3715 contracti
3236 3659 3597 3729 conscitique
3646 3656 4043 3712 analhematis

2382 3747 2615 3804 vinculo
2663 3749 3042 3810 constrictus,
3077 3748 3234 3802 istud
3278 3747 3470 3813 ipsum
3510 3744 4038 3816 przesumpsisset:

2383 3839 2590 3909 inquo
2648 3854 2758 3892 non
2819 3840 3078 3893 oratione
3131 3841 3386 3904 tantum,
3436 3835 3562 3890 loco
3625 3837 3827 3905 utique
3886 3833 4041 3887 vecti

2383 3927 2716 4000 plausibili,
2773 3928 2844 3982 ad
2916 3928 3390 3999 persuadendum
3460 3924 3759 3988 valebant,
3829 3939 4041 3977 verum

2378 4016 2555 4072 etiam
2609 4017 2955 4071 auctoritate
3015 4021 3252 4088 propter
3308 4016 3564 4086 speciem
3633 4011 4041 4068 sanctimonia:

2382 4122 2761 4178 personaeque
2805 4123 2872 4162 ac
2921 4105 3040 4162 oris
3094 4103 3625 4162 commendabilem
3687 4102 4037 4158 reveritam-

2381 4212 2494 4267 que
2524 4195 2697 4267 vulgo
2737 4194 3107 4266 gravitatem,
3142 4195 3494 4266 persuadere
3540 4207 3772 4262 semper
3797 4189 4042 4262 quidvis

2380 4284 2673 4350 idoneam,
2709 4289 2834 4339 tum
2867 4289 3063 4340 autem
3096 4283 3360 4339 efﬁcacia
3397 4279 3760 4338 ineluctabili
3794 4279 4040 4335 trahen-

2380 4379 2520 4441 tcm,
2556 4375 2811 4446 quando,
2847 4380 2911 4430 ut
2939 4381 3079 4430 tunc
3121 4392 3232 4429 usu
3263 4373 3551 4438 veniebat,
3583 4372 3785 4427 eodem
3817 4369 4041 4440 impel-

2382 4462 2581 4518 lebant
2605 4480 2718 4535 quo
2742 4465 2939 4519 studia
2955 4469 3164 4536 sponte
3189 4463 3606 4535 plerarumque
3629 4461 4040 4524 incurrebant,

618 4551 1000 4605 aversandam
1036 4549 1304 4616 suadere,
1328 4551 1472 4605 adeo
1497 4550 1621 4621 jam
1650 4551 1946 4606 contraria
1979 4551 2269 4622 prioribus
2304 4554 2498 4658 l)jam
2535 4571 2634 4625 per
2686 4569 2747 4608 se
2798 4553 3220 4608 incredibiliter
3270 4553 3634 4608 infensorum
3681 4549 3938 4621 Josepho
3975 4555 4043 4603 ut

618 4639 725 4658 !II,'_
770 4637 935 4658 j2_12-
975 4638 1231 4658 -_12____A
1271 4639 1413 4658 ι’--ι-
1473 4639 1796 4658 __AA,J,,_L
1861 4640 1903 4658 ‘,,
1966 4657 2009 4658 κέ
2062 4645 2103 4658 ιε
2463 4645 2472 4658 ι
2705 4644 2712 4652 -
2763 4645 2775 4658 ι
2935 4643 2969 4655 ιι
3288 4642 3343 4658 ιιι
3487 4641 3501 4658 ι
3686 4657 3693 4658 ,
3739 4639 4001 4658 l-_,fnf__n

613 4639 730 4693 illis
763 4637 938 4693 dictis
970 4638 1238 4709 actisque
1271 4639 1425 4694 facta
1465 4639 1821 4706 ostenderat,
1858 4640 1913 4693 in
1951 4645 2173 4710 partem
2211 4658 2271 4695 se

613 4729 879 4783 inserens
903 4729 1112 4798 agnitae
1140 4728 1250 4781 sibi
1277 4745 1510 4800 quoque
1528 4728 1940 4801 damnataeque
1968 4731 2159 4799 palam
2187 4730 2268 4784 in-

604 4818 798 4889 jurize,
815 4823 868 4872 et
891 4816 1085 4871 locum
1108 4816 1373 4872 insidens
1395 4818 1550 4873 unde
1576 4818 1775 4890 inique
1795 4817 2107 4889 depulsum
2129 4835 2268 4889 que-

611 4915 738 4962 stus
771 4910 925 4961 esset
956 4907 1243 4961 viventem
1269 4907 1461 4962 adhuc
1491 4909 1884 4979 patriarcham
1913 4908 2267 4978 legitimum.

612 4998 827 5051 Verum
863 4996 972 5051 hoc
1003 5012 1136 5051 cum
1173 5001 1330 5051 esset
1372 4996 1454 5050 illi
1498 5013 1813 5052 commune
1843 5014 1976 5052 cum
2012 4999 2124 5053 alio
2156 4997 2267 5052 cri-

613 5103 769 5153 men,
802 5085 917 5140 alia
972 5090 1092 5140 erat
1147 5085 1462 5155 peculiaris
1513 5104 1639 5156 qua:
1696 5085 1860 5140 illum
1896 5087 2272 5141 vehementer

611 5177 887 5248 gravabat
911 5176 1152 5230 invidia.
1173 5174 1413 5230 Utenim
1437 5175 1767 5230 Germanus
1791 5192 1971 5247 supra
1990 5176 2266 5246 injuriam

611 5265 831 5321 exclusi
863 5265 1092 5321 Arsenii
1140 5266 1377 5336 propria
1421 5265 1724 5320 laborabat
1756 5265 2000 5320 infamia
2032 5271 2266 5319 mutatis

611 5365 737 5408 cont
754 5372 1080 5408 racannnes
1102 5354 1970 5426 sediset(;onstantinopolitani
1990 5372 2053 5408 ex
2067 5357 2145 5409 Ad
2160 5355 2268 5408 ria-

614 5445 952 5515 nopolitano
987 5447 1314 5500 transcensi
1367 5445 1584 5514 throni,
1614 5445 1697 5500 sic
1743 5450 1798 5499 ct
1846 5445 2175 5499 offendebat
2205 5445 2262 5498 in

614 5535 765 5590 315
791 5536 1043 5605 Josepho
1071 5539 1345 5605 probrum
1376 5536 1456 5588 illi
1483 5536 1581 5588 uni
1616 5535 1968 5589 conveniens
1992 5535 2263 5604 idemque

613 5626 723 5679 late
758 5626 1150 5684 dilaniatum.
1187 5628 1339 5694 quod
1373 5625 1537 5679 illum
1573 5626 1806 5679 aiebant
1840 5626 1891 5678 in
1928 5642 2260 5680 excommu-

613 5717 964 5771 nicationcm
1019 5715 1359 5787 incurrisse,
1409 5715 1521 5771 sub
1566 5717 1735 5787 cujus
1789 5716 2260 5771 interminatione

2385 4644 2714 4698 subsessori
2752 4643 2996 4708 Arsenii,
3029 4659 3250 4714 proque
3285 4642 3385 4697 illo
3419 4641 3542 4697 solo
3576 4657 3706 4696 vero
3739 4639 4041 4710 legitimo-

2383 4749 2516 4803 que,
2550 4734 2722 4803 cujus
2745 4750 3086 4804 oppressam
3122 4733 3516 4788 innocentiam
3548 4731 3845 4785 vindicare
3868 4734 4039 4799 opta-

2383 4822 2544 4888 bant,
2597 4822 2926 4893 patriarcha
2977 4828 3385 4878 momentanea
3434 4821 3830 4887 conversione,
3875 4817 4042 4873 velut

2384 4911 2691 4965 temerario
2714 4911 2922 4981 tegulis
2947 4912 3136 4982 lapsu,
3153 4915 3390 4982 repente
3407 4905 3710 4984 supposito
3731 4907 4045 4962 subintru-

2381 5016 2564 5070 soque
2584 4987 3532 5070 pseudoantistiti.QuaaIosephus
3550 4996 3718 5052 initia
3735 4996 4042 5052 tumultus

2381 5088 2877 5157 animadvertens,
2906 5094 2962 5143 et
2994 5089 3237 5146 minime
3268 5089 3687 5156 contemnenda
3714 5090 3870 5140 recte
3894 5100 4040 5139 cen-

2379 5194 2537 5244 scns,
2557 5178 2731 5233 talem
2761 5194 2962 5236 eorum
2986 5179 3408 5248 sopiendorum
3434 5177 3716 5233 rationem
3743 5175 4041 5246 iniit,quze

2379 5266 2560 5323 mullo
2591 5267 3088 5322 vehementiorem
3120 5268 3176 5324 in
3221 5268 3416 5338 ipsum
3451 5267 3680 5322 invidia:
3727 5265 4038 5320 ﬂammam

2378 5357 2904 5413 accenderet.Cum
2931 5357 3087 5412 enim
3121 5357 3384 5412 adhibito
3410 5357 3462 5410 in
3489 5354 3804 5411 consilium
3831 5353 4042 5409 doiore

2375 5446 2751 5501 contumeliae
2775 5447 3042 5518 propria},
3060 5449 3230 5515 cujus
3250 5446 3517 5502 acerrimi
3538 5450 3676 5497 sunt
3693 5444 3919 5497 stimuli
3947 5461 4036 5496 er-

2375 5553 2448 5607 ga
2467 5536 2577 5589 sibi
2601 5542 2752 5590 recte
2767 5537 3034 5592 conscias
3055 5535 3547 5599 mentes,omnino
3568 5535 3675 5588 sibi
3695 5534 4036 5587 faciendum

2373 5625 2685 5681 statuisset
2726 5633 2790 5680 ut
2835 5631 3103 5682 auctores
3153 5628 3380 5696 injuriis
3416 5643 3532 5696 qua
3563 5624 4036 5684 conﬂictabatur,

2371 5722 2472 5772 aut
2502 5717 2574 5772 de
2623 5718 2916 5773 sententia
2972 5717 3286 5773 deduceret
3319 5723 3422 5772 aut
3451 5717 3521 5771 de
3553 5715 3743 5770 medio
3777 5712 4034 5768 tolleret,
