4212 6442
178 332 289 390 765

1251 341 1350 395 ΠΒ
1387 340 1758 396 ΜῙΟΗΔΒῙΒ
1794 338 2238 396 Ρωοωσο
2270 340 2405 394 LIB.
2446 340 2543 394 IV.

3465 335 3574 392 766

179 457 535 531 ἀμειλίκτους
562 461 664 528 τὴν
695 456 957 533 ἔνστασιν,
1012 461 1264 533 κολάζειν
1322 463 1582 537 ᾑροῦντο.
1611 462 1821 520 Ἀνατί-
1850 467 1906 531 Α
1933 466 2029 516 τοῦ
2087 462 2341 534 σώματος
2374 462 2635 537 ἰσχυρῶς,
2667 462 2742 523 ὡς
2781 460 3052 521 πολλάκις
3079 464 3175 514 τοῦ
3209 460 3382 531 μηνὸς
3412 461 3445 528 ἢ
3479 460 3571 515 καὶ

180 548 326 602 θεται
356 548 535 603 τυίνυν
576 551 641 603 τὰ
696 550 819 621 περὶ
847 550 1055 605 τούτων
1100 556 1177 623 τῷ
1229 552 1605 626 Ἀκροπολίτῃ
1652 558 1823 624 Γεωρ-

175 636 284 712 γίῳ
312 637 400 691 καὶ
433 638 508 698 εἷς
563 638 858 712 λογοθὲτας
893 640 1114 715 μεγάλῳ
1143 642 1228 695 καὶ
1258 646 1409 717 σοφῷ
1446 641 1513 695 τὰ
1564 640 1819 711 μάλιστα,

174 724 322 792 πλὴν
352 723 829 799 κατημελημένως
859 734 969 783 τῶν
1001 728 1077 790 εἷς
1131 727 1435 798 συνείδησιν
1479 728 1686 802 ἔχοντι,
1720 727 1820 783 Καὶ

174 810 241 881 δὴ
301 815 388 868 ἐπὶ
448 814 620 877 οἰκίας
670 816 946 891 ἐπαγαγὼν
996 816 1256 892 χαλεπῶς
1303 817 1549 892 ᾐκίζετο,
1600 817 1820 891 ὃαίρων,

170 904 520 977 κρεμαννύων
550 951 563 975 ,
621 906 927 976 μαστίζων,
978 906 1106 968 τοὺς
1156 905 1212 961 δὲ
1262 928 1324 981 γε
1362 908 1643 980 κρείττους
1689 904 1821 960 ἐκεί-

172 1014 279 1045 νων
334 993 422 1046 καὶ
472 994 679 1065 ἀτιμῶν
727 1000 809 1066 τῷ
835 996 908 1048 δι’
951 995 1152 1070 ἀγορᾶς
1208 991 1555 1070 θριαμϐεύειν
1605 996 1817 1067 ἀτίμως

174 1079 260 1134 ἐπ’
342 1081 542 1145 αἰτίαις
612 1083 889 1145 κακίσταις
966 1087 1055 1138 καὶ
1132 1084 1562 1158 πεπλασμίναις,
1623 1082 1820 1159 ἄνδρας

172 1170 322 1225 πολὺ
378 1172 439 1225 τὸ
498 1171 817 1245 ἀξιοπρεπες
869 1172 1097 1249 ἔχοντας
1156 1173 1217 1229 ὲκ
1264 1180 1361 1229 τοῦ
1414 1175 1536 1250 βίου
1584 1176 1675 1229 καὶ
1720 1181 1818 1241 τῆς

173 1264 324 1334 σφῶν
357 1260 747 1331 καταστάσεως,
780 1262 872 1324 οὓς
920 1264 1010 1317 καὶ
1064 1265 1197 1337 μετὰ
1241 1265 1305 1318 τὸ
1348 1270 1559 1339 πικρῶς
1591 1265 1667 1325 ὡς
1700 1264 1813 1317 οἷόν

168 1368 228 1402 τε
263 1346 540 1419 μετελθεῖν
584 1350 812 1425 ἐξορέαις
864 1349 1065 1419 ἐδίδου,
1112 1354 1240 1415 τοὺς
1286 1356 1525 1427 καθάπαξ
1572 1360 1671 1422 τῆς
1718 1356 1817 1429 γῆς

168 1437 260 1490 καὶ
320 1442 426 1491 τῶν
474 1438 676 1512 γηίνων
734 1440 1126 1514 ἐξωρισμένους
1163 1487 1177 1500 .
1241 1443 1344 1499 Καὶ
1399 1443 1521 1497 τότε
1583 1442 1816 1516 πρώτως

174 1524 414 1589 πολλοῖς
471 1527 733 1584 ἐπέκλασε
788 1530 880 1591 τὰς
936 1529 1269 1603 συνειδήσεις
1327 1533 1817 1610 ὁἸωσήφ,καὶτῇ

173 1616 383 1670 τούτων
442 1616 730 1691 παραθέσει
776 1621 804 1673 6
853 1615 1147 1695 προλαϐὼν
1197 1622 1259 1676 τὸ
1306 1627 1549 1696 κρεῖττον
1605 1621 1820 1699 ἐφέρετο

176 1704 250 1766 ὡς
304 1703 471 1777 μηδὲν
522 1704 713 1778 μηδενὶ
766 1707 1077 1782 ἐνοχλήσας
1134 1711 1322 1774 καθότι
1352 1711 1441 1765 καὶ
1496 1710 1724 1787 λέγοιεν.
1755 1714 1821 1790 ᾯ

1930 558 2029 619 τῆς
2062 546 2365 623 ἑϐδομάδος
2422 549 2593 605 ἐνίοτε
2649 547 2916 624 πρόσοδον
2957 551 3226 603 ποιεῖσθαι
3257 550 3391 622 πρὸς
3428 550 3575 623 βασι-

1933 637 2051 709 λέα,
2082 643 2242 693 τοῦτο
2306 640 2398 711 μὲν
2443 638 2532 692 καὶ
2563 638 2653 714 ἀφ’
2683 638 2893 708 ἑαυτοῦ,
2943 642 3103 692 τοῦτο
3137 634 3192 690 δὲ
3230 637 3317 689 καὶ
3368 634 3569 690 καλού-

1936 748 2116 798 μενος.

1927 846 2029 908 κδ’.
2058 849 2243 903 Ὅπως
2276 840 2664 897 ἀποστέλλεται
2699 843 2772 897 είς
2806 841 3056 896 Παιονίαν
3108 842 3238 912 μετά
3266 845 3361 894 τοῦ
3405 838 3571 913 μεγά-

2002 913 2107 969 λου
2139 912 2330 976 δουκὸς
2361 918 2457 969 τοῦ
2483 916 2719 986 Λασκαρι
2851 912 3400 986 προπατριαργτεύσας
3425 912 3567 986 -Γερε

2004 986 2185 1058 μανὸς,
2217 986 2459 1041 κάκεῖθεν
2507 981 2683 1059 ἤγαγε
2731 981 2945 1062 νύμφήν
3004 981 3082 1055 τῷ
3134 981 3236 1039 τῶ·
3293 981 3565 1058 βασιλέως

2002 1059 2125 1131 υἱῷ,
2157 1059 2244 1113 καὶ
2277 1060 2649 1134 προσεστέφθη
2662 1078 2775 1111 σαν.

2000 1175 2083 1246 [Ρ.
2113 1176 2239 1245 214]
2298 1174 2444 1229 Ἐπεὶ
2507 1170 2562 1227 δὲ
2613 1194 2703 1227 και
2759 1173 2785 1227 6
2817 1172 2933 1232 υίὸς
2962 1176 3042 1243 τῷ
3077 1168 3291 1244 βασιλεῖ
3314 1166 3564 1242 ἤνὸρωτο

1928 1260 2292 1338 Ἀνδρόνικος,
2349 1262 2408 1316 ’ὸν
2467 1262 2556 1316 καὶ
2608 1262 2682 1322 εἷς
2749 1258 3021 1335 βασιλείαν
3085 1256 3343 1333 διάδοχον
3375 1258 3566 1321 ὡςκαί

1924 1356 2032 1409 τῶν
2087 1352 2272 1407 ἄλλων
2327 1351 2585 1427 πρότερον
2647 1350 3044 1423 προητοίμαζε,
3095 1350 3183 1403 καὶ
3218 1346 3323 1402 ἔδει
3373 1368 3567 1420 συναρ-

1932 1442 2144 1514 μόττειν
2198 1442 2359 1496 αὐτὸν
2416 1446 2484 1514 τῇ
2526 1440 2804 1515 πρεπούσῃ
2861 1440 3098 1513 συζύγῳ,
3157 1438 3220 1491 τὸ
3278 1439 3373 1509 μὲν
3429 1437 3565 1510 πρὸς

1926 1531 2053 1593 τοὺς
2111 1528 2357 1592 Ἰταλοὺς
2407 1525 2792 1605 πρεσϐεύεσθαι
2852 1526 3053 1589 εύὸδως
3114 1528 3212 1582 οὐκ
3278 1527 3413 1599 εἶχε,
3471 1529 3566 1578 τοῦ

1931 1620 2217 1692 Καρούλου
2278 1619 2472 1693 μεταξὺ
2540 1620 2792 1691 κειμένου
2842 1618 2976 1672 κατὰ
3029 1618 3126 1685 τὴν
3189 1615 3448 1682 Πουλίαν,
3508 1614 3566 1668 ὅν

1929 1711 2016 1764 καὶ
2078 1707 2271 1783 ἐχθρὸν
2319 1709 2622 1783 ἀκήρυκτον
2666 1708 2855 1762 ἑαυτοῦ
2899 1706 2986 1761 καὶ
3032 1704 3316 1777 Ῥωμαίων
3376 1702 3567 1778 ἐγίνω-

176 1791 241 1861 δὴ
298 1796 387 1848 καὶ
438 1796 465 1847 6
519 1800 730 1868 κρατῶν
773 1797 861 1852 καὶ
889 1798 1042 1863 αὖθις
1065 1798 1293 1873 ἐχρῆτο,
1325 1800 1415 1854 καὶ
1443 1799 1646 1875 πατέρα
1676 1800 1817 1854 ὠνό-
1853 1838 1894 1900 Β
1931 1820 2022 1854 σκε
2079 1796 2168 1853 διὰ
2220 1799 2319 1867 τήν
2379 1796 2541 1851 πόλιν
2592 1798 2767 1852 καὶτὸ
2801 1797 2934 1868 μετὰ
2988 1798 3083 1849 τοῦ
3118 1790 3450 1849 Βαλδούίνου
3483 1790 3570 1845 ἐπὶ

256 1888 284 1900 ..
462 1884 990 1900 ..,..-
1208 1888 1317 1900 ..
1473 1886 1747 1900 ...._
1994 1893 2012 1900 _
2210 1886 2441 1900 ..-
2584 1884 2648 1900 ,κ
2791 1882 3360 1900 ..κιςηι

177 1888 331 1954 μαζε,
392 1885 476 1937 καὶ
538 1884 615 1948 εἷς
674 1886 879 1959 βουλὴν
941 1888 1075 1963 εἶχε,
1134 1889 1223 1943 καὶ
1274 1888 1348 1950 εἰς
1395 1886 1581 1942 πολλὰ
1610 1887 1816 1963 ἐχρῆτο

173 1970 541 2044 συλλήπτορι,
568 1974 655 2028 καὶ
685 1972 861 2043 ἡδέως
912 1975 1082 2042 ἤκουε
1138 1976 1539 2049 μεσιτεύοντος.
1580 1979 1680 2033 Ἦν
1714 1978 1815 2054 γὰρ

172 2060 199 2112 ὁ
258 2058 542 2133 ἅνθρωπος
597 2064 684 2117 καὶ
743 2068 823 2135 τῷ
878 2064 1073 2137 κόσμῳ
1122 2066 1446 2143 σύντροφος,
1499 2068 1587 2121 καὶ
1648 2064 1816 2129 δεινὸς

175 2147 424 2212 ὑπελθεῖν
486 2149 740 2226 ἄρχουσι,
794 2152 883 2206 καὶ
914 2159 1096 2207 πεῖσαι
1124 2149 1213 2209 ὅτε
1258 2157 1467 2229 καιρὸς,
1526 2155 1613 2210 καί
1646 2157 1814 2229 θυμὸν

178 2236 409 2310 μαλάξαι
457 2239 548 2294 καὶ
604 2242 870 2317 ἆγριᾶναι·
934 2244 1066 2318 Εἶχε
1119 2241 1176 2299 δὲ
1233 2243 1325 2298 σὺν
1382 2248 1450 2318 τῇ
1490 2245 1682 2320 γνώμῃ
1728 2245 1816 2299 καὶ

178 2455 366 2524 primo
398 2470 513 2510 non
551 2457 900 2513 succedente
965 2460 1281 2530 (quomodo
1342 2460 1495 2515 enim
1556 2461 1826 2517 homines

177 2549 343 2615 capto
374 2546 768 2601 communiter
798 2547 1020 2619 impetu
1052 2549 1205 2603 316
1236 2550 1692 2605 irrevocabiliter
1721 2569 1821 2606 ru-

176 2639 339 2689 entes
370 2633 586 2689 blande
615 2651 681 2689 ac
712 2636 1028 2707 tranquille
1068 2638 1406 2693 deducendo
1457 2640 1711 2710 placaret
1755 2657 1821 2696 ac

177 2723 459 2796 sisteret?)
482 2726 743 2797 potentia
767 2726 1277 2801 imperatoris,pro
1302 2731 1491 2803 gratia
1521 2749 1638 2803 qua
1667 2735 1817 2804 apud

180 2812 346 2869 illum
378 2814 672 2887 praecipua
701 2817 956 2884 valebat,
981 2819 1051 2873 ad
1082 2817 1331 2875 alterum
1363 2820 1737 2877 efﬁciendum
1766 2822 1821 2877 vi

179 2920 328 2959 saeva
350 2905 1029 2963 incubuit.Demandavit
1046 2912 1240 2965 autem
1263 2910 1560 2983 negotium
1579 2911 1821 2984 Georgio

176 2994 519 3066 Acropolita
540 2995 693 3051 inter
717 2996 1045 3069 logothetas
1068 3006 1366 3072 magno,et
1387 3000 1445 3057 in
1472 3002 1674 3070 primis
1696 3018 1825 3059 eru-

177 3083 293 3139 dito
316 3084 776 3156 callidoque,sed
800 3091 1169 3145 conscientiae
1195 3107 1402 3161 parum
1439 3092 1824 3157 temeras,mi-

177 3172 527 3244 nimumque
558 3176 725 3245 pensi
757 3174 972 3233 habere
1002 3177 1062 3233 in
1095 3178 1270 3235 rebus
1300 3178 1572 3252 gerendis
1602 3182 1823 3238 credito

178 3263 313 3333 quid
349 3263 441 3317 fas
466 3268 525 3318 et
554 3264 813 3320 ofﬁcium
848 3268 1245 3324 moneret.ll|e
1271 3269 1449 3339 igitur
1476 3270 1683 3326 domos
1712 3271 1821 3327 ob-

179 3353 301 3407 iens
324 3352 670 3423 patriarchae
693 3354 1108 3413 obtrectatores
1130 3357 1452 3429 prehensos
1472 3360 1820 3429 abducebat,

179 3457 419 3509 vexans,
451 3444 700 3506 cedens,
734 3446 1140 3515 proscindens,
1185 3449 1577 3519 suspendens,
1626 3449 1823 3521 ﬂagel-

179 3528 436 3602 lsns,qui
459 3548 590 3587 vero
614 3532 765 3587 inter
788 3533 920 3589 illos
942 3537 1266 3591 eminerent
1286 3538 1823 3609 dignitate,probris

176 3620 575 3675 dehonestans
607 3638 674 3677 ac
719 3638 818 3693 per
869 3624 993 3679 fora
1037 3624 1429 3695 ignominiose
1484 3628 1819 3694 traducens,

179 3708 479 3776 pratentis
511 3724 678 3777 verae,
711 3725 886 3781 quam
918 3712 1169 3780 celabat,
1200 3729 1389 3768 causa
1429 3714 1823 3772 odiosissimis

174 3796 358 3867 iisque
390 3797 657 3853 conﬁctis
689 3798 1057 3871 criminibus,
1090 3801 1440 3858 intolerabili
1491 3804 1690 3875 utique
1737 3813 1818 3878 ty-

172 3888 416 3942 rannide
446 3888 584 3942 viris
616 3894 751 3943 ante
782 3890 1113 3960 conspicuis
1136 3896 1193 3946 et
1214 3892 1497 3948 inoffenso
1521 3910 1696 3949 cursu
1726 3896 1823 3951 ho-

172 3977 325 4030 noris
355 3981 605 4031 eatenus
634 3977 690 4031 in
725 3978 838 4031 vita
869 3980 1028 4047 usis;
1076 3997 1221 4051 quos
1275 3982 1452 4036 etiam
1504 3989 1818 4054 postquam

171 4065 268 4120 tali
317 4065 640 4121 acerbitate
678 4067 1091 4136 deformasset,
1125 4071 1296 4126 exilio
1329 4072 1641 4140 multabat,
1674 4073 1819 4129 nihil

174 4162 431 4210 sanctam
468 4155 753 4210 reveritus
787 4157 1208 4227 professionem
1244 4159 1673 4231 religiosorum,
1719 4162 1815 4233 qui

175 4245 340 4299 semel
364 4244 640 4300 abdicato
668 4246 888 4300 mundo
910 4245 1138 4302 exsules
1162 4264 1223 4303 se
1243 4252 1408 4304 terra;
1432 4250 1500 4305 ad
1527 4249 1813 4306 caelestem

175 4333 316 4389 ultro
342 4334 850 4389 conversationem
879 4336 1341 4391 transtulissent.
1370 4338 1645 4394 Fructum
1678 4356 1814 4395 con-

174 4423 280 4478 silii
313 4423 449 4478 talis
484 4423 642 4477 hunc
669 4423 964 4495 Josephus
996 4424 1155 4493 tulit,
1185 4431 1249 4481 ut
1281 4427 1597 4483 multorum
1633 4430 1731 4500 qui
1766 4431 1816 4486 ei

174 4512 451 4569 hactenus
465 4513 939 4569 studueranthac
952 4514 1225 4570 violentia
1239 4517 1627 4572 conscientias
1642 4519 1815 4573 offen-

1925 1893 2039 1949 τοὶς
2071 1887 2255 1941 παισὶν
2308 1886 2482 1941 αὗτῶν
2544 1884 2731 1954 κῆδος·
2784 1882 2891 1954 ἤδη
2925 1883 3026 1959 γὰρ
3054 1884 3144 1937 τὸν
3180 1883 3371 1959 Μαφρὲ
3402 1902 3567 1934 κατα-

1928 1975 2091 2038 λύσας
2140 1974 2503 2050 ἐμεγαλύνετο
2564 1976 2660 2049 ῥήξ
2720 1976 2746 2028 6
2806 1974 3067 2048 πρότερον
3130 1971 3444 2038 κόντος,ὡς
3474 1974 3568 2023 τοῦ

1928 2065 2095 2141 ῥηγὸς
2125 2065 2405 2139 Φραγγίας
2434 2062 2793 2140 αὐτάδελφος·
2856 2066 3017 2117 τοῦτο
3067 2062 3168 2137 γάρ
3223 2061 3273 2114 οἳ
3305 2058 3391 2113 καί
3440 2081 3574 2131 συμ-

1926 2156 2316 2233 πεφωνημένος
2362 2154 2551 2227 μισθὸς
2578 2156 2643 2223 ἧν
2692 2154 2835 2228 παρᾶ
2863 2160 2961 2222 τῆς
2994 2149 3320 2221 Ἐκκλησίας
3351 2156 3451 2219 τῆς
3482 2149 3568 2203 ἐπὶ

1925 2250 2006 2318 τῷ
2035 2245 2227 2322 Μαφρε
2255 2242 2649 2300 ἀποπατοῦντι
2681 2245 2881 2317 ὁρμῆς,
2915 2242 2972 2296 ἃν
3026 2241 3101 2304 εἷς
3156 2240 3312 2301 τέλος
3371 2240 3570 2311 νικῴη.

1935 2478 2083 2534 opus
2104 2467 2277 2530 esset;
2298 2466 2425 2517 tum
2449 2462 2682 2517 eosdem
2710 2461 2938 2531 placare
2960 2460 3370 2529 concitareque
3402 2458 3575 2527 prout

1937 2570 2026 2608 res
2054 2557 2373 2625 poscerent.
2410 2552 2733 2606 Accedebat
2753 2550 2844 2604 his
2875 2549 3053 2603 animi
3086 2548 3255 2603 bonis
3284 2552 3340 2601 et
3372 2561 3572 2615 corpo-

1937 2643 2014 2697 ris
2044 2642 2221 2698 robur
2251 2640 2519 2713 palatinas
2553 2640 2771 2695 militias
2794 2639 3094 2693 laboribus
3119 2653 3252 2708 pur:
3281 2652 3384 2690 nec
3415 2633 3571 2689 enim

1935 2732 2083 2788 ³1⁸1
2121 2730 2277 2797 huic,
2314 2734 2378 2784 ut
2409 2728 2608 2785 multis
2634 2728 2787 2797 aliis,
2820 2728 3086 2783 obstabat
3117 2725 3384 2781 valetudo
3424 2739 3573 2794 quo-

1938 2821 2137 2876 minus
2162 2820 2377 2891 sapius
2408 2820 2465 2874 in
2500 2835 2722 2889 mense,
2754 2817 3046 2873 interdum
3098 2815 3232 2887 plus
3282 2813 3460 2869 semel
3511 2812 3571 2867 in

1936 2909 2323 2977 hebdomade,
2345 2908 2534 2965 adiret
2554 2909 2985 2981 imperatorem,
3022 2904 3234 2977 partim
3257 2902 3410 2958 ultro
3443 2918 3573 2974 par-

1934 3000 2039 3056 tim
2071 2998 2410 3056 accersitus.

1930 3117 2019 3172 29.
2058 3116 2121 3172 Ut
2151 3117 2350 3170 missus
2382 3116 2443 3189 in
2476 3112 2825 3189 Pannoniam
2856 3128 2979 3189 cuni
3008 3125 3205 3189 inagna
3253 3108 3416 3189 duce.
3441 3108 3573 3162 Las-

2004 3190 2125 3244 cari
2170 3186 2569 3263 expatriaroha
2599 3190 2927 3263 Germanus
2957 3183 3084 3263 inde
3112 3197 3363 3261 sponsam
3394 3183 3576 3263 impef.

2002 3259 2205 3316 ratari:
2242 3256 2363 3331 ﬁlio
2408 3258 2649 3329 duxerit,
2695 3267 2860 3329 utque
2905 3256 3033 3312 novi
3088 3256 3272 3327 sponsi
3329 3256 3575 3309 coronati

2000 3336 2146 3388 sunt.

2001 3449 2286 3514 Quoniam
2310 3463 2443 3503 vero
2467 3448 2591 3519 jam
2623 3446 2683 3501 in
2714 3446 2901 3501 virum
2935 3444 3268 3501 adoleverat
3290 3441 3446 3496 ﬁlius
3468 3440 3577 3494 im-

1931 3541 2217 3609 peratoris
2273 3537 2661 3603 Andronicus,
2696 3550 2867 3607 quem
2900 3534 2952 3590 is
2993 3539 3057 3588 ut
3114 3531 3572 3603 primogenitum

1930 3628 2043 3684 sibi
2104 3627 2469 3698 principatus
2529 3641 2930 3682 successorem
2991 3622 3347 3688 destinabat,
3405 3618 3575 3689 eique

1932 3722 2237 3789 propterea
2266 3716 2535 3771 idoneam
2563 3717 2686 3786 jam
2723 3730 2876 3770 nunc
2898 3713 3203 3781 coniugem
3227 3708 3573 3781 eXpediebat

1925 3804 2713 3879 jungere,circumspiciebat
2740 3805 3041 3875 Augustus
3074 3799 3171 3857 ubi
3192 3800 3262 3856 ad
3288 3800 3344 3855 id
3368 3804 3564 3870 aptam

1931 3895 2233 3951 inveniret.
2259 3897 2336 3950 Ac
2359 3910 2430 3950 ne
2451 3893 2624 3949 talem
2649 3893 2708 3948 in
2732 3892 2896 3948 Italia
2917 3894 3202 3962 quaereret
3225 3885 3572 3960 prohibebat

1930 4001 2186 4057 praesens
2219 3983 2297 4039 ibi
2346 3988 2534 4039 status
2565 3998 2782 4039 rerum.
2808 3981 3111 4053 Regnabat
3132 3979 3192 4033 in
3219 3975 3565 4048 Δρυιὶεώοο

1926 4082 2016 4131 est
2032 4075 2087 4129 in
2110 4081 2270 4146 parte
2291 4071 2757 4130 ltalianrientali
2777 4064 3567 4141 obversaimperio,Carolus,

1926 4163 2201 4236 palam‘et
2220 4162 2676 4218 irrevocabiliter
2696 4154 3356 4231 Constantinopolitanis
3378 4154 3571 4209 infen-

1926 4271 2030 4310 sus
2051 4253 2126 4309 ob
2146 4257 2401 4324 ereptam
2424 4250 2646 4307 Latinis
2669 4249 2871 4306 urbem
2894 4249 3262 4319 ejectumque
3282 4244 3416 4299 inde
3439 4242 3575 4299 Bal-

1926 4346 1957 4399 d
1970 4342 2444 4413 uinum,quicum
2465 4342 2577 4414 ipsi
2601 4339 2905 4396 afﬁnitatis
2922 4342 3082 4395 arcta
3098 4334 3468 4391 necessitudo
3485 4332 3572 4387 in-

1926 4431 2277 4495 tercedebat,
2310 4429 2509 4485 liberis
2547 4429 2856 4484 amborum
2909 4424 3199 4482 connubio
3249 4422 3564 4478 fcsderatis.

1925 4519 2110 4583 Quare
2144 4520 2519 4574 manifestum
2553 4524 2679 4573 erat
2706 4517 2914 4586 legatis
2946 4513 3301 4577 Romanis,si
3334 4513 3476 4567 forte
3507 4511 3565 4566 in

174 4603 319 4657 deret
357 4603 466 4657 abs
500 4618 679 4673 seque
712 4601 993 4658 alienaret
1024 4603 1375 4660 voluntates.
1411 4608 1813 4679 Apparuitque
1848 4595 1891 4659 Ι)
1926 4606 2260 4663 ulteriorem
2298 4607 2667 4662 mitterentur
2698 4607 2924 4662 Italiam
2959 4604 3089 4659 ﬁlia:
3119 4602 3428 4673 cujusdam
3470 4599 3566 4655 ille

170 4690 295 4747 inde
311 4697 540 4764 quanto
558 4692 773 4746 saniori
793 4692 1038 4748 consilio
1053 4695 1323 4749 decessor
1338 4697 1467 4765 ejus
1486 4695 1814 4753 Germanus

172 4782 220 4834 in
243 4782 618 4837 incommodo
642 4781 819 4846 simili
846 4782 1054 4837 fuisset
1084 4785 1668 4850 usus,contumelism
1694 4787 1815 4841 dis-

174 4869 547 4934 simulans,et
574 4870 790 4924 nemini
819 4871 1237 4943 molestiameo
1260 4875 1497 4928 nomine
1523 4875 1815 4931 facessens

172 4963 311 5029 quod
346 4961 404 5015 in
438 4976 505 5015 se
539 4958 773 5030 quidvis
804 4960 977 5015 aliter
1005 4977 1183 5032 quam
1213 4961 1387 5017 vellet
1432 4965 1818 5032 comperisset

172 5049 402 5104 dictum.
430 5049 587 5119 Ergo
620 5048 714 5102 hic
743 5050 919 5104 etiam
953 5056 1086 5121 post
1115 5068 1341 5118 casum;
1365 5057 1422 5106 et
1451 5054 1720 5108 redactus
1754 5055 1812 5108 in

173 5142 447 5207 ordinem,
512 5138 948 5195 existimatione
998 5141 1300 5213 gratiaque
1349 5143 1563 5211 ﬂoruit,
1612 5150 1815 5216 gratus

173 5232 271 5301 ipsi
305 5229 763 5301 principi.Pa_ter
793 5230 862 5285 ab
894 5246 960 5284 eo
986 5236 1249 5299 vocatus,
1274 5232 1331 5287 in
1365 5234 1675 5288 consilium
1710 5236 1815 5289 ad-

172 5316 832 5389 hibitus,procuratione
863 5318 1219 5374 demandata
1249 5323 1612 5390 negotiozum
1638 5322 1816 5378 hono-

175 5412 340 5468 ratus,
377 5412 437 5461 et
467 5404 721 5458 libenter
740 5419 807 5457 ac
836 5404 1045 5460 effectu
1078 5406 1508 5478 impetrationis
1538 5418 1816 5479 sequente

176 5495 395 5549 auditus
428 5508 565 5547 eum
602 5508 703 5562 pro
758 5493 964 5547 amicis
1014 5495 1421 5553 intercederet.
1478 5503 1610 5554 Erat
1656 5500 1812 5556 enim

176 5583 333 5638 homo
383 5581 719 5637 innutritus
772 5585 1014 5649 mundo,
1068 5587 1253 5641 multo
1304 5604 1407 5642 usu
1443 5589 1568 5641 vitae
1602 5590 1812 5657 civilis,

174 5672 453 5731 insinuare
474 5687 542 5730 se
565 5670 931 5744 principibus
953 5674 1171 5749 sciens,
1196 5680 1663 5753 persuadereque
1684 5698 1812 5754 quae

1923 4696 2387 4768 imperitantium
2402 4702 2663 4767 Augusto
2679 4695 2796 4750 ﬁlio
2812 4694 3241 4767 pascendae,per
3256 4690 3568 4746 irreconci-

1925 4789 2160 4843 liabiter
2180 4789 2419 4843 infestos
2440 4793 2699 4843 Romano
2723 4787 2946 4841 nomini
2972 4793 3259 4840 terrarum
3287 4783 3566 4837 marium-

1926 4893 2039 4948 que
2071 4880 2293 4932 tractus
2324 4877 2525 4943 iter,ut
2556 4874 3072 4940 necessarium,ita
3102 4872 3342 4928 minime
3374 4877 3565 4926 tutum

1925 4966 2205 5021 t'ore.Jam
2228 4965 2384 5021 enim
2412 4965 2704 5021 Manfredo
2717 4965 2927 5020 aemulo
2943 4960 3210 5034 perculso
3224 4961 3569 5031 abjectoque

1925 5054 2109 5109 victor
2138 5054 2400 5122 Carolus,
2435 5056 2608 5109 frater
2636 5054 2790 5126 regis
2822 5054 3094 5121 Francia),
3128 5068 3198 5105 ex
3222 5055 3392 5106 conto
3445 5049 3567 5104 sive

1925 5145 2159 5209 comite,
2190 5145 2383 5216 qualis
2415 5144 2579 5217 prius
2614 5143 2950 5209 vocabatur,
2985 5142 3210 5214 regium
3260 5138 3566 5210 magniﬁce

1926 5250 2135 5289 nomen
2171 5232 2803 5306 assumpserat,ainpla
2831 5248 2899 5287 ea
2928 5231 3193 5287 mercede
3224 5230 3295 5285 ab
3326 5228 3571 5284 ecclesia

1925 5329 2334 5379 remuneratus
2390 5324 2462 5379 ob
2524 5330 2795 5378 navatam
2856 5321 2904 5376 ei
2955 5320 3181 5376 fidelem
3238 5324 3294 5374 et
3344 5320 3568 5374 felicem

1924 5430 2159 5485 operam
2193 5414 2252 5467 in
2286 5413 2571 5468 Manfredi
2606 5411 2927 5467 defectione
2960 5410 3298 5467 ulciscenda
3328 5409 3571 5480 ipsoque

1926 5503 2125 5559 rebelli
2158 5502 2544 5574 proﬂigando.
2578 5506 2712 5558 Haec
2744 5506 3025 5575 reputans
3073 5501 3392 5572 imperator
3436 5499 3569 5553 ani-

1923 5609 2084 5648 mum
2120 5600 2175 5647 et
2205 5608 2339 5663 spes
2370 5592 2543 5646 vertit
2574 5593 2629 5645 in
2684 5592 3063 5658 Pannoniam,
3111 5606 3296 5662 eoque
3344 5588 3565 5659 legatos

1924 5683 2180 5739 decrevit
2202 5683 2456 5737 mittere.
2494 5681 2607 5736 Rex
2637 5682 2718 5738 ibi
2749 5682 3167 5738 dominabatur
3194 5684 3420 5752 partem
3454 5676 3565 5733 Ro-
