  <div class='ocr_page' id='page_1' title='image "/cluster/home/n/w/nwhite01/storage/ocr_20150623/143/nnc1.0046980733/391.png"; bbox 0 0 4246 6446; ppageno 0'>
   <div class='ocr_carea' id='block_1_1' title="bbox 646 412 753 467">
    <p class='ocr_par' dir='ltr' id='par_1_1' title="bbox 646 412 753 467">
     <span class='ocr_line' id='line_1_1' title="bbox 646 412 753 467; baseline 0 -1"><span class='ocrx_word' id='word_1_1' title='bbox 646 412 753 467; x_wconf 83' lang='grc'><strong>767</strong></span> 
     </span>
    </p>
   </div>
   <div class='ocr_carea' id='block_1_2' title="bbox 1952 416 2754 474">
    <p class='ocr_par' dir='ltr' id='par_1_2' title="bbox 1952 416 2754 474">
     <span class='ocr_line' id='line_1_2' title="bbox 1952 416 2754 474; baseline 0.002 -2"><span class='ocrx_word' id='word_1_2' title='bbox 1952 416 2254 473; x_wconf 75' lang='lat' dir='ltr'><strong>GEORGII</strong></span> <span class='ocrx_word' id='word_1_3' title='bbox 2292 416 2754 474; x_wconf 70' lang='grc' dir='ltr'><strong>ΡΔΟΗῩΠΒΗΕ</strong></span> 
     </span>
    </p>
   </div>
   <div class='ocr_carea' id='block_1_3' title="bbox 3958 413 4067 466">
    <p class='ocr_par' dir='ltr' id='par_1_3' title="bbox 3958 413 4067 466">
     <span class='ocr_line' id='line_1_3' title="bbox 3958 413 4067 466; baseline 0.018 -2"><span class='ocrx_word' id='word_1_4' title='bbox 3958 413 4067 466; x_wconf 77' lang='lat'><strong>763</strong></span> 
     </span>
    </p>
   </div>
   <div class='ocr_carea' id='block_1_4' title="bbox 650 529 4067 618">
    <p class='ocr_par' dir='ltr' id='par_1_4' title="bbox 650 529 4067 618">
     <span class='ocr_line' id='line_1_4' title="bbox 650 529 4067 618; baseline -0.001 -27"><span class='ocrx_word' id='word_1_5' title='bbox 650 536 799 591; x_wconf 76' lang='grc' dir='ltr'>Ἐπεὶ</span> <span class='ocrx_word' id='word_1_6' title='bbox 862 539 1029 590; x_wconf 78' lang='grc' dir='ltr'>ταῦτα</span> <span class='ocrx_word' id='word_1_7' title='bbox 1062 582 1076 607; x_wconf 87' lang='grc'><strong>,</strong></span> <span class='ocrx_word' id='word_1_8' title='bbox 1137 529 1280 609; x_wconf 74' lang='grc' dir='ltr'>ἔγνω</span> <span class='ocrx_word' id='word_1_9' title='bbox 1336 535 1471 610; x_wconf 83' lang='grc' dir='ltr'>πρὸς</span> <span class='ocrx_word' id='word_1_10' title='bbox 1531 535 1764 598; x_wconf 89' lang='grc' dir='ltr'>Παίονας</span> <span class='ocrx_word' id='word_1_11' title='bbox 1830 536 1929 605; x_wconf 76' lang='grc' dir='ltr'>τήν</span> <span class='ocrx_word' id='word_1_12' title='bbox 2006 530 2291 611; x_wconf 75' lang='grc' dir='ltr'>πρεσϐείαν</span> <span class='ocrx_word' id='word_1_13' title='bbox 2325 537 2667 618; x_wconf 65' lang='grc' dir='ltr'>Ατεμένους</span> <span class='ocrx_word' id='word_1_14' title='bbox 2696 545 2796 609; x_wconf 87' lang='grc' dir='ltr'>τῆς</span> <span class='ocrx_word' id='word_1_15' title='bbox 2824 543 2921 594; x_wconf 86' lang='lat'><strong>106</strong></span> <span class='ocrx_word' id='word_1_16' title='bbox 2951 543 3083 595; x_wconf 77' lang='grc' dir='ltr'>Θεοῦ</span> <span class='ocrx_word' id='word_1_17' title='bbox 3140 538 3317 613; x_wconf 86' lang='grc' dir='ltr'>Λόγου</span> <span class='ocrx_word' id='word_1_18' title='bbox 3366 536 3581 614; x_wconf 84' lang='grc' dir='ltr'>σοφίας,</span> <span class='ocrx_word' id='word_1_19' title='bbox 3637 538 3736 590; x_wconf 91' lang='lat'><strong>106</strong></span> <span class='ocrx_word' id='word_1_20' title='bbox 3786 536 4067 609; x_wconf 80' lang='grc' dir='ltr'>πατριάρ-</span> 
     </span>
    </p>
   </div>
   <div class='ocr_carea' id='block_1_5' title="bbox 650 622 2302 699">
    <p class='ocr_par' dir='ltr' id='par_1_5' title="bbox 650 622 2302 699">
     <span class='ocr_line' id='line_1_5' title="bbox 650 622 2302 699; baseline 0.001 -22"><span class='ocrx_word' id='word_1_21' title='bbox 650 622 880 677; x_wconf 86' lang='grc' dir='ltr'>στεῖλαι·</span> <span class='ocrx_word' id='word_1_22' title='bbox 943 626 970 678; x_wconf 89' lang='grc' dir='ltr'>ὁ</span> <span class='ocrx_word' id='word_1_23' title='bbox 1034 624 1137 697; x_wconf 71' lang='grc' dir='ltr'>γὰρ</span> <span class='ocrx_word' id='word_1_24' title='bbox 1328 622 1546 678; x_wconf 73' lang='grc' dir='ltr'>ἰκείνων</span> <span class='ocrx_word' id='word_1_25' title='bbox 1594 624 1709 686; x_wconf 79' lang='grc' dir='ltr'>υἱὸς</span> <span class='ocrx_word' id='word_1_26' title='bbox 1769 626 1835 693; x_wconf 70' lang='grc' dir='ltr'>ἦν</span> <span class='ocrx_word' id='word_1_27' title='bbox 1867 626 2215 699; x_wconf 82' lang='grc' dir='ltr'>Ῥωμογενής</span> <span class='ocrx_word' id='word_1_28' title='bbox 2245 625 2302 678; x_wconf 79' lang='grc' dir='ltr'>ἐκ</span> 
     </span>
    </p>
   </div>
   <div class='ocr_carea' id='block_1_6' title="bbox 651 711 2298 788">
    <p class='ocr_par' dir='ltr' id='par_1_6' title="bbox 651 711 2298 788">
     <span class='ocr_line' id='line_1_6' title="bbox 651 711 2298 788; baseline 0.001 -22"><span class='ocrx_word' id='word_1_29' title='bbox 651 714 859 787; x_wconf 86' lang='grc' dir='ltr'>μητρὸς</span> <span class='ocrx_word' id='word_1_30' title='bbox 887 718 965 784; x_wconf 80' lang='grc' dir='ltr'>τῷ</span> <span class='ocrx_word' id='word_1_31' title='bbox 998 712 1124 788; x_wconf 75' lang='grc' dir='ltr'><strong>ῥηγὲ</strong></span> <span class='ocrx_word' id='word_1_32' title='bbox 1158 712 1443 787; x_wconf 80' lang='grc' dir='ltr'>γεννηθεὶς</span> <span class='ocrx_word' id='word_1_33' title='bbox 1481 719 1581 780; x_wconf 79' lang='grc' dir='ltr'>τῆς</span> <span class='ocrx_word' id='word_1_34' title='bbox 1626 716 1722 765; x_wconf 88' lang='lat'><strong>106</strong></span> <span class='ocrx_word' id='word_1_35' title='bbox 1768 711 2005 767; x_wconf 88' lang='grc' dir='ltr'>παλαιοῦ</span> <span class='ocrx_word' id='word_1_36' title='bbox 2060 712 2298 786; x_wconf 70' lang='grc' dir='ltr'>Λάσκαρι</span> 
     </span>
    </p>
   </div>
   <div class='ocr_carea' id='block_1_7' title="bbox 646 798 2301 875">
    <p class='ocr_par' dir='ltr' id='par_1_7' title="bbox 646 798 2301 875">
     <span class='ocr_line' id='line_1_7' title="bbox 646 798 2301 875; baseline 0 -20"><span class='ocrx_word' id='word_1_37' title='bbox 646 800 951 875; x_wconf 78' lang='grc' dir='ltr'>θυγατρός.</span> <span class='ocrx_word' id='word_1_38' title='bbox 1013 803 1174 875; x_wconf 84' lang='grc' dir='ltr'>Τρεῖς</span> <span class='ocrx_word' id='word_1_39' title='bbox 1229 800 1329 875; x_wconf 68' lang='grc' dir='ltr'>γὰρ</span> <span class='ocrx_word' id='word_1_40' title='bbox 1398 800 1584 872; x_wconf 78' lang='grc' dir='ltr'>ἐκείνῳ</span> <span class='ocrx_word' id='word_1_41' title='bbox 1646 798 1989 875; x_wconf 84' lang='grc' dir='ltr'>βασιλεύοντι</span> <span class='ocrx_word' id='word_1_42' title='bbox 2044 799 2301 871; x_wconf 77' lang='grc' dir='ltr'><strong>τηνικάδε</strong></span> 
     </span>
    </p>
   </div>
   <div class='ocr_carea' id='block_1_8' title="bbox 647 889 2295 965">
    <p class='ocr_par' dir='ltr' id='par_1_8' title="bbox 647 889 2295 965">
     <span class='ocr_line' id='line_1_8' title="bbox 647 889 2295 965; baseline 0.001 -22"><span class='ocrx_word' id='word_1_43' title='bbox 647 892 930 965; x_wconf 72' lang='grc' dir='ltr'><strong>θυγατέρες</strong></span> <span class='ocrx_word' id='word_1_44' title='bbox 992 891 1152 958; x_wconf 77' lang='grc' dir='ltr'>ἦσαν,</span> <span class='ocrx_word' id='word_1_45' title='bbox 1212 890 1345 958; x_wconf 78' lang='grc' dir='ltr'>αὕτη</span> <span class='ocrx_word' id='word_1_46' title='bbox 1399 889 1495 960; x_wconf 89' lang='grc' dir='ltr'><strong>μία</strong></span> <span class='ocrx_word' id='word_1_47' title='bbox 1530 936 1541 957; x_wconf 92' lang='grc'><strong>,</strong></span> <span class='ocrx_word' id='word_1_48' title='bbox 1600 889 1690 942; x_wconf 84' lang='grc' dir='ltr'><strong>καὶ</strong></span> <span class='ocrx_word' id='word_1_49' title='bbox 1752 890 2035 961; x_wconf 81' lang='grc' dir='ltr'>θαυμαστή</span> <span class='ocrx_word' id='word_1_50' title='bbox 2088 889 2295 963; x_wconf 70' lang='grc' dir='ltr'>Εἷρήνη</span> 
     </span>
    </p>
   </div>
   <div class='ocr_carea' id='block_1_9' title="bbox 648 972 2295 1051">
    <p class='ocr_par' dir='ltr' id='par_1_9' title="bbox 648 972 2295 1051">
     <span class='ocr_line' id='line_1_9' title="bbox 648 972 2295 1051; baseline 0 -19"><span class='ocrx_word' id='word_1_51' title='bbox 648 976 890 1051; x_wconf 69' lang='grc' dir='ltr'>δευτέρα,</span> <span class='ocrx_word' id='word_1_52' title='bbox 949 980 1009 1045; x_wconf 75' lang='grc' dir='ltr'><strong>ἢν</strong></span> <span class='ocrx_word' id='word_1_53' title='bbox 1068 979 1095 1030; x_wconf 98' lang='lat'><strong>6</strong></span> <span class='ocrx_word' id='word_1_54' title='bbox 1155 979 1412 1045; x_wconf 80' lang='grc' dir='ltr'>Ἰωάννης</span> <span class='ocrx_word' id='word_1_55' title='bbox 1445 978 1593 1050; x_wconf 80' lang='grc' dir='ltr'>σχὼν</span> <span class='ocrx_word' id='word_1_56' title='bbox 1645 972 1958 1031; x_wconf 74' lang='grc' dir='ltr'>ἐϐασίλευσε</span> <span class='ocrx_word' id='word_1_57' title='bbox 1985 978 2077 1031; x_wconf 89' lang='grc' dir='ltr'>τὸν</span> <span class='ocrx_word' id='word_1_58' title='bbox 2110 990 2295 1041; x_wconf 87' lang='grc' dir='ltr'>πενθε-</span> 
     </span>
    </p>
   </div>
   <div class='ocr_carea' id='block_1_10' title="bbox 646 1064 2298 1142">
    <p class='ocr_par' dir='ltr' id='par_1_10' title="bbox 646 1064 2298 1142">
     <span class='ocr_line' id='line_1_10' title="bbox 646 1064 2298 1142; baseline -0.001 -21"><span class='ocrx_word' id='word_1_59' title='bbox 646 1070 739 1141; x_wconf 81' lang='grc' dir='ltr'><strong>ρὸν</strong></span> <span class='ocrx_word' id='word_1_60' title='bbox 794 1064 1222 1139; x_wconf 81' lang='grc' dir='ltr'>διαδεξάμενος,</span> <span class='ocrx_word' id='word_1_61' title='bbox 1284 1067 1373 1120; x_wconf 79' lang='grc' dir='ltr'><strong>καὶ</strong></span> <span class='ocrx_word' id='word_1_62' title='bbox 1425 1067 1580 1141; x_wconf 84' lang='grc' dir='ltr'>τρίτη</span> <span class='ocrx_word' id='word_1_63' title='bbox 1640 1069 1674 1135; x_wconf 81' lang='grc' dir='ltr'>ἡ</span> <span class='ocrx_word' id='word_1_64' title='bbox 1724 1071 1802 1137; x_wconf 76' lang='grc' dir='ltr'>τῷ</span> <span class='ocrx_word' id='word_1_65' title='bbox 1859 1064 2081 1142; x_wconf 84' lang='grc' dir='ltr'>μεγάλῳ</span> <span class='ocrx_word' id='word_1_66' title='bbox 2126 1067 2298 1139; x_wconf 83' lang='grc' dir='ltr'>κυρίῳ</span> 
     </span>
    </p>
   </div>
   <div class='ocr_carea' id='block_1_11' title="bbox 643 1152 2295 1229">
    <p class='ocr_par' dir='ltr' id='par_1_11' title="bbox 643 1152 2295 1229">
     <span class='ocr_line' id='line_1_11' title="bbox 643 1152 2295 1229; baseline -0.001 -19"><span class='ocrx_word' id='word_1_67' title='bbox 643 1156 783 1210; x_wconf 81' lang='grc' dir='ltr'>κο.τᾶ</span> <span class='ocrx_word' id='word_1_68' title='bbox 807 1157 903 1224; x_wconf 70' lang='grc' dir='ltr'><strong>τὴν</strong></span> <span class='ocrx_word' id='word_1_69' title='bbox 934 1156 1095 1209; x_wconf 82' lang='grc' dir='ltr'>πόλιν</span> <span class='ocrx_word' id='word_1_70' title='bbox 1147 1152 1428 1218; x_wconf 73' lang='grc' dir='ltr'>ἐκδοθεῖσα</span> <span class='ocrx_word' id='word_1_71' title='bbox 1476 1152 1731 1212; x_wconf 72' lang='grc' dir='ltr'>Ιίύδοκία.</span> <span class='ocrx_word' id='word_1_72' title='bbox 1774 1155 1857 1225; x_wconf 77' lang='grc' dir='ltr'><strong>Ἐξ</strong></span> <span class='ocrx_word' id='word_1_73' title='bbox 1908 1154 2117 1226; x_wconf 80' lang='grc' dir='ltr'>ἐκείνης</span> <span class='ocrx_word' id='word_1_74' title='bbox 2166 1160 2295 1229; x_wconf 76' lang='grc' dir='ltr'>γοῦν</span> 
     </span>
    </p>
   </div>
   <div class='ocr_carea' id='block_1_12' title="bbox 639 1242 2296 1319">
    <p class='ocr_par' dir='ltr' id='par_1_12' title="bbox 639 1242 2296 1319">
     <span class='ocr_line' id='line_1_12' title="bbox 639 1242 2296 1319; baseline -0.001 -20"><span class='ocrx_word' id='word_1_75' title='bbox 639 1252 739 1313; x_wconf 74' lang='grc' dir='ltr'>τῆς</span> <span class='ocrx_word' id='word_1_76' title='bbox 768 1246 1035 1318; x_wconf 75' lang='grc' dir='ltr'><strong>προτέρας</strong></span> <span class='ocrx_word' id='word_1_77' title='bbox 1082 1246 1109 1299; x_wconf 89' lang='lat'><strong>6</strong></span> <span class='ocrx_word' id='word_1_78' title='bbox 1162 1251 1262 1313; x_wconf 79' lang='grc' dir='ltr'>τῆς</span> <span class='ocrx_word' id='word_1_79' title='bbox 1292 1242 1550 1304; x_wconf 75' lang='grc' dir='ltr'>Παιονίας</span> <span class='ocrx_word' id='word_1_80' title='bbox 1709 1247 1789 1314; x_wconf 82' lang='grc' dir='ltr'>τῷ</span> <span class='ocrx_word' id='word_1_81' title='bbox 1831 1242 1960 1319; x_wconf 79' lang='grc' dir='ltr'>ῥηγὶ</span> <span class='ocrx_word' id='word_1_82' title='bbox 1992 1244 2081 1298; x_wconf 76' lang='grc' dir='ltr'><strong>καὶ</strong></span> <span class='ocrx_word' id='word_1_83' title='bbox 2132 1244 2296 1319; x_wconf 82' lang='grc' dir='ltr'>πατρὶ</span> 
     </span>
    </p>
   </div>
   <div class='ocr_carea' id='block_1_13' title="bbox 642 1331 2296 1409">
    <p class='ocr_par' dir='ltr' id='par_1_13' title="bbox 642 1331 2296 1409">
     <span class='ocr_line' id='line_1_13' title="bbox 642 1331 2296 1409; baseline -0.001 -21"><span class='ocrx_word' id='word_1_84' title='bbox 642 1334 924 1409; x_wconf 80' lang='grc' dir='ltr'>γεννηθεὶς</span> <span class='ocrx_word' id='word_1_85' title='bbox 999 1340 1228 1409; x_wconf 83' lang='grc' dir='ltr'>γυναῖκα</span> <span class='ocrx_word' id='word_1_86' title='bbox 1284 1333 1423 1386; x_wconf 87' lang='grc' dir='ltr'>πάνυ</span> <span class='ocrx_word' id='word_1_87' title='bbox 1489 1332 1693 1407; x_wconf 82' lang='grc' dir='ltr'>ὡραίαν</span> <span class='ocrx_word' id='word_1_88' title='bbox 1753 1331 1813 1387; x_wconf 80' lang='grc' dir='ltr'>ἐκ</span> <span class='ocrx_word' id='word_1_89' title='bbox 1880 1332 2147 1406; x_wconf 86' lang='grc' dir='ltr'>Κομάνων</span> <span class='ocrx_word' id='word_1_90' title='bbox 2207 1333 2296 1388; x_wconf 82' lang='grc' dir='ltr'><strong>καὶ</strong></span> 
     </span>
    </p>
   </div>
   <div class='ocr_carea' id='block_1_14' title="bbox 641 1419 2296 1498">
    <p class='ocr_par' dir='ltr' id='par_1_14' title="bbox 641 1419 2296 1498">
     <span class='ocr_line' id='line_1_14' title="bbox 641 1419 2296 1498; baseline 0 -21"><span class='ocrx_word' id='word_1_91' title='bbox 641 1422 1033 1498; x_wconf 78' lang='grc' dir='ltr'>αἶ’χμάλωτον,</span> <span class='ocrx_word' id='word_1_92' title='bbox 1085 1422 1160 1484; x_wconf 84' lang='grc' dir='ltr'>ὡς</span> <span class='ocrx_word' id='word_1_93' title='bbox 1205 1420 1482 1496; x_wconf 71' lang='grc' dir='ltr'>λέγουσιν,</span> <span class='ocrx_word' id='word_1_94' title='bbox 1516 1420 1689 1491; x_wconf 77' lang='grc' dir='ltr'>ἐαυτῷ</span> <span class='ocrx_word' id='word_1_95' title='bbox 1720 1419 1809 1475; x_wconf 82' lang='grc' dir='ltr'><strong>διὰ</strong></span> <span class='ocrx_word' id='word_1_96' title='bbox 1853 1422 1915 1475; x_wconf 87' lang='grc' dir='ltr'>τὸ</span> <span class='ocrx_word' id='word_1_97' title='bbox 1964 1420 2173 1483; x_wconf 82' lang='grc' dir='ltr'>κάλλος</span> <span class='ocrx_word' id='word_1_98' title='bbox 2201 1422 2296 1497; x_wconf 82' lang='grc' dir='ltr'><strong>ἆρ-</strong></span> 
     </span>
    </p>
   </div>
   <div class='ocr_carea' id='block_1_15' title="bbox 644 1509 2297 1587">
    <p class='ocr_par' dir='ltr' id='par_1_15' title="bbox 644 1509 2297 1587">
     <span class='ocr_line' id='line_1_15' title="bbox 644 1509 2297 1587; baseline 0.001 -22"><span class='ocrx_word' id='word_1_99' title='bbox 644 1511 955 1583; x_wconf 68' lang='grc' dir='ltr'>μοσάμενος</span> <span class='ocrx_word' id='word_1_100' title='bbox 1009 1510 1271 1587; x_wconf 66' lang='grc' dir='ltr'>θυγατέρα</span> <span class='ocrx_word' id='word_1_101' title='bbox 1326 1515 1505 1585; x_wconf 82' lang='grc' dir='ltr'>γεννᾷ.</span> <span class='ocrx_word' id='word_1_102' title='bbox 1562 1510 1770 1580; x_wconf 84' lang='grc' dir='ltr'>Ταύτην</span> <span class='ocrx_word' id='word_1_103' title='bbox 1838 1511 1912 1572; x_wconf 83' lang='grc' dir='ltr'><strong>ὡς</strong></span> <span class='ocrx_word' id='word_1_104' title='bbox 1965 1509 2149 1585; x_wconf 78' lang='grc' dir='ltr'>εὐγενῆ</span> <span class='ocrx_word' id='word_1_105' title='bbox 2205 1512 2297 1566; x_wconf 83' lang='grc' dir='ltr'><strong>καὶ</strong></span> 
     </span>
    </p>
   </div>
   <div class='ocr_carea' id='block_1_16' title="bbox 639 1598 2297 1675">
    <p class='ocr_par' dir='ltr' id='par_1_16' title="bbox 639 1598 2297 1675">
     <span class='ocr_line' id='line_1_16' title="bbox 639 1598 2297 1675; baseline 0.001 -21"><span class='ocrx_word' id='word_1_106' title='bbox 639 1600 703 1654; x_wconf 70' lang='grc' dir='ltr'>ἐκ</span> <span class='ocrx_word' id='word_1_107' title='bbox 731 1604 841 1654; x_wconf 78' lang='grc' dir='ltr'><strong>τῶν</strong></span> <span class='ocrx_word' id='word_1_108' title='bbox 879 1599 1195 1673; x_wconf 82' lang='grc' dir='ltr'>Λασκαρίων</span> <span class='ocrx_word' id='word_1_109' title='bbox 1244 1598 1619 1674; x_wconf 67' lang='grc' dir='ltr'>καταγομένην</span> <span class='ocrx_word' id='word_1_110' title='bbox 1679 1598 2066 1674; x_wconf 84' lang='grc' dir='ltr'>συναρμόττειν</span> <span class='ocrx_word' id='word_1_111' title='bbox 2126 1600 2154 1653; x_wconf 93' lang='lat'><strong>6</strong></span> <span class='ocrx_word' id='word_1_112' title='bbox 2206 1601 2297 1675; x_wconf 80' lang='grc' dir='ltr'>βα-</span> 
     </span>
    </p>
   </div>
   <div class='ocr_carea' id='block_1_17' title="bbox 639 1682 2297 1760">
    <p class='ocr_par' dir='ltr' id='par_1_17' title="bbox 639 1682 2297 1760">
     <span class='ocr_line' id='line_1_17' title="bbox 639 1682 2297 1760; baseline 0 -17"><span class='ocrx_word' id='word_1_113' title='bbox 639 1688 824 1749; x_wconf 71' lang='grc' dir='ltr'>σιλεὺς</span> <span class='ocrx_word' id='word_1_114' title='bbox 856 1684 1118 1743; x_wconf 76' lang='grc' dir='ltr'>ἐϐούλετο</span> <span class='ocrx_word' id='word_1_115' title='bbox 1148 1690 1228 1760; x_wconf 78' lang='grc' dir='ltr'>τῷ</span> <span class='ocrx_word' id='word_1_116' title='bbox 1258 1689 1381 1759; x_wconf 74' lang='grc' dir='ltr'><strong>υἱῷ.</strong></span> <span class='ocrx_word' id='word_1_117' title='bbox 1438 1689 1540 1743; x_wconf 81' lang='grc' dir='ltr'><strong>Καὶ</strong></span> <span class='ocrx_word' id='word_1_118' title='bbox 1574 1685 1640 1755; x_wconf 83' lang='grc' dir='ltr'><strong>δὴ</strong></span> <span class='ocrx_word' id='word_1_119' title='bbox 1691 1687 1766 1751; x_wconf 80' lang='grc' dir='ltr'>εἷς</span> <span class='ocrx_word' id='word_1_120' title='bbox 1812 1682 2099 1760; x_wconf 79' lang='grc' dir='ltr'>πρεσϐείαν</span> <span class='ocrx_word' id='word_1_121' title='bbox 2149 1688 2297 1744; x_wconf 71' lang='grc' dir='ltr'><strong>ἕκλὲ-</strong></span> 
     </span>
    </p>
   </div>
   <div class='ocr_carea' id='block_1_18' title="bbox 638 1778 2296 1853">
    <p class='ocr_par' dir='ltr' id='par_1_18' title="bbox 638 1778 2296 1853">
     <span class='ocr_line' id='line_1_18' title="bbox 638 1778 2296 1853; baseline -0.001 -21"><span class='ocrx_word' id='word_1_122' title='bbox 638 1799 792 1853; x_wconf 77' lang='grc' dir='ltr'>γεται</span> <span class='ocrx_word' id='word_1_123' title='bbox 825 1779 947 1852; x_wconf 82' lang='grc' dir='ltr'>περὶ</span> <span class='ocrx_word' id='word_1_124' title='bbox 993 1778 1201 1832; x_wconf 83' lang='grc' dir='ltr'>τούτων</span> <span class='ocrx_word' id='word_1_125' title='bbox 1234 1778 1325 1831; x_wconf 87' lang='grc' dir='ltr'><strong>τὸν</strong></span> <span class='ocrx_word' id='word_1_126' title='bbox 1380 1778 1485 1831; x_wconf 84' lang='grc' dir='ltr'><strong>ἀπὸ</strong></span> <span class='ocrx_word' id='word_1_127' title='bbox 1534 1778 1890 1852; x_wconf 80' lang='grc' dir='ltr'>πατριαρχῶν</span> <span class='ocrx_word' id='word_1_128' title='bbox 1938 1781 2133 1832; x_wconf 78' lang='grc' dir='ltr'>τοῦτον</span> <span class='ocrx_word' id='word_1_129' title='bbox 2163 1783 2296 1851; x_wconf 87' lang='grc' dir='ltr'>Γερ-</span> 
     </span>
    </p>
   </div>
   <div class='ocr_carea' id='block_1_19' title="bbox 640 1865 2294 1942">
    <p class='ocr_par' dir='ltr' id='par_1_19' title="bbox 640 1865 2294 1942">
     <span class='ocr_line' id='line_1_19' title="bbox 640 1865 2294 1942; baseline 0.001 -20"><span class='ocrx_word' id='word_1_130' title='bbox 640 1869 804 1941; x_wconf 82' lang='grc' dir='ltr'>μανὸν</span> <span class='ocrx_word' id='word_1_131' title='bbox 858 1868 946 1922; x_wconf 76' lang='grc' dir='ltr'><strong>καὶ</strong></span> <span class='ocrx_word' id='word_1_132' title='bbox 1005 1870 1095 1923; x_wconf 88' lang='grc' dir='ltr'>τὸν</span> <span class='ocrx_word' id='word_1_133' title='bbox 1162 1867 1327 1941; x_wconf 72' lang='grc' dir='ltr'>μέγαν</span> <span class='ocrx_word' id='word_1_134' title='bbox 1378 1865 1546 1922; x_wconf 81' lang='grc' dir='ltr'><strong>δοῦκα</strong></span> <span class='ocrx_word' id='word_1_135' title='bbox 1592 1868 1681 1922; x_wconf 86' lang='grc' dir='ltr'><strong>τὸν</strong></span> <span class='ocrx_word' id='word_1_136' title='bbox 1730 1868 1997 1941; x_wconf 86' lang='grc' dir='ltr'>Λάσκαριν</span> <span class='ocrx_word' id='word_1_137' title='bbox 2037 1914 2050 1936; x_wconf 86' lang='grc'><strong>,</strong></span> <span class='ocrx_word' id='word_1_138' title='bbox 2096 1866 2294 1942; x_wconf 77' lang='grc' dir='ltr'>ἔξωρον</span> 
     </span>
    </p>
   </div>
   <div class='ocr_carea' id='block_1_20' title="bbox 636 1952 2296 2031">
    <p class='ocr_par' dir='ltr' id='par_1_20' title="bbox 636 1952 2296 2031">
     <span class='ocr_line' id='line_1_20' title="bbox 636 1952 2296 2031; baseline 0 -20"><span class='ocrx_word' id='word_1_139' title='bbox 636 1955 745 2027; x_wconf 69' lang='grc' dir='ltr'><strong>ἤδη</strong></span> <span class='ocrx_word' id='word_1_140' title='bbox 800 1952 951 2029; x_wconf 76' lang='grc' dir='ltr'>ὄντα,</span> <span class='ocrx_word' id='word_1_141' title='bbox 986 1956 1075 2011; x_wconf 77' lang='grc' dir='ltr'><strong>διὰ</strong></span> <span class='ocrx_word' id='word_1_142' title='bbox 1106 1958 1166 2011; x_wconf 87' lang='grc' dir='ltr'>τὸ</span> <span class='ocrx_word' id='word_1_143' title='bbox 1216 1957 1351 2031; x_wconf 85' lang='grc' dir='ltr'>πρὸς</span> <span class='ocrx_word' id='word_1_144' title='bbox 1405 1955 1607 2010; x_wconf 81' lang='grc' dir='ltr'>ἐκεῖνον</span> <span class='ocrx_word' id='word_1_145' title='bbox 1649 1956 1821 2011; x_wconf 75' lang='grc' dir='ltr'>αὐτοῦ</span> <span class='ocrx_word' id='word_1_146' title='bbox 1861 1958 2137 2031; x_wconf 75' lang='grc' dir='ltr'>συγγενὲς·</span> <span class='ocrx_word' id='word_1_147' title='bbox 2200 1962 2296 2011; x_wconf 97' lang='lat'><strong>106</strong></span> 
     </span>
    </p>
   </div>
   <div class='ocr_carea' id='block_1_21' title="bbox 635 2043 2294 2122">
    <p class='ocr_par' dir='ltr' id='par_1_21' title="bbox 635 2043 2294 2122">
     <span class='ocr_line' id='line_1_21' title="bbox 635 2043 2294 2122; baseline -0.001 -21"><span class='ocrx_word' id='word_1_148' title='bbox 635 2048 740 2122; x_wconf 72' lang='grc' dir='ltr'><strong>γάρ</strong></span> <span class='ocrx_word' id='word_1_149' title='bbox 796 2046 1025 2101; x_wconf 87' lang='grc' dir='ltr'>πάππου</span> <span class='ocrx_word' id='word_1_150' title='bbox 1082 2047 1174 2101; x_wconf 86' lang='grc' dir='ltr'><strong>τὸν</strong></span> <span class='ocrx_word' id='word_1_151' title='bbox 1226 2047 1397 2100; x_wconf 83' lang='grc' dir='ltr'>τόπον</span> <span class='ocrx_word' id='word_1_152' title='bbox 1452 2050 1534 2117; x_wconf 78' lang='grc' dir='ltr'>τῷ</span> <span class='ocrx_word' id='word_1_153' title='bbox 1591 2044 1716 2121; x_wconf 80' lang='grc' dir='ltr'>ῥηγὶ</span> <span class='ocrx_word' id='word_1_154' title='bbox 1776 2043 2026 2121; x_wconf 77' lang='grc' dir='ltr'>ἐπλήρου</span> <span class='ocrx_word' id='word_1_155' title='bbox 2058 2046 2157 2101; x_wconf 78' lang='grc' dir='ltr'>ὅσα</span> <span class='ocrx_word' id='word_1_156' title='bbox 2204 2046 2294 2101; x_wconf 81' lang='grc' dir='ltr'><strong>καὶ</strong></span> 
     </span>
    </p>
   </div>
   <div class='ocr_carea' id='block_1_22' title="bbox 638 2132 2293 2214">
    <p class='ocr_par' dir='ltr' id='par_1_22' title="bbox 638 2132 2293 2214">
     <span class='ocr_line' id='line_1_22' title="bbox 638 2132 2293 2214; baseline -0.001 -23"><span class='ocrx_word' id='word_1_157' title='bbox 638 2134 874 2214; x_wconf 81' lang='grc' dir='ltr'>ἀδελφὸς</span> <span class='ocrx_word' id='word_1_158' title='bbox 936 2140 1033 2189; x_wconf 85' lang='lat'><strong>106</strong></span> <span class='ocrx_word' id='word_1_159' title='bbox 1094 2136 1335 2209; x_wconf 82' lang='grc' dir='ltr'>Λάσκαρι</span> <span class='ocrx_word' id='word_1_160' title='bbox 1378 2133 1669 2206; x_wconf 77' lang='grc' dir='ltr'>βασιλέως.</span> <span class='ocrx_word' id='word_1_161' title='bbox 1703 2136 1771 2192; x_wconf 85' lang='grc' dir='ltr'><strong>Οἳ</strong></span> <span class='ocrx_word' id='word_1_162' title='bbox 1805 2132 1870 2204; x_wconf 84' lang='grc' dir='ltr'><strong>δὴ</strong></span> <span class='ocrx_word' id='word_1_163' title='bbox 1903 2136 1993 2190; x_wconf 85' lang='grc' dir='ltr'><strong>καὶ</strong></span> <span class='ocrx_word' id='word_1_164' title='bbox 2026 2135 2293 2189; x_wconf 72' lang='grc' dir='ltr'>ἆπεΛθύν-</span> 
     </span>
    </p>
   </div>
   <div class='ocr_carea' id='block_1_23' title="bbox 634 2219 2295 2300">
    <p class='ocr_par' dir='ltr' id='par_1_23' title="bbox 634 2219 2295 2300">
     <span class='ocr_line' id='line_1_23' title="bbox 634 2219 2295 2300; baseline -0.001 -19"><span class='ocrx_word' id='word_1_165' title='bbox 634 2248 721 2287; x_wconf 86' lang='grc' dir='ltr'><strong>τες</strong></span> <span class='ocrx_word' id='word_1_166' title='bbox 780 2229 919 2299; x_wconf 77' lang='grc' dir='ltr'>πεζῇ</span> <span class='ocrx_word' id='word_1_167' title='bbox 975 2226 1042 2280; x_wconf 69' lang='grc' dir='ltr'>τὰ</span> <span class='ocrx_word' id='word_1_168' title='bbox 1094 2232 1195 2294; x_wconf 77' lang='grc' dir='ltr'><strong>τῆς</strong></span> <span class='ocrx_word' id='word_1_169' title='bbox 1253 2219 1537 2300; x_wconf 75' lang='grc' dir='ltr'>πρεσϐείας</span> <span class='ocrx_word' id='word_1_170' title='bbox 1570 2222 1868 2300; x_wconf 72' lang='grc' dir='ltr'>ἰπλήρουν,</span> <span class='ocrx_word' id='word_1_171' title='bbox 1923 2226 2011 2280; x_wconf 81' lang='grc' dir='ltr'><strong>καὶ</strong></span> <span class='ocrx_word' id='word_1_172' title='bbox 2067 2228 2166 2295; x_wconf 72' lang='grc' dir='ltr'>τὴν</span> <span class='ocrx_word' id='word_1_173' title='bbox 2198 2230 2295 2281; x_wconf 83' lang='lat'><strong>106</strong></span> 
     </span>
    </p>
   </div>
   <div class='ocr_carea' id='block_1_24' title="bbox 642 2312 2293 2390">
    <p class='ocr_par' dir='ltr' id='par_1_24' title="bbox 642 2312 2293 2390">
     <span class='ocr_line' id='line_1_24' title="bbox 642 2312 2293 2390; baseline 0 -21"><span class='ocrx_word' id='word_1_174' title='bbox 642 2316 815 2390; x_wconf 72' lang='grc' dir='ltr'>ῥηγὸς</span> <span class='ocrx_word' id='word_1_175' title='bbox 850 2318 1113 2389; x_wconf 79' lang='grc' dir='ltr'>θυγατέρα</span> <span class='ocrx_word' id='word_1_176' title='bbox 1164 2321 1243 2386; x_wconf 79' lang='grc' dir='ltr'>τῷ</span> <span class='ocrx_word' id='word_1_177' title='bbox 1300 2316 1403 2386; x_wconf 79' lang='grc' dir='ltr'>υἱῷ</span> <span class='ocrx_word' id='word_1_178' title='bbox 1448 2312 1546 2369; x_wconf 80' lang='grc' dir='ltr'>τοῦ</span> <span class='ocrx_word' id='word_1_179' title='bbox 1590 2315 1674 2387; x_wconf 80' lang='grc' dir='ltr'><strong>[Ρ.</strong></span> <span class='ocrx_word' id='word_1_180' title='bbox 1705 2318 1831 2387; x_wconf 82' lang='grc'><strong>215]</strong></span> <span class='ocrx_word' id='word_1_181' title='bbox 1877 2313 2147 2389; x_wconf 74' lang='grc' dir='ltr'>βασιλέως</span> <span class='ocrx_word' id='word_1_182' title='bbox 2204 2316 2293 2371; x_wconf 83' lang='grc' dir='ltr'><strong>καὶ</strong></span> 
     </span>
    </p>
   </div>
   <div class='ocr_carea' id='block_1_25' title="bbox 644 2402 2295 2483">
    <p class='ocr_par' dir='ltr' id='par_1_25' title="bbox 644 2402 2295 2483">
     <span class='ocr_line' id='line_1_25' title="bbox 644 2402 2295 2483; baseline 0.001 -25"><span class='ocrx_word' id='word_1_183' title='bbox 644 2404 863 2479; x_wconf 81' lang='grc' dir='ltr'>βασιλεῖ</span> <span class='ocrx_word' id='word_1_184' title='bbox 910 2405 1133 2479; x_wconf 83' lang='grc' dir='ltr'>νύμφην</span> <span class='ocrx_word' id='word_1_185' title='bbox 1194 2406 1467 2483; x_wconf 66' lang='grc' dir='ltr'>φέρουσιν,</span> <span class='ocrx_word' id='word_1_186' title='bbox 1527 2456 1559 2475; x_wconf 50' lang='grc' dir='ltr'>η</span> <span class='ocrx_word' id='word_1_187' title='bbox 1607 2403 1674 2473; x_wconf 82' lang='grc' dir='ltr'>δὴ</span> <span class='ocrx_word' id='word_1_188' title='bbox 1735 2405 1822 2459; x_wconf 86' lang='grc' dir='ltr'><strong>καὶ</strong></span> <span class='ocrx_word' id='word_1_189' title='bbox 1874 2406 2072 2461; x_wconf 78' lang='grc' dir='ltr'>’Λνναν</span> <span class='ocrx_word' id='word_1_190' title='bbox 2119 2402 2295 2477; x_wconf 77' lang='grc' dir='ltr'>ὄνομα</span> 
     </span>
    </p>
   </div>
   <div class='ocr_carea' id='block_1_26' title="bbox 640 2492 2294 2569">
    <p class='ocr_par' dir='ltr' id='par_1_26' title="bbox 640 2492 2294 2569">
     <span class='ocr_line' id='line_1_26' title="bbox 640 2492 2294 2569; baseline 0.001 -22"><span class='ocrx_word' id='word_1_191' title='bbox 640 2494 856 2563; x_wconf 80' lang='grc' dir='ltr'>τίθησιν</span> <span class='ocrx_word' id='word_1_192' title='bbox 915 2495 942 2547; x_wconf 86' lang='grc' dir='ltr'>ὁ</span> <span class='ocrx_word' id='word_1_193' title='bbox 998 2498 1238 2568; x_wconf 81' lang='grc' dir='ltr'>κρατῶν,</span> <span class='ocrx_word' id='word_1_194' title='bbox 1296 2492 1385 2547; x_wconf 78' lang='grc' dir='ltr'>καί</span> <span class='ocrx_word' id='word_1_195' title='bbox 1442 2499 1757 2567; x_wconf 72' lang='grc' dir='ltr'>περιφανεῖς</span> <span class='ocrx_word' id='word_1_196' title='bbox 1786 2493 1914 2555; x_wconf 85' lang='grc' dir='ltr'>τοὺς</span> <span class='ocrx_word' id='word_1_197' title='bbox 1952 2494 2163 2569; x_wconf 78' lang='grc' dir='ltr'>γάμους</span> <span class='ocrx_word' id='word_1_198' title='bbox 2211 2516 2294 2549; x_wconf 85' lang='grc' dir='ltr'>τε·</span> 
     </span>
    </p>
   </div>
   <div class='ocr_carea' id='block_1_27' title="bbox 634 2580 2287 2659">
    <p class='ocr_par' dir='ltr' id='par_1_27' title="bbox 634 2580 2287 2659">
     <span class='ocr_line' id='line_1_27' title="bbox 634 2580 2287 2659; baseline 0 -22"><span class='ocrx_word' id='word_1_199' title='bbox 634 2580 725 2637; x_wconf 87' lang='grc' dir='ltr'>λεῖ</span> <span class='ocrx_word' id='word_1_200' title='bbox 786 2582 922 2657; x_wconf 74' lang='grc' dir='ltr'>αὐτῇ</span> <span class='ocrx_word' id='word_1_201' title='bbox 967 2604 1025 2638; x_wconf 88' lang='grc' dir='ltr'><strong>τε</strong></span> <span class='ocrx_word' id='word_1_202' title='bbox 1052 2584 1141 2637; x_wconf 89' lang='lat' dir='ltr'><strong>xui</strong></span> <span class='ocrx_word' id='word_1_203' title='bbox 1198 2587 1277 2655; x_wconf 82' lang='grc' dir='ltr'>τῷ</span> <span class='ocrx_word' id='word_1_204' title='bbox 1310 2583 1413 2655; x_wconf 79' lang='grc' dir='ltr'>υίῷ</span> <span class='ocrx_word' id='word_1_205' title='bbox 1453 2581 1541 2636; x_wconf 78' lang='grc' dir='ltr'><strong>ἐπῖ</strong></span> <span class='ocrx_word' id='word_1_206' title='bbox 1597 2586 1695 2637; x_wconf 89' lang='lat'><strong>106</strong></span> <span class='ocrx_word' id='word_1_207' title='bbox 1744 2582 1889 2646; x_wconf 85' lang='grc' dir='ltr'>θείου</span> <span class='ocrx_word' id='word_1_208' title='bbox 1919 2582 2006 2637; x_wconf 88' lang='lat' dir='ltr'><strong>xui</strong></span> <span class='ocrx_word' id='word_1_209' title='bbox 2044 2580 2287 2659; x_wconf 80' lang='grc' dir='ltr'>μεγάλου</span> 
     </span>
    </p>
   </div>
   <div class='ocr_carea' id='block_1_28' title="bbox 635 2800 2289 2874">
    <p class='ocr_par' dir='ltr' id='par_1_28' title="bbox 635 2800 2289 2874">
     <span class='ocr_line' id='line_1_28' title="bbox 635 2800 2289 2874; baseline 0 -16"><span class='ocrx_word' id='word_1_210' title='bbox 635 2803 793 2858; x_wconf 88' lang='lat' dir='ltr'><strong>mani</strong></span> <span class='ocrx_word' id='word_1_211' title='bbox 828 2802 1057 2874; x_wconf 78' lang='lat' dir='ltr'><strong>generis</strong></span> <span class='ocrx_word' id='word_1_212' title='bbox 1089 2819 1157 2858; x_wconf 83' lang='lat' dir='ltr'><strong>ex</strong></span> <span class='ocrx_word' id='word_1_213' title='bbox 1203 2806 1386 2858; x_wconf 84' lang='lat' dir='ltr'><strong>matre</strong></span> <span class='ocrx_word' id='word_1_214' title='bbox 1435 2801 1675 2857; x_wconf 90' lang='lat' dir='ltr'><strong>trahens</strong></span> <span class='ocrx_word' id='word_1_215' title='bbox 1725 2800 1973 2858; x_wconf 89' lang='lat' dir='ltr'><strong>senioris</strong></span> <span class='ocrx_word' id='word_1_216' title='bbox 2024 2801 2289 2858; x_wconf 81' lang='lat' dir='ltr'><strong>Lascarie</strong></span> 
     </span>
    </p>
   </div>
   <div class='ocr_carea' id='block_1_29' title="bbox 639 2890 2289 2962">
    <p class='ocr_par' dir='ltr' id='par_1_29' title="bbox 639 2890 2289 2962">
     <span class='ocr_line' id='line_1_29' title="bbox 639 2890 2289 2962; baseline 0.001 -18"><span class='ocrx_word' id='word_1_217' title='bbox 639 2892 776 2946; x_wconf 80' lang='lat' dir='ltr'><strong>ﬁlia.</strong></span> <span class='ocrx_word' id='word_1_218' title='bbox 813 2892 957 2946; x_wconf 86' lang='lat' dir='ltr'><strong>Huic</strong></span> <span class='ocrx_word' id='word_1_219' title='bbox 992 2891 1145 2945; x_wconf 81' lang='lat' dir='ltr'><strong>enim</strong></span> <span class='ocrx_word' id='word_1_220' title='bbox 1178 2892 1330 2962; x_wconf 91' lang='lat' dir='ltr'><strong>apud</strong></span> <span class='ocrx_word' id='word_1_221' title='bbox 1365 2908 1470 2945; x_wconf 90' lang='lat' dir='ltr'><strong>nos</strong></span> <span class='ocrx_word' id='word_1_222' title='bbox 1498 2890 1843 2962; x_wconf 77' lang='lat' dir='ltr'><strong>imperantis</strong></span> <span class='ocrx_word' id='word_1_223' title='bbox 1872 2895 1992 2947; x_wconf 90' lang='lat' dir='ltr'><strong>tres</strong></span> <span class='ocrx_word' id='word_1_224' title='bbox 2028 2896 2289 2946; x_wconf 88' lang='lat' dir='ltr'><strong>tantum-</strong></span> 
     </span>
    </p>
   </div>
   <div class='ocr_carea' id='block_1_30' title="bbox 636 2980 2289 3053">
    <p class='ocr_par' dir='ltr' id='par_1_30' title="bbox 636 2980 2289 3053">
     <span class='ocr_line' id='line_1_30' title="bbox 636 2980 2289 3053; baseline 0 -18"><span class='ocrx_word' id='word_1_225' title='bbox 636 2982 812 3036; x_wconf 86' lang='lat' dir='ltr'><strong>modo</strong></span> <span class='ocrx_word' id='word_1_226' title='bbox 836 2981 969 3035; x_wconf 70' lang='lat' dir='ltr'><strong>ﬁlize</strong></span> <span class='ocrx_word' id='word_1_227' title='bbox 995 2982 1252 3049; x_wconf 83' lang='lat' dir='ltr'><strong>fuerunt,</strong></span> <span class='ocrx_word' id='word_1_228' title='bbox 1289 2996 1537 3051; x_wconf 87' lang='lat' dir='ltr'><strong>quarum</strong></span> <span class='ocrx_word' id='word_1_229' title='bbox 1564 2997 1681 3035; x_wconf 88' lang='lat' dir='ltr'><strong>una</strong></span> <span class='ocrx_word' id='word_1_230' title='bbox 1702 2980 1821 3053; x_wconf 85' lang='lat' dir='ltr'><strong>regi</strong></span> <span class='ocrx_word' id='word_1_231' title='bbox 1854 2990 2035 3052; x_wconf 85' lang='lat' dir='ltr'><strong>nupta</strong></span> <span class='ocrx_word' id='word_1_232' title='bbox 2057 2980 2289 3035; x_wconf 87' lang='lat' dir='ltr'><strong>Panno-</strong></span> 
     </span>
    </p>
   </div>
   <div class='ocr_carea' id='block_1_31' title="bbox 634 3067 2292 3140">
    <p class='ocr_par' dir='ltr' id='par_1_31' title="bbox 634 3067 2292 3140">
     <span class='ocr_line' id='line_1_31' title="bbox 634 3067 2292 3140; baseline 0.001 -19"><span class='ocrx_word' id='word_1_233' title='bbox 634 3067 744 3121; x_wconf 71' lang='lat' dir='ltr'><strong>niaa</strong></span> <span class='ocrx_word' id='word_1_234' title='bbox 764 3068 949 3138; x_wconf 86' lang='lat' dir='ltr'><strong>ipsius</strong></span> <span class='ocrx_word' id='word_1_235' title='bbox 970 3068 1072 3123; x_wconf 79' lang='lat' dir='ltr'><strong>filii</strong></span> <span class='ocrx_word' id='word_1_236' title='bbox 1096 3085 1251 3123; x_wconf 89' lang='lat' dir='ltr'><strong>nunc</strong></span> <span class='ocrx_word' id='word_1_237' title='bbox 1269 3069 2292 3140; x_wconf 83' lang='lat' dir='ltr'><strong>regnantisgenitrixexstitit.Altera</strong></span> 
     </span>
    </p>
   </div>
   <div class='ocr_carea' id='block_1_32' title="bbox 638 3156 2287 3229">
    <p class='ocr_par' dir='ltr' id='par_1_32' title="bbox 638 3156 2287 3229">
     <span class='ocr_line' id='line_1_32' title="bbox 638 3156 2287 3229; baseline 0 -18"><span class='ocrx_word' id='word_1_238' title='bbox 638 3156 852 3212; x_wconf 85' lang='lat' dir='ltr'><strong>Joanni</strong></span> <span class='ocrx_word' id='word_1_239' title='bbox 878 3157 1000 3211; x_wconf 91' lang='lat' dir='ltr'><strong>viro</strong></span> <span class='ocrx_word' id='word_1_240' title='bbox 1024 3157 1339 3229; x_wconf 84' lang='lat' dir='ltr'><strong>imperium</strong></span> <span class='ocrx_word' id='word_1_241' title='bbox 1368 3174 1620 3225; x_wconf 75' lang='lat' dir='ltr'><strong>asocero</strong></span> <span class='ocrx_word' id='word_1_242' title='bbox 1644 3158 2065 3213; x_wconf 80' lang='lat' dir='ltr'><strong>transmissum</strong></span> <span class='ocrx_word' id='word_1_243' title='bbox 2090 3174 2287 3213; x_wconf 88' lang='lat' dir='ltr'><strong>secum</strong></span> 
     </span>
    </p>
   </div>
   <div class='ocr_carea' id='block_1_33' title="bbox 2410 623 4068 701">
    <p class='ocr_par' dir='ltr' id='par_1_33' title="bbox 2410 623 4068 701">
     <span class='ocr_line' id='line_1_33' title="bbox 2410 623 4068 701; baseline -0.002 -22"><span class='ocrx_word' id='word_1_244' title='bbox 2410 644 2517 699; x_wconf 80' lang='grc' dir='ltr'><strong>χου</strong></span> <span class='ocrx_word' id='word_1_245' title='bbox 2569 629 2768 701; x_wconf 71' lang='grc' dir='ltr'>Ἰωσὴφ</span> <span class='ocrx_word' id='word_1_246' title='bbox 2827 625 3248 701; x_wconf 80' lang='grc' dir='ltr'>εὐλογήσαντος.</span> <span class='ocrx_word' id='word_1_247' title='bbox 3308 624 3404 680; x_wconf 78' lang='lat' dir='ltr'><strong>Kui</strong></span> <span class='ocrx_word' id='word_1_248' title='bbox 3464 625 3612 685; x_wconf 77' lang='grc' dir='ltr'>αὖθις</span> <span class='ocrx_word' id='word_1_249' title='bbox 3662 627 3759 677; x_wconf 83' lang='lat'><strong>106</strong></span> <span class='ocrx_word' id='word_1_250' title='bbox 3809 623 4068 682; x_wconf 76' lang='grc' dir='ltr'>ἐπιόντος</span> 
     </span>
    </p>
   </div>
   <div class='ocr_carea' id='block_1_34' title="bbox 2410 710 4067 790">
    <p class='ocr_par' dir='ltr' id='par_1_34' title="bbox 2410 710 4067 790">
     <span class='ocr_line' id='line_1_34' title="bbox 2410 710 4067 790; baseline -0.002 -22"><span class='ocrx_word' id='word_1_251' title='bbox 2410 711 2563 778; x_wconf 81' lang='grc' dir='ltr'>ἔτους</span> <span class='ocrx_word' id='word_1_252' title='bbox 2631 716 2803 785; x_wconf 86' lang='grc' dir='ltr'>μηνὸς</span> <span class='ocrx_word' id='word_1_253' title='bbox 2848 720 3242 790; x_wconf 78' lang='grc' dir='ltr'>Μουνυχιῶνος</span> <span class='ocrx_word' id='word_1_254' title='bbox 3303 712 3469 788; x_wconf 80' lang='grc' dir='ltr'>ὀγδόῃ</span> <span class='ocrx_word' id='word_1_255' title='bbox 3507 710 3808 788; x_wconf 79' lang='grc' dir='ltr'>βασιλικῶς</span> <span class='ocrx_word' id='word_1_256' title='bbox 3866 712 4067 771; x_wconf 76' lang='grc' dir='ltr'>αὐτοὺς</span> 
     </span>
    </p>
   </div>
   <div class='ocr_carea' id='block_1_35' title="bbox 2409 801 4070 880">
    <p class='ocr_par' dir='ltr' id='par_1_35' title="bbox 2409 801 4070 880">
     <span class='ocr_line' id='line_1_35' title="bbox 2409 801 4070 880; baseline -0.002 -24"><span class='ocrx_word' id='word_1_257' title='bbox 2409 802 2503 856; x_wconf 77' lang='grc' dir='ltr'><strong>συν</strong></span> <span class='ocrx_word' id='word_1_258' title='bbox 2532 808 2613 875; x_wconf 78' lang='grc' dir='ltr'>τῷ</span> <span class='ocrx_word' id='word_1_259' title='bbox 2635 809 3066 880; x_wconf 81' lang='grc' dir='ltr'>πατριαρχοῦντι</span> <span class='ocrx_word' id='word_1_260' title='bbox 3118 805 3146 857; x_wconf 90' lang='lat'><strong>6</strong></span> <span class='ocrx_word' id='word_1_261' title='bbox 3201 801 3455 878; x_wconf 68' lang='grc' dir='ltr'>βασιλεὺς</span> <span class='ocrx_word' id='word_1_262' title='bbox 3486 802 3576 856; x_wconf 84' lang='grc' dir='ltr'><strong>καὶ</strong></span> <span class='ocrx_word' id='word_1_263' title='bbox 3625 803 3805 873; x_wconf 76' lang='grc' dir='ltr'>πατὴρ</span> <span class='ocrx_word' id='word_1_264' title='bbox 3837 807 4070 872; x_wconf 75' lang='grc' dir='ltr'>ταινιοῖ,</span> 
     </span>
    </p>
   </div>
   <div class='ocr_carea' id='block_1_36' title="bbox 2408 889 4069 966">
    <p class='ocr_par' dir='ltr' id='par_1_36' title="bbox 2408 889 4069 966">
     <span class='ocr_line' id='line_1_36' title="bbox 2408 889 4069 966; baseline -0.001 -21"><span class='ocrx_word' id='word_1_265' title='bbox 2408 890 2497 945; x_wconf 88' lang='grc' dir='ltr'><strong>καί</strong></span> <span class='ocrx_word' id='word_1_266' title='bbox 2529 892 2580 946; x_wconf 83' lang='lat'>0&#39;1</span> <span class='ocrx_word' id='word_1_267' title='bbox 2613 892 2686 953; x_wconf 86' lang='grc' dir='ltr'>ὡς</span> <span class='ocrx_word' id='word_1_268' title='bbox 2739 891 2953 966; x_wconf 83' lang='grc' dir='ltr'>βασιλεῖ</span> <span class='ocrx_word' id='word_1_269' title='bbox 2981 894 3049 947; x_wconf 75' lang='grc' dir='ltr'><strong>τά</strong></span> <span class='ocrx_word' id='word_1_270' title='bbox 3102 897 3202 956; x_wconf 80' lang='grc' dir='ltr'>τῆς</span> <span class='ocrx_word' id='word_1_271' title='bbox 3237 893 3519 964; x_wconf 70' lang='grc' dir='ltr'>θεραπείας</span> <span class='ocrx_word' id='word_1_272' title='bbox 3580 893 3711 964; x_wconf 89' lang='grc' dir='ltr'>πρὸς</span> <span class='ocrx_word' id='word_1_273' title='bbox 3770 889 3834 944; x_wconf 84' lang='grc' dir='ltr'>τὸ</span> <span class='ocrx_word' id='word_1_274' title='bbox 3896 912 4069 963; x_wconf 85' lang='grc' dir='ltr'>μεγα-</span> 
     </span>
    </p>
   </div>
   <div class='ocr_carea' id='block_1_37' title="bbox 2410 978 4065 1055">
    <p class='ocr_par' dir='ltr' id='par_1_37' title="bbox 2410 978 4065 1055">
     <span class='ocr_line' id='line_1_37' title="bbox 2410 978 4065 1055; baseline -0.003 -20"><span class='ocrx_word' id='word_1_275' title='bbox 2410 979 2684 1055; x_wconf 89' lang='grc' dir='ltr'>λειότερον</span> <span class='ocrx_word' id='word_1_276' title='bbox 2749 981 3060 1039; x_wconf 80' lang='grc' dir='ltr'>ἁποτάττει.</span> <span class='ocrx_word' id='word_1_277' title='bbox 3122 980 3315 1037; x_wconf 86' lang='grc' dir='ltr'>Τάττει</span> <span class='ocrx_word' id='word_1_278' title='bbox 3377 978 3432 1034; x_wconf 77' lang='grc' dir='ltr'><strong>δὲ</strong></span> <span class='ocrx_word' id='word_1_279' title='bbox 3463 981 3640 1051; x_wconf 86' lang='grc' dir='ltr'>τούτῳ</span> <span class='ocrx_word' id='word_1_280' title='bbox 3688 982 3777 1033; x_wconf 74' lang='grc' dir='ltr'><strong>καὶ</strong></span> <span class='ocrx_word' id='word_1_281' title='bbox 3804 981 3931 1052; x_wconf 81' lang='grc' dir='ltr'>τρία</span> <span class='ocrx_word' id='word_1_282' title='bbox 3954 983 4065 1032; x_wconf 76' lang='grc' dir='ltr'>τῶν</span> 
     </span>
    </p>
   </div>
   <div class='ocr_carea' id='block_1_38' title="bbox 2410 1064 4067 1147">
    <p class='ocr_par' dir='ltr' id='par_1_38' title="bbox 2410 1064 4067 1147">
     <span class='ocr_line' id='line_1_38' title="bbox 2410 1064 4067 1147; baseline -0.001 -25"><span class='ocrx_word' id='word_1_283' title='bbox 2410 1070 2677 1147; x_wconf 71' lang='grc' dir='ltr'>ὀφφικίων</span> <span class='ocrx_word' id='word_1_284' title='bbox 2736 1068 2886 1131; x_wconf 82' lang='grc' dir='ltr'>ἰδίως</span> <span class='ocrx_word' id='word_1_285' title='bbox 2946 1074 3019 1133; x_wconf 84' lang='grc' dir='ltr'><strong>ὡς</strong></span> <span class='ocrx_word' id='word_1_286' title='bbox 3078 1072 3361 1145; x_wconf 84' lang='grc' dir='ltr'>ἀναγκαῖα,</span> <span class='ocrx_word' id='word_1_287' title='bbox 3411 1069 3622 1123; x_wconf 82' lang='grc' dir='ltr'>καὶτὸν</span> <span class='ocrx_word' id='word_1_288' title='bbox 3678 1070 3773 1140; x_wconf 76' lang='grc' dir='ltr'><strong>μὶν</strong></span> <span class='ocrx_word' id='word_1_289' title='bbox 3824 1064 4067 1122; x_wconf 76' lang='grc' dir='ltr'>Λιόαδά-</span> 
     </span>
    </p>
   </div>
   <div class='ocr_carea' id='block_1_39' title="bbox 2409 1155 4066 1232">
    <p class='ocr_par' dir='ltr' id='par_1_39' title="bbox 2409 1155 4066 1232">
     <span class='ocr_line' id='line_1_39' title="bbox 2409 1155 4066 1232; baseline -0.001 -21"><span class='ocrx_word' id='word_1_290' title='bbox 2409 1178 2526 1231; x_wconf 75' lang='grc' dir='ltr'>ριον</span> <span class='ocrx_word' id='word_1_291' title='bbox 2555 1160 2850 1232; x_wconf 81' lang='grc' dir='ltr'>πιγκέρνην</span> <span class='ocrx_word' id='word_1_292' title='bbox 2910 1159 3331 1227; x_wconf 72' lang='grc' dir='ltr'>ἀποκαθίστησι,</span> <span class='ocrx_word' id='word_1_293' title='bbox 3389 1159 3482 1212; x_wconf 90' lang='grc' dir='ltr'>τὸν</span> <span class='ocrx_word' id='word_1_294' title='bbox 3539 1155 3596 1212; x_wconf 81' lang='grc' dir='ltr'><strong>δέ</strong></span> <span class='ocrx_word' id='word_1_295' title='bbox 3652 1178 3715 1231; x_wconf 87' lang='grc' dir='ltr'><strong>γε</strong></span> <span class='ocrx_word' id='word_1_296' title='bbox 3772 1158 4066 1231; x_wconf 76' lang='grc' dir='ltr'>Βρυέννιον</span> 
     </span>
    </p>
   </div>
   <div class='ocr_carea' id='block_1_40' title="bbox 2407 1244 4070 1322">
    <p class='ocr_par' dir='ltr' id='par_1_40' title="bbox 2407 1244 4070 1322">
     <span class='ocr_line' id='line_1_40' title="bbox 2407 1244 4070 1322; baseline -0.002 -22"><span class='ocrx_word' id='word_1_297' title='bbox 2407 1244 2493 1300; x_wconf 80' lang='grc' dir='ltr'>ἐπὶ</span> <span class='ocrx_word' id='word_1_298' title='bbox 2530 1253 2629 1313; x_wconf 79' lang='grc' dir='ltr'><strong>τῆς</strong></span> <span class='ocrx_word' id='word_1_299' title='bbox 2674 1248 2945 1322; x_wconf 65' lang='grc' dir='ltr'>τραπέζης</span> <span class='ocrx_word' id='word_1_300' title='bbox 3002 1253 3158 1321; x_wconf 84' lang='grc' dir='ltr'>τιμᾷ,</span> <span class='ocrx_word' id='word_1_301' title='bbox 3219 1248 3308 1301; x_wconf 81' lang='grc' dir='ltr'><strong>καὶ</strong></span> <span class='ocrx_word' id='word_1_302' title='bbox 3338 1247 3520 1321; x_wconf 87' lang='grc' dir='ltr'>τρίτον</span> <span class='ocrx_word' id='word_1_303' title='bbox 3578 1247 3670 1300; x_wconf 87' lang='grc' dir='ltr'>τὸν</span> <span class='ocrx_word' id='word_1_304' title='bbox 3722 1245 3777 1300; x_wconf 78' lang='grc' dir='ltr'>ἐκ</span> <span class='ocrx_word' id='word_1_305' title='bbox 3828 1249 4070 1320; x_wconf 75' lang='grc' dir='ltr'>Χριστοῦ</span> 
     </span>
    </p>
   </div>
   <div class='ocr_carea' id='block_1_41' title="bbox 2407 1332 4069 1409">
    <p class='ocr_par' dir='ltr' id='par_1_41' title="bbox 2407 1332 4069 1409">
     <span class='ocr_line' id='line_1_41' title="bbox 2407 1332 4069 1409; baseline -0.001 -20"><span class='ocrx_word' id='word_1_306' title='bbox 2407 1333 2626 1397; x_wconf 88' lang='grc' dir='ltr'>πόλεως</span> <span class='ocrx_word' id='word_1_307' title='bbox 2658 1336 3081 1409; x_wconf 85' lang='grc' dir='ltr'>Τζαμπλάκωνα</span> <span class='ocrx_word' id='word_1_308' title='bbox 3127 1341 3289 1392; x_wconf 86' lang='grc' dir='ltr'>τατᾶν</span> <span class='ocrx_word' id='word_1_309' title='bbox 3331 1343 3427 1405; x_wconf 77' lang='grc' dir='ltr'><strong>τῆς</strong></span> <span class='ocrx_word' id='word_1_310' title='bbox 3479 1333 3649 1404; x_wconf 68' lang='grc' dir='ltr'>αὐλῆς</span> <span class='ocrx_word' id='word_1_311' title='bbox 3696 1335 3862 1389; x_wconf 78' lang='grc' dir='ltr'>αὐτοῦ</span> <span class='ocrx_word' id='word_1_312' title='bbox 3908 1332 4069 1408; x_wconf 83' lang='grc' dir='ltr'>ἐγκα-</span> 
     </span>
    </p>
   </div>
   <div class='ocr_carea' id='block_1_42' title="bbox 2408 1424 4073 1502">
    <p class='ocr_par' dir='ltr' id='par_1_42' title="bbox 2408 1424 4073 1502">
     <span class='ocr_line' id='line_1_42' title="bbox 2408 1424 4073 1502; baseline -0.001 -22"><span class='ocrx_word' id='word_1_313' title='bbox 2408 1427 2655 1494; x_wconf 81' lang='grc' dir='ltr'>θίστησιν</span> <span class='ocrx_word' id='word_1_314' title='bbox 2694 1470 2705 1482; x_wconf 92' lang='grc'><strong>.</strong></span> <span class='ocrx_word' id='word_1_315' title='bbox 2769 1428 3102 1502; x_wconf 75' lang='grc' dir='ltr'>Εὐτρὲπιστο</span> <span class='ocrx_word' id='word_1_316' title='bbox 3164 1430 3350 1500; x_wconf 77' lang='grc' dir='ltr'>μέντοι</span> <span class='ocrx_word' id='word_1_317' title='bbox 3408 1428 3589 1498; x_wconf 83' lang='grc' dir='ltr'>τούτῳ</span> <span class='ocrx_word' id='word_1_318' title='bbox 3645 1426 3735 1479; x_wconf 81' lang='grc' dir='ltr'><strong>καὶ</strong></span> <span class='ocrx_word' id='word_1_319' title='bbox 3796 1424 4073 1499; x_wconf 72' lang='grc' dir='ltr'>βακτηρία</span> 
     </span>
    </p>
   </div>
   <div class='ocr_carea' id='block_1_43' title="bbox 2412 1512 4069 1592">
    <p class='ocr_par' dir='ltr' id='par_1_43' title="bbox 2412 1512 4069 1592">
     <span class='ocr_line' id='line_1_43' title="bbox 2412 1512 4069 1592; baseline -0.002 -23"><span class='ocrx_word' id='word_1_320' title='bbox 2412 1514 2670 1591; x_wconf 85' lang='grc' dir='ltr'>βασιλική</span> <span class='ocrx_word' id='word_1_321' title='bbox 2703 1523 2883 1592; x_wconf 82' lang='grc' dir='ltr'>χρυσῆ</span> <span class='ocrx_word' id='word_1_322' title='bbox 2922 1515 3217 1589; x_wconf 81' lang='grc' dir='ltr'>ὑπόξυλος,</span> <span class='ocrx_word' id='word_1_323' title='bbox 3276 1515 3329 1577; x_wconf 80' lang='grc' dir='ltr'><strong>ἐς</strong></span> <span class='ocrx_word' id='word_1_324' title='bbox 3390 1513 3418 1570; x_wconf 77' lang='grc' dir='ltr'>ὃ</span> <span class='ocrx_word' id='word_1_325' title='bbox 3468 1520 3682 1589; x_wconf 83' lang='grc' dir='ltr'>κρατεῖν</span> <span class='ocrx_word' id='word_1_326' title='bbox 3713 1513 3917 1582; x_wconf 81' lang='grc' dir='ltr'>ταύτην</span> <span class='ocrx_word' id='word_1_327' title='bbox 3978 1512 4069 1567; x_wconf 75' lang='grc' dir='ltr'>ἐπὶ</span> 
     </span>
    </p>
   </div>
   <div class='ocr_carea' id='block_1_44' title="bbox 2405 1602 4068 1678">
    <p class='ocr_par' dir='ltr' id='par_1_44' title="bbox 2405 1602 4068 1678">
     <span class='ocr_line' id='line_1_44' title="bbox 2405 1602 4068 1678; baseline -0.003 -19"><span class='ocrx_word' id='word_1_328' title='bbox 2405 1608 2514 1659; x_wconf 81' lang='grc' dir='ltr'>τῶν</span> <span class='ocrx_word' id='word_1_329' title='bbox 2576 1606 2734 1668; x_wconf 89' lang='grc' dir='ltr'>θείων</span> <span class='ocrx_word' id='word_1_330' title='bbox 2794 1604 3017 1678; x_wconf 77' lang='grc' dir='ltr'>ὕμνων,</span> <span class='ocrx_word' id='word_1_331' title='bbox 3069 1606 3143 1667; x_wconf 87' lang='grc' dir='ltr'>ὡς</span> <span class='ocrx_word' id='word_1_332' title='bbox 3201 1603 3362 1673; x_wconf 81' lang='grc' dir='ltr'>ἔθος,</span> <span class='ocrx_word' id='word_1_333' title='bbox 3409 1604 3502 1658; x_wconf 78' lang='grc' dir='ltr'>σὺν</span> <span class='ocrx_word' id='word_1_334' title='bbox 3559 1608 3639 1675; x_wconf 83' lang='grc' dir='ltr'>τῷ</span> <span class='ocrx_word' id='word_1_335' title='bbox 3692 1603 3900 1677; x_wconf 88' lang='grc' dir='ltr'>πατρί.</span> <span class='ocrx_word' id='word_1_336' title='bbox 3964 1602 4068 1656; x_wconf 76' lang='grc' dir='ltr'>Καὶ</span> 
     </span>
    </p>
   </div>
   <div class='ocr_carea' id='block_1_45' title="bbox 2408 1690 4067 1769">
    <p class='ocr_par' dir='ltr' id='par_1_45' title="bbox 2408 1690 4067 1769">
     <span class='ocr_line' id='line_1_45' title="bbox 2408 1690 4067 1769; baseline -0.002 -22"><span class='ocrx_word' id='word_1_337' title='bbox 2408 1692 2658 1769; x_wconf 77' lang='grc' dir='ltr'>ἐπράχθη</span> <span class='ocrx_word' id='word_1_338' title='bbox 2712 1693 2802 1748; x_wconf 84' lang='grc' dir='ltr'><strong>καὶ</strong></span> <span class='ocrx_word' id='word_1_339' title='bbox 2834 1692 2980 1766; x_wconf 85' lang='grc' dir='ltr'>τόδε,</span> <span class='ocrx_word' id='word_1_340' title='bbox 3031 1695 3166 1765; x_wconf 74' lang='grc' dir='ltr'>ἅπαξ</span> <span class='ocrx_word' id='word_1_341' title='bbox 3197 1694 3233 1763; x_wconf 77' lang='grc' dir='ltr'><strong>ἢ</strong></span> <span class='ocrx_word' id='word_1_342' title='bbox 3281 1696 3371 1749; x_wconf 81' lang='grc' dir='ltr'><strong>καὶ</strong></span> <span class='ocrx_word' id='word_1_343' title='bbox 3401 1691 3650 1767; x_wconf 85' lang='grc' dir='ltr'>δεύτερον</span> <span class='ocrx_word' id='word_1_344' title='bbox 3702 1696 3737 1761; x_wconf 72' lang='grc' dir='ltr'><strong>ἢ</strong></span> <span class='ocrx_word' id='word_1_345' title='bbox 3768 1694 3859 1746; x_wconf 81' lang='grc' dir='ltr'><strong>καὶ</strong></span> <span class='ocrx_word' id='word_1_346' title='bbox 3892 1690 4067 1746; x_wconf 74' lang='grc' dir='ltr'>πλέον</span> 
     </span>
    </p>
   </div>
   <div class='ocr_carea' id='block_1_46' title="bbox 2406 1779 4073 1857">
    <p class='ocr_par' dir='ltr' id='par_1_46' title="bbox 2406 1779 4073 1857">
     <span class='ocr_line' id='line_1_46' title="bbox 2406 1779 4073 1857; baseline -0.002 -21"><span class='ocrx_word' id='word_1_347' title='bbox 2406 1785 2568 1855; x_wconf 68' lang='grc' dir='ltr'>ἡμῶν</span> <span class='ocrx_word' id='word_1_348' title='bbox 2624 1780 2850 1837; x_wconf 79' lang='grc' dir='ltr'><strong>ἰδόντων</strong></span> <span class='ocrx_word' id='word_1_349' title='bbox 2911 1786 3235 1857; x_wconf 77' lang='grc' dir='ltr'>κρατοῦντα.</span> <span class='ocrx_word' id='word_1_350' title='bbox 3269 1784 3495 1839; x_wconf 79' lang='grc' dir='ltr'>Ἔπειτα</span> <span class='ocrx_word' id='word_1_351' title='bbox 3526 1780 3681 1852; x_wconf 82' lang='grc' dir='ltr'>δόξαν</span> <span class='ocrx_word' id='word_1_352' title='bbox 3711 1786 3790 1852; x_wconf 75' lang='grc' dir='ltr'>τῷ</span> <span class='ocrx_word' id='word_1_353' title='bbox 3846 1779 4073 1855; x_wconf 76' lang='grc' dir='ltr'><strong>βασιλεῖ⁹</strong></span> 
     </span>
    </p>
   </div>
   <div class='ocr_carea' id='block_1_47' title="bbox 2407 1867 4073 1947">
    <p class='ocr_par' dir='ltr' id='par_1_47' title="bbox 2407 1867 4073 1947">
     <span class='ocr_line' id='line_1_47' title="bbox 2407 1867 4073 1947; baseline 0 -24"><span class='ocrx_word' id='word_1_354' title='bbox 2407 1871 2561 1944; x_wconf 84' lang='grc' dir='ltr'>(μίαν</span> <span class='ocrx_word' id='word_1_355' title='bbox 2589 1872 2693 1945; x_wconf 77' lang='grc' dir='ltr'><strong>γάρ</strong></span> <span class='ocrx_word' id='word_1_356' title='bbox 2726 1872 2856 1925; x_wconf 69' lang='grc' dir='ltr'>εἶναι</span> <span class='ocrx_word' id='word_1_357' title='bbox 2904 1871 3004 1939; x_wconf 84' lang='grc' dir='ltr'>τήν</span> <span class='ocrx_word' id='word_1_358' title='bbox 3052 1872 3256 1947; x_wconf 76' lang='grc' dir='ltr'>ἀρχὴν,</span> <span class='ocrx_word' id='word_1_359' title='bbox 3309 1870 3581 1946; x_wconf 84' lang='grc' dir='ltr'>βακτηρία</span> <span class='ocrx_word' id='word_1_360' title='bbox 3630 1867 3687 1924; x_wconf 72' lang='grc' dir='ltr'><strong>δὲ</strong></span> <span class='ocrx_word' id='word_1_361' title='bbox 3733 1876 3835 1938; x_wconf 80' lang='grc' dir='ltr'><strong>τῆς</strong></span> <span class='ocrx_word' id='word_1_362' title='bbox 3884 1870 4073 1943; x_wconf 77' lang='grc' dir='ltr'>ἀρχῆς</span> 
     </span>
    </p>
   </div>
   <div class='ocr_carea' id='block_1_48' title="bbox 2406 1954 4068 2034">
    <p class='ocr_par' dir='ltr' id='par_1_48' title="bbox 2406 1954 4068 2034">
     <span class='ocr_line' id='line_1_48' title="bbox 2406 1954 4068 2034; baseline -0.001 -21"><span class='ocrx_word' id='word_1_363' title='bbox 2406 1954 2709 2032; x_wconf 78' lang='grc' dir='ltr'>σύμϐολον,</span> <span class='ocrx_word' id='word_1_364' title='bbox 2746 1962 2945 2034; x_wconf 72' lang='grc' dir='ltr'>χρῆναι</span> <span class='ocrx_word' id='word_1_365' title='bbox 2977 1960 3035 2013; x_wconf 77' lang='grc' dir='ltr'>νὲ</span> <span class='ocrx_word' id='word_1_366' title='bbox 3065 1961 3154 2014; x_wconf 78' lang='grc' dir='ltr'><strong>καὶ</strong></span> <span class='ocrx_word' id='word_1_367' title='bbox 3180 1959 3381 2029; x_wconf 86' lang='grc' dir='ltr'>ταύτην</span> <span class='ocrx_word' id='word_1_368' title='bbox 3417 1958 3547 2031; x_wconf 88' lang='grc' dir='ltr'>μίαν</span> <span class='ocrx_word' id='word_1_369' title='bbox 3581 1959 3736 2030; x_wconf 72' lang='grc' dir='ltr'>εἶναι)</span> <span class='ocrx_word' id='word_1_370' title='bbox 3777 1955 3868 2011; x_wconf 71' lang='grc' dir='ltr'><strong>διᾶ</strong></span> <span class='ocrx_word' id='word_1_371' title='bbox 3893 1961 4068 2012; x_wconf 76' lang='grc' dir='ltr'>ταῦτα</span> 
     </span>
    </p>
   </div>
   <div class='ocr_carea' id='block_1_49' title="bbox 2404 2046 4071 2121">
    <p class='ocr_par' dir='ltr' id='par_1_49' title="bbox 2404 2046 4071 2121">
     <span class='ocr_line' id='line_1_49' title="bbox 2404 2046 4071 2121; baseline -0.001 -20"><span class='ocrx_word' id='word_1_372' title='bbox 2404 2049 2639 2117; x_wconf 71' lang='grc' dir='ltr'>ἠθέτητο</span> <span class='ocrx_word' id='word_1_373' title='bbox 2690 2052 2875 2104; x_wconf 86' lang='lat'>10610.</span> <span class='ocrx_word' id='word_1_374' title='bbox 2926 2046 3120 2118; x_wconf 84' lang='grc' dir='ltr'>Ἐδόθη</span> <span class='ocrx_word' id='word_1_375' title='bbox 3156 2046 3214 2103; x_wconf 71' lang='grc' dir='ltr'><strong>δὲ</strong></span> <span class='ocrx_word' id='word_1_376' title='bbox 3260 2048 3351 2102; x_wconf 81' lang='grc' dir='ltr'><strong>καὶ</strong></span> <span class='ocrx_word' id='word_1_377' title='bbox 3397 2048 3749 2121; x_wconf 82' lang='grc' dir='ltr'>προστάσσειν</span> <span class='ocrx_word' id='word_1_378' title='bbox 3789 2049 3878 2100; x_wconf 76' lang='grc' dir='ltr'><strong>καὶ</strong></span> <span class='ocrx_word' id='word_1_379' title='bbox 3936 2047 4071 2101; x_wconf 83' lang='grc' dir='ltr'>ὑπο-</span> 
     </span>
    </p>
   </div>
   <div class='ocr_carea' id='block_1_50' title="bbox 2404 2132 4073 2214">
    <p class='ocr_par' dir='ltr' id='par_1_50' title="bbox 2404 2132 4073 2214">
     <span class='ocr_line' id='line_1_50' title="bbox 2404 2132 4073 2214; baseline -0.003 -23"><span class='ocrx_word' id='word_1_380' title='bbox 2404 2136 2631 2214; x_wconf 76' lang='grc' dir='ltr'>γράφειν</span> <span class='ocrx_word' id='word_1_381' title='bbox 2658 2136 2980 2213; x_wconf 83' lang='grc' dir='ltr'>βασιλικῶς,</span> <span class='ocrx_word' id='word_1_382' title='bbox 3013 2135 3160 2206; x_wconf 74' lang='grc' dir='ltr'>πλῆν</span> <span class='ocrx_word' id='word_1_383' title='bbox 3195 2136 3256 2191; x_wconf 82' lang='grc' dir='ltr'>οὐ</span> <span class='ocrx_word' id='word_1_384' title='bbox 3285 2136 3638 2211; x_wconf 84' lang='grc' dir='ltr'>μηνολογεῖν,</span> <span class='ocrx_word' id='word_1_385' title='bbox 3670 2137 3743 2197; x_wconf 84' lang='grc' dir='ltr'>ὡς</span> <span class='ocrx_word' id='word_1_386' title='bbox 3777 2132 3920 2205; x_wconf 82' lang='grc' dir='ltr'>ἔθος,</span> <span class='ocrx_word' id='word_1_387' title='bbox 3947 2140 4073 2195; x_wconf 82' lang='grc' dir='ltr'>τοῖς</span> 
     </span>
    </p>
   </div>
   <div class='ocr_carea' id='block_1_51' title="bbox 2408 2224 4072 2305">
    <p class='ocr_par' dir='ltr' id='par_1_51' title="bbox 2408 2224 4072 2305">
     <span class='ocr_line' id='line_1_51' title="bbox 2408 2224 4072 2305; baseline -0.002 -25"><span class='ocrx_word' id='word_1_388' title='bbox 2408 2225 2741 2302; x_wconf 80' lang='grc' dir='ltr'>βασιλεῦσιν,</span> <span class='ocrx_word' id='word_1_389' title='bbox 2792 2226 2940 2281; x_wconf 85' lang='grc' dir='ltr'><strong>ἀλλά</strong></span> <span class='ocrx_word' id='word_1_390' title='bbox 2986 2229 3206 2305; x_wconf 78' lang='grc' dir='ltr'>γράφειν</span> <span class='ocrx_word' id='word_1_391' title='bbox 3259 2224 3304 2280; x_wconf 87' lang='grc' dir='ltr'>δ’</span> <span class='ocrx_word' id='word_1_392' title='bbox 3363 2225 3603 2300; x_wconf 74' lang='grc' dir='ltr'>ἐρυθριῶν</span> <span class='ocrx_word' id='word_1_393' title='bbox 3654 2224 3829 2295; x_wconf 74' lang='grc' dir='ltr'>οἰκείᾳ</span> <span class='ocrx_word' id='word_1_394' title='bbox 3892 2224 4072 2299; x_wconf 75' lang='grc' dir='ltr'>χειρὶ,</span> 
     </span>
    </p>
   </div>
   <div class='ocr_carea' id='block_1_52' title="bbox 2405 2312 4071 2391">
    <p class='ocr_par' dir='ltr' id='par_1_52' title="bbox 2405 2312 4071 2391">
     <span class='ocr_line' id='line_1_52' title="bbox 2405 2312 4071 2391; baseline -0.003 -23"><span class='ocrx_word' id='word_1_395' title='bbox 2405 2340 2432 2368; x_wconf 80' lang='grc' dir='ltr'><strong>ιι</strong></span> <span class='ocrx_word' id='word_1_396' title='bbox 2469 2313 2813 2391; x_wconf 84' lang='grc' dir='ltr'>Ἀνδρόνικος</span> <span class='ocrx_word' id='word_1_397' title='bbox 2863 2317 3099 2388; x_wconf 82' lang='grc' dir='ltr'>Χριστοῦ</span> <span class='ocrx_word' id='word_1_398' title='bbox 3150 2314 3336 2389; x_wconf 84' lang='grc' dir='ltr'>χάριτι</span> <span class='ocrx_word' id='word_1_399' title='bbox 3382 2312 3638 2389; x_wconf 78' lang='grc' dir='ltr'>βασιλεὺς</span> <span class='ocrx_word' id='word_1_400' title='bbox 3688 2314 4003 2386; x_wconf 82' lang='grc' dir='ltr'>Ῥωμαίων.</span> <span class='ocrx_word' id='word_1_401' title='bbox 4042 2338 4071 2363; x_wconf 80' lang='grc'><strong>››</strong></span> 
     </span>
    </p>
   </div>
   <div class='ocr_carea' id='block_1_53' title="bbox 2400 2400 4073 2479">
    <p class='ocr_par' dir='ltr' id='par_1_53' title="bbox 2400 2400 4073 2479">
     <span class='ocr_line' id='line_1_53' title="bbox 2400 2400 4073 2479; baseline -0.003 -20"><span class='ocrx_word' id='word_1_402' title='bbox 2400 2405 2467 2460; x_wconf 76' lang='lat' dir='ltr'><strong>0i</strong></span> <span class='ocrx_word' id='word_1_403' title='bbox 2500 2402 2557 2459; x_wconf 73' lang='grc' dir='ltr'><strong>δὲ</strong></span> <span class='ocrx_word' id='word_1_404' title='bbox 2604 2404 2740 2479; x_wconf 86' lang='grc' dir='ltr'>πρὸς</span> <span class='ocrx_word' id='word_1_405' title='bbox 2766 2404 2858 2459; x_wconf 89' lang='grc' dir='ltr'>τὸν</span> <span class='ocrx_word' id='word_1_406' title='bbox 2902 2404 3111 2477; x_wconf 76' lang='grc' dir='ltr'>πατὲρα</span> <span class='ocrx_word' id='word_1_407' title='bbox 3144 2406 3195 2458; x_wconf 86' lang='lat'>0&#39;1</span> <span class='ocrx_word' id='word_1_408' title='bbox 3228 2400 3381 2477; x_wconf 72' lang='grc' dir='ltr'>ὅρκοι</span> <span class='ocrx_word' id='word_1_409' title='bbox 3411 2404 3500 2457; x_wconf 70' lang='grc' dir='ltr'><strong>καὶ</strong></span> <span class='ocrx_word' id='word_1_410' title='bbox 3539 2400 3763 2475; x_wconf 59' lang='grc' dir='ltr'>βασιλέα</span> <span class='ocrx_word' id='word_1_411' title='bbox 3798 2404 3936 2474; x_wconf 72' lang='grc' dir='ltr'>μετὰ</span> <span class='ocrx_word' id='word_1_412' title='bbox 3967 2403 4073 2470; x_wconf 71' lang='grc' dir='ltr'>τήν</span> 
     </span>
    </p>
   </div>
   <div class='ocr_carea' id='block_1_54' title="bbox 2403 2491 4064 2571">
    <p class='ocr_par' dir='ltr' id='par_1_54' title="bbox 2403 2491 4064 2571">
     <span class='ocr_line' id='line_1_54' title="bbox 2403 2491 4064 2571; baseline -0.002 -23"><span class='ocrx_word' id='word_1_413' title='bbox 2403 2493 2477 2554; x_wconf 87' lang='grc' dir='ltr'>εἷς</span> <span class='ocrx_word' id='word_1_414' title='bbox 2524 2494 2652 2548; x_wconf 83' lang='grc' dir='ltr'>Θεὸν</span> <span class='ocrx_word' id='word_1_415' title='bbox 2701 2492 2787 2547; x_wconf 76' lang='lat' dir='ltr'><strong>xui</strong></span> <span class='ocrx_word' id='word_1_416' title='bbox 2844 2495 2944 2561; x_wconf 74' lang='grc' dir='ltr'><strong>τὴν</strong></span> <span class='ocrx_word' id='word_1_417' title='bbox 3008 2493 3335 2563; x_wconf 89' lang='grc' dir='ltr'>Ἐκκλησίαν</span> <span class='ocrx_word' id='word_1_418' title='bbox 3397 2493 3681 2571; x_wconf 77' lang='grc' dir='ltr'>ἐγγράφως</span> <span class='ocrx_word' id='word_1_419' title='bbox 3735 2491 4064 2569; x_wconf 79' lang='grc' dir='ltr'>ἀσφάλειαν,</span> 
     </span>
    </p>
   </div>
   <div class='ocr_carea' id='block_1_55' title="bbox 2403 2578 4067 2658">
    <p class='ocr_par' dir='ltr' id='par_1_55' title="bbox 2403 2578 4067 2658">
     <span class='ocr_line' id='line_1_55' title="bbox 2403 2578 4067 2658; baseline -0.001 -21"><span class='ocrx_word' id='word_1_420' title='bbox 2403 2584 2478 2645; x_wconf 85' lang='grc' dir='ltr'>ὡς</span> <span class='ocrx_word' id='word_1_421' title='bbox 2516 2584 2591 2656; x_wconf 80' lang='grc' dir='ltr'>μὴ</span> <span class='ocrx_word' id='word_1_422' title='bbox 2626 2578 3000 2653; x_wconf 79' lang='grc' dir='ltr'>ἐπιϐουλεύοι,</span> <span class='ocrx_word' id='word_1_423' title='bbox 3034 2581 3159 2639; x_wconf 81' lang='grc' dir='ltr'>ἀλλ’</span> <span class='ocrx_word' id='word_1_424' title='bbox 3209 2583 3585 2650; x_wconf 82' lang='grc' dir='ltr'>ὑποτάττοιτο,</span> <span class='ocrx_word' id='word_1_425' title='bbox 3613 2583 3700 2637; x_wconf 84' lang='grc' dir='ltr'><strong>καὶ</strong></span> <span class='ocrx_word' id='word_1_426' title='bbox 3736 2580 3856 2637; x_wconf 69' lang='grc' dir='ltr'>λίαν</span> <span class='ocrx_word' id='word_1_427' title='bbox 3891 2582 4067 2658; x_wconf 80' lang='grc' dir='ltr'>ἀσφα-</span> 
     </span>
    </p>
   </div>
   <div class='ocr_carea' id='block_1_56' title="bbox 2400 2802 4065 2875">
    <p class='ocr_par' dir='ltr' id='par_1_56' title="bbox 2400 2802 4065 2875">
     <span class='ocr_line' id='line_1_56' title="bbox 2400 2802 4065 2875; baseline 0 -18"><span class='ocrx_word' id='word_1_428' title='bbox 2400 2819 2495 2859; x_wconf 91' lang='lat' dir='ltr'><strong>mo</strong></span> <span class='ocrx_word' id='word_1_429' title='bbox 2514 2803 2657 2858; x_wconf 89' lang='lat' dir='ltr'><strong>dum</strong></span> <span class='ocrx_word' id='word_1_430' title='bbox 2686 2818 2976 2873; x_wconf 65' lang='lat' dir='ltr'><strong>supreme</strong></span> <span class='ocrx_word' id='word_1_431' title='bbox 2994 2802 3267 2875; x_wconf 81' lang='lat' dir='ltr'><strong>dignitati</strong></span> <span class='ocrx_word' id='word_1_432' title='bbox 3299 2802 3892 2867; x_wconf 87' lang='lat' dir='ltr'><strong>convenientem,tres</strong></span> <span class='ocrx_word' id='word_1_433' title='bbox 3915 2819 4065 2874; x_wconf 69' lang='lat' dir='ltr'><strong>prae-</strong></span> 
     </span>
    </p>
   </div>
   <div class='ocr_carea' id='block_1_57' title="bbox 2401 2891 4071 2964">
    <p class='ocr_par' dir='ltr' id='par_1_57' title="bbox 2401 2891 4071 2964">
     <span class='ocr_line' id='line_1_57' title="bbox 2401 2891 4071 2964; baseline -0.001 -17"><span class='ocrx_word' id='word_1_434' title='bbox 2401 2892 2604 2947; x_wconf 78' lang='lat' dir='ltr'><strong>ﬁciens</strong></span> <span class='ocrx_word' id='word_1_435' title='bbox 2673 2891 2947 2961; x_wconf 78' lang='lat' dir='ltr'><strong>palatinis</strong></span> <span class='ocrx_word' id='word_1_436' title='bbox 3004 2894 3280 2964; x_wconf 61' lang='lat' dir='ltr'><strong>Augustae</strong></span> <span class='ocrx_word' id='word_1_437' title='bbox 3338 2892 3633 2961; x_wconf 87' lang='lat' dir='ltr'><strong>majestati</strong></span> <span class='ocrx_word' id='word_1_438' title='bbox 3705 2892 4071 2947; x_wconf 81' lang='lat' dir='ltr'><strong>necessariis</strong></span> 
     </span>
    </p>
   </div>
   <div class='ocr_carea' id='block_1_58' title="bbox 2400 2980 4069 3052">
    <p class='ocr_par' dir='ltr' id='par_1_58' title="bbox 2400 2980 4069 3052">
     <span class='ocr_line' id='line_1_58' title="bbox 2400 2980 4069 3052; baseline -0.001 -16"><span class='ocrx_word' id='word_1_439' title='bbox 2400 2981 2631 3036; x_wconf 78' lang='lat' dir='ltr'><strong>officiis.</strong></span> <span class='ocrx_word' id='word_1_440' title='bbox 2664 2981 2804 3037; x_wconf 86' lang='lat' dir='ltr'><strong>Nam</strong></span> <span class='ocrx_word' id='word_1_441' title='bbox 2825 2982 3562 3052; x_wconf 80' lang='lat' dir='ltr'><strong>Lihadariumirrperatoris</strong></span> <span class='ocrx_word' id='word_1_442' title='bbox 3577 2980 3708 3035; x_wconf 88' lang='lat' dir='ltr'><strong>novi</strong></span> <span class='ocrx_word' id='word_1_443' title='bbox 3727 2981 4069 3050; x_wconf 85' lang='lat' dir='ltr'><strong>pincernam</strong></span> 
     </span>
    </p>
   </div>
   <div class='ocr_carea' id='block_1_59' title="bbox 2399 3069 4067 3143">
    <p class='ocr_par' dir='ltr' id='par_1_59' title="bbox 2399 3069 4067 3143">
     <span class='ocr_line' id='line_1_59' title="bbox 2399 3069 4067 3143; baseline -0.001 -17"><span class='ocrx_word' id='word_1_444' title='bbox 2399 3070 2732 3135; x_wconf 89' lang='lat' dir='ltr'><strong>constituit,</strong></span> <span class='ocrx_word' id='word_1_445' title='bbox 2766 3070 3120 3143; x_wconf 81' lang='lat' dir='ltr'><strong>Bryennium</strong></span> <span class='ocrx_word' id='word_1_446' title='bbox 3155 3074 3349 3125; x_wconf 76' lang='lat' dir='ltr'><strong>autem</strong></span> <span class='ocrx_word' id='word_1_447' title='bbox 3383 3069 3691 3124; x_wconf 84' lang='lat' dir='ltr'><strong>honoravit</strong></span> <span class='ocrx_word' id='word_1_448' title='bbox 3719 3070 3873 3124; x_wconf 69' lang='lat'><strong>819</strong></span> <span class='ocrx_word' id='word_1_449' title='bbox 3912 3086 4067 3140; x_wconf 63' lang='lat' dir='ltr'><strong>pra:-</strong></span> 
     </span>
    </p>
   </div>
   <div class='ocr_carea' id='block_1_60' title="bbox 2401 3158 4066 3230">
    <p class='ocr_par' dir='ltr' id='par_1_60' title="bbox 2401 3158 4066 3230">
     <span class='ocr_line' id='line_1_60' title="bbox 2401 3158 4066 3230; baseline 0.001 -16"><span class='ocrx_word' id='word_1_450' title='bbox 2401 3158 2626 3214; x_wconf 81' lang='lat' dir='ltr'><strong>feotura</strong></span> <span class='ocrx_word' id='word_1_451' title='bbox 2659 3176 2873 3214; x_wconf 60' lang='lat' dir='ltr'><strong>mensa;</strong></span> <span class='ocrx_word' id='word_1_452' title='bbox 2906 3158 3105 3230; x_wconf 67' lang='lat' dir='ltr'><strong>regiae;</strong></span> <span class='ocrx_word' id='word_1_453' title='bbox 3139 3160 3373 3215; x_wconf 90' lang='lat' dir='ltr'><strong>tertium</strong></span> <span class='ocrx_word' id='word_1_454' title='bbox 3408 3158 3663 3229; x_wconf 88' lang='lat' dir='ltr'><strong>denique</strong></span> <span class='ocrx_word' id='word_1_455' title='bbox 3693 3176 3761 3214; x_wconf 82' lang='lat' dir='ltr'><strong>ex</strong></span> <span class='ocrx_word' id='word_1_456' title='bbox 3790 3158 4066 3215; x_wconf 84' lang='lat' dir='ltr'><strong>Christo-</strong></span> 
     </span>
    </p>
   </div>
   <div class='ocr_carea' id='block_1_61' title="bbox 633 3229 4065 3319">
    <p class='ocr_par' dir='ltr' id='par_1_61' title="bbox 633 3229 4065 3319">
     <span class='ocr_line' id='line_1_61' title="bbox 633 3229 4065 3319; baseline -0.001 -16"><span class='ocrx_word' id='word_1_457' title='bbox 633 3246 853 3314; x_wconf 87' lang='lat' dir='ltr'><strong>attulit;</strong></span> <span class='ocrx_word' id='word_1_458' title='bbox 879 3246 1047 3301; x_wconf 81' lang='lat' dir='ltr'><strong>tertia</strong></span> <span class='ocrx_word' id='word_1_459' title='bbox 1074 3246 1329 3317; x_wconf 90' lang='lat' dir='ltr'><strong>denique</strong></span> <span class='ocrx_word' id='word_1_460' title='bbox 1361 3246 1615 3301; x_wconf 82' lang='lat' dir='ltr'><strong>Eudocia</strong></span> <span class='ocrx_word' id='word_1_461' title='bbox 1647 3262 1859 3318; x_wconf 86' lang='lat' dir='ltr'><strong>magno</strong></span> <span class='ocrx_word' id='word_1_462' title='bbox 1890 3248 2043 3318; x_wconf 90' lang='lat' dir='ltr'><strong>apud</strong></span> <span class='ocrx_word' id='word_1_463' title='bbox 2083 3248 2287 3301; x_wconf 86' lang='lat' dir='ltr'><strong>urbem</strong></span> <span class='ocrx_word' id='word_1_464' title='bbox 2321 3229 2364 3296; x_wconf 87' lang='lat' dir='ltr'><strong>C</strong></span> <span class='ocrx_word' id='word_1_465' title='bbox 2403 3248 2521 3319; x_wconf 89' lang='lat' dir='ltr'><strong>poli</strong></span> <span class='ocrx_word' id='word_1_466' title='bbox 2552 3229 3037 3319; x_wconf 85' lang='lat' dir='ltr'><strong>&#39;l‘zamplaconem</strong></span> <span class='ocrx_word' id='word_1_467' title='bbox 3072 3248 3277 3303; x_wconf 87' lang='lat' dir='ltr'><strong>Tatam</strong></span> <span class='ocrx_word' id='word_1_468' title='bbox 3310 3247 3456 3302; x_wconf 68' lang='lat' dir='ltr'><strong>aulm</strong></span> <span class='ocrx_word' id='word_1_469' title='bbox 3488 3247 3679 3319; x_wconf 84' lang='lat' dir='ltr'><strong>ipsius</strong></span> <span class='ocrx_word' id='word_1_470' title='bbox 3720 3248 4065 3302; x_wconf 81' lang='lat' dir='ltr'><strong>declaravit.</strong></span> 
     </span>
    </p>
   </div>
   <div class='ocr_carea' id='block_1_62' title="bbox 633 3334 2287 3407">
    <p class='ocr_par' dir='ltr' id='par_1_62' title="bbox 633 3334 2287 3407">
     <span class='ocr_line' id='line_1_62' title="bbox 633 3334 2287 3407; baseline 0 -16"><span class='ocrx_word' id='word_1_471' title='bbox 633 3335 872 3391; x_wconf 90' lang='lat' dir='ltr'><strong>domino</strong></span> <span class='ocrx_word' id='word_1_472' title='bbox 903 3334 1122 3389; x_wconf 89' lang='lat' dir='ltr'><strong>elocata</strong></span> <span class='ocrx_word' id='word_1_473' title='bbox 1153 3340 1260 3389; x_wconf 88' lang='lat' dir='ltr'><strong>est.</strong></span> <span class='ocrx_word' id='word_1_474' title='bbox 1286 3335 1439 3390; x_wconf 73' lang='lat' dir='ltr'><strong>3l8</strong></span> <span class='ocrx_word' id='word_1_475' title='bbox 1472 3335 1552 3390; x_wconf 83' lang='lat' dir='ltr'><strong>Ex</strong></span> <span class='ocrx_word' id='word_1_476' title='bbox 1586 3336 1775 3407; x_wconf 91' lang='lat' dir='ltr'><strong>prima</strong></span> <span class='ocrx_word' id='word_1_477' title='bbox 1805 3345 1967 3391; x_wconf 85' lang='lat' dir='ltr'><strong>ortus</strong></span> <span class='ocrx_word' id='word_1_478' title='bbox 1998 3336 2097 3406; x_wconf 90' lang='lat' dir='ltr'><strong>qui</strong></span> <span class='ocrx_word' id='word_1_479' title='bbox 2130 3352 2287 3391; x_wconf 88' lang='lat' dir='ltr'><strong>nunc</strong></span> 
     </span>
    </p>
   </div>
   <div class='ocr_carea' id='block_1_63' title="bbox 632 3424 2287 3497">
    <p class='ocr_par' dir='ltr' id='par_1_63' title="bbox 632 3424 2287 3497">
     <span class='ocr_line' id='line_1_63' title="bbox 632 3424 2287 3497; baseline -0.001 -17"><span class='ocrx_word' id='word_1_480' title='bbox 632 3424 921 3495; x_wconf 81' lang='lat' dir='ltr'><strong>regnabat</strong></span> <span class='ocrx_word' id='word_1_481' title='bbox 954 3424 1009 3478; x_wconf 91' lang='lat' dir='ltr'><strong>in</strong></span> <span class='ocrx_word' id='word_1_482' title='bbox 1042 3424 1365 3493; x_wconf 82' lang='lat' dir='ltr'><strong>Pannonia,</strong></span> <span class='ocrx_word' id='word_1_483' title='bbox 1401 3424 1557 3480; x_wconf 84' lang='lat' dir='ltr'><strong>ﬁlius</strong></span> <span class='ocrx_word' id='word_1_484' title='bbox 1587 3430 1645 3480; x_wconf 90' lang='lat' dir='ltr'><strong>et</strong></span> <span class='ocrx_word' id='word_1_485' title='bbox 1677 3425 1860 3481; x_wconf 73' lang='lat' dir='ltr'><strong>haeres</strong></span> <span class='ocrx_word' id='word_1_486' title='bbox 1890 3425 2043 3496; x_wconf 88' lang='lat' dir='ltr'><strong>regis</strong></span> <span class='ocrx_word' id='word_1_487' title='bbox 2086 3426 2287 3497; x_wconf 84' lang='lat' dir='ltr'><strong>patris,</strong></span> 
     </span>
    </p>
   </div>
   <div class='ocr_carea' id='block_1_64' title="bbox 637 3513 2293 3585">
    <p class='ocr_par' dir='ltr' id='par_1_64' title="bbox 637 3513 2293 3585">
     <span class='ocr_line' id='line_1_64' title="bbox 637 3513 2293 3585; baseline 0 -17"><span class='ocrx_word' id='word_1_488' title='bbox 637 3530 874 3569; x_wconf 84' lang='lat' dir='ltr'><strong>uxorem</strong></span> <span class='ocrx_word' id='word_1_489' title='bbox 909 3530 938 3568; x_wconf 91' lang='lat' dir='ltr'><strong>e</strong></span> <span class='ocrx_word' id='word_1_490' title='bbox 969 3513 1247 3568; x_wconf 88' lang='lat' dir='ltr'><strong>Comanis</strong></span> <span class='ocrx_word' id='word_1_491' title='bbox 1277 3514 1567 3585; x_wconf 83' lang='lat' dir='ltr'><strong>captivam</strong></span> <span class='ocrx_word' id='word_1_492' title='bbox 1601 3513 1762 3580; x_wconf 85' lang='lat' dir='ltr'><strong>olim,</strong></span> <span class='ocrx_word' id='word_1_493' title='bbox 1797 3516 1897 3569; x_wconf 89' lang='lat' dir='ltr'><strong>sed</strong></span> <span class='ocrx_word' id='word_1_494' title='bbox 1934 3515 2203 3585; x_wconf 83' lang='lat' dir='ltr'><strong>insignis,</strong></span> <span class='ocrx_word' id='word_1_495' title='bbox 2229 3521 2293 3568; x_wconf 91' lang='lat' dir='ltr'><strong>ut</strong></span> 
     </span>
    </p>
   </div>
   <div class='ocr_carea' id='block_1_65' title="bbox 637 3602 2288 3675">
    <p class='ocr_par' dir='ltr' id='par_1_65' title="bbox 637 3602 2288 3675">
     <span class='ocr_line' id='line_1_65' title="bbox 637 3602 2288 3675; baseline 0.001 -17"><span class='ocrx_word' id='word_1_496' title='bbox 637 3605 821 3671; x_wconf 89' lang='lat' dir='ltr'><strong>aiunt,</strong></span> <span class='ocrx_word' id='word_1_497' title='bbox 861 3602 1058 3657; x_wconf 72' lang='lat' dir='ltr'><strong>formae</strong></span> <span class='ocrx_word' id='word_1_498' title='bbox 1084 3603 1293 3659; x_wconf 90' lang='lat' dir='ltr'><strong>merito</strong></span> <span class='ocrx_word' id='word_1_499' title='bbox 1318 3621 1348 3659; x_wconf 91' lang='lat' dir='ltr'><strong>e</strong></span> <span class='ocrx_word' id='word_1_500' title='bbox 1370 3604 1655 3660; x_wconf 85' lang='lat' dir='ltr'><strong>servitute</strong></span> <span class='ocrx_word' id='word_1_501' title='bbox 1678 3605 1732 3659; x_wconf 92' lang='lat' dir='ltr'><strong>in</strong></span> <span class='ocrx_word' id='word_1_502' title='bbox 1762 3619 2003 3675; x_wconf 81' lang='lat' dir='ltr'><strong>regnum</strong></span> <span class='ocrx_word' id='word_1_503' title='bbox 2029 3608 2288 3659; x_wconf 74' lang='lat' dir='ltr'><strong>evectam</strong></span> 
     </span>
    </p>
   </div>
   <div class='ocr_carea' id='block_1_66' title="bbox 635 3692 2290 3764">
    <p class='ocr_par' dir='ltr' id='par_1_66' title="bbox 635 3692 2290 3764">
     <span class='ocr_line' id='line_1_66' title="bbox 635 3692 2290 3764; baseline 0.001 -17"><span class='ocrx_word' id='word_1_504' title='bbox 635 3692 876 3759; x_wconf 82' lang='lat' dir='ltr'><strong>habuit;</strong></span> <span class='ocrx_word' id='word_1_505' title='bbox 910 3708 979 3747; x_wconf 83' lang='lat' dir='ltr'><strong>ex</strong></span> <span class='ocrx_word' id='word_1_506' title='bbox 1010 3709 1194 3763; x_wconf 85' lang='lat' dir='ltr'><strong>eaque</strong></span> <span class='ocrx_word' id='word_1_507' title='bbox 1225 3694 1430 3764; x_wconf 89' lang='lat' dir='ltr'><strong>genuit</strong></span> <span class='ocrx_word' id='word_1_508' title='bbox 1461 3692 1666 3760; x_wconf 80' lang='lat' dir='ltr'><strong>tiliam,</strong></span> <span class='ocrx_word' id='word_1_509' title='bbox 1700 3710 1875 3764; x_wconf 91' lang='lat' dir='ltr'><strong>quam</strong></span> <span class='ocrx_word' id='word_1_510' title='bbox 1911 3698 1975 3746; x_wconf 89' lang='lat' dir='ltr'><strong>ut</strong></span> <span class='ocrx_word' id='word_1_511' title='bbox 2028 3693 2290 3749; x_wconf 80' lang='lat' dir='ltr'><strong>Romano</strong></span> 
     </span>
    </p>
   </div>
   <div class='ocr_carea' id='block_1_67' title="bbox 642 3780 2289 3854">
    <p class='ocr_par' dir='ltr' id='par_1_67' title="bbox 642 3780 2289 3854">
     <span class='ocr_line' id='line_1_67' title="bbox 642 3780 2289 3854; baseline -0.001 -17"><span class='ocrx_word' id='word_1_512' title='bbox 642 3781 961 3837; x_wconf 74' lang='lat' dir='ltr'><strong>Lascaricze</strong></span> <span class='ocrx_word' id='word_1_513' title='bbox 984 3782 1173 3853; x_wconf 82' lang='lat' dir='ltr'><strong>gentis</strong></span> <span class='ocrx_word' id='word_1_514' title='bbox 1200 3780 1575 3852; x_wconf 64' lang='lat' dir='ltr'><strong>praenobilem</strong></span> <span class='ocrx_word' id='word_1_515' title='bbox 1604 3782 1893 3853; x_wconf 88' lang='lat' dir='ltr'><strong>sanguine</strong></span> <span class='ocrx_word' id='word_1_516' title='bbox 1916 3783 2154 3854; x_wconf 85' lang='lat' dir='ltr'><strong>dignam</strong></span> <span class='ocrx_word' id='word_1_517' title='bbox 2181 3782 2289 3836; x_wconf 84' lang='lat' dir='ltr'><strong>im-</strong></span> 
     </span>
    </p>
   </div>
   <div class='ocr_carea' id='block_1_68' title="bbox 641 3871 2288 3943">
    <p class='ocr_par' dir='ltr' id='par_1_68' title="bbox 641 3871 2288 3943">
     <span class='ocr_line' id='line_1_68' title="bbox 641 3871 2288 3943; baseline -0.001 -18"><span class='ocrx_word' id='word_1_518' title='bbox 641 3878 878 3943; x_wconf 81' lang='lat' dir='ltr'><strong>perator</strong></span> <span class='ocrx_word' id='word_1_519' title='bbox 908 3872 1074 3924; x_wconf 89' lang='lat' dir='ltr'><strong>duxit</strong></span> <span class='ocrx_word' id='word_1_520' title='bbox 1119 3887 1293 3940; x_wconf 89' lang='lat' dir='ltr'><strong>quam</strong></span> <span class='ocrx_word' id='word_1_521' title='bbox 1349 3871 1468 3926; x_wconf 84' lang='lat' dir='ltr'><strong>tilio</strong></span> <span class='ocrx_word' id='word_1_522' title='bbox 1512 3876 1568 3925; x_wconf 86' lang='lat' dir='ltr'><strong>et</strong></span> <span class='ocrx_word' id='word_1_523' title='bbox 1615 3872 1917 3937; x_wconf 74' lang='lat' dir='ltr'><strong>designato</strong></span> <span class='ocrx_word' id='word_1_524' title='bbox 1966 3872 2288 3926; x_wconf 85' lang='lat' dir='ltr'><strong>successori</strong></span> 
     </span>
    </p>
   </div>
   <div class='ocr_carea' id='block_1_69' title="bbox 634 3959 2286 4032">
    <p class='ocr_par' dir='ltr' id='par_1_69' title="bbox 634 3959 2286 4032">
     <span class='ocr_line' id='line_1_69' title="bbox 634 3959 2286 4032; baseline 0 -17"><span class='ocrx_word' id='word_1_525' title='bbox 634 3961 1027 4031; x_wconf 75' lang='lat' dir='ltr'><strong>desponderet</strong></span> <span class='ocrx_word' id='word_1_526' title='bbox 1058 3960 1439 4031; x_wconf 86' lang='lat' dir='ltr'><strong>suo.Legatos</strong></span> <span class='ocrx_word' id='word_1_527' title='bbox 1470 3960 1653 4030; x_wconf 87' lang='lat' dir='ltr'><strong>igitur</strong></span> <span class='ocrx_word' id='word_1_528' title='bbox 1683 3960 1753 4015; x_wconf 86' lang='lat' dir='ltr'><strong>ad</strong></span> <span class='ocrx_word' id='word_1_529' title='bbox 1788 3959 1945 4015; x_wconf 88' lang='lat' dir='ltr'><strong>illam</strong></span> <span class='ocrx_word' id='word_1_530' title='bbox 1984 3960 2286 4032; x_wconf 82' lang='lat' dir='ltr'><strong>postulan—</strong></span> 
     </span>
    </p>
   </div>
   <div class='ocr_carea' id='block_1_70' title="bbox 634 4049 2289 4121">
    <p class='ocr_par' dir='ltr' id='par_1_70' title="bbox 634 4049 2289 4121">
     <span class='ocr_line' id='line_1_70' title="bbox 634 4049 2289 4121; baseline 0 -17"><span class='ocrx_word' id='word_1_531' title='bbox 634 4051 768 4105; x_wconf 71' lang='lat' dir='ltr'><strong>dam</strong></span> <span class='ocrx_word' id='word_1_532' title='bbox 795 4049 933 4103; x_wconf 90' lang='lat' dir='ltr'><strong>illuc</strong></span> <span class='ocrx_word' id='word_1_533' title='bbox 957 4049 1537 4113; x_wconf 56' lang='lat' dir='ltr'><strong>destinansjdoneos</strong></span> <span class='ocrx_word' id='word_1_534' title='bbox 1562 4050 1628 4104; x_wconf 84' lang='lat' dir='ltr'><strong>ad</strong></span> <span class='ocrx_word' id='word_1_535' title='bbox 1656 4051 1769 4105; x_wconf 84' lang='lat' dir='ltr'><strong>tale</strong></span> <span class='ocrx_word' id='word_1_536' title='bbox 1793 4050 2088 4121; x_wconf 82' lang='lat' dir='ltr'><strong>negotium</strong></span> <span class='ocrx_word' id='word_1_537' title='bbox 2122 4057 2289 4121; x_wconf 87' lang='lat' dir='ltr'><strong>puta-</strong></span> 
     </span>
    </p>
   </div>
   <div class='ocr_carea' id='block_1_71' title="bbox 635 4140 2288 4213">
    <p class='ocr_par' dir='ltr' id='par_1_71' title="bbox 635 4140 2288 4213">
     <span class='ocr_line' id='line_1_71' title="bbox 635 4140 2288 4213; baseline 0.001 -20"><span class='ocrx_word' id='word_1_538' title='bbox 635 4143 721 4193; x_wconf 80' lang='lat' dir='ltr'><strong>vit</strong></span> <span class='ocrx_word' id='word_1_539' title='bbox 751 4141 1219 4210; x_wconf 76' lang='lat' dir='ltr'><strong>expatriarcham</strong></span> <span class='ocrx_word' id='word_1_540' title='bbox 1256 4141 1612 4193; x_wconf 76' lang='lat' dir='ltr'><strong>Germanum</strong></span> <span class='ocrx_word' id='word_1_541' title='bbox 1666 4140 1956 4211; x_wconf 84' lang='lat' dir='ltr'><strong>simulque</strong></span> <span class='ocrx_word' id='word_1_542' title='bbox 2006 4157 2288 4213; x_wconf 85' lang='lat' dir='ltr'><strong>magnum</strong></span> 
     </span>
    </p>
   </div>
   <div class='ocr_carea' id='block_1_72' title="bbox 633 4227 2287 4301">
    <p class='ocr_par' dir='ltr' id='par_1_72' title="bbox 633 4227 2287 4301">
     <span class='ocr_line' id='line_1_72' title="bbox 633 4227 2287 4301; baseline -0.001 -16"><span class='ocrx_word' id='word_1_543' title='bbox 633 4232 841 4285; x_wconf 86' lang='lat' dir='ltr'><strong>ducem</strong></span> <span class='ocrx_word' id='word_1_544' title='bbox 873 4228 1190 4293; x_wconf 80' lang='lat' dir='ltr'><strong>Luscarim,</strong></span> <span class='ocrx_word' id='word_1_545' title='bbox 1228 4227 1624 4298; x_wconf 80' lang='lat' dir='ltr'><strong>cmeritzejam</strong></span> <span class='ocrx_word' id='word_1_546' title='bbox 1648 4230 1866 4284; x_wconf 49' lang='lat' dir='ltr'><strong>licetne</strong></span> <span class='ocrx_word' id='word_1_547' title='bbox 1902 4234 2106 4301; x_wconf 85' lang='lat' dir='ltr'><strong>parum</strong></span> <span class='ocrx_word' id='word_1_548' title='bbox 2142 4238 2287 4301; x_wconf 69' lang='lat' dir='ltr'><strong>aptas</strong></span> 
     </span>
    </p>
   </div>
   <div class='ocr_carea' id='block_1_73' title="bbox 634 4320 2284 4390">
    <p class='ocr_par' dir='ltr' id='par_1_73' title="bbox 634 4320 2284 4390">
     <span class='ocr_line' id='line_1_73' title="bbox 634 4320 2284 4390; baseline 0.001 -16"><span class='ocrx_word' id='word_1_549' title='bbox 634 4320 909 4390; x_wconf 83' lang='lat' dir='ltr'><strong>gerendis</strong></span> <span class='ocrx_word' id='word_1_550' title='bbox 942 4320 1119 4373; x_wconf 79' lang='lat' dir='ltr'><strong>rebus</strong></span> <span class='ocrx_word' id='word_1_551' title='bbox 1146 4320 1334 4374; x_wconf 65' lang='lat' dir='ltr'><strong>aetatis</strong></span> <span class='ocrx_word' id='word_1_552' title='bbox 1364 4320 1555 4373; x_wconf 91' lang='lat' dir='ltr'><strong>virum</strong></span> <span class='ocrx_word' id='word_1_553' title='bbox 1593 4336 1604 4374; x_wconf 90' lang='lat'><strong>:</strong></span> <span class='ocrx_word' id='word_1_554' title='bbox 1640 4321 1739 4374; x_wconf 85' lang='lat' dir='ltr'><strong>sed</strong></span> <span class='ocrx_word' id='word_1_555' title='bbox 1776 4320 1941 4373; x_wconf 91' lang='lat' dir='ltr'><strong>illum</strong></span> <span class='ocrx_word' id='word_1_556' title='bbox 1976 4321 2188 4375; x_wconf 83' lang='lat' dir='ltr'><strong>eximie</strong></span> <span class='ocrx_word' id='word_1_557' title='bbox 2216 4323 2284 4375; x_wconf 81' lang='lat' dir='ltr'><strong>ad</strong></span> 
     </span>
    </p>
   </div>
   <div class='ocr_carea' id='block_1_74' title="bbox 635 4408 2292 4480">
    <p class='ocr_par' dir='ltr' id='par_1_74' title="bbox 635 4408 2292 4480">
     <span class='ocr_line' id='line_1_74' title="bbox 635 4408 2292 4480; baseline 0.001 -17"><span class='ocrx_word' id='word_1_558' title='bbox 635 4411 785 4464; x_wconf 77' lang='lat' dir='ltr'><strong>hanc</strong></span> <span class='ocrx_word' id='word_1_559' title='bbox 818 4410 1056 4480; x_wconf 80' lang='lat' dir='ltr'><strong>quidem</strong></span> <span class='ocrx_word' id='word_1_560' title='bbox 1092 4408 1499 4463; x_wconf 77' lang='lat' dir='ltr'><strong>tractationem</strong></span> <span class='ocrx_word' id='word_1_561' title='bbox 1535 4410 1971 4464; x_wconf 80' lang='lat' dir='ltr'><strong>commendavit</strong></span> <span class='ocrx_word' id='word_1_562' title='bbox 1995 4426 2199 4465; x_wconf 90' lang='lat' dir='ltr'><strong>nomen</strong></span> <span class='ocrx_word' id='word_1_563' title='bbox 2235 4416 2292 4465; x_wconf 86' lang='lat' dir='ltr'><strong>et</strong></span> 
     </span>
    </p>
   </div>
   <div class='ocr_carea' id='block_1_75' title="bbox 633 4484 2289 4571">
    <p class='ocr_par' dir='ltr' id='par_1_75' title="bbox 633 4484 2289 4571">
     <span class='ocr_line' id='line_1_75' title="bbox 633 4484 2289 4571; baseline 0 -17"><span class='ocrx_word' id='word_1_564' title='bbox 633 4484 1280 4569; x_wconf 70' lang='lat' dir='ltr'><strong>consanguinitas,quee</strong></span> <span class='ocrx_word' id='word_1_565' title='bbox 1304 4499 1358 4552; x_wconf 88' lang='lat' dir='ltr'><strong>in</strong></span> <span class='ocrx_word' id='word_1_566' title='bbox 1386 4516 1579 4569; x_wconf 85' lang='lat' dir='ltr'><strong>regem</strong></span> <span class='ocrx_word' id='word_1_567' title='bbox 1603 4499 1848 4569; x_wconf 82' lang='lat' dir='ltr'><strong>virginis</strong></span> <span class='ocrx_word' id='word_1_568' title='bbox 1874 4502 2176 4571; x_wconf 68' lang='lat' dir='ltr'><strong>poscenda:</strong></span> <span class='ocrx_word' id='word_1_569' title='bbox 2204 4519 2289 4571; x_wconf 84' lang='lat' dir='ltr'><strong>pa-</strong></span> 
     </span>
    </p>
   </div>
   <div class='ocr_carea' id='block_1_76' title="bbox 2399 3336 4071 3409">
    <p class='ocr_par' dir='ltr' id='par_1_76' title="bbox 2399 3336 4071 3409">
     <span class='ocr_line' id='line_1_76' title="bbox 2399 3336 4071 3409; baseline 0.001 -18"><span class='ocrx_word' id='word_1_570' title='bbox 2399 3341 2647 3392; x_wconf 90' lang='lat' dir='ltr'><strong>Paratus</strong></span> <span class='ocrx_word' id='word_1_571' title='bbox 2668 3337 3173 3409; x_wconf 84' lang='lat' dir='ltr'><strong>Augustojuniori</strong></span> <span class='ocrx_word' id='word_1_572' title='bbox 3203 3354 3437 3409; x_wconf 90' lang='lat' dir='ltr'><strong>quoque</strong></span> <span class='ocrx_word' id='word_1_573' title='bbox 3468 3342 3558 3391; x_wconf 89' lang='lat' dir='ltr'><strong>est</strong></span> <span class='ocrx_word' id='word_1_574' title='bbox 3589 3336 3837 3391; x_wconf 87' lang='lat' dir='ltr'><strong>baculus</strong></span> <span class='ocrx_word' id='word_1_575' title='bbox 3865 3338 4071 3407; x_wconf 82' lang='lat' dir='ltr'><strong>regius</strong></span> 
     </span>
    </p>
   </div>
   <div class='ocr_carea' id='block_1_77' title="bbox 2400 3424 4070 3497">
    <p class='ocr_par' dir='ltr' id='par_1_77' title="bbox 2400 3424 4070 3497">
     <span class='ocr_line' id='line_1_77' title="bbox 2400 3424 4070 3497; baseline -0.001 -15"><span class='ocrx_word' id='word_1_576' title='bbox 2400 3444 2543 3482; x_wconf 90' lang='lat' dir='ltr'><strong>auro</strong></span> <span class='ocrx_word' id='word_1_577' title='bbox 2565 3428 2823 3483; x_wconf 87' lang='lat' dir='ltr'><strong>exterius</strong></span> <span class='ocrx_word' id='word_1_578' title='bbox 2847 3426 3386 3491; x_wconf 85' lang='lat' dir='ltr'><strong>obductus,intime</strong></span> <span class='ocrx_word' id='word_1_579' title='bbox 3416 3424 3667 3495; x_wconf 71' lang='lat' dir='ltr'><strong>ligneus,</strong></span> <span class='ocrx_word' id='word_1_580' title='bbox 3686 3442 3861 3497; x_wconf 85' lang='lat' dir='ltr'><strong>quem</strong></span> <span class='ocrx_word' id='word_1_581' title='bbox 3900 3432 4070 3481; x_wconf 85' lang='lat' dir='ltr'><strong>tene-</strong></span> 
     </span>
    </p>
   </div>
   <div class='ocr_carea' id='block_1_78' title="bbox 2400 3515 4069 3587">
    <p class='ocr_par' dir='ltr' id='par_1_78' title="bbox 2400 3515 4069 3587">
     <span class='ocr_line' id='line_1_78' title="bbox 2400 3515 4069 3587; baseline -0.001 -15"><span class='ocrx_word' id='word_1_582' title='bbox 2400 3522 2490 3573; x_wconf 85' lang='lat' dir='ltr'><strong>ret</strong></span> <span class='ocrx_word' id='word_1_583' title='bbox 2520 3518 2590 3571; x_wconf 84' lang='lat' dir='ltr'><strong>de</strong></span> <span class='ocrx_word' id='word_1_584' title='bbox 2641 3533 2799 3571; x_wconf 90' lang='lat' dir='ltr'><strong>more</strong></span> <span class='ocrx_word' id='word_1_585' title='bbox 2849 3532 2982 3571; x_wconf 91' lang='lat' dir='ltr'><strong>cum</strong></span> <span class='ocrx_word' id='word_1_586' title='bbox 3032 3521 3217 3587; x_wconf 83' lang='lat' dir='ltr'><strong>patre,</strong></span> <span class='ocrx_word' id='word_1_587' title='bbox 3269 3516 3501 3587; x_wconf 89' lang='lat' dir='ltr'><strong>quoties</strong></span> <span class='ocrx_word' id='word_1_588' title='bbox 3553 3515 3768 3570; x_wconf 88' lang='lat' dir='ltr'><strong>divinis</strong></span> <span class='ocrx_word' id='word_1_589' title='bbox 3824 3516 4069 3584; x_wconf 77' lang='lat' dir='ltr'><strong>hymnis</strong></span> 
     </span>
    </p>
   </div>
   <div class='ocr_carea' id='block_1_79' title="bbox 2400 3604 4067 3677">
    <p class='ocr_par' dir='ltr' id='par_1_79' title="bbox 2400 3604 4067 3677">
     <span class='ocr_line' id='line_1_79' title="bbox 2400 3604 4067 3677; baseline -0.001 -16"><span class='ocrx_word' id='word_1_590' title='bbox 2400 3606 2924 3677; x_wconf 87' lang='lat' dir='ltr'><strong>interesset.ldque</strong></span> <span class='ocrx_word' id='word_1_591' title='bbox 2953 3606 3169 3660; x_wconf 83' lang='lat' dir='ltr'><strong>factum</strong></span> <span class='ocrx_word' id='word_1_592' title='bbox 3196 3611 3286 3660; x_wconf 89' lang='lat' dir='ltr'><strong>est</strong></span> <span class='ocrx_word' id='word_1_593' title='bbox 3309 3604 3731 3673; x_wconf 86' lang='lat' dir='ltr'><strong>semel,iterum</strong></span> <span class='ocrx_word' id='word_1_594' title='bbox 3758 3606 4067 3661; x_wconf 88' lang='lat' dir='ltr'><strong>autetiam</strong></span> 
     </span>
    </p>
   </div>
   <div class='ocr_carea' id='block_1_80' title="bbox 2402 3694 4068 3766">
    <p class='ocr_par' dir='ltr' id='par_1_80' title="bbox 2402 3694 4068 3766">
     <span class='ocr_line' id='line_1_80' title="bbox 2402 3694 4068 3766; baseline -0.001 -16"><span class='ocrx_word' id='word_1_595' title='bbox 2402 3696 2639 3766; x_wconf 66' lang='lat' dir='ltr'><strong>saepius,</strong></span> <span class='ocrx_word' id='word_1_596' title='bbox 2666 3695 2838 3750; x_wconf 90' lang='lat' dir='ltr'><strong>nobis</strong></span> <span class='ocrx_word' id='word_1_597' title='bbox 2869 3694 3225 3749; x_wconf 89' lang='lat' dir='ltr'><strong>videntibus.</strong></span> <span class='ocrx_word' id='word_1_598' title='bbox 3262 3694 3429 3748; x_wconf 85' lang='lat' dir='ltr'><strong>Aliud</strong></span> <span class='ocrx_word' id='word_1_599' title='bbox 3468 3697 3669 3764; x_wconf 82' lang='lat' dir='ltr'><strong>postea</strong></span> <span class='ocrx_word' id='word_1_600' title='bbox 3698 3694 3892 3748; x_wconf 85' lang='lat' dir='ltr'><strong>visum</strong></span> <span class='ocrx_word' id='word_1_601' title='bbox 3948 3696 4068 3749; x_wconf 85' lang='lat' dir='ltr'><strong>Au-</strong></span> 
     </span>
    </p>
   </div>
   <div class='ocr_carea' id='block_1_81' title="bbox 2401 3782 4069 3857">
    <p class='ocr_par' dir='ltr' id='par_1_81' title="bbox 2401 3782 4069 3857">
     <span class='ocr_line' id='line_1_81' title="bbox 2401 3782 4069 3857; baseline -0.001 -18"><span class='ocrx_word' id='word_1_602' title='bbox 2401 3790 2573 3857; x_wconf 76' lang='lat' dir='ltr'><strong>gusto</strong></span> <span class='ocrx_word' id='word_1_603' title='bbox 2598 3782 2993 3839; x_wconf 89' lang='lat' dir='ltr'><strong>seniori.Nam</strong></span> <span class='ocrx_word' id='word_1_604' title='bbox 3020 3799 3152 3837; x_wconf 91' lang='lat' dir='ltr'><strong>cum</strong></span> <span class='ocrx_word' id='word_1_605' title='bbox 3181 3787 3480 3853; x_wconf 86' lang='lat' dir='ltr'><strong>reputaret</strong></span> <span class='ocrx_word' id='word_1_606' title='bbox 3513 3799 3698 3837; x_wconf 90' lang='lat' dir='ltr'><strong>unum</strong></span> <span class='ocrx_word' id='word_1_607' title='bbox 3732 3799 3864 3838; x_wconf 87' lang='lat' dir='ltr'><strong>esse</strong></span> <span class='ocrx_word' id='word_1_608' title='bbox 3897 3783 4069 3854; x_wconf 86' lang='lat' dir='ltr'><strong>prin-</strong></span> 
     </span>
    </p>
   </div>
   <div class='ocr_carea' id='block_1_82' title="bbox 2401 3872 4072 3946">
    <p class='ocr_par' dir='ltr' id='par_1_82' title="bbox 2401 3872 4072 3946">
     <span class='ocr_line' id='line_1_82' title="bbox 2401 3872 4072 3946; baseline -0.005 -16"><span class='ocrx_word' id='word_1_609' title='bbox 2401 3876 2993 3946; x_wconf 81' lang='lat' dir='ltr'><strong>cipatum,ntcunque</strong></span> <span class='ocrx_word' id='word_1_610' title='bbox 3020 3874 3519 3927; x_wconf 83' lang='lat' dir='ltr'><strong>communicatum</strong></span> <span class='ocrx_word' id='word_1_611' title='bbox 3539 3872 3912 3944; x_wconf 88' lang='lat' dir='ltr'><strong>principibus</strong></span> <span class='ocrx_word' id='word_1_612' title='bbox 3928 3874 4072 3926; x_wconf 73' lang='lat' dir='ltr'><strong>dun.</strong></span> 
     </span>
    </p>
   </div>
   <div class='ocr_carea' id='block_1_83' title="bbox 2408 3961 4069 4033">
    <p class='ocr_par' dir='ltr' id='par_1_83' title="bbox 2408 3961 4069 4033">
     <span class='ocr_line' id='line_1_83' title="bbox 2408 3961 4069 4033; baseline -0.002 -15"><span class='ocrx_word' id='word_1_613' title='bbox 2408 3964 2541 4031; x_wconf 83' lang='lat' dir='ltr'><strong>bus,</strong></span> <span class='ocrx_word' id='word_1_614' title='bbox 2577 3968 2877 4032; x_wconf 84' lang='lat' dir='ltr'><strong>sceptrum</strong></span> <span class='ocrx_word' id='word_1_615' title='bbox 2912 3961 3141 4033; x_wconf 86' lang='lat' dir='ltr'><strong>imperii</strong></span> <span class='ocrx_word' id='word_1_616' title='bbox 3195 3961 3529 4033; x_wconf 86' lang='lat' dir='ltr'><strong>symbolum</strong></span> <span class='ocrx_word' id='word_1_617' title='bbox 3582 3976 3769 4015; x_wconf 88' lang='lat' dir='ltr'><strong>unum</strong></span> <span class='ocrx_word' id='word_1_618' title='bbox 3823 3966 4069 4015; x_wconf 85' lang='lat' dir='ltr'><strong>tantum</strong></span> 
     </span>
    </p>
   </div>
   <div class='ocr_carea' id='block_1_84' title="bbox 2400 4051 4069 4122">
    <p class='ocr_par' dir='ltr' id='par_1_84' title="bbox 2400 4051 4069 4122">
     <span class='ocr_line' id='line_1_84' title="bbox 2400 4051 4069 4122; baseline -0.001 -15"><span class='ocrx_word' id='word_1_619' title='bbox 2400 4053 2629 4107; x_wconf 86' lang='lat' dir='ltr'><strong>ostendi</strong></span> <span class='ocrx_word' id='word_1_620' title='bbox 2663 4053 2939 4121; x_wconf 89' lang='lat' dir='ltr'><strong>deinceps</strong></span> <span class='ocrx_word' id='word_1_621' title='bbox 2999 4056 3265 4122; x_wconf 87' lang='lat' dir='ltr'><strong>oportere</strong></span> <span class='ocrx_word' id='word_1_622' title='bbox 3291 4051 3542 4106; x_wconf 89' lang='lat' dir='ltr'><strong>censuit.</strong></span> <span class='ocrx_word' id='word_1_623' title='bbox 3564 4052 3858 4106; x_wconf 87' lang='lat' dir='ltr'><strong>Concessa</strong></span> <span class='ocrx_word' id='word_1_624' title='bbox 3884 4052 4069 4105; x_wconf 89' lang='lat' dir='ltr'><strong>etiam</strong></span> 
     </span>
    </p>
   </div>
   <div class='ocr_carea' id='block_1_85' title="bbox 2400 4138 4070 4204">
    <p class='ocr_par' dir='ltr' id='par_1_85' title="bbox 2400 4138 4070 4204">
     <span class='ocr_line' id='line_1_85' title="bbox 2400 4138 4070 4204; baseline -0.001 -8"><span class='ocrx_word' id='word_1_625' title='bbox 2400 4142 2736 4197; x_wconf 83' lang='lat' dir='ltr'><strong>Andronico</strong></span> <span class='ocrx_word' id='word_1_626' title='bbox 2760 4146 2848 4195; x_wconf 88' lang='lat' dir='ltr'><strong>est</strong></span> <span class='ocrx_word' id='word_1_627' title='bbox 2870 4140 3121 4196; x_wconf 78' lang='lat' dir='ltr'><strong>facultas</strong></span> <span class='ocrx_word' id='word_1_628' title='bbox 3143 4141 3335 4196; x_wconf 89' lang='lat' dir='ltr'><strong>edicta</strong></span> <span class='ocrx_word' id='word_1_629' title='bbox 3357 4138 4070 4204; x_wconf 82' lang='lat' dir='ltr'><strong>condendi,subscriben-</strong></span> 
     </span>
    </p>
   </div>
   <div class='ocr_carea' id='block_1_86' title="bbox 2400 4229 4074 4301">
    <p class='ocr_par' dir='ltr' id='par_1_86' title="bbox 2400 4229 4074 4301">
     <span class='ocr_line' id='line_1_86' title="bbox 2400 4229 4074 4301; baseline -0.002 -14"><span class='ocrx_word' id='word_1_630' title='bbox 2400 4233 2578 4301; x_wconf 87' lang='lat' dir='ltr'><strong>dique</strong></span> <span class='ocrx_word' id='word_1_631' title='bbox 2601 4230 2821 4286; x_wconf 88' lang='lat' dir='ltr'><strong>chartis</strong></span> <span class='ocrx_word' id='word_1_632' title='bbox 2836 4230 2950 4301; x_wconf 82' lang='lat' dir='ltr'><strong>regi</strong></span> <span class='ocrx_word' id='word_1_633' title='bbox 2963 4229 3009 4284; x_wconf 90' lang='lat' dir='ltr'><strong>is</strong></span> <span class='ocrx_word' id='word_1_634' title='bbox 3026 4234 3089 4284; x_wconf 94' lang='lat' dir='ltr'><strong>ut</strong></span> <span class='ocrx_word' id='word_1_635' title='bbox 3102 4230 3115 4283; x_wconf 91' lang='lat' dir='ltr'><strong>i</strong></span> <span class='ocrx_word' id='word_1_636' title='bbox 3128 4234 3485 4301; x_wconf 88' lang='lat' dir='ltr'><strong>mperatores</strong></span> <span class='ocrx_word' id='word_1_637' title='bbox 3501 4229 3969 4299; x_wconf 80' lang='lat' dir='ltr'><strong>solent,excepta</strong></span> <span class='ocrx_word' id='word_1_638' title='bbox 3986 4236 4074 4284; x_wconf 85' lang='lat' dir='ltr'><strong>ta-</strong></span> 
     </span>
    </p>
   </div>
   <div class='ocr_carea' id='block_1_87' title="bbox 2401 4319 4073 4391">
    <p class='ocr_par' dir='ltr' id='par_1_87' title="bbox 2401 4319 4073 4391">
     <span class='ocr_line' id='line_1_87' title="bbox 2401 4319 4073 4391; baseline -0.002 -15"><span class='ocrx_word' id='word_1_639' title='bbox 2401 4338 2532 4377; x_wconf 88' lang='lat' dir='ltr'><strong>men</strong></span> <span class='ocrx_word' id='word_1_640' title='bbox 2564 4320 2931 4391; x_wconf 87' lang='lat' dir='ltr'><strong>appositione</strong></span> <span class='ocrx_word' id='word_1_641' title='bbox 2964 4319 3393 4390; x_wconf 88' lang='lat' dir='ltr'><strong>mensis,quam</strong></span> <span class='ocrx_word' id='word_1_642' title='bbox 3429 4319 3541 4373; x_wconf 90' lang='lat' dir='ltr'><strong>sibi</strong></span> <span class='ocrx_word' id='word_1_643' title='bbox 3568 4322 3929 4373; x_wconf 83' lang='lat' dir='ltr'><strong>reservatam</strong></span> <span class='ocrx_word' id='word_1_644' title='bbox 3970 4320 4073 4373; x_wconf 76' lang='lat' dir='ltr'><strong>uni</strong></span> 
     </span>
    </p>
   </div>
   <div class='ocr_carea' id='block_1_88' title="bbox 2398 4408 4075 4481">
    <p class='ocr_par' dir='ltr' id='par_1_88' title="bbox 2398 4408 4075 4481">
     <span class='ocr_line' id='line_1_88' title="bbox 2398 4408 4075 4481; baseline -0.002 -16"><span class='ocrx_word' id='word_1_645' title='bbox 2398 4411 2582 4465; x_wconf 88' lang='lat' dir='ltr'><strong>voluit</strong></span> <span class='ocrx_word' id='word_1_646' title='bbox 2606 4410 2802 4464; x_wconf 88' lang='lat' dir='ltr'><strong>senior</strong></span> <span class='ocrx_word' id='word_1_647' title='bbox 2834 4416 3166 4481; x_wconf 83' lang='lat' dir='ltr'><strong>Augustus,</strong></span> <span class='ocrx_word' id='word_1_648' title='bbox 3196 4410 3280 4464; x_wconf 90' lang='lat' dir='ltr'><strong>ita</strong></span> <span class='ocrx_word' id='word_1_649' title='bbox 3311 4414 3377 4463; x_wconf 94' lang='lat' dir='ltr'><strong>ut</strong></span> <span class='ocrx_word' id='word_1_650' title='bbox 3406 4408 3525 4463; x_wconf 82' lang='lat' dir='ltr'><strong>tilio</strong></span> <span class='ocrx_word' id='word_1_651' title='bbox 3560 4408 3617 4462; x_wconf 90' lang='lat' dir='ltr'><strong>in</strong></span> <span class='ocrx_word' id='word_1_652' title='bbox 3654 4408 3908 4478; x_wconf 84' lang='lat' dir='ltr'><strong>imperio</strong></span> <span class='ocrx_word' id='word_1_653' title='bbox 3950 4409 4075 4464; x_wconf 87' lang='lat' dir='ltr'><strong>col-</strong></span> 
     </span>
    </p>
   </div>
   <div class='ocr_carea' id='block_1_89' title="bbox 2401 4498 4074 4574">
    <p class='ocr_par' dir='ltr' id='par_1_89' title="bbox 2401 4498 4074 4574">
     <span class='ocr_line' id='line_1_89' title="bbox 2401 4498 4074 4574; baseline -0.003 -17"><span class='ocrx_word' id='word_1_654' title='bbox 2401 4503 2540 4574; x_wconf 74' lang='lat' dir='ltr'><strong>legae</strong></span> <span class='ocrx_word' id='word_1_655' title='bbox 2575 4500 2777 4556; x_wconf 88' lang='lat' dir='ltr'><strong>liceret</strong></span> <span class='ocrx_word' id='word_1_656' title='bbox 2806 4498 2999 4554; x_wconf 90' lang='lat' dir='ltr'><strong>solum</strong></span> <span class='ocrx_word' id='word_1_657' title='bbox 3048 4504 3285 4555; x_wconf 84' lang='lat' dir='ltr'><strong>extense</strong></span> <span class='ocrx_word' id='word_1_658' title='bbox 3335 4517 3401 4555; x_wconf 86' lang='lat' dir='ltr'><strong>ac</strong></span> <span class='ocrx_word' id='word_1_659' title='bbox 3453 4500 3598 4554; x_wconf 88' lang='lat' dir='ltr'><strong>citra</strong></span> <span class='ocrx_word' id='word_1_660' title='bbox 3647 4500 4074 4569; x_wconf 79' lang='lat' dir='ltr'><strong>compcr-dinm</strong></span> 
     </span>
    </p>
   </div>
   <div class='ocr_carea' id='block_1_90' title="bbox 631 4589 4077 4663">
    <p class='ocr_par' dir='ltr' id='par_1_90' title="bbox 631 4589 4077 4663">
     <span class='ocr_line' id='line_1_90' title="bbox 631 4589 4077 4663; baseline -0.001 -18"><span class='ocrx_word' id='word_1_661' title='bbox 631 4596 779 4645; x_wconf 79' lang='lat' dir='ltr'><strong>trem</strong></span> <span class='ocrx_word' id='word_1_662' title='bbox 815 4590 1222 4644; x_wconf 76' lang='lat' dir='ltr'><strong>auctoritatem</strong></span> <span class='ocrx_word' id='word_1_663' title='bbox 1260 4590 1309 4644; x_wconf 86' lang='lat' dir='ltr'><strong>ei</strong></span> <span class='ocrx_word' id='word_1_664' title='bbox 1354 4590 1524 4659; x_wconf 86' lang='lat' dir='ltr'><strong>quasi</strong></span> <span class='ocrx_word' id='word_1_665' title='bbox 1577 4591 1663 4643; x_wconf 85' lang='lat' dir='ltr'><strong>avi</strong></span> <span class='ocrx_word' id='word_1_666' title='bbox 1722 4590 2037 4654; x_wconf 73' lang='lat' dir='ltr'><strong>tribuebat,</strong></span> <span class='ocrx_word' id='word_1_667' title='bbox 2092 4596 2295 4663; x_wconf 89' lang='lat' dir='ltr'><strong>utpote</strong></span> <span class='ocrx_word' id='word_1_668' title='bbox 2327 4592 2371 4656; x_wconf 90' lang='lat' dir='ltr'>D</span> <span class='ocrx_word' id='word_1_669' title='bbox 2406 4592 2661 4648; x_wconf 89' lang='lat' dir='ltr'><strong>scribere</strong></span> <span class='ocrx_word' id='word_1_670' title='bbox 2684 4591 2917 4645; x_wconf 86' lang='lat' dir='ltr'><strong>rubrica</strong></span> <span class='ocrx_word' id='word_1_671' title='bbox 2941 4606 3117 4644; x_wconf 90' lang='lat' dir='ltr'><strong>manu</strong></span> <span class='ocrx_word' id='word_1_672' title='bbox 3149 4590 3461 4661; x_wconf 89' lang='lat' dir='ltr'><strong>propriain</strong></span> <span class='ocrx_word' id='word_1_673' title='bbox 3487 4589 3643 4645; x_wconf 90' lang='lat' dir='ltr'><strong>hunc</strong></span> <span class='ocrx_word' id='word_1_674' title='bbox 3673 4594 4043 4644; x_wconf 59' lang='lat' dir='ltr'><strong>modunrAn</strong></span> <span class='ocrx_word' id='word_1_675' title='bbox 4065 4621 4077 4630; x_wconf 95' lang='lat'><em>-</em></span> 
     </span>
    </p>
   </div>
   <div class='ocr_carea' id='block_1_91' title="bbox 642 4679 2293 4751">
    <p class='ocr_par' dir='ltr' id='par_1_91' title="bbox 642 4679 2293 4751">
     <span class='ocr_line' id='line_1_91' title="bbox 642 4679 2293 4751; baseline 0.003 -21"><span class='ocrx_word' id='word_1_676' title='bbox 642 4697 921 4751; x_wconf 58' lang='lat' dir='ltr'><strong>germano</strong></span> <span class='ocrx_word' id='word_1_677' title='bbox 945 4679 1191 4749; x_wconf 80' lang='lat' dir='ltr'><strong>Augusti</strong></span> <span class='ocrx_word' id='word_1_678' title='bbox 1218 4680 1485 4733; x_wconf 87' lang='lat' dir='ltr'><strong>Lascaris</strong></span> <span class='ocrx_word' id='word_1_679' title='bbox 1509 4680 1790 4749; x_wconf 84' lang='lat' dir='ltr'><strong>genitoris</strong></span> <span class='ocrx_word' id='word_1_680' title='bbox 1812 4681 1938 4750; x_wconf 88' lang='lat' dir='ltr'><strong>ejus</strong></span> <span class='ocrx_word' id='word_1_681' title='bbox 1965 4681 2189 4734; x_wconf 85' lang='lat' dir='ltr'><strong>matris.</strong></span> <span class='ocrx_word' id='word_1_682' title='bbox 2229 4681 2293 4735; x_wconf 85' lang='lat' dir='ltr'><strong>Hi</strong></span> 
     </span>
    </p>
   </div>
   <div class='ocr_carea' id='block_1_92' title="bbox 629 4770 2296 4843">
    <p class='ocr_par' dir='ltr' id='par_1_92' title="bbox 629 4770 2296 4843">
     <span class='ocr_line' id='line_1_92' title="bbox 629 4770 2296 4843; baseline 0.001 -18"><span class='ocrx_word' id='word_1_683' title='bbox 629 4771 899 4825; x_wconf 75' lang='lat' dir='ltr'><strong>terrestri</strong></span> <span class='ocrx_word' id='word_1_684' title='bbox 937 4770 1145 4823; x_wconf 74' lang='lat' dir='ltr'><strong>itinere</strong></span> <span class='ocrx_word' id='word_1_685' title='bbox 1178 4786 1293 4839; x_wconf 72' lang='lat' dir='ltr'><strong>qun</strong></span> <span class='ocrx_word' id='word_1_686' title='bbox 1328 4770 1778 4824; x_wconf 59' lang='lat' dir='ltr'><strong>destinabantur</strong></span> <span class='ocrx_word' id='word_1_687' title='bbox 1812 4770 2038 4841; x_wconf 85' lang='lat' dir='ltr'><strong>perlati,</strong></span> <span class='ocrx_word' id='word_1_688' title='bbox 2066 4772 2296 4843; x_wconf 82' lang='lat' dir='ltr'><strong>negotio</strong></span> 
     </span>
    </p>
   </div>
   <div class='ocr_carea' id='block_1_93' title="bbox 634 4859 2299 4925">
    <p class='ocr_par' dir='ltr' id='par_1_93' title="bbox 634 4859 2299 4925">
     <span class='ocr_line' id='line_1_93' title="bbox 634 4859 2299 4925; baseline -0.001 -9"><span class='ocrx_word' id='word_1_689' title='bbox 634 4879 663 4916; x_wconf 93' lang='lat' dir='ltr'><strong>e</strong></span> <span class='ocrx_word' id='word_1_690' title='bbox 696 4862 992 4916; x_wconf 82' lang='lat' dir='ltr'><strong>sententia</strong></span> <span class='ocrx_word' id='word_1_691' title='bbox 1019 4862 1304 4925; x_wconf 68' lang='lat' dir='ltr'><strong>confecto,</strong></span> <span class='ocrx_word' id='word_1_692' title='bbox 1335 4859 1491 4913; x_wconf 83' lang='lat' dir='ltr'><strong>brevi</strong></span> <span class='ocrx_word' id='word_1_693' title='bbox 1520 4860 1762 4914; x_wconf 86' lang='lat' dir='ltr'><strong>reduces</strong></span> <span class='ocrx_word' id='word_1_694' title='bbox 1789 4860 1965 4914; x_wconf 83' lang='lat' dir='ltr'><strong>tiliam</strong></span> <span class='ocrx_word' id='word_1_695' title='bbox 1994 4860 2299 4915; x_wconf 88' lang='lat' dir='ltr'><strong>memorati</strong></span> 
     </span>
    </p>
   </div>
   <div class='ocr_carea' id='block_1_94' title="bbox 640 4947 2297 5019">
    <p class='ocr_par' dir='ltr' id='par_1_94' title="bbox 640 4947 2297 5019">
     <span class='ocr_line' id='line_1_94' title="bbox 640 4947 2297 5019; baseline 0 -16"><span class='ocrx_word' id='word_1_696' title='bbox 640 4950 795 5019; x_wconf 59' lang='lat' dir='ltr'><strong>regis</strong></span> <span class='ocrx_word' id='word_1_697' title='bbox 820 4965 1094 5017; x_wconf 76' lang='lat' dir='ltr'><strong>sponsam</strong></span> <span class='ocrx_word' id='word_1_698' title='bbox 1133 4948 1433 5001; x_wconf 86' lang='lat' dir='ltr'><strong>adducunt</strong></span> <span class='ocrx_word' id='word_1_699' title='bbox 1469 4947 1585 5001; x_wconf 80' lang='lat' dir='ltr'><strong>filio</strong></span> <span class='ocrx_word' id='word_1_700' title='bbox 1613 4947 2009 5017; x_wconf 82' lang='lat' dir='ltr'><strong>imperatoris,</strong></span> <span class='ocrx_word' id='word_1_701' title='bbox 2040 4950 2158 5018; x_wconf 84' lang='lat' dir='ltr'><strong>jam</strong></span> <span class='ocrx_word' id='word_1_702' title='bbox 2190 4950 2297 5019; x_wconf 85' lang='lat' dir='ltr'><strong>ipsi</strong></span> 
     </span>
    </p>
   </div>
   <div class='ocr_carea' id='block_1_95' title="bbox 638 5037 2299 5110">
    <p class='ocr_par' dir='ltr' id='par_1_95' title="bbox 638 5037 2299 5110">
     <span class='ocr_line' id='line_1_95' title="bbox 638 5037 2299 5110; baseline -0.001 -16"><span class='ocrx_word' id='word_1_703' title='bbox 638 5040 871 5110; x_wconf 85' lang='lat' dir='ltr'><strong>imperii</strong></span> <span class='ocrx_word' id='word_1_704' title='bbox 909 5038 1198 5109; x_wconf 81' lang='lat' dir='ltr'><strong>participi.</strong></span> <span class='ocrx_word' id='word_1_705' title='bbox 1247 5037 1465 5109; x_wconf 85' lang='lat' dir='ltr'><strong>Virgini</strong></span> <span class='ocrx_word' id='word_1_706' title='bbox 1518 5042 1823 5109; x_wconf 81' lang='lat' dir='ltr'><strong>Augustus</strong></span> <span class='ocrx_word' id='word_1_707' title='bbox 1874 5039 2069 5094; x_wconf 77' lang='lat' dir='ltr'><strong>senior</strong></span> <span class='ocrx_word' id='word_1_708' title='bbox 2122 5041 2299 5093; x_wconf 65' lang='lat' dir='ltr'><strong>Annae</strong></span> 
     </span>
    </p>
   </div>
   <div class='ocr_carea' id='block_1_96' title="bbox 639 5127 2299 5199">
    <p class='ocr_par' dir='ltr' id='par_1_96' title="bbox 639 5127 2299 5199">
     <span class='ocr_line' id='line_1_96' title="bbox 639 5127 2299 5199; baseline -0.001 -15"><span class='ocrx_word' id='word_1_709' title='bbox 639 5146 851 5184; x_wconf 85' lang='lat' dir='ltr'><strong>nomen</strong></span> <span class='ocrx_word' id='word_1_710' title='bbox 881 5128 1342 5199; x_wconf 87' lang='lat' dir='ltr'><strong>imposuit.Tum</strong></span> <span class='ocrx_word' id='word_1_711' title='bbox 1368 5127 1582 5182; x_wconf 46' lang='lat' dir='ltr'><strong>illustri</strong></span> <span class='ocrx_word' id='word_1_712' title='bbox 1612 5144 1824 5198; x_wconf 86' lang='lat' dir='ltr'><strong>pompa</strong></span> <span class='ocrx_word' id='word_1_713' title='bbox 1842 5132 1898 5182; x_wconf 88' lang='lat' dir='ltr'><strong>et</strong></span> <span class='ocrx_word' id='word_1_714' title='bbox 1919 5128 2299 5199; x_wconf 79' lang='lat' dir='ltr'><strong>magnificen-</strong></span> 
     </span>
    </p>
   </div>
   <div class='ocr_carea' id='block_1_97' title="bbox 636 5218 2301 5291">
    <p class='ocr_par' dir='ltr' id='par_1_97' title="bbox 636 5218 2301 5291">
     <span class='ocr_line' id='line_1_97' title="bbox 636 5218 2301 5291; baseline -0.001 -16"><span class='ocrx_word' id='word_1_715' title='bbox 636 5222 719 5275; x_wconf 81' lang='lat' dir='ltr'><strong>tia</strong></span> <span class='ocrx_word' id='word_1_716' title='bbox 754 5220 1050 5291; x_wconf 71' lang='lat' dir='ltr'><strong>praecipua</strong></span> <span class='ocrx_word' id='word_1_717' title='bbox 1086 5219 1324 5290; x_wconf 89' lang='lat' dir='ltr'><strong>nuptias</strong></span> <span class='ocrx_word' id='word_1_718' title='bbox 1355 5220 1482 5289; x_wconf 89' lang='lat' dir='ltr'><strong>ejus</strong></span> <span class='ocrx_word' id='word_1_719' title='bbox 1513 5235 1644 5273; x_wconf 90' lang='lat' dir='ltr'><strong>cum</strong></span> <span class='ocrx_word' id='word_1_720' title='bbox 1682 5235 1788 5273; x_wconf 88' lang='lat' dir='ltr'><strong>suo</strong></span> <span class='ocrx_word' id='word_1_721' title='bbox 1822 5218 1936 5272; x_wconf 82' lang='lat' dir='ltr'><strong>lilio</strong></span> <span class='ocrx_word' id='word_1_722' title='bbox 1989 5218 2301 5274; x_wconf 89' lang='lat' dir='ltr'><strong>celebravit</strong></span> 
     </span>
    </p>
   </div>
   <div class='ocr_carea' id='block_1_98' title="bbox 644 5309 2303 5381">
    <p class='ocr_par' dir='ltr' id='par_1_98' title="bbox 644 5309 2303 5381">
     <span class='ocr_line' id='line_1_98' title="bbox 644 5309 2303 5381; baseline 0 -16"><span class='ocrx_word' id='word_1_723' title='bbox 644 5314 795 5381; x_wconf 55' lang='lat' dir='ltr'><strong>apud</strong></span> <span class='ocrx_word' id='word_1_724' title='bbox 823 5327 1096 5377; x_wconf 67' lang='lat' dir='ltr'><strong>magnum</strong></span> <span class='ocrx_word' id='word_1_725' title='bbox 1125 5309 1409 5379; x_wconf 89' lang='lat' dir='ltr'><strong>templum</strong></span> <span class='ocrx_word' id='word_1_726' title='bbox 1435 5309 1659 5363; x_wconf 66' lang='lat' dir='ltr'><strong>Sanctae</strong></span> <span class='ocrx_word' id='word_1_727' title='bbox 1682 5309 2303 5381; x_wconf 85' lang='lat' dir='ltr'><strong>diviniVerbiSapien-</strong></span> 
     </span>
    </p>
   </div>
   <div class='ocr_carea' id='block_1_99' title="bbox 643 5398 2300 5469">
    <p class='ocr_par' dir='ltr' id='par_1_99' title="bbox 643 5398 2300 5469">
     <span class='ocr_line' id='line_1_99' title="bbox 643 5398 2300 5469; baseline -0.002 -13"><span class='ocrx_word' id='word_1_728' title='bbox 643 5403 759 5459; x_wconf 69' lang='lat' dir='ltr'><strong>tim.</strong></span> <span class='ocrx_word' id='word_1_729' title='bbox 786 5401 931 5454; x_wconf 79' lang='lat' dir='ltr'><strong>bene</strong></span> <span class='ocrx_word' id='word_1_730' title='bbox 950 5404 1221 5469; x_wconf 81' lang='lat' dir='ltr'><strong>precante</strong></span> <span class='ocrx_word' id='word_1_731' title='bbox 1240 5399 1405 5453; x_wconf 80' lang='lat' dir='ltr'><strong>novis</strong></span> <span class='ocrx_word' id='word_1_732' title='bbox 1422 5398 1656 5468; x_wconf 88' lang='lat' dir='ltr'><strong>sponsis</strong></span> <span class='ocrx_word' id='word_1_733' title='bbox 1674 5398 1927 5469; x_wconf 87' lang='lat' dir='ltr'><strong>Josepho</strong></span> <span class='ocrx_word' id='word_1_734' title='bbox 1949 5399 2300 5469; x_wconf 81' lang='lat' dir='ltr'><strong>patriarcha.</strong></span> 
     </span>
    </p>
   </div>
   <div class='ocr_carea' id='block_1_100' title="bbox 645 5488 2303 5554">
    <p class='ocr_par' dir='ltr' id='par_1_100' title="bbox 645 5488 2303 5554">
     <span class='ocr_line' id='line_1_100' title="bbox 645 5488 2303 5554; baseline -0.001 -10"><span class='ocrx_word' id='word_1_735' title='bbox 645 5498 817 5544; x_wconf 86' lang='lat' dir='ltr'><strong>Anno</strong></span> <span class='ocrx_word' id='word_1_736' title='bbox 850 5488 985 5542; x_wconf 87' lang='lat' dir='ltr'><strong>inde</strong></span> <span class='ocrx_word' id='word_1_737' title='bbox 1018 5494 1234 5553; x_wconf 81' lang='lat' dir='ltr'><strong>secuto,</strong></span> <span class='ocrx_word' id='word_1_738' title='bbox 1267 5488 1359 5542; x_wconf 90' lang='lat' dir='ltr'><strong>die</strong></span> <span class='ocrx_word' id='word_1_739' title='bbox 1407 5493 1612 5543; x_wconf 76' lang='lat' dir='ltr'><strong>octava</strong></span> <span class='ocrx_word' id='word_1_740' title='bbox 1661 5488 1885 5543; x_wconf 88' lang='lat' dir='ltr'><strong>mensis</strong></span> <span class='ocrx_word' id='word_1_741' title='bbox 1932 5490 2303 5554; x_wconf 88' lang='lat' dir='ltr'><strong>Novembris,</strong></span> 
     </span>
    </p>
   </div>
   <div class='ocr_carea' id='block_1_101' title="bbox 647 5578 2307 5651">
    <p class='ocr_par' dir='ltr' id='par_1_101' title="bbox 647 5578 2307 5651">
     <span class='ocr_line' id='line_1_101' title="bbox 647 5578 2307 5651; baseline -0.003 -17"><span class='ocrx_word' id='word_1_742' title='bbox 647 5579 803 5651; x_wconf 81' lang='lat' dir='ltr'><strong>regie</strong></span> <span class='ocrx_word' id='word_1_743' title='bbox 828 5579 1037 5633; x_wconf 84' lang='lat' dir='ltr'><strong>ambos</strong></span> <span class='ocrx_word' id='word_1_744' title='bbox 1069 5579 1191 5649; x_wconf 89' lang='lat' dir='ltr'><strong>ipse</strong></span> <span class='ocrx_word' id='word_1_745' title='bbox 1218 5583 1403 5649; x_wconf 83' lang='lat' dir='ltr'><strong>pater,</strong></span> <span class='ocrx_word' id='word_1_746' title='bbox 1430 5584 1714 5648; x_wconf 62' lang='lat' dir='ltr'><strong>prsesente</strong></span> <span class='ocrx_word' id='word_1_747' title='bbox 1739 5595 1803 5632; x_wconf 85' lang='lat' dir='ltr'><strong>ac</strong></span> <span class='ocrx_word' id='word_1_748' title='bbox 1828 5578 2012 5632; x_wconf 89' lang='lat' dir='ltr'><strong>sacris</strong></span> <span class='ocrx_word' id='word_1_749' title='bbox 2033 5585 2307 5649; x_wconf 75' lang='lat' dir='ltr'><strong>operante</strong></span> 
     </span>
    </p>
   </div>
   <div class='ocr_carea' id='block_1_102' title="bbox 652 5666 2308 5740">
    <p class='ocr_par' dir='ltr' id='par_1_102' title="bbox 652 5666 2308 5740">
     <span class='ocr_line' id='line_1_102' title="bbox 652 5666 2308 5740; baseline -0.001 -18"><span class='ocrx_word' id='word_1_750' title='bbox 652 5666 987 5740; x_wconf 78' lang='lat' dir='ltr'><strong>patriarcha</strong></span> <span class='ocrx_word' id='word_1_751' title='bbox 1044 5670 1364 5731; x_wconf 70' lang='lat' dir='ltr'><strong>coronavit,</strong></span> <span class='ocrx_word' id='word_1_752' title='bbox 1425 5666 1813 5736; x_wconf 77' lang='lat' dir='ltr'><strong>deincepsque</strong></span> <span class='ocrx_word' id='word_1_753' title='bbox 1862 5666 2193 5721; x_wconf 87' lang='lat' dir='ltr'><strong>Andronico</strong></span> <span class='ocrx_word' id='word_1_754' title='bbox 2244 5670 2308 5721; x_wconf 88' lang='lat' dir='ltr'><strong>ut</strong></span> 
     </span>
    </p>
   </div>
   <div class='ocr_carea' id='block_1_103' title="bbox 633 5755 2305 5829">
    <p class='ocr_par' dir='ltr' id='par_1_103' title="bbox 633 5755 2305 5829">
     <span class='ocr_line' id='line_1_103' title="bbox 633 5755 2305 5829; baseline -0.002 -14"><span class='ocrx_word' id='word_1_755' title='bbox 633 5759 761 5829; x_wconf 82' lang='lat' dir='ltr'><strong>jam</strong></span> <span class='ocrx_word' id='word_1_756' title='bbox 815 5756 1153 5829; x_wconf 85' lang='lat' dir='ltr'><strong>imperatori</strong></span> <span class='ocrx_word' id='word_1_757' title='bbox 1190 5755 1474 5812; x_wconf 83' lang='lat' dir='ltr'><strong>familiam</strong></span> <span class='ocrx_word' id='word_1_758' title='bbox 1508 5762 1565 5813; x_wconf 90' lang='lat' dir='ltr'><strong>et</strong></span> <span class='ocrx_word' id='word_1_759' title='bbox 1597 5756 1989 5813; x_wconf 86' lang='lat' dir='ltr'><strong>ministerium</strong></span> <span class='ocrx_word' id='word_1_760' title='bbox 2033 5756 2193 5812; x_wconf 75' lang='lat' dir='ltr'><strong>auxit</strong></span> <span class='ocrx_word' id='word_1_761' title='bbox 2245 5757 2305 5812; x_wconf 91' lang='lat' dir='ltr'><strong>in</strong></span> 
     </span>
    </p>
   </div>
   <div class='ocr_carea' id='block_1_104' title="bbox 2406 4679 4078 4750">
    <p class='ocr_par' dir='ltr' id='par_1_104' title="bbox 2406 4679 4078 4750">
     <span class='ocr_line' id='line_1_104' title="bbox 2406 4679 4078 4750; baseline -0.003 -14"><span class='ocrx_word' id='word_1_762' title='bbox 2406 4681 2685 4735; x_wconf 89' lang='lat' dir='ltr'><strong>dronicus</strong></span> <span class='ocrx_word' id='word_1_763' title='bbox 2742 4679 2957 4734; x_wconf 89' lang='lat' dir='ltr'><strong>Christi</strong></span> <span class='ocrx_word' id='word_1_764' title='bbox 3020 4679 3208 4750; x_wconf 85' lang='lat' dir='ltr'><strong>gratia</strong></span> <span class='ocrx_word' id='word_1_765' title='bbox 3266 4680 3588 4750; x_wconf 81' lang='lat' dir='ltr'><strong>imperator</strong></span> <span class='ocrx_word' id='word_1_766' title='bbox 3643 4679 4078 4733; x_wconf 72' lang='lat' dir='ltr'><strong>Romanorum.</strong></span> 
     </span>
    </p>
   </div>
   <div class='ocr_carea' id='block_1_105' title="bbox 2406 4766 4077 4837">
    <p class='ocr_par' dir='ltr' id='par_1_105' title="bbox 2406 4766 4077 4837">
     <span class='ocr_line' id='line_1_105' title="bbox 2406 4766 4077 4837; baseline -0.002 -15"><span class='ocrx_word' id='word_1_767' title='bbox 2406 4768 2752 4823; x_wconf 87' lang='lat' dir='ltr'><strong>Juramenta</strong></span> <span class='ocrx_word' id='word_1_768' title='bbox 2784 4766 2995 4819; x_wconf 86' lang='lat' dir='ltr'><strong>deinde</strong></span> <span class='ocrx_word' id='word_1_769' title='bbox 3029 4783 3057 4820; x_wconf 88' lang='lat' dir='ltr'><strong>a</strong></span> <span class='ocrx_word' id='word_1_770' title='bbox 3094 4783 3240 4821; x_wconf 88' lang='lat' dir='ltr'><strong>novo</strong></span> <span class='ocrx_word' id='word_1_771' title='bbox 3273 4768 3693 4837; x_wconf 51' lang='lat' dir='ltr'><strong>Auguﬂopnst</strong></span> <span class='ocrx_word' id='word_1_772' title='bbox 3736 4772 4077 4821; x_wconf 69' lang='lat' dir='ltr'><strong>cautionem</strong></span> 
     </span>
    </p>
   </div>
   <div class='ocr_carea' id='block_1_106' title="bbox 2410 4856 4079 4928">
    <p class='ocr_par' dir='ltr' id='par_1_106' title="bbox 2410 4856 4079 4928">
     <span class='ocr_line' id='line_1_106' title="bbox 2410 4856 4079 4928; baseline -0.005 -15"><span class='ocrx_word' id='word_1_773' title='bbox 2410 4859 2631 4928; x_wconf 83' lang='lat' dir='ltr'><strong>scripto</strong></span> <span class='ocrx_word' id='word_1_774' title='bbox 2666 4858 2863 4911; x_wconf 85' lang='lat' dir='ltr'><strong>datam</strong></span> <span class='ocrx_word' id='word_1_775' title='bbox 2899 4857 2968 4909; x_wconf 87' lang='lat' dir='ltr'><strong>de</strong></span> <span class='ocrx_word' id='word_1_776' title='bbox 3001 4872 3108 4910; x_wconf 87' lang='lat' dir='ltr'><strong>sua</strong></span> <span class='ocrx_word' id='word_1_777' title='bbox 3143 4856 3197 4908; x_wconf 93' lang='lat' dir='ltr'><strong>in</strong></span> <span class='ocrx_word' id='word_1_778' title='bbox 3244 4858 3419 4909; x_wconf 75' lang='lat' dir='ltr'><strong>neum</strong></span> <span class='ocrx_word' id='word_1_779' title='bbox 3474 4861 3529 4909; x_wconf 81' lang='lat' dir='ltr'><strong>et</strong></span> <span class='ocrx_word' id='word_1_780' title='bbox 3586 4856 3909 4909; x_wconf 57' lang='lat' dir='ltr'><strong>licclcsiam</strong></span> <span class='ocrx_word' id='word_1_781' title='bbox 3972 4859 4079 4908; x_wconf 61' lang='lat' dir='ltr'><strong>tisi-9.</strong></span> 
     </span>
    </p>
   </div>
   <div class='ocr_carea' id='block_1_107' title="bbox 2409 4944 4080 5016">
    <p class='ocr_par' dir='ltr' id='par_1_107' title="bbox 2409 4944 4080 5016">
     <span class='ocr_line' id='line_1_107' title="bbox 2409 4944 4080 5016; baseline -0.003 -15"><span class='ocrx_word' id='word_1_782' title='bbox 2409 4946 2833 5016; x_wconf 81' lang='lat' dir='ltr'><strong>obsequicque,</strong></span> <span class='ocrx_word' id='word_1_783' title='bbox 2863 4948 3065 4999; x_wconf 81' lang='lat' dir='ltr'><strong>exacta</strong></span> <span class='ocrx_word' id='word_1_784' title='bbox 3097 4955 3229 4999; x_wconf 83' lang='lat' dir='ltr'><strong>sunt</strong></span> <span class='ocrx_word' id='word_1_785' title='bbox 3265 4944 3574 5014; x_wconf 77' lang='lat' dir='ltr'><strong>talia,quze</strong></span> <span class='ocrx_word' id='word_1_786' title='bbox 3608 4946 3762 4999; x_wconf 76' lang='lat' dir='ltr'><strong>clare</strong></span> <span class='ocrx_word' id='word_1_787' title='bbox 3796 4945 4080 5013; x_wconf 61' lang='lat' dir='ltr'><strong>pietatem</strong></span> 
     </span>
    </p>
   </div>
   <div class='ocr_carea' id='block_1_108' title="bbox 2410 5034 4083 5105">
    <p class='ocr_par' dir='ltr' id='par_1_108' title="bbox 2410 5034 4083 5105">
     <span class='ocr_line' id='line_1_108' title="bbox 2410 5034 4083 5105; baseline -0.003 -14"><span class='ocrx_word' id='word_1_788' title='bbox 2410 5042 2467 5091; x_wconf 89' lang='lat' dir='ltr'><strong>et</strong></span> <span class='ocrx_word' id='word_1_789' title='bbox 2490 5034 2882 5090; x_wconf 82' lang='lat' dir='ltr'><strong>obedientiam</strong></span> <span class='ocrx_word' id='word_1_790' title='bbox 2910 5034 3039 5104; x_wconf 88' lang='lat' dir='ltr'><strong>ejus</strong></span> <span class='ocrx_word' id='word_1_791' title='bbox 3062 5050 3198 5105; x_wconf 84' lang='lat' dir='ltr'><strong>erga</strong></span> <span class='ocrx_word' id='word_1_792' title='bbox 3225 5039 3450 5105; x_wconf 87' lang='lat' dir='ltr'><strong>patrem</strong></span> <span class='ocrx_word' id='word_1_793' title='bbox 3480 5038 3816 5103; x_wconf 83' lang='lat' dir='ltr'><strong>Augustum</strong></span> <span class='ocrx_word' id='word_1_794' title='bbox 3845 5035 4083 5102; x_wconf 66' lang='lat' dir='ltr'><strong>plen-an:</strong></span> 
     </span>
    </p>
   </div>
   <div class='ocr_carea' id='block_1_109' title="bbox 2411 5122 4086 5194">
    <p class='ocr_par' dir='ltr' id='par_1_109' title="bbox 2411 5122 4086 5194">
     <span class='ocr_line' id='line_1_109' title="bbox 2411 5122 4086 5194; baseline -0.002 -14"><span class='ocrx_word' id='word_1_795' title='bbox 2411 5124 2877 5194; x_wconf 89' lang='lat' dir='ltr'><strong>inviolatamque</strong></span> <span class='ocrx_word' id='word_1_796' title='bbox 2900 5128 3269 5194; x_wconf 66' lang='lat' dir='ltr'><strong>praestarent.</strong></span> <span class='ocrx_word' id='word_1_797' title='bbox 3304 5123 3579 5177; x_wconf 88' lang='lat' dir='ltr'><strong>distincte</strong></span> <span class='ocrx_word' id='word_1_798' title='bbox 3605 5123 3757 5194; x_wconf 80' lang='lat' dir='ltr'><strong>ipso,</strong></span> <span class='ocrx_word' id='word_1_799' title='bbox 3792 5122 3915 5177; x_wconf 90' lang='lat' dir='ltr'><strong>Deo</strong></span> <span class='ocrx_word' id='word_1_800' title='bbox 3942 5131 4086 5178; x_wconf 75' lang='lat' dir='ltr'><strong>teste</strong></span> 
     </span>
    </p>
   </div>
   <div class='ocr_carea' id='block_1_110' title="bbox 2415 5212 4085 5287">
    <p class='ocr_par' dir='ltr' id='par_1_110' title="bbox 2415 5212 4085 5287">
     <span class='ocr_line' id='line_1_110' title="bbox 2415 5212 4085 5287; baseline -0.001 -18"><span class='ocrx_word' id='word_1_801' title='bbox 2415 5214 2725 5287; x_wconf 87' lang='lat' dir='ltr'><strong>pollicente</strong></span> <span class='ocrx_word' id='word_1_802' title='bbox 2758 5232 2818 5268; x_wconf 89' lang='lat' dir='ltr'><strong>se</strong></span> <span class='ocrx_word' id='word_1_803' title='bbox 2850 5231 2963 5269; x_wconf 91' lang='lat' dir='ltr'><strong>non</strong></span> <span class='ocrx_word' id='word_1_804' title='bbox 2999 5212 3445 5275; x_wconf 79' lang='lat' dir='ltr'><strong>insidiaturum.</strong></span> <span class='ocrx_word' id='word_1_805' title='bbox 3480 5230 3541 5267; x_wconf 92' lang='lat' dir='ltr'><strong>se</strong></span> <span class='ocrx_word' id='word_1_806' title='bbox 3589 5212 3648 5266; x_wconf 90' lang='lat' dir='ltr'><strong>in</strong></span> <span class='ocrx_word' id='word_1_807' title='bbox 3706 5212 4085 5281; x_wconf 80' lang='lat' dir='ltr'><strong>subjortione</strong></span> 
     </span>
    </p>
   </div>
   <div class='ocr_carea' id='block_1_111' title="bbox 2414 5301 4079 5373">
    <p class='ocr_par' dir='ltr' id='par_1_111' title="bbox 2414 5301 4079 5373">
     <span class='ocr_line' id='line_1_111' title="bbox 2414 5301 4079 5373; baseline -0.001 -14"><span class='ocrx_word' id='word_1_808' title='bbox 2414 5304 2663 5360; x_wconf 85' lang='lat' dir='ltr'><strong>obnoxia</strong></span> <span class='ocrx_word' id='word_1_809' title='bbox 2716 5304 3125 5373; x_wconf 88' lang='lat' dir='ltr'><strong>perstiturum.</strong></span> <span class='ocrx_word' id='word_1_810' title='bbox 3178 5304 3303 5359; x_wconf 83' lang='lat' dir='ltr'><strong>Sub</strong></span> <span class='ocrx_word' id='word_1_811' title='bbox 3338 5304 3457 5357; x_wconf 65' lang='lat' dir='ltr'><strong>haec</strong></span> <span class='ocrx_word' id='word_1_812' title='bbox 3488 5320 3517 5356; x_wconf 85' lang='lat' dir='ltr'><strong>a</strong></span> <span class='ocrx_word' id='word_1_813' title='bbox 3550 5301 3771 5373; x_wconf 87' lang='lat' dir='ltr'><strong>populo</strong></span> <span class='ocrx_word' id='word_1_814' title='bbox 3813 5307 3872 5355; x_wconf 79' lang='lat' dir='ltr'><strong>et</strong></span> <span class='ocrx_word' id='word_1_815' title='bbox 3904 5304 4079 5357; x_wconf 87' lang='lat' dir='ltr'><strong>cccle-</strong></span> 
     </span>
    </p>
   </div>
   <div class='ocr_carea' id='block_1_112' title="bbox 2416 5392 4086 5463">
    <p class='ocr_par' dir='ltr' id='par_1_112' title="bbox 2416 5392 4086 5463">
     <span class='ocr_line' id='line_1_112' title="bbox 2416 5392 4086 5463; baseline -0.002 -13"><span class='ocrx_word' id='word_1_816' title='bbox 2416 5394 2673 5451; x_wconf 86' lang='lat' dir='ltr'><strong>siasticis</strong></span> <span class='ocrx_word' id='word_1_817' title='bbox 2698 5395 2964 5463; x_wconf 88' lang='lat' dir='ltr'><strong>juratum</strong></span> <span class='ocrx_word' id='word_1_818' title='bbox 2999 5393 3056 5447; x_wconf 89' lang='lat' dir='ltr'><strong>in</strong></span> <span class='ocrx_word' id='word_1_819' title='bbox 3091 5394 3262 5447; x_wconf 86' lang='lat' dir='ltr'><strong>verba</strong></span> <span class='ocrx_word' id='word_1_820' title='bbox 3292 5393 3425 5447; x_wconf 88' lang='lat' dir='ltr'><strong>novi</strong></span> <span class='ocrx_word' id='word_1_821' title='bbox 3457 5392 3732 5462; x_wconf 81' lang='lat' dir='ltr'><strong>Augusti.</strong></span> <span class='ocrx_word' id='word_1_822' title='bbox 3770 5392 4086 5446; x_wconf 83' lang='lat' dir='ltr'><strong>Decretum</strong></span> 
     </span>
    </p>
   </div>
   <div class='ocr_carea' id='block_1_113' title="bbox 2417 5481 4090 5555">
    <p class='ocr_par' dir='ltr' id='par_1_113' title="bbox 2417 5481 4090 5555">
     <span class='ocr_line' id='line_1_113' title="bbox 2417 5481 4090 5555; baseline -0.002 -16"><span class='ocrx_word' id='word_1_823' title='bbox 2417 5501 2654 5555; x_wconf 90' lang='lat' dir='ltr'><strong>quoque</strong></span> <span class='ocrx_word' id='word_1_824' title='bbox 2681 5483 2986 5554; x_wconf 82' lang='lat' dir='ltr'><strong>pontiﬁces</strong></span> <span class='ocrx_word' id='word_1_825' title='bbox 3012 5484 3121 5537; x_wconf 90' lang='lat' dir='ltr'><strong>rite</strong></span> <span class='ocrx_word' id='word_1_826' title='bbox 3145 5481 3582 5554; x_wconf 78' lang='lat' dir='ltr'><strong>pertulere,quo</strong></span> <span class='ocrx_word' id='word_1_827' title='bbox 3606 5484 4090 5536; x_wconf 81' lang='lat' dir='ltr'><strong>excommunica—</strong></span> 
     </span>
    </p>
   </div>
   <div class='ocr_carea' id='block_1_114' title="bbox 2417 5570 4087 5644">
    <p class='ocr_par' dir='ltr' id='par_1_114' title="bbox 2417 5570 4087 5644">
     <span class='ocr_line' id='line_1_114' title="bbox 2417 5570 4087 5644; baseline 0.001 -18"><span class='ocrx_word' id='word_1_828' title='bbox 2417 5573 2560 5628; x_wconf 92' lang='lat' dir='ltr'><strong>tioni</strong></span> <span class='ocrx_word' id='word_1_829' title='bbox 2588 5572 2983 5643; x_wconf 88' lang='lat' dir='ltr'><strong>subjiciebant</strong></span> <span class='ocrx_word' id='word_1_830' title='bbox 3005 5588 3138 5628; x_wconf 89' lang='lat' dir='ltr'><strong>eum</strong></span> <span class='ocrx_word' id='word_1_831' title='bbox 3165 5572 3437 5644; x_wconf 87' lang='lat' dir='ltr'><strong>quisquis</strong></span> <span class='ocrx_word' id='word_1_832' title='bbox 3464 5570 3739 5642; x_wconf 83' lang='lat' dir='ltr'><strong>foret,qui</strong></span> <span class='ocrx_word' id='word_1_833' title='bbox 3773 5570 3835 5624; x_wconf 91' lang='lat' dir='ltr'><strong>in</strong></span> <span class='ocrx_word' id='word_1_834' title='bbox 3872 5588 4087 5627; x_wconf 87' lang='lat' dir='ltr'><strong>novum</strong></span> 
     </span>
    </p>
   </div>
   <div class='ocr_carea' id='block_1_115' title="bbox 2420 5665 4089 5737">
    <p class='ocr_par' dir='ltr' id='par_1_115' title="bbox 2420 5665 4089 5737">
     <span class='ocr_line' id='line_1_115' title="bbox 2420 5665 4089 5737; baseline -0.002 -17"><span class='ocrx_word' id='word_1_835' title='bbox 2420 5666 2833 5737; x_wconf 90' lang='lat' dir='ltr'><strong>imperatorem</strong></span> <span class='ocrx_word' id='word_1_836' title='bbox 2868 5665 3219 5735; x_wconf 84' lang='lat' dir='ltr'><strong>insurgeret.</strong></span> <span class='ocrx_word' id='word_1_837' title='bbox 3256 5665 3314 5721; x_wconf 91' lang='lat' dir='ltr'><strong>Id</strong></span> <span class='ocrx_word' id='word_1_838' title='bbox 3350 5669 3546 5720; x_wconf 87' lang='lat' dir='ltr'><strong>actum</strong></span> <span class='ocrx_word' id='word_1_839' title='bbox 3581 5668 3669 5719; x_wconf 88' lang='lat' dir='ltr'><strong>est</strong></span> <span class='ocrx_word' id='word_1_840' title='bbox 3698 5666 3948 5717; x_wconf 85' lang='lat' dir='ltr'><strong>curante</strong></span> <span class='ocrx_word' id='word_1_841' title='bbox 3997 5678 4089 5717; x_wconf 85' lang='lat' dir='ltr'><strong>se-</strong></span> 
     </span>
    </p>
   </div>
   <div class='ocr_carea' id='block_1_116' title="bbox 2421 5754 4091 5828">
    <p class='ocr_par' dir='ltr' id='par_1_116' title="bbox 2421 5754 4091 5828">
     <span class='ocr_line' id='line_1_116' title="bbox 2421 5754 4091 5828; baseline -0.003 -17"><span class='ocrx_word' id='word_1_842' title='bbox 2421 5756 2867 5823; x_wconf 85' lang='lat' dir='ltr'><strong>niore,fratrum</strong></span> <span class='ocrx_word' id='word_1_843' title='bbox 2895 5755 3272 5828; x_wconf 90' lang='lat' dir='ltr'><strong>propriorum</strong></span> <span class='ocrx_word' id='word_1_844' title='bbox 3295 5754 3683 5811; x_wconf 82' lang='lat' dir='ltr'><strong>ambitionem</strong></span> <span class='ocrx_word' id='word_1_845' title='bbox 3708 5756 4091 5825; x_wconf 89' lang='lat' dir='ltr'><strong>suspectante</strong></span> 
     </span>
    </p>
   </div>
  </div>
