4246 6446
186 405 294 461 769

1245 406 1343 459 DE
1381 403 1751 460 MICBAELB
1788 400 2234 459 PALBOLOGO
2269 404 2402 457 LIB.
2442 403 2539 456 IV.

3490 403 3600 459 770

189 530 305 591 λεῖς
363 524 704 602 προέϐαινον.
766 529 883 604 Ἐφ’
939 529 1023 589 οἷς
1078 527 1131 581 οἱ
1187 531 1285 581 τοῦ
1316 526 1451 581 λαοῦ
1482 526 1617 601 πρὸς
1674 524 1833 579 αὐτὸν
1868 535 2054 598 Ατων
2119 527 2212 597 μὲν
2274 524 2667 600 εὐφημούντων
2697 524 2790 579 τόν
2836 523 3147 601 εὖεργέτην.
3203 531 3334 581 Θεοῦ
3367 524 3412 581 δ’
3448 530 3602 581 ὑπισ-

187 615 343 691 figant
378 619 465 671 καὶ
502 619 553 671 οἱ
584 624 682 685 τῆς
717 613 1045 684 Ἐκκλησίας
1088 614 1347 688 ἐγίνοντο.
1398 616 1839 687 Ἑτομογράφουν

190 704 249 760 δὲ
305 706 397 759 καὶ
455 708 508 759 οἱ
568 706 866 781 ἀρχιερεῖς,
903 704 989 756 ὑπ’
1017 703 1319 781 ἀφορισμὸν
1352 707 1631 764 ποιοῦντες
1661 702 1752 755 τὸν
1782 701 1839 763 ὃς

186 794 275 849 καῖ
338 794 662 860 ἐπανασταίη
715 794 793 863 τῷ
848 790 1084 866 βασιλεῖ.
1137 794 1271 866 Εἶχε.
1322 792 1422 865 γὰρ
1474 791 1549 852 εἰς
1606 791 1839 861 ὑποψίαν

188 884 319 943 τοὺς
350 880 621 958 ἀδελφοὺς
652 880 753 947 ἔτι,
803 884 891 934 καὶ
946 879 1161 953 μᾶλλον
1210 882 1300 934 τὸν
1336 878 1600 948 δεσπότην
1660 879 1841 934 Ἰωαν-

186 993 308 1040 νην.
363 971 507 1025 πολὺ
535 971 597 1025 τὸ
630 971 828 1044 θερμὸν
864 972 989 1045 παρ’
1039 968 1228 1041 ἐκείνῳ
1282 966 1498 1044 βλέπων
1528 968 1604 1029 εἷς
1642 967 1843 1041 μάχας,

189 1062 280 1113 καὶ
338 1060 436 1126 τήν
495 1060 630 1134 πρὸς
690 1058 893 1113 ἐκεῖνον
951 1060 1099 1132 παρά
1135 1058 1385 1111 ἁπάντων
1419 1054 1510 1110 διὰ
1537 1058 1599 1110 τὸ
1631 1056 1845 1129 εὐεργε-

190 1150 343 1203 τικὸν
400 1148 656 1220 καὶπρὸς
715 1148 808 1209 τὰς
869 1145 1045 1209 δόσεις
1099 1147 1401 1220 πρόχειρον
1430 1151 1547 1208 τοῖς
1605 1144 1843 1199 αἰτοῦσιν

193 1234 599 1311 ἀγαθοθὲλειαν.
633 1233 798 1290 Οὐδὲν
832 1236 936 1309 γὰρ
969 1234 1111 1289 οὕτω
1145 1232 1337 1288 δουλοῖ
1377 1234 1473 1295 τὰς
1522 1233 1703 1308 ψυχὰς
1726 1236 1846 1293 τοῖς

192 1325 503 1398 ἀνθρώποις
553 1325 628 1387 ὡς
656 1326 691 1393 ἡ
727 1324 862 1397 μετὰ
891 1325 1120 1398 χάριτος
1166 1322 1405 1381 εὐποιία.
1457 1320 1560 1376 Κᾶν
1618 1322 1845 1399 ἀφέλοιο

188 1414 255 1469 τὸ
341 1413 672 1489 εὐεργετικὸν
756 1418 865 1467 τῶν
919 1413 1200 1487 ἀρχόντων
1233 1457 1246 1481 ,
1308 1412 1555 1486 εὑρήσεις
1609 1410 1843 1473 ἐκείνους

192 1501 544 1570 ἀλαλάζοντα
572 1501 847 1573 τύμπανα,
891 1500 925 1554 ἆ
954 1500 1156 1556 κτύπον
1185 1496 1405 1576 ἔχουσιν
1458 1500 1508 1554 ὲν
1558 1504 1637 1572 τῷ
1695 1500 1845 1572 μᾶλ-

193 1590 294 1645 λον
328 1591 462 1645 εἶναι
492 1592 637 1645 κενά.
668 1588 821 1644 Οὕτω
870 1590 958 1644 καὶ
1014 1590 1175 1666 λόγος
1206 1592 1329 1665 παρ’
1364 1592 1624 1665 ἄρχουσιν
1677 1591 1847 1663 ἄπρα-

194 1699 349 1746 κτος,
398 1683 644 1753 κρεῖττον
700 1680 759 1733 ὃν
805 1679 899 1733 τὸν
957 1676 1253 1751 δυνάμενον
1311 1682 1367 1734 εὖ
1422 1684 1602 1733 ποιεῖν
1665 1679 1851 1752 πρᾶξιν

194 1764 346 1841 ἔχειν
378 1768 467 1821 τὸν
501 1766 669 1842 λόγον
702 1768 738 1838 ἢ
787 1766 1018 1843 λέγοντα
1069 1767 1236 1840 μόνον
1265 1768 1356 1822 τὸν
1390 1766 1631 1843 ἄρχοντα
1661 1765 1851 1840 ψεύδε-

196 1867 344 1919 σθαι.
404 1856 505 1913 Καὶ
552 1855 851 1932 μαρτύριον
892 1854 1119 1929 ἀψευδὲς
1174 1858 1231 1911 αἱ
1288 1855 1600 1932 ὠφελοῦσαι
1630 1857 1851 1932 βοτάναι

192 1945 287 2000 καὶ
313 1950 393 2017 τῷ
427 1946 535 2021 βίῳ
582 1949 691 2000 τῶν
744 1945 1046 2021 ἀνθρώπων
1096 1947 1393 2021 χρήσιμοι,
1425 1943 1480 1999 α⁴ί
1506 1942 1574 2013 δὴ
1611 1945 1853 2019 σιγηλῶς

193 2036 259 2089 τὸ
307 2033 559 2109 ὠφελοῦν
610 2036 691 2107 [Ρ.
722 2036 851 2107 216]
898 2032 1285 2111 προΐσχονται.
1340 2034 1406 2092 El
1446 2032 1503 2090 δέ
1555 2055 1707 2096 τινας
1757 2054 1849 2107 μι-

194 2121 483 2197 κρολόγως
528 2125 564 2193 ὴ
595 2128 705 2177 τῶν
733 2120 1037 2198 χρημᾶτων
1084 2125 1319 2178 ἀπουσία
1363 2123 1547 2193 λυπεῖ,
1598 2120 1850 2196 δειξάτω-

196 2233 292 2267 σαν
325 2213 524 2267 ἐκεῖνοι
553 2214 656 2282 τήν
683 2212 1006 2287 παρουσίαν,
1045 2212 1098 2267 τί
1151 2213 1289 2289 πρὸς
1346 2210 1552 2283 ἡδονὴν
1602 2208 1855 2286 συμϐάλ-

204 2301 377 2357 λεται.
414 2301 510 2355 Καὶ
541 2300 588 2356 εἰ
618 2298 825 2371 ἡδονὴν
852 2306 1091 2371 ζητοῖεν,
1134 2300 1334 2374 πολλῷ
1379 2300 1611 2357 κάλλιον
1655 2304 1758 2371 τήν
1804 2302 1852 2356 τ’

201 2389 500 2445 ἐνεστῶσαν
547 2388 692 2465 ἔχειν
742 2390 832 2445 καὶ
861 2392 960 2460 τὴν
1019 2388 1331 2464 μέλλουσαν
1377 2390 1637 2460 ἐλπίζειν.
1688 2390 1856 2445 ἀπάν-

206 2608 579 2681 maximeque
602 2608 841 2682 despote
862 2609 1326 2682 Joannis,quem
1360 2612 1430 2666 ad
1466 2609 1699 2682 quidvis
1730 2625 1861 2682 spe-

204 2699 460 2753 randum
487 2697 716 2770 magnis
738 2699 973 2754 videbat
994 2700 1286 2771 prassidiis
1303 2700 1687 2768 instructum,
1706 2698 1864 2754 forti-

205 2786 435 2842 tudinis
460 2785 682 2843 bellicas
707 2791 791 2843 tot
810 2788 1145 2859 praeliorum
1170 2789 1544 2845 successibus
1567 2793 1861 2861 spectata),

209 2876 514 2947 studiique
537 2893 677 2949 erga
705 2894 839 2933 eum
874 2878 1151 2948 prazcipui
1178 2879 1444 2933 omnium
1469 2884 1709 2951 propter
1738 2878 1865 2947 ejus

208 2964 827 3021 benevolentissimam
854 2966 1009 3021 820
1037 2965 1093 3021 in
1128 2966 1400 3021 donando
1431 2969 1487 3020 et
1516 2964 1801 3036 quidquid
1833 2980 1867 3019 a

208 3052 422 3125 quovis
452 3062 760 3126 rogaretur
806 3054 1027 3127 prolixe
1075 3055 1461 3126 gratiﬁcando
1511 3054 1865 3127 largitatem.

207 3141 357 3196 Nam
383 3142 528 3196 nihil
553 3144 637 3197 sic
653 3143 885 3198 animos
906 3142 1242 3199 mortalium
1266 3144 1607 3199 hominibus
1630 3143 1871 3213 subjicit

209 3236 277 3285 ut
308 3231 697 3287 beneﬁcentia
726 3236 891 3304 grate
922 3248 987 3288 ac
1017 3231 1338 3288 liberaliter
1368 3232 1653 3299 exercita;
1686 3248 1862 3303 quam

210 3321 259 3374 si
295 3319 668 3391 principibus
701 3321 1040 3387 abstuleris,
1073 3322 1336 3378 invenias
1369 3322 1502 3377 illos
1526 3322 1683 3377 aliud
1718 3321 1864 3376 nihil

212 3409 330 3463 nisi
364 3414 648 3482 tympana
678 3410 1037 3477 resonantia,
1058 3428 1185 3483 quae
1208 3428 1274 3467 eo
1299 3411 1434 3484 plus
1462 3416 1734 3484 strepunt
1754 3427 1870 3482 quo

211 3498 407 3569 magis
438 3503 582 3553 sunt
609 3515 815 3554 vacua.
844 3500 1059 3555 Horum
1093 3500 1250 3555 enim
1284 3502 1447 3557 inani
1479 3517 1623 3555 sono
1650 3499 1873 3555 similia

212 3592 353 3641 sunt
376 3587 669 3657 promissa
689 3588 1022 3661 principum
1043 3589 1251 3645 effectu
1272 3595 1554 3661 sequente
1567 3590 1871 3654 destituta,

213 3690 351 3729 eum
390 3674 604 3729 melius
636 3675 810 3748 longe
841 3677 939 3747 sit,
969 3692 1101 3732 eum
1138 3678 1238 3749 qui
1272 3683 1462 3749 potest
1487 3679 1677 3750 reipsa
1710 3679 1871 3746 dare,

213 3762 365 3817 nihil
399 3762 669 3829 dicendo,
693 3765 796 3820 sed
819 3765 944 3821 vice
973 3767 1287 3822 verborum
1325 3783 1500 3838 opera
1524 3766 1873 3835 exhibendo,

212 3868 398 3923 quam
452 3853 828 3925 pollicentem
862 3870 990 3926 qua
1043 3856 1288 3912 minime
1348 3857 1559 3911 deinde
1616 3860 1869 3927 praestet,

213 3941 543 4013 principem
597 3943 856 3998 mentiri.
904 3945 1088 4015 Hujus
1120 3944 1201 4000 rei
1250 3945 1630 4001 manifestum
1679 3961 1873 4000 exem-

214 4030 384 4102 plum
416 4031 613 4086 videre
665 4036 755 4087 est
786 4034 842 4086 in
877 4032 1076 4088 herbis
1122 4032 1367 4089 utilibus
1398 4034 1527 4089 vita:
1577 4032 1870 4105 humanae,

215 4119 585 4191 quaejuvant
614 4125 672 4175 et
713 4138 829 4177 non
865 4125 1186 4192 loquuntur
1234 4138 1558 4194 succosque
1606 4122 1873 4179 salubres

217 4210 416 4263 tacitae
442 4208 787 4265 ministrant
815 4226 979 4279 suos,
998 4229 1063 4267 eo
1085 4212 1371 4283 gratiores
1395 4228 1511 4284 quo
1540 4211 1873 4285 simplicius

216 4303 275 4353 et
302 4298 377 4353 ab
401 4298 723 4354 ambitione
744 4299 1101 4369 disjunctius
1124 4305 1386 4372 prosunt.
1417 4302 1634 4366 Quodsi
1659 4301 1873 4373 quibus

214 4402 390 4443 avare
420 4386 675 4443 sordidis
697 4388 857 4444 dolet
886 4390 1209 4461 abjungere
1238 4407 1271 4444 a
1302 4406 1363 4446 se
1402 4391 1669 4447 donando
1700 4407 1875 4462 pecu-

216 4477 403 4541 niam,
422 4478 595 4547 cujus
618 4485 987 4549 aconspectu
1013 4483 1244 4534 remotas
1267 4481 1626 4536 desiderium
1652 4479 1877 4535 scilicet

216 4581 332 4621 non
389 4566 604 4620 ferunt.
642 4566 679 4620 i1
710 4582 933 4637 quaeso,
958 4567 1156 4623 dicant
1204 4585 1383 4640 quam
1437 4584 1634 4624 veram
1668 4574 1725 4624 et
1756 4584 1870 4624 non

216 4652 629 4725 imaginariam
687 4655 1051 4729 voluptatem
1117 4674 1498 4713 nummorum
1555 4657 1700 4728 ipsis
1760 4622 1948 4714 subD

214 4743 406 4799 oculis
436 4749 493 4799 et
524 4745 583 4799 in
616 4761 793 4802 manu
822 4748 1151 4818 positorum
1197 4748 1403 4803 afferat
1451 4747 1781 4817 praesentia.
1812 4747 1871 4803 Si

215 4834 475 4905 gaudere
505 4840 791 4905 quaerunt,
824 4837 975 4907 quod
1018 4837 1299 4908 gaudium
1344 4854 1411 4892 eo
1462 4838 1679 4908 majus,
1714 4839 1872 4909 quod

217 4922 305 4977 vel
338 4939 597 4994 praesens
628 4924 930 4996 largiendo
964 4927 1284 4998 percipitur
1311 4926 1397 4981 vel
1430 4932 1588 4982 certo
1615 4926 1751 4982 inde
1782 4944 1873 4983 se-

216 5016 502 5066 cuturum
551 5013 862 5083 speratur?
906 5014 1186 5070 Homines
1208 5015 1333 5086 jam
1368 5030 1523 5070 nunc
1574 5014 1875 5071 beneficiis

218 5100 414 5155 aﬁ‘ecti
448 5101 849 5158 benefactores
883 5103 1411 5159 acclamationibus
1443 5106 1654 5160 faustis
1685 5105 1874 5161 laudi-

219 5188 452 5260 busque
492 5190 855 5247 dulcissimis
898 5193 1207 5248 cumulant
1238 5210 1251 5249 :
1287 5194 1437 5250 Deus
1468 5200 1665 5250 autem
1694 5196 1871 5251 etiam

218 5279 277 5334 in
306 5282 567 5335 futurum
593 5282 856 5357 ingentia
877 5300 938 5339 se
965 5300 1353 5355 repensurum
1397 5286 1697 5341 beneficiis
1730 5304 1874 5358 pra:-

220 5372 338 5428 mia
370 5373 703 5431 conﬁrmat.
732 5376 932 5432 Sciant
961 5382 1158 5433 autem
1191 5378 1478 5449 ejusmodi
1503 5380 1877 5451 angustiani-

221 5464 300 5519 mi
338 5465 634 5537 principes
656 5485 840 5524 unum
864 5470 1045 5525 istum
1069 5471 1217 5542 ipsis
1244 5471 1543 5543 proprium
1565 5476 1623 5528 et
1645 5488 1879 5543 semper

221 5569 573 5610 mansurum
591 5556 921 5613 divitiarum
939 5564 1325 5615 constitutum
1342 5560 1875 5633 fructum,gloriam

222 5659 353 5715 qua:
379 5660 451 5699 ex
481 5645 901 5704 distributione
930 5648 1196 5719 ipsarum
1228 5650 1287 5705 in
1313 5666 1513 5706 eorum
1548 5667 1759 5707 nomen
1794 5668 1874 5708 re-

217 5732 468 5792 dundat.
503 5734 644 5793 Nam
681 5736 903 5810 alioqui
954 5738 1301 5796 Ptolemaeus
1341 5740 1668 5798 Alexander
1691 5746 1749 5797 et
1780 5740 1881 5798 ille

1887 1908 1934 1974 Β

1952 613 2256 687 χνουμὲνου
2306 616 2369 668 τὸ
2431 613 2660 686 μέλλον.
2724 621 2979 668 Ἵστωσαν
3033 613 3077 669 δ’
3121 614 3200 668 ὅτι
3258 614 3602 687 Πτολεμαίου

1956 704 2049 774 μὲν
2081 703 2167 756 καὶ
2216 701 2574 777 Ἀλεξάνδρου
2605 705 2691 756 καὶ
2722 707 2818 757 τοῦ
2866 705 2964 771 τήν
3003 703 3278 777 βασιλείαν
3332 710 3399 777 τῇ
3451 704 3603 778 εὐερ-

1951 791 2101 861 γεσία
2132 793 2411 863 ὁρίζοντος
2442 793 2529 864 (οὐ
2577 793 2677 866 γὰρ
2731 788 2846 866 ἔχω
2895 793 3069 866 λέγειν
3118 791 3382 864 τοῦνομα,
3449 797 3605 865 οἶμαι

3142 879 3165 901 δ
3196 884 3207 901 ι

1955 878 2030 945 δὲ,
2089 886 2245 941 Τῖτος
2304 882 2395 952 ἦν)
2452 886 2618 935 ταῦτα
2675 882 2740 935 τὰ
2796 884 3080 955 χρήματα,
3139 879 3207 934 δι’
3270 881 3343 935 ὧν
3395 883 3605 943 ἑαυτοῖς

1954 970 2422 1037 προσ-οιήσαντες
2495 970 2593 1035 τήν
2659 968 2917 1023 ἀθάνατον
2997 967 3240 1023 εὔκλειαν
3313 974 3448 1040 ἡμῖν
3518 970 3606 1022 καὶ

1958 1054 2107 1117 αὖθις
2165 1056 2373 1134 ἀφῆκαν
2426 1054 2593 1127 μηδὲν
2625 1054 3050 1127 δαπανήσαντες.
3108 1058 3201 1110 1ίαῖ
3265 1059 3420 1118 niti;
3467 1059 3604 1111 ἐστεν

1954 1141 2297 1214 ἀδαπανητος
2356 1145 2617 1213 πλοῦτος,
2669 1149 2701 1214 ἡ
2772 1146 3024 1213 εὐποιία,
3078 1148 3140 1213 ἦν
3199 1146 3400 1207 ἐκεῖνος
3462 1147 3606 1221 ὲχιυν

1954 1234 2093 1309 πρὸς
2117 1234 2316 1294 πάντας
2348 1235 2434 1287 καὶ
2472 1234 2604 1309 ὑπὲρ
2664 1233 2908 1307 βασιλεῖς
2958 1233 3254 1302 ὲκλεὲζετο.
3304 1238 3460 1289 Ταῦτ’
3510 1237 3609 1309 ἀρα

1955 1322 2043 1376 καὶ
2113 1322 2553 1393 ὑποπτευόμενος
2629 1321 2817 1377 πολλὰ
2887 1328 3186 1397 παρῃτεῖτο
3253 1331 3359 1378 τῶν
3416 1325 3608 1381 ὄντων.

1958 1412 2072 1477 Τὴν
2104 1410 2203 1482 γὰρ
2236 1409 2417 1485 ἀρχὴν
2450 1410 2774 1485 ἐνεχωρεῖτο
2811 1410 2984 1482 τούτῳ
3037 1414 3111 1483 μὴ
3162 1412 3243 1466 ὅτι
3282 1411 3613 1487 βαρδαρειώο

1956 1519 2049 1559 τας
2078 1498 2164 1552 καὶ
2198 1499 2576 1573 κορτιναρίους
2614 1500 2777 1572 μόνον
2808 1499 2895 1554 καὶ
2929 1500 3053 1561 τοὺς
3104 1500 3189 1553 ἐπὶ
3221 1506 3316 1554 τοῦ
3348 1506 3613 1564 κοιτῶνος

1960 1586 2126 1662 ἔχειν,
2184 1587 2273 1641 καί
2330 1608 2393 1661 γε
2447 1588 2575 1651 τοὺς
2636 1589 2723 1644 ἐπὶ
2781 1596 2880 1657 τῆς
2912 1588 3241 1664 εἶσαγωγῆς,
3277 1589 3367 1650 οὓς
3402 1586 3469 1657 δὴ
3520 1590 3613 1643 καὶ

1960 1677 2370 1752 ὶταιρειάρχους
2401 1676 2674 1751 λὲγοτσιν,
2711 1677 2853 1733 ἀλλά
2909 1699 2960 1732 τι
3014 1680 3104 1732 καὶ
3143 1677 3313 1733 πλέον
3373 1683 3481 1733 τῶν
3513 1686 3613 1747 τῆς

1965 1766 2257 1841 βασιλικῆς
2312 1766 2600 1841 θεραπείας
2659 1766 3145 1842 συνεπιφὲρεσθαι.
3204 1766 3355 1825 Ἀλλ’
3418 1767 3493 1829 εἰς
3551 1768 3613 1821 τὸ

1962 1855 2191 1928 πρόσθεν
2250 1854 2347 1909 ἲὼν
2408 1854 2696 1927 ἑξησθὲνει,
2752 1856 2820 1910 τὰ
2879 1858 2972 1929 μὲν
3035 1857 3196 1926 ἑκὼν,
3251 1857 3319 1911 τὰ
3369 1854 3415 1911 δ’
3473 1853 3617 1911 ἄκων

1962 1943 2532 2021 προσαφαιρούμενος’
2582 1946 2673 1999 καὶ
2725 1946 2829 2019 γὰρ
2889 1945 2980 2000 καὶ
3034 1947 3098 2000 τὸ
3141 1945 3285 2002 πολὺ
3332 1952 3433 2015 τῆς
3462 1944 3613 2000 οἷκο-

1960 2032 2155 2105 νομίας
2188 2032 2465 2109 ἀφῄρητο.
2498 2036 2671 2099 Νῆσοι
2703 2035 2807 2109 γὰρ
2842 2039 3005 2089 πᾶσαι
3049 2036 3112 2089 τὸ
3168 2036 3454 2111 πρότερον,
3510 2037 3617 2091 Μι-

1960 2121 2172 2192 τυλήνη
2206 2120 2471 2194 λέγωκαὶ
2519 2119 2731 2193 Ῥόδος,
2790 2123 2880 2177 καὶ
2930 2125 3065 2178 κατὰ
3120 2131 3223 2197 γῆν
3269 2122 3503 2180 πλεῖστά
3556 2144 3615 2180 τε

1961 2211 2052 2265 καὶ
2105 2212 2327 2286 μέγιστά
2357 2212 2408 2265 οἱ
2453 2211 2528 2273 είς
2577 2209 2818 2287 αὐτάρκη
2868 2214 3126 2287 πρόνοιαν
3173 2213 3333 2282 ἦσαν.
3377 2210 3509 2268 Τότε
3558 2211 3617 2268 δὲ

1963 2299 2055 2355 καὶ
2094 2301 2193 2368 τὴν
2245 2297 2499 2355 δουλείαν
2531 2299 2805 2374 ἐμφαίνων
2862 2300 3001 2377 πρὸς
3054 2303 3146 2356 τὸν
3205 2302 3398 2357 νεωστὶ
3460 2303 3616 2377 βασι-

1967 2386 2214 2459 λεύοντα,
2247 2386 2302 2443 εἴ
2325 2388 2431 2444 πού
2462 2410 2513 2444 τι
2542 2389 2635 2444 καὶ
2680 2389 2755 2452 εἷς
2804 2388 3126 2464 φιλοτιμίας
3158 2390 3320 2467 λόγον
3353 2388 3618 2467 χλαμύδα

1972 2607 2126 2663 alius
2170 2608 2403 2679 (nomen
2457 2625 2613 2663 nunc
2662 2625 2776 2664 non
2827 2610 3126 2678 occurrit),
3152 2610 3251 2680 qui
3306 2608 3616 2665 utilitatem

1973 2697 2341 2768 principatus
2364 2696 2488 2752 sola
2524 2698 2843 2753 definiebat
2874 2698 3148 2753 facultate
3179 2700 3326 2754 bene
3358 2699 3622 2755 merendi

1972 2788 2042 2841 de
2074 2785 2415 2842 hominibus
2445 2786 2638 2857 (Titus
2669 2787 2894 2858 opinor,
2922 2788 2973 2842 is
3008 2789 3164 2856 fuit),
3195 2804 3293 2842 eas
3324 2789 3483 2859 ipsas
3518 2805 3621 2858 pe-

1974 2876 2200 2945 cunias,
2226 2876 2446 2946 quibus
2469 2874 2784 2947 largiendis
2808 2875 3132 2931 immortale
3158 2878 3457 2932 consecuti
3484 2882 3625 2931 sunt

1976 2965 2175 3030 decus,
2205 2964 2653 3034 inconsumptas
2687 2965 2903 3033 poteris
2936 2966 3237 3021 moriendo
3278 2968 3627 3021 transmise-

1977 3057 2336 3121 runt,unum
2359 3068 2427 3107 ex
2453 3052 2597 3124 ipsis
2620 3052 2827 3107 lucrati
2855 3055 3073 3108 bonum
3098 3054 3510 3119 inamissibile,
3529 3056 3628 3110 be-

1978 3143 2319 3198 neficiorum
2357 3142 2569 3197 famam
2602 3145 2899 3197 aeternam.
2928 3146 3053 3206 Qua
3098 3144 3355 3198 Joannes
3388 3143 3631 3215 despota

1896 3253 1939 3319 ρ
1977 3230 2093 3285 late
2122 3230 2314 3285 clarus
2339 3231 2486 3287 821
2516 3232 2671 3303 apud
2696 3248 2923 3301 omnes,
2944 3231 3077 3303 plus
3100 3233 3278 3287 etiam
3307 3250 3484 3303 quam
3522 3234 3632 3288 im-

1978 3326 2275 3393 peratores
2307 3320 2440 3391 ipsi,
2475 3319 2920 3391 praedicabatur.
2946 3320 3091 3376 Hinc
3117 3321 3387 3377 videlicet
3414 3321 3473 3376 in
3496 3338 3630 3378 sus-

1978 3408 2238 3481 piciones
2277 3407 2615 3463 incurrebat
2664 3409 3067 3480 regnantium;
3100 3410 3318 3480 quibus
3369 3408 3453 3465 illi
3503 3411 3626 3466 sol-

1978 3498 2119 3553 liciti
2152 3498 2270 3553 acri
2315 3515 2458 3553 cura
2504 3498 2928 3553 incumbebant
2975 3499 3046 3553 ad
3095 3498 3523 3554 detrahendum
3554 3500 3628 3555 de

1980 3585 2191 3657 opibus
2213 3586 2342 3657 ejus
2365 3590 2688 3657 cmteraque
2715 3585 2922 3657 gloria,
2947 3592 3232 3658 quantum
3260 3588 3403 3643 citra
3434 3589 3631 3644 decla-

1981 3676 2094 3729 rati
2128 3675 2244 3730 odii
2272 3674 2567 3745 publicam
2592 3675 3014 3746 professionem
3043 3681 3299 3747 possent.
3322 3680 3467 3733 Cum
3493 3693 3630 3749 ergo

1983 3763 2272 3836 principio
2307 3778 2651 3819 concessum
2684 3763 2733 3819 ei
2768 3762 2977 3820 fuisset
3011 3780 3123 3820 non
3157 3765 3542 3821 Bardareotas
3574 3770 3633 3822 et

1981 3852 2326 3909 cortinarios
2357 3851 2547 3908 solum
2581 3869 2648 3908 ac
2694 3853 2996 3923 praefectos
3029 3853 3287 3909 cubiculi
3322 3854 3537 3910 habere
3570 3855 3629 3911 in

1983 3941 2313 3997 ministerio
2344 3940 2683 4011 domestico,
2712 3942 2812 3997 sed
2861 3944 2919 3997 et
2966 3941 3442 4007 admissionales,
3477 3959 3628 4015 quos

1982 4031 2396 4087 betariarchas
2428 4030 2655 4098 dicunt,
2688 4035 2745 4086 et
2779 4030 2828 4086 si
2860 4030 3001 4101 quid
3033 4030 3125 4087 his
3155 4031 3412 4103 amplius
3442 4032 3501 4087 in
3536 4049 3630 4086 re-

1982 4122 2076 4194 gio
2109 4122 2223 4177 fere
2249 4120 2525 4176 satellitio
2546 4126 2839 4187 censetur,
2871 4136 3226 4192 quocunque
3248 4123 3357 4177 iret
3377 4122 3633 4177 circum-

1983 4212 2194 4267 ducere
2243 4209 2424 4265 libere
2473 4210 2852 4281 permissum,
2885 4210 3159 4281 deinceps
3201 4209 3313 4266 ista
3362 4212 3634 4267 contrahi

1982 4300 2205 4356 sensim
2240 4316 2307 4354 ac
2350 4298 2622 4371 restringi
2654 4304 2843 4370 cmpta
2883 4306 3041 4362 sunt,
3077 4300 3248 4355 modo
3299 4299 3409 4356 hoc
3458 4302 3632 4356 modo

1983 4391 2097 4448 alio
2130 4406 2199 4444 ex
2230 4389 2348 4445 illis
2398 4388 2688 4460 privatum
2721 4390 3051 4445 excedentis
3101 4391 3335 4445 modum
3391 4390 3634 4447 honoris

1982 4479 2322 4551 insignibus
2370 4480 2603 4543 ablatis,
2638 4497 2793 4535 nunc
2840 4480 2988 4551 ipso,
3024 4482 3174 4551 quod
3230 4482 3311 4535 ita
3360 4482 3634 4551 expedire

1983 4570 2227 4623 sentiret
2256 4567 2489 4624 invidiae
2529 4568 2840 4639 placandae,
2875 4574 3082 4641 sponte
3120 4570 3452 4637 abdicante,
3477 4587 3633 4625 nunc

1981 4658 2237 4713 dominis
2286 4658 2372 4713 vel
2426 4658 2499 4713 ab
2558 4658 2738 4713 invito
2792 4660 3214 4715 aul‘erentibus.
3251 4661 3402 4725 Quin
3454 4661 3631 4716 etiam

1984 4748 2351 4820 splendorem
2391 4749 2521 4818 ejus
2571 4748 2885 4804 obscurare
2919 4749 3308 4805 domesticum
3345 4767 3460 4805 non
3492 4767 3629 4805 con-

1982 4838 2152 4917 tenti,
2187 4837 2496 4909 plerasque
2546 4837 2840 4892 attributae
2892 4837 3029 4893 olim
3082 4839 3387 4909 potestatis
3441 4846 3634 4911 partes

1983 4928 2267 5001 paulatim
2301 4928 2593 4999 carpendo
2625 4930 3023 4994 resumebant,
3050 4928 3227 4984 simul
3260 4930 3632 5001 dignitatem,

1984 5018 2161 5075 simul
2193 5018 2323 5089 ejus
2354 5017 2713 5073 sustinendae
2748 5018 3152 5083 fundamenta,
3189 5024 3502 5090 proventus
3536 5037 3635 5091 pe-

1984 5109 2172 5165 cunia:
2202 5123 2453 5171 annuos,
2488 5107 2873 5178 malignitatis
2906 5109 3033 5177 jam
3067 5109 3216 5164 male
3248 5110 3633 5165 dissimulata;

1987 5198 2229 5255 minime
2260 5197 2511 5251 obscura
2560 5197 2927 5267 grassatione
2976 5198 3329 5253 minuentes.
3365 5200 3515 5254 Data:
3548 5199 3634 5255 illi

1989 5290 2153 5362 prius
2183 5286 2388 5342 insula
2422 5286 2651 5341 fuerant
2682 5286 2973 5358 pleneque
3012 5303 3118 5342 nec
3159 5305 3365 5358 parum
3402 5290 3635 5355 uberes,

1986 5377 2280 5451 Mitylene,
2313 5375 2582 5447 inquam,
2604 5379 2661 5431 et
2690 5376 2928 5431 Rhodus
2950 5376 3217 5449 aliisque,
3246 5382 3372 5434 tum
3406 5379 3463 5433 in
3498 5396 3639 5435 con-

1987 5468 2196 5525 tinenti
2258 5464 2514 5537 plurima
2574 5466 2947 5538 maximaque
2992 5468 3309 5535 territoria,
3346 5471 3501 5525 unde
3551 5470 3639 5525 illi

1988 5557 2287 5614 mercedes
2310 5556 2379 5610 ad
2404 5554 2621 5609 victum
2646 5562 3075 5628 sumptumque
3099 5563 3373 5614 caeterum
3401 5559 3641 5631 amplis-

1989 5652 2150 5706 sima;
2199 5646 2474 5703 redirent.
2508 5646 2749 5703 Cunctis
2798 5646 2960 5703 hisce
2992 5648 3270 5720 demptis,
3298 5667 3415 5706 non
3468 5652 3640 5708 modo

1988 5741 2047 5797 in
2081 5738 2371 5805 ordinem,
2403 5737 2504 5794 sed
2535 5741 2594 5794 et
2624 5736 2683 5794 in
2724 5742 2847 5795 tam
2893 5739 3179 5796 miserum
3214 5741 3517 5799 servitutis
3548 5759 3643 5799 re-
