  <div class='ocr_page' id='page_1' title='image "/cluster/home/n/w/nwhite01/storage/ocr_20150623/143/nnc1.0046980733/393.png"; bbox 0 0 4212 6442; ppageno 0'>
   <div class='ocr_carea' id='block_1_1' title="bbox 609 377 710 431">
    <p class='ocr_par' dir='ltr' id='par_1_1' title="bbox 609 377 710 431">
     <span class='ocr_line' id='line_1_1' title="bbox 609 377 710 431; baseline 0.01 -1"><span class='ocrx_word' id='word_1_1' title='bbox 609 377 710 431; x_wconf 84' lang='grc'><strong>771</strong></span> 
     </span>
    </p>
   </div>
   <div class='ocr_carea' id='block_1_2' title="bbox 1913 373 2712 429">
    <p class='ocr_par' dir='ltr' id='par_1_2' title="bbox 1913 373 2712 429">
     <span class='ocr_line' id='line_1_2' title="bbox 1913 373 2712 429; baseline 0.003 -2"><span class='ocrx_word' id='word_1_2' title='bbox 1913 373 2214 429; x_wconf 80' lang='lat' dir='ltr'><strong>GEORGII</strong></span> <span class='ocrx_word' id='word_1_3' title='bbox 2250 374 2712 429; x_wconf 70' lang='lat' dir='ltr'><strong>PACHYMERB</strong></span> 
     </span>
    </p>
   </div>
   <div class='ocr_carea' id='block_1_3' title="bbox 3903 381 4018 438">
    <p class='ocr_par' dir='ltr' id='par_1_3' title="bbox 3903 381 4018 438">
     <span class='ocr_line' id='line_1_3' title="bbox 3903 381 4018 438; baseline 0.026 -3"><span class='ocrx_word' id='word_1_4' title='bbox 3903 381 4018 438; x_wconf 86' lang='lat'><strong>772</strong></span> 
     </span>
    </p>
   </div>
   <div class='ocr_carea' id='block_1_4' title="bbox 609 487 4016 575">
    <p class='ocr_par' dir='ltr' id='par_1_4' title="bbox 609 487 4016 575">
     <span class='ocr_line' id='line_1_4' title="bbox 609 487 4016 575; baseline 0.001 -22"><span class='ocrx_word' id='word_1_5' title='bbox 609 499 755 572; x_wconf 86' lang='grc' dir='ltr'><strong>παρά</strong></span> <span class='ocrx_word' id='word_1_6' title='bbox 809 493 1077 572; x_wconf 83' lang='grc' dir='ltr'>βασιλέως</span> <span class='ocrx_word' id='word_1_7' title='bbox 1135 487 1430 565; x_wconf 74' lang='grc' dir='ltr'>ἐλάμϐανε,</span> <span class='ocrx_word' id='word_1_8' title='bbox 1493 493 1663 566; x_wconf 89' lang='grc' dir='ltr'>μέγας</span> <span class='ocrx_word' id='word_1_9' title='bbox 1706 488 1780 546; x_wconf 83' lang='grc' dir='ltr'>ὤν</span> <span class='ocrx_word' id='word_1_10' title='bbox 1842 499 2060 566; x_wconf 83' lang='grc' dir='ltr'>μικροῖς</span> <span class='ocrx_word' id='word_1_11' title='bbox 2119 495 2250 566; x_wconf 83' lang='grc' dir='ltr'>ἱμα-</span> <span class='ocrx_word' id='word_1_12' title='bbox 2281 498 2332 562; x_wconf 79' lang='grc' dir='ltr'><strong>Α</strong></span> <span class='ocrx_word' id='word_1_13' title='bbox 2364 490 2478 548; x_wconf 79' lang='grc' dir='ltr'>ὅντι</span> <span class='ocrx_word' id='word_1_14' title='bbox 2539 495 2738 569; x_wconf 80' lang='grc' dir='ltr'>χρόνος</span> <span class='ocrx_word' id='word_1_15' title='bbox 2798 491 3040 569; x_wconf 76' lang='grc' dir='ltr'>ἐτρίϐετο</span> <span class='ocrx_word' id='word_1_16' title='bbox 3084 495 3364 568; x_wconf 86' lang='grc' dir='ltr'>πλεῖστος,</span> <span class='ocrx_word' id='word_1_17' title='bbox 3397 499 3495 554; x_wconf 81' lang='grc' dir='ltr'>οὐκ</span> <span class='ocrx_word' id='word_1_18' title='bbox 3526 498 3630 554; x_wconf 78' lang='grc' dir='ltr'><strong>οἶδ’</strong></span> <span class='ocrx_word' id='word_1_19' title='bbox 3659 501 3688 555; x_wconf 83' lang='grc' dir='ltr'><strong>’ὃ</strong></span> <span class='ocrx_word' id='word_1_20' title='bbox 3715 523 3769 557; x_wconf 88' lang='grc' dir='ltr'><strong>τι</strong></span> <span class='ocrx_word' id='word_1_21' title='bbox 3798 503 4016 575; x_wconf 82' lang='grc' dir='ltr'>παθὼν,</span> 
     </span>
    </p>
   </div>
   <div class='ocr_carea' id='block_1_5' title="bbox 607 578 2251 657">
    <p class='ocr_par' dir='ltr' id='par_1_5' title="bbox 607 578 2251 657">
     <span class='ocr_line' id='line_1_5' title="bbox 607 578 2251 657; baseline -0.013 -5"><span class='ocrx_word' id='word_1_22' title='bbox 607 588 750 648; x_wconf 59' lang='lat' dir='ltr'><strong>Tim:</strong></span> <span class='ocrx_word' id='word_1_23' title='bbox 806 587 895 639; x_wconf 80' lang='grc' dir='ltr'><strong>καὶ</strong></span> <span class='ocrx_word' id='word_1_24' title='bbox 956 585 1030 644; x_wconf 70' lang='grc' dir='ltr'>ε’“ς</span> <span class='ocrx_word' id='word_1_25' title='bbox 1062 583 1192 657; x_wconf 83' lang='grc' dir='ltr'>γόνυ</span> <span class='ocrx_word' id='word_1_26' title='bbox 1230 580 1390 653; x_wconf 84' lang='grc' dir='ltr'>μόλις</span> <span class='ocrx_word' id='word_1_27' title='bbox 1445 578 1885 654; x_wconf 72' lang='grc' dir='ltr'><strong>περιεστέλλετο,</strong></span> <span class='ocrx_word' id='word_1_28' title='bbox 1917 583 2005 635; x_wconf 81' lang='grc' dir='ltr'>καὶ</span> <span class='ocrx_word' id='word_1_29' title='bbox 2039 585 2065 636; x_wconf 97' lang='lat'><strong>6</strong></span> <span class='ocrx_word' id='word_1_30' title='bbox 2102 582 2251 656; x_wconf 75' lang='grc' dir='ltr'>ἥρως</span> 
     </span>
    </p>
   </div>
   <div class='ocr_carea' id='block_1_6' title="bbox 610 668 2252 744">
    <p class='ocr_par' dir='ltr' id='par_1_6' title="bbox 610 668 2252 744">
     <span class='ocr_line' id='line_1_6' title="bbox 610 668 2252 744; baseline -0.004 -14"><span class='ocrx_word' id='word_1_31' title='bbox 610 677 810 736; x_wconf 85' lang='grc' dir='ltr'>ἐκεῖνος</span> <span class='ocrx_word' id='word_1_32' title='bbox 845 674 931 728; x_wconf 80' lang='grc' dir='ltr'><strong>ἐπὶ</strong></span> <span class='ocrx_word' id='word_1_33' title='bbox 988 679 1095 726; x_wconf 83' lang='grc' dir='ltr'>τῶν</span> <span class='ocrx_word' id='word_1_34' title='bbox 1139 671 1448 744; x_wconf 80' lang='grc' dir='ltr'><strong>ἀνακτόρων</strong></span> <span class='ocrx_word' id='word_1_35' title='bbox 1498 668 1640 724; x_wconf 81' lang='grc' dir='ltr'>πολὺ</span> <span class='ocrx_word' id='word_1_36' title='bbox 1688 669 1853 724; x_wconf 91' lang='grc' dir='ltr'>πλέον</span> <span class='ocrx_word' id='word_1_37' title='bbox 1903 677 2018 731; x_wconf 80' lang='grc' dir='ltr'>ταῖς</span> <span class='ocrx_word' id='word_1_38' title='bbox 2071 669 2252 724; x_wconf 80' lang='grc' dir='ltr'>παιδι-</span> 
     </span>
    </p>
   </div>
   <div class='ocr_carea' id='block_1_7' title="bbox 605 758 2254 839">
    <p class='ocr_par' dir='ltr' id='par_1_7' title="bbox 605 758 2254 839">
     <span class='ocr_line' id='line_1_7' title="bbox 605 758 2254 839; baseline -0.003 -19"><span class='ocrx_word' id='word_1_39' title='bbox 605 772 726 827; x_wconf 83' lang='grc' dir='ltr'>καῖς</span> <span class='ocrx_word' id='word_1_40' title='bbox 759 766 1099 839; x_wconf 83' lang='grc' dir='ltr'>ἀμπεχόναις</span> <span class='ocrx_word' id='word_1_41' title='bbox 1130 762 1476 837; x_wconf 80' lang='grc' dir='ltr'>ἐνηγλαίζετο</span> <span class='ocrx_word' id='word_1_42' title='bbox 1537 764 1570 830; x_wconf 73' lang='grc' dir='ltr'>ἦ</span> <span class='ocrx_word' id='word_1_43' title='bbox 1628 766 1744 822; x_wconf 91' lang='grc' dir='ltr'>τοῖς</span> <span class='ocrx_word' id='word_1_44' title='bbox 1802 758 1963 823; x_wconf 81' lang='grc' dir='ltr'>ἰδίοις</span> <span class='ocrx_word' id='word_1_45' title='bbox 1997 762 2085 815; x_wconf 82' lang='grc' dir='ltr'><strong>καὶ</strong></span> <span class='ocrx_word' id='word_1_46' title='bbox 2118 762 2254 815; x_wconf 78' lang='grc' dir='ltr'>κατὰ</span> 
     </span>
    </p>
   </div>
   <div class='ocr_carea' id='block_1_8' title="bbox 604 849 2252 926">
    <p class='ocr_par' dir='ltr' id='par_1_8' title="bbox 604 849 2252 926">
     <span class='ocr_line' id='line_1_8' title="bbox 604 849 2252 926; baseline -0.003 -17"><span class='ocrx_word' id='word_1_47' title='bbox 604 855 806 926; x_wconf 79' lang='grc' dir='ltr'>τρόπον</span> <span class='ocrx_word' id='word_1_48' title='bbox 862 858 958 908; x_wconf 76' lang='grc' dir='ltr'><strong>τοῦ</strong></span> <span class='ocrx_word' id='word_1_49' title='bbox 1009 854 1262 924; x_wconf 88' lang='grc' dir='ltr'>σώματος</span> <span class='ocrx_word' id='word_1_50' title='bbox 1292 849 1532 925; x_wconf 78' lang='grc' dir='ltr'>ἔχουσιν.</span> <span class='ocrx_word' id='word_1_51' title='bbox 1579 849 1767 911; x_wconf 69' lang='grc' dir='ltr'>Οὕτως</span> <span class='ocrx_word' id='word_1_52' title='bbox 1817 850 2021 913; x_wconf 85' lang='grc' dir='ltr'>ἐκεῖνος</span> <span class='ocrx_word' id='word_1_53' title='bbox 2055 851 2113 904; x_wconf 84' lang='grc' dir='ltr'><strong>ἐκ</strong></span> <span class='ocrx_word' id='word_1_54' title='bbox 2145 856 2252 904; x_wconf 79' lang='grc' dir='ltr'>τῶν</span> 
     </span>
    </p>
   </div>
   <div class='ocr_carea' id='block_1_9' title="bbox 606 936 2250 1015">
    <p class='ocr_par' dir='ltr' id='par_1_9' title="bbox 606 936 2250 1015">
     <span class='ocr_line' id='line_1_9' title="bbox 606 936 2250 1015; baseline -0.002 -17"><span class='ocrx_word' id='word_1_55' title='bbox 606 943 705 1014; x_wconf 68' lang='grc' dir='ltr'><strong>ἔξω</strong></span> <span class='ocrx_word' id='word_1_56' title='bbox 738 944 826 997; x_wconf 83' lang='grc' dir='ltr'>καὶ</span> <span class='ocrx_word' id='word_1_57' title='bbox 860 946 943 1006; x_wconf 84' lang='grc' dir='ltr'>οἷς</span> <span class='ocrx_word' id='word_1_58' title='bbox 973 941 1164 1009; x_wconf 80' lang='grc' dir='ltr'>ἐποίει,</span> <span class='ocrx_word' id='word_1_59' title='bbox 1196 942 1294 1008; x_wconf 72' lang='grc' dir='ltr'>τὴν</span> <span class='ocrx_word' id='word_1_60' title='bbox 1327 938 1476 994; x_wconf 79' lang='grc' dir='ltr'>ἔνδον</span> <span class='ocrx_word' id='word_1_61' title='bbox 1513 936 1746 1001; x_wconf 80' lang='grc' dir='ltr'>διάθεσιν</span> <span class='ocrx_word' id='word_1_62' title='bbox 1794 942 1879 993; x_wconf 86' lang='grc' dir='ltr'>καὶ</span> <span class='ocrx_word' id='word_1_63' title='bbox 1915 938 1946 993; x_wconf 81' lang='grc' dir='ltr'>ἂ</span> <span class='ocrx_word' id='word_1_64' title='bbox 1977 939 2250 1015; x_wconf 82' lang='grc' dir='ltr'><strong>ἐλογίζετο</strong></span> 
     </span>
    </p>
   </div>
   <div class='ocr_carea' id='block_1_10' title="bbox 603 1025 2247 1107">
    <p class='ocr_par' dir='ltr' id='par_1_10' title="bbox 603 1025 2247 1107">
     <span class='ocr_line' id='line_1_10' title="bbox 603 1025 2247 1107; baseline -0.004 -20"><span class='ocrx_word' id='word_1_65' title='bbox 603 1033 1009 1107; x_wconf 77' lang='grc' dir='ltr'>παρενέφτινεν,</span> <span class='ocrx_word' id='word_1_66' title='bbox 1061 1030 1197 1083; x_wconf 78' lang='grc' dir='ltr'>ὅπου</span> <span class='ocrx_word' id='word_1_67' title='bbox 1229 1028 1317 1082; x_wconf 85' lang='grc' dir='ltr'><strong>καὶ</strong></span> <span class='ocrx_word' id='word_1_68' title='bbox 1350 1028 1514 1095; x_wconf 75' lang='grc' dir='ltr'>αὐτὴν</span> <span class='ocrx_word' id='word_1_69' title='bbox 1567 1025 1632 1085; x_wconf 69' lang='grc' dir='ltr'><strong>δὴ</strong></span> <span class='ocrx_word' id='word_1_70' title='bbox 1682 1030 1778 1094; x_wconf 71' lang='grc' dir='ltr'>τὴν</span> <span class='ocrx_word' id='word_1_71' title='bbox 1815 1025 1901 1081; x_wconf 80' lang='grc' dir='ltr'><strong>διά</strong></span> <span class='ocrx_word' id='word_1_72' title='bbox 1960 1028 2247 1102; x_wconf 83' lang='grc' dir='ltr'>μαργάρων</span> 
     </span>
    </p>
   </div>
   <div class='ocr_carea' id='block_1_11' title="bbox 603 1112 2248 1196">
    <p class='ocr_par' dir='ltr' id='par_1_11' title="bbox 603 1112 2248 1196">
     <span class='ocr_line' id='line_1_11' title="bbox 603 1112 2248 1196; baseline -0.004 -20"><span class='ocrx_word' id='word_1_73' title='bbox 603 1120 915 1196; x_wconf 73' lang='grc' dir='ltr'>καλύπτραν</span> <span class='ocrx_word' id='word_1_74' title='bbox 976 1119 1064 1173; x_wconf 77' lang='grc' dir='ltr'><strong>καὶ</strong></span> <span class='ocrx_word' id='word_1_75' title='bbox 1121 1119 1186 1172; x_wconf 75' lang='grc' dir='ltr'><strong>τά</strong></span> <span class='ocrx_word' id='word_1_76' title='bbox 1243 1117 1506 1189; x_wconf 75' lang='grc' dir='ltr'>όξύλευκα</span> <span class='ocrx_word' id='word_1_77' title='bbox 1562 1115 1863 1188; x_wconf 78' lang='grc' dir='ltr'>παράσημα</span> <span class='ocrx_word' id='word_1_78' title='bbox 1922 1112 2248 1181; x_wconf 79' lang='grc' dir='ltr'>ἀπεϐάλετο,</span> 
     </span>
    </p>
   </div>
   <div class='ocr_carea' id='block_1_12' title="bbox 603 1204 2248 1282">
    <p class='ocr_par' dir='ltr' id='par_1_12' title="bbox 603 1204 2248 1282">
     <span class='ocr_line' id='line_1_12' title="bbox 603 1204 2248 1282; baseline -0.004 -17"><span class='ocrx_word' id='word_1_79' title='bbox 603 1212 740 1265; x_wconf 89' lang='grc' dir='ltr'><strong>κατά</strong></span> <span class='ocrx_word' id='word_1_80' title='bbox 793 1210 994 1282; x_wconf 77' lang='grc' dir='ltr'>τρόπον</span> <span class='ocrx_word' id='word_1_81' title='bbox 1054 1209 1111 1266; x_wconf 81' lang='grc' dir='ltr'>ὃς</span> <span class='ocrx_word' id='word_1_82' title='bbox 1169 1207 1258 1260; x_wconf 87' lang='grc' dir='ltr'><strong>καὶ</strong></span> <span class='ocrx_word' id='word_1_83' title='bbox 1323 1207 1436 1277; x_wconf 86' lang='grc' dir='ltr'>μετ’</span> <span class='ocrx_word' id='word_1_84' title='bbox 1495 1205 1556 1259; x_wconf 85' lang='grc' dir='ltr'>οὐ</span> <span class='ocrx_word' id='word_1_85' title='bbox 1616 1204 1760 1259; x_wconf 75' lang='grc' dir='ltr'>πολὺ</span> <span class='ocrx_word' id='word_1_86' title='bbox 1822 1205 2137 1279; x_wconf 79' lang='grc' dir='ltr'><strong>ῥηθήσεται,</strong></span> <span class='ocrx_word' id='word_1_87' title='bbox 2187 1206 2248 1258; x_wconf 89' lang='grc' dir='ltr'>τὸ</span> 
     </span>
    </p>
   </div>
   <div class='ocr_carea' id='block_1_13' title="bbox 598 1293 2247 1370">
    <p class='ocr_par' dir='ltr' id='par_1_13' title="bbox 598 1293 2247 1370">
     <span class='ocr_line' id='line_1_13' title="bbox 598 1293 2247 1370; baseline -0.004 -16"><span class='ocrx_word' id='word_1_88' title='bbox 598 1299 850 1354; x_wconf 84' lang='grc' dir='ltr'>ταπεινὸν</span> <span class='ocrx_word' id='word_1_89' title='bbox 884 1299 1056 1368; x_wconf 84' lang='grc' dir='ltr'>ἐαυτῷ</span> <span class='ocrx_word' id='word_1_90' title='bbox 1087 1299 1337 1369; x_wconf 80' lang='grc' dir='ltr'>προνοῶν</span> <span class='ocrx_word' id='word_1_91' title='bbox 1387 1293 1475 1348; x_wconf 77' lang='grc' dir='ltr'>διά</span> <span class='ocrx_word' id='word_1_92' title='bbox 1525 1296 1587 1347; x_wconf 89' lang='grc' dir='ltr'>τὸ</span> <span class='ocrx_word' id='word_1_93' title='bbox 1621 1293 1816 1348; x_wconf 83' lang='grc' dir='ltr'>ἐκεῖθεν</span> <span class='ocrx_word' id='word_1_94' title='bbox 1872 1294 2107 1370; x_wconf 72' lang='grc' dir='ltr'>ἀσφαλές</span> <span class='ocrx_word' id='word_1_95' title='bbox 2158 1296 2247 1348; x_wconf 79' lang='grc' dir='ltr'><strong>καὶ</strong></span> 
     </span>
    </p>
   </div>
   <div class='ocr_carea' id='block_1_14' title="bbox 597 1385 1476 1462">
    <p class='ocr_par' dir='ltr' id='par_1_14' title="bbox 597 1385 1476 1462">
     <span class='ocr_line' id='line_1_14' title="bbox 597 1385 1476 1462; baseline -0.007 -19"><span class='ocrx_word' id='word_1_96' title='bbox 597 1392 776 1458; x_wconf 80' lang='grc' dir='ltr'>πάσης</span> <span class='ocrx_word' id='word_1_97' title='bbox 808 1387 1158 1462; x_wconf 76' lang='grc' dir='ltr'>καχυποψίας</span> <span class='ocrx_word' id='word_1_98' title='bbox 1190 1385 1476 1456; x_wconf 79' lang='grc' dir='ltr'>ἀνώτερον.</span> 
     </span>
    </p>
   </div>
   <div class='ocr_carea' id='block_1_15' title="bbox 598 1497 2247 1578">
    <p class='ocr_par' dir='ltr' id='par_1_15' title="bbox 598 1497 2247 1578">
     <span class='ocr_line' id='line_1_15' title="bbox 598 1497 2247 1578; baseline -0.004 -19"><span class='ocrx_word' id='word_1_99' title='bbox 598 1502 666 1559; x_wconf 91' lang='grc' dir='ltr'><strong>λ’.</strong></span> <span class='ocrx_word' id='word_1_100' title='bbox 729 1506 842 1559; x_wconf 77' lang='grc' dir='ltr'><strong>Τοῦ</strong></span> <span class='ocrx_word' id='word_1_101' title='bbox 903 1501 1144 1578; x_wconf 79' lang='grc' dir='ltr'>μεγάλου</span> <span class='ocrx_word' id='word_1_102' title='bbox 1217 1497 1586 1578; x_wconf 76' lang='grc' dir='ltr'>κονοσταύλου</span> <span class='ocrx_word' id='word_1_103' title='bbox 1667 1503 1790 1578; x_wconf 36' lang='grc' dir='ltr'>τοῦ.</span> <span class='ocrx_word' id='word_1_104' title='bbox 1829 1499 2247 1578; x_wconf 77' lang='grc' dir='ltr'>Ταρχανειώτου</span> 
     </span>
    </p>
   </div>
   <div class='ocr_carea' id='block_1_16' title="bbox 671 1570 2245 1649">
    <p class='ocr_par' dir='ltr' id='par_1_16' title="bbox 671 1570 2245 1649">
     <span class='ocr_line' id='line_1_16' title="bbox 671 1570 2245 1649; baseline -0.003 -21"><span class='ocrx_word' id='word_1_105' title='bbox 671 1577 807 1649; x_wconf 82' lang='grc' dir='ltr'>πρὸς</span> <span class='ocrx_word' id='word_1_106' title='bbox 890 1570 995 1628; x_wconf 43' lang='grc' dir='ltr'>τὸν</span> <span class='ocrx_word' id='word_1_107' title='bbox 1069 1572 1324 1648; x_wconf 80' lang='grc' dir='ltr'>πενθερὸν</span> <span class='ocrx_word' id='word_1_108' title='bbox 1419 1571 1584 1625; x_wconf 77' lang='grc' dir='ltr'>αὐτοῦ</span> <span class='ocrx_word' id='word_1_109' title='bbox 1671 1570 2245 1643; x_wconf 63' lang='grc' dir='ltr'>Ἰωάννην”αὐτομό-</span> 
     </span>
    </p>
   </div>
   <div class='ocr_carea' id='block_1_17' title="bbox 673 1649 855 1718">
    <p class='ocr_par' dir='ltr' id='par_1_17' title="bbox 673 1649 855 1718">
     <span class='ocr_line' id='line_1_17' title="bbox 673 1649 855 1718; baseline -0.011 -16"><span class='ocrx_word' id='word_1_110' title='bbox 673 1649 855 1718; x_wconf 83' lang='grc' dir='ltr'>λησις.</span> 
     </span>
    </p>
   </div>
   <div class='ocr_carea' id='block_1_18' title="bbox 672 1739 2248 1818">
    <p class='ocr_par' dir='ltr' id='par_1_18' title="bbox 672 1739 2248 1818">
     <span class='ocr_line' id='line_1_18' title="bbox 672 1739 2248 1818; baseline -0.003 -20"><span class='ocrx_word' id='word_1_111' title='bbox 672 1749 748 1818; x_wconf 85' lang='grc' dir='ltr'><strong>[Ρ.</strong></span> <span class='ocrx_word' id='word_1_112' title='bbox 785 1746 910 1816; x_wconf 82' lang='grc'><strong>217]</strong></span> <span class='ocrx_word' id='word_1_113' title='bbox 945 1741 1120 1798; x_wconf 84' lang='grc' dir='ltr'>Ἀλλά</span> <span class='ocrx_word' id='word_1_114' title='bbox 1150 1743 1412 1816; x_wconf 84' lang='grc' dir='ltr'>πρότερον</span> <span class='ocrx_word' id='word_1_115' title='bbox 1447 1739 1480 1809; x_wconf 73' lang='grc' dir='ltr'>ἢ</span> <span class='ocrx_word' id='word_1_116' title='bbox 1530 1745 1691 1795; x_wconf 75' lang='grc' dir='ltr'>τοῦτο</span> <span class='ocrx_word' id='word_1_117' title='bbox 1726 1739 1980 1815; x_wconf 78' lang='grc' dir='ltr'>ῥηθῆναι,</span> <span class='ocrx_word' id='word_1_118' title='bbox 2023 1741 2082 1793; x_wconf 87' lang='grc' dir='ltr'>τὸ</span> <span class='ocrx_word' id='word_1_119' title='bbox 2114 1740 2248 1793; x_wconf 87' lang='grc' dir='ltr'><strong>κατά</strong></span> 
     </span>
    </p>
   </div>
   <div class='ocr_carea' id='block_1_19' title="bbox 2366 582 4013 667">
    <p class='ocr_par' dir='ltr' id='par_1_19' title="bbox 2366 582 4013 667">
     <span class='ocr_line' id='line_1_19' title="bbox 2366 582 4013 667; baseline 0.007 -32"><span class='ocrx_word' id='word_1_120' title='bbox 2366 584 2438 644; x_wconf 88' lang='grc' dir='ltr'><strong>ὡς</strong></span> <span class='ocrx_word' id='word_1_121' title='bbox 2499 582 2543 636; x_wconf 81' lang='grc' dir='ltr'><strong>δ’</strong></span> <span class='ocrx_word' id='word_1_122' title='bbox 2577 585 2602 637; x_wconf 89' lang='lat'><strong>6</strong></span> <span class='ocrx_word' id='word_1_123' title='bbox 2633 590 2740 639; x_wconf 81' lang='grc' dir='ltr'><strong>τῶν</strong></span> <span class='ocrx_word' id='word_1_124' title='bbox 2773 583 2999 639; x_wconf 80' lang='grc' dir='ltr'>πολλῶν</span> <span class='ocrx_word' id='word_1_125' title='bbox 3053 584 3215 662; x_wconf 71' lang='grc' dir='ltr'>λόγος</span> <span class='ocrx_word' id='word_1_126' title='bbox 3246 582 3383 662; x_wconf 78' lang='grc' dir='ltr'>ἔχει,</span> <span class='ocrx_word' id='word_1_127' title='bbox 3416 593 3491 659; x_wconf 79' lang='grc' dir='ltr'>τῷ</span> <span class='ocrx_word' id='word_1_128' title='bbox 3523 587 3742 664; x_wconf 73' lang='grc' dir='ltr'>ἀδελφῷ</span> <span class='ocrx_word' id='word_1_129' title='bbox 3775 593 4013 667; x_wconf 72' lang='grc' dir='ltr'>Μιχαὴλ</span> 
     </span>
    </p>
   </div>
   <div class='ocr_carea' id='block_1_20' title="bbox 2365 671 4016 750">
    <p class='ocr_par' dir='ltr' id='par_1_20' title="bbox 2365 671 4016 750">
     <span class='ocr_line' id='line_1_20' title="bbox 2365 671 4016 750; baseline 0.006 -25"><span class='ocrx_word' id='word_1_130' title='bbox 2365 672 2569 747; x_wconf 82' lang='grc' dir='ltr'>ὑστέρῳ</span> <span class='ocrx_word' id='word_1_131' title='bbox 2631 695 2690 745; x_wconf 75' lang='grc' dir='ltr'>γε</span> <span class='ocrx_word' id='word_1_132' title='bbox 2749 671 2862 728; x_wconf 78' lang='grc' dir='ltr'>ὄντι</span> <span class='ocrx_word' id='word_1_133' title='bbox 2913 675 3076 729; x_wconf 74' lang='grc' dir='ltr'>αὐτοῦ</span> <span class='ocrx_word' id='word_1_134' title='bbox 3121 676 3194 737; x_wconf 75' lang='grc' dir='ltr'>εἷς</span> <span class='ocrx_word' id='word_1_135' title='bbox 3249 680 3414 750; x_wconf 84' lang='grc' dir='ltr'>μέγαν</span> <span class='ocrx_word' id='word_1_136' title='bbox 3467 675 3789 750; x_wconf 84' lang='grc' dir='ltr'>δομέστικον</span> <span class='ocrx_word' id='word_1_137' title='bbox 3842 702 4016 735; x_wconf 85' lang='grc' dir='ltr'>κατα-</span> 
     </span>
    </p>
   </div>
   <div class='ocr_carea' id='block_1_21' title="bbox 2364 762 4012 842">
    <p class='ocr_par' dir='ltr' id='par_1_21' title="bbox 2364 762 4012 842">
     <span class='ocr_line' id='line_1_21' title="bbox 2364 762 4012 842; baseline 0.005 -27"><span class='ocrx_word' id='word_1_138' title='bbox 2364 764 2545 816; x_wconf 89' lang='grc' dir='ltr'>στάντι</span> <span class='ocrx_word' id='word_1_139' title='bbox 2598 762 2831 837; x_wconf 81' lang='grc' dir='ltr'>ἐγκοτῶν</span> <span class='ocrx_word' id='word_1_140' title='bbox 2878 763 3143 833; x_wconf 75' lang='grc' dir='ltr'>ἐκτόπως,</span> <span class='ocrx_word' id='word_1_141' title='bbox 3179 763 3247 818; x_wconf 82' lang='grc' dir='ltr'>δι’</span> <span class='ocrx_word' id='word_1_142' title='bbox 3278 766 3440 820; x_wconf 85' lang='grc' dir='ltr'>αὐτὸν</span> <span class='ocrx_word' id='word_1_143' title='bbox 3487 764 3543 821; x_wconf 75' lang='grc' dir='ltr'><strong>δὲ</strong></span> <span class='ocrx_word' id='word_1_144' title='bbox 3594 768 3791 840; x_wconf 81' lang='grc' dir='ltr'>καὶτῷ</span> <span class='ocrx_word' id='word_1_145' title='bbox 3839 773 4012 842; x_wconf 73' lang='grc' dir='ltr'>τιμή-</span> 
     </span>
    </p>
   </div>
   <div class='ocr_carea' id='block_1_22' title="bbox 2365 850 4017 934">
    <p class='ocr_par' dir='ltr' id='par_1_22' title="bbox 2365 850 4017 934">
     <span class='ocr_line' id='line_1_22' title="bbox 2365 850 4017 934; baseline 0.005 -29"><span class='ocrx_word' id='word_1_146' title='bbox 2365 873 2534 919; x_wconf 91' lang='grc' dir='ltr'>σαντι,</span> <span class='ocrx_word' id='word_1_147' title='bbox 2573 850 2780 926; x_wconf 74' lang='grc' dir='ltr'>βουλὴν</span> <span class='ocrx_word' id='word_1_148' title='bbox 2819 853 3135 926; x_wconf 85' lang='grc' dir='ltr'>βουλεύεται</span> <span class='ocrx_word' id='word_1_149' title='bbox 3170 853 3288 909; x_wconf 87' lang='grc' dir='ltr'>λίαν</span> <span class='ocrx_word' id='word_1_150' title='bbox 3319 855 3548 930; x_wconf 75' lang='grc' dir='ltr'>αἲσχράν</span> <span class='ocrx_word' id='word_1_151' title='bbox 3582 858 3670 911; x_wconf 84' lang='grc' dir='ltr'><strong>καὶ</strong></span> <span class='ocrx_word' id='word_1_152' title='bbox 3701 864 3796 912; x_wconf 82' lang='grc' dir='ltr'>τοῦ</span> <span class='ocrx_word' id='word_1_153' title='bbox 3827 860 4017 934; x_wconf 86' lang='grc' dir='ltr'>γένους</span> 
     </span>
    </p>
   </div>
   <div class='ocr_carea' id='block_1_23' title="bbox 2360 940 4016 1021">
    <p class='ocr_par' dir='ltr' id='par_1_23' title="bbox 2360 940 4016 1021">
     <span class='ocr_line' id='line_1_23' title="bbox 2360 940 4016 1021; baseline 0.005 -27"><span class='ocrx_word' id='word_1_154' title='bbox 2360 940 2596 1010; x_wconf 80' lang='grc' dir='ltr'>ἀναξίαν.</span> <span class='ocrx_word' id='word_1_155' title='bbox 2651 941 2741 1002; x_wconf 77' lang='grc' dir='ltr'><strong>Εἷς</strong></span> <span class='ocrx_word' id='word_1_156' title='bbox 2781 946 2900 995; x_wconf 75' lang='grc' dir='ltr'>νοῦν</span> <span class='ocrx_word' id='word_1_157' title='bbox 2953 943 3055 1017; x_wconf 74' lang='grc' dir='ltr'><strong>γάρ</strong></span> <span class='ocrx_word' id='word_1_158' title='bbox 3113 942 3460 1017; x_wconf 80' lang='grc' dir='ltr'>βαλλόμενος</span> <span class='ocrx_word' id='word_1_159' title='bbox 3507 945 3833 1018; x_wconf 81' lang='grc' dir='ltr'>αὐτομολεῖν</span> <span class='ocrx_word' id='word_1_160' title='bbox 3875 950 4016 1021; x_wconf 84' lang='grc' dir='ltr'>πρὸς</span> 
     </span>
    </p>
   </div>
   <div class='ocr_carea' id='block_1_24' title="bbox 2358 1030 4017 1112">
    <p class='ocr_par' dir='ltr' id='par_1_24' title="bbox 2358 1030 4017 1112">
     <span class='ocr_line' id='line_1_24' title="bbox 2358 1030 4017 1112; baseline 0.005 -28"><span class='ocrx_word' id='word_1_161' title='bbox 2358 1031 2449 1084; x_wconf 91' lang='grc' dir='ltr'>τὸν</span> <span class='ocrx_word' id='word_1_162' title='bbox 2483 1030 2763 1105; x_wconf 79' lang='grc' dir='ltr'>πενθερὸν,</span> <span class='ocrx_word' id='word_1_163' title='bbox 2815 1030 2928 1085; x_wconf 86' lang='grc' dir='ltr'>ἐπεὶ</span> <span class='ocrx_word' id='word_1_164' title='bbox 2961 1031 3011 1085; x_wconf 88' lang='grc' dir='ltr'><strong>ἐν</strong></span> <span class='ocrx_word' id='word_1_165' title='bbox 3063 1035 3380 1087; x_wconf 82' lang='grc' dir='ltr'>καταστάσει</span> <span class='ocrx_word' id='word_1_166' title='bbox 3429 1039 3535 1088; x_wconf 80' lang='grc' dir='ltr'>τῶν</span> <span class='ocrx_word' id='word_1_167' title='bbox 3589 1034 3700 1090; x_wconf 83' lang='grc' dir='ltr'>ἐκεῖ</span> <span class='ocrx_word' id='word_1_168' title='bbox 3754 1037 4017 1112; x_wconf 84' lang='grc' dir='ltr'>πραγμά-</span> 
     </span>
    </p>
   </div>
   <div class='ocr_carea' id='block_1_25' title="bbox 2358 1119 4013 1200">
    <p class='ocr_par' dir='ltr' id='par_1_25' title="bbox 2358 1119 4013 1200">
     <span class='ocr_line' id='line_1_25' title="bbox 2358 1119 4013 1200; baseline 0.004 -27"><span class='ocrx_word' id='word_1_169' title='bbox 2358 1124 2468 1173; x_wconf 84' lang='grc' dir='ltr'>τῶν</span> <span class='ocrx_word' id='word_1_170' title='bbox 2522 1119 2690 1172; x_wconf 78' lang='grc' dir='ltr'>ὅντων</span> <span class='ocrx_word' id='word_1_171' title='bbox 2726 1120 2824 1173; x_wconf 83' lang='grc' dir='ltr'>οὐκ</span> <span class='ocrx_word' id='word_1_172' title='bbox 2853 1120 3051 1174; x_wconf 83' lang='grc' dir='ltr'>ἀνυστά</span> <span class='ocrx_word' id='word_1_173' title='bbox 3082 1123 3134 1174; x_wconf 76' lang='grc' dir='ltr'>οἱ</span> <span class='ocrx_word' id='word_1_174' title='bbox 3178 1122 3244 1176; x_wconf 78' lang='grc' dir='ltr'>τὰ</span> <span class='ocrx_word' id='word_1_175' title='bbox 3298 1130 3400 1191; x_wconf 85' lang='grc' dir='ltr'><strong>τῆς</strong></span> <span class='ocrx_word' id='word_1_176' title='bbox 3433 1124 3769 1196; x_wconf 75' lang='grc' dir='ltr'>αὐτομολίας</span> <span class='ocrx_word' id='word_1_177' title='bbox 3816 1123 4013 1200; x_wconf 80' lang='grc' dir='ltr'>διέγνω</span> 
     </span>
    </p>
   </div>
   <div class='ocr_carea' id='block_1_26' title="bbox 2359 1207 4012 1288">
    <p class='ocr_par' dir='ltr' id='par_1_26' title="bbox 2359 1207 4012 1288">
     <span class='ocr_line' id='line_1_26' title="bbox 2359 1207 4012 1288; baseline 0.007 -27"><span class='ocrx_word' id='word_1_178' title='bbox 2359 1207 2660 1282; x_wconf 79' lang='grc' dir='ltr'>γίγνεσθαι,</span> <span class='ocrx_word' id='word_1_179' title='bbox 2727 1216 2826 1278; x_wconf 80' lang='grc' dir='ltr'>τὴν</span> <span class='ocrx_word' id='word_1_180' title='bbox 2899 1209 2987 1264; x_wconf 87' lang='grc' dir='ltr'><strong>ἐπὶ</strong></span> <span class='ocrx_word' id='word_1_181' title='bbox 3053 1215 3150 1276; x_wconf 81' lang='grc' dir='ltr'><strong>τῆς</strong></span> <span class='ocrx_word' id='word_1_182' title='bbox 3209 1213 3410 1285; x_wconf 88' lang='grc' dir='ltr'>πέτρας</span> <span class='ocrx_word' id='word_1_183' title='bbox 3469 1214 3672 1283; x_wconf 85' lang='grc' dir='ltr'>σηπίην</span> <span class='ocrx_word' id='word_1_184' title='bbox 3737 1222 4012 1288; x_wconf 78' lang='grc' dir='ltr'>μιμεῖται.</span> 
     </span>
    </p>
   </div>
   <div class='ocr_carea' id='block_1_27' title="bbox 2362 1299 4014 1379">
    <p class='ocr_par' dir='ltr' id='par_1_27' title="bbox 2362 1299 4014 1379">
     <span class='ocr_line' id='line_1_27' title="bbox 2362 1299 4014 1379; baseline 0.003 -25"><span class='ocrx_word' id='word_1_185' title='bbox 2362 1299 2574 1368; x_wconf 84' lang='grc' dir='ltr'>Ἐκείνη</span> <span class='ocrx_word' id='word_1_186' title='bbox 2625 1299 2729 1373; x_wconf 78' lang='grc' dir='ltr'><strong>γὰρ</strong></span> <span class='ocrx_word' id='word_1_187' title='bbox 2790 1301 2899 1370; x_wconf 85' lang='grc' dir='ltr'>(καὶ</span> <span class='ocrx_word' id='word_1_188' title='bbox 2933 1306 3124 1354; x_wconf 82' lang='grc' dir='ltr'>σιωπῶ</span> <span class='ocrx_word' id='word_1_189' title='bbox 3152 1302 3243 1355; x_wconf 86' lang='grc' dir='ltr'>τὸν</span> <span class='ocrx_word' id='word_1_190' title='bbox 3279 1303 3501 1378; x_wconf 80' lang='grc' dir='ltr'>φυσικὸν</span> <span class='ocrx_word' id='word_1_191' title='bbox 3557 1303 3720 1379; x_wconf 83' lang='grc' dir='ltr'>λόγον</span> <span class='ocrx_word' id='word_1_192' title='bbox 3766 1305 3876 1378; x_wconf 82' lang='grc' dir='ltr'>οὐχ</span> <span class='ocrx_word' id='word_1_193' title='bbox 3932 1305 4014 1366; x_wconf 84' lang='grc' dir='ltr'>ὡς</span> 
     </span>
    </p>
   </div>
   <div class='ocr_carea' id='block_1_28' title="bbox 2360 1386 4015 1468">
    <p class='ocr_par' dir='ltr' id='par_1_28' title="bbox 2360 1386 4015 1468">
     <span class='ocr_line' id='line_1_28' title="bbox 2360 1386 4015 1468; baseline 0.004 -28"><span class='ocrx_word' id='word_1_194' title='bbox 2360 1386 2625 1462; x_wconf 79' lang='grc' dir='ltr'>ἐξὲρασμα</span> <span class='ocrx_word' id='word_1_195' title='bbox 2654 1389 2717 1442; x_wconf 89' lang='grc' dir='ltr'>τὸ</span> <span class='ocrx_word' id='word_1_196' title='bbox 2770 1389 2936 1460; x_wconf 86' lang='grc' dir='ltr'>μέλαν</span> <span class='ocrx_word' id='word_1_197' title='bbox 2989 1387 3319 1464; x_wconf 81' lang='grc' dir='ltr'>δοχόμενον,</span> <span class='ocrx_word' id='word_1_198' title='bbox 3353 1390 3481 1447; x_wconf 81' lang='grc' dir='ltr'>ἀλλ’</span> <span class='ocrx_word' id='word_1_199' title='bbox 3511 1392 3762 1449; x_wconf 81' lang='grc' dir='ltr'>ἀκούσιον</span> <span class='ocrx_word' id='word_1_200' title='bbox 3798 1391 4015 1468; x_wconf 77' lang='grc' dir='ltr'>διαχώ-</span> 
     </span>
    </p>
   </div>
   <div class='ocr_carea' id='block_1_29' title="bbox 2359 1473 4061 1554">
    <p class='ocr_par' dir='ltr' id='par_1_29' title="bbox 2359 1473 4061 1554">
     <span class='ocr_line' id='line_1_29' title="bbox 2359 1473 4061 1554; baseline 0.004 -25"><span class='ocrx_word' id='word_1_201' title='bbox 2359 1497 2512 1548; x_wconf 77' lang='grc' dir='ltr'>ρημα</span> <span class='ocrx_word' id='word_1_202' title='bbox 2545 1477 2664 1550; x_wconf 71' lang='grc' dir='ltr'>ῥυὲν</span> <span class='ocrx_word' id='word_1_203' title='bbox 2726 1477 2976 1553; x_wconf 82' lang='grc' dir='ltr'>ἐξαίφνης</span> <span class='ocrx_word' id='word_1_204' title='bbox 3031 1484 3110 1550; x_wconf 85' lang='grc' dir='ltr'>τῷ</span> <span class='ocrx_word' id='word_1_205' title='bbox 3165 1474 3321 1554; x_wconf 78' lang='grc' dir='ltr'>φόϐῳ</span> <span class='ocrx_word' id='word_1_206' title='bbox 3381 1479 3819 1553; x_wconf 74' lang='grc' dir='ltr'>συστελλομένης</span> <span class='ocrx_word' id='word_1_207' title='bbox 3876 1473 4061 1536; x_wconf 48' lang='grc' dir='ltr'>καθ-’</span> 
     </span>
    </p>
   </div>
   <div class='ocr_carea' id='block_1_30' title="bbox 2357 1563 4010 1640">
    <p class='ocr_par' dir='ltr' id='par_1_30' title="bbox 2357 1563 4010 1640">
     <span class='ocr_line' id='line_1_30' title="bbox 2357 1563 4010 1640; baseline 0.004 -22"><span class='ocrx_word' id='word_1_208' title='bbox 2357 1568 2571 1632; x_wconf 77' lang='grc' dir='ltr'>εκτικῆς</span> <span class='ocrx_word' id='word_1_209' title='bbox 2607 1563 2913 1638; x_wconf 85' lang='grc' dir='ltr'>δυνάμεως,</span> <span class='ocrx_word' id='word_1_210' title='bbox 2964 1566 3009 1638; x_wconf 85' lang='grc' dir='ltr'>ᾦ</span> <span class='ocrx_word' id='word_1_211' title='bbox 3041 1564 3106 1636; x_wconf 78' lang='grc' dir='ltr'><strong>δή</strong></span> <span class='ocrx_word' id='word_1_212' title='bbox 3142 1569 3231 1621; x_wconf 84' lang='grc' dir='ltr'><strong>καὶ</strong></span> <span class='ocrx_word' id='word_1_213' title='bbox 3281 1564 3695 1640; x_wconf 73' lang='grc' dir='ltr'>συμϐεϐηκότος</span> <span class='ocrx_word' id='word_1_214' title='bbox 3743 1571 3806 1624; x_wconf 86' lang='grc' dir='ltr'>τὸ</span> <span class='ocrx_word' id='word_1_215' title='bbox 3867 1575 4010 1638; x_wconf 81' lang='grc' dir='ltr'>ζῶον</span> 
     </span>
    </p>
   </div>
   <div class='ocr_carea' id='block_1_31' title="bbox 2356 1654 4012 1732">
    <p class='ocr_par' dir='ltr' id='par_1_31' title="bbox 2356 1654 4012 1732">
     <span class='ocr_line' id='line_1_31' title="bbox 2356 1654 4012 1732; baseline 0.003 -25"><span class='ocrx_word' id='word_1_216' title='bbox 2356 1654 2432 1715; x_wconf 74' lang='grc' dir='ltr'>εἷς</span> <span class='ocrx_word' id='word_1_217' title='bbox 2470 1655 2723 1726; x_wconf 74' lang='grc' dir='ltr'>βοήθειαν</span> <span class='ocrx_word' id='word_1_218' title='bbox 2758 1662 2962 1729; x_wconf 81' lang='grc' dir='ltr'>χρῆται</span> <span class='ocrx_word' id='word_1_219' title='bbox 2989 1657 3075 1709; x_wconf 89' lang='grc' dir='ltr'>καὶ</span> <span class='ocrx_word' id='word_1_220' title='bbox 3111 1655 3395 1732; x_wconf 77' lang='grc' dir='ltr'>ἀποφυγὴν</span> <span class='ocrx_word' id='word_1_221' title='bbox 3426 1661 3533 1712; x_wconf 84' lang='grc' dir='ltr'><strong>τῶν</strong></span> <span class='ocrx_word' id='word_1_222' title='bbox 3566 1655 3800 1731; x_wconf 81' lang='grc' dir='ltr'>δεινῶν),</span> <span class='ocrx_word' id='word_1_223' title='bbox 3831 1658 4012 1729; x_wconf 86' lang='grc' dir='ltr'>ἐκείνη</span> 
     </span>
    </p>
   </div>
   <div class='ocr_carea' id='block_1_32' title="bbox 2353 1743 4016 1821">
    <p class='ocr_par' dir='ltr' id='par_1_32' title="bbox 2353 1743 4016 1821">
     <span class='ocr_line' id='line_1_32' title="bbox 2353 1743 4016 1821; baseline 0.004 -25"><span class='ocrx_word' id='word_1_224' title='bbox 2353 1743 2537 1797; x_wconf 88' lang='grc' dir='ltr'>τοίνυν</span> <span class='ocrx_word' id='word_1_225' title='bbox 2592 1743 2822 1807; x_wconf 89' lang='grc' dir='ltr'>θέλουσα</span> <span class='ocrx_word' id='word_1_226' title='bbox 2874 1744 3082 1819; x_wconf 80' lang='grc' dir='ltr'>φεύγειν</span> <span class='ocrx_word' id='word_1_227' title='bbox 3121 1746 3247 1807; x_wconf 81' lang='grc' dir='ltr'>τοὺς</span> <span class='ocrx_word' id='word_1_228' title='bbox 3299 1749 3536 1821; x_wconf 79' lang='grc' dir='ltr'>θηρατάς</span> <span class='ocrx_word' id='word_1_229' title='bbox 3584 1747 3760 1820; x_wconf 78' lang='grc' dir='ltr'>ἐξεμεῖ</span> <span class='ocrx_word' id='word_1_230' title='bbox 3815 1749 3867 1801; x_wconf 84' lang='lat'>:6</span> <span class='ocrx_word' id='word_1_231' title='bbox 3918 1750 4016 1819; x_wconf 80' lang='grc' dir='ltr'>μέ-</span> 
     </span>
    </p>
   </div>
   <div class='ocr_carea' id='block_1_33' title="bbox 596 1826 4013 1932">
    <p class='ocr_par' dir='ltr' id='par_1_33' title="bbox 596 1826 4013 1932">
     <span class='ocr_line' id='line_1_33' title="bbox 596 1826 4013 1932; baseline 0.001 -44"><span class='ocrx_word' id='word_1_232' title='bbox 596 1834 689 1888; x_wconf 85' lang='grc' dir='ltr'><strong>τὸν</strong></span> <span class='ocrx_word' id='word_1_233' title='bbox 747 1835 912 1907; x_wconf 85' lang='grc' dir='ltr'>μέγαν</span> <span class='ocrx_word' id='word_1_234' title='bbox 962 1829 1329 1885; x_wconf 77' lang='grc' dir='ltr'>κονοσταῦλον</span> <span class='ocrx_word' id='word_1_235' title='bbox 1383 1830 1476 1883; x_wconf 88' lang='grc' dir='ltr'>τὸν</span> <span class='ocrx_word' id='word_1_236' title='bbox 1510 1830 1936 1903; x_wconf 82' lang='grc' dir='ltr'>Ταρχανειώτην</span> <span class='ocrx_word' id='word_1_237' title='bbox 1972 1826 2325 1932; x_wconf 81' lang='grc' dir='ltr'>Ἀνδρόνι-Β</span> <span class='ocrx_word' id='word_1_238' title='bbox 2358 1831 2454 1886; x_wconf 88' lang='grc' dir='ltr'><strong>λαν</strong></span> <span class='ocrx_word' id='word_1_239' title='bbox 2509 1833 2597 1886; x_wconf 81' lang='grc' dir='ltr'><strong>καὶ</strong></span> <span class='ocrx_word' id='word_1_240' title='bbox 2654 1835 2745 1888; x_wconf 86' lang='grc' dir='ltr'>τὸν</span> <span class='ocrx_word' id='word_1_241' title='bbox 2803 1834 3015 1889; x_wconf 82' lang='grc' dir='ltr'>πόντων</span> <span class='ocrx_word' id='word_1_242' title='bbox 3079 1836 3323 1909; x_wconf 86' lang='grc' dir='ltr'>συγχέει,</span> <span class='ocrx_word' id='word_1_243' title='bbox 3380 1836 3470 1890; x_wconf 84' lang='grc' dir='ltr'><strong>καὶ</strong></span> <span class='ocrx_word' id='word_1_244' title='bbox 3533 1836 3675 1891; x_wconf 79' lang='grc' dir='ltr'>οὕτω</span> <span class='ocrx_word' id='word_1_245' title='bbox 3734 1835 3891 1912; x_wconf 71' lang='grc' dir='ltr'>ῥᾳδία</span> <span class='ocrx_word' id='word_1_246' title='bbox 3938 1841 4013 1911; x_wconf 82' lang='grc' dir='ltr'><strong>τῇ</strong></span> 
     </span>
    </p>
   </div>
   <div class='ocr_carea' id='block_1_34' title="bbox 597 1917 2248 1994">
    <p class='ocr_par' dir='ltr' id='par_1_34' title="bbox 597 1917 2248 1994">
     <span class='ocr_line' id='line_1_34' title="bbox 597 1917 2248 1994; baseline -0.005 -17"><span class='ocrx_word' id='word_1_247' title='bbox 597 1944 692 1978; x_wconf 83' lang='grc' dir='ltr'><strong>κον</strong></span> <span class='ocrx_word' id='word_1_248' title='bbox 745 1922 834 1977; x_wconf 82' lang='grc' dir='ltr'><strong>καὶ</strong></span> <span class='ocrx_word' id='word_1_249' title='bbox 891 1922 1107 1994; x_wconf 83' lang='grc' dir='ltr'>ἀνεψιὸν</span> <span class='ocrx_word' id='word_1_250' title='bbox 1157 1924 1253 1974; x_wconf 77' lang='grc' dir='ltr'>τοῦ</span> <span class='ocrx_word' id='word_1_251' title='bbox 1309 1923 1638 1993; x_wconf 75' lang='grc' dir='ltr'>κρατοῦντος</span> <span class='ocrx_word' id='word_1_252' title='bbox 1701 1917 1960 1992; x_wconf 78' lang='grc' dir='ltr'>λεγέσθω.</span> <span class='ocrx_word' id='word_1_253' title='bbox 2012 1920 2248 1993; x_wconf 78' lang='grc' dir='ltr'>Ἔφθασε</span> 
     </span>
    </p>
   </div>
   <div class='ocr_carea' id='block_1_35' title="bbox 600 2004 2246 2084">
    <p class='ocr_par' dir='ltr' id='par_1_35' title="bbox 600 2004 2246 2084">
     <span class='ocr_line' id='line_1_35' title="bbox 600 2004 2246 2084; baseline -0.004 -17"><span class='ocrx_word' id='word_1_254' title='bbox 600 2014 694 2084; x_wconf 76' lang='grc' dir='ltr'><strong>μέν</strong></span> <span class='ocrx_word' id='word_1_255' title='bbox 747 2015 774 2066; x_wconf 91' lang='grc' dir='ltr'>ὁ</span> <span class='ocrx_word' id='word_1_256' title='bbox 830 2011 991 2084; x_wconf 88' lang='grc' dir='ltr'>λόγος</span> <span class='ocrx_word' id='word_1_257' title='bbox 1022 2009 1111 2063; x_wconf 85' lang='grc' dir='ltr'><strong>καὶ</strong></span> <span class='ocrx_word' id='word_1_258' title='bbox 1144 2004 1390 2082; x_wconf 76' lang='grc' dir='ltr'>γαμϐρὸν</span> <span class='ocrx_word' id='word_1_259' title='bbox 1428 2006 1668 2078; x_wconf 80' lang='grc' dir='ltr'>ἀπέδειξε</span> <span class='ocrx_word' id='word_1_260' title='bbox 1697 2011 1887 2061; x_wconf 79' lang='grc' dir='ltr'>τοῦτον</span> <span class='ocrx_word' id='word_1_261' title='bbox 1924 2011 2020 2060; x_wconf 77' lang='grc' dir='ltr'><strong>τοῦ</strong></span> <span class='ocrx_word' id='word_1_262' title='bbox 2069 2007 2246 2060; x_wconf 85' lang='grc' dir='ltr'>Δούκα</span> 
     </span>
    </p>
   </div>
   <div class='ocr_carea' id='block_1_36' title="bbox 596 2093 2244 2170">
    <p class='ocr_par' dir='ltr' id='par_1_36' title="bbox 596 2093 2244 2170">
     <span class='ocr_line' id='line_1_36' title="bbox 596 2093 2244 2170; baseline -0.005 -14"><span class='ocrx_word' id='word_1_263' title='bbox 596 2103 854 2157; x_wconf 81' lang='grc' dir='ltr'>Ἰωάννου</span> <span class='ocrx_word' id='word_1_264' title='bbox 883 2100 972 2153; x_wconf 81' lang='grc' dir='ltr'><strong>καὶ</strong></span> <span class='ocrx_word' id='word_1_265' title='bbox 1005 2100 1054 2169; x_wconf 81' lang='grc' dir='ltr'>ἐξ</span> <span class='ocrx_word' id='word_1_266' title='bbox 1105 2099 1428 2170; x_wconf 80' lang='grc' dir='ltr'>ἀξιωμάτων</span> <span class='ocrx_word' id='word_1_267' title='bbox 1481 2093 2000 2169; x_wconf 72' lang='grc' dir='ltr'>σεϐαστοκράτοροςο</span> <span class='ocrx_word' id='word_1_268' title='bbox 2052 2097 2244 2168; x_wconf 91' lang='grc' dir='ltr'>Τούτῳ</span> 
     </span>
    </p>
   </div>
   <div class='ocr_carea' id='block_1_37' title="bbox 593 2183 2244 2262">
    <p class='ocr_par' dir='ltr' id='par_1_37' title="bbox 593 2183 2244 2262">
     <span class='ocr_line' id='line_1_37' title="bbox 593 2183 2244 2262; baseline -0.004 -16"><span class='ocrx_word' id='word_1_269' title='bbox 593 2193 775 2246; x_wconf 89' lang='grc' dir='ltr'>τοίνυν</span> <span class='ocrx_word' id='word_1_270' title='bbox 833 2191 899 2245; x_wconf 78' lang='grc' dir='ltr'><strong>τὰ</strong></span> <span class='ocrx_word' id='word_1_271' title='bbox 947 2190 1082 2244; x_wconf 88' lang='grc' dir='ltr'><strong>κατά</strong></span> <span class='ocrx_word' id='word_1_272' title='bbox 1128 2190 1226 2256; x_wconf 78' lang='grc' dir='ltr'>τὴν</span> <span class='ocrx_word' id='word_1_273' title='bbox 1282 2184 1604 2262; x_wconf 81' lang='grc' dir='ltr'>Ὀρεστιάδα</span> <span class='ocrx_word' id='word_1_274' title='bbox 1634 2207 1691 2241; x_wconf 92' lang='grc' dir='ltr'><strong>τε</strong></span> <span class='ocrx_word' id='word_1_275' title='bbox 1744 2186 1832 2240; x_wconf 85' lang='grc' dir='ltr'><strong>καὶ</strong></span> <span class='ocrx_word' id='word_1_276' title='bbox 1876 2185 1942 2239; x_wconf 83' lang='grc' dir='ltr'><strong>τὰ</strong></span> <span class='ocrx_word' id='word_1_277' title='bbox 1992 2183 2244 2260; x_wconf 73' lang='grc' dir='ltr'>ἒ-ιδότερα</span> 
     </span>
    </p>
   </div>
   <div class='ocr_carea' id='block_1_38' title="bbox 589 2273 2239 2353">
    <p class='ocr_par' dir='ltr' id='par_1_38' title="bbox 589 2273 2239 2353">
     <span class='ocr_line' id='line_1_38' title="bbox 589 2273 2239 2353; baseline -0.005 -18"><span class='ocrx_word' id='word_1_278' title='bbox 589 2285 686 2335; x_wconf 80' lang='grc' dir='ltr'><strong>τοῦ</strong></span> <span class='ocrx_word' id='word_1_279' title='bbox 742 2279 921 2352; x_wconf 68' lang='grc' dir='ltr'>Α’ίμου</span> <span class='ocrx_word' id='word_1_280' title='bbox 963 2278 1376 2353; x_wconf 75' lang='grc' dir='ltr'>έπιτετράφατο,</span> <span class='ocrx_word' id='word_1_281' title='bbox 1436 2277 1524 2330; x_wconf 90' lang='grc' dir='ltr'>καὶ</span> <span class='ocrx_word' id='word_1_282' title='bbox 1582 2279 1646 2344; x_wconf 72' lang='grc' dir='ltr'>ἦν</span> <span class='ocrx_word' id='word_1_283' title='bbox 1709 2275 1853 2345; x_wconf 81' lang='grc' dir='ltr'>αὐτῷ</span> <span class='ocrx_word' id='word_1_284' title='bbox 1905 2273 2116 2346; x_wconf 85' lang='grc' dir='ltr'>σύναμα</span> <span class='ocrx_word' id='word_1_285' title='bbox 2173 2279 2239 2348; x_wconf 81' lang='grc' dir='ltr'><strong>τῇ</strong></span> 
     </span>
    </p>
   </div>
   <div class='ocr_carea' id='block_1_39' title="bbox 591 2363 2243 2448">
    <p class='ocr_par' dir='ltr' id='par_1_39' title="bbox 591 2363 2243 2448">
     <span class='ocr_line' id='line_1_39' title="bbox 591 2363 2243 2448; baseline -0.004 -23"><span class='ocrx_word' id='word_1_286' title='bbox 591 2369 805 2448; x_wconf 82' lang='grc' dir='ltr'>γυναικὶ</span> <span class='ocrx_word' id='word_1_287' title='bbox 859 2367 1102 2440; x_wconf 85' lang='grc' dir='ltr'>κάθισμα</span> <span class='ocrx_word' id='word_1_288' title='bbox 1156 2368 1191 2434; x_wconf 84' lang='grc' dir='ltr'>ἡ</span> <span class='ocrx_word' id='word_1_289' title='bbox 1255 2363 1733 2440; x_wconf 83' lang='grc' dir='ltr'>Ἀδριανούπολις.</span> <span class='ocrx_word' id='word_1_290' title='bbox 1783 2365 1870 2425; x_wconf 76' lang='grc' dir='ltr'>Ὠς</span> <span class='ocrx_word' id='word_1_291' title='bbox 1909 2369 2038 2438; x_wconf 83' lang='grc' dir='ltr'>γοῦν</span> <span class='ocrx_word' id='word_1_292' title='bbox 2073 2363 2243 2419; x_wconf 88' lang='grc' dir='ltr'>ἐκεῖσε</span> 
     </span>
    </p>
   </div>
   <div class='ocr_carea' id='block_1_40' title="bbox 591 2581 2247 2655">
    <p class='ocr_par' dir='ltr' id='par_1_40' title="bbox 591 2581 2247 2655">
     <span class='ocr_line' id='line_1_40' title="bbox 591 2581 2247 2655; baseline -0.004 -14"><span class='ocrx_word' id='word_1_293' title='bbox 591 2588 797 2642; x_wconf 89' lang='lat' dir='ltr'><strong>dactus</strong></span> <span class='ocrx_word' id='word_1_294' title='bbox 829 2587 918 2639; x_wconf 89' lang='lat' dir='ltr'><strong>est</strong></span> <span class='ocrx_word' id='word_1_295' title='bbox 949 2584 1221 2655; x_wconf 89' lang='lat' dir='ltr'><strong>gradum,</strong></span> <span class='ocrx_word' id='word_1_296' title='bbox 1255 2585 1320 2636; x_wconf 87' lang='lat' dir='ltr'><strong>ut</strong></span> <span class='ocrx_word' id='word_1_297' title='bbox 1355 2581 1549 2653; x_wconf 86' lang='lat' dir='ltr'><strong>palam</strong></span> <span class='ocrx_word' id='word_1_298' title='bbox 1591 2582 1718 2651; x_wconf 91' lang='lat' dir='ltr'><strong>jam</strong></span> <span class='ocrx_word' id='word_1_299' title='bbox 1753 2584 2090 2636; x_wconf 78' lang='lat' dir='ltr'><strong>cerneretur</strong></span> <span class='ocrx_word' id='word_1_300' title='bbox 2120 2597 2247 2635; x_wconf 90' lang='lat' dir='ltr'><strong>am-</strong></span> 
     </span>
    </p>
   </div>
   <div class='ocr_carea' id='block_1_41' title="bbox 593 2670 2243 2742">
    <p class='ocr_par' dir='ltr' id='par_1_41' title="bbox 593 2670 2243 2742">
     <span class='ocr_line' id='line_1_41' title="bbox 593 2670 2243 2742; baseline -0.004 -11"><span class='ocrx_word' id='word_1_301' title='bbox 593 2676 718 2731; x_wconf 89' lang='lat' dir='ltr'><strong>bire</strong></span> <span class='ocrx_word' id='word_1_302' title='bbox 752 2674 943 2728; x_wconf 88' lang='lat' dir='ltr'><strong>aulica</strong></span> <span class='ocrx_word' id='word_1_303' title='bbox 999 2672 1308 2728; x_wconf 75' lang='lat' dir='ltr'><strong>sedulitate</strong></span> <span class='ocrx_word' id='word_1_304' title='bbox 1341 2673 1678 2742; x_wconf 86' lang='lat' dir='ltr'><strong>Augustum</strong></span> <span class='ocrx_word' id='word_1_305' title='bbox 1726 2670 2047 2741; x_wconf 90' lang='lat' dir='ltr'><strong>juniorem,</strong></span> <span class='ocrx_word' id='word_1_306' title='bbox 2082 2686 2147 2724; x_wconf 89' lang='lat' dir='ltr'><strong>ac</strong></span> <span class='ocrx_word' id='word_1_307' title='bbox 2196 2671 2243 2724; x_wconf 91' lang='lat' dir='ltr'><strong>si</strong></span> 
     </span>
    </p>
   </div>
   <div class='ocr_carea' id='block_1_42' title="bbox 594 2760 2242 2836">
    <p class='ocr_par' dir='ltr' id='par_1_42' title="bbox 594 2760 2242 2836">
     <span class='ocr_line' id='line_1_42' title="bbox 594 2760 2242 2836; baseline -0.004 -17"><span class='ocrx_word' id='word_1_308' title='bbox 594 2765 833 2836; x_wconf 88' lang='lat' dir='ltr'><strong>quando</strong></span> <span class='ocrx_word' id='word_1_309' title='bbox 865 2764 916 2818; x_wconf 90' lang='lat' dir='ltr'><strong>is</strong></span> <span class='ocrx_word' id='word_1_310' title='bbox 969 2762 1102 2833; x_wconf 86' lang='lat' dir='ltr'><strong>ipsi,</strong></span> <span class='ocrx_word' id='word_1_311' title='bbox 1140 2761 1296 2817; x_wconf 88' lang='lat' dir='ltr'><strong>velut</strong></span> <span class='ocrx_word' id='word_1_312' title='bbox 1344 2761 1402 2814; x_wconf 90' lang='lat' dir='ltr'><strong>in</strong></span> <span class='ocrx_word' id='word_1_313' title='bbox 1454 2761 1760 2831; x_wconf 67' lang='lat' dir='ltr'><strong>praemium</strong></span> <span class='ocrx_word' id='word_1_314' title='bbox 1810 2760 2098 2830; x_wconf 87' lang='lat' dir='ltr'><strong>obsequii,</strong></span> <span class='ocrx_word' id='word_1_315' title='bbox 2133 2761 2242 2814; x_wconf 83' lang='lat' dir='ltr'><strong>ali-</strong></span> 
     </span>
    </p>
   </div>
   <div class='ocr_carea' id='block_1_43' title="bbox 595 2849 2245 2925">
    <p class='ocr_par' dir='ltr' id='par_1_43' title="bbox 595 2849 2245 2925">
     <span class='ocr_line' id='line_1_43' title="bbox 595 2849 2245 2925; baseline -0.004 -15"><span class='ocrx_word' id='word_1_316' title='bbox 595 2872 772 2925; x_wconf 89' lang='lat' dir='ltr'>quam</span> <span class='ocrx_word' id='word_1_317' title='bbox 808 2870 838 2908; x_wconf 83' lang='lat' dir='ltr'><strong>e</strong></span> <span class='ocrx_word' id='word_1_318' title='bbox 870 2853 992 2907; x_wconf 87' lang='lat' dir='ltr'><strong>suis</strong></span> <span class='ocrx_word' id='word_1_319' title='bbox 1036 2851 1403 2923; x_wconf 81' lang='lat' dir='ltr'><strong>chlamydem</strong></span> <span class='ocrx_word' id='word_1_320' title='bbox 1438 2851 1702 2915; x_wconf 81' lang='lat' dir='ltr'><strong>donaret,</strong></span> <span class='ocrx_word' id='word_1_321' title='bbox 1735 2854 2062 2904; x_wconf 84' lang='lat' dir='ltr'>reverenter</span> <span class='ocrx_word' id='word_1_322' title='bbox 2092 2849 2245 2904; x_wconf 90' lang='lat' dir='ltr'><strong>acci-</strong></span> 
     </span>
    </p>
   </div>
   <div class='ocr_carea' id='block_1_44' title="bbox 594 2939 2244 3014">
    <p class='ocr_par' dir='ltr' id='par_1_44' title="bbox 594 2939 2244 3014">
     <span class='ocr_line' id='line_1_44' title="bbox 594 2939 2244 3014; baseline -0.004 -16"><span class='ocrx_word' id='word_1_323' title='bbox 594 2950 758 3014; x_wconf 91' lang='lat' dir='ltr'><strong>peret</strong></span> <span class='ocrx_word' id='word_1_324' title='bbox 819 2943 1226 3010; x_wconf 88' lang='lat' dir='ltr'><strong>indueretque,</strong></span> <span class='ocrx_word' id='word_1_325' title='bbox 1277 2941 1388 2994; x_wconf 88' lang='lat' dir='ltr'><strong>etsi</strong></span> <span class='ocrx_word' id='word_1_326' title='bbox 1446 2955 1541 3005; x_wconf 90' lang='lat' dir='ltr'><strong>ca,</strong></span> <span class='ocrx_word' id='word_1_327' title='bbox 1595 2939 1807 3009; x_wconf 89' lang='lat' dir='ltr'><strong>quippe</strong></span> <span class='ocrx_word' id='word_1_328' title='bbox 1866 2939 1936 2993; x_wconf 90' lang='lat' dir='ltr'><strong>ad</strong></span> <span class='ocrx_word' id='word_1_329' title='bbox 1998 2939 2244 2992; x_wconf 84' lang='lat' dir='ltr'><strong>formam</strong></span> 
     </span>
    </p>
   </div>
   <div class='ocr_carea' id='block_1_45' title="bbox 596 3027 2246 3102">
    <p class='ocr_par' dir='ltr' id='par_1_45' title="bbox 596 3027 2246 3102">
     <span class='ocr_line' id='line_1_45' title="bbox 596 3027 2246 3102; baseline -0.004 -15"><span class='ocrx_word' id='word_1_330' title='bbox 596 3033 856 3088; x_wconf 87' lang='lat' dir='ltr'><strong>nondum</strong></span> <span class='ocrx_word' id='word_1_331' title='bbox 892 3031 1060 3102; x_wconf 85' lang='lat' dir='ltr'>plene</span> <span class='ocrx_word' id='word_1_332' title='bbox 1091 3029 1275 3085; x_wconf 78' lang='lat' dir='ltr'><strong>adulti</strong></span> <span class='ocrx_word' id='word_1_333' title='bbox 1309 3029 1614 3099; x_wconf 77' lang='lat' dir='ltr'><strong>adaequata</strong></span> <span class='ocrx_word' id='word_1_334' title='bbox 1636 3029 1919 3098; x_wconf 90' lang='lat' dir='ltr'><strong>corporis,</strong></span> <span class='ocrx_word' id='word_1_335' title='bbox 1944 3027 2085 3095; x_wconf 90' lang='lat' dir='ltr'><strong>viro,</strong></span> <span class='ocrx_word' id='word_1_336' title='bbox 2108 3043 2246 3096; x_wconf 85' lang='lat' dir='ltr'><strong>qua-</strong></span> 
     </span>
    </p>
   </div>
   <div class='ocr_carea' id='block_1_46' title="bbox 595 3116 2246 3190">
    <p class='ocr_par' dir='ltr' id='par_1_46' title="bbox 595 3116 2246 3190">
     <span class='ocr_line' id='line_1_46' title="bbox 595 3116 2246 3190; baseline -0.002 -16"><span class='ocrx_word' id='word_1_337' title='bbox 595 3120 667 3175; x_wconf 88' lang='lat' dir='ltr'><strong>lis</strong></span> <span class='ocrx_word' id='word_1_338' title='bbox 709 3125 835 3175; x_wconf 88' lang='lat' dir='ltr'><strong>erat</strong></span> <span class='ocrx_word' id='word_1_339' title='bbox 883 3120 1029 3189; x_wconf 88' lang='lat' dir='ltr'><strong>ipse,</strong></span> <span class='ocrx_word' id='word_1_340' title='bbox 1067 3118 1331 3190; x_wconf 70' lang='lat' dir='ltr'><strong>perfectae</strong></span> <span class='ocrx_word' id='word_1_341' title='bbox 1380 3117 1569 3172; x_wconf 55' lang='lat' dir='ltr'><strong>atatis</strong></span> <span class='ocrx_word' id='word_1_342' title='bbox 1615 3122 1969 3186; x_wconf 60' lang='lat' dir='ltr'><strong>slaturaaque</strong></span> <span class='ocrx_word' id='word_1_343' title='bbox 2019 3116 2246 3170; x_wconf 78' lang='lat' dir='ltr'><strong>altioris</strong></span> 
     </span>
    </p>
   </div>
   <div class='ocr_carea' id='block_1_47' title="bbox 2360 1921 4012 2000">
    <p class='ocr_par' dir='ltr' id='par_1_47' title="bbox 2360 1921 4012 2000">
     <span class='ocr_line' id='line_1_47' title="bbox 2360 1921 4012 2000; baseline 0.001 -24"><span class='ocrx_word' id='word_1_344' title='bbox 2360 1924 2439 1995; x_wconf 88' lang='lat' dir='ltr'><strong>[P.</strong></span> <span class='ocrx_word' id='word_1_345' title='bbox 2480 1925 2607 1995; x_wconf 79' lang='lat'><strong>218]</strong></span> <span class='ocrx_word' id='word_1_346' title='bbox 2657 1921 2914 1999; x_wconf 75' lang='grc' dir='ltr'>φυγαδείᾳ</span> <span class='ocrx_word' id='word_1_347' title='bbox 2972 1931 3197 1998; x_wconf 81' lang='grc' dir='ltr'>χρῆται.</span> <span class='ocrx_word' id='word_1_348' title='bbox 3261 1925 3521 1987; x_wconf 76' lang='grc' dir='ltr'>Κάκεῖνος</span> <span class='ocrx_word' id='word_1_349' title='bbox 3571 1932 3795 2000; x_wconf 84' lang='grc' dir='ltr'>συγχεῖν</span> <span class='ocrx_word' id='word_1_350' title='bbox 3831 1925 4012 1990; x_wconf 62' lang='grc' dir='ltr'>θέλω)</span> 
     </span>
    </p>
   </div>
   <div class='ocr_carea' id='block_1_48' title="bbox 2352 2011 4012 2091">
    <p class='ocr_par' dir='ltr' id='par_1_48' title="bbox 2352 2011 4012 2091">
     <span class='ocr_line' id='line_1_48' title="bbox 2352 2011 4012 2091; baseline 0.001 -25"><span class='ocrx_word' id='word_1_351' title='bbox 2352 2014 2418 2066; x_wconf 75' lang='grc' dir='ltr'><strong>τά</strong></span> <span class='ocrx_word' id='word_1_352' title='bbox 2448 2011 2742 2085; x_wconf 87' lang='grc' dir='ltr'>πράγματα</span> <span class='ocrx_word' id='word_1_353' title='bbox 2793 2014 2866 2075; x_wconf 85' lang='grc' dir='ltr'>ὡς</span> <span class='ocrx_word' id='word_1_354' title='bbox 2919 2013 3336 2088; x_wconf 88' lang='grc' dir='ltr'>βοηθησόμενος</span> <span class='ocrx_word' id='word_1_355' title='bbox 3388 2016 3523 2090; x_wconf 86' lang='grc' dir='ltr'>πρὸς</span> <span class='ocrx_word' id='word_1_356' title='bbox 3553 2018 3651 2084; x_wconf 76' lang='grc' dir='ltr'>τὴν</span> <span class='ocrx_word' id='word_1_357' title='bbox 3706 2017 3878 2091; x_wconf 70' lang='grc' dir='ltr'>φυγὴν</span> <span class='ocrx_word' id='word_1_358' title='bbox 3940 2019 4012 2088; x_wconf 80' lang='grc' dir='ltr'><strong>τῇ</strong></span> 
     </span>
    </p>
   </div>
   <div class='ocr_carea' id='block_1_49' title="bbox 2353 2099 4017 2178">
    <p class='ocr_par' dir='ltr' id='par_1_49' title="bbox 2353 2099 4017 2178">
     <span class='ocr_line' id='line_1_49' title="bbox 2353 2099 4017 2178; baseline 0.002 -25"><span class='ocrx_word' id='word_1_359' title='bbox 2353 2099 2632 2175; x_wconf 81' lang='grc' dir='ltr'>συγχύσει.</span> <span class='ocrx_word' id='word_1_360' title='bbox 2686 2101 2955 2175; x_wconf 85' lang='grc' dir='ltr'>Τοχάρων</span> <span class='ocrx_word' id='word_1_361' title='bbox 3004 2101 3237 2172; x_wconf 82' lang='grc' dir='ltr'>ἐξελθεῖν</span> <span class='ocrx_word' id='word_1_362' title='bbox 3285 2104 3437 2178; x_wconf 90' lang='grc' dir='ltr'>γένος</span> <span class='ocrx_word' id='word_1_363' title='bbox 3484 2105 3898 2177; x_wconf 83' lang='grc' dir='ltr'>παρασκευάζει,</span> <span class='ocrx_word' id='word_1_364' title='bbox 3960 2103 4017 2158; x_wconf 67' lang='grc' dir='ltr'>οῗ</span> 
     </span>
    </p>
   </div>
   <div class='ocr_carea' id='block_1_50' title="bbox 2352 2190 4013 2266">
    <p class='ocr_par' dir='ltr' id='par_1_50' title="bbox 2352 2190 4013 2266">
     <span class='ocr_line' id='line_1_50' title="bbox 2352 2190 4013 2266; baseline 0.002 -23"><span class='ocrx_word' id='word_1_365' title='bbox 2352 2190 2440 2243; x_wconf 84' lang='grc' dir='ltr'><strong>καὶ</strong></span> <span class='ocrx_word' id='word_1_366' title='bbox 2500 2190 2749 2266; x_wconf 81' lang='grc' dir='ltr'>φανέντες</span> <span class='ocrx_word' id='word_1_367' title='bbox 2807 2193 2905 2260; x_wconf 78' lang='grc' dir='ltr'>τήν</span> <span class='ocrx_word' id='word_1_368' title='bbox 2958 2194 3058 2266; x_wconf 73' lang='grc' dir='ltr'>γῆν</span> <span class='ocrx_word' id='word_1_369' title='bbox 3092 2199 3266 2246; x_wconf 76' lang='grc' dir='ltr'>πᾶσαν</span> <span class='ocrx_word' id='word_1_370' title='bbox 3299 2193 3506 2262; x_wconf 86' lang='grc' dir='ltr'>ἐκείνην</span> <span class='ocrx_word' id='word_1_371' title='bbox 3543 2192 3758 2248; x_wconf 81' lang='grc' dir='ltr'>ἐπέθεον</span> <span class='ocrx_word' id='word_1_372' title='bbox 3794 2194 3867 2255; x_wconf 85' lang='grc' dir='ltr'>ὡς</span> <span class='ocrx_word' id='word_1_373' title='bbox 3919 2193 4013 2247; x_wconf 81' lang='grc' dir='ltr'><strong>ἐπὶ</strong></span> 
     </span>
    </p>
   </div>
   <div class='ocr_carea' id='block_1_51' title="bbox 2350 2274 4016 2354">
    <p class='ocr_par' dir='ltr' id='par_1_51' title="bbox 2350 2274 4016 2354">
     <span class='ocr_line' id='line_1_51' title="bbox 2350 2274 4016 2354; baseline 0.004 -24"><span class='ocrx_word' id='word_1_374' title='bbox 2350 2274 2527 2350; x_wconf 85' lang='grc' dir='ltr'>κέρδει</span> <span class='ocrx_word' id='word_1_375' title='bbox 2587 2279 3005 2354; x_wconf 79' lang='grc' dir='ltr'>συγκληθέντες.</span> <span class='ocrx_word' id='word_1_376' title='bbox 3053 2285 3122 2337; x_wconf 74' lang='grc' dir='ltr'><strong>’Ἀ</strong></span> <span class='ocrx_word' id='word_1_377' title='bbox 3179 2281 3360 2336; x_wconf 87' lang='grc' dir='ltr'>τοίνυν</span> <span class='ocrx_word' id='word_1_378' title='bbox 3393 2282 3585 2337; x_wconf 86' lang='grc' dir='ltr'>ἐκεῖνοι</span> <span class='ocrx_word' id='word_1_379' title='bbox 3638 2283 3701 2337; x_wconf 89' lang='grc' dir='ltr'>τὸ</span> <span class='ocrx_word' id='word_1_380' title='bbox 3749 2279 4016 2352; x_wconf 80' lang='grc' dir='ltr'>τηνικάδε</span> 
     </span>
    </p>
   </div>
   <div class='ocr_carea' id='block_1_52' title="bbox 2349 2366 4010 2446">
    <p class='ocr_par' dir='ltr' id='par_1_52' title="bbox 2349 2366 4010 2446">
     <span class='ocr_line' id='line_1_52' title="bbox 2349 2366 4010 2446; baseline 0.004 -27"><span class='ocrx_word' id='word_1_381' title='bbox 2349 2366 2482 2429; x_wconf 86' lang='grc' dir='ltr'>τοὺς</span> <span class='ocrx_word' id='word_1_382' title='bbox 2512 2367 2829 2442; x_wconf 82' lang='grc' dir='ltr'>ἀνθρώπους</span> <span class='ocrx_word' id='word_1_383' title='bbox 2859 2367 3103 2446; x_wconf 81' lang='grc' dir='ltr'>ἔδρασαν,</span> <span class='ocrx_word' id='word_1_384' title='bbox 3140 2368 3282 2425; x_wconf 85' lang='grc' dir='ltr'>ἰδίαν</span> <span class='ocrx_word' id='word_1_385' title='bbox 3315 2372 3531 2426; x_wconf 85' lang='grc' dir='ltr'>ἀπαιτεῖ</span> <span class='ocrx_word' id='word_1_386' title='bbox 3589 2369 3804 2446; x_wconf 80' lang='grc' dir='ltr'>σχολὴν</span> <span class='ocrx_word' id='word_1_387' title='bbox 3864 2373 4010 2446; x_wconf 83' lang='grc' dir='ltr'>πρὸς</span> 
     </span>
    </p>
   </div>
   <div class='ocr_carea' id='block_1_53' title="bbox 2357 2586 4018 2659">
    <p class='ocr_par' dir='ltr' id='par_1_53' title="bbox 2357 2586 4018 2659">
     <span class='ocr_line' id='line_1_53' title="bbox 2357 2586 4018 2659; baseline 0.004 -22"><span class='ocrx_word' id='word_1_388' title='bbox 2357 2586 2619 2656; x_wconf 90' lang='lat' dir='ltr'><strong>tempore</strong></span> <span class='ocrx_word' id='word_1_389' title='bbox 2649 2591 2936 2656; x_wconf 88' lang='lat' dir='ltr'><strong>versatus,</strong></span> <span class='ocrx_word' id='word_1_390' title='bbox 2970 2592 3208 2656; x_wconf 89' lang='lat' dir='ltr'><strong>repente</strong></span> <span class='ocrx_word' id='word_1_391' title='bbox 3252 2587 3451 2643; x_wconf 88' lang='lat' dir='ltr'><strong>nescio</strong></span> <span class='ocrx_word' id='word_1_392' title='bbox 3483 2587 3621 2658; x_wconf 90' lang='lat' dir='ltr'><strong>quid</strong></span> <span class='ocrx_word' id='word_1_393' title='bbox 3673 2605 3910 2659; x_wconf 88' lang='lat' dir='ltr'><strong>passus,</strong></span> <span class='ocrx_word' id='word_1_394' title='bbox 3946 2593 4018 2644; x_wconf 85' lang='lat' dir='ltr'><strong>ut</strong></span> 
     </span>
    </p>
   </div>
   <div class='ocr_carea' id='block_1_54' title="bbox 2356 2673 4014 2748">
    <p class='ocr_par' dir='ltr' id='par_1_54' title="bbox 2356 2673 4014 2748">
     <span class='ocr_line' id='line_1_54' title="bbox 2356 2673 4014 2748; baseline 0.005 -22"><span class='ocrx_word' id='word_1_395' title='bbox 2356 2690 2490 2728; x_wconf 90' lang='lat' dir='ltr'><strong>vero</strong></span> <span class='ocrx_word' id='word_1_396' title='bbox 2523 2673 2787 2746; x_wconf 88' lang='lat' dir='ltr'><strong>plerique</strong></span> <span class='ocrx_word' id='word_1_397' title='bbox 2835 2677 3020 2743; x_wconf 87' lang='lat' dir='ltr'><strong>aiunt,</strong></span> <span class='ocrx_word' id='word_1_398' title='bbox 3055 2677 3257 2732; x_wconf 88' lang='lat' dir='ltr'><strong>audita</strong></span> <span class='ocrx_word' id='word_1_399' title='bbox 3303 2681 3669 2748; x_wconf 86' lang='lat' dir='ltr'><strong>promotione</strong></span> <span class='ocrx_word' id='word_1_400' title='bbox 3703 2677 4014 2734; x_wconf 80' lang='lat' dir='ltr'><strong>Michaelis</strong></span> 
     </span>
    </p>
   </div>
   <div class='ocr_carea' id='block_1_55' title="bbox 2358 2763 4008 2837">
    <p class='ocr_par' dir='ltr' id='par_1_55' title="bbox 2358 2763 4008 2837">
     <span class='ocr_line' id='line_1_55' title="bbox 2358 2763 4008 2837; baseline 0.002 -21"><span class='ocrx_word' id='word_1_401' title='bbox 2358 2763 2553 2818; x_wconf 82' lang='lat' dir='ltr'><strong>fratris</strong></span> <span class='ocrx_word' id='word_1_402' title='bbox 2585 2765 2674 2818; x_wconf 92' lang='lat' dir='ltr'><strong>sui</strong></span> <span class='ocrx_word' id='word_1_403' title='bbox 2709 2765 2956 2820; x_wconf 91' lang='lat' dir='ltr'><strong>minoris</strong></span> <span class='ocrx_word' id='word_1_404' title='bbox 2987 2767 3043 2820; x_wconf 93' lang='lat' dir='ltr'><strong>in</strong></span> <span class='ocrx_word' id='word_1_405' title='bbox 3067 2766 3413 2837; x_wconf 88' lang='lat' dir='ltr'><strong>dignitatem</strong></span> <span class='ocrx_word' id='word_1_406' title='bbox 3447 2766 3645 2836; x_wconf 84' lang='lat' dir='ltr'><strong>magni</strong></span> <span class='ocrx_word' id='word_1_407' title='bbox 3675 2766 4008 2832; x_wconf 88' lang='lat' dir='ltr'><strong>domestici,</strong></span> 
     </span>
    </p>
   </div>
   <div class='ocr_carea' id='block_1_56' title="bbox 2360 2853 4014 2926">
    <p class='ocr_par' dir='ltr' id='par_1_56' title="bbox 2360 2853 4014 2926">
     <span class='ocr_line' id='line_1_56' title="bbox 2360 2853 4014 2926; baseline 0.004 -21"><span class='ocrx_word' id='word_1_408' title='bbox 2360 2853 2782 2909; x_wconf 85' lang='lat' dir='ltr'><strong>incredibiliter</strong></span> <span class='ocrx_word' id='word_1_409' title='bbox 2810 2855 3070 2910; x_wconf 72' lang='lat' dir='ltr'><strong>offensus</strong></span> <span class='ocrx_word' id='word_1_410' title='bbox 3114 2861 3233 2910; x_wconf 82' lang='lat' dir='ltr'><strong>tam</strong></span> <span class='ocrx_word' id='word_1_411' title='bbox 3285 2855 3396 2925; x_wconf 91' lang='lat' dir='ltr'><strong>ipsi</strong></span> <span class='ocrx_word' id='word_1_412' title='bbox 3447 2873 3621 2926; x_wconf 88' lang='lat' dir='ltr'><strong>quam</strong></span> <span class='ocrx_word' id='word_1_413' title='bbox 3656 2856 3707 2910; x_wconf 89' lang='lat' dir='ltr'><strong>ei</strong></span> <span class='ocrx_word' id='word_1_414' title='bbox 3740 2872 3772 2910; x_wconf 90' lang='lat' dir='ltr'><strong>a</strong></span> <span class='ocrx_word' id='word_1_415' title='bbox 3806 2872 3923 2926; x_wconf 91' lang='lat' dir='ltr'><strong>quo</strong></span> <span class='ocrx_word' id='word_1_416' title='bbox 3958 2855 4014 2912; x_wconf 89' lang='lat' dir='ltr'><strong>is</strong></span> 
     </span>
    </p>
   </div>
   <div class='ocr_carea' id='block_1_57' title="bbox 2356 2942 4011 3016">
    <p class='ocr_par' dir='ltr' id='par_1_57' title="bbox 2356 2942 4011 3016">
     <span class='ocr_line' id='line_1_57' title="bbox 2356 2942 4011 3016; baseline 0.003 -21"><span class='ocrx_word' id='word_1_417' title='bbox 2356 2942 2548 2997; x_wconf 88' lang='lat' dir='ltr'><strong>fuerat</strong></span> <span class='ocrx_word' id='word_1_418' title='bbox 2579 2943 2636 2996; x_wconf 92' lang='lat' dir='ltr'><strong>in</strong></span> <span class='ocrx_word' id='word_1_419' title='bbox 2673 2948 2848 2999; x_wconf 89' lang='lat' dir='ltr'><strong>istum</strong></span> <span class='ocrx_word' id='word_1_420' title='bbox 2898 2950 3129 2999; x_wconf 88' lang='lat' dir='ltr'><strong>evectus</strong></span> <span class='ocrx_word' id='word_1_421' title='bbox 3175 2946 3446 3016; x_wconf 90' lang='lat' dir='ltr'><strong>gradum,</strong></span> <span class='ocrx_word' id='word_1_422' title='bbox 3481 2946 3551 2999; x_wconf 90' lang='lat' dir='ltr'><strong>ad</strong></span> <span class='ocrx_word' id='word_1_423' title='bbox 3587 2945 4011 3016; x_wconf 86' lang='lat' dir='ltr'><strong>cogitationem</strong></span> 
     </span>
    </p>
   </div>
   <div class='ocr_carea' id='block_1_58' title="bbox 2356 3032 4011 3104">
    <p class='ocr_par' dir='ltr' id='par_1_58' title="bbox 2356 3032 4011 3104">
     <span class='ocr_line' id='line_1_58' title="bbox 2356 3032 4011 3104; baseline 0.001 -19"><span class='ocrx_word' id='word_1_424' title='bbox 2356 3032 2524 3086; x_wconf 88' lang='lat' dir='ltr'><strong>valde</strong></span> <span class='ocrx_word' id='word_1_425' title='bbox 2557 3032 3000 3104; x_wconf 86' lang='lat' dir='ltr'><strong>vituperabilem</strong></span> <span class='ocrx_word' id='word_1_426' title='bbox 3035 3037 3092 3088; x_wconf 92' lang='lat' dir='ltr'><strong>et</strong></span> <span class='ocrx_word' id='word_1_427' title='bbox 3121 3049 3331 3104; x_wconf 83' lang='lat' dir='ltr'>genere</span> <span class='ocrx_word' id='word_1_428' title='bbox 3361 3033 3660 3102; x_wconf 81' lang='lat' dir='ltr'><strong>indignam</strong></span> <span class='ocrx_word' id='word_1_429' title='bbox 3687 3049 3793 3088; x_wconf 90' lang='lat' dir='ltr'><strong>suo</strong></span> <span class='ocrx_word' id='word_1_430' title='bbox 3817 3032 4011 3103; x_wconf 82' lang='lat' dir='ltr'><strong>appli-</strong></span> 
     </span>
    </p>
   </div>
   <div class='ocr_carea' id='block_1_59' title="bbox 2357 3122 4008 3190">
    <p class='ocr_par' dir='ltr' id='par_1_59' title="bbox 2357 3122 4008 3190">
     <span class='ocr_line' id='line_1_59' title="bbox 2357 3122 4008 3190; baseline 0.001 -16"><span class='ocrx_word' id='word_1_431' title='bbox 2357 3126 2448 3175; x_wconf 83' lang='lat' dir='ltr'><strong>cat</strong></span> <span class='ocrx_word' id='word_1_432' title='bbox 2496 3122 2784 3187; x_wconf 90' lang='lat' dir='ltr'><strong>animum,</strong></span> <span class='ocrx_word' id='word_1_433' title='bbox 2836 3124 3147 3178; x_wconf 89' lang='lat' dir='ltr'><strong>consilium</strong></span> <span class='ocrx_word' id='word_1_434' title='bbox 3207 3122 3396 3177; x_wconf 91' lang='lat' dir='ltr'><strong>iniens</strong></span> <span class='ocrx_word' id='word_1_435' title='bbox 3452 3123 3882 3190; x_wconf 78' lang='lat' dir='ltr'><strong>transfugiendi</strong></span> <span class='ocrx_word' id='word_1_436' title='bbox 3933 3123 4008 3176; x_wconf 91' lang='lat' dir='ltr'><strong>ad</strong></span> 
     </span>
    </p>
   </div>
   <div class='ocr_carea' id='block_1_60' title="bbox 596 3205 4010 3290">
    <p class='ocr_par' dir='ltr' id='par_1_60' title="bbox 596 3205 4010 3290">
     <span class='ocr_line' id='line_1_60' title="bbox 596 3205 4010 3290; baseline -0.002 -26"><span class='ocrx_word' id='word_1_437' title='bbox 596 3227 804 3282; x_wconf 91' lang='lat' dir='ltr'><strong>parum</strong></span> <span class='ocrx_word' id='word_1_438' title='bbox 841 3208 1194 3264; x_wconf 87' lang='lat' dir='ltr'><strong>conveniret.</strong></span> <span class='ocrx_word' id='word_1_439' title='bbox 1231 3208 1374 3278; x_wconf 90' lang='lat' dir='ltr'><strong>Ergo</strong></span> <span class='ocrx_word' id='word_1_440' title='bbox 1416 3207 1640 3261; x_wconf 81' lang='lat' dir='ltr'><strong>videres</strong></span> <span class='ocrx_word' id='word_1_441' title='bbox 1690 3206 1868 3261; x_wconf 86' lang='lat' dir='ltr'><strong>heroa</strong></span> <span class='ocrx_word' id='word_1_442' title='bbox 1915 3205 2081 3259; x_wconf 88' lang='lat' dir='ltr'><strong>illum</strong></span> <span class='ocrx_word' id='word_1_443' title='bbox 2115 3210 2240 3259; x_wconf 87' lang='lat' dir='ltr'><strong>tan-</strong></span> <span class='ocrx_word' id='word_1_444' title='bbox 2275 3224 2317 3290; x_wconf 66' lang='grc' dir='ltr'><strong>ρ</strong></span> <span class='ocrx_word' id='word_1_445' title='bbox 2359 3227 2649 3266; x_wconf 79' lang='lat' dir='ltr'><strong>socerum.</strong></span> <span class='ocrx_word' id='word_1_446' title='bbox 2684 3214 2830 3278; x_wconf 62' lang='lat' dir='ltr'><strong>Quia</strong></span> <span class='ocrx_word' id='word_1_447' title='bbox 2859 3228 2991 3266; x_wconf 84' lang='lat' dir='ltr'><strong>vero</strong></span> <span class='ocrx_word' id='word_1_448' title='bbox 3040 3211 3381 3282; x_wconf 61' lang='lat' dir='ltr'><strong>tranquillo,</strong></span> <span class='ocrx_word' id='word_1_449' title='bbox 3417 3215 3480 3266; x_wconf 82' lang='lat' dir='ltr'><strong>ut</strong></span> <span class='ocrx_word' id='word_1_450' title='bbox 3522 3216 3664 3266; x_wconf 84' lang='lat' dir='ltr'><strong>tunc</strong></span> <span class='ocrx_word' id='word_1_451' title='bbox 3695 3216 3884 3280; x_wconf 65' lang='lat' dir='ltr'><strong>erant,</strong></span> <span class='ocrx_word' id='word_1_452' title='bbox 3918 3228 4010 3266; x_wconf 82' lang='lat' dir='ltr'><strong>re-</strong></span> 
     </span>
    </p>
   </div>
   <div class='ocr_carea' id='block_1_61' title="bbox 593 3294 2243 3370">
    <p class='ocr_par' dir='ltr' id='par_1_61' title="bbox 593 3294 2243 3370">
     <span class='ocr_line' id='line_1_61' title="bbox 593 3294 2243 3370; baseline -0.004 -15"><span class='ocrx_word' id='word_1_453' title='bbox 593 3305 720 3355; x_wconf 88' lang='lat' dir='ltr'><strong>tum</strong></span> <span class='ocrx_word' id='word_1_454' title='bbox 756 3315 859 3370; x_wconf 91' lang='lat' dir='ltr'><strong>per</strong></span> <span class='ocrx_word' id='word_1_455' title='bbox 909 3299 1128 3369; x_wconf 86' lang='lat' dir='ltr'><strong>regiam</strong></span> <span class='ocrx_word' id='word_1_456' title='bbox 1176 3297 1374 3351; x_wconf 90' lang='lat' dir='ltr'><strong>fratris</strong></span> <span class='ocrx_word' id='word_1_457' title='bbox 1415 3296 1607 3350; x_wconf 87' lang='lat' dir='ltr'><strong>aulam</strong></span> <span class='ocrx_word' id='word_1_458' title='bbox 1661 3296 1842 3350; x_wconf 82' lang='lat' dir='ltr'><strong>curtis</strong></span> <span class='ocrx_word' id='word_1_459' title='bbox 1899 3301 1955 3349; x_wconf 91' lang='lat' dir='ltr'><strong>et</strong></span> <span class='ocrx_word' id='word_1_460' title='bbox 2002 3294 2243 3366; x_wconf 91' lang='lat' dir='ltr'><strong>paulum</strong></span> 
     </span>
    </p>
   </div>
   <div class='ocr_carea' id='block_1_62' title="bbox 592 3385 2242 3458">
    <p class='ocr_par' dir='ltr' id='par_1_62' title="bbox 592 3385 2242 3458">
     <span class='ocr_line' id='line_1_62' title="bbox 592 3385 2242 3458; baseline -0.004 -14"><span class='ocrx_word' id='word_1_461' title='bbox 592 3391 766 3444; x_wconf 89' lang='lat' dir='ltr'><strong>modo</strong></span> <span class='ocrx_word' id='word_1_462' title='bbox 799 3388 1215 3443; x_wconf 85' lang='lat' dir='ltr'><strong>excedentibus</strong></span> <span class='ocrx_word' id='word_1_463' title='bbox 1265 3385 1581 3458; x_wconf 90' lang='lat' dir='ltr'><strong>puerilium</strong></span> <span class='ocrx_word' id='word_1_464' title='bbox 1634 3401 1971 3439; x_wconf 85' lang='lat' dir='ltr'><strong>mensuram</strong></span> <span class='ocrx_word' id='word_1_465' title='bbox 2015 3385 2242 3439; x_wconf 89' lang='lat' dir='ltr'><strong>tunica-</strong></span> 
     </span>
    </p>
   </div>
   <div class='ocr_carea' id='block_1_63' title="bbox 591 3474 2243 3549">
    <p class='ocr_par' dir='ltr' id='par_1_63' title="bbox 591 3474 2243 3549">
     <span class='ocr_line' id='line_1_63' title="bbox 591 3474 2243 3549; baseline -0.002 -17"><span class='ocrx_word' id='word_1_466' title='bbox 591 3495 723 3533; x_wconf 89' lang='lat' dir='ltr'><strong>rum</strong></span> <span class='ocrx_word' id='word_1_467' title='bbox 785 3494 1056 3549; x_wconf 60' lang='lat' dir='ltr'><strong>mgreque</strong></span> <span class='ocrx_word' id='word_1_468' title='bbox 1115 3478 1184 3531; x_wconf 88' lang='lat' dir='ltr'><strong>ad</strong></span> <span class='ocrx_word' id='word_1_469' title='bbox 1247 3492 1437 3545; x_wconf 90' lang='lat' dir='ltr'><strong>genua</strong></span> <span class='ocrx_word' id='word_1_470' title='bbox 1499 3475 1809 3546; x_wconf 89' lang='lat' dir='ltr'><strong>promissis</strong></span> <span class='ocrx_word' id='word_1_471' title='bbox 1868 3491 1997 3529; x_wconf 90' lang='lat' dir='ltr'><strong>sese</strong></span> <span class='ocrx_word' id='word_1_472' title='bbox 2058 3474 2243 3528; x_wconf 88' lang='lat' dir='ltr'><strong>multo</strong></span> 
     </span>
    </p>
   </div>
   <div class='ocr_carea' id='block_1_64' title="bbox 589 3564 2244 3638">
    <p class='ocr_par' dir='ltr' id='par_1_64' title="bbox 589 3564 2244 3638">
     <span class='ocr_line' id='line_1_64' title="bbox 589 3564 2244 3638; baseline -0.004 -15"><span class='ocrx_word' id='word_1_473' title='bbox 589 3570 786 3638; x_wconf 87' lang='lat' dir='ltr'><strong>majus</strong></span> <span class='ocrx_word' id='word_1_474' title='bbox 817 3584 883 3621; x_wconf 89' lang='lat' dir='ltr'><strong>ac</strong></span> <span class='ocrx_word' id='word_1_475' title='bbox 933 3565 1214 3620; x_wconf 85' lang='lat' dir='ltr'><strong>libentius</strong></span> <span class='ocrx_word' id='word_1_476' title='bbox 1255 3569 1551 3620; x_wconf 84' lang='lat' dir='ltr'><strong>ostentare</strong></span> <span class='ocrx_word' id='word_1_477' title='bbox 1582 3564 1845 3618; x_wconf 89' lang='lat' dir='ltr'><strong>vestibus</strong></span> <span class='ocrx_word' id='word_1_478' title='bbox 1879 3580 2054 3633; x_wconf 86' lang='lat' dir='ltr'><strong>quam</strong></span> <span class='ocrx_word' id='word_1_479' title='bbox 2109 3579 2244 3634; x_wconf 91' lang='lat' dir='ltr'><strong>pro-</strong></span> 
     </span>
    </p>
   </div>
   <div class='ocr_carea' id='block_1_65' title="bbox 587 3653 2241 3728">
    <p class='ocr_par' dir='ltr' id='par_1_65' title="bbox 587 3653 2241 3728">
     <span class='ocr_line' id='line_1_65' title="bbox 587 3653 2241 3728; baseline -0.003 -17"><span class='ocrx_word' id='word_1_480' title='bbox 587 3658 730 3728; x_wconf 87' lang='lat' dir='ltr'><strong>priis</strong></span> <span class='ocrx_word' id='word_1_481' title='bbox 773 3673 802 3711; x_wconf 92' lang='lat' dir='ltr'><strong>e</strong></span> <span class='ocrx_word' id='word_1_482' title='bbox 849 3673 956 3710; x_wconf 86' lang='lat' dir='ltr'><strong>suo</strong></span> <span class='ocrx_word' id='word_1_483' title='bbox 1007 3654 1330 3709; x_wconf 88' lang='lat' dir='ltr'><strong>domestico</strong></span> <span class='ocrx_word' id='word_1_484' title='bbox 1385 3654 1772 3724; x_wconf 87' lang='lat' dir='ltr'><strong>depromptis,</strong></span> <span class='ocrx_word' id='word_1_485' title='bbox 1808 3669 2033 3722; x_wconf 91' lang='lat' dir='ltr'><strong>suoque</strong></span> <span class='ocrx_word' id='word_1_486' title='bbox 2080 3653 2241 3707; x_wconf 88' lang='lat' dir='ltr'><strong>vide-</strong></span> 
     </span>
    </p>
   </div>
   <div class='ocr_carea' id='block_1_66' title="bbox 586 3741 2238 3815">
    <p class='ocr_par' dir='ltr' id='par_1_66' title="bbox 586 3741 2238 3815">
     <span class='ocr_line' id='line_1_66' title="bbox 586 3741 2238 3815; baseline -0.004 -14"><span class='ocrx_word' id='word_1_487' title='bbox 586 3747 724 3802; x_wconf 85' lang='lat' dir='ltr'><strong>licet</strong></span> <span class='ocrx_word' id='word_1_488' title='bbox 782 3746 972 3815; x_wconf 91' lang='lat' dir='ltr'><strong>ipsius</strong></span> <span class='ocrx_word' id='word_1_489' title='bbox 1033 3744 1325 3815; x_wconf 85' lang='lat' dir='ltr'><strong>adaptatis</strong></span> <span class='ocrx_word' id='word_1_490' title='bbox 1395 3743 1567 3797; x_wconf 92' lang='lat' dir='ltr'><strong>modo</strong></span> <span class='ocrx_word' id='word_1_491' title='bbox 1629 3742 1906 3813; x_wconf 91' lang='lat' dir='ltr'><strong>corporis.</strong></span> <span class='ocrx_word' id='word_1_492' title='bbox 1968 3742 2062 3796; x_wconf 85' lang='lat' dir='ltr'><strong>Sic</strong></span> <span class='ocrx_word' id='word_1_493' title='bbox 2122 3741 2238 3805; x_wconf 91' lang='lat' dir='ltr'><strong>ille,</strong></span> 
     </span>
    </p>
   </div>
   <div class='ocr_carea' id='block_1_67' title="bbox 587 3832 2240 3907">
    <p class='ocr_par' dir='ltr' id='par_1_67' title="bbox 587 3832 2240 3907">
     <span class='ocr_line' id='line_1_67' title="bbox 587 3832 2240 3907; baseline -0.001 -19"><span class='ocrx_word' id='word_1_494' title='bbox 587 3853 707 3907; x_wconf 91' lang='lat' dir='ltr'><strong>qua</strong></span> <span class='ocrx_word' id='word_1_495' title='bbox 738 3835 890 3891; x_wconf 91' lang='lat'><strong>322</strong></span> <span class='ocrx_word' id='word_1_496' title='bbox 928 3835 1160 3905; x_wconf 86' lang='lat' dir='ltr'><strong>penitus</strong></span> <span class='ocrx_word' id='word_1_497' title='bbox 1192 3838 1347 3888; x_wconf 89' lang='lat' dir='ltr'><strong>esset</strong></span> <span class='ocrx_word' id='word_1_498' title='bbox 1379 3833 1435 3886; x_wconf 92' lang='lat' dir='ltr'><strong>in</strong></span> <span class='ocrx_word' id='word_1_499' title='bbox 1479 3832 1675 3887; x_wconf 90' lang='lat' dir='ltr'><strong>animo</strong></span> <span class='ocrx_word' id='word_1_500' title='bbox 1707 3832 1971 3898; x_wconf 73' lang='lat' dir='ltr'><strong>affectus,</strong></span> <span class='ocrx_word' id='word_1_501' title='bbox 2007 3832 2240 3886; x_wconf 88' lang='lat' dir='ltr'><strong>modes-</strong></span> 
     </span>
    </p>
   </div>
   <div class='ocr_carea' id='block_1_68' title="bbox 586 3919 2238 3994">
    <p class='ocr_par' dir='ltr' id='par_1_68' title="bbox 586 3919 2238 3994">
     <span class='ocr_line' id='line_1_68' title="bbox 586 3919 2238 3994; baseline -0.004 -14"><span class='ocrx_word' id='word_1_502' title='bbox 586 3930 706 3980; x_wconf 88' lang='lat' dir='ltr'><strong>tam</strong></span> <span class='ocrx_word' id='word_1_503' title='bbox 744 3927 1017 3994; x_wconf 79' lang='lat' dir='ltr'><strong>fastuque</strong></span> <span class='ocrx_word' id='word_1_504' title='bbox 1062 3923 1422 3994; x_wconf 88' lang='lat' dir='ltr'><strong>superiorem</strong></span> <span class='ocrx_word' id='word_1_505' title='bbox 1477 3922 1636 3976; x_wconf 91' lang='lat' dir='ltr'><strong>omni</strong></span> <span class='ocrx_word' id='word_1_506' title='bbox 1669 3921 2086 3975; x_wconf 89' lang='lat' dir='ltr'><strong>demissionem</strong></span> <span class='ocrx_word' id='word_1_507' title='bbox 2137 3919 2238 3974; x_wconf 84' lang='lat' dir='ltr'><strong>ba-</strong></span> 
     </span>
    </p>
   </div>
   <div class='ocr_carea' id='block_1_69' title="bbox 586 4010 2238 4084">
    <p class='ocr_par' dir='ltr' id='par_1_69' title="bbox 586 4010 2238 4084">
     <span class='ocr_line' id='line_1_69' title="bbox 586 4010 2238 4084; baseline -0.003 -15"><span class='ocrx_word' id='word_1_508' title='bbox 586 4015 711 4069; x_wconf 91' lang='lat' dir='ltr'><strong>bitu</strong></span> <span class='ocrx_word' id='word_1_509' title='bbox 749 4014 1040 4084; x_wconf 82' lang='lat' dir='ltr'><strong>factisque</strong></span> <span class='ocrx_word' id='word_1_510' title='bbox 1070 4012 1364 4084; x_wconf 86' lang='lat' dir='ltr'><strong>gaudebat</strong></span> <span class='ocrx_word' id='word_1_511' title='bbox 1414 4010 1668 4066; x_wconf 81' lang='lat' dir='ltr'><strong>exterius</strong></span> <span class='ocrx_word' id='word_1_512' title='bbox 1713 4011 1988 4080; x_wconf 89' lang='lat' dir='ltr'><strong>proferre.</strong></span> <span class='ocrx_word' id='word_1_513' title='bbox 2024 4013 2146 4075; x_wconf 91' lang='lat' dir='ltr'><strong>Quo</strong></span> <span class='ocrx_word' id='word_1_514' title='bbox 2181 4011 2238 4064; x_wconf 92' lang='lat' dir='ltr'><strong>in</strong></span> 
     </span>
    </p>
   </div>
   <div class='ocr_carea' id='block_1_70' title="bbox 584 4100 2239 4175">
    <p class='ocr_par' dir='ltr' id='par_1_70' title="bbox 584 4100 2239 4175">
     <span class='ocr_line' id='line_1_70' title="bbox 584 4100 2239 4175; baseline -0.002 -17"><span class='ocrx_word' id='word_1_515' title='bbox 584 4119 797 4175; x_wconf 87' lang='lat' dir='ltr'><strong>genere</strong></span> <span class='ocrx_word' id='word_1_516' title='bbox 828 4109 1061 4175; x_wconf 89' lang='lat' dir='ltr'><strong>tegmen</strong></span> <span class='ocrx_word' id='word_1_517' title='bbox 1093 4118 1328 4173; x_wconf 90' lang='lat' dir='ltr'><strong>quoque</strong></span> <span class='ocrx_word' id='word_1_518' title='bbox 1375 4101 1584 4172; x_wconf 88' lang='lat' dir='ltr'><strong>capitis</strong></span> <span class='ocrx_word' id='word_1_519' title='bbox 1625 4100 1960 4171; x_wconf 88' lang='lat' dir='ltr'><strong>margaritis</strong></span> <span class='ocrx_word' id='word_1_520' title='bbox 1992 4101 2239 4154; x_wconf 88' lang='lat' dir='ltr'><strong>distinc-</strong></span> 
     </span>
    </p>
   </div>
   <div class='ocr_carea' id='block_1_71' title="bbox 585 4192 2239 4264">
    <p class='ocr_par' dir='ltr' id='par_1_71' title="bbox 585 4192 2239 4264">
     <span class='ocr_line' id='line_1_71' title="bbox 585 4192 2239 4264; baseline -0.002 -13"><span class='ocrx_word' id='word_1_521' title='bbox 585 4201 714 4251; x_wconf 90' lang='lat' dir='ltr'><strong>tum</strong></span> <span class='ocrx_word' id='word_1_522' title='bbox 747 4200 802 4251; x_wconf 90' lang='lat' dir='ltr'><strong>et</strong></span> <span class='ocrx_word' id='word_1_523' title='bbox 834 4213 903 4250; x_wconf 87' lang='lat' dir='ltr'><strong>ex</strong></span> <span class='ocrx_word' id='word_1_524' title='bbox 935 4212 1101 4251; x_wconf 91' lang='lat' dir='ltr'><strong>roseo</strong></span> <span class='ocrx_word' id='word_1_525' title='bbox 1132 4194 1443 4250; x_wconf 86' lang='lat' dir='ltr'><strong>candentia</strong></span> <span class='ocrx_word' id='word_1_526' title='bbox 1483 4193 1755 4264; x_wconf 91' lang='lat' dir='ltr'><strong>deposuit</strong></span> <span class='ocrx_word' id='word_1_527' title='bbox 1800 4193 2053 4264; x_wconf 84' lang='lat' dir='ltr'><strong>insignia</strong></span> <span class='ocrx_word' id='word_1_528' title='bbox 2086 4192 2239 4248; x_wconf 92' lang='lat' dir='ltr'><strong>ultro</strong></span> 
     </span>
    </p>
   </div>
   <div class='ocr_carea' id='block_1_72' title="bbox 587 4282 2238 4355">
    <p class='ocr_par' dir='ltr' id='par_1_72' title="bbox 587 4282 2238 4355">
     <span class='ocr_line' id='line_1_72' title="bbox 587 4282 2238 4355; baseline -0.003 -14"><span class='ocrx_word' id='word_1_529' title='bbox 587 4303 655 4341; x_wconf 89' lang='lat' dir='ltr'><strong>ac</strong></span> <span class='ocrx_word' id='word_1_530' title='bbox 687 4286 910 4350; x_wconf 91' lang='lat' dir='ltr'><strong>volens,</strong></span> <span class='ocrx_word' id='word_1_531' title='bbox 947 4289 1010 4340; x_wconf 90' lang='lat' dir='ltr'><strong>ut</strong></span> <span class='ocrx_word' id='word_1_532' title='bbox 1045 4284 1218 4355; x_wconf 90' lang='lat' dir='ltr'><strong>paulo</strong></span> <span class='ocrx_word' id='word_1_533' title='bbox 1265 4288 1396 4352; x_wconf 85' lang='lat' dir='ltr'><strong>post</strong></span> <span class='ocrx_word' id='word_1_534' title='bbox 1440 4283 1683 4351; x_wconf 51' lang='lat' dir='ltr'><strong>dicetur,</strong></span> <span class='ocrx_word' id='word_1_535' title='bbox 1719 4282 2078 4351; x_wconf 73' lang='lat' dir='ltr'><strong>obsequiosaa</strong></span> <span class='ocrx_word' id='word_1_536' title='bbox 2112 4299 2238 4336; x_wconf 91' lang='lat' dir='ltr'><strong>mo-</strong></span> 
     </span>
    </p>
   </div>
   <div class='ocr_carea' id='block_1_73' title="bbox 586 4371 2241 4442">
    <p class='ocr_par' dir='ltr' id='par_1_73' title="bbox 586 4371 2241 4442">
     <span class='ocr_line' id='line_1_73' title="bbox 586 4371 2241 4442; baseline -0.004 -12"><span class='ocrx_word' id='word_1_537' title='bbox 586 4377 787 4430; x_wconf 78' lang='lat' dir='ltr'><strong>destiae</strong></span> <span class='ocrx_word' id='word_1_538' title='bbox 821 4375 1129 4440; x_wconf 87' lang='lat' dir='ltr'><strong>instinctu,</strong></span> <span class='ocrx_word' id='word_1_539' title='bbox 1163 4373 1450 4428; x_wconf 89' lang='lat' dir='ltr'><strong>humilem</strong></span> <span class='ocrx_word' id='word_1_540' title='bbox 1485 4372 1542 4426; x_wconf 93' lang='lat' dir='ltr'><strong>in</strong></span> <span class='ocrx_word' id='word_1_541' title='bbox 1574 4389 1636 4426; x_wconf 90' lang='lat' dir='ltr'><strong>se</strong></span> <span class='ocrx_word' id='word_1_542' title='bbox 1668 4371 1920 4442; x_wconf 90' lang='lat' dir='ltr'><strong>speciem</strong></span> <span class='ocrx_word' id='word_1_543' title='bbox 1964 4373 2241 4426; x_wconf 78' lang='lat' dir='ltr'><strong>affectans</strong></span> 
     </span>
    </p>
   </div>
   <div class='ocr_carea' id='block_1_74' title="bbox 588 4459 2236 4535">
    <p class='ocr_par' dir='ltr' id='par_1_74' title="bbox 588 4459 2236 4535">
     <span class='ocr_line' id='line_1_74' title="bbox 588 4459 2236 4535; baseline -0.002 -17"><span class='ocrx_word' id='word_1_544' title='bbox 588 4469 827 4535; x_wconf 91' lang='lat' dir='ltr'><strong>propter</strong></span> <span class='ocrx_word' id='word_1_545' title='bbox 876 4469 1168 4533; x_wconf 88' lang='lat' dir='ltr'><strong>speratam</strong></span> <span class='ocrx_word' id='word_1_546' title='bbox 1201 4479 1270 4516; x_wconf 86' lang='lat' dir='ltr'><strong>ex</strong></span> <span class='ocrx_word' id='word_1_547' title='bbox 1301 4479 1364 4515; x_wconf 79' lang='lat' dir='ltr'><strong>ea</strong></span> <span class='ocrx_word' id='word_1_548' title='bbox 1417 4460 1790 4515; x_wconf 84' lang='lat' dir='ltr'><strong>securitatem</strong></span> <span class='ocrx_word' id='word_1_549' title='bbox 1840 4465 1896 4515; x_wconf 87' lang='lat' dir='ltr'><strong>et</strong></span> <span class='ocrx_word' id='word_1_550' title='bbox 1951 4459 2236 4514; x_wconf 87' lang='lat' dir='ltr'><strong>malarum</strong></span> 
     </span>
    </p>
   </div>
   <div class='ocr_carea' id='block_1_75' title="bbox 589 4549 1890 4623">
    <p class='ocr_par' dir='ltr' id='par_1_75' title="bbox 589 4549 1890 4623">
     <span class='ocr_line' id='line_1_75' title="bbox 589 4549 1890 4623; baseline -0.005 -14"><span class='ocrx_word' id='word_1_551' title='bbox 589 4555 662 4609; x_wconf 93' lang='lat' dir='ltr'><strong>de</strong></span> <span class='ocrx_word' id='word_1_552' title='bbox 695 4570 755 4608; x_wconf 94' lang='lat' dir='ltr'><strong>se</strong></span> <span class='ocrx_word' id='word_1_553' title='bbox 787 4552 1192 4623; x_wconf 84' lang='lat' dir='ltr'><strong>suspicionum</strong></span> <span class='ocrx_word' id='word_1_554' title='bbox 1227 4550 1600 4605; x_wconf 87' lang='lat' dir='ltr'><strong>abolitionem</strong></span> <span class='ocrx_word' id='word_1_555' title='bbox 1636 4549 1890 4620; x_wconf 88' lang='lat' dir='ltr'><strong>plenam.</strong></span> 
     </span>
    </p>
   </div>
   <div class='ocr_carea' id='block_1_76' title="bbox 673 4711 2143 4783">
    <p class='ocr_par' dir='ltr' id='par_1_76' title="bbox 673 4711 2143 4783">
     <span class='ocr_line' id='line_1_76' title="bbox 673 4711 2143 4783; baseline -0.003 -13"><span class='ocrx_word' id='word_1_556' title='bbox 673 4716 762 4770; x_wconf 92' lang='lat'><strong>30.</strong></span> <span class='ocrx_word' id='word_1_557' title='bbox 797 4713 990 4783; x_wconf 79' lang='lat' dir='ltr'><strong>Magni</strong></span> <span class='ocrx_word' id='word_1_558' title='bbox 1017 4712 1330 4768; x_wconf 76' lang='lat' dir='ltr'><strong>conostauli</strong></span> <span class='ocrx_word' id='word_1_559' title='bbox 1365 4712 1736 4766; x_wconf 61' lang='lat' dir='ltr'><strong>Tarchaniotw</strong></span> <span class='ocrx_word' id='word_1_560' title='bbox 1768 4711 1848 4766; x_wconf 88' lang='lat' dir='ltr'><strong>ad</strong></span> <span class='ocrx_word' id='word_1_561' title='bbox 1874 4713 2143 4767; x_wconf 81' lang='lat' dir='ltr'><strong>Joannem</strong></span> 
     </span>
    </p>
   </div>
   <div class='ocr_carea' id='block_1_77' title="bbox 970 4785 1848 4856">
    <p class='ocr_par' dir='ltr' id='par_1_77' title="bbox 970 4785 1848 4856">
     <span class='ocr_line' id='line_1_77' title="bbox 970 4785 1848 4856; baseline -0.003 -17"><span class='ocrx_word' id='word_1_562' title='bbox 970 4788 1146 4856; x_wconf 73' lang='lat' dir='ltr'><strong>ipsius</strong></span> <span class='ocrx_word' id='word_1_563' title='bbox 1176 4801 1419 4840; x_wconf 73' lang='lat' dir='ltr'><strong>socerum</strong></span> <span class='ocrx_word' id='word_1_564' title='bbox 1453 4785 1848 4854; x_wconf 76' lang='lat' dir='ltr'><strong>transfugium.</strong></span> 
     </span>
    </p>
   </div>
   <div class='ocr_carea' id='block_1_78' title="bbox 657 4909 2235 4981">
    <p class='ocr_par' dir='ltr' id='par_1_78' title="bbox 657 4909 2235 4981">
     <span class='ocr_line' id='line_1_78' title="bbox 657 4909 2235 4981; baseline -0.004 -13"><span class='ocrx_word' id='word_1_565' title='bbox 657 4913 766 4968; x_wconf 91' lang='lat' dir='ltr'><strong>Sed</strong></span> <span class='ocrx_word' id='word_1_566' title='bbox 805 4911 918 4967; x_wconf 89' lang='lat' dir='ltr'><strong>ista</strong></span> <span class='ocrx_word' id='word_1_567' title='bbox 951 4910 1295 4981; x_wconf 89' lang='lat' dir='ltr'><strong>priusquam</strong></span> <span class='ocrx_word' id='word_1_568' title='bbox 1348 4909 1673 4976; x_wconf 84' lang='lat' dir='ltr'><strong>referimus,</strong></span> <span class='ocrx_word' id='word_1_569' title='bbox 1707 4909 1779 4962; x_wconf 93' lang='lat' dir='ltr'><strong>de</strong></span> <span class='ocrx_word' id='word_1_570' title='bbox 1819 4924 2031 4979; x_wconf 89' lang='lat' dir='ltr'><strong>magno</strong></span> <span class='ocrx_word' id='word_1_571' title='bbox 2063 4924 2235 4963; x_wconf 90' lang='lat' dir='ltr'><strong>cono-</strong></span> 
     </span>
    </p>
   </div>
   <div class='ocr_carea' id='block_1_79' title="bbox 589 4997 2236 5068">
    <p class='ocr_par' dir='ltr' id='par_1_79' title="bbox 589 4997 2236 5068">
     <span class='ocr_line' id='line_1_79' title="bbox 589 4997 2236 5068; baseline -0.002 -11"><span class='ocrx_word' id='word_1_572' title='bbox 589 5002 783 5057; x_wconf 91' lang='lat' dir='ltr'><strong>staulo</strong></span> <span class='ocrx_word' id='word_1_573' title='bbox 815 5000 1149 5055; x_wconf 89' lang='lat' dir='ltr'><strong>Andronico</strong></span> <span class='ocrx_word' id='word_1_574' title='bbox 1175 4999 1568 5054; x_wconf 86' lang='lat' dir='ltr'><strong>Tarchaniota</strong></span> <span class='ocrx_word' id='word_1_575' title='bbox 1599 4997 1816 5053; x_wconf 90' lang='lat' dir='ltr'><strong>sororis</strong></span> <span class='ocrx_word' id='word_1_576' title='bbox 1842 4998 2087 5068; x_wconf 82' lang='lat' dir='ltr'><strong>Augusti</strong></span> <span class='ocrx_word' id='word_1_577' title='bbox 2118 4997 2236 5053; x_wconf 85' lang='lat' dir='ltr'><strong>ﬁlio</strong></span> 
     </span>
    </p>
   </div>
   <div class='ocr_carea' id='block_1_80' title="bbox 586 5087 2236 5161">
    <p class='ocr_par' dir='ltr' id='par_1_80' title="bbox 586 5087 2236 5161">
     <span class='ocr_line' id='line_1_80' title="bbox 586 5087 2236 5161; baseline -0.002 -15"><span class='ocrx_word' id='word_1_578' title='bbox 586 5093 838 5147; x_wconf 89' lang='lat' dir='ltr'><strong>dicatur.</strong></span> <span class='ocrx_word' id='word_1_579' title='bbox 866 5091 1030 5146; x_wconf 90' lang='lat' dir='ltr'><strong>Hunc</strong></span> <span class='ocrx_word' id='word_1_580' title='bbox 1055 5088 1228 5161; x_wconf 89' lang='lat' dir='ltr'><strong>paulo</strong></span> <span class='ocrx_word' id='word_1_581' title='bbox 1251 5088 1525 5158; x_wconf 90' lang='lat' dir='ltr'><strong>superius</strong></span> <span class='ocrx_word' id='word_1_582' title='bbox 1556 5087 1929 5142; x_wconf 87' lang='lat' dir='ltr'><strong>narravimus</strong></span> <span class='ocrx_word' id='word_1_583' title='bbox 1955 5102 2236 5156; x_wconf 91' lang='lat' dir='ltr'><strong>generum</strong></span> 
     </span>
    </p>
   </div>
   <div class='ocr_carea' id='block_1_81' title="bbox 580 5176 2234 5248">
    <p class='ocr_par' dir='ltr' id='par_1_81' title="bbox 580 5176 2234 5248">
     <span class='ocr_line' id='line_1_81' title="bbox 580 5176 2234 5248; baseline -0.003 -12"><span class='ocrx_word' id='word_1_584' title='bbox 580 5181 766 5237; x_wconf 86' lang='lat' dir='ltr'><strong>fuisse</strong></span> <span class='ocrx_word' id='word_1_585' title='bbox 800 5181 1021 5235; x_wconf 89' lang='lat' dir='ltr'><strong>factum</strong></span> <span class='ocrx_word' id='word_1_586' title='bbox 1062 5179 1229 5233; x_wconf 90' lang='lat' dir='ltr'><strong>ducis</strong></span> <span class='ocrx_word' id='word_1_587' title='bbox 1260 5178 1521 5244; x_wconf 83' lang='lat' dir='ltr'><strong>Joannis,</strong></span> <span class='ocrx_word' id='word_1_588' title='bbox 1555 5177 1841 5248; x_wconf 87' lang='lat' dir='ltr'><strong>dignitate</strong></span> <span class='ocrx_word' id='word_1_589' title='bbox 1874 5176 2234 5231; x_wconf 88' lang='lat' dir='ltr'><strong>sebastocra-</strong></span> 
     </span>
    </p>
   </div>
   <div class='ocr_carea' id='block_1_82' title="bbox 581 5265 2235 5340">
    <p class='ocr_par' dir='ltr' id='par_1_82' title="bbox 581 5265 2235 5340">
     <span class='ocr_line' id='line_1_82' title="bbox 581 5265 2235 5340; baseline -0.002 -15"><span class='ocrx_word' id='word_1_590' title='bbox 581 5270 727 5325; x_wconf 89' lang='lat' dir='ltr'><strong>toris</strong></span> <span class='ocrx_word' id='word_1_591' title='bbox 763 5287 774 5323; x_wconf 93' lang='lat'>:</span> <span class='ocrx_word' id='word_1_592' title='bbox 811 5286 981 5340; x_wconf 91' lang='lat' dir='ltr'><strong>porro</strong></span> <span class='ocrx_word' id='word_1_593' title='bbox 1014 5268 1200 5323; x_wconf 89' lang='lat' dir='ltr'><strong>eidem</strong></span> <span class='ocrx_word' id='word_1_594' title='bbox 1237 5271 1368 5338; x_wconf 91' lang='lat' dir='ltr'><strong>post</strong></span> <span class='ocrx_word' id='word_1_595' title='bbox 1412 5267 1556 5321; x_wconf 90' lang='lat' dir='ltr'><strong>istas</strong></span> <span class='ocrx_word' id='word_1_596' title='bbox 1589 5265 1824 5336; x_wconf 89' lang='lat' dir='ltr'><strong>nuptias</strong></span> <span class='ocrx_word' id='word_1_597' title='bbox 1855 5266 2075 5320; x_wconf 88' lang='lat' dir='ltr'><strong>credita</strong></span> <span class='ocrx_word' id='word_1_598' title='bbox 2108 5267 2235 5321; x_wconf 91' lang='lat' dir='ltr'><strong>fue-</strong></span> 
     </span>
    </p>
   </div>
   <div class='ocr_carea' id='block_1_83' title="bbox 579 5355 2235 5431">
    <p class='ocr_par' dir='ltr' id='par_1_83' title="bbox 579 5355 2235 5431">
     <span class='ocr_line' id='line_1_83' title="bbox 579 5355 2235 5431; baseline -0.002 -17"><span class='ocrx_word' id='word_1_599' title='bbox 579 5364 671 5415; x_wconf 89' lang='lat' dir='ltr'><strong>rat</strong></span> <span class='ocrx_word' id='word_1_600' title='bbox 703 5358 1054 5431; x_wconf 90' lang='lat' dir='ltr'><strong>gubernatio</strong></span> <span class='ocrx_word' id='word_1_601' title='bbox 1087 5357 1418 5428; x_wconf 79' lang='lat' dir='ltr'><strong>provinciae,</strong></span> <span class='ocrx_word' id='word_1_602' title='bbox 1455 5373 1584 5426; x_wconf 63' lang='lat' dir='ltr'><strong>qua</strong></span> <span class='ocrx_word' id='word_1_603' title='bbox 1636 5359 1841 5426; x_wconf 70' lang='lat' dir='ltr'><strong>praeter</strong></span> <span class='ocrx_word' id='word_1_604' title='bbox 1872 5355 2235 5410; x_wconf 88' lang='lat' dir='ltr'><strong>Orestiadem</strong></span> 
     </span>
    </p>
   </div>
   <div class='ocr_carea' id='block_1_84' title="bbox 576 5443 2231 5519">
    <p class='ocr_par' dir='ltr' id='par_1_84' title="bbox 576 5443 2231 5519">
     <span class='ocr_line' id='line_1_84' title="bbox 576 5443 2231 5519; baseline -0.004 -14"><span class='ocrx_word' id='word_1_605' title='bbox 576 5456 635 5505; x_wconf 91' lang='lat' dir='ltr'><strong>et</strong></span> <span class='ocrx_word' id='word_1_606' title='bbox 685 5450 1018 5519; x_wconf 89' lang='lat' dir='ltr'><strong>adjacentes</strong></span> <span class='ocrx_word' id='word_1_607' title='bbox 1068 5447 1205 5502; x_wconf 86' lang='lat' dir='ltr'><strong>huic</strong></span> <span class='ocrx_word' id='word_1_608' title='bbox 1252 5451 1440 5501; x_wconf 88' lang='lat' dir='ltr'><strong>terras</strong></span> <span class='ocrx_word' id='word_1_609' title='bbox 1491 5446 1670 5500; x_wconf 91' lang='lat' dir='ltr'><strong>atiam</strong></span> <span class='ocrx_word' id='word_1_610' title='bbox 1721 5443 2004 5499; x_wconf 88' lang='lat' dir='ltr'><strong>interiora</strong></span> <span class='ocrx_word' id='word_1_611' title='bbox 2053 5445 2231 5499; x_wconf 72' lang='lat' dir='ltr'><strong>Haemi</strong></span> 
     </span>
    </p>
   </div>
   <div class='ocr_carea' id='block_1_85' title="bbox 576 5534 2234 5609">
    <p class='ocr_par' dir='ltr' id='par_1_85' title="bbox 576 5534 2234 5609">
     <span class='ocr_line' id='line_1_85' title="bbox 576 5534 2234 5609; baseline -0.004 -14"><span class='ocrx_word' id='word_1_612' title='bbox 576 5538 1019 5609; x_wconf 75' lang='lat' dir='ltr'><strong>complectitur;</strong></span> <span class='ocrx_word' id='word_1_613' title='bbox 1057 5553 1173 5608; x_wconf 89' lang='lat' dir='ltr'><strong>qua</strong></span> <span class='ocrx_word' id='word_1_614' title='bbox 1203 5551 1345 5589; x_wconf 86' lang='lat' dir='ltr'><strong>cura</strong></span> <span class='ocrx_word' id='word_1_615' title='bbox 1377 5544 1435 5588; x_wconf 82' lang='lat' dir='ltr'><strong>ut</strong></span> <span class='ocrx_word' id='word_1_616' title='bbox 1467 5534 1838 5589; x_wconf 88' lang='lat' dir='ltr'><strong>commodius</strong></span> <span class='ocrx_word' id='word_1_617' title='bbox 1880 5549 1947 5587; x_wconf 84' lang='lat' dir='ltr'><strong>ex</strong></span> <span class='ocrx_word' id='word_1_618' title='bbox 1996 5535 2234 5604; x_wconf 82' lang='lat' dir='ltr'><strong>propin-</strong></span> 
     </span>
    </p>
   </div>
   <div class='ocr_carea' id='block_1_86' title="bbox 581 5623 2234 5700">
    <p class='ocr_par' dir='ltr' id='par_1_86' title="bbox 581 5623 2234 5700">
     <span class='ocr_line' id='line_1_86' title="bbox 581 5623 2234 5700; baseline -0.002 -17"><span class='ocrx_word' id='word_1_619' title='bbox 581 5645 697 5700; x_wconf 91' lang='lat' dir='ltr'><strong>quo</strong></span> <span class='ocrx_word' id='word_1_620' title='bbox 731 5629 1092 5699; x_wconf 81' lang='lat' dir='ltr'><strong>fungeretur,</strong></span> <span class='ocrx_word' id='word_1_621' title='bbox 1127 5624 1407 5679; x_wconf 90' lang='lat' dir='ltr'><strong>domicilii</strong></span> <span class='ocrx_word' id='word_1_622' title='bbox 1442 5625 1642 5679; x_wconf 90' lang='lat' dir='ltr'><strong>sedem</strong></span> <span class='ocrx_word' id='word_1_623' title='bbox 1682 5623 2056 5694; x_wconf 83' lang='lat' dir='ltr'><strong>Adrianopoli</strong></span> <span class='ocrx_word' id='word_1_624' title='bbox 2092 5626 2234 5679; x_wconf 78' lang='lat' dir='ltr'><strong>fixe-</strong></span> 
     </span>
    </p>
   </div>
   <div class='ocr_carea' id='block_1_87' title="bbox 574 5711 2234 5786">
    <p class='ocr_par' dir='ltr' id='par_1_87' title="bbox 574 5711 2234 5786">
     <span class='ocr_line' id='line_1_87' title="bbox 574 5711 2234 5786; baseline -0.002 -12"><span class='ocrx_word' id='word_1_625' title='bbox 574 5722 685 5786; x_wconf 83' lang='lat' dir='ltr'><strong>rat,</strong></span> <span class='ocrx_word' id='word_1_626' title='bbox 737 5718 838 5774; x_wconf 91' lang='lat' dir='ltr'><strong>ubi</strong></span> <span class='ocrx_word' id='word_1_627' title='bbox 887 5733 1022 5773; x_wconf 91' lang='lat' dir='ltr'><strong>cum</strong></span> <span class='ocrx_word' id='word_1_628' title='bbox 1086 5731 1262 5772; x_wconf 75' lang='lat' dir='ltr'><strong>uxore</strong></span> <span class='ocrx_word' id='word_1_629' title='bbox 1325 5715 1685 5772; x_wconf 86' lang='lat' dir='ltr'><strong>morabatur.</strong></span> <span class='ocrx_word' id='word_1_630' title='bbox 1739 5713 1826 5767; x_wconf 90' lang='lat' dir='ltr'><strong>Ibi</strong></span> <span class='ocrx_word' id='word_1_631' title='bbox 1882 5711 2056 5784; x_wconf 87' lang='lat' dir='ltr'><strong>longo</strong></span> <span class='ocrx_word' id='word_1_632' title='bbox 2108 5716 2234 5785; x_wconf 88' lang='lat' dir='ltr'><strong>jam</strong></span> 
     </span>
    </p>
   </div>
   <div class='ocr_carea' id='block_1_88' title="bbox 2357 3301 4016 3372">
    <p class='ocr_par' dir='ltr' id='par_1_88' title="bbox 2357 3301 4016 3372">
     <span class='ocr_line' id='line_1_88' title="bbox 2357 3301 4016 3372; baseline 0 -18"><span class='ocrx_word' id='word_1_633' title='bbox 2357 3318 2486 3354; x_wconf 90' lang='lat' dir='ltr'><strong>rum</strong></span> <span class='ocrx_word' id='word_1_634' title='bbox 2521 3306 2675 3355; x_wconf 88' lang='lat' dir='ltr'><strong>statu</strong></span> <span class='ocrx_word' id='word_1_635' title='bbox 2709 3306 2836 3355; x_wconf 91' lang='lat' dir='ltr'><strong>tuto</strong></span> <span class='ocrx_word' id='word_1_636' title='bbox 2883 3307 3057 3371; x_wconf 90' lang='lat' dir='ltr'><strong>atque</strong></span> <span class='ocrx_word' id='word_1_637' title='bbox 3105 3301 3346 3372; x_wconf 89' lang='lat' dir='ltr'><strong>impune</strong></span> <span class='ocrx_word' id='word_1_638' title='bbox 3395 3301 3452 3354; x_wconf 92' lang='lat' dir='ltr'><strong>id</strong></span> <span class='ocrx_word' id='word_1_639' title='bbox 3505 3318 3566 3355; x_wconf 93' lang='lat' dir='ltr'><strong>se</strong></span> <span class='ocrx_word' id='word_1_640' title='bbox 3622 3301 3808 3355; x_wconf 90' lang='lat' dir='ltr'><strong>facere</strong></span> <span class='ocrx_word' id='word_1_641' title='bbox 3839 3317 4016 3371; x_wconf 89' lang='lat' dir='ltr'><strong>posse</strong></span> 
     </span>
    </p>
   </div>
   <div class='ocr_carea' id='block_1_89' title="bbox 2354 3389 4015 3460">
    <p class='ocr_par' dir='ltr' id='par_1_89' title="bbox 2354 3389 4015 3460">
     <span class='ocr_line' id='line_1_89' title="bbox 2354 3389 4015 3460; baseline 0.001 -17"><span class='ocrx_word' id='word_1_642' title='bbox 2354 3390 2726 3460; x_wconf 74' lang='lat' dir='ltr'><strong>desparabat,</strong></span> <span class='ocrx_word' id='word_1_643' title='bbox 2761 3406 2875 3460; x_wconf 91' lang='lat' dir='ltr'><strong>quo</strong></span> <span class='ocrx_word' id='word_1_644' title='bbox 2925 3390 2974 3444; x_wconf 92' lang='lat' dir='ltr'><strong>ei</strong></span> <span class='ocrx_word' id='word_1_645' title='bbox 3008 3406 3076 3445; x_wconf 84' lang='lat' dir='ltr'><strong>ex</strong></span> <span class='ocrx_word' id='word_1_646' title='bbox 3106 3391 3399 3444; x_wconf 87' lang='lat' dir='ltr'><strong>sententia</strong></span> <span class='ocrx_word' id='word_1_647' title='bbox 3453 3389 3754 3460; x_wconf 90' lang='lat' dir='ltr'><strong>negotium</strong></span> <span class='ocrx_word' id='word_1_648' title='bbox 3805 3406 4015 3445; x_wconf 91' lang='lat' dir='ltr'><strong>succe-</strong></span> 
     </span>
    </p>
   </div>
   <div class='ocr_carea' id='block_1_90' title="bbox 2353 3478 4009 3551">
    <p class='ocr_par' dir='ltr' id='par_1_90' title="bbox 2353 3478 4009 3551">
     <span class='ocr_line' id='line_1_90' title="bbox 2353 3478 4009 3551; baseline 0.001 -19"><span class='ocrx_word' id='word_1_649' title='bbox 2353 3479 2533 3542; x_wconf 91' lang='lat' dir='ltr'><strong>deret,</strong></span> <span class='ocrx_word' id='word_1_650' title='bbox 2570 3480 2790 3550; x_wconf 88' lang='lat' dir='ltr'><strong>sepiam</strong></span> <span class='ocrx_word' id='word_1_651' title='bbox 2825 3479 3140 3533; x_wconf 62' lang='lat' dir='ltr'><strong>haerentem</strong></span> <span class='ocrx_word' id='word_1_652' title='bbox 3174 3484 3347 3551; x_wconf 61' lang='lat' dir='ltr'><strong>petra</strong></span> <span class='ocrx_word' id='word_1_653' title='bbox 3371 3479 3482 3534; x_wconf 88' lang='lat' dir='ltr'><strong>sibi</strong></span> <span class='ocrx_word' id='word_1_654' title='bbox 3509 3478 3733 3550; x_wconf 88' lang='lat' dir='ltr'><strong>putavit</strong></span> <span class='ocrx_word' id='word_1_655' title='bbox 3762 3479 4009 3533; x_wconf 85' lang='lat' dir='ltr'><strong>imitan-</strong></span> 
     </span>
    </p>
   </div>
   <div class='ocr_carea' id='block_1_91' title="bbox 2352 3568 4010 3640">
    <p class='ocr_par' dir='ltr' id='par_1_91' title="bbox 2352 3568 4010 3640">
     <span class='ocr_line' id='line_1_91' title="bbox 2352 3568 4010 3640; baseline 0.001 -17"><span class='ocrx_word' id='word_1_656' title='bbox 2352 3569 2509 3623; x_wconf 84' lang='lat' dir='ltr'><strong>dam.</strong></span> <span class='ocrx_word' id='word_1_657' title='bbox 2539 3569 2619 3624; x_wconf 91' lang='lat' dir='ltr'><strong>De</strong></span> <span class='ocrx_word' id='word_1_658' title='bbox 2650 3569 2830 3640; x_wconf 87' lang='lat' dir='ltr'><strong>hujus</strong></span> <span class='ocrx_word' id='word_1_659' title='bbox 2853 3568 3136 3639; x_wconf 74' lang='lat' dir='ltr'><strong>aquaticae</strong></span> <span class='ocrx_word' id='word_1_660' title='bbox 3165 3569 3484 3623; x_wconf 82' lang='lat' dir='ltr'><strong>animantis</strong></span> <span class='ocrx_word' id='word_1_661' title='bbox 3517 3574 3728 3624; x_wconf 83' lang='lat' dir='ltr'><strong>natura</strong></span> <span class='ocrx_word' id='word_1_662' title='bbox 3759 3569 4010 3624; x_wconf 83' lang='lat' dir='ltr'><strong>breviter</strong></span> 
     </span>
    </p>
   </div>
   <div class='ocr_carea' id='block_1_92' title="bbox 2353 3657 4007 3728">
    <p class='ocr_par' dir='ltr' id='par_1_92' title="bbox 2353 3657 4007 3728">
     <span class='ocr_line' id='line_1_92' title="bbox 2353 3657 4007 3728; baseline -0.001 -15"><span class='ocrx_word' id='word_1_663' title='bbox 2353 3660 2544 3713; x_wconf 89' lang='lat' dir='ltr'><strong>dicere</strong></span> <span class='ocrx_word' id='word_1_664' title='bbox 2577 3676 2688 3713; x_wconf 93' lang='lat' dir='ltr'><strong>non</strong></span> <span class='ocrx_word' id='word_1_665' title='bbox 2723 3659 2945 3723; x_wconf 89' lang='lat' dir='ltr'><strong>omitto,</strong></span> <span class='ocrx_word' id='word_1_666' title='bbox 2978 3659 3130 3728; x_wconf 88' lang='lat' dir='ltr'><strong>quod</strong></span> <span class='ocrx_word' id='word_1_667' title='bbox 3175 3658 3276 3727; x_wconf 91' lang='lat' dir='ltr'><strong>qui</strong></span> <span class='ocrx_word' id='word_1_668' title='bbox 3321 3659 3706 3712; x_wconf 88' lang='lat' dir='ltr'><strong>observarunt</strong></span> <span class='ocrx_word' id='word_1_669' title='bbox 3752 3657 4007 3728; x_wconf 83' lang='lat' dir='ltr'><strong>diligen-</strong></span> 
     </span>
    </p>
   </div>
   <div class='ocr_carea' id='block_1_93' title="bbox 2351 3747 4007 3817">
    <p class='ocr_par' dir='ltr' id='par_1_93' title="bbox 2351 3747 4007 3817">
     <span class='ocr_line' id='line_1_93' title="bbox 2351 3747 4007 3817; baseline -0.001 -15"><span class='ocrx_word' id='word_1_670' title='bbox 2351 3749 2493 3815; x_wconf 87' lang='lat' dir='ltr'><strong>tius,</strong></span> <span class='ocrx_word' id='word_1_671' title='bbox 2523 3749 2758 3802; x_wconf 89' lang='lat' dir='ltr'><strong>tradunt</strong></span> <span class='ocrx_word' id='word_1_672' title='bbox 2788 3765 2900 3802; x_wconf 92' lang='lat' dir='ltr'><strong>non</strong></span> <span class='ocrx_word' id='word_1_673' title='bbox 2931 3763 3059 3802; x_wconf 85' lang='lat' dir='ltr'><strong>esse</strong></span> <span class='ocrx_word' id='word_1_674' title='bbox 3087 3747 3165 3801; x_wconf 92' lang='lat' dir='ltr'><strong>illi</strong></span> <span class='ocrx_word' id='word_1_675' title='bbox 3192 3752 3590 3802; x_wconf 89' lang='lat' dir='ltr'><strong>atramentum</strong></span> <span class='ocrx_word' id='word_1_676' title='bbox 3615 3749 3670 3802; x_wconf 90' lang='lat' dir='ltr'><strong>in</strong></span> <span class='ocrx_word' id='word_1_677' title='bbox 3699 3753 4007 3817; x_wconf 85' lang='lat' dir='ltr'><strong>potestate,</strong></span> 
     </span>
    </p>
   </div>
   <div class='ocr_carea' id='block_1_94' title="bbox 2352 3835 4006 3908">
    <p class='ocr_par' dir='ltr' id='par_1_94' title="bbox 2352 3835 4006 3908">
     <span class='ocr_line' id='line_1_94' title="bbox 2352 3835 4006 3908; baseline -0.001 -16"><span class='ocrx_word' id='word_1_678' title='bbox 2352 3839 2523 3908; x_wconf 89' lang='lat' dir='ltr'><strong>quasi</strong></span> <span class='ocrx_word' id='word_1_679' title='bbox 2558 3839 2612 3892; x_wconf 92' lang='lat' dir='ltr'><strong>id</strong></span> <span class='ocrx_word' id='word_1_680' title='bbox 2647 3842 2852 3908; x_wconf 88' lang='lat' dir='ltr'><strong>sponte</strong></span> <span class='ocrx_word' id='word_1_681' title='bbox 2885 3853 3018 3891; x_wconf 91' lang='lat' dir='ltr'><strong>cum</strong></span> <span class='ocrx_word' id='word_1_682' title='bbox 3043 3835 3166 3891; x_wconf 89' lang='lat' dir='ltr'><strong>vult</strong></span> <span class='ocrx_word' id='word_1_683' title='bbox 3190 3842 3438 3905; x_wconf 84' lang='lat' dir='ltr'><strong>evomat,</strong></span> <span class='ocrx_word' id='word_1_684' title='bbox 3473 3838 3572 3892; x_wconf 88' lang='lat' dir='ltr'><strong>sed</strong></span> <span class='ocrx_word' id='word_1_685' title='bbox 3598 3841 3788 3892; x_wconf 86' lang='lat' dir='ltr'><strong>atrum</strong></span> <span class='ocrx_word' id='word_1_686' title='bbox 3822 3837 4006 3891; x_wconf 89' lang='lat' dir='ltr'><strong>istum</strong></span> 
     </span>
    </p>
   </div>
   <div class='ocr_carea' id='block_1_95' title="bbox 2351 3926 4005 3998">
    <p class='ocr_par' dir='ltr' id='par_1_95' title="bbox 2351 3926 4005 3998">
     <span class='ocr_line' id='line_1_95' title="bbox 2351 3926 4005 3998; baseline -0.001 -17"><span class='ocrx_word' id='word_1_687' title='bbox 2351 3928 2637 3998; x_wconf 88' lang='lat' dir='ltr'><strong>liquorem</strong></span> <span class='ocrx_word' id='word_1_688' title='bbox 2673 3927 2853 3997; x_wconf 91' lang='lat' dir='ltr'><strong>piscis</strong></span> <span class='ocrx_word' id='word_1_689' title='bbox 2876 3926 3058 3996; x_wconf 85' lang='lat' dir='ltr'><strong>hujus</strong></span> <span class='ocrx_word' id='word_1_690' title='bbox 3078 3926 3405 3981; x_wconf 91' lang='lat' dir='ltr'><strong>visceribus</strong></span> <span class='ocrx_word' id='word_1_691' title='bbox 3435 3933 3782 3998; x_wconf 86' lang='lat' dir='ltr'><strong>conceptum</strong></span> <span class='ocrx_word' id='word_1_692' title='bbox 3808 3942 4005 3980; x_wconf 85' lang='lat' dir='ltr'><strong>excre-</strong></span> 
     </span>
    </p>
   </div>
   <div class='ocr_carea' id='block_1_96' title="bbox 2351 4015 4004 4087">
    <p class='ocr_par' dir='ltr' id='par_1_96' title="bbox 2351 4015 4004 4087">
     <span class='ocr_line' id='line_1_96' title="bbox 2351 4015 4004 4087; baseline -0.002 -14"><span class='ocrx_word' id='word_1_693' title='bbox 2351 4022 2617 4073; x_wconf 90' lang='lat' dir='ltr'><strong>mentum</strong></span> <span class='ocrx_word' id='word_1_694' title='bbox 2670 4015 2780 4087; x_wconf 90' lang='lat' dir='ltr'><strong>ipsi</strong></span> <span class='ocrx_word' id='word_1_695' title='bbox 2815 4017 2968 4070; x_wconf 90' lang='lat'><strong>323</strong></span> <span class='ocrx_word' id='word_1_696' title='bbox 3002 4031 3151 4082; x_wconf 88' lang='lat' dir='ltr'><strong>esse,</strong></span> <span class='ocrx_word' id='word_1_697' title='bbox 3189 4017 3344 4086; x_wconf 92' lang='lat' dir='ltr'><strong>quod</strong></span> <span class='ocrx_word' id='word_1_698' title='bbox 3377 4033 3446 4070; x_wconf 81' lang='lat' dir='ltr'><strong>ex</strong></span> <span class='ocrx_word' id='word_1_699' title='bbox 3477 4017 3792 4071; x_wconf 89' lang='lat' dir='ltr'><strong>contractis</strong></span> <span class='ocrx_word' id='word_1_700' title='bbox 3839 4021 4004 4070; x_wconf 86' lang='lat' dir='ltr'><strong>metu</strong></span> 
     </span>
    </p>
   </div>
   <div class='ocr_carea' id='block_1_97' title="bbox 2353 4104 4009 4163">
    <p class='ocr_par' dir='ltr' id='par_1_97' title="bbox 2353 4104 4009 4163">
     <span class='ocr_line' id='line_1_97' title="bbox 2353 4104 4009 4163; baseline -0.003 -1"><span class='ocrx_word' id='word_1_701' title='bbox 2353 4109 2570 4163; x_wconf 82' lang='lat' dir='ltr'><strong>infirmi</strong></span> <span class='ocrx_word' id='word_1_702' title='bbox 2603 4112 2656 4160; x_wconf 92' lang='lat' dir='ltr'><strong>et</strong></span> <span class='ocrx_word' id='word_1_703' title='bbox 2693 4104 3053 4160; x_wconf 89' lang='lat' dir='ltr'><strong>formidolosi</strong></span> <span class='ocrx_word' id='word_1_704' title='bbox 3098 4104 3438 4159; x_wconf 89' lang='lat' dir='ltr'><strong>animalculi</strong></span> <span class='ocrx_word' id='word_1_705' title='bbox 3486 4105 3769 4159; x_wconf 90' lang='lat' dir='ltr'><strong>membris</strong></span> <span class='ocrx_word' id='word_1_706' title='bbox 3801 4121 4009 4158; x_wconf 85' lang='lat' dir='ltr'><strong>neces-</strong></span> 
     </span>
    </p>
   </div>
   <div class='ocr_carea' id='block_1_98' title="bbox 2349 4194 4007 4265">
    <p class='ocr_par' dir='ltr' id='par_1_98' title="bbox 2349 4194 4007 4265">
     <span class='ocr_line' id='line_1_98' title="bbox 2349 4194 4007 4265; baseline -0.002 -14"><span class='ocrx_word' id='word_1_707' title='bbox 2349 4197 2504 4252; x_wconf 89' lang='lat' dir='ltr'><strong>sario</strong></span> <span class='ocrx_word' id='word_1_708' title='bbox 2537 4195 2888 4250; x_wconf 80' lang='lat' dir='ltr'><strong>effundatur.</strong></span> <span class='ocrx_word' id='word_1_709' title='bbox 2923 4194 3162 4249; x_wconf 67' lang='lat' dir='ltr'><strong>Astutia</strong></span> <span class='ocrx_word' id='word_1_710' title='bbox 3194 4210 3363 4265; x_wconf 89' lang='lat' dir='ltr'><strong>porro</strong></span> <span class='ocrx_word' id='word_1_711' title='bbox 3396 4195 3563 4264; x_wconf 90' lang='lat' dir='ltr'><strong>quasi</strong></span> <span class='ocrx_word' id='word_1_712' title='bbox 3599 4195 3834 4248; x_wconf 88' lang='lat' dir='ltr'><strong>cuidam</strong></span> <span class='ocrx_word' id='word_1_713' title='bbox 3871 4195 4007 4263; x_wconf 88' lang='lat' dir='ltr'><strong>ejus</strong></span> 
     </span>
    </p>
   </div>
   <div class='ocr_carea' id='block_1_99' title="bbox 2349 4283 4011 4355">
    <p class='ocr_par' dir='ltr' id='par_1_99' title="bbox 2349 4283 4011 4355">
     <span class='ocr_line' id='line_1_99' title="bbox 2349 4283 4011 4355; baseline -0.001 -15"><span class='ocrx_word' id='word_1_714' title='bbox 2349 4285 2652 4352; x_wconf 88' lang='lat' dir='ltr'><strong>tribuitur,</strong></span> <span class='ocrx_word' id='word_1_715' title='bbox 2689 4286 2840 4355; x_wconf 91' lang='lat' dir='ltr'><strong>quod</strong></span> <span class='ocrx_word' id='word_1_716' title='bbox 2875 4284 3065 4355; x_wconf 89' lang='lat' dir='ltr'><strong>ipsam</strong></span> <span class='ocrx_word' id='word_1_717' title='bbox 3118 4284 3528 4339; x_wconf 85' lang='lat' dir='ltr'><strong>necessitatem</strong></span> <span class='ocrx_word' id='word_1_718' title='bbox 3581 4283 3742 4338; x_wconf 88' lang='lat' dir='ltr'><strong>velut</strong></span> <span class='ocrx_word' id='word_1_719' title='bbox 3769 4287 4011 4338; x_wconf 89' lang='lat' dir='ltr'><strong>vertens</strong></span> 
     </span>
    </p>
   </div>
   <div class='ocr_carea' id='block_1_100' title="bbox 2349 4370 4006 4444">
    <p class='ocr_par' dir='ltr' id='par_1_100' title="bbox 2349 4370 4006 4444">
     <span class='ocr_line' id='line_1_100' title="bbox 2349 4370 4006 4444; baseline -0.003 -14"><span class='ocrx_word' id='word_1_720' title='bbox 2349 4376 2406 4430; x_wconf 89' lang='lat' dir='ltr'><strong>in</strong></span> <span class='ocrx_word' id='word_1_721' title='bbox 2439 4374 2776 4441; x_wconf 92' lang='lat' dir='ltr'><strong>consilium,</strong></span> <span class='ocrx_word' id='word_1_722' title='bbox 2811 4375 2924 4428; x_wconf 88' lang='lat' dir='ltr'><strong>ista</strong></span> <span class='ocrx_word' id='word_1_723' title='bbox 2964 4374 3289 4428; x_wconf 74' lang='lat' dir='ltr'><strong>suffusione</strong></span> <span class='ocrx_word' id='word_1_724' title='bbox 3322 4372 3569 4444; x_wconf 90' lang='lat' dir='ltr'><strong>liquoris</strong></span> <span class='ocrx_word' id='word_1_725' title='bbox 3602 4374 3709 4426; x_wconf 88' lang='lat' dir='ltr'><strong>atri</strong></span> <span class='ocrx_word' id='word_1_726' title='bbox 3745 4370 4006 4426; x_wconf 85' lang='lat' dir='ltr'><strong>salutem</strong></span> 
     </span>
    </p>
   </div>
   <div class='ocr_carea' id='block_1_101' title="bbox 2351 4461 4010 4536">
    <p class='ocr_par' dir='ltr' id='par_1_101' title="bbox 2351 4461 4010 4536">
     <span class='ocr_line' id='line_1_101' title="bbox 2351 4461 4010 4536; baseline -0.002 -18"><span class='ocrx_word' id='word_1_727' title='bbox 2351 4466 2699 4536; x_wconf 90' lang='lat' dir='ltr'><strong>plerumque</strong></span> <span class='ocrx_word' id='word_1_728' title='bbox 2729 4462 2839 4518; x_wconf 92' lang='lat' dir='ltr'><strong>sibi</strong></span> <span class='ocrx_word' id='word_1_729' title='bbox 2873 4462 3125 4532; x_wconf 86' lang='lat' dir='ltr'><strong>conficit,</strong></span> <span class='ocrx_word' id='word_1_730' title='bbox 3156 4478 3367 4516; x_wconf 90' lang='lat' dir='ltr'><strong>manus</strong></span> <span class='ocrx_word' id='word_1_731' title='bbox 3398 4462 3482 4516; x_wconf 92' lang='lat' dir='ltr'><strong>sic</strong></span> <span class='ocrx_word' id='word_1_732' title='bbox 3514 4461 3797 4532; x_wconf 84' lang='lat' dir='ltr'><strong>effugiens</strong></span> <span class='ocrx_word' id='word_1_733' title='bbox 3829 4477 4010 4530; x_wconf 88' lang='lat' dir='ltr'><strong>pren-</strong></span> 
     </span>
    </p>
   </div>
   <div class='ocr_carea' id='block_1_102' title="bbox 2352 4549 4010 4622">
    <p class='ocr_par' dir='ltr' id='par_1_102' title="bbox 2352 4549 4010 4622">
     <span class='ocr_line' id='line_1_102' title="bbox 2352 4549 4010 4622; baseline -0.003 -13"><span class='ocrx_word' id='word_1_734' title='bbox 2352 4554 2632 4610; x_wconf 90' lang='lat' dir='ltr'><strong>santium.</strong></span> <span class='ocrx_word' id='word_1_735' title='bbox 2686 4553 2830 4607; x_wconf 87' lang='lat' dir='ltr'><strong>Cum</strong></span> <span class='ocrx_word' id='word_1_736' title='bbox 2884 4552 3039 4606; x_wconf 90' lang='lat' dir='ltr'><strong>enim</strong></span> <span class='ocrx_word' id='word_1_737' title='bbox 3105 4552 3456 4622; x_wconf 88' lang='lat' dir='ltr'><strong>piscatorem</strong></span> <span class='ocrx_word' id='word_1_738' title='bbox 3515 4550 3826 4605; x_wconf 89' lang='lat' dir='ltr'><strong>imminere</strong></span> <span class='ocrx_word' id='word_1_739' title='bbox 3888 4549 4010 4604; x_wconf 89' lang='lat' dir='ltr'><strong>sibi</strong></span> 
     </span>
    </p>
   </div>
   <div class='ocr_carea' id='block_1_103' title="bbox 2356 4641 4009 4715">
    <p class='ocr_par' dir='ltr' id='par_1_103' title="bbox 2356 4641 4009 4715">
     <span class='ocr_line' id='line_1_103' title="bbox 2356 4641 4009 4715; baseline -0.004 -16"><span class='ocrx_word' id='word_1_740' title='bbox 2356 4647 2680 4715; x_wconf 79' lang='lat' dir='ltr'><strong>captantem</strong></span> <span class='ocrx_word' id='word_1_741' title='bbox 2735 4641 2933 4708; x_wconf 90' lang='lat' dir='ltr'><strong>sentit,</strong></span> <span class='ocrx_word' id='word_1_742' title='bbox 2965 4641 3179 4696; x_wconf 91' lang='lat' dir='ltr'><strong>evomit</strong></span> <span class='ocrx_word' id='word_1_743' title='bbox 3228 4645 3645 4706; x_wconf 89' lang='lat' dir='ltr'><strong>atramentum,</strong></span> <span class='ocrx_word' id='word_1_744' title='bbox 3678 4643 3736 4693; x_wconf 90' lang='lat' dir='ltr'><strong>et</strong></span> <span class='ocrx_word' id='word_1_745' title='bbox 3786 4655 4009 4708; x_wconf 87' lang='lat' dir='ltr'><strong>aquam</strong></span> 
     </span>
    </p>
   </div>
   <div class='ocr_carea' id='block_1_104' title="bbox 2346 4728 4004 4803">
    <p class='ocr_par' dir='ltr' id='par_1_104' title="bbox 2346 4728 4004 4803">
     <span class='ocr_line' id='line_1_104' title="bbox 2346 4728 4004 4803; baseline -0.003 -16"><span class='ocrx_word' id='word_1_746' title='bbox 2346 4733 2404 4788; x_wconf 92' lang='lat' dir='ltr'><strong>in</strong></span> <span class='ocrx_word' id='word_1_747' title='bbox 2440 4750 2556 4803; x_wconf 88' lang='lat' dir='ltr'><strong>qua</strong></span> <span class='ocrx_word' id='word_1_748' title='bbox 2587 4737 2694 4797; x_wconf 90' lang='lat' dir='ltr'><strong>est,</strong></span> <span class='ocrx_word' id='word_1_749' title='bbox 2731 4732 2895 4801; x_wconf 89' lang='lat' dir='ltr'><strong>prius</strong></span> <span class='ocrx_word' id='word_1_750' title='bbox 2928 4729 3302 4800; x_wconf 87' lang='lat' dir='ltr'><strong>pellucidam,</strong></span> <span class='ocrx_word' id='word_1_751' title='bbox 3333 4729 3533 4784; x_wconf 88' lang='lat' dir='ltr'><strong>turbat</strong></span> <span class='ocrx_word' id='word_1_752' title='bbox 3561 4728 3950 4796; x_wconf 90' lang='lat' dir='ltr'><strong>obfuscatque</strong></span> <span class='ocrx_word' id='word_1_753' title='bbox 3989 4743 4004 4782; x_wconf 88' lang='lat'><strong>:</strong></span> 
     </span>
    </p>
   </div>
   <div class='ocr_carea' id='block_1_105' title="bbox 2349 4815 4010 4893">
    <p class='ocr_par' dir='ltr' id='par_1_105' title="bbox 2349 4815 4010 4893">
     <span class='ocr_line' id='line_1_105' title="bbox 2349 4815 4010 4893; baseline -0.004 -16"><span class='ocrx_word' id='word_1_754' title='bbox 2349 4827 2523 4893; x_wconf 90' lang='lat' dir='ltr'><strong>atque</strong></span> <span class='ocrx_word' id='word_1_755' title='bbox 2571 4820 2630 4874; x_wconf 92' lang='lat' dir='ltr'><strong>in</strong></span> <span class='ocrx_word' id='word_1_756' title='bbox 2682 4819 2800 4874; x_wconf 90' lang='lat' dir='ltr'><strong>illis</strong></span> <span class='ocrx_word' id='word_1_757' title='bbox 2851 4818 3112 4873; x_wconf 90' lang='lat' dir='ltr'><strong>tenebris</strong></span> <span class='ocrx_word' id='word_1_758' title='bbox 3163 4817 3358 4888; x_wconf 77' lang='lat' dir='ltr'><strong>effugii</strong></span> <span class='ocrx_word' id='word_1_759' title='bbox 3410 4818 3557 4871; x_wconf 84' lang='lat' dir='ltr'><strong>viam</strong></span> <span class='ocrx_word' id='word_1_760' title='bbox 3610 4816 3853 4871; x_wconf 89' lang='lat' dir='ltr'><strong>invenit.</strong></span> <span class='ocrx_word' id='word_1_761' title='bbox 3908 4815 4010 4870; x_wconf 87' lang='lat' dir='ltr'><strong>Sic</strong></span> 
     </span>
    </p>
   </div>
   <div class='ocr_carea' id='block_1_106' title="bbox 2347 4904 4007 4976">
    <p class='ocr_par' dir='ltr' id='par_1_106' title="bbox 2347 4904 4007 4976">
     <span class='ocr_line' id='line_1_106' title="bbox 2347 4904 4007 4976; baseline -0.003 -12"><span class='ocrx_word' id='word_1_762' title='bbox 2347 4910 2719 4965; x_wconf 80' lang='lat' dir='ltr'><strong>Andronicus</strong></span> <span class='ocrx_word' id='word_1_763' title='bbox 2751 4907 3164 4973; x_wconf 87' lang='lat' dir='ltr'><strong>Tarchaniota,</strong></span> <span class='ocrx_word' id='word_1_764' title='bbox 3198 4912 3264 4961; x_wconf 91' lang='lat' dir='ltr'><strong>ut</strong></span> <span class='ocrx_word' id='word_1_765' title='bbox 3308 4923 3512 4962; x_wconf 91' lang='lat' dir='ltr'><strong>secure</strong></span> <span class='ocrx_word' id='word_1_766' title='bbox 3543 4922 3609 4960; x_wconf 90' lang='lat' dir='ltr'><strong>ac</strong></span> <span class='ocrx_word' id='word_1_767' title='bbox 3641 4905 3768 4961; x_wconf 89' lang='lat' dir='ltr'><strong>sine</strong></span> <span class='ocrx_word' id='word_1_768' title='bbox 3809 4904 4007 4976; x_wconf 85' lang='lat' dir='ltr'><strong>impe-</strong></span> 
     </span>
    </p>
   </div>
   <div class='ocr_carea' id='block_1_107' title="bbox 2348 4993 4012 5067">
    <p class='ocr_par' dir='ltr' id='par_1_107' title="bbox 2348 4993 4012 5067">
     <span class='ocr_line' id='line_1_107' title="bbox 2348 4993 4012 5067; baseline -0.004 -13"><span class='ocrx_word' id='word_1_769' title='bbox 2348 5001 2610 5054; x_wconf 91' lang='lat' dir='ltr'><strong>dimento</strong></span> <span class='ocrx_word' id='word_1_770' title='bbox 2666 4997 3053 5053; x_wconf 86' lang='lat' dir='ltr'><strong>deliberatum</strong></span> <span class='ocrx_word' id='word_1_771' title='bbox 3106 5002 3528 5067; x_wconf 83' lang='lat' dir='ltr'><strong>exsequeretur</strong></span> <span class='ocrx_word' id='word_1_772' title='bbox 3575 4993 4012 5066; x_wconf 86' lang='lat' dir='ltr'><strong>transfugium,</strong></span> 
     </span>
    </p>
   </div>
   <div class='ocr_carea' id='block_1_108' title="bbox 2348 5083 4015 5158">
    <p class='ocr_par' dir='ltr' id='par_1_108' title="bbox 2348 5083 4015 5158">
     <span class='ocr_line' id='line_1_108' title="bbox 2348 5083 4015 5158; baseline -0.003 -15"><span class='ocrx_word' id='word_1_773' title='bbox 2348 5089 2585 5144; x_wconf 90' lang='lat' dir='ltr'><strong>turbare</strong></span> <span class='ocrx_word' id='word_1_774' title='bbox 2627 5087 2790 5158; x_wconf 92' lang='lat' dir='ltr'><strong>prius</strong></span> <span class='ocrx_word' id='word_1_775' title='bbox 2822 5103 2887 5141; x_wconf 90' lang='lat' dir='ltr'><strong>ac</strong></span> <span class='ocrx_word' id='word_1_776' title='bbox 2920 5086 3163 5141; x_wconf 89' lang='lat' dir='ltr'><strong>miscere</strong></span> <span class='ocrx_word' id='word_1_777' title='bbox 3208 5085 3406 5140; x_wconf 88' lang='lat' dir='ltr'><strong>omnia</strong></span> <span class='ocrx_word' id='word_1_778' title='bbox 3437 5083 3765 5152; x_wconf 88' lang='lat' dir='ltr'><strong>constituit,</strong></span> <span class='ocrx_word' id='word_1_779' title='bbox 3799 5083 4015 5138; x_wconf 88' lang='lat' dir='ltr'><strong>accitis</strong></span> 
     </span>
    </p>
   </div>
   <div class='ocr_carea' id='block_1_109' title="bbox 2349 5173 4015 5246">
    <p class='ocr_par' dir='ltr' id='par_1_109' title="bbox 2349 5173 4015 5246">
     <span class='ocr_line' id='line_1_109' title="bbox 2349 5173 4015 5246; baseline -0.004 -13"><span class='ocrx_word' id='word_1_780' title='bbox 2349 5180 2406 5233; x_wconf 91' lang='lat' dir='ltr'><strong>in</strong></span> <span class='ocrx_word' id='word_1_781' title='bbox 2441 5179 2734 5232; x_wconf 80' lang='lat' dir='ltr'><strong>Romanas</strong></span> <span class='ocrx_word' id='word_1_782' title='bbox 2765 5181 2950 5230; x_wconf 89' lang='lat' dir='ltr'><strong>terras</strong></span> <span class='ocrx_word' id='word_1_783' title='bbox 2981 5175 3281 5242; x_wconf 89' lang='lat' dir='ltr'><strong>Tocharis,</strong></span> <span class='ocrx_word' id='word_1_784' title='bbox 3317 5173 3415 5246; x_wconf 90' lang='lat' dir='ltr'><strong>qui</strong></span> <span class='ocrx_word' id='word_1_785' title='bbox 3465 5175 3666 5228; x_wconf 89' lang='lat' dir='ltr'><strong>statim</strong></span> <span class='ocrx_word' id='word_1_786' title='bbox 3700 5173 3770 5227; x_wconf 88' lang='lat' dir='ltr'><strong>ad</strong></span> <span class='ocrx_word' id='word_1_787' title='bbox 3807 5177 4015 5227; x_wconf 82' lang='lat' dir='ltr'><strong>osten-</strong></span> 
     </span>
    </p>
   </div>
   <div class='ocr_carea' id='block_1_110' title="bbox 2349 5262 4014 5335">
    <p class='ocr_par' dir='ltr' id='par_1_110' title="bbox 2349 5262 4014 5335">
     <span class='ocr_line' id='line_1_110' title="bbox 2349 5262 4014 5335; baseline -0.004 -12"><span class='ocrx_word' id='word_1_788' title='bbox 2349 5285 2473 5323; x_wconf 88' lang='lat' dir='ltr'><strong>sam</strong></span> <span class='ocrx_word' id='word_1_789' title='bbox 2521 5271 2894 5321; x_wconf 87' lang='lat' dir='ltr'><strong>accurrentes</strong></span> <span class='ocrx_word' id='word_1_790' title='bbox 2946 5265 3224 5335; x_wconf 65' lang='lat' dir='ltr'><strong>praedam,</strong></span> <span class='ocrx_word' id='word_1_791' title='bbox 3277 5280 3490 5335; x_wconf 78' lang='lat' dir='ltr'><strong>magno</strong></span> <span class='ocrx_word' id='word_1_792' title='bbox 3542 5279 3786 5318; x_wconf 90' lang='lat' dir='ltr'><strong>numero</strong></span> <span class='ocrx_word' id='word_1_793' title='bbox 3847 5262 4014 5317; x_wconf 82' lang='lat' dir='ltr'><strong>intra</strong></span> 
     </span>
    </p>
   </div>
   <div class='ocr_carea' id='block_1_111' title="bbox 2349 5350 4011 5426">
    <p class='ocr_par' dir='ltr' id='par_1_111' title="bbox 2349 5350 4011 5426">
     <span class='ocr_line' id='line_1_111' title="bbox 2349 5350 4011 5426; baseline -0.001 -16"><span class='ocrx_word' id='word_1_794' title='bbox 2349 5358 2496 5411; x_wconf 84' lang='lat' dir='ltr'><strong>ﬁnes</strong></span> <span class='ocrx_word' id='word_1_795' title='bbox 2531 5355 2762 5426; x_wconf 88' lang='lat' dir='ltr'><strong>imperii</strong></span> <span class='ocrx_word' id='word_1_796' title='bbox 2811 5361 2949 5409; x_wconf 84' lang='lat' dir='ltr'><strong>sunt</strong></span> <span class='ocrx_word' id='word_1_797' title='bbox 2979 5354 3111 5408; x_wconf 85' lang='lat' dir='ltr'><strong>visi.</strong></span> <span class='ocrx_word' id='word_1_798' title='bbox 3148 5355 3442 5418; x_wconf 88' lang='lat' dir='ltr'><strong>Quantum</strong></span> <span class='ocrx_word' id='word_1_799' title='bbox 3474 5356 3670 5408; x_wconf 88' lang='lat' dir='ltr'><strong>autem</strong></span> <span class='ocrx_word' id='word_1_800' title='bbox 3723 5350 3805 5405; x_wconf 91' lang='lat' dir='ltr'><strong>illi</strong></span> <span class='ocrx_word' id='word_1_801' title='bbox 3859 5356 4011 5408; x_wconf 90' lang='lat' dir='ltr'><strong>tunc</strong></span> 
     </span>
    </p>
   </div>
   <div class='ocr_carea' id='block_1_112' title="bbox 2349 5440 4008 5516">
    <p class='ocr_par' dir='ltr' id='par_1_112' title="bbox 2349 5440 4008 5516">
     <span class='ocr_line' id='line_1_112' title="bbox 2349 5440 4008 5516; baseline -0.004 -13"><span class='ocrx_word' id='word_1_802' title='bbox 2349 5448 2552 5510; x_wconf 85' lang='lat' dir='ltr'><strong>cladis,</strong></span> <span class='ocrx_word' id='word_1_803' title='bbox 2574 5451 2633 5501; x_wconf 87' lang='lat' dir='ltr'><strong>et</strong></span> <span class='ocrx_word' id='word_1_804' title='bbox 2655 5444 2849 5500; x_wconf 91' lang='lat' dir='ltr'><strong>omnis</strong></span> <span class='ocrx_word' id='word_1_805' title='bbox 2871 5443 3102 5516; x_wconf 90' lang='lat' dir='ltr'><strong>generis</strong></span> <span class='ocrx_word' id='word_1_806' title='bbox 3127 5442 3478 5513; x_wconf 89' lang='lat' dir='ltr'><strong>injuriarum</strong></span> <span class='ocrx_word' id='word_1_807' title='bbox 3505 5441 3740 5498; x_wconf 87' lang='lat' dir='ltr'><strong>miseris</strong></span> <span class='ocrx_word' id='word_1_808' title='bbox 3762 5440 4008 5496; x_wconf 90' lang='lat' dir='ltr'><strong>illorum</strong></span> 
     </span>
    </p>
   </div>
   <div class='ocr_carea' id='block_1_113' title="bbox 2346 5529 4012 5603">
    <p class='ocr_par' dir='ltr' id='par_1_113' title="bbox 2346 5529 4012 5603">
     <span class='ocr_line' id='line_1_113' title="bbox 2346 5529 4012 5603; baseline -0.005 -11"><span class='ocrx_word' id='word_1_809' title='bbox 2346 5541 2644 5593; x_wconf 90' lang='lat' dir='ltr'><strong>tractuum</strong></span> <span class='ocrx_word' id='word_1_810' title='bbox 2690 5533 3033 5588; x_wconf 91' lang='lat' dir='ltr'><strong>hominibus</strong></span> <span class='ocrx_word' id='word_1_811' title='bbox 3067 5531 3396 5600; x_wconf 89' lang='lat' dir='ltr'><strong>intulerint,</strong></span> <span class='ocrx_word' id='word_1_812' title='bbox 3430 5530 3649 5603; x_wconf 90' lang='lat' dir='ltr'><strong>proprii</strong></span> <span class='ocrx_word' id='word_1_813' title='bbox 3683 5546 3789 5584; x_wconf 88' lang='lat' dir='ltr'><strong>nec</strong></span> <span class='ocrx_word' id='word_1_814' title='bbox 3839 5529 4012 5600; x_wconf 84' lang='lat' dir='ltr'><strong>parvi</strong></span> 
     </span>
    </p>
   </div>
   <div class='ocr_carea' id='block_1_114' title="bbox 2350 5620 4009 5699">
    <p class='ocr_par' dir='ltr' id='par_1_114' title="bbox 2350 5620 4009 5699">
     <span class='ocr_line' id='line_1_114' title="bbox 2350 5620 4009 5699; baseline -0.006 -17"><span class='ocrx_word' id='word_1_815' title='bbox 2350 5625 2543 5699; x_wconf 90' lang='lat' dir='ltr'><strong>operis</strong></span> <span class='ocrx_word' id='word_1_816' title='bbox 2575 5628 2988 5695; x_wconf 90' lang='lat' dir='ltr'><strong>argumentum</strong></span> <span class='ocrx_word' id='word_1_817' title='bbox 3037 5625 3213 5691; x_wconf 88' lang='lat' dir='ltr'><strong>esset,</strong></span> <span class='ocrx_word' id='word_1_818' title='bbox 3250 5638 3351 5692; x_wconf 91' lang='lat' dir='ltr'><strong>pro</strong></span> <span class='ocrx_word' id='word_1_819' title='bbox 3405 5620 3813 5692; x_wconf 85' lang='lat' dir='ltr'><strong>magnitudine</strong></span> <span class='ocrx_word' id='word_1_820' title='bbox 3845 5625 4009 5673; x_wconf 88' lang='lat' dir='ltr'><strong>atro-</strong></span> 
     </span>
    </p>
   </div>
   <div class='ocr_carea' id='block_1_115' title="bbox 2348 5707 4006 5783">
    <p class='ocr_par' dir='ltr' id='par_1_115' title="bbox 2348 5707 4006 5783">
     <span class='ocr_line' id='line_1_115' title="bbox 2348 5707 4006 5783; baseline -0.005 -10"><span class='ocrx_word' id='word_1_821' title='bbox 2348 5716 2507 5773; x_wconf 89' lang='lat' dir='ltr'><strong>cium</strong></span> <span class='ocrx_word' id='word_1_822' title='bbox 2540 5712 2831 5771; x_wconf 84' lang='lat' dir='ltr'><strong>malorum</strong></span> <span class='ocrx_word' id='word_1_823' title='bbox 2855 5729 2970 5769; x_wconf 91' lang='lat' dir='ltr'><strong>non</strong></span> <span class='ocrx_word' id='word_1_824' title='bbox 2998 5711 3234 5783; x_wconf 89' lang='lat' dir='ltr'><strong>litteris,</strong></span> <span class='ocrx_word' id='word_1_825' title='bbox 3255 5711 3355 5767; x_wconf 92' lang='lat' dir='ltr'><strong>sed</strong></span> <span class='ocrx_word' id='word_1_826' title='bbox 3381 5709 3659 5782; x_wconf 80' lang='lat' dir='ltr'><strong>lacrymis</strong></span> <span class='ocrx_word' id='word_1_827' title='bbox 3682 5707 4006 5765; x_wconf 89' lang='lat' dir='ltr'><strong>scribendi.</strong></span> 
     </span>
    </p>
   </div>
  </div>
