4212 6442
142 377 251 432 773

1205 371 1299 424 DE
1344 367 1714 424 MICHAELE
1751 363 2195 421 PMOLOGO
2231 364 2365 419 LIB.
2406 364 2503 418 IV.

3439 362 3547 417 774

142 503 232 570 τὴν
265 504 371 555 τῶν
432 496 622 554 δεινῶν
680 494 1024 571 ἐξαγγελίαν,
1057 494 1121 548 ού
1151 494 1492 568 γράμμασιν,
1524 489 1668 544 ἀλλὰ
1696 486 1790 542 δά·
1818 495 1870 559 Α
1906 486 2008 542 λα’.
2044 487 2431 571 κ’[σξκστρατεία
2488 488 2589 570 τού
2658 482 2921 571 δεσπότου
2956 483 3270 571 ’Ἰωάννουὶ
3336 486 3548 571 σύναιμα

144 610 287 665 κρυσι
319 587 711 663 γνωριούμενα.
771 584 916 652 πλὴν
977 585 1049 645 ὡς
1084 582 1142 637 ἂν
1173 582 1428 657 ἀσφαλῶς
1490 579 1637 634 εἶ’ποι
1679 598 1783 644 τις,

146 681 247 755 οὐχ
274 679 424 747 ἥττω
452 682 618 731 ταῦτα
648 680 756 730 τῶν
809 676 942 746 μετα
991 676 1087 727 τοῦ
1157 670 1559 726 Κωνσταντίνου
1594 669 1784 741 προτὲο

301 772 535 845 σφαγῶν.
590 765 760 825 Αὐτὸς
794 761 850 818 δὶ
880 767 947 836 τῇ
976 762 1173 817 τούτου
1205 759 1461 835 συγχύσει
1502 753 1785 833 προσϐοη-

150 858 403 929 θούμινος
436 859 547 929 ἅμα
576 854 792 929 γυναικὶ
845 850 1142 923 αὐτομολεῖ
1172 851 1305 926 πρὸς
1350 848 1441 904 τὰν
1510 849 1785 923 πενθερὸν·

149 945 362 1007 Ὀποῖας
418 948 554 1019 γοῦν
609 950 707 1010 τῆς
753 938 1032 1014 ἀναδογῆς
1087 939 1285 1002 ἰκεῖοεν
1344 935 1659 1011 εύμοίρησε,
1695 955 1791 989 πε-

151 1036 322 1109 ριττὸν
372 1033 504 1093 ἴσως
560 1030 887 1105 καὶλὲγειν,
947 1029 1101 1100 ὅμως
1162 1026 1218 1081 δὶ
1247 1026 1384 1095 ὕλην
1445 1024 1629 1080 ἐδίδου
1688 1025 1787 1092 τὴν

155 1124 335 1198 μάχην
377 1121 720 1184 ἀνάπτεσθαι.
755 1119 851 1174 Καὶ
894 1118 996 1192 γὰρ
1027 1118 1162 1178 τὲως
1191 1118 1218 1171 ὁ
1251 1115 1453 1176 Δούκας
1487 1120 1595 1175 τιῖς
1629 1110 1789 1174 ίδίοις

151 1210 477 1287 ἀρκούμενος
532 1209 804 1283 ἡσύχαζεν
861 1206 1163 1279 ἀναμένων,
1222 1204 1332 1260 ἔστι
1388 1201 1433 1258 δ’
1465 1201 1641 1258 οὔκαὶ
1698 1202 1790 1256 τὸν

154 1298 287 1354 ἴδιον
316 1300 518 1374 τρόπον
546 1296 955 1365 κατασκευάζων
1014 1293 1100 1348 ἐπὶ
1131 1294 1199 1348 τὰ
1227 1297 1322 1347 τοῦ
1366 1290 1633 1367 βασιλέως
1682 1290 1797 1345 ἰπι-

150 1389 473 1464 τεῑχίσματα
546 1387 637 1441 καὶ
693 1384 760 1440 τὰ
815 1384 940 1460 περὶ
995 1384 1063 1438 τα
1118 1382 1393 1440 Ἰωάννινα
1469 1384 1791 1455 παρασιτῶν.

152 1479 396 1551 Ἠριμεῖν
432 1475 478 1530 δ’
509 1475 608 1529 ούκ
636 1476 702 1543 ἦν
755 1473 902 1535 ὅλως
962 1471 1151 1544 ἐκείνῳ
1207 1468 1361 1543 ἀνδρῖ
1396 1472 1601 1544 μάχαις
1660 1467 1797 1543 χαί-

158 1588 296 1643 ροντι
344 1566 434 1621 καὶ
466 1564 755 1637 πολέμοις,
780 1563 831 1633 ἆξ
885 1564 957 1616 ὧν
1016 1558 1308 1636 κερδαίνειν
1360 1560 1441 1614 ἀεί
1472 1560 1593 1614 ποτ’
1623 1558 1796 1626 ἤλπι-

160 1661 266 1725 ζεν.
304 1657 369 1710 Ἠ
397 1654 497 1730 γὰρ
528 1658 625 1708 τοῦ
656 1653 880 1727 εὐιργοῦ
920 1649 1107 1725 σχολή
1166 1648 1255 1703 καὶ
1318 1648 1448 1722 ὑπὶρ
1505 1651 1602 1702 τοῦ
1633 1646 1799 1721 ἀργοῦ

158 1742 421 1819 ἀσχολίαν
468 1743 534 1797 τὰ
594 1762 823 1816 μεγιστα
876 1739 1277 1814 κατεργάζεται²
1336 1738 1408 1798 ὡς
1467 1738 1569 1811 γὰρ
1632 1736 1800 1810 ἀργῆς

161 1837 337 1908 ψυχῆς
414 1830 502 1886 καὶ
593 1828 1147 1905 κατεῤῥᾳθυμημίνης
1228 1825 1291 1881 τὰ
1370 1824 1660 1898 ἐνεκαιριῖν
1749 1823 1800 1877 ἐν

160 1927 348 1992 κενοῖς,
382 1920 523 1975 οὕτω
563 1922 769 1993 Θερμῆς
826 1918 914 1973 καὶ
974 1914 1269 1977 σπουδαίας
1298 1916 1359 1969 τὸ
1397 1919 1597 1989 χωρεῖν
1632 1914 1801 1985 ὁμόσε

162 2016 267 2072 τοῖς
296 2013 635 2084 πράγμασιν.
694 2005 875 2069 Οὕτως
931 2006 1000 2075 ἦν
1049 2005 1251 2066 ἰκεῖνος
1304 2008 1385 2075 τῷ
1412 2004 1537 2058 τότε
1563 2009 1661 2071 τῆς
1695 2002 1798 2056 αύ-

162 2109 252 2171 τῆς
284 2100 473 2172 πείρας
529 2100 617 2155 καὶ
676 2098 1000 2172 στρατηγίας
1038 2095 1144 2171 ὕλῃ
1201 2101 1319 2157 τοῖς
1376 2098 1799 2169 παραπέμπουσι

164 2191 471 2266 χρώμενος,
526 2186 587 2243 οὔ
649 2186 908 2260 πολεμῶν
964 2187 1053 2240 ὅτε
1125 2184 1269 2258 δόξοι
1329 2190 1445 2247 τοῖς
1516 2184 1802 2255 ἐναντίοις,

165 2276 303 2335 ἄλλα
336 2278 550 2352 μᾶλλον
581 2281 661 2349 τῷ
694 2277 924 2353 ὶνιργεῖν
983 2273 1257 2350 διεγείρων
1316 2274 1406 2329 καὶ
1462 2274 1553 2329 τὸν
1587 2272 1804 2328 ἀπάλα-

172 2389 291 2442 μνον
302 2413 315 2427 .

171 2584 448 2638 Caeterum
479 2582 538 2637 id
569 2579 683 2637 dici
730 2579 855 2635 sine
894 2578 1214 2634 mentiendi
1248 2576 1506 2650 periculo
1557 2576 1808 2632 breviter

171 2677 353 2741 potest
390 2688 402 2724 :
436 2669 828 2725 calamitatem
871 2668 1328 2739 vastitatemque
1360 2667 1473 2723 ista
1503 2665 1809 2722 occasione

173 2760 301 2815 huic
331 2760 705 2829 importatam
740 2756 958 2829 regioni
992 2756 1173 2812 nihile
1199 2756 1515 2825 mitiorem,
1545 2755 1810 2810 minusve

172 2849 437 2904 acerbam
471 2847 817 2903 crudelitate
864 2847 1133 2912 caedium,
1162 2846 1520 2917 avaritiaque
1571 2846 1809 2917 rapina-

172 2954 297 2992 rum
329 2954 402 2993 ea
432 2936 634 3007 fuisse,
659 2952 789 3008 quas
834 2934 1132 3005 aliquanto
1164 2939 1297 2990 ante
1335 2934 1545 2990 iisdem
1581 2933 1812 3006 populis

174 3027 500 3099 irruptione
557 3025 927 3081 Constantini
990 3025 1219 3096 Bulgari
1269 3024 1566 3080 Tocharos
1612 3040 1813 3079 secum

174 3116 439 3172 ducentis
483 3118 672 3170 fuerat
714 3114 893 3169 illata.
928 3113 1035 3170 Per
1077 3114 1227 3169 hanc
1260 3113 1357 3169 ille
1388 3113 1500 3169 sibi
1533 3113 1603 3168 ad
1638 3112 1812 3168 finem

176 3204 535 3261 destinatum
558 3203 762 3260 utilem
789 3204 1193 3261 confusionem
1219 3203 1522 3271 rerum,ad
1550 3218 1815 3258 socerum

176 3310 290 3348 una
320 3311 457 3348 cum
497 3293 747 3365 conjuge
796 3292 1075 3364 profugit.
1105 3292 1179 3347 Ut
1208 3298 1402 3348 autem
1435 3296 1715 3363 exceptus
1747 3292 1818 3346 ab

180 3397 244 3437 eo
268 3383 465 3452 fuerit,
490 3388 548 3438 et
578 3382 710 3453 quis
760 3382 871 3453 ipsi
905 3382 1038 3437 novi
1070 3383 1289 3437 fractus
1320 3381 1561 3453 hospitii
1610 3380 1831 3437 consti-

178 3473 333 3538 terit,
368 3471 737 3543 superfluum
780 3470 989 3543 opinor
1018 3470 1187 3525 nobis
1238 3470 1316 3525 sit
1366 3470 1602 3543 exsequi
1639 3487 1652 3525 :
1687 3469 1831 3523 illud

184 3565 431 3629 constat,
495 3561 646 3629 quod
708 3559 777 3613 ad
840 3563 1103 3613 nostram
1155 3574 1275 3613 rem
1332 3558 1491 3625 facit,
1542 3556 1833 3613 submini-

185 3658 441 3708 stratum
486 3651 620 3707 inde
651 3656 995 3722 praetextum
1042 3650 1250 3707 Joanni
1296 3651 1431 3706 duci
1466 3651 1601 3707 belli
1635 3651 1692 3706 in
1728 3666 1833 3706 nos

185 3741 479 3797 movendi.
519 3738 772 3795 Eatenus
802 3742 960 3797 enim
993 3740 1089 3796 ille
1120 3740 1245 3795 suis
1274 3745 1589 3796 contentus
1623 3744 1833 3795 utcun-

183 3846 295 3901 que
326 3831 675 3902 quiescebat
718 3831 1087 3886 occasionem
1134 3834 1475 3901 exspectans
1510 3846 1523 3885 :
1559 3834 1613 3885 et
1647 3847 1835 3901 quan-

184 3934 360 3990 quam
385 3920 743 3989 erumpebat
766 3936 1194 3990 nonnunquam
1219 3920 1532 3989 impatiens
1556 3920 1836 3975 foederum

184 4009 442 4078 animus,
470 4009 942 4075 tentandis,cum
967 4010 1169 4064 aderat
1190 4008 1624 4081 opportunitas,
1649 4009 1839 4063 muni-

182 4096 448 4153 tionibus
512 4096 887 4168 imperatoris
920 4113 933 4151 :
966 4113 1081 4167 quo
1131 4098 1187 4151 in
1244 4113 1456 4170 genere
1503 4114 1631 4169 quin
1686 4097 1840 4153 circa

182 4184 484 4241 Joannina
535 4190 676 4239 sunt
724 4186 796 4240 ad
856 4202 920 4240 se
971 4190 1559 4242 attraxerat:tamen
1618 4186 1839 4242 larvam

185 4274 375 4330 adhuc
407 4274 572 4330 haud
607 4273 778 4346 plane
822 4274 1145 4344 abjecerat;
1180 4291 1294 4330 non
1328 4274 1426 4330 ille
1457 4276 1695 4343 quidem
1729 4292 1841 4330 na-

186 4368 314 4419 tura
341 4364 483 4421 talis
538 4368 601 4418 ut
656 4364 717 4418 in
766 4362 868 4419 illa
898 4364 1001 4419 diu
1035 4364 1191 4421 824
1222 4364 1599 4420 simulatione
1657 4364 1842 4419 teneri

186 4470 354 4524 posse
415 4459 783 4525 speraretur.
829 4452 1056 4525 Quippe
1102 4455 1253 4510 vasti
1312 4454 1711 4526 pugnacisque
1744 4454 1848 4507 vir

185 4543 383 4613 animi,
421 4541 577 4597 nihil
610 4542 722 4597 nisi
771 4541 886 4597 vim
920 4548 976 4597 et
1019 4542 1173 4598 bella
1220 4544 1476 4614 spirans,
1509 4560 1579 4599 ex
1626 4544 1845 4614 quibus

1977 557 2189 633 χιλιάσι
2241 557 2435 633 στρτοῦ
2496 557 2630 633 προς
2694 557 2785 610 τὸν
2846 557 3124 628 Ἰωάννην,
3186 558 3273 610 καὶ
3330 559 3395 610 τὰ
3449 561 3547 626 τῆς

1974 627 2329 705 ἀνδραγαθίας
2357 633 2453 683 τοῦ
2486 627 2760 685 Ἰωάννου.

1973 758 2053 827 [Ρ.
2087 757 2213 828 219]
2264 756 2430 811 Ταῦτ’
2463 752 2564 827 ἄρα
2622 753 2710 807 καὶ
2764 752 3018 825 βασιλεὺς
3077 750 3406 808 δεινοπαθῶν
3461 752 3547 808 ἐπὶ

1892 844 2111 905 τούτοις
2168 842 2429 916 δυνάμεις
2485 843 2947 918 παρασκευάζεται
3009 842 3278 910 πλείους,
3340 842 3555 912 πλῆθος

1897 933 2025 987 ὡσεὶ
2076 932 2473 1005 τεσσαράκοντα
2531 934 2622 985 οὸν
2669 935 2748 1001 τῷ
2808 936 3044 1002 ναυτικῷ
3104 929 3416 1004 χιλιάδων,
3476 932 3549 994 ὡς

1896 1020 2134 1096 λέγεται,
2193 1022 2282 1074 καὶ
2341 1017 2616 1095 παραδοὺς
2674 1023 2750 1089 τῷ
2810 1016 3041 1091 δεσπότῃ
3098 1019 3301 1091 πέμπει
3339 1016 3427 1073 διὰ
3454 1041 3550 1074 τα-

1899 1116 2044 1189 χὲων
2079 1112 2166 1168 ἐπὶ
2197 1113 2287 1166 τὸν
2331 1112 2613 1180 Ἰωάννην.
2676 1112 3054 1182 Συνεκπέμπει
3120 1108 3167 1164 δ’
3226 1111 3411 1181 ἇκείνῳ
3461 1119 3553 1174 καὶ

1900 1200 2106 1263 ἄλλους
2163 1201 2387 1263 πλείους
2439 1204 2547 1254 τῶν
2609 1197 2865 1273 λοχαγῶν
2926 1200 3015 1253 καὶ
3071 1198 3131 1254 ὲκ
3190 1201 3552 1274 μεγιστάνων,

1900 1291 1973 1344 ὧν
2009 1293 2085 1353 εἷς
2116 1293 2181 1359 ἦν
2215 1290 2302 1344 καὶ
2347 1290 2405 1345 ὃν
2461 1289 2576 1362 εἶχε
2635 1286 2957 1359 δομὲστικον
3009 1295 3108 1357 τῆς
3166 1291 3459 1363 τραπέζης,
3492 1291 3555 1347 Ὀ

1904 1376 1949 1433 δ’
1979 1379 2045 1447 ἦν
2097 1380 2125 1433 ὁ
2177 1373 2571 1451 Καϐαλσκαριος
2632 1376 2891 1446 Ἀλέξιος.
2954 1362 3112 1453 ἀνὴρ⁴
3149 1362 3403 1451 γεννάδας
3462 1378 3554 1431 καὶ

1903 1466 2174 1542 ἀνδρικὸς,
2206 1466 2265 1527 ὃς
2296 1466 2384 1520 καὶ
2416 1464 2842 1539 παραπήλαυσεν
2877 1465 3098 1537 ὕστερον
3150 1470 3247 1519 τοῦ
3306 1466 3556 1539 πολέμου

1902 1558 2169 1629 τοξευθεὶς
2202 1555 2255 1611 ἂν
2278 1559 2347 1619 τῆ
2409 1554 2561 1629 μάχῃ
2617 1555 2761 1629 παρά
2806 1576 2927 1624 του,
2956 1554 3188 1627 κάκείνῳ
3223 1556 3316 1627 μὲν
3372 1556 3555 1626 κλέος,

1908 1647 2081 1717 ὶαυτῷ
2138 1643 2195 1700 δὶ
2250 1650 2429 1699 πεσεῖν
2492 1642 2729 1705 εὐκλεῶς
2788 1645 3055 1719 παρέσχεν
3118 1644 3181 1699 οὗ
3256 1642 3555 1700 κάλλιστον

1907 1741 2023 1797 τοῖς
2055 1735 2195 1795 νέοις
2224 1754 2439 1789 πιπτειν
2482 1732 2658 1787 πεσών
2744 1734 2831 1794 Ὠς
2860 1737 2990 1807 γοῦν
3020 1733 3116 1795 τὰς
3150 1730 3404 1807 δυνάμεις
3458 1756 3557 1788 πα-

1913 1819 2165 1901 ραλαϐὼν
2198 1825 2227 1879 ὁ
2259 1822 2524 1893 δεσπότης
2570 1822 2705 1895 πρὸς
2748 1818 2896 1876 δύσιν
2957 1820 3162 1890 ἤλαυνε
3195 1822 3405 1899 θαῤῥῶν
3437 1830 3556 1885 ταῖς

1911 1917 2272 1987 παρασκευαῖς
2306 1912 2379 1973 ὡς
2419 1910 2509 1966 καί
2567 1912 2699 1965 αὐτὸ
2757 1913 2995 1980 κινήσων
3057 1912 3118 1965 τὸ
3150 1909 3364 1989 ἔδαφος,
3398 1913 3424 1965 ὁ
3461 1914 3560 1986 βα-

1913 2001 2095 2065 σιλεὺς
2122 2002 2210 2055 καὶ
2266 2000 2398 2054 λαὸν
2455 1998 2544 2055 διὰ
2602 1999 2875 2068 Θαλάσσης
2927 1998 3164 2069 ὁπλίζει,
3218 2001 3307 2055 καὶ
3361 2000 3556 2055 στόλον

1914 2090 2337 2163 ἐξαρτυσάμενος
2378 2089 2557 2142 ἱκανὸν
2614 2088 2671 2142 ἐκ
2726 2086 2943 2151 πόλεως
2998 2090 3087 2142 καὶ
3144 2094 3249 2143 τῶν
3310 2087 3560 2159 ὁπουδή-

1914 2201 2045 2235 ποτε
2095 2183 2293 2254 χωρῶν
2350 2198 2408 2232 τε
2466 2176 2553 2231 καὶ
2611 2177 2873 2252 νεωρίων,
2938 2177 3010 2239 ὡς
3044 2177 3174 2232 εἶναι
3227 2200 3322 2242 τας
3380 2181 3553 2240 πάσας

1912 2271 2039 2333 ναῦς
2096 2289 2301 2343 μακρας
2338 2288 2397 2322 τι
2430 2269 2543 2340 ἅμα
2599 2268 2689 2321 καὶ
2742 2268 3186 2341 ταχυναυτούσας
3240 2274 3391 2342 τροῖς
3422 2271 3557 2342 πρὸς

1915 2366 2033 2422 ταῖς
2066 2354 2470 2432 ἑϐδομήκοντα,
2530 2354 2803 2432 παραδοὺς
2859 2358 3053 2420 ταύτας
3099 2364 3177 2430 τῷ
3204 2360 3562 2434 πρωτοστρά-

1916 2580 2059 2631 tunc
2092 2574 2306 2629 bellare
2338 2590 2472 2629 cum
2514 2573 2662 2628 hosti
2693 2573 3018 2642 videretur;
3052 2575 3150 2630 sed
3203 2590 3269 2629 ex
3319 2592 3425 2630 sua
3458 2593 3559 2649 spe

1918 2681 1981 2719 ac
2014 2664 2319 2720 commodo
2342 2661 2620 2718 articulos
2646 2663 3021 2719 occasionum
3044 2669 3317 2734 captans;
3350 2670 3406 2721 et
3445 2683 3560 2721 non

1920 2752 2099 2808 minis
2148 2752 2489 2816 admonens,
2523 2752 2619 2806 sed
2672 2752 2897 2823 agendo
2946 2752 3418 2825 expergefaciens
3456 2755 3559 2809 ad-

1918 2841 2243 2898 versarium
2278 2840 2728 2895 indormientem
2764 2841 2961 2897 rebus.

1922 2959 2009 3015 31.
2036 2956 2569 3028 Expeditioloannis
2590 2956 2829 3027 despofae
2848 2972 2969 3028 cum
2990 2957 3292 3013 multorum
3318 2958 3565 3015 millium

1994 3027 2244 3109 emercati
2274 3027 2528 3109 adversus
2563 3028 2827 3084 Joannem
2856 3027 3077 3097 ducem,-
3106 3032 3157 3084 ει
3186 3028 3254 3085 de
3283 3029 3443 3101 huius
3471 3032 3567 3105 fa-

1994 3104 2179 3157 cinore
2210 3104 2451 3169 insigni.

2003 3208 2133 3263 Haec
2162 3208 2246 3261 ita
2267 3210 2472 3262 erant:
2499 3206 2716 3279 quibus
2738 3206 2990 3279 cognitis
3022 3207 3361 3278 indignatus
3391 3207 3581 3280 impe-

1935 3301 2112 3363 rator,
2146 3296 2463 3351 exercitum
2506 3300 2810 3365 comparat
2845 3296 3175 3367 ingentem;
3213 3313 3481 3367 numero,
3517 3304 3581 3353 ut

1938 3387 2141 3454 fertur,
2175 3385 2343 3456 quasi
2395 3384 2786 3455 quadraginta
2835 3384 3113 3454 millium,
3157 3385 3471 3442 navalibus
3524 3387 3583 3442 in

1936 3492 2063 3532 eam
2098 3490 2393 3530 summam
2444 3473 2883 3544 comprehensis
2922 3473 3127 3545 copiis.
3162 3475 3230 3529 Et
3261 3474 3370 3529 hoc
3420 3480 3587 3530 tanto

1938 3569 2223 3637 apparatu
2282 3562 2497 3617 tradito
2552 3561 2762 3617 Joanni
2822 3562 3101 3635 despotae,
3149 3563 3357 3618 vadere
3416 3563 3584 3619 illum

1938 3652 2247 3709 confestim
2280 3651 2511 3706 infestis
2560 3650 2749 3723 signis
2779 3650 2836 3705 in
2868 3651 3155 3708 Joannem
3198 3651 3394 3722 jubet.
3426 3652 3589 3708 Misit

1938 3742 2116 3798 etiam
2149 3758 2283 3797 cum
2317 3758 2383 3797 eo
2418 3739 2614 3812 plures
2664 3740 2809 3795 alios
2853 3742 3225 3797 tribunorum
3254 3746 3312 3797 et
3343 3758 3590 3814 magna-

1939 3836 2355 3901 tum,quorum
2391 3846 2548 3885 unus
2572 3834 2718 3899 erat,
2741 3845 2916 3901 quem
2951 3830 3342 3886 domesticum
3376 3846 3593 3886 mensa

1941 3920 2169 3986 habuit,
2194 3917 2559 3975 Caballarias
2589 3917 2849 3983 Alexius,
2870 3918 2959 3974 vir
2977 3934 3301 3991 generosus
3321 3924 3378 3977 et
3402 3918 3588 3976 fortis.

1943 4009 2110 4064 Hunc
2164 4009 2317 4064 Mars
2368 4008 2475 4063 hoc
2525 4006 2677 4063 bello
2728 4008 3075 4079 pignoratus
3121 4013 3232 4079 est,
3263 4008 3481 4082 sagitta
3532 4010 3593 4064 in

1944 4098 2143 4171 pretio
2168 4097 2468 4153 sublatum
2492 4097 2817 4168 aquopiam
2840 4098 3169 4170 ignoto,qui
3188 4098 3302 4155 sibi
3327 4098 3598 4171 gloriam,

1948 4187 2099 4244 hosti
2131 4188 2442 4243 honestum
2495 4186 2672 4243 funus
2723 4186 2966 4259 peperit.
2993 4186 3084 4243 Sic
3114 4187 3269 4243 enim
3303 4187 3481 4243 decus
3511 4187 3600 4243 illi

1946 4276 2197 4349 contigit
2249 4275 2515 4348 gloriosa:
2567 4274 2772 4331 mortis
2805 4274 2884 4329 ibi
2915 4275 3213 4348 appetitis,
3244 4276 3343 4332 ubi
3394 4278 3602 4333 cadere

1940 4365 2262 4439 juvenibus
2293 4370 2382 4421 est
2416 4364 2921 4420 honestissimum.
2958 4365 3105 4420 Eum
3156 4364 3338 4438 igitur
3371 4366 3603 4422 succin-

1950 4462 2082 4513 ctus
2108 4455 2338 4526 magnis
2364 4453 2519 4509 hisce
2543 4453 2916 4509 terrestribus
2940 4454 3123 4526 copiis
3156 4454 3403 4527 despota
3421 4456 3604 4511 Joan-

1954 4562 2055 4600 nes
2079 4545 2262 4599 tantis
2284 4542 2498 4597 animis
2522 4543 2579 4596 in
2602 4543 2977 4598 Occidentem
3004 4544 3201 4604 movit.
3229 4549 3291 4599 ut
3314 4546 3463 4603 825
3491 4550 3605 4600 ter-

184 4639 503 4689 aucturum
554 4648 681 4687 sese
732 4631 1016 4699 fortunas,
1050 4636 1105 4686 et
1154 4632 1334 4687 lucris
1384 4634 1721 4704 ingentibus
1753 4632 1843 4685 di-
1875 4615 1919 4679 D
1953 4650 2075 4689 ram
2095 4631 3269 4688 hauddubieseconcussurumconfidere
3287 4634 3605 4701 videretur,

186 4724 433 4777 tandum
462 4721 833 4791 {conﬁdebaL
870 4720 1047 4775 Porro
1097 4720 1201 4775 viri
1253 4723 1475 4777 strenui
1510 4721 1597 4777 vel
1649 4722 1843 4793 ipsum

188 4812 391 4878 otium,
422 4809 666 4883 negotio
699 4809 931 4865 remissi
955 4826 1020 4865 ac
1046 4809 1331 4881 languidi,
1356 4812 1532 4867 rebus
1564 4826 1846 4882 peragen-

188 4900 275 4956 dis
305 4900 588 4956 maximis
620 4899 918 4954 efficacius
948 4904 1058 4955 est.
1093 4900 1239 4955 Nam
1289 4906 1353 4955 ut
1392 4900 1599 4957 animai
1628 4899 1849 4956 desidis

192 5007 253 5046 ac
282 4990 651 5064 negligentis
680 4994 769 5044 est
800 4988 862 5044 in
892 4989 1061 5045 vanis
1102 4989 1215 5045 sibi
1251 4989 1500 5061 placere,
1525 5007 1591 5045 ac
1623 4989 1849 5045 felicem

192 5096 251 5136 se
278 5087 495 5151 putare
526 5077 839 5150 complexu
891 5078 1162 5134 exsilium
1212 5080 1499 5136 bonorum
1537 5096 1549 5133 :
1585 5079 1668 5135 sic
1701 5079 1851 5134 acris

192 5184 220 5224 e
248 5170 553 5227 contrario
588 5175 764 5239 atque
811 5172 1047 5223 arrectae
1089 5169 1476 5241 ardenterque
1527 5169 1853 5239 majoribus

194 5275 374 5333 usque
420 5256 814 5329 inhiabundie
863 5258 1167 5330 praprium
1220 5263 1329 5326 est,
1364 5274 1744 5330 prorumpere
1796 5260 1855 5313 in

196 5364 337 5421 opus
364 5348 591 5422 quavis
640 5346 966 5414 occasione,
998 5362 1065 5402 ac
1114 5345 1339 5402 nullam
1396 5348 1611 5404 frustra
1662 5347 1857 5404 offerri

199 5440 635 5496 movendarum
668 5451 863 5491 rerum
895 5452 1103 5492 ansam
1135 5436 1348 5493 sinere.
1371 5437 1530 5493 Talis
1561 5444 1701 5493 tunc
1735 5444 1861 5495 erat

200 5528 310 5585 dux
334 5529 646 5593 Joannes;
679 5524 824 5596 ipsis
854 5524 975 5581 illis
995 5542 1145 5598 quas
1170 5526 1369 5581 furtim
1398 5528 1656 5598 primum
1680 5532 1863 5584 atten-

199 5622 344 5676 taret
394 5613 913 5691 grassatiunculis
945 5619 1003 5671 st
1039 5616 1415 5673 successibus
1460 5617 1707 5673 modicis
1758 5634 1862 5689 pro

204 5707 595 5767 fundamento
659 5702 1008 5761 ulteriorum
1059 5710 1234 5763 utens
1285 5721 1300 5762 :
1351 5722 1457 5763 nec
1518 5710 1864 5779 exspectans

1954 4721 2269 4778 destinavit
2292 4721 2610 4791 imperator
2640 4721 2841 4776 eodem
2868 4737 3102 4793 quoque
3126 4721 3373 4778 classem
3399 4740 3604 4779 onera-

1954 4817 2194 4883 tamque
2224 4809 2647 4882 superbissimo
2673 4809 2922 4880 delectu,
2946 4826 3078 4867 cum
3109 4828 3176 4866 ex
3204 4812 3347 4867 urbe
3378 4817 3502 4867 tum
3537 4829 3605 4868 ex

1956 4902 2185 4957 cunctis
2209 4898 2521 4972 provinciis
2547 4915 2613 4954 ac
2638 4899 2944 4954 navalibus
2968 4900 3423 4969 diligentissime
3445 4901 3609 4957 habi-

1958 4995 2039 5061 to,
2060 4991 2142 5045 ita
2166 4995 2229 5044 ut
2252 5004 2535 5044 numerus
2559 4988 2794 5043 navium
2821 4988 3033 5059 partim
3062 4988 3371 5061 longarum
3397 4990 3608 5062 partim

1960 5079 2217 5136 celerum
2251 5078 2321 5132 ad
2354 5083 2473 5132 tres
2521 5082 2580 5132 et
2628 5079 3005 5149 septuaginta
3051 5079 3420 5147 ascenderet;
3465 5096 3615 5152 quas

1964 5168 2390 5226 commendans
2432 5168 2840 5239 protostratori
2888 5167 3407 5242 Philanthropeno,
3434 5171 3619 5242 jussit

1965 5276 2101 5316 eum
2132 5275 2265 5314 cum
2292 5275 2359 5313 ea
2388 5258 2577 5313 classe
2608 5274 2737 5314 oras
2779 5258 2969 5330 legere
3004 5259 3391 5316 Latinicarum
3426 5262 3616 5333 regio-

1968 5365 2134 5416 num,
2170 5348 2532 5419 infestasque
2581 5347 2818 5415 habere,
2850 5363 2915 5403 ac
2951 5347 3140 5405 sicubi
3171 5366 3263 5406 res
3314 5351 3488 5406 ferret
3518 5367 3615 5407 ex-

1969 5439 2248 5495 scendere
2296 5434 2861 5508 incursionibusque
2918 5453 3110 5504 urere,
3161 5439 3246 5495 sic
3294 5440 3616 5497 arbitratus

1970 5527 2187 5583 certius
2221 5525 2571 5597 faciliusque
2602 5540 2981 5596 processuras
3012 5526 3085 5581 ad
3118 5542 3282 5599 spem
3318 5528 3500 5601 plena;
3532 5529 3617 5584 vi-

1973 5616 2171 5673 ctoriaa
2204 5614 2338 5671 belli
2380 5614 2637 5670 universi
2687 5614 2966 5684 rationes,
2999 5616 3049 5671 si
3085 5616 3316 5689 proprio
3349 5618 3623 5690 impliciti

1976 5703 2238 5779 periculo
2268 5702 2458 5761 Latini
2490 5702 2745 5776 cogitare
2775 5705 2848 5761 de
2888 5704 3193 5764 mittendis
3220 5705 3431 5765 Joanni
3460 5708 3628 5766 auxi-
