4246 6446
648 394 756 447 775

1941 386 2244 443 GEORGII
2282 386 2746 446 PACHYMERE

3950 391 4060 447 776

646 509 1253 586 τοριΦιλανθρωπηνῷ
1308 507 1397 561 καὶ
1454 506 1611 561 αὐτὸν
1671 506 1957 579 ἐκπέμπει,
1988 511 2106 567 ταῖς
2140 514 2296 560 Λατι-
2328 510 2377 575 Α
2410 507 2612 572 ἐκεῖνος
2672 506 2945 583 ἐλάμϐανε
3000 518 3100 580 τῆς
3160 513 3449 589 ἀποφυγῆς
3507 512 3689 568 οιαὶτά
3718 509 3819 583 ἔξω
3879 532 4061 586 προσ-

1600 593 1623 613 ν

649 605 829 663 τικαῖς
871 600 1083 673 χώραις
1139 598 1511 671 προστάσσων,
1572 598 1614 648 εἲ

655 686 902 744 ϐάλλειν·
965 688 1107 741 οὕτω
1162 686 1263 760 γάρ
1327 683 1539 757 μᾶλλον
1601 682 1804 737 εὐοδεῖν
1858 684 1948 737 τὸν
2006 684 2141 737 κατά
2198 691 2301 757 γῆν

648 779 895 850 πόλεμον
924 772 1086 848 ᾤετο,
1121 774 1167 829 εί
1198 773 1418 849 ἔχοντες
1469 774 1583 826 καθ’
1643 772 1839 833 αὐτοὺς
1871 774 1922 827 οἱ
1956 779 2176 827 Λατῖνοι
2206 774 2298 826 τὸν

650 869 774 944 περὶ
810 866 956 943 σφίσι
1006 860 1177 940 φόϐον
1235 870 1335 932 τῆς
1394 863 1528 937 πρὸς
1572 862 1663 916 τὸν
1721 862 1982 930 Ἰωάννην
2045 860 2300 935 βοηθείας

648 952 1010 1031 ἀπόσχοιντο.
1046 954 1148 1009 Καὶ
1182 950 1248 1020 δὴ
1280 954 1381 1019 τήν
1413 950 1682 1025 ταχίστην
1733 954 1812 1020 τῷ
1842 949 1995 1021 τόπῳ
2024 954 2130 1003 τῶν
2162 947 2295 1002 νέων

649 1050 872 1117 Πατρῶν
930 1044 1249 1105 ἐπιστάντος
1303 1045 1404 1095 τοῦ
1465 1038 1728 1093 δεσπότου
1786 1036 2046 1106 ἔκπληξις
2079 1043 2299 1111 κατεῖχε

642 1137 846 1195 πάντας
908 1132 996 1187 καὶ
1052 1132 1301 1205 ταραχὴ.
1371 1130 1443 1190 ὡς
1498 1132 1842 1203 προσχωρεῖν
1910 1128 2001 1198 μὲν
2060 1126 2295 1189 ἐντεῦθεν

644 1224 838 1295 ἐκείνῳ
885 1222 981 1280 τάς
1042 1222 1250 1295 χώρας,
1310 1222 1683 1291 γνωσιμαχεῖν
1720 1214 1777 1269 δὲ
1830 1216 1897 1268 τά
1954 1216 2190 1290 φρούρια
2221 1216 2296 1275 ὡς

646 1312 838 1385 μικρὸν
896 1310 1261 1382 ἀντισχόντα,
1324 1306 1447 1360 ὅσον
1504 1306 1907 1379 ἀφοσιώσασθαι
1963 1305 2063 1371 τήν
2114 1302 2294 1356 πίστιν

643 1405 722 1455 τῶ
792 1401 1035 1463 Ἰωάννη,
1093 1394 1391 1471 προδοῦναι
1454 1395 1528 1467 μή
1590 1392 1873 1464 ἐνεγκόντα
1923 1394 2021 1461 τὴν
2082 1389 2293 1467 ἔφοδον·

641 1488 748 1545 ποῧ
776 1490 875 1563 γάρ
911 1487 969 1541 ἂν
1027 1508 1108 1548 τις
1164 1485 1253 1539 καὶ
1313 1482 1545 1552 ἤλπισεν
1579 1483 1629 1552 ἐξ
1658 1480 1832 1536 ἄλλου
1889 1482 2034 1542 τινὸς
2086 1482 2296 1553 τρόπου

639 1580 727 1633 καὶ
765 1579 1018 1651 μηχανῆς
1078 1576 1342 1643 σώζεσθαι
1378 1594 1391 1641 ς
1432 1574 1459 1627 ὁ
1496 1571 1677 1644 μέντοι
1736 1592 1800 1644 γε
1851 1570 2109 1639 Ἰωάννης
2165 1568 2293 1631 τοὺς

637 1669 762 1740 περὶ
794 1666 952 1721 αὐτὸν
985 1665 1075 1719 καὶ
1114 1664 1311 1736 μόνους
1370 1658 1532 1737 ἔχων,
1566 1664 1645 1731 τῷ
1700 1659 1901 1730 πλήθει
1956 1660 2090 1713 κατά
2148 1658 2292 1714 πολὺ

638 1754 990 1825 λειπόμενος,
1022 1757 1141 1813 ταῖς
1173 1749 1434 1811 ἐπινοίαις
1490 1747 1757 1823 ἐπεχείρει
1815 1748 2099 1815 σώζεσθαι.
2132 1750 2289 1810 ⁸Ὀθεν

1674 616 1765 648 ποι
1828 595 2099 669 παρείκοι,
2132 615 2300 668 προσ-

2411 596 2723 652 υπώπτευεν
2752 598 2862 668 ἤδη
2923 604 3029 654 τῶν
3087 600 3334 654 ἀπάντων
3393 598 3877 678 καταληφθέντων,
3926 599 4064 674 ἔγνω

2411 688 2656 762 φρουρίῳ
2688 688 2875 742 ἐαυτὸν
2910 687 3210 755 πιστεῦσαι,
3242 691 3329 742 καὶ
3359 690 3534 765 φέρων
3578 690 3762 744 ἑαυτὸν
3813 697 3933 751 ταῖς
3962 691 4067 744 lli-

2408 794 2561 845 τραις
2593 777 2769 850 ὀχυρᾷ
2816 777 2974 832 πόλει
3034 778 3124 831 καὶ
3185 778 3243 832 ἐκ
3274 779 3393 833 νέου
3452 781 3686 853 συστάσῃ
3752 777 3945 834 δίδωσι
3977 781 4067 833 καὶ

2408 865 2645 918 πιστεύει
2686 865 3201 943 φυλαχθησόμενος.
3264 866 3360 920 Καὶ
3393 869 3421 921 ὁ
3454 869 3548 938 μὲν
3581 870 3896 943 καταφυγήν
3932 870 4068 943 ὀχυ-

2409 953 2502 1025 ράν
2538 954 2657 1026 εὗρε
2712 956 2807 1016 τὰς
2868 955 3103 1030 Πάτρας,
3136 956 3187 1009 οἱ
3221 952 3265 1009 δ’
3295 954 3436 1029 ἀμφί
3493 957 3582 1010 τὸν
3646 954 3915 1025 δεσπότην
3966 978 4065 1028 μα-

2409 1041 2589 1106 θόντες
2618 1044 2716 1112 τήν
2750 1044 2911 1098 πόλιν
2968 1044 3155 1115 κύκλῳ
3214 1046 3672 1117 περικαῦίζουσιν.
3740 1047 3831 1099 Καὶ
3872 1047 4066 1120 sul-aui

2408 1132 2540 1203 πρὸς
2572 1134 2697 1192 τοὺς
2727 1131 2873 1195 ἐντὸς
2932 1131 3285 1205 διαμηνόσεις
3347 1132 3592 1188 ἐδὲνοντο
3645 1139 3740 1188 τοῦ
3774 1132 4066 1206 δεσπότου,

2408 1218 2619 1281 ἑαυτοῖς
2653 1222 2747 1292 μὲν
2781 1228 3033 1295 προνοεῖν
3093 1227 3201 1276 τῶν
3265 1221 3584 1297 βελτίστων,
3645 1222 3851 1277 ἐκεῖνον
3882 1223 3941 1277 δὲ
3972 1244 4072 1277 πα-

2408 1306 2669 1383 ραδόντας
2724 1312 3008 1379 σώζεσθαι·
3048 1313 3122 1383 μή
3183 1312 3286 1386 γάρ
3347 1311 3661 1386 ἀποχωρεῖν
3721 1314 3951 1379 ἐκεῖθεν,
3992 1313 4069 1385 μὴ

2407 1395 2607 1461 ἄλλοθί
2660 1418 2764 1452 που
2818 1400 3133 1472 τραπέσθαι,
3173 1401 3246 1471 μὴ
3309 1400 3591 1475 φροντίσαι
3648 1400 3716 1455 τά
3761 1401 3917 1473 πέρίξ
3952 1400 4073 1455 καί-

2407 1506 2535 1539 οντα
2599 1489 2689 1540 καὶ
2753 1487 2953 1561 ἀγροὺς
3019 1488 3466 1543 κατασκάπτοντα
3547 1489 3637 1543 καὶ
3730 1488 4070 1561 ἀμπελῶνας

2405 1574 2689 1647 τέμνοντα,
2722 1578 2810 1632 καὶ
2850 1574 3010 1639 τέλος
3068 1578 3157 1633 καὶ
3216 1578 3398 1641 αὐτοῖς
3457 1582 3532 1642 ὼς
3564 1579 3860 1653 πολεμίοις
3913 1580 4073 1656 χρώ-

2410 1685 2569 1736 μενον
2600 1663 2785 1720 τέλεον
2844 1666 3143 1743 ἀφανίζειν,
3202 1667 3297 1722 κᾶν
3354 1665 3461 1738 ὅπη
3494 1670 3583 1723 καὶ
3616 1672 3643 1725 ὁ
3676 1678 3879 1745 χρονος
3937 1691 4073 1740 προ-

2405 1750 2557 1821 ϐαίη.
2609 1758 2789 1810 Ταῦτα
2837 1760 2935 1810 τοῦ
2989 1754 3252 1811 δεσπότου
3311 1755 3711 1830 διαμηνύοντος
3773 1758 3998 1827 ἐκεῖνοι,
4030 1760 4065 1828 ἢ

636 1843 727 1897 καὶ
759 1846 851 1895 νῦν
888 1841 981 1914 μὲν
1041 1834 1188 1905 ἔνθα,
1246 1844 1337 1891 νῦν
1373 1836 1420 1892 δ⁹
1468 1836 1640 1891 ἐκεῖσε
1690 1832 2023 1908 προϐαίνων,
2068 1836 2143 1897 ὡς
2175 1836 2289 1890 οἷόν
2325 1865 2370 1930 Β
2404 1848 2521 1905 ταῖς
2579 1842 2861 1912 ἀληθείαις
2893 1845 2928 1914 ἢ
2961 1848 3088 1921 παρ’
3147 1846 3352 1901 ἐκείνου
3405 1843 3873 1921 προϐιςαζόμενοι
3908 1846 4064 1903 ἔνδον

634 1952 695 1986 τε
733 1932 823 2000 ἦν,
884 1928 1320 2007 κατησφαλίζετο
1360 1928 1428 1981 τὰ
1458 1927 1642 1981 αὐτοῦ·
1700 1924 1762 1979 τὸ
1820 1927 1923 2000 γάρ
1986 1931 2186 1999 χωρεῖν
2219 1926 2293 1986 εἰς

641 2022 826 2094 μάχην
860 2016 913 2074 ἕν
945 2040 996 2073 τι
1026 2022 1134 2073 τῶν
1195 2014 1473 2071 ἀδυνάτων
1525 2013 1723 2070 ἐδόκει.
1784 2013 1942 2070 Ἀλλ’
1997 2016 2048 2067 οἱ
2078 2020 2173 2068 τοῦ
2207 2011 2289 2069 δε-

636 2109 839 2165 σπότου
894 2107 1323 2183 ἷχνηλατοῦντες
1378 2108 1491 2159 οἷον
1528 2104 1732 2159 ἐκεῖνον
1790 2103 2084 2177 ἐπέτρεχον
2142 2124 2290 2157 συνε-

635 2200 920 2275 χέστερον,
982 2190 1615 2272 προκαταλαμϐάνοντες
1675 2197 1756 2268 [Ρ.
1816 2195 1942 2267 220]
1974 2193 2174 2254 τόπους
2209 2195 2293 2254 οἷς

632 2289 793 2343 αὐτὸν
846 2285 1017 2359 ᾤοντο
1077 2286 1363 2354 σώζεσθαι,
1412 2285 1531 2339 ὅθεν
1589 2284 1677 2337 καὶ
1737 2287 1817 2354 τῷ
1849 2283 2164 2357 ἀποχωρεῖν
2200 2283 2294 2354 μὲν

635 2384 915 2452 προσῆγεν
981 2375 1241 2444 ἐκείνους,
1299 2379 1379 2446 τῷ
1412 2372 1469 2429 δὲ
1495 2394 1555 2449 γε
1586 2370 1793 2427 δειλίαν
1854 2371 2127 2449 ἐμφαίνειν
2172 2371 2295 2448 0αρ-

636 2466 1011 2543 ῥαλεωτὲρους
1080 2466 1254 2519 ἐποίει
1320 2457 1719 2538 προσϐάλλεινο
1798 2466 1878 2534 τῷ
1933 2462 2036 2538 γάρ
2093 2462 2295 2532 πλήθει

636 2563 927 2633 περιῆσαν,
986 2554 1076 2610 καὶ
1133 2551 1484 2634 κατημέλουν
1544 2549 1858 2615 διὼκοντες.
1890 2551 1980 2614 Ὦς
2042 2548 2100 2606 δὲ
2128 2552 2291 2627 κόρον

631 2774 732 2831 liis
777 2774 1251 2845 prohiberentur.
1285 2770 1430 2825 Cum
1465 2785 1601 2841 ergo
1631 2768 1999 2825 velocissime
2047 2768 2293 2839 despota

632 2863 887 2919 Joannes
918 2862 979 2916 in
1012 2860 1204 2916 locum
1252 2865 1407 2914 esset
1438 2864 1743 2930 pervectus
1776 2873 2054 2912 novarum
2089 2863 2290 2913 Patra-

632 2969 787 3017 rum,
813 2952 1022 3022 ingens
1050 2949 1129 3004 ibi
1162 2954 1405 3003 cunctos
1437 2953 1628 3002 terror
1657 2961 1714 3002 et
1736 2947 2135 3001 consternatio
2172 2952 2293 3001 tur-

633 3041 815 3107 bavit,
850 3041 993 3095 adeo
1027 3043 1090 3094 ut
1144 3039 1194 3093 ei
1245 3038 1462 3109 passim
1496 3035 1627 3107 pagi
1660 3041 1718 3090 et
1770 3036 1986 3106 oppida
2017 3051 2079 3090 se
2111 3036 2291 3090 dede-

634 3137 786 3199 rent,
820 3130 1044 3185 arcium
1081 3143 1216 3183 vero
1253 3126 1526 3197 praesidia
1558 3125 1710 3179 inter
1739 3124 2026 3194 ancipites
2055 3129 2289 3179 senten-

2405 1926 2815 2002 ὅντος,ήπιως,
2895 1955 2955 1989 τε
3013 1934 3380 2011 ἀπελογοῦντο
3456 1936 3545 1990 καὶ
3618 1936 4065 2011 προσελιπαρουν

2404 2027 2540 2094 σφᾶς
2572 2026 2675 2075 τῶν
2730 2024 2917 2096 ὁρμῶν
2978 2024 3200 2089 ἀνεῖναι,
3262 2028 3375 2096 μετ’
3436 2025 3497 2080 οὐ
3557 2023 3701 2080 πολὺ
3760 2024 4069 2098 προδοῦναι

2402 2110 2491 2163 καὶ
2530 2110 2622 2164 τὸν
2654 2112 2909 2180 Ἰωάννην
2969 2114 3529 2187 καθυπισχνούμενοι.
3587 2116 3674 2177 Ὣς
3701 2120 3828 2189 γοῦν
3866 2116 4069 2187 μεταξῦ

2406 2199 2610 2273 χρόνος
2653 2196 2918 2275 ἐτρίϐετο,
2967 2201 3057 2255 καὶ
3090 2202 3141 2255 οἱ
3176 2203 3271 2273 μὲν
3305 2198 3603 2267 ἀναϐολαῖς
3634 2203 3933 2278 ἐναιώρουν
3966 2206 4069 2274 τήν

2402 2285 2722 2363 προδοσίαν,
2757 2290 2809 2343 οἱ
2842 2286 2900 2343 δὲ
2929 2288 3053 2344 ὅσον
3088 2290 3241 2345 οὕπω
3300 2291 3487 2347 ἀνύσαι
3544 2293 3604 2347 τὸ
3658 2299 3762 2347 πᾶν
3790 2291 4063 2365 ἤλπιζον,

2405 2374 2703 2451 ἐπιχειρεῖν
2761 2399 2813 2433 τι
2865 2382 2974 2433 τῶν
3036 2380 3283 2448 συνήθων
3342 2377 3476 2455 ἔγνω
3534 2380 3563 2435 ὁ
3616 2382 3897 2452 Ἰωάννης.
3966 2382 4074 2439 Καὶ

2406 2465 2707 2535 σκοπητέον
2742 2466 2815 2529 ὡς
2866 2465 3077 2542 ἄριστα.
3138 2468 3347 2530 Νυκτὸς
3407 2470 3508 2545 γὰρ
3567 2470 3751 2525 ἑαυτὸν
3812 2471 4073 2546 σχοίνοις

2406 2551 2497 2609 διὰ
2526 2559 2623 2610 τοῦ
2670 2555 2893 2632 τείχους
2945 2558 3354 2633 καταχαλάσας,
3416 2559 3490 2621 ὡς
3524 2560 3600 2632 μή
3634 2561 3912 2638 φωραθείη
3982 2559 4075 2617 διὰ

2400 2772 2613 2828 salutis
2644 2788 2846 2829 omnes
2898 2774 2957 2830 in
3008 2776 3147 2849 fuga
3187 2783 3513 2850 reponeret.
3547 2778 3619 2835 Ut
3667 2784 3863 2835 autem
3915 2782 4070 2839 satis

2401 2861 2648 2932 denique
2697 2862 2863 2918 illum
2913 2865 3221 2921 desultorii
3274 2869 3491 2924 erroris
3520 2874 3579 2923 et
3611 2870 3762 2941 fugae
3812 2870 4068 2927 infinite

2400 2951 2642 3006 taedium
2692 2952 2869 3023 cepit,
2916 2954 3213 3026 simulque
3268 2958 3674 3014 cunctantium
3723 2959 3793 3014 ab
3845 2961 4070 3016 exteris

2401 3039 2756 3095 auxiliorum
2791 3043 3127 3113 suspicatus
3160 3047 3499 3115 conjectura
3537 3062 3799 3115 causam,
3828 3049 3904 3103 ab
3929 3050 4068 3104 uni-

2400 3128 2586 3184 versis
2622 3130 2745 3199 jam
2777 3145 2840 3185 se
2871 3131 3046 3186 sociis
3076 3132 3421 3190 derelictum
3456 3134 3760 3201 intellexit,
3782 3137 3900 3191 arci
3936 3139 4067 3192 cui-

631 3222 746 3275 tias
774 3220 1148 3274 ﬂuctuarent.
1177 3216 1403 3286 Exigua
1431 3231 1535 3269 nec
1566 3213 1829 3285 longum,
1858 3218 1922 3267 ut
1943 3214 2284 3285 apparebat,
2318 3202 2360 3269 C
2402 3221 2557 3288 piam
2594 3219 2838 3274 munitas
2864 3225 3042 3290 caput
3064 3221 3435 3294 salutemque
3457 3225 3752 3280 confidere
3781 3225 4067 3281 decrevit.

628 3308 881 3364 valitura
915 3308 1048 3363 fidei
1098 3305 1313 3362 Joanni
1345 3306 1495 3359 datae
1530 3303 1851 3358 reverentia
1881 3302 2186 3358 cohibente
2219 3303 2290 3357 ab

626 3397 757 3466 ipso
808 3398 879 3452 ad
943 3396 1196 3468 primum
1257 3394 1457 3449 statim
1516 3391 1906 3463 irruptionem
1958 3392 2288 3461 prodendo;

630 3505 766 3542 nam
802 3488 870 3541 ad
905 3492 1232 3541 extremum
1283 3484 1465 3538 vitare
1512 3498 1573 3537 se
1606 3497 1773 3552 posse
1824 3481 2142 3536 deditionis
2189 3498 2289 3536 nc-

627 3577 964 3632 cessitatem
1009 3576 1484 3645 desperaverant,
1522 3572 1725 3641 utique
1769 3587 1902 3625 cum
1935 3570 2289 3640 circumspi-

627 3665 920 3721 cientibus
953 3668 1186 3730 cuncta,
1211 3659 1421 3715 salutis
1466 3659 1581 3714 alia
1612 3661 1706 3713 via
1736 3659 2107 3730 expediendae
2142 3658 2289 3713 ratio

628 3754 978 3809 humanitus
1031 3755 1342 3822 appareret
1398 3747 1582 3802 nulla.
1640 3748 1796 3803 Inter
1853 3747 1973 3802 haec
2029 3747 2289 3803 Joannes

627 3843 755 3915 ipse
786 3841 1006 3914 passim
1043 3840 1312 3894 desertus
1338 3855 1369 3891 a
1392 3837 1711 3909 plerisque,
1738 3852 1843 3892 nec
1876 3835 1989 3890 alio
2016 3837 2138 3906 jam
2176 3839 2289 3891 fere

628 3947 807 4003 quam
873 3928 1255 3984 familiarium
1321 3923 1783 3980 domesticorum
1842 3928 2045 3994 septue
2105 3923 2290 3979 comi-

625 4025 771 4087 tatu,
806 4024 930 4073 arte
960 4026 1139 4088 atque
1181 4014 1419 4086 ingenio
1470 4011 1745 4083 supplere
1777 4012 2071 4067 defectum
2104 4027 2285 4084 opum

626 4114 683 4164 et
712 4107 888 4179 capiti
924 4123 989 4161 ac
1022 4121 1270 4161 summas
1317 4120 1514 4158 rerum
1566 4118 1803 4157 suarum
1857 4116 2035 4171 quam
2091 4106 2289 4172 posset

624 4198 848 4270 optime
882 4194 1190 4251 consulere
1237 4188 1551 4262 nitebatur,
1585 4190 1712 4246 loca
1742 4206 1811 4245 ex
1840 4190 1985 4246 locis
2026 4196 2286 4257 mutans,

630 4304 931 4358 nusquam
964 4285 1060 4340 diu
1115 4284 1470 4349 consistens,
1505 4297 1662 4335 nunc
1713 4279 1825 4345 hic,
1862 4295 1996 4334 mox
2027 4279 2147 4334 illic
2176 4280 2287 4334 im-

624 4376 859 4450 proviso
910 4375 1269 4447 apparendo,
1303 4376 1549 4426 conatus
1603 4368 2070 4439 insequentium,
2096 4370 2288 4440 quoad

626 4469 885 4536 poterat,
949 4466 1264 4518 frustratis.
1328 4460 1475 4514 Nam
1538 4474 1783 4512 manum
1845 4474 2169 4526 conserere,
2231 4462 2289 4513 et

2402 3310 2546 3377 Ergo
2578 3324 2639 3361 se
2671 3306 2875 3363 Patras
2916 3309 3224 3365 conferens
3268 3312 3606 3382 (praevalida
3659 3313 3781 3369 hac
3831 3321 3961 3370 erat
4012 3320 4073 3371 et

2400 3396 2861 3467 propugnaculis
2894 3413 3097 3453 recens
3129 3401 3375 3456 structis
3409 3402 3810 3458 munitissima
3837 3404 4069 3464 civitasl

2398 3502 2464 3540 eo
2511 3501 2572 3539 se
2623 3486 2880 3552 inclusit,
2915 3488 3191 3543 idoneum
3242 3489 3299 3544 id
3351 3492 3691 3561 praesidium
3745 3498 3917 3548 ratus
3971 3496 4068 3550 cui

2400 3590 2693 3629 summam
2746 3590 2941 3630 rerum
2976 3581 3033 3631 et
3064 3576 3345 3649 reliquias
3394 3580 3638 3634 fortunae
3686 3581 3747 3635 in
3796 3586 4068 3639 extremo

2398 3662 2742 3718 discrimine
2765 3664 3182 3720 custodiendas
3216 3672 3370 3721 recte
3401 3667 3681 3722 crederet.
3708 3674 3781 3723 At
3813 3670 4070 3741 despota

2396 3750 2656 3807 Joannes
2683 3754 2780 3821 qui
2814 3760 3096 3823 tanquam
3143 3753 3421 3827 indagine
3451 3755 3709 3812 clausam
3747 3758 3936 3814 feram
3968 3777 4067 3816 ve-

2397 3846 2566 3895 nator
2607 3841 2871 3912 undique
2919 3842 3215 3914 vestigans
3266 3843 3496 3899 nullum
3548 3845 3721 3900 finem
3755 3848 4064 3915 quaerendi

2396 3929 2642 3985 Joannis
2673 3931 2843 3986 ducis
2875 3930 3056 4001 inque
3083 3948 3252 3987 suam
3278 3938 3624 4004 potestatem
3659 3936 3928 4007 redigere
3962 3954 4064 3994 co-

2397 4019 2575 4073 nandi
2607 4018 2878 4081 faciebat.
2902 4020 2999 4074 ubi
3025 4019 3138 4076 cito
3159 4021 3431 4093 cognovit
3472 4021 3663 4078 Patris
3695 4040 3833 4079 eum
3864 4025 4066 4082 inclu-

2396 4124 2552 4174 sum,
2572 4125 2639 4164 eo
2665 4108 2971 4164 confestim
2997 4111 3316 4165 exercitum
3342 4111 3577 4182 rapiens
3607 4129 3827 4169 corona
3851 4116 4063 4172 urbem

2395 4197 2805 4266 circumdedit,
2840 4215 3021 4269 prono
3072 4200 3144 4254 ad
3187 4200 3243 4255 id
3291 4217 3435 4256 usus
3483 4202 3682 4258 studio
3734 4202 3961 4259 ducum
3999 4221 4067 4261 ac

2397 4286 2677 4355 militum,
2703 4303 2851 4357 quos
2884 4294 2942 4343 et
2971 4287 3134 4359 ipsos
3164 4288 3299 4343 belli
3325 4306 3442 4344 uno
3476 4290 3532 4344 in
3558 4290 3749 4361 capite
3781 4295 4068 4363 patrandi

2396 4376 2746 4447 percupidos
2780 4376 3080 4431 alacritate
3112 4377 3445 4449 pelliciebat
3474 4380 3543 4434 ad
3578 4383 4068 4439 contendendum

2396 4466 2546 4519 mira
2590 4466 2722 4535 ipsa
2763 4482 2876 4521 non
2926 4466 3105 4521 dubia
3161 4466 3375 4522 vicinia
3428 4471 3651 4539 praedae,
3685 4470 3777 4524 cui
3827 4472 4064 4528 dudum

619 4554 1025 4625 aleamjacere
1048 4550 1620 4623 praelii,destitutum
1640 4546 2023 4617 copiis,u|tra
2045 4564 2278 4602 omnem
2312 4574 2361 4638 Β
2394 4555 2782 4620 inhiaverant,
2816 4573 2989 4627 quam
3026 4557 3151 4612 suis
3184 4558 3388 4628 utique
3427 4560 3547 4630 jam
3586 4561 3867 4617 manibus
3903 4562 4065 4618 elabi

622 4651 687 4700 ut
720 4643 1083 4709 facultatem,
1117 4642 1196 4695 ita
1241 4639 1660 4710 cogitationem
1713 4641 1856 4692 erat.
1895 4636 2065 4692 Porro
2096 4638 2279 4693 duces

621 4750 687 4791 ac
721 4732 939 4788 milites
970 4732 1226 4801 despotaa
1249 4728 1364 4783 late
1397 4743 1499 4799 per
1521 4726 1814 4795 regionem
1847 4726 2036 4796 sparsi
2068 4727 2278 4781 ducem

623 4825 884 4879 hostium
920 4821 1018 4876 ubi
1053 4821 1258 4875 lateret
1287 4816 1567 4873 omnibus
1600 4814 1863 4885 vestigiis
1896 4814 2278 4885 indagabant,

621 4915 955 4969 scrutantes
1003 4908 1243 4965 assidue
1291 4906 1421 4961 loca
1469 4908 1681 4960 cuncta
1710 4903 1931 4974 quibus
1963 4905 2116 4959 8‘26
2146 4921 2279 4960 eum

621 5002 903 5059 abscondi
954 5000 1042 5056 vel
1100 4998 1314 5070 exigua
1362 4995 1625 5067 suspicio
1668 5010 1797 5049 esse
1846 5000 2062 5065 posset.
2119 4995 2281 5051 Unde

620 5110 754 5149 cum
806 5091 906 5146 ille
953 5090 1213 5145 latebras
1262 5085 1519 5142 subinde
1571 5091 1848 5139 mutuaris
1878 5084 2154 5139 continue
2186 5085 2279 5139 fu-

621 5188 804 5254 geret,
837 5180 1110 5237 trahebat
1143 5182 1277 5250 post
1320 5193 1381 5232 se
1408 5175 1632 5241 hostes,
1660 5172 1905 5229 ulterius
1938 5174 2022 5229 sic
2051 5190 2283 5246 semper

619 5272 680 5327 in
728 5272 858 5341 ejus
908 5269 1150 5324 ditionis
1202 5284 1332 5323 sese
1381 5268 1795 5337 promoventes
1844 5263 2094 5318 intima:
2131 5280 2281 5334 quos

619 5361 717 5418 ille
748 5361 876 5433 ipse
920 5357 1253 5415 manifestis
1285 5354 1691 5427 deprehensus
1724 5351 1958 5407 indiciis
1990 5352 2159 5408 ducis
2190 5354 2280 5407 fu-

616 5451 831 5521 gientis
864 5450 1042 5505 timor
1072 5446 1420 5503 audaciores
1470 5443 1699 5499 scilicet
1745 5442 1806 5497 in
1857 5458 1923 5497 eo
1954 5441 2280 5498 invehendo

620 5542 892 5610 faciebat,
920 5541 1095 5595 fretos
1129 5537 1333 5609 utique
1366 5551 1484 5607 qua
1514 5532 1669 5589 clare
1702 5530 2097 5603 praevalebant
2128 5531 2280 5587 mul-

615 5632 895 5697 titudine,
928 5645 1036 5685 nec
1077 5642 1433 5698 magnopere
1474 5622 1916 5679 formidandum
1952 5621 2277 5693 quidquam

614 5722 974 5780 arbitrantes
1005 5720 1078 5775 ab
1109 5733 1177 5774 eo
1206 5716 1306 5789 qui
1330 5714 1554 5771 viribus
1588 5712 1784 5786 palam
1816 5711 2119 5783 difﬁdens,
2143 5727 2278 5783 spes

2392 4647 2688 4716 negabant
2732 4662 2925 4716 posse.
2952 4646 3181 4703 Crebris
3214 4652 3351 4703 ante
3398 4649 3598 4704 omnia
3653 4649 3973 4721 colloquiis
4007 4660 4067 4707 et

2392 4733 2883 4804 promissionibus
2902 4736 3107 4789 tentati
3127 4736 3506 4792 obsessorum
3535 4739 3604 4792 ab
3638 4739 4065 4796 obsidentibus

2393 4821 2570 4877 animi
2595 4831 2751 4878 sunt.
2780 4822 3219 4893 Proponebatur
3252 4825 3400 4895 ipsis
3431 4842 3534 4896 per
3559 4827 3815 4883 subinde
3842 4829 4064 4886 missos

2395 4911 2583 4983 pellux
2614 4917 2669 4967 et
2691 4917 3023 4983 quazstunsa
3049 4914 3331 4978 conditio,
3355 4916 3686 4986 paciscendi
3710 4917 3823 4971 sibi
3851 4925 4069 4989 praeter

2390 5000 2861 5057 incolumitatem
2883 5018 3177 5072 securam,
3204 5002 3579 5075 amplissima
3599 5006 4066 5080 certissimaque

2393 5091 2656 5161 premis,
2690 5108 2819 5163 quas
2863 5092 3184 5162 promereri
3238 5094 3435 5149 statim
3474 5100 3717 5165 possent
3761 5095 3921 5151 facili
3956 5099 4066 5153 de-

2391 5179 2615 5236 ditione
2644 5180 2824 5236 unius
2874 5180 3155 5245 hominis,
3190 5197 3379 5237 causa:
3410 5188 3497 5238 tot
3544 5184 3838 5240 malorum
3872 5185 3969 5240 vel
3999 5186 4061 5242 in

2393 5286 2649 5340 przssens
2683 5270 3019 5341 urgentium
3050 5269 3140 5325 vel
3169 5270 3230 5325 in
3262 5272 3528 5327 futurum
3581 5272 4060 5331 imminentium.

2390 5355 2481 5410 Sic
2512 5355 2668 5410 enim
2700 5363 2856 5410 certo
2888 5354 3195 5424 baberent,
3229 5373 3536 5429 nunquam
3566 5357 3705 5414 inde
3735 5360 4061 5416 abscessu~

2391 5460 2510 5509 ros,
2544 5448 2646 5500 aut
2676 5442 2791 5500 alio
2820 5445 3027 5515 quovis
3068 5449 3340 5516 respectu
3380 5447 3729 5503 avertendos
3756 5447 4067 5506 Romanos

2391 5533 2509 5589 nisi
2541 5534 2808 5589 confecta
2838 5550 2934 5601 re;
2981 5549 3088 5589 nec
3119 5533 3358 5590 interim
3403 5537 3756 5607 parcituros,
3782 5543 3887 5593 aut
3938 5538 4067 5597 ulla

2392 5623 2798 5679 misericordia
2851 5624 3212 5681 revocandos
3240 5624 3314 5679 ab
3344 5626 3588 5682 urendis
3643 5630 3768 5682 tota
3815 5628 4064 5701 regione

2391 5713 2659 5784 frugibus
2687 5729 2754 5769 ac
2783 5713 2978 5784 tectis,
3013 5712 3171 5784 agris
3203 5730 3269 5770 ac
3301 5714 3449 5772 satis
3492 5716 3900 5773 conculcanda
3931 5735 4064 5775 cor-
