4246 6446
219 393 321 448 777

1273 398 1369 451 DE
1406 394 1782 453 MICHAELE
1819 395 2262 453 PALBOLOGO
2296 397 2434 453 LIB.
2475 401 2571 452 IV.

3512 403 3619 457 778

219 517 582 594 στρατοπέδου
653 515 910 594 βαδίζων,
985 519 1141 582 εὐθύς
1193 541 1253 575 τε
1329 518 1861 593 μετασχηματίζεται
1897 520 1946 585 Α
1980 517 2205 593 λιπαρεῖ
2264 522 2508 595 βοηθεῖν,
2570 521 2645 585 εἰς
2700 518 2879 575 πίστιν
2930 521 2987 578 δὲ
3034 526 3140 579 τῶν
3198 524 3445 582 σπονδῶν
3493 528 3619 581 tuu-

217 608 302 660 καὶ
368 607 601 682 χλαῖναν
662 608 755 679 μὶν
838 607 1102 679 μέλαιναν
1173 608 1521 680 περιτίθεται,
1579 612 1765 681 κρατεῖ
1824 603 1876 659 δ’

218 696 313 750 ἀνὰ
341 702 533 771 χεῖρας
584 694 759 750 ’ίππου
819 696 1049 771 ῥυτῆρα,
1104 698 1200 751 παὶ
1261 696 1397 750 κατὰ
1450 695 1747 767 θεράποντα
1783 714 1872 765 με-

215 784 682 857 τασκευασάμενος
765 782 1131 840 καθευδόντων
1218 786 1341 860 περὶ
1442 786 1603 855 μέσας
1677 782 1871 842 νύκτας

216 874 350 927 ἅπαν
382 874 445 928 τὸ
477 870 840 948 στρατόπεδον
894 870 1092 947 διεξῄει
1146 873 1572 949 ἐρωτηματικῶς
1613 870 1867 946 ἐκφωνῶν

214 961 470 1036 συχνάκις
502 962 641 1036 ¹περὶ
674 960 842 1016 ἵππου
868 959 1024 1030 δῆθεν
1051 962 1430 1024 ἀπολωλότος.
1458 961 1562 1017 Καὶ
1587 982 1636 1014 οι
1664 961 1758 1030 μὲν
1782 980 1872 1013 κα-

209 1050 509 1122 τημέλουν,
538 1052 589 1105 o't
617 1049 675 1105 δὲ
722 1072 811 1105 και
866 1050 1233 1124 ἀπελογοῦντο
1264 1048 1475 1112 ἔνδοθεν
1507 1054 1616 1103 τῶν
1650 1052 1865 1117 σκηνῶν

213 1141 288 1211 μὴ
322 1137 453 1193 ἰδεῖν
480 1141 541 1193 τὸ
573 1139 827 1210 σύνολον,
850 1139 1059 1193 ἐκείνου
1088 1140 1179 1193 καὶ
1204 1141 1270 1193 τὰ
1300 1139 1374 1200 εἰς
1407 1139 1615 1213 εὕρεσιν
1659 1135 1864 1209 δαψιλῆ

210 1229 782 1302 καθυπισχνουμένου.
847 1229 948 1284 Καὶ
1010 1227 1153 1283 οὕτω
1214 1228 1394 1283 λαθὼν
1453 1228 1549 1287 τὰς
1614 1228 1863 1279 ἁπάντων

207 1318 435 1390 γνώσεις
485 1316 785 1371 ἀπολύεται
841 1319 934 1390 μὲν
963 1322 1060 1371 τοῦ
1105 1322 1413 1389 Ῥωμαϊκοῦ
1473 1313 1865 1387 στρατοπέδου,

213 1406 583 1469 ἐνσκευασθεὶς
646 1406 703 1460 δὲ
761 1408 853 1477 ἅμ’
901 1404 995 1478 ἴῳ,
1044 1406 1134 1459 καὶ
1186 1403 1255 1459 δι’
1285 1404 1508 1474 ἀδήλων
1561 1406 1653 1465 τάς
1686 1399 1865 1473 Θήϐας

210 1493 265 1549 ἐν
322 1494 556 1569 ἡμέραις
617 1493 861 1569 μετρίαις
905 1489 1251 1561 καταλαϐὼν,
1289 1492 1520 1567 μηδενὸς
1554 1497 1661 1547 τῶν
1700 1491 1865 1545 αὐτοῦ

208 1581 418 1644 εἰδότος
450 1581 602 1656 (οὐδὲ
633 1586 735 1657 γὰρ
765 1585 818 1637 οἱ
849 1580 1001 1637 ἔνδον
1054 1588 1279 1655 Πατρῶν
1331 1582 1478 1651 πλὴν
1510 1586 1618 1635 τῶν
1648 1579 1863 1635 οἰκείων

204 1671 294 1726 καὶ
354 1675 437 1733 οἷς
490 1672 763 1727 ὶπίστευεν
818 1669 1038 1746 ᾔδεσαν,
1093 1669 1146 1725 ο⁹ί
1205 1669 1270 1739 δὴ
1331 1671 1420 1724 καὶ
1481 1669 1559 1745 ἐφ’
1623 1670 1861 1742 ἡμέραις

205 1757 445 1832 ἔμελλον
478 1760 782 1829 συσκιάζειν
843 1761 905 1815 τὸ
964 1758 1143 1834 δρᾶμα
1198 1765 1313 1820 τοῖς
1376 1758 1428 1813 ἐν
1474 1762 1543 1830 τῇ
1588 1757 1746 1811 πόλει
1783 1757 1859 1828 μὴ

204 1847 534 1923 φαινομένου
584 1853 683 1903 τοῦ
745 1850 1045 1919 Ἰωάννου),
1105 1847 1277 1902 ἐκεῖσε
1338 1846 1518 1901 τοίνυν
1561 1847 1656 1899 τὸν
1693 1846 1857 1917 μέγαν

204 1935 392 2011 κύριον
450 1931 883 2009 καταλαμϐάνει,
932 1937 1331 2009 ὁμωνυμοῦντά
1371 1936 1422 1989 οἱ
1457 1937 1537 2008 [Ρ.
1570 1936 1696 2006 221]
1730 1940 1858 2004 (Συ-

209 2024 482 2100 ριωάννης
530 2027 634 2101 γὰρ
678 2026 817 2080 κατὰ
861 2024 1113 2100 γλῶτταν
1166 2023 1431 2100 ἐλέγετο),
1471 2023 1560 2078 καὶ
1594 2020 1661 2091 δὴ
1689 2042 1861 2094 προσ-

196 2239 566 2310 rumpendis,
611 2238 951 2294 excidendis
1001 2238 1209 2306 vineis,
1268 2238 1525 2309 denique
1574 2235 1741 2308 ipsis,
1801 2234 1850 2290 si

197 2328 464 2399 accipere
480 2328 679 2382 oblata
702 2331 1351 2398 recusarent,tanquam
1371 2326 1644 2381 hostibus
1661 2324 1853 2378 inexo-

194 2413 914 2480 rabiliterinfensis,omni
946 2413 1082 2468 belli
1119 2414 1282 2469 clade
1314 2414 1850 2486 perdendis,quan-

196 2507 490 2574 tacunque
517 2504 666 2558 827
709 2503 779 2557 ad
817 2502 871 2556 id
898 2502 1319 2573 perﬁciendum
1369 2501 1655 2573 patientia
1703 2515 1851 2571 opus

196 2596 374 2647 esset.
408 2592 556 2647 Nam
589 2592 698 2647 sibi
746 2591 1048 2647 abundare
1094 2590 1303 2659 otium,
1337 2595 1393 2645 et
1439 2590 1608 2645 unice
1646 2604 1851 2643 vacare

198 2680 394 2736 soluto
426 2682 586 2736 curis
617 2679 1217 2750 aliis,quantumlihet
1234 2681 1490 2752 spatium
1514 2679 1574 2732 in
1601 2696 1668 2732 ea
1694 2677 1849 2732 obsi-

195 2769 372 2825 dione
403 2786 768 2825 consumere.
802 2768 965 2824 Talia
1014 2768 1389 2824 denuntianti
1438 2769 1691 2837 despotae
1738 2767 1849 2821 Pa-

197 2864 430 2915 trenees
453 2858 572 2914 sive
593 2874 723 2913 vere
754 2858 1100 2929 sinceraque
1117 2859 1328 2913 mentis
1348 2858 1594 2929 propria:
1618 2860 1852 2911 senten-

195 2949 299 3015 tia,
363 2947 484 3004 sive
533 2948 614 3003 ita
664 2948 996 3003 faciendum
1050 2953 1423 3019 suggerente,
1470 2962 1641 3016 quem
1689 2945 1851 2999 intus

194 3053 398 3093 secum
434 3036 747 3104 habebant,
778 3040 1004 3091 Joanne
1029 3038 1197 3105 duce,
1245 3039 1547 3090 mansuete
1573 3035 1852 3088 modeste-

198 3142 314 3198 que
329 3126 784 3197 respondebant;
813 3128 1484 3192 excusantes,maturam
1503 3124 1562 3177 in
1582 3122 1854 3194 praesenti

1980 616 2097 669 τοῖς
2152 610 2239 663 καὶ
2296 608 2465 677 κῆδος
2522 610 2680 664 ἐτίθει
2730 612 3001 685 γενέσθαι,
3051 615 3124 675 ὡς
3178 612 3367 670 λαϐεῖν
3415 615 3617 670 ἐκεῖνον

1979 693 2223 771 γαμϐρὸν
2283 697 2370 752 ἐπὶ
2429 698 2669 773 θυγατρί.
2730 700 2792 755 Ὀ
2852 697 2908 754 δὲ
2968 703 3130 775 μέγας
3189 704 3381 777 κύριος
3436 705 3619 758 Ἰωάν-

1979 808 2075 857 νης
2122 808 2189 841 τα
2244 789 2361 850 καθ’
2421 787 2580 841 αὐτὸν
2640 788 2733 859 μέν
2794 796 3113 863 παρῃτεῖτο,
3174 800 3248 855 ὡς
3308 790 3438 864 μηδ’
3487 790 3621 847 εἶναί

1979 878 2028 931 οἱ
2088 874 2307 930 δυνατὸν
2368 875 2460 930 ἐπὶ
2536 876 2756 950 συζυγίᾳ
2819 878 3231 956 καταληφθῆναι
3293 882 3501 945 ἀσθενεῖ
3558 902 3621 954 γε

1976 960 2090 1019 ὄντι
2164 964 2252 1018 καὶ
2321 962 2567 1039 ποδάγρα
2642 962 2794 1036 δεινῇ
2866 966 3322 1040 προσπαλαίοντι,
3385 966 3618 1044 ἀδελφὸν

1976 1050 2032 1106 δέ
2074 1053 2126 1105 οἱ
2174 1052 2306 1106 εἶναι
2353 1052 2442 1105 τὸν
2490 1048 2656 1105 παῖδα
2708 1051 3077 1125 Γουλίελμον,
3115 1054 3175 1108 δν
3222 1054 3311 1108 καὶ
3344 1055 3417 1115 εἷς
3449 1052 3621 1123 κῆδος

1976 1144 2094 1195 οἷον
2126 1140 2325 1201 ἐκεῖνος
2358 1138 2635 1206 προῦτεινε
2666 1141 2754 1194 καὶ
2808 1141 2927 1195 λίαν
2966 1145 3246 1217 χρήσιμον
3278 1140 3617 1217 παρεδείκνυ.

1974 1227 2147 1287 Ἀλλά
2174 1230 2240 1283 τὰ
2273 1230 2367 1300 μὶν
2391 1232 2488 1283 τοῦ
2532 1226 2733 1298 κήδους
2784 1229 2873 1283 καὶ
2923 1228 3139 1304 ὕστερον
3174 1228 3327 1304 ἔλεγε
3355 1231 3619 1302 τελεσθή-

1973 1320 2153 1373 σεσθαι
2202 1323 2308 1371 τῶν
2358 1315 2828 1390 συναλλαγμάτων
2889 1319 3175 1391 κειμένων,
3226 1319 3255 1374 ὅ
3300 1317 3365 1389 δη
3406 1320 3497 1374 καὶ
3527 1322 3619 1395 γέ-

1971 1406 2284 1477 γονε·τὸτε
2332 1401 2389 1457 δὲ
2438 1404 2783 1476 τριακοσίους
2830 1401 3235 1479 καϐαλλαρίους
3283 1405 3408 1469 δοὺς
3446 1408 3613 1480 αὐτῶ,

1971 1485 2004 1552 ἢ
2064 1485 2153 1538 καὶ
2222 1483 2465 1551 πλείους,
2522 1484 2595 1544 ὡς
2655 1481 2889 1559 λέγεται,
2948 1484 2997 1557 ἐξ
3058 1486 3223 1550 αὐτῆς
3277 1484 3615 1559 ἀποπέμπει,

1971 1568 2165 1645 ἄνδρας
2214 1568 2459 1645 ἀρεϊκοὺς
2517 1570 2607 1624 καὶ
2659 1569 2885 1626 πολλῶν
2940 1594 3101 1626 τινων
3152 1579 3617 1651 καθυπερτεροῦν-

1967 1682 2082 1723 τας.
2138 1660 2245 1720 Οὕς
2294 1654 2476 1714 λαϐὼν
2536 1659 2626 1713 καὶ
2682 1666 2799 1723 τοῖς
2855 1660 3019 1715 αὐτοῦ
3067 1664 3369 1735 προσμίξας
3404 1661 3493 1719 διὰ
3520 1686 3615 1719 τα-

1972 1752 2138 1823 χέων,
2184 1750 2257 1809 ῶς
2311 1746 2507 1820 μηδενὶ
2561 1749 2861 1824 φωραθείη,
2910 1752 3097 1824 καιρὸν
3149 1750 3484 1827 ἐπιτηρήσας
3516 1754 3618 1826 ἐμ-

1968 1838 2154 1892 πίπτει
2206 1841 2313 1891 τῶν
2376 1836 2726 1911 πραχθέντων
2800 1840 2875 1910 μή
2952 1838 3291 1911 αἰσθομένοις
3371 1839 3512 1913 μηδέ
3564 1863 3617 1897 τι

1970 1924 2371 2002 προσδοκῶσιν,
2428 1924 2555 1981 ἀλλ’
2613 1927 2663 1981 ἐν
2724 1927 2893 1983 ἀνέσει
2952 1929 3183 2001 παντοίᾳ
3240 1928 3480 2005 διάγουσι
3520 1932 3616 1987 λο-

1969 2020 2180 2094 γισμῶν
2216 2016 2309 2087 γὼς
2370 2013 2520 2070 ἔνδον
2580 2014 3042 2091 ἐγκεκλεισμένου.
3095 2020 3246 2082 Τέως
3298 2017 3354 2075 δὶ
3404 2022 3477 2083 ὡς
3511 2021 3621 2076 εἱσ-

1964 2232 2210 2302 impune
2238 2230 2498 2301 trajectis
2522 2245 2697 2299 quam
2718 2229 2834 2285 late
2861 2232 3135 2300 patebant
3164 2233 3373 2288 castris
3405 2234 3614 2289 Roma-

1966 2322 2058 2375 nis
2090 2319 2396 2388 universis,
2425 2319 2536 2373 sub
2567 2335 2840 2373 auroram
2876 2336 2975 2390 per
3006 2322 3124 2375 vias
3160 2321 3423 2378 occultas
3463 2340 3606 2378 con-

1962 2410 2152 2465 tendit
2181 2409 2411 2463 Tbebas
2435 2424 2659 2473 versus,
2694 2424 2810 2479 quo
2843 2408 3049 2479 paucis
3079 2410 3289 2465 diebus
3340 2411 3606 2483 inexspe-

1964 2498 2325 2554 ctatissimus
2360 2496 2639 2567 pervenit.
2665 2497 2771 2562 Qui
2805 2499 2959 2553 enim
2996 2498 3075 2553 ibi
3106 2497 3428 2571 quidquam
3462 2519 3611 2573 prae-

1964 2587 2187 2643 moneri
2220 2587 2291 2640 de
2331 2586 2484 2641 328
2529 2588 2657 2655 ejus
2695 2587 2948 2641 adventu
2982 2588 3294 2658 potuisset,
3330 2606 3505 2659 quem
3542 2608 3616 2647 ne

1966 2679 2269 2733 Patrenses
2285 2679 2522 2747 quidem
2550 2678 2733 2731 Patris
2757 2678 3077 2734 excessisse
3091 2681 3283 2733 adhuc
3310 2688 3608 2751 noverant,

1964 2767 2165 2838 paucis
2195 2766 2310 2821 illis
2342 2765 2796 2821 domesticorum
2831 2766 3071 2832 factum,
3106 2768 3275 2838 cujus
3308 2768 3413 2823 soli
3446 2774 3611 2824 erant

1964 2854 2205 2921 conscii,
2241 2854 2458 2909 silentii
2486 2854 2637 2926 quod
2665 2860 2866 2909 sancte
2899 2856 3290 2926 promiserant
3324 2859 3433 2912 lide
3455 2875 3613 2913 sum-

1965 2961 2059 3000 ma
2088 2944 2434 3000 celantibus.
2467 2950 2524 2998 et
2549 2952 2717 3014 prout
2750 2951 3096 3000 convenerat
3124 2945 3373 3002 Joannis
3402 2947 3619 3003 absen-

1966 3034 2108 3089 tiam
2141 3034 2476 3104 tegentibus
2506 3033 2751 3087 artificio
2811 3034 2975 3089 facile
3006 3040 3300 3090 avertente
3351 3036 3616 3092 curiosas

1967 3124 2336 3194 suspiciones
2369 3121 2633 3176 sollicitae
2667 3123 2986 3193 praesertim
3017 3128 3071 3177 et
3104 3123 3219 3178 alio
3250 3129 3483 3179 attenta:
3513 3125 3612 3179 tali

202 3230 328 3270 rem
363 3231 477 3269 non
506 3230 673 3282 esse;
705 3214 1048 3285 suppliciter
1078 3219 1312 3270 orantes
1336 3214 1551 3268 remitti
1573 3212 1857 3283 tantisper
1886 3228 1929 3295 ρ
1968 3217 2120 3269 statu
2155 3211 2423 3267 civitatis.
2457 3214 2532 3265 At
2559 3211 2816 3267 Joannes
2847 3228 3126 3285 magnum
3160 3212 3378 3268 Thebis
3428 3214 3613 3269 domi-

195 3305 661 3377 oppugnationis
720 3306 1016 3376 impetus;
1079 3320 1358 3375 magnum
1428 3304 1619 3357 brevis
1680 3318 1854 3356 morte

197 3394 456 3465 pretium
493 3393 649 3462 fore;
681 3410 814 3449 nam
848 3409 909 3448 se
941 3393 1173 3448 interim
1216 3390 1579 3447 confirmatis
1611 3390 1852 3457 viribus,

208 3482 309 3536 ubi
346 3481 637 3553 praesidio,
674 3482 829 3551 quod
881 3481 1222 3551 impositum
1280 3479 1605 3535 cervicibus
1638 3480 1855 3549 perfer-

202 3575 357 3639 rent,
392 3569 704 3625 eluctando
732 3570 878 3625 satis
910 3574 1173 3641 possent,
1215 3568 1414 3624 omnia
1473 3585 1599 3639 qua:
1654 3583 1856 3637 posce-

200 3664 413 3715 rentur
468 3660 777 3715 eﬁ'ecturos
828 3662 886 3713 et
924 3660 1205 3714 Joannem
1258 3659 1316 3712 in
1352 3674 1520 3713 suam
1556 3658 1854 3711 redactum

200 3752 561 3821 potestatem
580 3748 922 3803 tradituros.
942 3747 1172 3802 Auditae
1190 3762 1390 3818 preces
1422 3750 1581 3801 sunt.
1602 3745 1704 3801 Vis
1726 3762 1856 3800 sus-

200 3836 518 3911 penditur;
548 3838 691 3893 ﬁdes
721 3841 1095 3908 exspectatur
1128 3836 1857 3906 promissorum.L0ngum

203 3924 267 3980 in
299 3925 397 3980 his
426 3930 665 3996 tempus
710 3924 854 3988 abit,
909 3923 1043 3978 hinc
1090 3923 1469 3977 Patrensibus
1512 3922 1569 3975 in
1614 3922 1859 3975 artiﬁcio

202 4014 367 4087 quod
428 4015 710 4086 prodesse
775 4017 1049 4084 coeperat,
1106 4012 1371 4083 gnaviter
1435 4011 1857 4081 perstantibus,

202 4103 347 4160 inde
370 4102 651 4159 Romanis
672 4118 773 4173 spe
789 4101 902 4158 sibi
928 4118 1077 4156 vana
1106 4100 1360 4156 victoriae
1388 4100 1664 4171 proximus
1687 4098 1859 4153 blan-

198 4192 657 4248 dientibus.Hoc
689 4191 935 4245 articulo
988 4206 1181 4245 rerum
1246 4189 1595 4244 tentandum
1638 4187 1859 4259 aliquid

202 4297 496 4355 magnum
528 4281 647 4335 dux
674 4280 933 4335 Joannes
964 4278 1294 4343 constituit,
1318 4277 1584 4332 adhibita
1616 4278 1675 4332 in
1721 4294 1859 4333 con-

199 4368 772 4442 silium,przeteripsi
791 4367 1132 4424 familiarem
1149 4367 1529 4437 innatamque
1544 4366 1859 4431 audaciam,

194 4465 470 4517 extrema
512 4458 869 4515 necessitate
901 4473 1099 4513 rerum
1130 4473 1373 4512 suarum
1411 4456 1619 4511 ultimo
1643 4455 1769 4526 jam
1802 4454 1862 4509 in

202 4548 555 4606 discrimine
596 4546 977 4619 pendentium
1010 4563 1022 4602 :
1055 4550 1229 4602 noctu
1281 4561 1383 4617 per
1431 4545 1579 4600 fidos
1624 4561 1862 4617 paucos,

186 4639 436 4711 juratos
467 4653 680 4693 arcano
712 4636 929 4691 factum
963 4635 1291 4700 habituros,
1326 4634 1553 4689 demitti
1588 4650 1650 4689 se
1694 4650 1865 4689 cura-

198 4728 286 4783 vit
316 4726 562 4781 funibus
612 4741 713 4796 per
760 4740 1024 4789 murum,
1068 4728 1229 4779 veste
1278 4728 1448 4778 antea
1491 4728 1738 4789 mutata,
1790 4738 1860 4776 ne

203 4820 415 4891 posset
441 4814 699 4887 agnosci.
735 4814 888 4869 Tum
911 4818 975 4867 ut
1011 4817 1135 4868 erat
1165 4828 1305 4884 sago
1337 4812 1506 4882 nigro
1544 4811 1603 4865 in
1655 4811 1859 4865 famuli

200 4905 469 4980 speciem
503 4905 788 4972 larvatus,
822 4902 956 4974 equi
983 4903 1247 4958 habenas
1268 4918 1443 4956 manu
1462 4904 1864 4968 tenens,nocte

202 4994 506 5054 concubia
535 4991 947 5050 dormentibus
978 4991 1227 5056 cunctis,
1267 5006 1369 5062 per
1419 4991 1610 5045 media
1653 4989 1866 5045 transit

205 5092 434 5150 castra,
465 5084 788 5139 identidem
824 5081 1134 5154 inquirens
1178 5080 1431 5153 supplici
1484 5080 1759 5149 clamore,
1814 5079 1865 5135 si

205 5175 313 5246 qui
371 5172 549 5229 sciret
605 5188 722 5243 quo
782 5171 1027 5226 abiisset
1074 5169 1186 5225 sibi
1239 5168 1475 5240 elapsus
1524 5185 1713 5239 equus
1763 5169 1864 5224 do-

198 5263 378 5330 mini,
416 5266 746 5317 monstrare
778 5275 849 5315 ne
882 5263 1231 5331 gravaretur
1271 5274 1284 5312 :
1340 5274 1613 5330 magnam
1667 5258 1867 5312 indicii

204 5353 551 5410 mercedem
598 5351 741 5407 fore.
776 5350 871 5405 Sic
920 5353 1159 5404 euntem
1210 5347 1259 5402 si
1310 5348 1408 5419 qui
1456 5347 1661 5419 vigiles
1710 5348 1869 5404 vide-

204 5445 379 5512 bant,
413 5441 723 5513 procedere
758 5439 1055 5506 sinebant,
1092 5437 1240 5491 nihil
1272 5437 1555 5509 suspicati
1584 5454 1595 5491 :
1627 5436 1727 5492 alii
1767 5440 1873 5493 ab-

203 5533 317 5589 diti
352 5528 755 5586 tabernaculis
786 5544 934 5599 quos
983 5543 1229 5582 somnus
1281 5526 1353 5580 ab
1414 5528 1706 5582 audiendo
1759 5545 1872 5583 non

207 5625 466 5687 arceret,
499 5617 859 5691 negligenter
890 5616 1119 5671 reddita
1161 5616 1321 5670 intus
1366 5631 1503 5670 voce
1557 5619 1878 5687 responde—

205 5712 359 5768 bant
388 5713 674 5782 negantes
704 5722 924 5780 equum
957 5705 1072 5761 sibi
1102 5704 1316 5761 visum.
1342 5704 1407 5760 In
1441 5703 1595 5760 hunc
1628 5706 1876 5763 modum

540 5828 811 5889 Ρηιοι..
859 5825 971 5887 Gn.
1018 5823 1273 5885 CXLIII.

1974 3318 2115 3356 num
2152 3300 2375 3355 invenit
2406 3299 2516 3355 sibi
2550 3301 2961 3371 cognominem
2990 3318 3001 3355 :
3027 3302 3380 3372 Syrioannes
3403 3303 3617 3374 quippe

1972 3389 2131 3460 linga
2164 3390 2284 3443 illic
2318 3388 2535 3443 usitata
2562 3389 2900 3444 vocabatur.
2936 3394 3101 3444 Hunc
3130 3390 3352 3446 'adiens
3398 3392 3617 3446 inﬁmis

1972 3478 2246 3551 precibus
2278 3481 2403 3533 orat
2435 3483 2500 3532 ut.
2531 3478 2642 3531 sibi
2675 3476 3008 3547 auxilietur,
3060 3478 3257 3534 oblata
3304 3480 3362 3535 in
3405 3481 3620 3552 pignus

1973 3568 2205 3623 fmderis
2240 3566 2475 3638 prOpria
2510 3566 2629 3621 filia
2661 3566 2771 3637 ipsi
2806 3572 3082 3639 nuptura.
3133 3569 3216 3623 Ad
3260 3586 3329 3624 ea
3373 3586 3624 3639 magnus

1974 3658 2248 3712 dominus
2278 3657 2536 3711 Joannes
2570 3658 2821 3727 negabat
2843 3673 2904 3711 se
2928 3662 3130 3728 aptum
3156 3659 3626 3731 nuptiis,quippe

1973 3763 2104 3801 cum
2139 3746 2312 3799 malis
2335 3744 2625 3814 desperati
2659 3746 2902 3800 remedii
2938 3746 3092 3812 aliis,
3140 3751 3266 3802 tum
3309 3747 3622 3803 incurabili

1973 3835 2295 3908 praesertim
2326 3833 2723 3888 conflictatum
2759 3835 3038 3905 podagra.
3074 3836 3182 3891 Sed
3238 3838 3475 3891 fratrem
3509 3838 3622 3893 sibi

1972 3940 2101 3980 esse
2130 3922 2556 3978 adolescentem
2592 3922 2970 3989 Gulielmum,
3003 3941 3176 3996 quem
3212 3926 3269 3979 in
3300 3925 3473 3981 istam
3499 3927 3621 3981 afﬁ-

1973 4015 2216 4069 nitatem
2246 4012 2355 4066 sibi
2392 4012 2557 4066 valde
2589 4012 2893 4082 probatam
2936 4018 2994 4068 et
3045 4014 3341 4085 utrimque
3381 4015 3617 4085 judica-

1972 4108 2093 4158 tam
2124 4101 2323 4157 utilem
2360 4101 2609 4157 offerret.
2644 4123 2668 4147 α
2702 4105 2915 4157 Verum
2952 4103 3094 4171 haec,
3131 4124 3158 4153 »
3189 4102 3407 4175 inquit,
3441 4105 3614 4176 «jam

1973 4208 2129 4248 nunc
2160 4192 2313 4245 inter
2344 4206 2449 4244 nos
2479 4194 2765 4245 conventa
2796 4207 2901 4245 suo
2932 4192 3204 4247 videlicet
3253 4193 3619 4250 curabuntur

1972 4286 2254 4354 tempore,
2286 4309 2313 4334 ι
2345 4284 2518 4351 prout
2559 4284 2646 4335 est
2704 4297 2901 4336 revera
2942 4281 3185 4349 factum,
3228 4282 3358 4339 istis
3408 4284 3620 4341 deinde

1976 4370 2083 4426 rite
2132 4369 2444 4425 celebratis
2495 4368 2716 4440 nuptiis
2768 4386 2781 4424 :
2834 4392 2861 4419 «
2912 4387 3067 4425 nunc
3122 4375 3184 4426 ut
3232 4373 3385 4444 quod
3440 4374 3623 4429 instat

1977 4465 2410 4532 praevertamus,
2442 4458 2639 4529 accipe
2672 4476 2705 4513 a
2737 4474 2827 4513 me
2868 4459 3084 4515 auxilia
3117 4477 3243 4531 qua:
3276 4463 3556 4532 postulas.
3596 4484 3619 4515 ε

1980 4549 2256 4619 Datisque
2278 4546 2363 4601 illi
2396 4546 2729 4602 caballariis
2762 4549 3061 4619 trecentis,
3096 4553 3217 4619 aut,
3269 4558 3335 4606 ut
3382 4551 3623 4623 quidam

1974 4641 2267 4702 asserunt,
2305 4635 2597 4707 pluribus,
2631 4652 2765 4690 eum
2818 4637 3095 4693 continuo
3147 4638 3393 4695 dimisit.
3448 4641 3625 4697 Erant

1971 4727 2028 4781 bi
2064 4726 2374 4781 bellatores
2405 4723 2713 4779 lectissimi
2743 4742 2971 4795 omnes,
3008 4725 3387 4800 pluriumque
3435 4729 3623 4786 instar

1973 4814 2334 4886 singuli.Hos
2365 4813 2491 4869 suis
2522 4814 2811 4869 admistos
2840 4831 3076 4870 summa
3119 4816 3415 4874 celeritate
3463 4818 3620 4891 pari-

1976 4919 2090 4977 que
2138 4902 2397 4967 silentio,
2458 4919 2529 4957 ne
2588 4900 2705 4957 ullo
2755 4919 2929 4958 sensu
2986 4904 3067 4959 rei
3123 4922 3248 4976 quae
3306 4908 3624 4978 parabatur

1975 4992 2175 5047 hostes
2240 4991 2719 5059 admonerentur,
2770 4991 2978 5047 castris
3034 4992 3103 5047 ad
3170 4992 3370 5049 Patras
3418 4996 3626 5067 positis

1977 5082 2314 5145 admovens,
2349 5080 2405 5134 in
2458 5095 2525 5135 ea
2574 5084 2902 5152 opportuno
2939 5086 3170 5152 captato
3201 5086 3462 5155 tempore
3488 5085 3627 5141 totis

1977 5172 2205 5226 viribus
2237 5170 2531 5241 irrumpit.
2568 5170 2843 5225 Omnium
2880 5171 3089 5226 horum
3149 5188 3390 5243 prorsus
3439 5175 3628 5246 ignari

1982 5261 2226 5315 Romani
2261 5263 2430 5313 erant
2462 5258 2607 5312 nihil
2642 5263 2768 5313 tum
2807 5259 3001 5313 minus
3051 5277 3227 5330 quam
3287 5264 3403 5316 tale
3462 5264 3633 5333 quid-

1984 5349 2141 5423 piam
2174 5352 2604 5419 exspectantes.
2638 5348 2811 5415 Quin,
2845 5354 2911 5404 ut
2957 5349 3015 5403 in
3063 5349 3280 5421 supina
3328 5353 3640 5409 securitate

1987 5438 2110 5494 fieri
2144 5444 2326 5504 amat,
2360 5436 2415 5490 in
2454 5437 2647 5492 omnis
2680 5453 2742 5492 se
2794 5438 3026 5509 generis
3067 5439 3445 5497 remissiones
3491 5444 3642 5499 rela-

1984 5530 2288 5590 xaverant,
2319 5542 2491 5579 curas
2521 5527 2783 5580 solvente
2808 5531 3051 5582 cunctas
3098 5528 3392 5600 opinione,
3434 5530 3527 5585 cui
3578 5537 3646 5588 ut

1989 5615 2336 5673 certissimae
2396 5614 2836 5685 acquiescentes
2888 5616 3413 5688 persuasissimum
3466 5620 3645 5677 habe-

1993 5708 2133 5764 bant
2161 5706 2446 5763 Joannem
2482 5703 2687 5776 utique
2715 5706 2925 5763 ducem
2976 5724 3009 5763 a
3054 5724 3171 5779 quo
3216 5725 3332 5765 uno
3384 5714 3645 5769 metuere

3246 5828 3320 5889 25
