4246 6446
630 386 740 440 779

1938 384 2240 443 GEORGII
2276 386 2740 444 PACHYMEBB

3936 386 4042 443 780

637 505 832 565 ϐάλλει
882 509 1015 564 ποτὶ
1069 508 1294 585 στρατὸς
1355 509 1675 572 ἀκούσαντες
1727 507 1920 585 σχεδὸν
1977 508 2279 584 ἐταράχθη·
2308 519 2361 584 Α
2391 507 2646 582 Ἐκλίνθη
2682 509 2729 566 δ’
2758 513 2792 581 ἡ
2830 510 3006 586 μάχη,
3042 512 3182 567 εἶπεν
3215 509 3274 566 ἅν
3325 533 3407 574 τις
3449 517 3775 582 ποιητικῶς,
3811 514 3901 567 καὶ
3933 515 4038 566 τῶν

639 620 759 668 σαν,
790 600 1109 673 ἀγνοοῦντες
1157 600 1219 652 τὸ
1269 597 1470 673 δρᾶμα.
1521 598 1651 653 Τότε
1695 599 1873 653 τοίνυν
1921 598 2279 671 συμμίξαντες

637 685 783 742 ἔνθεν
821 689 912 761 μὲν
947 689 998 742 οἳ
1056 687 1178 763 περὶ
1233 688 1325 743 τὸν
1383 689 1616 760 Ῥιμψᾶν
1679 688 1898 761 Ηέρσαι,
1955 687 2100 742 πολὺ
2135 685 2190 742 δὲ
2219 687 2280 741 τὸ

639 779 947 849 Ῥωμαϊκὸν
1004 778 1094 832 καὶ
1153 779 1210 831 οἱ
1289 779 1413 852 περὶ
1487 779 1581 832 τὸν
1651 775 1917 847 δεσπότην
1978 777 2281 847 κράτιστοι,

642 866 843 929 ἐκεῖθεν
891 863 948 920 δὲ
995 867 1046 920 οἱ
1087 867 1212 933 περὶ
1257 866 1348 919 τὸν
1409 866 1663 935 Ἰωάννην
1725 864 1926 922 Ἰταλοὶ
1973 865 2062 919 καὶ
2105 867 2157 919 οἱ
2187 864 2285 919 αὐ-

643 959 740 1008 τοῦ
769 954 975 1010 πολλοί
1002 975 1060 1030 γε
1102 951 1253 1019 ὄντες
1297 956 1382 1009 καὶ
1421 954 1660 1030 μάχιμοι
1710 954 2153 1031 ωνερῥήγνυντο.
2188 954 2286 1008 Καὶ

645 1043 1010 1116 συμπεσόντες
1059 1043 1237 1119 ὀλίγοι
1288 1043 1514 1107 πλείους
1561 1044 1770 1098 ἐνίκων.
1824 1045 1891 1100 Οἱ
1943 1044 2036 1116 μὲν
2084 1045 2185 1118 γὰρ
2216 1045 2285 1116 τῇ

645 1135 762 1187 κατ’
813 1133 1010 1194 αὐτοὺς
1061 1133 1299 1203 συντάξει
1357 1133 1678 1209 θαρροῦντες
1732 1134 1973 1204 ἀκμῆτες
2002 1129 2148 1193 ὄντες
2198 1133 2288 1186 καί

645 1221 697 1290 ἐξ
738 1222 903 1291 αὐτῆς
934 1218 1145 1294 ἕτοιμοι
1186 1217 1521 1296 προσϐαλεῖν
1569 1224 1704 1276 κατὰ
1745 1223 1947 1293 τρόπον
1979 1220 2282 1276 ἐνέπιπτον”

645 1311 700 1365 οῗ
752 1308 809 1365 δὲ
858 1315 1020 1366 τοῦτο
1081 1311 1177 1384 μὲν
1228 1315 1307 1382 τῷ
1375 1309 1772 1386 ἀπροσδοκήτῳ
1827 1309 2285 1384 καταμλαγέντες,

639 1404 800 1455 τοῦτο
833 1397 890 1454 δὲ
921 1400 1006 1454 καὶ
1059 1398 1273 1469 πλῆθος
1323 1399 1629 1471 σύμμικτον
1663 1395 1830 1466 ὄντες,
1883 1399 1933 1452 έν
1965 1402 2046 1459 οἷς
2080 1397 2282 1474 ἀνάγκη

639 1489 729 1542 καὶ
780 1510 930 1550 τινας
988 1490 1076 1542 καὶ
1134 1489 1280 1561 παρᾶ
1331 1489 1393 1542 τὸ
1452 1489 1630 1563 χρεὼν
1690 1486 1977 1565 ὀρρωδεῖν,
2041 1487 2282 1548 ἀτάκτως

639 1577 730 1631 καὶ
764 1579 838 1638 ὡς
870 1577 930 1632 ού
966 1578 1111 1654 σφίσι
1165 1576 1483 1652 θαρροῦντες
1532 1576 1829 1652 ἐμάχοντο.
1865 1577 1966 1634 Καὶ
1997 1574 2160 1637 τέλος
2189 1583 2289 1645 τῆς

642 1665 868 1741 πρώτης
907 1666 1186 1744 φάλαγγος
1234 1665 1548 1736 ἐκλυθείσης
1581 1667 1634 1720 αἱ
1675 1666 1900 1720 κατόπιν
1936 1664 1985 1718 ἐν
2021 1665 2082 1719 ού
2110 1683 2287 1737 προσ-

641 1754 904 1825 ηκούσαις
964 1752 1194 1816 δειλίαις
1273 1755 1432 1826 ἦσαν,
1506 1755 1593 1809 καὶ
1655 1753 2104 1829 συνεταράσσοντο
2171 1753 2288 1815 καθ’

642 1843 840 1905 αὐτοὺς
901 1841 1317 1916 θορυϐούμενοι,
1376 1842 1464 1896 καὶ
1527 1843 1718 1918 μικρὸν
1796 1839 2287 1905 ὀπισθοποδοῦντες

640 1932 801 1995 τέλος
833 1932 910 1994 εἷς
959 1934 1136 2009 φυγὴν
1185 1927 1442 2005 ἔϐλεψαν,
1491 1933 1579 1985 καὶ
1623 1934 1714 1986 τὸν
1760 1931 2022 2007 πρότερον
2057 1932 2084 1985 ὁ
2117 1930 2283 1986 ἐπιὼν

641 2019 962 2093 κατηπόδει,
1013 2020 1247 2093 κάκείνῳ
1296 2019 1466 2081 ἄλλος
1514 2023 1833 2095 προσέπαιε,
1860 2020 1950 2076 καὶ
1983 2020 2126 2074 οὕτω
2157 2041 2294 2094 συγ-

644 2111 896 2186 χυθέντες
943 2109 1242 2166 ἀπεδύοντο
1297 2111 1391 2182 μὶν
1443 2109 1510 2164 τὰ
1564 2110 1732 2177 ὅπλα,
1783 2108 2018 2164 ἀπέλυον
2071 2106 2127 2163 δὲ
2165 2107 2292 2170 τοὺς

637 2199 866 2271 ἵππους,
924 2200 1013 2254 καὶ
1075 2199 1260 2272 μόνοις
1327 2199 1483 2253 ποσίν
1567 2199 1823 2276 έθάῤῥουν
1882 2200 1944 2253 τὸ
2003 2197 2288 2268 σώζεσθαι,

641 2290 829 2345 πολλὰ
855 2294 956 2344 τοῦ
988 2287 1253 2344 δεσπότου
1296 2289 1357 2342 τὸ
1421 2289 1516 2360 μὶν
1565 2293 1897 2350 συνισῶντος
1945 2287 2020 2349 είς
2069 2286 2287 2362 θάρρος,

640 2383 704 2437 τὸ
734 2377 780 2435 δ’
810 2380 1186 2448 ἀπειλοῦντος,
1220 2376 1332 2435 ἔστι
1391 2376 1437 2432 δ’
1498 2377 1559 2433 οὗ
1611 2399 1673 2454 γε
1710 2379 1801 2433 καὶ
1830 2377 2283 2454 παροτρύνοντος.

639 2595 860 2667 aliquid
877 2593 1519 2666 poterant,conclusum
1541 2592 1725 2648 teneri
1741 2608 2067 2663 arce,quam
2082 2591 2290 2647 arctis-

646 2685 966 2740 sima329
993 2684 1102 2756 ipsi
1131 2684 1392 2754 undique
1413 2682 1722 2738 obsidione
1744 2682 2288 2753 circumcingerent.

644 2776 727 2830 Ad
764 2774 1013 2846 primam
1049 2774 1228 2843 igitur
1258 2773 1710 2844 impressionem
1744 2788 1802 2826 re
1823 2770 2296 2842 videlicetinopi-

648 2864 958 2919 natissima
991 2862 1241 2932 perculsi
1275 2862 1612 2932 turbatique
1647 2859 1829 2916 nostri
1881 2877 2085 2915 omnes
2117 2864 2292 2914 sunt:

649 2955 941 3008 steterunt
969 2951 1254 3006 tamenin
1305 2949 1482 3005 armis
1540 2955 1726 3005 Persae
1786 2951 1896 3004 sub
1955 2949 2295 3020 Rimpsane,

653 3057 867 3113 magna
898 3058 1032 3113 pars
1056 3039 1298 3095 Romani
1327 3039 1700 3105 exercitus,in
1728 3038 1934 3110 primis
1955 3054 2088 3093 vero
2119 3038 2299 3092 Joan-

651 3148 756 3187 nes
787 3132 1029 3202 despota
1059 3146 1194 3185 cum
1227 3129 1570 3185 fortissimis
1603 3145 1868 3184 suorum.
1906 3129 1966 3182 In
2001 3128 2107 3183 hos
2137 3127 2297 3182 inve-

2386 603 2481 652 τοῦ
2514 597 2778 654 δεσπότου
2826 605 3022 675 φωνῶν
3068 600 3331 674 ήλόγουν,
3384 600 3507 675 περὶ
3537 603 3731 656 ἑαυτοῦ
3757 601 4042 675 τετρεμαί-

2386 709 2492 742 νων
2526 684 2770 755 ἕκαστος,
2819 691 3013 766 ’ᾨοντο
3063 689 3164 763 γὰρ
3217 691 3294 762 μή
3345 689 3693 765 τριακοσίους
3723 687 3759 758 ἤ
3793 689 3884 744 καὶ
3912 689 4045 744 τού-

2385 798 2492 831 των
2527 774 2846 839 διπλασίους
2879 778 2913 846 ἢ
2979 778 3070 832 καὶ
3114 777 3371 841 πλείονας
3415 780 3587 833 εἶναι’
3621 777 3769 834 ἀλλά
3798 784 3878 850 τῷ
3907 778 4046 832 κατὰ

2388 872 2522 944 σφᾶς
2549 865 2752 938 πλήθει
2783 869 2844 922 τὸ
2871 867 3086 937 πλῆθος
3135 873 3241 922 τῶν
3287 867 3600 923 ἀντιπάλων
3635 872 3716 942 [Ρ.
3748 871 3877 942 222]
3911 867 4048 936 ὥρι-

2393 960 2505 1024 ζον,
2555 956 2630 1019 ὡς
2687 956 2788 1010 οὐκ
2826 953 2884 1010 ἄν
2945 955 3353 1031 Θαῤῥησάντων,
3405 956 3450 1011 εἰ
3505 958 3578 1030 μή
3633 977 3694 1032 γε
3753 956 3842 1011 καὶ
3888 956 4043 1010 αὐτοὶ

2388 1042 2616 1106 πλείους
2670 1040 2818 1106 ὄντες
2865 1050 2984 1107 τοῖς
3037 1045 3223 1108 τόσοις
3279 1044 3535 1119 ἐπῄεσαν.
3588 1046 3728 1103 Τότε
3772 1044 3866 1100 καὶ
3899 1046 3928 1100 ὁ
3963 1042 4049 1100 δε-

2391 1132 2598 1202 σπότης
2646 1132 3134 1209 ἀποκαραδοκήσας
3179 1133 3364 1209 τρέπει
3414 1156 3474 1190 τε
3521 1134 3785 1210 χαλινοὺς
3837 1133 3930 1188 καὶ
3955 1134 4048 1189 τὸν

2390 1218 2557 1274 ἵππον
2631 1221 2798 1282 ἀνιεὶς
2874 1223 3008 1276 κατᾶ
3074 1223 3273 1298 κράτος
3342 1223 3543 1300 φεύγει.
3632 1223 3926 1277 Κάντεῦθεν
3982 1223 4049 1290 ἧν

2395 1308 2613 1384 βλέπειν
2656 1308 2861 1372 ἄλλους
2921 1312 3015 1384 μὲν
3071 1312 3393 1381 πίπτοντας,
3455 1311 3660 1374 ἄλλους
3710 1309 3767 1366 δὲ
3816 1313 4054 1388 φεύγον-

2389 1419 2506 1468 τας,
2537 1398 2663 1460 τοὺς
2698 1396 2754 1453 δὲ
2804 1399 3034 1472 θάμνοις
3077 1401 3486 1473 κρυπτομένους
3532 1401 3621 1454 καὶ
3678 1400 3815 1473 πρὸς
3843 1400 3906 1454 τὸ
3942 1400 4052 1453 σώσ-

2394 1488 2569 1554 ζεσθαι
2615 1488 2870 1541 ἱκετεύειν
2925 1489 3180 1560 ἑτοίμους
3237 1484 3420 1558 ὄντας,
3468 1487 3676 1550 ἄλλους
3711 1487 3757 1543 δ’
3791 1488 4053 1562 ἀποῤῥῶ-

2393 1595 2488 1650 γας
2543 1577 2630 1629 καὶ
2691 1575 2890 1650 πέτρας
2944 1572 3487 1649 καταλαμϐάνοντας,
3549 1577 3756 1638 ἄλλους
3814 1575 4052 1638 δἀὖθις

2395 1663 2794 1739 ἀπαγομένους,
2828 1665 3042 1719 ὁπόσων
3093 1669 3127 1734 ἡ
3181 1665 3350 1740 λίχνη
3383 1666 3510 1740 χεὶρ
3542 1666 3757 1720 ἐκείνων
3789 1666 3881 1720 καὶ
3913 1667 4055 1738 πρὸς

2392 1754 2453 1806 τὸ
2486 1753 2733 1829 σφάττειν
2784 1753 3065 1827 ἀπότομος
3113 1760 3194 1827 τῷ
3245 1751 3541 1827 μεταϐόλῳ
3587 1758 3687 1824 τῆς
3727 1755 3905 1830 τύχης
3947 1775 4056 1826 μα-

2395 1841 2707 1915 λασσομένη
2749 1845 2894 1917 παρά
2947 1845 3010 1898 τὸ
3069 1841 3223 1916 δόξαν
3287 1844 3464 1921 σφίσιν
3511 1841 3774 1917 ἐφείδετο.
3828 1850 3972 1899 Ηᾶσι
4008 1839 4059 1896 δ’

2396 1931 2430 1998 ἡ
2464 1936 2630 2004 μοῖρα
2659 1931 2725 1999 ἦν
2755 1927 3007 2006 ὄλεθρος,
3059 1933 3297 2006 σώμασι,
3353 1935 3661 2008 χρήμασιν,
3706 1931 3930 2000 ὅπλοις,
3963 1930 4059 1986 ἴπ-

2398 2039 2546 2088 ποις,
2598 2019 2782 2083 αὐτοῖς
2829 2018 3085 2093 ἐνδύμασι
3113 2040 3126 2052 ⁸
3176 2022 3239 2077 τὸ
3291 2021 3394 2098 γὰρ
3443 2024 3708 2097 ὁμογενες
3745 2023 3820 2094 μὴ
3858 2018 4059 2076 διόλου

2397 2106 2575 2163 ἔπειθε
2629 2109 2900 2186 σφάττειν,
2957 2111 3021 2164 τὸ
3080 2108 3136 2165 δὲ
3192 2116 3434 2186 γυμνοῦν
3485 2112 3576 2166 τὸν
3630 2111 3833 2167 ἁλόντα
3863 2112 3943 2172 ὡς
3977 2109 4058 2165 έν-

2399 2194 2652 2270 δυμάτων
2685 2204 2844 2251 πᾶσιν
2899 2199 2982 2254 ἐπ’
3035 2195 3154 2268 ἴσης
3203 2200 3293 2268 ἦν.
3351 2199 3527 2262 Τέλος
3579 2201 3882 2278 φευγόντων
3935 2204 4056 2261 ταῖς

2399 2293 2664 2364 φορηταῖς
2739 2287 2939 2349 οίκίαις
3025 2288 3331 2361 ὶπιθέμενοι
3381 2294 3494 2345 τῶν
3571 2291 3905 2366 μεγιστάνων
3967 2287 4060 2344 καὶ

2397 2377 2565 2430 αὐτοῦ
2595 2396 2658 2451 γε
2702 2380 2800 2431 τοῦ
2846 2374 3111 2432 δεσπότου
3162 2375 3339 2433 πολὺν
3395 2377 3680 2455 ἐξεφόρουν
3723 2379 3819 2435 τὸν
3873 2375 4061 2432 πλοῦ-

2404 2589 2610 2646 tudine
2639 2589 2809 2645 unice
2834 2591 3098 2646 omnium
3148 2609 3334 2647 versa.
3385 2592 3683 2648 Putabant
3728 2591 3887 2648 enim
3941 2608 4059 2648 non

2405 2683 2698 2735 trecentos
2753 2685 2855 2734 aut
2921 2681 3102 2752 duplo
3149 2681 3394 2752 triplove
3446 2681 3665 2753 plures,
3716 2684 3816 2738 sed
3883 2681 4062 2754 plane

2407 2769 2530 2838 pari
2566 2768 2796 2838 saltem,
2829 2770 2976 2826 forte
3008 2771 3308 2841 superiore
3361 2772 3508 2842 ipsis
3559 2788 3803 2827 numero
3852 2771 4063 2828 hostes

2405 2857 2628 2912 instare
2660 2858 2906 2913 victores
2940 2875 2952 2912 :
2991 2861 3285 2931 quomodo
3317 2861 3474 2915 enim
3508 2861 3620 2916 nisi
3657 2861 4066 2919 multitudinis

2407 2946 2518 3002 sibi
2535 2948 2754 3002 conscii
2778 2948 3018 3017 majoris
3030 2949 3205 3004 talem
3225 2950 3543 3004 exercitum
3563 2950 3938 3005 invaderent?
3953 2951 4064 3006 Ea-

2410 3038 2584 3089 tenus
2614 3035 2983 3091 sustinuerat
3004 3037 3250 3108 despota
3299 3037 3434 3092 belli
3457 3042 3674 3094 sortem
3690 3047 4062 3111 exspectans:

2408 3128 2550 3179 tunc
2581 3125 2818 3180 tandem
2850 3125 3176 3197 desperatis
3211 3127 3368 3182 haud
3399 3127 3576 3183 dubie
3627 3129 3828 3196 rebus,
3878 3129 4070 3185 versis

649 3226 780 3277 ctus
813 3221 929 3275 dux
959 3220 1218 3275 Joannes
1240 3235 1372 3274 cum
1408 3219 1534 3273 suis
1566 3217 1746 3285 Italis,
1774 3217 2046 3288 plurimis
2068 3221 2124 3271 et
2152 3217 2299 3287 ipsis
2330 3231 2371 3297 ρ
2411 3213 2537 3294 equi
2571 3213 2818 3269 habenis
2847 3217 2908 3269 in
2941 3215 3140 3286 fugam
3174 3233 3235 3272 se
3265 3233 3442 3287 quam
3461 3216 3884 3273 eﬂusissimam
3904 3234 4069 3274 aver-

649 3325 950 3381 manuque
968 3309 1450 3381 promptissimis,
1476 3307 1739 3379 praelium
1765 3307 2210 3362 commisitacre
2234 3323 2300 3361 ac

651 3403 1106 3470 cruentum,quo
1142 3397 1388 3453 Romani
1421 3397 1492 3452 ab
1527 3397 1688 3451 Italis
1722 3395 1918 3467 plures
1951 3412 1982 3450 a
2015 3395 2302 3466 pauciori-

655 3489 769 3544 bus
802 3487 972 3559 plane
1003 3487 1135 3542 victi
1168 3493 1327 3542 sunt.
1361 3487 1506 3541 Nam
1549 3485 1607 3539 hi
1649 3485 2014 3568 conﬁrmatis
2065 3485 2303 3550 animis,

656 3577 861 3633 ordine
892 3584 1140 3647 servato,
1176 3576 1353 3631 fortes
1383 3575 1496 3646 ipsi
1528 3575 1946 3645 exercitatique
1977 3573 2306 3645 congressi-

657 3668 770 3722 bus
794 3665 1039 3734 bellicis,
1064 3665 1252 3738 parati
1275 3682 1333 3720 re
1353 3663 1602 3736 provisa,
1628 3663 1952 3736 disciplinae
1976 3663 2307 3718 industriae-

661 3774 775 3828 que
806 3757 921 3812 vim
955 3755 1346 3810 admiscentes
1371 3753 1803 3809 ineluctabilem
1839 3753 2087 3808 ruebant
2116 3753 2172 3808 in
2205 3753 2308 3807 ad-

656 3862 877 3901 versos.
916 3844 1001 3899 Illi
1035 3844 1291 3914 primum
1327 3860 1498 3898 casus
1530 3843 1783 3898 novitate
1813 3842 2065 3912 attoniti,
2097 3841 2307 3896 deinde

657 3939 724 3989 ut
755 3933 967 4005 vulgus
999 3949 1029 3988 e
1060 3933 1218 3987 vario
1252 3933 1492 3987 mistum
1521 3947 1732 4004 genere
1756 3931 1904 3986 male
1929 3931 2305 3998 cohaerentes,

657 4041 761 4078 nec
787 4023 869 4078 ita
901 4023 1032 4077 lecti
1066 4038 1270 4078 omnes
1302 4026 1366 4075 ut
1398 4039 1510 4076 non
1547 4022 1700 4076 inter
1726 4023 1901 4076 fortes
1944 4021 2137 4092 ignavi
2171 4020 2306 4091 qui-

652 4115 789 4167 dam
809 4114 1049 4168 horrore
1069 4111 1310 4182 periculi
1337 4117 1654 4166 trementes
1680 4111 2068 4181 incomposite
2091 4126 2308 4180 pugna-

651 4207 781 4257 rent
813 4208 869 4255 et
898 4201 1078 4255 difﬁsi
1116 4201 1504 4271 praesentibus
1527 4201 1742 4254 tutiora
1763 4200 2304 4268 circumspicerent,

652 4291 1091 4366 succubuerunt
1121 4290 1190 4344 ad
1223 4295 1575 4344 extremum.
1631 4289 1804 4342 Porro
1855 4289 1969 4342 ista
2020 4287 2308 4358 phalange

653 4380 849 4451 priore
882 4379 1170 4450 dissipata
1202 4380 1524 4448 fractaque,
1558 4377 1658 4448 qui
1695 4383 1850 4432 retro
1905 4377 1964 4430 in
2011 4376 2306 4442 subsidiis

649 4469 909 4539 stabant,
935 4468 1207 4540 pudendo
1253 4468 1508 4538 correpti
1541 4472 1725 4534 metu,
1757 4467 2064 4522 confusam
2112 4469 2168 4520 et
2217 4469 2306 4520 tu-

647 4558 1138 4613 multuabundam
1170 4561 1470 4628 utcunque
1502 4557 1845 4627 objicientes
1869 4555 2076 4622 aciem,
2102 4555 2303 4610 statim

646 4649 822 4718 pedes
851 4646 1198 4712 retulerunt,
1232 4646 1402 4701 initio
1435 4663 1564 4701 cum
1593 4647 1846 4716 quadam
1878 4645 2103 4700 ordinis
2136 4660 2298 4711 cura,

645 4752 780 4791 mox
810 4737 993 4790 eﬂ‘uso
1016 4741 1229 4790 temere
1254 4750 1728 4806 quoquoversum
1753 4735 1974 4806 impetu
1997 4734 2301 4788 trudentes

639 4824 888 4881 invicem
921 4825 1408 4895 incurrentesque
1437 4824 1496 4878 in
1521 4840 1650 4878 sese
1682 4828 1912 4887 mutuo,
1959 4823 2102 4877 dum
2155 4839 2300 4893 pras-

635 4919 860 4969 vertere
894 4914 1313 4984 praecedentem
1344 4912 1630 4982 posterior
1661 4914 1876 4967 studet.
1897 4911 2296 4983 Deniquejam

636 5003 982 5058 confusione
1009 5001 1354 5074 praevalente
1378 5017 1479 5071 pro
1503 5018 1564 5055 se
1602 5001 1852 5072 quisque
1877 5017 2040 5055 arma
2063 5015 2294 5069 exuere,

633 5109 817 5164 equos
849 5091 1167 5158 dimittere,
1203 5091 1453 5161 pedibus
1484 5090 1735 5145 salutem
1761 5090 2295 5160 quaerere,despota

632 5182 870 5252 quidem
932 5185 1236 5236 revocante
1292 5180 1363 5233 ad
1423 5179 1706 5246 ofﬁcium,
1759 5179 2050 5245 hortante,
2101 5179 2289 5232 incre-

628 5277 824 5342 pante,
861 5271 1055 5325 minas
1089 5269 1186 5324 ubi
1221 5274 1430 5324 caetera
1461 5286 1576 5324 non
1613 5269 1959 5340 profuerant
2012 5268 2288 5337 addente,

628 5365 924 5431 postremo
956 5359 1308 5428 corripiente
1343 5375 1515 5413 manu
1550 5359 1839 5428 quosdam
1873 5361 1929 5412 et
1959 5356 2018 5412 in
2052 5357 2285 5411 hostem

621 5455 901 5504 vertente.
930 5449 1173 5503 Frustra
1203 5448 1401 5503 omnia
1431 5464 1442 5502 :
1473 5447 1754 5501 inclinata
1782 5446 1986 5513 semel,
2023 5451 2086 5500 ut
2147 5462 2285 5516 poe-

620 5538 732 5594 tice
765 5541 899 5610 quis
933 5539 1392 5609 dixerit,pugna,
1417 5543 1573 5591 metu
1601 5536 1874 5591 videlicet
1905 5535 2195 5608 lymphati
2217 5552 2288 5590 ne

621 5627 842 5684 sentire
873 5629 1111 5700 quidem
1143 5643 1310 5682 voces
1337 5629 1616 5697 despotaz,
1641 5628 1858 5681 nedum
1893 5641 2098 5681 curare
2124 5625 2285 5680 vide-

623 5718 858 5785 bantur,
895 5719 965 5774 ad
1001 5717 1112 5774 sibi
1147 5716 1592 5790 privatim880
1614 5717 2042 5773 consulendum
2069 5713 2284 5772 sollici-

2412 3303 2503 3357 tit.
2548 3303 2691 3357 llinc
2717 3304 2844 3373 jam
2874 3304 3225 3361 miserabilis
3253 3305 3431 3362 facies
3461 3307 3674 3378 campi.
3709 3307 3959 3364 Videres
3991 3307 4071 3362 ibi

2415 3390 2560 3446 alios
2590 3392 3040 3460 cadentes,alios
3065 3393 3671 3466 fugientes,quosdam
3697 3412 3760 3451 se
3783 3395 4074 3451 abdentes

2415 3483 2570 3536 inter
2597 3497 2794 3536 ramos
2826 3483 3468 3554 arbustorum,paratos
3498 3487 3739 3540 tendere
3769 3484 4076 3557 supplices

2415 3587 2666 3637 manus;
2700 3571 2946 3626 tutiores
2967 3571 3113 3627 alios
3143 3571 3397 3628 latebras
3430 3575 3487 3628 in
3530 3575 3846 3646 praeruptis
3880 3579 4077 3646 petra-

2417 3677 2550 3714 rum
2583 3660 2815 3716 ﬁssuris
2848 3677 3143 3731 quaerere;
3178 3678 3292 3716 non
3343 3679 3561 3733 paucos
3603 3663 3662 3718 in
3723 3664 4074 3721 servitutem

2417 3751 2592 3817 trahi,
2627 3751 2840 3822 quibus
2862 3749 3132 3806 videlicet
3163 3757 3373 3824 praeter
3402 3770 3565 3825 spem
3597 3760 3909 3826 parcerent
3941 3773 4074 3813 cru-

2417 3841 2575 3895 deles
2601 3840 2735 3895 licet
2763 3839 2875 3894 illae
2907 3855 2974 3895 ac
3005 3841 3064 3894 in
3088 3841 3275 3897 caedes
3307 3847 3587 3914 promptae
3621 3859 3862 3913 manus,
3896 3847 4076 3902 satie-

2419 3933 2532 3985 tate
2564 3929 2861 3996 saeviendi,
2887 3933 2987 3984 aut
3017 3929 3350 3986 emolliente
3381 3932 3633 4002 quodam
3667 3933 4078 3992 miserationis

2417 4019 2690 4074 humanas
2718 4035 2894 4074 sensu
2927 4019 2986 4073 in
3017 4022 3137 4073 tam
3172 4019 3368 4075 subita
3390 4022 3770 4077 ccnversione
3802 4023 4077 4081 fortuna.

2417 4109 2610 4164 Fatale
2641 4115 2833 4162 autem
2864 4109 3166 4179 ingruerat
3196 4109 3439 4166 exitium
3471 4111 3698 4165 cunctis
3723 4113 3947 4182 pariter
3991 4131 4080 4170 re-

2419 4199 2550 4263 bus,
2583 4197 2949 4267 corporibus,
2984 4197 3275 4267 pecuniis,
3318 4198 3523 4265 armis,
3571 4201 3762 4271 equis,
3807 4203 4082 4259 vestibus

2416 4287 2564 4357 ipsis
2596 4285 3194 4355 miserorum,quibus
3217 4287 3265 4340 si
3298 4287 3440 4341 forte
3464 4289 4082 4347 commendatiscom-

2419 4375 2698 4430 munione
2728 4374 2956 4446 generis
2988 4375 3345 4430 condonaret
3374 4378 3550 4432 vitam
3593 4377 3936 4436 misericors
3968 4380 4080 4436 hu-

2420 4464 2670 4518 manitas
2700 4463 2958 4534 victoris,
2991 4480 3024 4519 a
3054 4463 3380 4536 spoliandis
3415 4470 3612 4522 tamen
3663 4467 3875 4523 iisdem
3926 4469 4080 4526 nihil

2419 4554 2724 4609 avaritiam
2756 4558 2993 4624 tempus
3023 4570 3198 4610 suum
3249 4562 3486 4611 nactam
3517 4558 3839 4614 avertebat.
3875 4557 4083 4630 Itaque

2416 4644 2636 4715 passim
2667 4649 3071 4714 congestarum
3098 4645 3267 4700 avida
3299 4645 3645 4717 spoliatione
3665 4649 3923 4704 vestium
3951 4665 4081 4706 ma-

2415 4733 2514 4803 gni
2542 4737 2599 4785 et
2624 4731 2870 4786 invicem
2906 4732 3021 4787 fere
3053 4749 3225 4803 pares
3257 4735 3571 4805 unicuique
3603 4735 3888 4792 Italorum
3919 4755 4081 4794 acer.

2411 4821 2463 4875 vi
2492 4822 2862 4876 constabant.
2897 4820 2997 4875 His
3030 4822 3089 4876 in
3142 4839 3351 4894 campo
3401 4825 3608 4895 gestis,
3656 4827 3962 4896 rapacitas
4018 4829 4078 4883 in

2408 4910 2621 4964 stativa
2651 4909 2912 4964 desolata
2942 4910 3079 4982 fuga
3109 4911 3398 4967 exercitus
3426 4912 3716 4968 incubuit.
3767 4916 4077 4972 Taberna-

2408 4999 2539 5053 cula
2571 4998 2988 5070 portatilesque
3006 5001 3214 5056 domos
3238 5000 3356 5055 illic
3383 5018 3653 5072 proceras
3678 5003 3931 5060 Romani
3960 5007 4076 5061 mi-

2406 5087 2663 5154 litantes,
2699 5089 3063 5161 despotaque
3095 5090 3151 5144 in
3186 5089 3417 5162 primis,
3450 5107 3554 5160 pro
3581 5091 3749 5164 copia
3779 5094 4079 5166 cujusque

2405 5177 2716 5249 magniﬁce
2747 5177 3064 5233 instructas
3097 5177 3447 5235 habuerant.
3475 5180 3538 5234 In
3571 5180 3675 5237 has
3709 5183 4076 5254 pradatores

2401 5267 2551 5322 versi
2590 5266 2842 5321 multum
2873 5267 3011 5322 inde
3042 5267 3382 5324 divitiarum
3417 5275 3829 5341 exportarunt.
3852 5273 4076 5329 Pocula

2400 5357 2556 5411 enim
2587 5357 2708 5420 illa,
2742 5356 3020 5426 qualibus
3054 5357 3349 5430 principes
3393 5364 3664 5428 utuntur,
3707 5362 4072 5433 exquisitam

2400 5444 2848 5518 supellectilem,
2884 5463 3070 5507 arma,
3106 5463 3312 5517 equos,
3347 5447 3889 5506 aliainstrumenta
3924 5469 4074 5508 usus

2398 5536 3042 5608 familiaris,totumque
3065 5537 3232 5593 illum
3255 5539 3518 5610 speciose
3536 5540 3853 5596 delicatum
3882 5561 4074 5616 appa-

2396 5633 2588 5682 ratum
2623 5627 2890 5697 superbm
2923 5628 3214 5698 regiaeque
3244 5627 3489 5682 luxuriae
3516 5637 3937 5687 converrentes
3968 5649 4073 5689 ex-

2395 5717 2747 5782 hauserunt,
2773 5731 2946 5772 avara
2977 5732 3168 5788 usque
3200 5717 3271 5772 ad
3305 5715 3707 5789 pulvisculum
3728 5719 4068 5794 diligentia,
