4246 6446
200 405 301 461 781

1257 404 1353 459 DE
1390 404 1762 461 MICHAELB
1802 403 2246 463 PALEOLOGO
2282 411 2417 466 LIB.
2459 411 2559 468 IV.

3508 418 3616 473 782

199 546 317 583 τον·
350 526 651 600 ἐκπώματα
702 525 802 601 γὰρ
834 525 1011 582 ἐκεῖνα
1066 525 1155 580 καὶ
1184 520 1390 581 ἔπιπλα
1446 527 1534 582 καὶ
1596 526 1739 583 ὅπλα
1768 528 1857 581 καὶ
1889 530 1941 595 Α
1974 533 2165 604 σχερὲς
2223 534 2394 587 ἐκεῖνο
2450 534 2540 589 καὶ
2600 533 3008 608 ἀπροσδόκητον
3068 536 3349 612 σύμϐαμα,
3383 539 3619 605 πολλοῖς

191 617 410 680 ’ίππους
440 619 528 672 καὶ
588 618 869 690 Θεραπείαν
930 614 1109 686 ἄλλην
1174 616 1457 691 χλιδῶσαν
1489 625 1698 692 τρυφῆς
1752 618 1857 685 ἐξε-

202 706 417 774 κένουν,
478 709 644 781 μέχρι
715 708 803 760 καὶ
862 706 1035 760 αὐτῶν
1094 710 1199 759 τῶν
1255 705 1531 760 ἐπιπόδων
1593 708 1856 777 μυώπων,

202 796 440 851 πλεῖστα
523 794 1061 870 παρακερδαίνοντες’
1151 796 1239 849 καὶ
1315 794 1569 865 τηνικάδε
1630 797 1681 849 οἱ
1738 796 1859 849 τότε

205 884 411 955 ἔδειξαν
492 890 783 962 προφανῶς
848 886 909 939 τὸ
978 885 1071 940 τοῦ
1140 886 1507 949 Ἀντισθένους
1574 883 1855 952 ἀληθινόν

208 975 343 1051 φησὶ
409 974 510 1049 γὰρ
580 975 781 1036 ἐκεῖνος
846 973 1001 1027 πάντ’
1068 972 1317 1048 εὔχεσθαι
1385 975 1450 1028 τά
1523 972 1667 1028 καλὰ
1745 978 1861 1036 τοῖς

203 1063 432 1137 ἐχθροῖς
464 1063 613 1130 πλὴν
667 1063 948 1131 συνέσεως,
1003 1064 1078 1123 ὼς
1134 1063 1286 1116 πάνθ’
1321 1063 1410 1116 οἷᾶ
1464 1084 1521 1117 τε
1560 1063 1705 1137 παρὰ
1733 1061 1861 1116 10'5-

203 1172 322 1213 τοις
375 1151 635 1225 γενέσθαι,
668 1151 734 1219 ἢν
764 1151 973 1205 σύνεσιν
1036 1147 1239 1224 ἔχοιεν.
1298 1148 1617 1219 Ἐδηλωσαν
1666 1150 1722 1205 δὲ
1771 1148 1858 1204 καὶ

201 1240 266 1294 τὸ
296 1248 399 1308 τῆς
428 1236 720 1300 εὐϐουλίας
766 1246 964 1313 χρῆμα
1017 1245 1135 1300 τοῖς
1194 1238 1496 1308 ἆντιξοοῦσι
1525 1238 1615 1293 καί
1650 1237 1862 1310 μᾶλλον

205 1330 512 1402 χρήσιμον·
548 1325 816 1403 χιλιήδατ
845 1328 945 1401 γὰρ
974 1326 1137 1388 τόσας
1182 1329 1257 1388 ὡς
1315 1330 1403 1381 καὶ
1464 1327 1540 1391 εἰς
1599 1324 1861 1403 μυριάδας

204 1420 506 1479 ποσοῦσθαι
561 1414 617 1470 ἓν
678 1418 1053 1490 παρεστήσατο
1106 1416 1407 1491 βούλευμα,
1467 1418 1554 1470 καὶ
1618 1418 1674 1469 οἱ
1730 1416 1861 1490 χθὲς

202 1504 572 1567 πλουτοῦντες
632 1506 715 1559 καὶ
780 1510 1090 1580 τρυφῶντες
1147 1526 1265 1565 τοις
1322 1507 1560 1573 πλήθεσι
1618 1507 1859 1577 σήμερον

200 1594 450 1648 ταπεινοί
505 1616 563 1648 τε
630 1594 719 1647 καὶ
778 1595 1079 1667 πενιχροὶ,
1165 1595 1679 1668 ἀνταγωνισαμὲνης

208 1676 496 1742 ἀϐουλίας,
530 1683 813 1755 ’Ἄρχοντα
870 1682 970 1756 γὰρ
1025 1682 1135 1755 χρή
1195 1686 1479 1751 πειρᾶσθαι
1539 1681 1628 1734 καὶ
1677 1678 1863 1735 κινδυ-

206 1771 430 1825 νεύοντα
461 1771 535 1833 ὡς
565 1772 598 1840 ἢ
632 1772 928 1838 νικήσοντα
956 1770 988 1838 ἢ
1022 1770 1259 1830 εὐκλεῶς
1307 1770 1660 1841 πεσούμενον.
1718 1770 1865 1825 Κατὰ

1760 1600 1860 1659 τῆς

202 1858 257 1952 τί
287 1860 391 1952 γάρ
430 1859 520 1913 καὶ
548 1860 770 1952 ,ἀρχοα
804 1857 849 1912 εἰ
991 1879 1051 1933 γε
1082 1863 1429 1933 προμηθοῖτο
1486 1864 1593 1912 τῶν
1652 1856 1861 1926 ἄλλων,
1893 1888 1939 1952 Β

206 1948 285 2000 ὢν
319 1948 510 2021 ἄρχειν
543 1945 789 2021 ἐτάχθη;
826 1946 927 2001 Καὶ
990 1948 1189 2008 σκοπὸς
1250 1948 1343 2019 μὲν
1400 1947 1498 2001 οὐκ
1554 1946 1860 2017 ἀνεύθυνος,

216 2036 266 2091 εἰ
303 2038 379 2109 μή
426 2036 685 2108 προείποι
732 2036 828 2090 καὶ
881 2036 1281 2110 προυλάξηται,
1338 2033 1526 2110 ἅρχων
1570 2034 1614 2090 δ’
1645 2035 1868 2098 ἀνεύθυ-

206 2148 302 2181 νον
333 2126 568 2187 πάντως.
629 2125 675 2179 εἶ
736 2126 812 2197 μή
869 2124 1285 2198 προκινδυνεύοι
1344 2127 1415 2179 ὧν
1476 2125 1680 2201 ἐτάχθη
1741 2148 1867 2182 σκο-

204 2215 311 2277 πός
343 2234 357 2284 ;
391 2216 697 2287 Οὐμενοῦν,
734 2211 816 2269 οὕ·
850 2214 1067 2269 πολλοῦ
1098 2236 1161 2289 γε
1191 2215 1280 2269 καὶ
1315 2212 1415 2272 δεῖ.

281 2303 445 2361 Οὕτω
475 2304 583 2376 μὴν
617 2301 680 2358 οὗ
710 2302 1034 2378 παραλόγου
1072 2306 1171 2372 τῆς
1229 2304 1407 2378 τύχης
1465 2300 1749 2377 συμϐάσης
1776 2305 1865 2359 καὶ

201 2397 314 2448 τῶν
351 2391 838 2465 ὑπολελειμμένων
899 2394 1355 2468 κατεπτηχότων,
1414 2394 1597 2448 ἀνεῖσα
1652 2395 1712 2449 τὸ
1743 2416 1866 2450 πτε-

202 2484 299 2558 ρὸν
334 2484 370 2554 ἡ
405 2483 565 2561 φήμη
601 2481 723 2544 θεὺς
756 2480 909 2553 οὖσα,
935 2483 1010 2546 ὡς
1032 2478 1267 2558 λέγεται,
1289 2480 1673 2559 περιαγγελλει
1699 2485 1759 2538 τὸ
1779 2481 1868 2539 δυ-

207 2698 511 2771 siquidem
546 2698 707 2769 ipsos
738 2714 973 2770 quoque
1005 2697 1238 2754 aculeos
1287 2698 1605 2754 calcarium
1659 2701 1863 2756 sedulo

204 2790 357 2846 881
416 2787 761 2860 colligentes
810 2788 1184 2860 apponebant
1237 2787 1419 2855 lucro,
1449 2789 1550 2844 tali
1587 2805 1866 2847 successu

211 2880 663 2935 demonstrante
678 2877 985 2934 manifeste
1000 2894 1175 2949 quam
1193 2878 1450 2949 prudens
1472 2882 1671 2933 votum
1697 2880 1870 2936 fuerit

207 2966 590 3025 Antisthenis
622 2967 821 3022 omnia
852 2966 1122 3022 hostibus
1153 2967 1410 3037 optantis
1457 2967 1612 3022 bona
1662 2974 1872 3039 praeter

208 3062 471 3114 mentem
509 3073 690 3113 :nam
741 3055 833 3111 cui
884 3054 1198 3111 consilium
1244 3055 1516 3123 defuerit,
1560 3057 1690 3127 ejus
1740 3058 1869 3112 the-

201 3147 371 3203 sauri
410 3146 717 3217 quantivis
746 3145 804 3199 in
842 3146 1084 3216 pradam
1136 3145 1480 3216 sapientiori
1530 3147 1755 3203 cedent.
1807 3149 1869 3202 In

1970 621 2062 690 μὲν
2098 621 2171 681 εἷς
2204 621 2382 691 λύπην
2421 622 2613 685 ἄλλοις
2648 622 2703 679 δὲ
2732 626 2819 679 καὶ
2854 626 2927 687 εἷς
2979 624 3265 699 ἔκπληξιν,
3298 634 3421 689 τοῖς
3469 626 3516 681 δ’
3544 629 3621 692 εἰς

1966 708 2303 781 κατάγελων,
2360 711 2452 772 οὒς
2512 710 2577 781 δή
2630 720 2981 789 καναφρονεῖν
3023 713 3205 769 ἔπειθε
3256 721 3364 769 τῶν
3431 722 3620 787 μηκέτ’

1968 791 2136 850 ὄντων
2169 799 2257 851 καὶ
2316 805 2431 861 τοῖς
2490 800 2841 873 λειπομένοις
2898 803 3393 875 προσεπιτίθισθαι.
3426 805 3618 861 Ἀκού-

1969 905 2151 946 σαντες
2182 888 2280 961 γᾶρ
2329 889 2391 943 τὸ
2449 891 2569 964 περὶ
2629 891 2720 944 τὸν
2777 889 3010 962 Εὔριπον
3070 893 3339 949 ναυτικὸν.
3406 894 3486 952 οἱς
3546 892 3613 962 δὴ

1965 975 2055 1027 καὶ
2123 976 2197 1037 εἰς
2267 979 2554 1051 τριάκοντα
2641 982 2787 1051 [225]
2857 984 2984 1041 ναῦς
3046 982 3073 1034 ὁ
3139 980 3338 1041 στόλος
3425 980 3612 1054 ὀλίγου

1969 1061 2183 1126 δέοντος
2213 1065 2516 1137 ἐξηρτύετο,
2550 1068 2910 1143 κατεθάρρουν
2950 1074 3057 1122 τῶν
3120 1068 3207 1122 ἐπὶ
3268 1067 3349 1130 δὶς
3378 1070 3464 1123 καὶ
3497 1069 3617 1143 τρὶς

1966 1151 2257 1209 πλείστων.
2293 1155 2392 1209 Καὶ
2425 1152 2491 1222 δὴ
2526 1155 2573 1228 ἐξ
2624 1158 2793 1221 αὐτῆς
2824 1178 2885 1230 γε
2928 1155 3428 1228 ναυστνλησάμενοι
3481 1158 3618 1212 κατᾶ

1967 1245 2062 1294 τοῦ
2098 1240 2375 1315 βασιλείου
2406 1242 2605 1298 στόλου
2635 1243 2893 1317 ἐξώρμων
2916 1248 3325 1318 ναυλοχοῦντος
3354 1245 3478 1318 περί
3511 1265 3617 1299 που

1967 1330 2067 1395 τὴν
2101 1329 2478 1405 Δημητριάδα,
2514 1333 2588 1395 ὡς
2614 1333 2805 1386 αὐτίκα
2836 1329 3078 1410 φανέντες
3137 1334 3480 1405 αἱρήσοντες.
3515 1335 3616 1390 Καὶ

1970 1418 2061 1489 ἅμ’
2121 1420 2453 1490 ὁρμήσαντες
2514 1418 2766 1494 ἔφθασαν,
2825 1425 2893 1493 τῇ
2948 1421 3250 1495 παραυτίκα
3298 1421 3481 1493 τόλμῃ
3530 1422 3620 1475 καὶ

1974 1507 2111 1580 μόνῃ
2145 1507 2421 1582 ἀραρότως
2456 1508 2767 1577 ἐλπίζοντες
2824 1509 3165 1579 καταπλῆξαι
3224 1515 3341 1571 τοῖς
3388 1510 3495 1582 πρὸ
3525 1514 3620 1564 τοῦ

1970 1596 2381 1670 κατεπτηχότας
2433 1598 2762 1674 σφάλμασιν.
2819 1601 3090 1675 Ἐφῆπται
3148 1595 3193 1651 δ’
3243 1596 3345 1671 ἄρα
3375 1598 3462 1652 καὶ
3493 1598 3620 1653 τού-

1967 1705 2083 1744 τοις
2116 1686 2260 1757 παρά
2302 1687 2492 1759 μικρὸν
2526 1686 2587 1740 οὐ
2644 1688 2837 1761 μικρὸς
2893 1684 3167 1747 κίνδυνος.
3235 1686 3397 1742 Τοῦτ’
3428 1684 3622 1760 ἀγγελ-

1972 1773 2057 1825 Θὲν
2102 1778 2181 1844 τῷ
2226 1770 2455 1847 δεσπότῃ
2509 1773 2750 1849 διάγοντι
2808 1777 2942 1829 κατὰ
2990 1776 3088 1842 τὴν
3124 1774 3430 1847 Δριμίανιν,
3463 1775 3497 1843 ἢ
3529 1775 3617 1828 καὶ

1974 1859 2186 1931 μᾶλλον
2218 1864 2278 1917 τὸ
2306 1861 2509 1933 ἀληθὲς
2567 1863 2735 1918 εἰπεῖν
2771 1862 2860 1917 καί
2906 1862 3129 1918 ἀλύοντι
3184 1864 3447 1917 τοσούτου
3481 1884 3622 1934 συμ-

1975 1943 2167 2012 ϐάντος
2197 1955 2541 2025 πράγματος,
2585 1954 2789 2020 άνὲζεσὲ
2845 1974 2902 2007 τε
2957 1952 3055 2013 τὰς
3083 1958 3184 2021 τῆς
3214 1955 3405 2026 ψυχῆς
3440 1952 3618 2026 ὁρμὰς

1973 2038 2062 2092 καὶ
2123 2040 2496 2113 ὑπερεπάθησε
2553 2039 2732 2102 δείσας
2792 2041 2914 2115 περί
2967 2046 3046 2112 τῷ
3102 2038 3304 2112 στόλῳ,
3339 2041 3383 2095 εἰ
3426 2040 3623 2094 τοσού-

1974 2148 2069 2182 του
2094 2131 2383 2203 γεγονότος
2445 2130 2519 2202 μή
2578 2128 2874 2201 ἐμπλησθῇ
2930 2130 2994 2184 τὸ
3030 2127 3324 2202 μοιρίδιον,
3357 2128 3502 2184 ἀλλὰ
3532 2130 3622 2184 καὶ

1975 2219 2112 2290 πέρα
2165 2222 2273 2271 τῶν
2314 2219 2613 2293 γεγονότων
2673 2217 2960 2294 προέλθοι.
3032 2218 3130 2271 Καὶ
3202 2215 3266 2285 δή
3341 2216 3392 2288 ἐξ
3459 2218 3627 2283 αὐτῆς

1978 2304 2127 2360 δυοῖν
2178 2309 2402 2381 ἡμερῶν
2457 2304 2732 2379 διάστημα
2790 2306 2926 2377 ὅλης
2957 2306 3045 2361 καὶ
3082 2308 3255 2379 μόνης
3283 2313 3410 2380 μιᾶς
3440 2312 3626 2361 ποιεῖ-

1974 2417 2060 2450 ται
2103 2397 2316 2465 νυκτὸς,
2371 2398 2566 2451 καὶτὰ
2616 2402 2712 2453 τοῦ
2766 2402 2933 2466 πεζοῦ
2993 2394 3221 2471 στρατοῦ
3279 2396 3628 2472 συναθροίσας

1978 2484 2478 2562 ἒγκαταλείμματα,
2536 2482 2867 2561 παραλαϐὼν
2920 2488 3012 2541 σὺν
3068 2485 3255 2558 αὐτῷ,
3302 2490 3369 2561 τῇ
3428 2494 3626 2560 Δημη-

1983 2703 2168 2758 risum
2202 2706 2403 2758 nostro
2438 2702 2691 2759 ludibrio
2725 2703 2922 2759 movit.
2957 2705 3217 2776 Denique
3259 2720 3376 2758 non
3428 2703 3626 2759 defue-

1978 2796 2123 2846 runt
2169 2792 2265 2862 qui
2318 2808 2386 2847 ex
2419 2798 2601 2858 metu,
2633 2809 2750 2863 quo
2780 2794 2943 2864 prius
2975 2795 3325 2849 tenebantur
3354 2792 3625 2847 Romana

1980 2884 2272 2951 potentiae,
2303 2880 2363 2935 in
2396 2885 2801 2951 contemptum
2833 2881 3235 2950 transiren),et
3266 2880 3625 2953 pracipuum

1979 2971 2281 3040 copiarum
2310 2968 2540 3039 imperii
2572 2970 2750 3024 robur
2794 2970 2947 3025 382
2998 2970 3258 3026 excisum
3306 2968 3629 3040 dilapsum-

1981 3074 2093 3128 que
2124 3056 2514 3128 gratulantes,
2547 3058 2929 3113 delendarum
2963 3075 3198 3130 quoque
3242 3058 3629 3129 reliquiarum

1980 3147 2269 3219 impetum
2329 3151 2628 3219 caperent.
2679 3147 2825 3202 Nam
2872 3149 3081 3203 Latina
3128 3147 3336 3203 classis
3383 3164 3507 3218 quae
3558 3146 3631 3201 ad

198 3235 393 3292 millia
426 3234 777 3291 bellatorum
810 3235 984 3291 toties
1022 3234 1419 3306 multiplicata
1450 3241 1516 3290 ut
1549 3237 1870 3308 myriadem
1902 3237 1946 3305 C
1986 3237 2265 3308 Euripum
2299 3237 2515 3305 stabat,
2550 3236 2784 3292 navium
2817 3235 2991 3308 paulo
3023 3235 3221 3292 minus
3250 3235 3517 3307 triginta,
3550 3234 3634 3290 sic

207 3343 327 3383 non
351 3342 526 3380 unam
548 3324 982 3391 conﬂarent,ita
997 3325 1205 3379 evertit
1227 3323 1528 3396 afﬂxitque
1563 3330 1860 3381 momento

199 3417 520 3474 consilium
571 3414 833 3471 hominis
882 3415 1083 3484 unius,
1136 3420 1192 3471 et
1238 3420 1323 3471 tot
1370 3416 1451 3471 illi
1505 3434 1569 3472 ac
1614 3418 1760 3473 tanti
1794 3434 1862 3473 ex

205 3506 333 3561 heri
370 3505 665 3577 opulentis
697 3509 754 3559 et
783 3503 949 3575 copia
980 3520 1175 3559 rerum
1210 3521 1397 3576 usque
1429 3506 1500 3561 ad
1554 3505 1753 3561 luxum
1805 3512 1863 3561 et

204 3594 456 3650 delicias
486 3592 1036 3650 circumﬂuentibus
1067 3592 1242 3649 hodie
1271 3594 1550 3664 humiles,
1602 3600 1862 3666 egentes,

204 3683 340 3754 vagi
375 3681 606 3755 palmas
645 3682 1028 3754 porrigerent,
1081 3699 1195 3737 non
1246 3683 1624 3739 mendicitate
1672 3683 1864 3754 magis

206 3788 392 3846 quam
454 3770 816 3844 professione
878 3770 1183 3826 dedecoris
1254 3772 1491 3843 proprii,
1552 3789 1698 3843 quos
1758 3790 1867 3828 sua

205 3862 480 3935 ipsorum
550 3860 819 3916 socordia
884 3859 1255 3916 debellasset.
1306 3861 1596 3916 Nimirum
1654 3863 1865 3917 ducem

207 3950 506 4009 exercitus
540 3950 742 4007 fortem
779 3948 1017 4019 quidem
1049 3953 1107 4004 et
1134 3949 1314 4005 vitam
1350 3966 1584 4023 quoque
1614 3968 1680 4007 ac
1724 3968 1863 4007 san-

209 4042 455 4113 guinem
517 4056 621 4112 pro
668 4038 857 4111 gloria
901 4038 1158 4094 victoriae
1206 4039 1419 4111 pacisci
1469 4044 1714 4110 certum,
1764 4040 1865 4096 sed

213 4135 501 4205 preterea
530 4128 770 4200 vigilem
805 4144 871 4183 ac
902 4127 1086 4182 futuri
1120 4128 1428 4199 providum
1462 4145 1591 4185 esse
1619 4134 1867 4201 oportet,

211 4235 572 4291 semperque
594 4218 711 4273 acri
736 4216 976 4273 solertia
997 4216 1312 4283 intentum,
1345 4234 1417 4274 ne
1444 4220 1576 4289 quis
1600 4219 1867 4290 inopina-

210 4316 317 4368 tus
337 4310 579 4382 ingruat
597 4324 796 4363 casus.
831 4307 892 4361 ld
912 4306 1069 4361 enim
1090 4307 1265 4362 ofﬁcii
1288 4308 1480 4363 omnis
1508 4309 1866 4378 praefectura,

212 4398 477 4455 maxime
498 4402 693 4452 autem
722 4394 1017 4463 militaris,
1042 4395 1316 4451 sustinet.
1344 4397 1427 4451 Ad
1454 4397 1579 4468 hoc,
1604 4398 1868 4468 inquam,

203 4487 361 4545 tales
391 4486 459 4541 in
487 4501 722 4542 summo
755 4483 1142 4552 collocantur,
1180 4488 1243 4539 ut
1271 4484 1443 4557 longe
1494 4486 1868 4559 prospiciunt.

1984 3326 2200 3381 animis
2230 3331 2401 3381 aucta
2428 3333 2518 3381 est
2546 3326 2747 3381 audita
2780 3326 2966 3381 nostri
3000 3325 3296 3381 terrestris
3344 3326 3631 3379 exercitus

1982 3416 2241 3480 clade,ut
2262 3433 2375 3471 non
2411 3416 2710 3472 dubitaret
2741 3414 2917 3485 triplo
2951 3415 3412 3471 numerosiorem
3445 3414 3633 3485 impe-

1978 3505 2184 3561 ratoris
2217 3504 2480 3560 navalem
2529 3505 2867 3570 exercitum,
2920 3503 3234 3560 stationem
3284 3507 3427 3558 tunc
3474 3506 3632 3557 circa

1980 3594 2408 3650 Demetriadem
2432 3593 3019 3661 habentem,incursu
3044 3592 3347 3665 repentino
3367 3590 3625 3664 aggredi.

1979 3684 2312 3755 Inspirabat
2343 3684 2704 3740 alacritatem
2757 3683 2815 3738 in
2869 3684 3057 3738 audax
3107 3681 3420 3737 consilium
3469 3684 3627 3736 certa

1976 3773 2192 3829 fiducia
2237 3773 2358 3845 pari
2396 3772 2627 3828 fortuna
2656 3772 2857 3828 utendi
2886 3772 3183 3827 maritimo
3215 3786 3449 3842 quoque
3478 3786 3624 3842 prae-

1977 3865 2077 3921 lio.
2113 3864 2649 3934 Persuaserantque
2677 3862 2811 3927 sibi,
2845 3862 2893 3916 si
2924 3860 3209 3934 perculsis
3247 3858 3621 3915 incommodo

1979 3955 2239 4010 terrestri
2270 3958 2328 4008 et
2359 3953 2575 4008 recenti
2604 3952 2768 4008 clade
2796 3950 3011 4007 territis
3044 3951 3240 4006 infesti
3281 3948 3622 4021 superveni-

1979 4049 2130 4113 rent,
2161 4042 2352 4113 specie
2377 4043 2507 4113 ipsa
2537 4042 2627 4096 sui
2662 4042 3055 4113 praesentique
3084 4057 3331 4096 occursu
3370 4037 3625 4094 debella-

1980 4139 2166 4198 turos,
2200 4131 2604 4203 potiturosque
2638 4148 2770 4187 mox
2800 4132 3067 4196 navibus,
3102 4133 3268 4201 portu
3302 4127 3628 4201 praesertim

1980 4221 2227 4277 inclusis
2251 4225 2307 4275 et
2331 4236 2432 4291 per
2462 4219 2769 4291 angustias
2798 4219 3089 4291 explicare
3119 4234 3246 4274 sese
3275 4217 3333 4272 in
3368 4216 3631 4272 navalem

1981 4312 2164 4366 aciem
2201 4327 2319 4365 non
2350 4309 2706 4366 valentibus.
2741 4310 2811 4365 Et
2844 4326 3050 4380 parum
3086 4308 3277 4365 abfuit
3323 4307 3461 4377 quin
3512 4306 3637 4378 spei

1982 4405 2281 4471 compotes
2314 4400 2539 4465 tierent,
2584 4405 3001 4468 momentoque
3050 4397 3259 4468 ingens
3308 4393 3636 4467 periculum

1983 4503 2225 4543 summa;
2259 4486 2378 4542 illic
2410 4503 2605 4542 rerum
2639 4487 2769 4541 fuit.
2803 4487 2985 4557 Cujus
3034 4501 3167 4540 cum
3217 4488 3373 4539 esset
3421 4483 3636 4554 raptim

205 4584 301 4633 An
350 4576 511 4632 enim
562 4573 897 4647 speculator
944 4575 1003 4628 in
1056 4573 1229 4644 culpa
1267 4579 1356 4630 est
1385 4576 1485 4646 qui
1522 4591 1631 4631 non
1666 4575 1869 4646 praevi-
1909 4611 1950 4675 Β
1985 4577 2268 4633 indicium
2295 4576 2585 4647 perlatum
2612 4577 2681 4631 ad
2704 4576 2993 4631 Joannem
3019 4575 3327 4645 despotam
3358 4572 3417 4627 in
3444 4572 3638 4628 locum

211 4669 396 4735 derit,
436 4684 552 4723 non
604 4664 1081 4738 prmindiaeverit
1138 4665 1454 4736 perniciem
1503 4666 1877 4738 ingruentem

213 4760 394 4830 cujus
418 4756 784 4813 observando
820 4754 1099 4826 appulsui
1130 4755 1489 4811 constitutus
1536 4756 1593 4810 in
1643 4756 1879 4828 speculi

216 4846 405 4905 fuerit
436 4863 449 4901 :
482 4847 601 4902 dux
630 4844 943 4902 habebitur
972 4845 1285 4910 innocens,
1317 4845 1418 4916 qui
1454 4862 1569 4901 non
1612 4846 1881 4918 praescie-

216 4939 322 5008 rit,
380 4953 496 4992 non
551 4934 891 5009 praecaverit
930 4934 1199 4999 insidias,
1232 4935 1596 5007 furtivosque
1627 4937 1883 5008 impetus

214 5026 549 5101 sagacitate
579 5041 1023 5098 praeoccupans,
1047 5029 1276 5080 mature
1311 5025 1555 5081 obvians
1587 5028 1882 5095 averterit,

216 5116 380 5189 quod
412 5115 790 5187 potissimum
825 5118 891 5169 ut
921 5114 1100 5170 faciat
1136 5113 1194 5168 in
1229 5113 1285 5169 id
1316 5119 1550 5171 evectus
1582 5115 1883 5187 fastigium

215 5206 356 5265 est?
385 5205 512 5261 Non
544 5204 821 5277 profecto.
855 5202 1097 5260 Minime
1121 5202 1203 5273 id,
1238 5203 1504 5276 inquam;
1540 5222 1644 5261 nec
1675 5207 1746 5261 dc
1778 5205 1889 5261 hoc

222 5296 552 5369 quisquam
587 5294 690 5365 qui
718 5293 911 5366 sapiat
936 5293 1314 5349 dubitaverit.

300 5388 588 5439 Ceterum
641 5387 706 5438 ut
735 5382 893 5437 hunc
922 5380 1472 5452 inopinatissimum
1506 5400 1711 5440 casum
1744 5388 1890 5441 stre-

222 5489 369 5541 nue,
399 5476 467 5528 ut
498 5472 663 5538 solet,
692 5471 753 5527 in
785 5486 988 5526 omnes
1020 5469 1135 5525 late
1168 5477 1366 5543 partes
1415 5472 1568 5527 fama
1613 5473 1891 5544 vulgavit,

221 5565 426 5625 varios
450 5563 506 5618 in
528 5563 707 5619 variis
732 5575 943 5634 repens
977 5560 1223 5616 nuntius
1256 5562 1531 5617 excitavit
1562 5563 1892 5619 animorum

227 5654 673 5714 motus.Multus
696 5652 856 5726 gravi
882 5650 1080 5707 dolore
1101 5652 1437 5720 affecit;non
1468 5670 1684 5726 paucos
1710 5671 1897 5726 usque

222 5749 297 5804 ad
334 5750 641 5818 stuporem
673 5741 953 5815 perculit;
987 5741 1345 5814 quibusdam
1377 5741 1546 5801 laetus
1578 5745 1812 5813 accidit,
1842 5748 1899 5801 et

1988 4669 2082 4723 cui
2117 4683 2331 4723 nomen
2366 4665 2686 4722 Drimianis
2715 4665 2857 4737 fuga
2889 4663 3271 4736 receptum,in
3305 4676 3643 4733 quanquam

1993 4757 2201 4830 plenus
2270 4755 2454 4810 cladis
2517 4761 2574 4809 et
2632 4757 2854 4827 pudore
2913 4769 3281 4824 mmroreque
3338 4752 3645 4819 confusus,

1991 4846 2263 4903 excitavit
2297 4860 2425 4901 sese
2456 4850 2681 4911 tamen,
2716 4843 2870 4899 haud
2910 4843 3117 4899 molles
3149 4843 3494 4897 admovente
3541 4841 3649 4897 sti-

1994 4936 2186 4993 mulos
2212 4936 2375 5006 justo
2407 4938 2590 5005 metu,
2623 4949 2695 4989 ne
2728 4933 2775 4989 si
2810 4950 2997 4989 novus
3028 4932 3139 4988 iste
3170 4947 3401 5003 quoque
3447 4945 3647 4986 succe-

1995 5026 2159 5082 deret
2206 5026 2277 5081 ad
2322 5033 2520 5081 votum
2571 5023 2832 5080 hostium
2879 5026 3148 5089 conatus,
3182 5037 3298 5077 non
3332 5019 3524 5076 solum
3557 5035 3652 5077 ac-

1997 5114 2301 5186 ceptojam
2336 5114 2707 5170 incommodo
2750 5112 2946 5169 fatalis
2995 5110 3271 5167 cumulus
3319 5110 3650 5179 adderetur,

1999 5206 2098 5259 sed
2130 5204 2377 5259 ulterius
2412 5220 2644 5275 quoque
2674 5220 2865 5274 usque
2897 5203 2954 5257 in
2989 5199 3428 5271 irreparabilem
3468 5200 3653 5269 impe-

2000 5294 2069 5350 rii
2107 5294 2336 5349 ruinam
2372 5292 2571 5348 damni
2626 5292 2880 5363 pernicis
2931 5291 3251 5347 excederet.
3300 5289 3448 5355 Quid
3497 5290 3654 5344 enim

2000 5382 2197 5440 timeri
2244 5382 2448 5438 mitius
2501 5386 2752 5454 poterat,
2803 5382 2852 5437 si
2902 5381 3133 5443 classis,
3184 5378 3310 5434 sola
3355 5384 3497 5433 tunc
3522 5394 3656 5449 pars

2001 5473 2213 5527 virium
2240 5471 2524 5527 Romanis
2549 5470 2729 5537 salva,
2764 5469 3087 5525 deleretur?
3118 5468 3232 5523 Hac
3263 5466 3660 5523 sollicitudine

2005 5561 2324 5617 instinctus
2355 5577 2421 5616 ex
2452 5560 2669 5628 effugio
2699 5560 2798 5615 illo
2821 5577 2887 5615 ac
2916 5558 3157 5614 latebris
3190 5557 3383 5629 erupit
3413 5556 3572 5623 suis;
3604 5561 3662 5611 et

2009 5653 2165 5725 quod
2217 5651 2563 5707 Drimianim
2616 5667 2681 5705 ac
2730 5649 3159 5705 Demetriadem
3221 5647 3504 5702 intererat
3553 5645 3665 5701 iter

2011 5743 2172 5800 bidui
2222 5758 2342 5798 una
2399 5745 2568 5797 nocte
2624 5740 2955 5814 pervolans,
3007 5738 3191 5811 raptis
3242 5753 3467 5807 secum,
3517 5751 3663 5808 quas
