4246 6446
628 371 738 426 783

1942 364 2244 424 GEORGII
2285 369 2752 426 PACHYMBBE

3946 362 4055 419 786

624 489 803 570 τριάδι
835 491 1136 568 ἐφίσταται,
1185 489 1274 544 καὶ
1333 490 1424 545 τὸν
1482 489 1677 544 στόλον
1741 489 1792 544 ἐν
1855 494 1977 564 χοῷ
2035 487 2286 544 κινδύνου
2316 497 2369 563 Α
2401 495 2595 567 φωνῶν
2651 512 2710 546 τι
2768 488 2857 544 καὶ
2897 489 3290 560 ποτνιώμενος,
3340 489 3430 542 καὶ
3487 489 3560 550 ὡς
3605 488 3766 548 αὐτὸς
3799 488 3826 542 6
3861 485 4056 542 δεσπό-

629 576 1060 653 καταλαμϐάνει.
1121 576 1260 649 Ἤδη
1332 580 1432 654 γὰρ
1478 580 1565 633 καὶ
1623 580 1675 633 αἱ
1729 584 1834 633 τῶν
1896 579 2109 653 ἐχθρῶν
2167 587 2292 649 νῆες

633 670 888 748 ἐμφανεῖς
919 671 1051 737 ἦσαν
1103 662 1513 743 προσϐαλοῦσαι
1563 670 1624 722 τὸ
1679 667 1955 738 τηνικάδε.
2016 675 2101 731 Ὡς
2159 673 2289 744 γοῦν

631 760 766 813 κατά
827 778 1023 832 στιχας
1083 752 1334 826 ἔστησαν,
1392 762 1632 811 κάκεῖναι
1688 760 1780 830 μὲν
1856 759 1968 830 ἅμα
2017 754 2294 831 προσέϐα-

629 847 750 915 λον,
801 849 854 900 αἱ
918 845 974 900 δὲ
1030 852 1135 900 τῶν
1196 847 1489 919 Ῥωμαίων
1552 845 1814 921 πιχηὸὸν
1871 850 2008 901 κατά
2065 845 2291 908 δεκάδας

631 936 888 1009 ἐπῄεσαν,
937 937 990 989 αἱ
1049 935 1142 1006 μὲν
1198 943 1298 1005 τῆς
1359 938 1584 1010 πρώτης
1641 934 1864 997 δεκάδος
1911 938 2012 1004 τήν
2071 938 2294 1011 πρώτην

633 1023 892 1100 ἐδέχοντο
930 1023 1138 1100 μάχην,
1172 1025 1260 1079 καὶ
1295 1032 1394 1094 τῆς
1425 1023 1652 1087 δεκάδος
1683 1029 1716 1095 ἡ
1749 1027 1942 1101 πρώτη
1993 1029 2290 1101 προώρμα,

635 1113 773 1168 ὅπσυ
831 1113 921 1167 καὶ
982 1115 1008 1168 6
1072 1112 1528 1188 Φιλανθροπηνὸς
1587 1115 2025 1190 πρωτοστράτωρ
2079 1116 2144 1184 ἦν
2204 1116 2294 1170 καὶ

634 1204 698 1258 τὸ
762 1201 1044 1277 βασιλικὸν
1105 1204 1437 1278 ἀνεγήγερτο
1499 1211 1772 1278 σκῆπτρον
1812 1250 1826 1270 ,
1885 1205 1958 1266 ὡς
2018 1205 2294 1274 σύνηθες,

637 1291 727 1345 καὶ
761 1289 826 1358 δὴ
862 1295 1230 1362 συμπεσοῦσαι
1294 1294 1481 1366 μάχην
1542 1289 1763 1368 ἤγειραν
1826 1313 2108 1366 κρατεραν.
2142 1291 2297 1348 ⁷Αλκ’

639 1379 738 1434 οὐκ
766 1380 832 1448 ἦν
891 1379 1015 1451 μίαν
1074 1379 1547 1457 έπεισφρησάντων
1608 1380 1838 1435 πολλῶν
1897 1381 2294 1457 ἐνεγκεῖνοδθεν

637 1468 728 1522 καὶ
796 1474 1061 1542 περιῆσαν
1130 1467 1439 1541 ἐπιθέμενοι
1512 1471 1897 1544 μαχομένοις,
1973 1472 2296 1548 σφάττοντες

639 1558 1046 1630 ἀντεχομένους
1084 1602 1097 1625 ,
1157 1553 1595 1620 καταϐάλλοντες
1653 1560 2098 1630 ἀνθισταμένους.
2157 1560 2298 1614 Τότο

647 1646 740 1718 μὲν
773 1644 979 1700 πολλοὶ
1010 1645 1098 1699 καὶ
1162 1646 1437 1722 μαχαίρας
1495 1647 1648 1722 ἔργον
1683 1647 1945 1722 ἐγένοντο,
2005 1646 2216 1703 πολλοὶ
2245 1645 2301 1702 δὲ

645 1735 736 1788 καὶ
799 1735 887 1788 ἰπὶ
940 1740 1048 1789 τῶν
1115 1733 1321 1790 ὑδάτων
1383 1736 1784 1799 ὀλισθαίνοντες
1855 1734 2248 1808 ἐναπέθνησκον
2285 1780 2299 1805 ,

649 1821 816 1878 ἄλλοι
857 1821 903 1878 δ’
961 1823 1026 1878 αὖ
1073 1826 1404 1900 τραυμακίαι
1452 1827 1729 1901 γεγονότες
1782 1827 1857 1888 εἷς
1913 1826 2072 1888 τέλος
2128 1827 2301 1880 ἀντεῖ-

647 1933 774 1988 χον.
809 1913 912 1966 Τὸν
947 1911 1005 1967 δὲ
1033 1935 1093 1988 γε
1123 1918 1586 1988 πρωτοστράτορα
1642 1915 1729 1969 καὶ
1788 1913 2027 1978 πολλαῖς
2057 1911 2291 1971 ἔϐαλλον

639 2008 757 2066 ταῖς
781 2003 946 2073 ἀκίσι,
1001 2005 1084 2057 κνὶ
1137 2003 1252 2058 ἐπεὶ
1305 2005 1612 2059 καθικέσθαι
1673 2006 1772 2060 ούκ
1822 2007 1890 2075 ἦν
1945 2006 2299 2079 ὡπλισμένου

637 2088 923 2160 πεσόντος,
956 2092 1050 2154 τὰς
1103 2093 1379 2168 μαχαίρας
1436 2089 1804 2166 ἐμϐάλλοντες
1859 2101 1965 2149 τῶν
1995 2094 2182 2149 ὅπλων
2217 2095 2300 2150 έν-

640 2181 732 2241 τὸς
763 2180 1041 2250 ᾐκίζοντο.
1075 2184 1250 2237 Τοῦτο
1297 2187 1416 2243 ταῖς
1477 2181 1699 2245 λοιπαῖς
1731 2185 1882 2238 ναυσὶ
1917 2183 2045 2259 δίχα
2082 2185 2172 2238 καὶ
2205 2189 2298 2238 τοῦ

638 2271 755 2322 κατ’
813 2270 976 2330 αὐτὰς
1052 2267 1306 2324 κινδύνου
1392 2271 1466 2332 εἷς
1534 2269 1737 2326 δειλίαν
1802 2274 2096 2343 ἀνήκεστον
2143 2294 2298 2347 περι-

647 2357 937 2416 ίστατο.¹Ο
972 2356 1028 2412 δέ
1084 2380 1146 2433 γε
1179 2357 1446 2429 δεσπότης
1502 2367 1618 2422 τοῖς
1675 2362 1951 2436 αἰγιαλοῖς
2009 2362 2296 2439 ἐφιστάμε-

639 2468 732 2510 νος
792 2444 962 2525 ὥρεγε
1009 2450 1199 2523 χεῖρας
1235 2494 1248 2520 ,
1308 2449 1396 2504 καὶ
1485 2447 1870 2522 κατηντιϐόλει
1947 2453 2014 2506 τὰ
2067 2454 2296 2526 μέγιστα

649 2663 921 2736 colligere
973 2669 1262 2736 potuerat,
1320 2666 1589 2740 reliquiis
1643 2669 1932 2724 exercitus
1982 2669 2300 2735 terrestris,

639 2759 900 2810 extremo
933 2755 1059 2824 jam
1111 2755 1453 2811 discrimine
1503 2757 1929 2828 periclitanlem
1977 2759 2299 2814 Romanam

639 2842 721 2898 ibi
755 2844 969 2914 reperit
999 2844 1274 2901 classem.
1306 2847 1681 2916 Apparebant
1729 2849 1801 2902 ab
1852 2849 1971 2904 alto
2019 2849 2299 2920 expeditas

639 2933 709 2988 ad
768 2933 1164 2988 invadendum
1220 2935 1484 3006 praelium
1536 2936 1779 2992 hostiles
1812 2955 1986 2993 naves
2018 2939 2301 2993 ordinata!

638 3021 1174 3077 seriatim.Stabant
1189 3040 1255 3078 ex
1269 3025 1512 3080 adverso
1530 3026 1802 3082 Romanae
1820 3027 2118 3099 productis
2134 3027 2188 3081 in
2207 3029 2299 3083 de-

639 3111 816 3165 cadas
851 3112 1005 3166 388
1034 3113 1321 3184 versibus,
1357 3114 1478 3169 acie
1510 3131 1613 3186 per
1662 3116 2013 3188 multiplices
2061 3117 2296 3173 ordines

2395 601 2492 649 της
2524 579 2606 650 εἷή
2667 580 2758 633 καὶ
2815 573 3182 653 προσϐοηθεῖν
3232 575 3379 651 ἔχοι,
3418 577 3508 631 καὶ
3541 579 3567 630 6
3597 578 3786 652 καιρὸς
3827 576 4054 630 ἀνακλι-

2399 670 2555 736 θῆναι
2609 667 2754 745 σφίσι
2815 665 3062 744 σφάλμα,
3119 665 3163 720 εἰ
3225 665 3391 739 μόνον
3455 667 3801 741 προσέχοιεν.
3865 663 4058 740 Ὦρεγέ

2395 779 2453 811 τε
2483 763 2671 831 χεῖρας
2703 754 2894 826 ἔξωθεν
2947 762 3064 817 τοῖς
3121 754 3292 825 ἐντὸς,
3341 756 3427 809 καὶ
3480 756 3789 828 προθυμίας
3820 760 4058 828 παρεῖχε

2399 841 2674 917 σύμϐολα,
2729 847 2809 918 [Ρ.
2864 848 2992 916 224]
3042 845 3116 905 ὡς
3170 845 3414 908 ἐντεῦθεν
3474 843 3709 916 πέμψων
3773 845 4054 917 βοήθειαν.

2400 935 2466 991 Οἱ
2499 932 2555 988 δὶ
2584 935 2673 988 καὶ
2705 937 2852 1008 παρά
2881 935 2942 988 τὸ
2975 933 3118 995 εἰκὸς
3150 931 3494 1007 ἠνδρίζοντο,
3527 934 3616 986 καὶ
3663 931 3816 1002 δίκην
3853 932 4054 1007 ἀγρίων

2401 1028 2541 1077 συῶν
2571 1022 3024 1100 κατεσφάττοντο.
3076 1024 3136 1080 Ὀ
3167 1019 3225 1077 δὲ
3279 1027 3396 1084 ταῖς
3453 1026 3864 1098 παρατυχοῦσιν
3898 1021 4060 1076 ἁλιά-

2399 1132 2481 1166 σιν
2547 1113 2768 1182 ἀκμῆτα
2834 1110 2967 1166 λαὸν
3025 1113 3379 1184 προσέπεμπι
3433 1117 3524 1166 καί
3578 1106 4056 1187 προσεπεόοήθει,

2400 1201 2488 1254 καὶ
2550 1205 2750 1277 φωναῖς
2806 1201 2898 1254 καὶ
2968 1203 3218 1275 σχήμασι
3276 1201 3412 1276 πρὸς
3471 1198 3676 1273 ἄμυναν
3736 1198 4056 1275 παρεκάλει,

2402 1289 2560 1366 ἐφ⁹ᾦ
2618 1291 2693 1360 μὴ
2755 1287 2984 1363 σφαλείη
3046 1290 3136 1343 καὶ
3186 1289 3253 1343 τὰ
3307 1288 3434 1344 ἐκεῖ.
3487 1290 3577 1350 Ὠς
3638 1287 3684 1343 δ’
3743 1289 3827 1343 ἰπὶ
3889 1289 4051 1361 ξυροῦ

2403 1378 2627 1439 ἐκείνοις
2661 1380 2688 1431 ὁ
2722 1375 2966 1439 κίνδυνος
3005 1375 3221 1449 ἵστατο,
3278 1375 3463 1440 ἄλλως
3521 1376 3663 1452 ἔγνω
3721 1377 4055 1452 παρακαλεῖν

2403 1468 2494 1522 καὶ
2555 1472 2772 1539 θερμῶς
2811 1466 3068 1522 ἱκετεύειν
3101 1465 3246 1538 αὐτῷ
3271 1465 3336 1536 δή
3377 1472 3456 1538 τῷ
3483 1473 3764 1538 ταπεινπῷ
3813 1469 4060 1541 σχήματι

2405 1557 2463 1610 ἐκ
2505 1556 2610 1630 γὰρ
2669 1563 2769 1625 τῆς
2830 1554 3012 1625 δεινῆς
3071 1555 3398 1625 ἑκατέρωθεν
3435 1556 3794 1617 ἀντιστάσεως
3851 1555 4061 1610 πολλοί

2403 1652 2513 1701 τῶν
2567 1649 2874 1702 πιπτόντων
2929 1649 3010 1720 [Ρ.
3065 1650 3192 1720 225]
3250 1650 3383 1715 ἦσαν
3421 1691 3435 1716 ,
3495 1647 3585 1701 καὶ
3644 1646 3888 1701 θάλασσα
3947 1646 4057 1722 ῥέεν

2410 1734 2620 1809 α’ίματι.

2333 1848 2380 1912 Β
2413 1851 2510 1927 λβ.
2567 1854 2752 1912 Ὅπως
2785 1852 2947 1935 “κατὰ
3000 1848 3276 1935 θάλασσαν
3302 1850 3366 1935 "6
3418 1846 3866 1935 πρωτοστράτωρ
3894 1847 4064 1934 ,Φιλ-

2480 1923 2837 1996 ανθρωπηνὸς
2905 1927 3027 1996 νικᾷ
3107 1921 3236 1982 τοὺς
3302 1918 3550 1996 Ἰταλοὺς
3612 1918 3769 1996 κατὰ-
3808 1918 4009 1996 κράτος
4049 1962 4062 1975 .

2480 1989 2867 2120 Ξυνεργοῦντος
2967 1989 3157 2064 ἔξωθεν
3252 1992 3342 2046 καὶ
3435 1997 3532 2046 τοῦ
3610 1989 3871 2046 δεσπότου
3939 1991 4065 2045 Ἰω-

2517 2088 2655 2120 ννου.

2517 2088 2655 2122 ννου.

2481 2185 2561 2256 [Ρ.
2595 2185 2720 2254 225]
2767 2179 2905 2250 ’Ήδη
2962 2178 3018 2234 δὲ
3074 2182 3230 2248 καὶ
3266 2183 3723 2254 πρωτοτακτοῦσα
3779 2175 4063 2231 κατεδικά-

2411 2277 2528 2340 ζετο
2559 2269 2684 2332 ναῦς
2729 2271 2818 2324 καὶ
2877 2268 2985 2339 ἤδη
3045 2275 3161 2330 τοῖς
3221 2267 3440 2344 ἐχθροῖς
3499 2269 3760 2343 ἀπήγετο,
3821 2267 4063 2338 ένῇκαὶ

2409 2361 2573 2414 ὁτῶν
2613 2364 2759 2430 νηῶν
2822 2357 3050 2434 ἔξαρχος
3102 2361 3166 2426 ἦν
3225 2359 3314 2411 καὶ
3377 2359 3430 2411 αἱ
3495 2356 3771 2432 βασιλικαὶ
3825 2361 4063 2428 σημαῖαι

2411 2450 2503 2505 καὶ
2552 2451 2604 2504 οἱ
2659 2454 2765 2504 τῶν
2828 2448 3088 2523 μαχίμων
3150 2444 3354 2522 ἀνδρῶν
3414 2446 3728 2523 πρόκριτοι.
3789 2445 3892 2503 Καὶ
3941 2445 4067 2498 τότε

2413 2670 2544 2722 rent
2573 2667 2763 2722 adhuc
2794 2665 3010 2722 animis
3045 2684 3058 2721 :
3093 2681 3164 2721 en
3197 2667 3401 2722 adesse
3433 2681 3562 2721 sese
3601 2665 3906 2736 despotam
3964 2679 4071 2718 au-

2409 2756 2553 2811 xilia
2585 2757 2900 2824 ferentem;
2935 2756 3306 2811 occasionem
3338 2757 3543 2811 adesse
3575 2755 3923 2826 reponenda
3957 2752 4070 2808 ho—

2412 2847 2601 2902 stibus
2632 2846 2816 2901 cladis
2850 2862 3102 2916 nuperae,
3133 2846 3180 2900 si
3217 2844 3458 2916 paulum
3494 2845 3666 2899 modo
3699 2844 4070 2898 conniteren-

2410 2940 2649 2990 tur.Hoc
2671 2935 2918 3006 loquens
2941 2935 3123 3003 vultu,
3144 2935 3352 3001 oculis,
3376 2950 3661 2988 manuum
3687 2933 4068 3004 protensione

2412 3025 2842 3093 commonebat,
2867 3043 2896 3079 e
2921 3031 3072 3079 terra
3095 3025 3328 3079 intuens
3353 3025 3409 3078 in
3436 3023 3682 3077 navibus
3705 3027 4064 3092 pugnantes,

2409 3118 2578 3184 nutu,
2607 3119 2797 3186 gestu,
2831 3115 2989 3169 omni
3022 3118 3299 3184 praeterea
3331 3112 3756 3182 significatione
3788 3111 4064 3166 indicans

636 3199 962 3269 profunda;
998 3201 1170 3270 cujus
1194 3219 1320 3272 quae
1355 3203 1514 3256 frons
1547 3209 1669 3258 erat
1702 3205 1873 3259 decus
1909 3207 2098 3275 prima
2129 3222 2291 3260 com-
2321 3236 2363 3302 Ο
2404 3205 2692 3260 adducere
2741 3221 2803 3259 se
2846 3203 3132 3258 auxilium
3186 3201 3568 3274 praevalidum
3623 3218 3755 3256 mox
3803 3216 4063 3272 moxque

637 3287 867 3341 mittere
893 3288 1016 3356 jam
1053 3294 1322 3358 cmperat,
1353 3291 1649 3361 excipiens
1695 3294 1950 3363 primum
2007 3295 2291 3364 impetum

640 3376 996 3430 irruentium
1029 3378 1079 3429 vi
1127 3394 1361 3432 summa
1415 3379 1778 3435 Latinorum.
1829 3388 1892 3436 In
1955 3382 2046 3436 his
2095 3384 2294 3437 decem

641 3465 864 3520 nostris
898 3465 1170 3537 princeps
1195 3473 1318 3521 erat
1351 3467 1480 3538 ipsa
1511 3472 1796 3540 prastoria,
1831 3489 1947 3542 qua
1979 3473 2298 3528 vehebatur

637 3555 1179 3626 Pbilanthropenus
1205 3563 1609 3628 protostrator,
1632 3562 1785 3615 unde
1802 3567 2056 3617 erectum
2083 3564 2297 3634 promi-

642 3645 816 3700 nebat
850 3647 919 3700 de
953 3663 1115 3701 more
1147 3647 1262 3702 alte
1293 3651 1676 3721 conspicuum
1713 3658 2005 3724 sceptrum
2040 3654 2292 3726 imperii.

644 3735 726 3790 Ea
778 3736 1044 3806 expedito
1070 3741 1201 3792 ante
1225 3754 1430 3794 omnes
1454 3758 1735 3811 procursu
1763 3743 2078 3799 miscuerat
2101 3761 2161 3799 se
2191 3746 2294 3800 ho-

647 3825 840 3879 stibus
874 3829 1231 3897 strenueque
1263 3828 1980 3897 dimicabat,imitantibus
2010 3850 2112 3904 pro
2143 3835 2294 3889 virili

645 3931 851 3969 novem
888 3916 1132 3970 caeteris.
1169 3920 1384 3972 Verum
1419 3936 1547 3974 cum
1585 3921 1640 3974 in
1691 3939 1866 3976 unam
1920 3922 2080 3978 illam
2135 3929 2296 3980 extra

642 4004 907 4058 ordinem
943 4010 1196 4060 evectam
1233 4008 1494 4078 undique
1530 4010 1715 4066 Latini
1750 4015 2072 4070 coorientes
2117 4032 2290 4071 cona-

639 4092 800 4146 tibus
825 4110 926 4163 pro
949 4109 1011 4146 se
1037 4093 1286 4164 quisque
1308 4096 1843 4157 vebcmentissimis
1877 4105 2291 4175 irrumperent,

638 4198 753 4236 non
787 4182 1070 4236 sustinuit
1114 4182 1227 4237 vim
1281 4191 1536 4240 atrocem
1588 4190 1656 4243 ad
1709 4200 2053 4257 extremum,
2102 4195 2290 4249 admi-

636 4270 917 4342 misitque
968 4271 1239 4337 victores,
1297 4276 1395 4344 qui
1449 4275 1688 4333 eluctati
1721 4285 2112 4338 constantiam
2151 4285 2290 4340 resi-

635 4362 918 4432 stentium
975 4361 1294 4417 fortissime
1326 4370 2058 4435 nostrorum,trucidantes
2090 4375 2290 4429 adver-

634 4449 1102 4519 sos,dejicientes
1135 4451 1760 4520 obvios,miserabilem
1793 4460 2106 4517 ediderunt
2135 4469 2291 4519 stra-

633 4554 789 4611 gem.
821 4540 985 4594 Tunc
1033 4540 1250 4596 multos
1298 4544 1633 4614 absumpsit
1679 4550 1981 4607 confossos
2031 4551 2287 4623 gladius,

2405 3295 2772 3350 adfuturum.
2809 3295 2868 3348 Id
2903 3294 3194 3349 enimvero
3245 3292 3563 3364 plurimum
3612 3290 3812 3346 valuit.
3866 3289 4065 3346 Nostri

2407 3383 2621 3438 milites
2670 3401 2702 3437 a
2753 3388 2887 3437 nota
2940 3384 3095 3437 384
3141 3383 3284 3437 facie
3333 3398 3398 3436 ac
3442 3398 3580 3436 voce
3611 3380 3776 3435 novis
3807 3380 4064 3451 receptis

2405 3471 2644 3538 animis,
2680 3471 2868 3526 instar
2896 3471 3304 3543 aprorum,qui
3335 3469 3721 3525 circumventi
3754 3467 4065 3523 venabulis

2405 3561 2460 3613 in
2497 3562 2624 3631 ipsa
2655 3567 2840 3615 morte
2871 3561 3066 3614 dirum
3099 3559 3567 3624 frendent,baud
3603 3560 3847 3628 impune
3880 3557 4062 3611 truci-

2404 3651 2717 3704 dabantur.
2755 3649 2992 3704 Interim
3026 3650 3098 3704 iis
3130 3648 3396 3704 subsidio
3429 3650 3692 3718 despota,
3727 3646 4064 3718 piscatoriis

2405 3739 2548 3794 forte
2579 3739 2865 3794 naviculis
2899 3739 3167 3810 repertis,
3196 3738 3373 3793 lectos
3406 3736 3754 3792 bellatorum
3790 3736 4064 3808 manipu-

2403 3829 2490 3884 los
2518 3830 2898 3897 submittere;
2934 3829 3174 3884 vocibus
3219 3828 3440 3900 pariter
3486 3832 3543 3881 et
3597 3826 3776 3897 signis
3829 3826 4060 3898 procul,

2406 3925 2468 3975 ut
2501 3918 3061 3990 cmperat,animare;
3088 3919 3381 3974 concitare
3414 3917 3472 3971 in
3509 3915 3817 3980 ultionem,
3851 3917 4060 3971 admo-

2403 4025 2540 4064 nere
2571 4008 2847 4063 ultimum
2883 4008 2937 4061 id
2977 4014 3208 4079 tempus
3258 4008 3378 4062 fore
3428 4006 3726 4061 servandae
3777 4005 4061 4061 Romana

2403 4100 2507 4166 rei,
2558 4098 2712 4152 haud
2763 4097 2940 4151 dubie
2991 4097 3285 4168 peritura,
3337 4095 3385 4150 si
3435 4095 3742 4151 otl‘ensioni
3791 4095 4059 4150 terrestri

2401 4186 2597 4241 clades
2656 4185 2955 4240 maritima
3013 4185 3407 4256 superveniat.
3458 4183 3589 4238 Haec
3638 4183 4063 4238 ardentissime

2402 4292 2583 4347 agens
2647 4275 2804 4343 licet,
2874 4290 3084 4346 parum
3151 4273 3493 4344 proficiebat
3549 4289 3563 4326 :
3634 4271 4063 4327 intendebatur

2400 4365 2554 4420 enim
2592 4364 2944 4436 periculum,
2976 4368 3032 4419 et
3061 4379 3262 4435 parum
3297 4380 3330 4418 a
3378 4361 3744 4418 conclamata
3793 4361 4061 4431 pernicie

2401 4471 2494 4510 res
2546 4455 2767 4511 aberat.
2819 4453 2920 4510 Ille
2967 4453 3340 4526 conspicatus
3380 4452 3571 4523 magis
3602 4451 3911 4522 magisque
3949 4451 4063 4508 Bo-

2401 4561 2608 4600 manos
2634 4545 2858 4610 cadere,
2893 4542 3294 4614 congeminari
3324 4542 3533 4608 caades,
3575 4540 3906 4596 coacervari
3961 4557 4063 4596 ca-

633 4630 854 4684 multos
885 4629 1087 4684 hausit
1118 4629 1176 4684 in
1211 4649 1423 4702 aquam
1460 4635 1730 4708 delapsos
1765 4643 2061 4696 mare.AIii
2094 4650 2284 4698 tamen
2319 4625 2364 4689 D
2396 4635 2607 4688 (ἴονθῖᾶ
2644 4650 2911 4701 suorum,
2941 4632 3335 4688 decoloratum
3371 4647 3576 4686 cruore
3606 4634 3880 4702 pontum,
3929 4631 4062 4686 ine-

630 4719 845 4784 adhuc,
881 4718 1016 4772 licet
1046 4720 1372 4776 semineces
1402 4723 1854 4797 vulneribus,ad
1889 4731 2064 4785 tinem
2094 4748 2280 4803 usque

627 4808 1497 4866 resistebant.Protostratorem
1533 4815 1724 4885 ipsum
1758 4819 1961 4874 multis
1992 4821 2283 4889 petierunt

625 4899 780 4965 telis,
817 4915 944 4968 quae
976 4898 1256 4968 quoniam
1295 4902 1549 4970 perferre
1600 4907 1778 4961 ictum
1822 4908 1877 4961 in
1921 4925 2134 4980 corpus
2179 4929 2276 4968 ne-

625 4989 874 5059 quibant
901 4987 1092 5041 valida
1119 4989 1337 5058 ubique
1362 4997 1684 5060 protectum
1711 5004 2031 5068 armatura,
2063 4999 2277 5070 gladiis

621 5094 723 5148 per
774 5077 956 5132 rimas
1008 5082 1065 5131 et
1116 5079 1542 5136 commissuras
1595 5101 1894 5142 armorum
1959 5089 2276 5146 insinuatis

618 5184 767 5222 saeve
819 5167 984 5221 illum
1031 5168 1526 5226 excarnificabant
1574 5191 1676 5243 per
1725 5175 1932 5232 intima
1964 5179 2271 5236 fodientes.

615 5256 676 5312 Id
709 5274 842 5312 vero
873 5257 1351 5311 animadversum
1403 5261 1474 5314 ab
1524 5261 1772 5319 aliarum
1825 5267 2114 5323 militibus
2168 5287 2274 5325 na-

612 5346 796 5410 vium,
847 5344 1152 5399 acerrimis
1202 5350 1259 5398 et
1312 5345 1574 5416 ipsarum
1629 5351 1948 5409 insultibus
2001 5356 2270 5413 laboran-

612 5433 782 5498 tium,
818 5435 990 5505 fregit
1013 5434 1270 5504 denique
1296 5436 1651 5504 pertinacem
1686 5441 1743 5495 in
1768 5443 1822 5496 id
1849 5443 1960 5500 loci
1993 5452 2270 5502 constan-

607 5522 940 5591 tiam,tristi
971 5527 1028 5576 et
1061 5522 1482 5580 immedicabili
1515 5527 1730 5599 injecta
1764 5549 1831 5587 ex
1862 5535 2270 5606 desperatione

605 5613 948 5680 formidine,
977 5613 1214 5684 quando
1246 5616 1520 5685 apparuit
1550 5635 1579 5674 e
1614 5619 1807 5677 littore
1856 5625 2100 5696 despota
2147 5643 2268 5682 ma-

603 5719 720 5759 nus
753 5703 1022 5773 tendens,
1059 5717 1126 5759 ac
1155 5702 1412 5773 supplici
1446 5704 1703 5767 clamore
1751 5714 2100 5782 vociferans,
2152 5720 2267 5773 sta-

2391 4722 2655 4778 luctabili
2678 4723 2728 4776 vi
2757 4738 2922 4777 ruere
2954 4721 3223 4791 victores,
3258 4719 3496 4776 aliunde
3519 4721 3646 4789 jam
3681 4723 3845 4773 ratus
3879 4719 4058 4774 auxi-

2389 4814 2535 4868 lium
2569 4814 2968 4884 quazrendum,
3016 4811 3109 4866 Dei
3155 4827 3322 4882 opem
3370 4809 3721 4880 veniamque
3771 4810 4060 4864 ardenter

2388 4902 2620 4958 invocat
2651 4919 2826 4972 quam
2873 4901 3306 4956 demississimo
3351 4899 3556 4954 habitu
3606 4897 3873 4969 supplex,
3931 4914 4055 4952 non

2388 4995 2630 5058 frustra,
2659 4999 2722 5048 ut
2756 5009 2887 5047 mox
2917 4992 3234 5048 videbitur.

2386 5141 2474 5196 32.
2515 5143 2575 5198 Ut
2603 5141 2748 5196 mari
2775 5143 3132 5212 protosfralor
3161 5138 3677 5208 Philanthropemu
3727 5136 3908 5193 Italos
3963 5138 4051 5193 υἰ-

2580 5214 2741 5283 cerit,
2773 5214 3078 5284 adjuvanle
3108 5230 3140 5267 a
3172 5221 3318 5268 terra
3349 5212 3575 5282 despota
3601 5212 3841 5266 Joanne.

2453 5357 2585 5412 Jam
2620 5357 2893 5428 praetoria
2923 5361 3128 5411 nostra
3163 5360 3497 5428 expugnata
3547 5355 3599 5408 vi
3654 5353 3918 5409 hostium
3980 5356 4053 5411 ab

2382 5445 2530 5517 ipsis
2580 5447 3005 5515 abducebatur,
3055 5450 3111 5500 et
3142 5447 3198 5500 in
3233 5462 3302 5501 ea
3333 5445 3619 5502 universe
3652 5443 3862 5499 classis
3897 5460 4053 5513 prae-

2382 5537 2591 5602 fectus,
2627 5534 3001 5606 imperatoria
3031 5534 3310 5606 insignia,
3343 5535 3660 5606 ipsumque
3689 5534 3836 5588 adeo
3867 5535 4055 5589 robur

2379 5631 2592 5681 nostrae
2653 5625 2876 5680 militia:
2935 5624 3182 5693 navalis,
3241 5624 3550 5680 lectissimi
3611 5622 4052 5694 fortissimique

2378 5715 2714 5784 bellatores,
2747 5716 3006 5787 quando,
3038 5719 3104 5770 ut
3135 5714 3359 5771 dictum
3390 5719 3502 5783 est,
3535 5728 3746 5770 novam
3777 5712 4040 5769 addendi
