4246 6446
163 380 272 435 785

1243 382 1339 436 DE
1376 381 1743 436 MICHAELE
1782 384 2228 443 PALBOLOGO
2264 389 2396 442 LIB.
2440 390 2509 442 V.

3466 393 3578 446 780

165 505 258 565 τὰς
316 501 627 576 προθυμίας
686 501 903 558 ἐκείνων
964 501 1206 572 ἑπαύξων
1284 500 1463 577 ῥιπτεῖ
1519 504 1653 557 κατὰ
1710 510 1812 578 γῆς
1845 505 2207 582 ΑἈχριδὼν
2268 510 2540 585 Κεραμὲᾳ,
2600 513 2693 575 θέα
2751 508 2919 573 ὅντως
2972 511 3178 581 ἐλεεινὴ
3214 513 3298 567 οιαὶ
3332 511 3576 588 δακρύων

165 594 266 660 τὴν
326 590 634 666 καλύπιραν
690 598 791 660 τῆς
848 598 1113 669 κεφαλῆς,
1189 592 1276 645 καὶ
1331 592 1477 645 κόνιν
1546 589 1823 663 πάττεται,

164 685 255 737 καὶ
284 678 541 753 δάκρυσιν
574 679 798 736 ἱκετεύει
851 680 972 735 Αἶαν
1025 679 1278 741 ἐλεεινῶς
1324 681 1400 752 μὴ
1429 682 1821 756 καταπροέσθαι

167 776 278 826 τῶν
336 765 631 842 συμϐόλων
682 770 1062 845 ἀπαγομένων.
1118 768 1276 826 Οὕτω
1330 770 1396 823 τὰ
1448 768 1631 825 πολλὰ
1660 792 1820 824 κατα-

170 860 467 916 λιτανεύων
503 859 593 913 καὶ
627 854 817 934 λόγοις
847 860 935 913 καὶ
981 860 1231 933 σχήμασι
1264 859 1351 913 καὶ
1382 864 1459 929 τῷ
1488 864 1583 913 τοῦ
1615 858 1820 931 τρόπου

166 956 433 1018 ταπεινῷ,
479 948 727 1011 πολλούς
774 971 833 1005 τε
880 944 1339 1023 προσεπιϐαλλων
1381 956 1494 1011 τοῖς
1526 946 1715 1022 ἔξωθεν
1748 952 1822 1014 ὡς

164 1040 612 1114 ἀναπληροῦσθαι
669 1039 795 1101 τοὺς
854 1039 1164 1107 λείποντας,
1234 1040 1485 1114 ἀνήγειρε
1553 1060 1611 1093 τε
1691 1040 1817 1103 τοὺς

167 1131 521 1204 μαχομένους
580 1127 669 1182 καὶ
730 1127 1118 1204 παρεθάρρυνε,
1179 1129 1266 1182 καὶ
1328 1128 1681 1197 ἀναισθήτουν
1727 1129 1815 1183 πί-

162 1238 416 1285 πτοντες,
476 1218 790 1292 καρτερικοί
848 1238 987 1277 τινες
1044 1216 1134 1270 καὶ
1195 1216 1339 1290 παρᾶ
1384 1218 1446 1270 τὸ
1479 1214 1596 1271 δέον
1630 1220 1815 1293 φαινό-

165 1328 343 1380 μενοι.
377 1305 477 1362 Καὶ
536 1305 696 1369 τέλος
724 1306 1098 1380 περιγίνονται
1132 1309 1238 1359 τῶν
1302 1304 1481 1379 ἑχρῶν
1535 1305 1625 1359 σὺν
1667 1307 1816 1379 πόνῳ

159 1393 364 1465 πολλῷ
413 1394 502 1448 καὶ
560 1396 789 1469 μόχθῳ·
842 1394 931 1448 καὶ
985 1392 1053 1461 δὴ
1105 1390 1255 1447 δυοῖν
1287 1392 1321 1461 ἢ
1352 1394 1441 1447 καὶ
1487 1400 1653 1469 τριῶν
1686 1397 1817 1450 ἀπο-

160 1482 445 1557 δρασασῶν
508 1483 563 1537 αἱ
623 1480 814 1536 λοιπαὶ
876 1483 1014 1536 κατὰ
1069 1481 1264 1554 κράτος
1321 1481 1672 1538 ἀλίσκονται’
1725 1486 1814 1539 καὶ

160 1575 215 1628 οἱ
277 1573 373 1644 μὲν
434 1572 726 1649 σφαγέντες
800 1571 1057 1634 πεσόντες
1131 1570 1207 1632 εἰς
1266 1570 1534 1626 θάλασσαν
1590 1573 1813 1628 ἀπεπνί-

159 1683 354 1738 γοντο,
410 1660 597 1736 ἰχθύσι
658 1658 872 1733 μᾶλλον
931 1662 965 1731 ἢ
1025 1659 1255 1735 ἀλόχοις
1307 1661 1397 1715 καὶ
1439 1658 1650 1723 τέκνοις
1680 1663 1814 1731 ἦσαν

160 1750 460 1826 φίλτατοι·
493 1751 545 1803 οὶ
596 1748 640 1804 δ’
699 1748 864 1803 ἄλλοι
916 1748 1352 1823 συγκλεισθέντες
1408 1752 1626 1826 γαστέρι
1683 1754 1810 1821 νηὸς

1932 595 2074 668 ἀξία,
2106 598 2553 670 περιστέλΛονταί
2604 621 2661 655 τε
2720 601 2794 662 ὡς
2852 600 2998 662 εἷ’κὸς
3047 602 3174 674 παρ’
3225 602 3431 657 ἐκείνου
3459 610 3576 666 τοῖς

1932 684 2214 755 ιὺρεθεῖσι,
2272 688 2361 741 καὶ
2420 687 2495 750 ὡς
2553 689 2668 743 οἷόν
2744 710 2802 744 τε
2857 691 3261 763 θεραπεύονται.
3328 692 3468 747 Τότε
3527 690 3571 747 δ’

1933 772 2315 848 ὑπερπαθήσας
2371 778 2459 831 καὶ
2518 779 2546 832 ὁ
2606 776 2872 847 δεσπότης
2926 778 3015 833 καὶ
3075 778 3447 854 περιαλγήσας
3505 785 3574 855 τῇ

1931 869 2204 939 συμφορᾷ,
2262 862 2587 921 δεσπόσυνον
2646 869 2849 942 τρόπον
2915 867 3122 944 φεύγων
3184 868 3307 923 ὅσον
3356 869 3415 924 ἐκ
3470 874 3576 923 τῶν

1930 947 2225 1023 συμϐόλων
2259 954 2285 1008 ὁ
2318 952 2565 1018 δουλείας
2616 955 2763 1019 ἐντὸς
2815 958 2959 1031 παρᾶ
3003 960 3193 1031 μικρὸν
3226 955 3572 1021 κινδυνεύσας

1929 1040 2102 1096 ἰλθεῖν
2136 1044 2169 1113 ἢ
2205 1043 2291 1097 καὶ
2325 1043 2496 1108 ἐλθὼν
2547 1048 2609 1100 τό
2661 1068 2722 1121 γε
2779 1048 2941 1122 μέρος
2981 1052 3088 1101 τῶν
3133 1045 3319 1102 ἄλλων
3356 1048 3444 1102 καὶ
3475 1053 3575 1113 τῆς

1928 1129 2164 1199 συνόλης
2197 1129 2499 1204 δυνάμεως,
2532 1130 2786 1206 σύμϐολα
2812 1158 2869 1190 τε
2898 1139 2995 1204 τῆς
3024 1133 3339 1197 δεσποτείας
3369 1136 3569 1205 ἐκεῖνα,

1928 1221 2009 1291 [Ρ.
2059 1222 2185 1292 226]
2238 1222 2333 1285 ὅσα
2384 1221 2436 1275 ἐν
2467 1222 2754 1296 καλύπρτᾳ
2810 1225 2899 1279 καὶ
2961 1223 3273 1296 ὑποδήμασι
3307 1225 3393 1279 καὶ
3426 1247 3485 1299 γε
3515 1225 3568 1279 ἐν

1926 1306 2224 1383 ἑφεστρίσιν
2254 1308 2438 1364 ἳππων
2497 1312 2588 1365 καὶ
2645 1311 2897 1385 χαλινοῖς
2959 1313 3047 1367 καὶ
3086 1317 3154 1386 τῇ
3201 1314 3258 1367 ἐκ
3286 1315 3568 1390 πορφύρας

1928 1397 2233 1473 ὑπογραφῇ,
2294 1399 2625 1466 ἀποτίθεται,
2679 1398 2821 1455 οὕτω
2878 1398 3171 1463 δικαιώσας
3231 1402 3572 1478 ὀφθῆναιτῷ

1931 1483 2169 1558 βασιλεῖ,
2223 1486 2321 1540 οὐκ
2379 1486 2499 1541 οἶδα
2554 1490 2691 1543 κατά
2750 1488 2928 1559 λύπην
2991 1488 3246 1566 σφετέραν
3280 1492 3313 1559 ἢ
3348 1490 3437 1543 καὶ
3469 1492 3567 1558 τὴν

1923 1571 2128 1628 ἐκείνου
2178 1573 2472 1647 ἐκμείλιξιν
2502 1596 2514 1608 ·
2564 1575 2757 1638 ἄλλοις
2807 1575 2864 1631 δὲ
2917 1582 3123 1640 κοινοῖς
3163 1579 3251 1632 καὶ
3284 1575 3570 1652 καλύπτρᾳ

1925 1661 1976 1732 ἐξ
2006 1660 2164 1736 ἐρίων
2215 1662 2679 1736 καταστολισθεὶς,
2741 1665 2915 1729 οὕτως
2965 1664 3082 1735 ἤϊεν
3140 1666 3214 1729 εἷς
3272 1667 3334 1720 τὸ
3380 1668 3565 1741 πρόσω

1920 1756 1999 1822 τῷ
2060 1751 2273 1825 βασιλεῖ
2342 1751 2899 1827 ἐμφανισθησόμενος.
2960 1756 3058 1810 Καί
3113 1758 3162 1831 γ’
3220 1754 3564 1833 ἐμφανισθεὶς

160 1837 308 1903 ῗδίας
339 1834 556 1894 ἕκαστοι
586 1840 723 1914 πρὸς
772 1841 872 1907 τήν
922 1837 1088 1894 πόλιν
1138 1840 1405 1914 ἀνήγοντο
1438 1838 1982 1929 δείλαιοι,μι-Βτὸ
2039 1837 2182 1894 πολὺ
2239 1848 2338 1910 τῆς
2389 1842 2554 1917 ὀργῆς
2630 1844 2927 1898 καταπαύει
2977 1846 3047 1915 τῇ
3101 1849 3208 1899 τῶν
3271 1840 3564 1917 συμϐόλων

155 1930 291 2003 κρὰν
342 1925 473 1999 ὅσην
523 1928 867 2003 παραμυθίαν
920 1926 1007 1982 ἰπὶ
1063 1934 1179 1990 τοῖς
1240 1924 1579 2001 προλαϐοῦσι
1615 1928 1811 1995 δεινοῖς

151 2024 275 2080 τοῖς
332 2018 585 2091 σφαλεῖσι
637 2018 878 2091 θέμενοι.
912 2019 972 2074 Ὀ
1031 2015 1088 2071 δὲ
1144 2015 1410 2088 δεσπότης
1468 2021 1555 2074 καὶ
1615 2020 1670 2074 οἷ
1716 2021 1810 2076 σὺν

154 2106 306 2178 αύτῷ
354 2110 554 2183 γυμνοὶ
602 2112 710 2161 τῶν
762 2107 1012 2161 ἁπάντων
1066 2103 1239 2175 ὅντες,
1288 2103 1693 2183 προσϐαλόντες
1732 2115 1811 2183 τῷ

150 2254 326 2310 victis
359 2254 540 2310 animi
576 2254 863 2310 rationem
890 2256 1213 2311 ineundam
1237 2260 1400 2312 ratus
1430 2258 1674 2332 despota
1697 2264 1817 2333 teg-

158 2360 293 2400 men
326 2345 535 2416 capitis
561 2344 618 2398 in
652 2348 865 2399 terram
901 2346 1118 2415 abjicit,
1157 2345 1390 2417 pulvere
1421 2364 1479 2402 se
1512 2351 1772 2423 aspergit
1799 2376 1812 2420 ;

161 2438 219 2489 et
251 2450 369 2507 quo
399 2433 598 2489 habitu
634 2434 897 2489 numinis
929 2451 1097 2507 opem
1131 2435 1561 2508 imploravcrat,
1614 2440 1672 2495 in
1724 2457 1813 2497 eo-

161 2527 293 2580 dem
310 2540 692 2595 perseverans
709 2524 1219 2581 vehementissime
1232 2541 1361 2581 cum
1380 2529 1816 2587 miserabilibus

162 2612 442 2683 lacrymis
476 2612 691 2669 milites
738 2615 964 2681 orabat,
1020 2614 1295 2671 ultimum
1321 2616 1697 2688 prohiberent
1742 2620 1813 2675 ab

161 2702 413 2774 imperio
445 2703 723 2771 dedecus,
750 2705 1013 2775 Augusta
1034 2704 1205 2776 signa
1219 2722 1289 2760 ne
1314 2706 1555 2777 impune
1578 2708 1813 2779 abduci,

158 2809 233 2849 ne
264 2792 619 2864 triumphari
655 2793 727 2848 ab
760 2793 1031 2849 hostibus
1080 2796 1364 2850 sinerent.
1416 2795 1576 2852 Talia
1602 2798 1699 2851 diu
1729 2798 1817 2853 la-

160 2880 569 2936 mentabiliter
597 2881 989 2952 ingeminans,
1032 2883 1507 2956 dcmissioneque
1553 2902 1621 2941 ac
1672 2903 1816 2958 sup-

158 2969 300 3043 plici
330 2974 501 3042 gestu
536 2970 865 3041 obtutuque
896 2988 1094 3028 vocem
1127 2974 1551 3044 adjuvans,aec
1572 2976 1821 3047 segnius

156 3060 447 3115 continuo
476 3060 837 3115 submittens
891 3068 1152 3118 recentes
1190 3062 1622 3130 laborantibus,
1684 3082 1812 3136 quae

1920 1931 2280 2007 ἀπαμφιάσει,
2330 1930 2432 1985 κὰκ
2485 1932 2656 2003 μόνης
2713 1940 2811 2001 τῆς
2868 1934 2988 1995 θέας
3034 1931 3189 2006 δόξας
3221 1932 3564 2007 ἐλεεινὸςτῷ

1919 2020 2024 2094 πρὸ
2054 2025 2150 2075 τοῦ
2180 2020 2502 2094 ὠργισμένῳ
2531 2021 2598 2076 τὰ
2631 2022 2875 2095 μέγιστα.

1921 2262 2267 2335 superstites
2301 2262 2452 2316 intra
2486 2279 2655 2317 naves
2687 2263 2905 2335 quique
2944 2281 3083 2319 suas
3141 2264 3402 2335 diligenti
3462 2282 3566 2319 cu-

1925 2353 2116 2409 stodia
2150 2352 2358 2407 servati
2408 2352 2762 2423 deductique
2809 2353 2866 2407 in
2915 2353 3118 2408 urbem
3172 2371 3279 2408 sua
3330 2353 3571 2409 miseria

1924 2445 2154 2513 gratum
2190 2440 2435 2495 infensis
2469 2441 2867 2511 spectaculum
2901 2441 3572 2513 fuerunt,qualicunque

1926 2531 2137 2587 solatio
2171 2531 2553 2602 praecedentis
2597 2530 2804 2586 cladis.
2853 2534 2927 2586 At
2973 2532 3217 2603 despota
3261 2548 3395 2586 cum
3447 2532 3571 2587 suis

1923 2622 2158 2694 spoliati
2192 2621 2472 2677 omnibus
2505 2638 2629 2692 quae
2663 2622 3010 2688 habuerant,
3040 2623 3109 2677 ad
3145 2623 3569 2679 Achridensem

1924 2711 2261 2767 Cerameam
2289 2715 2697 2782 pervenerunt,
2733 2711 3049 2767 miserabili
3077 2728 3319 2782 prorsus
3371 2717 3428 2767 et
3483 2713 3572 2766 di-

1925 2816 2041 2872 gna
2072 2799 2344 2871 lacrymis
2368 2799 2579 2870 specie.
2614 2799 2714 2855 Ille
2749 2801 2934 2855 nudos
2964 2805 3021 2854 et
3050 2799 3314 2855 omnium
3346 2816 3567 2871 egenos

1924 2888 2158 2944 vestivit
2188 2889 2596 2957 recreavitque,
2627 2892 2913 2958 quantum
2948 2905 3051 2960 pro
3083 2890 3355 2960 praesenti
3403 2893 3571 2961 copia

1925 2977 2359 3034 humanissime
2400 2977 2608 3049 potuit.
2640 2978 2785 3033 Hinc
2825 2978 2952 3047 jam
2999 2994 3177 3033 sensu
3227 2978 3570 3051 pudoreque

1925 3066 2267 3123 offensionis
2299 3070 2475 3121 tantae
2507 3082 2572 3122 ac
2601 3070 2721 3121 tam
2750 3065 2988 3122 insolito
3022 3067 3137 3121 ictu
3171 3068 3424 3123 adversae
3458 3068 3572 3124 for-

156 3153 493 3222 opportune
540 3150 939 3219 subvenirent,
977 3151 1212 3206 fortium
1265 3152 1524 3208 virorum
1577 3170 1811 3224 manus,
1845 3133 1887 3200 (ἶ
1924 3161 2081 3211 tante
2116 3156 2331 3210 fractus
2363 3156 2561 3210 animo
2603 3156 2844 3225 despota
2894 3156 3145 3223 insignia
3191 3157 3366 3212 istius
3414 3157 3574 3211 tituli

157 3240 323 3294 unde
354 3254 639 3295 caesorum
662 3240 887 3295 damna
919 3240 1355 3312 supplerentur,
1408 3242 1589 3297 robur
1637 3244 1819 3298 auda-

160 3328 439 3400 ciamque
460 3329 866 3401 pugnantibus
889 3329 1136 3385 immisit
1163 3330 1549 3400 excitavitque
1568 3334 1819 3401 animos,

160 3423 229 3474 ut
248 3420 376 3489 jam
408 3435 590 3491 supra
634 3418 784 3474 vires
835 3418 1299 3488 conniterentur,
1351 3422 1823 3494 projicerentque

160 3525 226 3564 se
257 3507 320 3563 in
353 3507 470 3564 tela
499 3507 739 3564 hostilia
769 3525 919 3564 caeco
952 3508 1195 3580 quidam
1232 3510 1671 3581 impetu.Ardor
1699 3516 1823 3566 erat

161 3598 226 3653 in
254 3601 504 3653 mortem
539 3597 860 3664 ruentium,
895 3614 1069 3671 quem
1103 3604 1407 3654 amentum
1459 3616 1525 3655 ac
1576 3600 1820 3656 rationis

157 3688 447 3760 impotem
482 3687 727 3743 diceres.
757 3688 873 3743 Nec
904 3688 1114 3743 minori
1147 3704 1295 3760 opus
1345 3693 1472 3743 erat
1519 3689 1623 3745 tali
1674 3690 1818 3745 arti-

157 3777 297 3833 culo
325 3776 771 3848 desparatarum
826 3792 1042 3833 rerum.
1096 3776 1191 3832 Sic
1242 3794 1387 3849 pene
1434 3778 1585 3834 335
1637 3779 1818 3834 victo-

158 3883 255 3923 res
283 3868 460 3937 ajam
494 3866 782 3938 perculsis
812 3869 1074 3938 superati
1122 3868 1358 3923 tandem
1406 3874 1564 3935 sunt,
1604 3871 1818 3924 sudore

158 3955 405 4029 quidem
451 3955 640 4011 multo
685 3971 1005 4027 cruoreque
1052 3973 1065 4012 :
1120 3957 1219 4012 sed
1280 3956 1429 4011 tanti
1479 3957 1657 4011 decus
1711 3956 1823 4013 fuit

159 4060 460 4102 conversa:
490 4061 521 4100 e
551 4044 895 4101 discrimine
926 4044 1139 4101 ultimo
1171 4045 1416 4118 publica:
1471 4047 1717 4101 fortunae
1759 4047 1817 4102 in

160 4153 512 4193 successum
547 4141 876 4205 tantum,ut
906 4138 1137 4193 duabus
1170 4137 1431 4192 tribusve
1463 4142 1820 4193 tantummo-

159 4229 237 4284 do
267 4227 492 4299 elapsis
525 4226 767 4300 reliquaa
821 4243 1027 4283 omnes
1075 4232 1422 4299 expugnata:
1475 4226 1818 4283 Latinorum

162 4334 349 4374 naves
383 4334 417 4372 a
449 4317 732 4373 Romanis
763 4321 1135 4390 caperentur,
1179 4317 1478 4389 plerisque
1527 4326 1821 4373 vectorum

160 4408 352 4481 lapsis
380 4413 485 4463 aut
515 4408 869 4479 projectisin
919 4425 1100 4474 mare,
1160 4408 1257 4462 ubi
1320 4408 1604 4478 gaudium
1651 4407 1823 4479 epulo

1929 3246 2143 3317 abjecit
2173 3245 2479 3316 indignum
2512 3244 2585 3300 iis
2618 3261 2743 3300 sese
2792 3250 3093 3316 reputans,
3140 3247 3239 3317 qui
3295 3247 3467 3302 modo
3512 3246 3571 3300 in

1926 3340 2047 3392 tam
2083 3336 2413 3407 pr0pinquo
2446 3335 2749 3390 servitutis
2798 3334 3057 3406 periculo
3090 3335 3319 3405 fuisset,
3368 3353 3403 3390 a
3460 3352 3575 3405 qua

1930 3442 2043 3481 non
2078 3442 2198 3480 sum
2230 3424 2396 3480 illum
2430 3440 2569 3495 opes
2600 3428 2702 3479 aut
2748 3424 3065 3493 virtus,sed
3114 3440 3288 3480 casus
3334 3427 3392 3479 et
3438 3424 3577 3495 fuga

1928 3516 2298 3571 liberassent.
2329 3515 2537 3581 Quare,
2571 3514 2643 3568 iis
2677 3530 2803 3585 quae
2838 3530 3124 3585 usurpare
3152 3514 3315 3585 prius
3338 3519 3463 3569 erat
3494 3530 3579 3569 so-

1924 3604 2066 3661 litus
2093 3605 2150 3659 in
2186 3604 2397 3675 capitis
2417 3603 2692 3674 tegmine,
2729 3604 2786 3658 in
2819 3601 3049 3671 calceis,
3102 3602 3160 3657 in
3213 3602 3471 3674 phaleris
3523 3607 3580 3658 et

1926 3694 2107 3750 frenis
2138 3693 2537 3765 equestribus,
2571 3692 2630 3747 in
2666 3693 2843 3747 rubra
2874 3692 3579 3763 subscriptione,symbo-

1923 3784 1979 3839 1a
2009 3783 2323 3855 despoticaa
2385 3782 2711 3853 potestatis,
2771 3782 3048 3852 deinceps
3106 3782 3431 3851 abstinens,
3492 3785 3576 3836 sic

1924 3872 2265 3945 imperatori
2302 3888 2365 3927 se
2395 3872 2575 3939 sistit,
2606 3871 2761 3927 haud
2798 3872 2918 3926 scio
2940 3887 3011 3925 an
3058 3869 3246 3941 magis
3303 3873 3575 3926 testando

1925 3962 2160 4036 proprio
2184 3960 2392 4024 dolori.
2424 3977 2497 4016 an
2550 3961 2648 4015 iraa
2702 3960 2866 4016 illius
2922 3959 3289 4015 deliniendae.
3342 3960 3411 4014 Et
3466 3960 3575 4015 hoc

1926 4052 2163 4124 quidem
2198 4050 2311 4123 ipsi
2358 4067 2425 4105 ex
2455 4054 2586 4106 voto
2634 4049 2903 4121 contigit.
2965 4049 3186 4105 Videns
3234 4049 3390 4104 enim
3438 4065 3572 4105 eum

1925 4144 2228 4211 Augustus
2261 4140 2318 4194 in
2352 4139 2650 4195 communi
2681 4141 2921 4206 vestitu,
2971 4138 3313 4210 privatoque
3344 4156 3413 4194 ex
3443 4138 3581 4194 lana

1929 4229 2103 4302 pileo,
2128 4228 2383 4284 multum
2418 4229 2489 4284 de
2520 4228 2948 4299 indignatione,
2974 4244 3153 4299 quam
3187 4228 3388 4282 audita
3418 4244 3579 4283 exer-

1931 4320 2084 4376 citus
2114 4319 2310 4375 clades
2343 4320 2400 4374 in
2433 4323 2562 4391 ejus
2594 4322 2747 4377 336
2784 4321 2982 4375 animo
3043 4320 3395 4375 excitaverat
3452 4336 3581 4374 ma-

1932 4410 2177 4477 ximam,
2206 4410 2867 4477 remisit;commovente
2897 4409 3154 4465 vicissim
3205 4410 3320 4464 ista
3370 4408 3583 4463 humili

164 4499 495 4571 saginaque
519 4499 613 4554 sui
644 4500 972 4553 maximum
998 4497 1263 4569 piscibus
1304 4498 1614 4567 dederunt,
1640 4514 1830 4568 quan-
1859 4500 1909 4565 Β
1940 4499 2135 4569 specie
2164 4500 2623 4555 misericordiam
2656 4499 2715 4553 in
2762 4499 2960 4566 fratre,
3004 4498 3112 4553 viri
3166 4498 3339 4559 tanli,
3388 4498 3584 4553 subita

165 4594 297 4646 tum
331 4587 559 4644 scilicet
599 4586 882 4644 allaturos
932 4602 1063 4643 sese
1111 4586 1464 4658 conjugibus
1523 4591 1580 4642 et
1628 4586 1831 4642 liberis

161 4678 521 4750 triumphali
554 4678 800 4733 domum
833 4676 1024 4733 reditu
1057 4680 1458 4749 speraverant.
1492 4675 1603 4731 Alii
1639 4676 1829 4732 Latini

1942 4589 2320 4645 conversione
2351 4589 2528 4645 sortis
2558 4594 2614 4645 et
2643 4592 2808 4644 tanta
2833 4588 3019 4660 gloria
3048 4588 3279 4659 dejecti.

1806 4828 1940 4921 E’.

167 4980 233 5036 α’.
293 4979 486 5037 ’Όπως
573 4973 768 5047 μεταξὺ
846 4970 1194 5047 λύπης-καὶ
1238 4968 1475 5047 Δἡδονῆς
1536 4971 1752 5047 ἐγένετο
1808 4973 1835 5026 ὁ

427 5040 642 5124 κρατῶν
676 5040 767 5101 δίά
804 5046 873 5100 τὰ
922 5040 1204 5118 συμϐάντα
1235 5040 1287 5099 ἐν
1317 5044 1384 5119 τῇ
1418 5040 1586 5101 δύσειξ

169 5164 252 5232 [Ρ.
283 5160 417 5232 230]
453 5154 613 5214 Οὕτω
674 5155 769 5229 μὶν
829 5151 919 5209 οὖν
977 5158 1087 5207 τῶν
1144 5154 1281 5209 κατὰ
1332 5151 1479 5208 δύσιν
1528 5153 1833 5228 ξυμπεσόν-

1942 4993 2074 5041 των,
2132 4969 2222 5024 καὶ
2277 4970 2373 5022 τοῦ
2424 4965 2559 5021 κατᾶ
2614 4971 2715 5041 γῆν
2772 4961 3092 5041 σφάλματος
3123 4964 3586 5034 ἆντισηκωθὲντος

1943 5066 2021 5133 τῷ
2078 5060 2215 5115 κατὰ
2272 5056 2539 5121 θάλασσαν
2598 5054 2962 5129 εότυχήματι,
3026 5052 3205 5122 λύπης
3257 5056 3283 5110 ὁ
3333 5054 3589 5130 βασιλεὺς

1950 5148 2144 5223 μεταξὺ
2174 5147 2261 5202 καὶ
2295 5144 2500 5215 ἡδονῆς
2528 5145 2618 5213 ἧν,
2661 5145 2850 5216 “Ομῶς
2896 5139 2952 5198 δὲ
2997 5147 3112 5205 τοῖς
3146 5142 3439 5220 λογισμοῖς
3471 5145 3587 5199 ἐπι-

1819 5288 1925 5381 V.

176 5479 227 5530 l.
266 5474 329 5531 Ut
360 5467 577 5526 medius
611 5465 765 5522 inter
795 5478 1083 5521 mwrorem
1112 5470 1169 5535 et
1206 5462 1474 5534 gaudium
1528 5464 1836 5535 imperator

353 5540 529 5615 fuerit
553 5540 620 5596 ob
651 5556 721 5595 ea
764 5554 882 5610 qum
918 5539 979 5592 in
1010 5534 1301 5591 Occidente
1336 5544 1652 5603 evenerant,

250 5653 449 5710 Rebus
485 5650 544 5706 in
573 5648 730 5704 hunc
759 5645 1003 5703 modum
1058 5645 1117 5700 in
1173 5643 1486 5701 Occidente
1531 5643 1733 5716 gestis,
1777 5646 1834 5698 et

176 5742 505 5804 offensione
564 5739 824 5797 terrestri
852 5751 1128 5795 successu
1192 5735 1385 5792 navali
1430 5738 1829 5809 compensate,

1948 5474 2083 5515 cum
2118 5455 2345 5512 medius
2378 5451 2901 5525 aliquandiuinter
2947 5449 3173 5506 luctum
3233 5453 3289 5506 et
3332 5449 3596 5508 laetitiam

1944 5548 2115 5620 quasi
2149 5543 2522 5619 pependisset
2556 5540 3135 5616 imperator,tandem
3169 5540 3593 5599 caeteraliberis

1941 5640 2250 5697 hominum
2277 5636 2523 5709 judiciis
2546 5636 2854 5706 utriusque
2885 5632 3021 5688 facti
3051 5632 3436 5689 aestimatione
3456 5650 3591 5705 per-

1943 5731 2150 5801 missa,
2170 5728 2356 5803 magis
2386 5727 2512 5801 ipse
2530 5726 2879 5783 incumbens
2897 5722 2957 5779 in
2980 5722 3435 5797 auspicatiorem
3458 5741 3590 5797 par-
