4246 6446
663 388 770 446 787

1968 385 2271 446 GEORGII
2307 382 2772 439 ΡΔΟΗῩΜΕΒΒ

3976 386 4081 443 788

666 511 877 586 τρέπων
908 513 976 567 τὰ
1002 511 1315 588 πράγματα,
1371 512 1433 567 τὸ
1496 514 1588 585 μὶν
1646 510 1976 586 δυστύχημα
2022 508 2310 564 κλαπεῖσιν
2343 510 2397 574 Α
2431 505 2565 559 εἶναι
2588 502 2902 568 δεσποτείας
2931 502 3107 579 ὄνομα
3155 506 3330 584 φέρειν
3381 507 3508 570 τοὺς
3537 505 3750 578 ἔξωθεν,
3784 511 3876 564 καὶ
3905 531 4082 585 προσ-

669 601 852 668 ἰτίθει,
897 603 960 655 τὸ
1011 599 1058 655 δ’
1107 601 1399 676 εὐτύχημα
1447 606 1756 679 περιφανῶς
1810 597 2176 673 ἀριστεύσασι,
2226 596 2314 650 καὶ

669 690 730 743 τὸ
782 690 877 761 μὶν
924 688 1134 763 χλεύην
1195 692 1309 743 οἷον
1369 692 1556 763 ἡγεῖτο
1603 694 1699 743 τοῦ
1751 687 2061 742 ἀποστάτου
2091 683 2319 760 ἐργολα-

669 773 897 838 ϐοῦντος
926 777 994 831 τα
1023 779 1169 850 παρά
1201 775 1448 849 δύναμιν,
1495 778 1557 831 τὸ
1609 775 1665 831 δὲ
1710 776 1961 847 πολέμου
1991 776 2322 847 κατόρθωμα

669 867 758 921 καὶ
813 867 1076 941 τρόπαιον
1141 865 1413 941 ἄντικρυς.
1474 869 1634 930 ⁸’0οεν
1690 865 1781 920 καὶ
1839 866 1903 919 τὰ
1957 871 2058 932 τῆς
2117 860 2322 932 ἡδονῆς

672 955 840 1022 ἐνίκα,
903 963 1033 1024 νῆας
1092 955 1294 1016 ἐκείνας
1350 956 1666 1016 ἐννοοῦντος
1723 960 1831 1009 τῶν
1890 951 2173 1025 πολεμίων
2233 950 2323 1004 καὶ

672 1042 866 1118 ἄνδρας
919 1042 969 1097 ἐν
1031 1043 1219 1105 αὐταῖς
1277 1043 1593 1114 πλείστους,
1653 1045 1748 1106 τάς
1813 1044 1906 1115 μὲν
1965 1040 2324 1115 καταχθείσας

671 1138 751 1203 τῷ
782 1134 1017 1206 νεωρίῳ,
1071 1132 1199 1194 τοὺς
1259 1132 1316 1187 δὲ
1371 1139 1490 1194 ταῖς
1540 1135 1778 1208 εἱρκταῖς
1813 1129 2127 1194 ἐκδοθέντας
2158 1127 2323 1198 σιδη-

676 1219 930 1295 ροδέτους
986 1223 1076 1276 καὶ
1139 1224 1275 1295 μόνῃ
1335 1223 1428 1292 θέᾳ
1479 1225 1537 1276 τὸ
1613 1224 1728 1276 κατ’
1779 1222 1957 1275 αὐτῶν
2015 1217 2326 1278 δεικνύντας

673 1312 952 1384 τρόπαιον.
989 1310 1212 1366 ἘΛύπει
1259 1309 1315 1364 δέ
1367 1332 1430 1384 γε
1486 1311 1576 1364 τὸν
1642 1309 1871 1384 βασιλέα
1901 1303 1991 1363 καὶ
2023 1311 2050 1362 6
2080 1313 2201 1369 ταῖς
2232 1329 2324 1362 κο-

676 1399 794 1450 πίσι
852 1399 1159 1460 κατάκοπος
1212 1398 1537 1471 στρατηγὸς.
1596 1399 1670 1457 ὡς
1743 1395 1897 1471 ἐγγὺς
1967 1394 2142 1448 δοκεῖν
2197 1393 2327 1447 εἶναι

679 1483 767 1540 διά
796 1487 892 1549 τὰς
921 1485 1139 1559 πληγὰς
1170 1491 1267 1539 τοῦ
1327 1488 1559 1549 θανάτου
1585 1505 1597 1516 ·
1659 1485 1797 1559 πρὸς
1837 1485 1937 1557 γὰρ
1987 1489 2104 1544 ταῖς
2133 1480 2326 1543 ἄλλαις

677 1575 767 1628 καὶ
804 1573 927 1646 μίαν
960 1575 1059 1640 τὴν
1120 1573 1256 1628 κατά
1310 1577 1514 1650 νεφρῶν
1571 1573 1688 1646 εἶχε
1728 1571 1941 1644 καιρίαν
2002 1571 2329 1624 ἀπειλοῦσαν

679 1663 930 1718 θάνατον.
991 1663 1146 1718 ’Όθεν
1199 1662 1289 1716 καὶ
1345 1662 1552 1735 ἰατροῖς
1607 1660 1963 1732 ἐπιμεληθεὶς
2015 1659 2104 1713 καὶ
2166 1657 2329 1729 μόλις

681 1753 818 1822 πρὸς
849 1753 911 1805 τὸ
943 1752 1305 1825 ὑγιεινότερον
1338 1749 1530 1812 κλίνας
1587 1752 1649 1805 τὸ
1705 1752 1827 1824 περὶ
1889 1749 2057 1803 αὐτοῦ
2089 1746 2332 1802 δεδοικέ-

2427 592 2730 668 απεδέχθη.
2789 595 2940 648 Ὅθεν
3017 594 3106 649 καὶ
3163 597 3352 664 κοινὴν
3414 594 3600 658 ἄλλως
3657 596 3715 652 ἐκ
3775 601 4080 674 χρυσοσύρ-

2431 703 2600 753 ματος
2644 681 2956 757 καλύπτραν
3015 681 3322 756 ἐνθέμενος,
3375 680 3756 763 μελαμϐαφέσι
3808 684 3868 740 δὲ
3921 686 4078 742 πεδί-

2428 768 2548 832 λοις
2577 770 2664 823 καὶ
2697 775 2813 833 τοῖς
2840 772 2958 833 καθ’
2981 769 3150 826 ’ίππον
3194 772 3514 846 στολισμοῖς
3561 776 3873 849 χρώμενος,
3907 775 4071 848 μόνον

2425 861 2487 914 τὸ
2521 856 2784 930 δεσπότης
2814 859 3110 929 κεκλῆσθαι
3142 862 3494 940 ἀναφαίρετον
3529 863 3668 937 εἶχε.

2434 1002 2498 1074 β’.
2552 1002 3147 1076 ’Ὅπως-σχιζομένων
3205 1007 3312 1057 τῶν
3385 1007 3500 1058 κατ’
3554 1004 3827 1076 ἀνατολήν
3888 1007 3918 1060 6
3979 1027 4084 1059 πα-

2642 1072 2922 1148 πριάρχησ
2955 1072 3042 1129 διὰ
3087 1079 3254 1129 ταῦτα
3294 1080 3412 1137 τοῖς
3441 1076 3553 1131 ἐκεῖ
3579 1072 3862 1150 ἐπιδημεῖ.

2506 1218 2590 1286 [Ρ.
2622 1218 2748 1288 23ίῖ
2807 1216 2886 1273 Τά
2959 1219 3137 1290 μέντοι
3184 1225 3285 1285 τῆς
3335 1216 3665 1288 Ἐκκλησίας
3697 1218 3866 1274 ἐνόσει
3927 1239 4084 1292 παρι-

2433 1299 2636 1371 φανῶς,
2683 1296 2771 1349 καὶ
2827 1297 2888 1350 τὸ
2945 1296 3156 1372 σχίσμα
3215 1297 3290 1359 εἷς
3353 1299 3486 1372 μέγα
3533 1295 3720 1374 ᾔρετο,
3746 1303 3856 1353 τῶν
3892 1301 4086 1370 Ἀρσι-

2433 1388 2628 1437 νιατῶν
2687 1383 2775 1439 ἐπὶ
2849 1385 3016 1440 πλέον
3087 1387 3547 1460 προστιθεμένων,
3607 1389 3680 1449 ὡς
3740 1391 3815 1460 μή
3883 1388 4084 1460 μόνους

2436 1470 2670 1534 ἐκείνους
2729 1472 2781 1527 o'i
2838 1471 2905 1540 δὴ
2962 1479 3041 1546 τῷ
3098 1479 3412 1550 πατριάρχῃ
3472 1476 3728 1550 Ἀρσενίῳ
3767 1475 4086 1551 ἐντυχόντες

2437 1558 2574 1615 εἶδον
2609 1563 2889 1636 σχίζεσθαί
2943 1585 3000 1618 τε
3057 1566 3142 1619 καὶ
3197 1564 3396 1635 ζηλοῦν
3457 1566 3587 1642 ὑπὲρ
3649 1565 3878 1635 ἐκείνου,
3940 1565 4087 1622 ἀλλὰ

2436 1650 2524 1704 καὶ
2580 1651 2708 1715 τοὺς
2765 1649 2896 1724 μηδ’
2954 1653 3099 1716 ὅλως
3161 1651 3371 1716 ἰδόντας
3429 1655 3913 1731 καθυπαγομένους
3969 1662 4084 1718 τοῖς

2436 1739 2649 1802 ἄλλοις.
2684 1743 2820 1796 Ποτὲ
2852 1739 2909 1795 δὲ
2937 1743 3027 1796 καὶ
3054 1744 3116 1796 τὸ
3147 1744 3270 1819 περὶ
3315 1749 3414 1798 τοῦ
3445 1745 3648 1820 Ἰωσήφ
3680 1745 4084 1821 φημιζόμενον,

683 1862 772 1895 ναι
800 1841 929 1903 τοὺς
965 1838 1214 1902 πολλοὺς
1270 1840 1554 1914 ἀφῃρεῖτο.
1610 1839 1762 1896 Ἑπεί
1824 1837 1881 1892 δὲ
1932 1838 2021 1892 καὶ
2073 1837 2329 1912 ἀγάλλειν
2363 1869 2408 1932 Β
2441 1832 2513 1894 ὡς
2569 1829 2951 1904 ἀφωρισμένος
3027 1831 3127 1900 ein,
3188 1832 3476 1908 αἷρόμενον
3532 1833 3626 1894 τὰς
3684 1837 3785 1886 τῶν
3848 1831 4085 1887 πολλῶν

687 1925 796 1984 ἔδει
852 1934 1041 1984 τοῦτον
1100 1929 1191 1982 τὸν
1253 1928 1477 2003 βασιλέα
1509 1930 1794 1982 ἀντίποινα
1847 1933 1956 1982 τῶν
2015 1925 2201 1981 δεινῶν
2254 1927 2327 1978 ὦν

682 2018 978 2093 ἐκαρτέρει,
1031 2017 1111 2089 τῷ
1168 2022 1264 2072 τοῦ
1316 2017 1552 2091 μεγάλου
1611 2016 1802 2077 δουκὸς
1857 2021 1992 2086 τιμᾷ
2040 2016 2326 2086 ἀξιώματι.

680 2110 742 2163 Ὀ
804 2108 988 2178 μέντοι
1046 2128 1108 2180 γε
1166 2105 1398 2182 ἀδελφὸς
1456 2111 1554 2160 τοῦ
1608 2110 1934 2178 κρατοῦντος
1986 2105 2013 2158 6
2069 2105 2328 2172 Ἰωάννης

680 2198 780 2265 τὴν
811 2196 979 2250 αἰτίαν
1014 2194 1333 2265 ἀπαιτηθείς
1383 2197 1509 2270 παρ’
1556 2197 1618 2263 ἣν
1673 2196 1763 2248 καὶ
1793 2196 1859 2248 τὰ
1881 2201 1981 2262 τῆς
2015 2190 2325 2253 δεσποτείας

679 2281 920 2340 ἀπέϐαλε
975 2280 1251 2357 σύμϐολα,
1301 2285 1389 2338 καὶ
1449 2285 1498 2358 γ’
1556 2285 1870 2356 ἀποκριθεὶς
1917 2283 1983 2337 τὰ
2040 2282 2092 2343 ές
2140 2282 2325 2356 χάριν,

676 2376 750 2437 ὡς
809 2374 938 2429 υίὼν
998 2374 1201 2429 ἐκείνου
1243 2371 1621 2447 ἀνδρωθέντων
1680 2371 1789 2443 ἤδη
1853 2375 1927 2445 μὴ
1999 2374 2058 2426 ἄν
2119 2371 2326 2426 δίκαιον

674 2590 1224 2660 tem,infortuniurn
1261 2591 1488 2646 furtiva:
1517 2589 1872 2662 grassationi
1916 2589 2201 2656 hostium,
2245 2590 2330 2645 vi-

674 2680 917 2738 ctoriam
947 2680 1324 2752 generositati
1348 2679 1592 2735 heroicae
1613 2684 2126 2746 suorum,cunctas
2155 2680 2331 2735 sortis

678 2769 1024 2842 iniquitates
1055 2769 1396 2824 fortitudine
1430 2769 1734 2840 splendide
1768 2768 2112 2840 praevalente
2135 2768 2330 2840 palam

679 2860 734 2914 vi
768 2863 966 2930 aperta
999 2859 1526 2930 perrumpentium,
1561 2875 1791 2930 aequum
1835 2859 2110 2914 censebat
2139 2858 2329 2930 impu-

680 2947 1178 3020 tari.Atqueillud
1215 2949 1452 3019 quidem
1496 2947 1790 3003 contemni
1842 2949 2050 3003 debere
2100 2953 2332 3003 conten-

682 3038 855 3093 debat
888 3037 1047 3092 velut
1078 3038 1376 3108 quoddam
1405 3037 1667 3107 joculare
1698 3036 2019 3091 ludibrium
2045 3036 2331 3106 fcedifragi

682 3126 994 3183 nebulonis
1022 3127 1148 3181 ausi
1183 3127 1406 3197 majora
1425 3126 1560 3193 .suis
1585 3126 1826 3192 viribus,
1847 3126 1956 3180 hoc
1988 3126 2181 3197 magni
2208 3126 2332 3180 fieri

2440 1922 2620 1996 ψυχας
2659 1918 2902 1982 ἐκτόπως
2963 1919 3238 1992 ἐκύμαινε,
3295 1919 3390 1975 κᾶν
3451 1922 3650 1983 ἐκεῖνος
3709 1922 3883 1997 συχνά
3945 1921 4091 1993 λαμ-

2440 2006 2618 2064 ϐάνων
2671 2010 2814 2083 παρά
2876 2011 3144 2084 βασιλέως
3207 2013 3472 2085 χρήματα
3520 2011 3581 2065 τὸ
3642 2010 3942 2088 φιλόδαρον
3975 2016 4093 2073 τοῖς

2438 2103 2859 2176 προσκειμένοις
2914 2100 3226 2172 ἐπηύξανεν.
3288 2102 3364 2159 Ού
3423 2104 3524 2179 γάρ
3583 2104 3648 2171 ἦν
3682 2104 3710 2158 ’ὁ
3755 2105 4000 2172 ζητήσας
4034 2103 4093 2156 οὗ

2437 2191 2703 2265 παρευθὺς
2732 2186 3058 2263 ἐλάμϐανεν,
3118 2192 3192 2253 ὡς
3247 2189 3420 2266 λέγειν
3481 2189 3754 2253 πολλάκις
3804 2192 3897 2246 τὸν
3939 2193 4095 2267 βασι-

2438 2277 2681 2353 λέα,τοῦ
2740 2279 3012 2352 ἱερατίκοῦ
3076 2278 3316 2352 μανδύου
3370 2281 3462 2334 τὸν
3521 2282 3871 2356 πατριάρχην
3933 2277 4094 2334 κατὲ-

2439 2370 2733 2446 χοντα,ὡς
2779 2367 2938 2431 αὐτὸς
2994 2367 3076 2439 εἴη
3141 2371 3168 2423 ὁ
3224 2371 3318 2432 τάς
3368 2376 3467 2440 τῆς
3525 2367 3690 2443 Ἐδὶμ
3720 2367 3898 2431 πύλας
3945 2369 4097 2440 αύτῷ

2442 2590 2556 2646 ista
2600 2590 2888 2646 modestia
2938 2590 3224 2645 Joannem
3283 2590 3644 2662 imperantes
3674 2589 4098 2661 permiserunl.

2444 2681 2591 2752 Ergo
2625 2682 2676 2736 is
2708 2697 2811 2751 pro
2843 2695 3020 2734 aureo
3052 2678 3369 2744 ﬁmbriato,
3421 2695 3597 2751 quem
3632 2679 3799 2750 prius
3826 2683 4100 2745 gestave-

2443 2774 2552 2836 rat,
2580 2770 2882 2841 vulgarem
2914 2769 3235 2840 promiscui
3270 2785 3414 2824 usus
3432 2768 3610 2838 capiti
3634 2769 3857 2840 pileum
3902 2769 4100 2841 impo-

2441 2859 2601 2921 suit;
2641 2858 2826 2929 nigris
2876 2873 3110 2928 quoque
3168 2859 3364 2914 induit
3412 2859 3588 2929 pedes
3624 2858 3859 2924 calceis,
3909 2859 4103 2930 nigris

2441 2965 2622 3019 equos
2653 2948 2917 3019 proprios
2952 2948 3245 3019 ephippiis
3276 2948 3565 3004 instravit.
3598 2946 3853 3003 Vocitari
3897 2953 4102 3003 tamen

2442 3039 2501 3092 in
2537 3041 2835 3108 posterum
2866 3053 3099 3108 quoque
3131 3037 3396 3108 despota,
3425 3041 3490 3091 ut
3517 3041 3672 3103 ante,
3729 3052 3845 3091 non
3899 3037 4104 3105 desiit,

2443 3127 2660 3197 populo
2745 3141 2813 3180 ex
2886 3126 3313 3181 censuetudine
3389 3125 3717 3192 deferente,
3799 3141 3909 3180 nec
3985 3131 4105 3180 Au-

676 3220 742 3271 ut
773 3216 1020 3270 arduum
1056 3220 1110 3270 et
1144 3215 1338 3286 gloriae
1369 3215 1566 3269 solidae
1601 3214 1836 3285 plenum
1863 3214 2325 3286 experimentum
2361 3240 2403 3306 Ο
2443 3215 3305 3288 gustisinvidentibus,merum
3331 3219 3389 3270 et
3411 3231 3470 3270 re
3491 3214 4103 3289 signiﬁcatmvacuum

674 3321 823 3360 verae
855 3304 1079 3359 bellicae
1112 3304 1368 3371 virtutis,
1393 3305 1486 3358 cui
1518 3304 1705 3359 honos
1737 3304 1933 3374 tropaei
1972 3305 2099 3372 jure
2150 3320 2327 3374 quam

683 3395 906 3466 optimo
939 3394 1271 3449 deberetur.
1297 3393 1482 3447 Facile
1547 3393 1724 3464 igitur
1780 3394 2048 3448 vincebat
2096 3393 2153 3447 in
2209 3395 2337 3463 ejus

677 3484 875 3540 animo
910 3483 1194 3554 gaudium
1249 3499 1580 3546 maerorem,
1632 3487 1964 3536 recurrente
2015 3483 2336 3552 praesertim

681 3573 964 3628 memoria
985 3577 1066 3626 tot
1089 3571 1392 3626 hostilium
1415 3572 1645 3625 navium
1675 3570 1978 3625 navalibus
2003 3571 2333 3625 additarum

683 3663 829 3731 suis,
863 3667 946 3716 tot
973 3661 1232 3716 hostium
1260 3661 1316 3714 in
1356 3661 1428 3716 iis
1461 3666 1770 3730 captorum
1803 3661 2057 3730 indeque
2081 3662 2340 3716 detruso-

686 3769 816 3806 rum
853 3751 909 3806 in
944 3734 1264 3817 custodias,
1293 3750 1389 3803 ubi
1426 3751 1573 3805 ferro
1617 3749 1792 3804 vincti
1854 3750 2028 3804 tacito
2061 3753 2149 3803 sui
2207 3767 2339 3821 spe-

687 3841 915 3897 ctaculo
933 3847 1216 3912 tropaeum
1245 3841 1410 3910 quasi
1434 3841 1730 3911 quoddam
1748 3844 2044 3894 exstarent
2065 3840 2340 3893 Romamn

688 3929 1008 3986 felicitatis.
1067 3929 1166 3984 Hic
1226 3933 1420 3984 tamen
1479 3945 1549 3983 ne
1609 3929 1780 3999 plane
1830 3945 2014 4000 purus
2076 3934 2338 3999 Augusto

684 4025 839 4076 esset
895 4021 1120 4074 fructus
1183 4019 1385 4085 animi,
1448 4019 1775 4090 periculum
1860 4018 2339 4090 Philanthropcni

682 4110 1068 4180 temperabat,
1102 4110 1251 4164 337
1292 4109 1369 4163 ita
1420 4107 1826 4162 decumbentis
1879 4123 1946 4162 ex
1995 4107 2340 4162 vulneribus

681 4200 870 4256 navali
908 4200 1102 4272 prtelio
1135 4198 1391 4270 acceptis
1425 4204 1483 4252 ut
1518 4200 1647 4268 ejus
1679 4199 1805 4252 vite
1855 4197 2180 4252 timeretur.
2234 4203 2342 4253 Ho-

681 4307 812 4346 rum
848 4295 972 4344 erat
1001 4288 1314 4345 vulnerum
1370 4305 1553 4342 unum
1619 4288 1940 4359 praesertim
1993 4287 2051 4342 in
2101 4288 2340 4343 renibus

679 4380 938 4457 gravius,
969 4395 1037 4433 ex
1071 4395 1186 4449 quo
1223 4382 1557 4433 secuturam
1595 4382 1841 4431 mortem
1889 4375 2150 4448 plerique
2201 4378 2341 4431 omi-

679 4470 995 4526 nabantur.
1033 4468 1285 4522 Evanuit
1319 4472 1516 4522 tamen
1544 4468 1711 4522 triste
1744 4467 2340 4538 augurium.medicis

681 4559 849 4616 enixe
908 4559 976 4613 ad
1038 4559 1368 4612 curandum
1425 4573 1643 4628 aegrum
1716 4573 1818 4610 nec
1877 4557 2004 4611 sine
2063 4572 2337 4610 successu

2443 3321 2678 3360 nomen.

2443 3452 2496 3502 2.
2533 3449 2594 3504 Ut
2624 3449 2916 3524 schismate
2941 3466 3044 3524 per
3075 3448 3352 3505 Orientem
3385 3451 3776 3524 inualescentc,
3817 3465 3880 3506 eo
3911 3468 3973 3507 se
4001 3469 4105 3524 pa-

2570 3523 2813 3576 triarcha
2839 3522 3140 3576 contulerit
3167 3524 3322 3591 pacis
3355 3523 3726 3578 conciliandxe
3753 3525 3969 3592 gratia.

2515 3667 2569 3719 2.
2633 3665 2870 3719 Interim
2923 3664 3332 3720 ecclesiastica:
3391 3680 3484 3719 res
3540 3664 3921 3719 manifestius
3979 3669 4105 3735 jam

2447 3769 2622 3824 quam
2658 3761 2722 3809 ut
2745 3760 2941 3825 posset
2970 3755 3336 3809 dissimulari
3373 3755 3803 3822 laborabant,et
3834 3754 4110 3810 schisma

2447 3845 2823 3899 incrementis
2855 3845 3194 3915 ingentibus
3226 3845 3576 3915 augebatur,
3602 3844 3878 3915 plurimis
3936 3861 4001 3900 se
4053 3846 4109 3898 in

2447 3933 2572 3988 dies
2601 3935 2670 3988 ad
2696 3935 3137 3989 Arsenaitarum
3175 3935 3484 3989 factionem
3519 3932 4115 4006 addentibus.Neque

2447 4025 2602 4078 enim
2635 4024 2674 4077 ii
2707 4023 2896 4077 solum
2936 4024 3034 4093 qui
3073 4023 3378 4078 Arsenium
3415 4021 3812 4093 patriarcham
3840 4022 4118 4077 viderant

2447 4113 2616 4183 eique
2649 4114 3018 4176 studuerant,
3037 4112 3380 4167 abscindere
3405 4128 3465 4166 se
3485 4113 3608 4180 jam
3631 4128 3662 4165 a
3683 4113 4114 4167 communione

2448 4202 2916 4256 adversariorum
2952 4202 3080 4271 ejus
3113 4207 3169 4256 et
3201 4218 3302 4272 pro
3336 4201 3523 4272 ipsius
3555 4201 3936 4255 restitutione
3989 4217 4116 4257 cer-

2447 4297 2569 4344 tare
2602 4290 2792 4359 palam
2826 4291 3235 4356 cernebantur,
3267 4292 3365 4345 sed
3396 4294 3451 4344 et
3504 4288 3601 4344 alii
3663 4288 3887 4360 passim
3948 4289 4116 4344 nulla

2447 4379 2609 4434 illius
2643 4380 2924 4451 peculiari
2956 4379 3185 4444 notitia,
3219 4378 3380 4434 nullo
3412 4379 3468 4432 in
3503 4395 3635 4433 eum
3691 4378 3936 4449 proprio
3976 4379 4120 4434 atie-

2446 4476 2539 4522 ctu
2574 4470 2960 4540 praeoccupati
2997 4485 3255 4540 unquam
3294 4472 3687 4533 antea,tamen
3713 4469 3768 4520 in
3792 4483 3895 4522 eas
3923 4470 4116 4539 partis

2446 4558 2667 4612 ambitu
2701 4562 2757 4611 et
2792 4558 2985 4611 studio
3017 4558 3394 4612 sectariorum
3448 4559 3573 4623 eius
3625 4557 4115 4612 attrahebantur.

681 4647 1200 4711 contendentibus,
1236 4648 1316 4700 ita
1350 4651 1414 4700 ut
1445 4617 1602 4699 brevi
1633 4651 1760 4715 post
1792 4651 2053 4716 tempore
2088 4662 2199 4698 non
2227 4647 2333 4698 du-
2371 4617 2413 4679 υ
2448 4647 2633 4718 Vulgo
2661 4650 2715 4700 in
2752 4648 2959 4718 primis
2991 4647 3133 4700 illud
3171 4649 3432 4702 omnium
3486 4617 3640 4702 i388
3692 4661 3792 4700 ore
3849 4647 4120 4702 celebra-

684 4737 796 4792 biis
829 4738 1103 4791 rediturze
1130 4735 1486 4789 valetudinis
1523 4735 1752 4788 indiciis
1811 4735 2199 4804 exstantibus,
2231 4735 2330 4805 qui

681 4829 810 4893 eius
870 4843 1048 4881 causa
1118 4825 1351 4880 solliciti
1420 4826 1668 4887 fuerant,
1744 4840 1884 4878 cura
1947 4823 2329 4885 solverentur.

681 4918 917 4988 quando
948 4918 1267 4988 imperator
1297 4931 1538 4969 suarum
1575 4930 1703 4968 esse
1738 4913 1989 4984 partium
2019 4918 2178 4967 ratus
2204 4929 2335 4968 con-

677 5007 852 5063 solari
890 5023 1131 5078 passum
1165 5011 1222 5060 et
1258 5004 1652 5077 periclitatum
1689 5021 1796 5059 sua
1834 5020 2007 5057 causa
2039 5001 2215 5056 talem
2245 5003 2329 5055 vi-

673 5098 1087 5170 rum,pretium
1121 5097 1169 5151 ei
1204 5112 1600 5151 aerumnarum
1635 5112 1700 5149 ac
1726 5094 2030 5166 plagarum
2068 5093 2333 5165 rependit

669 5188 957 5260 amplum,
988 5188 1185 5259 magni
1222 5186 1390 5241 ducis
1423 5185 1708 5257 dignitate
1745 5185 1936 5254 ipsum
1965 5183 2327 5238 honorando.

670 5278 868 5332 Frater
896 5281 1089 5332 autem
1127 5275 1470 5346 imperantis
1502 5275 1920 5337 Joannes,cum
1965 5278 2118 5327 esset
2169 5288 2235 5326 ex
2264 5289 2328 5327 eo

673 5367 984 5438 quaesitum
1017 5383 1120 5420 cur
1151 5367 1408 5436 despotae
1443 5364 1699 5434 insignia
1732 5364 2124 5434 deposuisset,
2147 5362 2331 5416 obno—

669 5457 760 5511 xie
791 5457 861 5510 ad
897 5457 1146 5529 gratiam
1183 5455 1508 5526 respondit,
1537 5459 1845 5524 postquam
1866 5454 1988 5522 jam
2007 5451 2107 5505 filii
2133 5468 2201 5506 ex
2223 5454 2330 5505 Au-

673 5551 845 5618 gusto
879 5548 999 5601 nati
1036 5547 1091 5599 in
1121 5545 1275 5599 viros
1310 5544 1728 5609 adolevissent,
1763 5543 1915 5597 haud
1938 5557 2168 5613 aequum
2202 5557 2331 5596 esse

673 5636 984 5707 despoticaa
1021 5635 1325 5706 potestatis
1358 5649 1568 5686 nomen
1629 5632 1688 5685 in
1739 5631 2033 5685 extraneis
2087 5630 2325 5684 haerere.

676 5728 931 5796 Accepta
961 5723 1267 5796 responsio
1301 5720 1784 5793 est,libenterque
1814 5720 1894 5775 uti
1921 5719 2199 5791 deinceps
2222 5735 2329 5774 sua

2443 4741 2564 4790 tum
2600 4737 2668 4790 de
2698 4737 2977 4806 Josepho,
3011 4753 3138 4790 esse
3171 4737 3334 4789 illum
3367 4736 3478 4790 sibi
3513 4735 3816 4790 conscium
3870 4751 4114 4791 excom-

2445 4825 2864 4879 municationis
2911 4831 3246 4892 contractae,
3295 4825 3668 4879 vehementer
3719 4827 4117 4894 perturbabat

2445 4915 2857 4986 plerorumque
2873 4914 3198 4968 animos.Et
3214 4915 3597 4985 quantumvis
3625 4915 3729 4968 iste
3753 4917 4028 4986 acceptis
4048 4917 4116 4970 ad

2443 5006 2499 5059 id
2533 5022 2564 5059 a
2597 5004 2860 5076 principe
2892 5004 3158 5074 pecuniis
3201 5003 3361 5074 large
3407 5004 3834 5074 profundendis
3887 5009 4119 5060 exstin-

2443 5111 2618 5165 guere
2652 5094 2952 5160 invidiam,
2986 5093 3230 5164 quaesito
3259 5110 3357 5164 per
3390 5093 3838 5148 beneficentiam
3887 5093 4115 5162 favore,

2443 5187 2772 5245 conaretur,
2809 5182 2866 5236 in
2901 5197 3152 5254 eamque
3203 5181 3636 5253 indulgentiam
3699 5186 3820 5235 tam
3879 5199 4116 5254 pronus

2444 5273 2829 5337 incumberet,
2863 5276 2926 5326 ut
2949 5288 3119 5326 nemo
3152 5274 3224 5326 ab
3254 5288 3320 5326 eo
3351 5271 3584 5342 quidvis
3630 5276 3903 5341 posceret
3967 5274 4111 5346 quin

2443 5363 2640 5416 statim
2675 5368 3312 5432 assequeretur,tamen
3350 5377 3452 5415 nec
3485 5361 3570 5415 sic
3612 5360 3915 5416 efﬁciebat
3968 5365 4112 5433 quin

2443 5467 2657 5522 magna
2688 5457 2744 5505 et
2777 5451 2962 5506 tristis
3007 5451 3163 5506 circa
3224 5466 3357 5504 eum
3415 5448 3674 5504 solitudo
3735 5459 4108 5508 cerneretur.

2441 5543 2563 5606 Quo
2599 5541 2778 5594 facete
2829 5541 3101 5596 alludens
3152 5541 3490 5610 imperator,
3544 5555 3722 5594 manu
3770 5555 3932 5610 saepe
3984 5559 4112 5614 pre-

2441 5631 2624 5685 henso
2655 5629 2999 5700 patriarchae
3045 5628 3352 5700 praesentis
3405 5628 3605 5700 pallio,
3654 5629 3850 5684 dicere
3896 5631 4111 5686 solitus

2442 5723 2567 5776 erat
2596 5719 2902 5792 aperuisse
2935 5717 3103 5774 illum
3138 5718 3249 5774 sibi
3285 5718 3545 5790 paradisi
3568 5718 3957 5792 januas,quo
3990 5723 4111 5795 ipse
