4246 6446
190 382 297 436 789

1258 392 1357 445 DE
1395 391 1772 448 MICHABLB
1809 396 2253 456 PMOLOGO
2288 402 2419 457 LIB.
2462 406 2530 457 V.

3494 413 3603 469 790

188 504 467 605 ἀνοιγνὺς,
528 508 601 605 ὡις
656 507 752 582 ἅμ’
809 508 997 605 ἐκείνῳ
1053 510 1142 565 καὶ
1201 511 1361 567 αὐτὸν
1421 512 1683 569 εἰσελθεῖν
1742 537 1831 571 πι-
1862 520 1916 587 Α
1947 539 2060 582 τος.
2095 521 2266 585 Αὐτὸς
2301 520 2346 578 δ’
2393 526 2524 579 εἶναι
2558 526 2703 601 παρᾶ
2731 528 2857 591 τοὺς
2910 528 3117 593 ἄλλους
3159 530 3448 605 δοκιμάσαι
3503 539 3595 593 τὸν

190 594 390 648 στεύειν
449 596 676 652 κατόπιν
712 641 726 666 ,
792 596 1027 671 μηδενὸς
1084 598 1496 673 ἐμποδίζοντος.
1551 603 1688 666 Τοὺς
1749 606 1842 677 μὶν

188 682 279 737 οὖν
340 682 569 756 ἄλλους,
631 684 682 740 οἵ
739 690 876 741 κατά
922 686 1088 742 πόλιν
1142 685 1510 764 διατρίϐοντες
1542 693 1837 767 ἠνώχλουν

187 770 374 837 ἀνέδην
433 773 822 847 ἐκτρεπόμενοι
882 781 1098 848 τοῦτον,
1155 776 1306 833 οὐδὲν
1358 776 1501 852 ἔχων
1537 779 1663 854 δρᾷν
1698 780 1837 838 ἄλλο

186 862 220 929 ἢ
250 862 313 916 τὸ
367 859 535 933 μηδὲν
588 865 893 938 φροντίζειν
943 863 1163 920 ἐκείνων
1218 867 1294 929 εἰς
1333 871 1500 940 τιμῆς
1535 868 1695 946 λόγον
1745 872 1837 925 καὶ

183 951 543 1024 προστασίας,
597 950 703 1027 οὐχ
748 954 897 1014 ὅπως
928 954 1107 1023 ἡξίου,
1166 954 1312 1010 ἀλλά
1361 956 1448 1010 καὶ
1504 956 1697 1033 ⁴Ιιλόγει
1756 959 1837 1014 λε-

182 1040 392 1112 γόντων
421 1040 487 1093 τα
539 1038 800 1112 μάλιστα.
832 1039 1063 1111 ’Λνδρας
1111 1040 1168 1096 δὲ
1227 1046 1626 1116 πνευματικοὺς
1678 1044 1834 1110 εῗδὼς

182 1129 299 1182 κατ’
360 1127 660 1199 Ἀνατολὴν
722 1127 1061 1204 ἐνιδροῦντας
1101 1132 1191 1185 καὶ
1249 1137 1364 1204 Θεῷ
1415 1134 1563 1205 μόνῳ
1614 1140 1833 1207 ζῶντας,

178 1215 393 1271 ἀκούων
451 1219 540 1273 καὶ
590 1219 714 1295 περὶ
746 1218 960 1274 ἕκείνων
1011 1220 1083 1281 ὡς
1116 1218 1582 1293 σκανδαλίζοιντο,
1612 1219 1834 1280 ἔσπευδε

176 1306 441 1362 κάκείνων
500 1309 596 1369 τὰς
651 1308 871 1384 γνώμας
921 1316 1347 1385 προκατασχεῖν,
1394 1310 1576 1375 αὐτοῖς
1623 1310 1831 1386 ὄμμασι

177 1396 389 1457 θεαθεὶς
417 1401 533 1457 τοῖς
566 1395 799 1454 ἐκείνων.
848 1398 951 1453 Καὶ
996 1395 1062 1467 δὴ
1111 1401 1233 1473 περὶ
1291 1398 1502 1455 τούτων
1556 1406 1635 1472 τῷ
1686 1403 1833 1477 βασι-

178 1482 269 1537 λεῖ
327 1484 888 1561 κοινολογησάμενος,
936 1486 1039 1541 ὑπὸ
1096 1486 1285 1561 πολλῇ
1344 1492 1411 1561 λῇ
1472 1489 1717 1564 σπατάλῃ
1753 1490 1831 1546 ἇν-

173 1573 488 1634 σκευασθεὶς
519 1572 600 1627 ἐπ’
637 1575 941 1645 Ἀνατολῆς
990 1573 1213 1644 ἤλαυνε,
1266 1577 1355 1631 καὶ
1404 1583 1522 1641 τοῖς
1579 1576 1827 1654 ἀνδράσιν

173 1660 419 1731 ἐπιστὰς,
452 1662 527 1716 ὧν
559 1660 626 1731 δὴ
652 1663 742 1717 καὶ
802 1664 879 1727 εἷς
923 1665 988 1719 τὰ
1044 1664 1278 1738 μάλιστα
1309 1668 1337 1720 ὁ
1389 1668 1693 1739 Θαυμαστὸς
1736 1670 1829 1739 ἅμ’

175 1749 374 1823 ἀρετήν
430 1751 521 1805 καὶ
580 1749 741 1828 λόγον
806 1751 1083 1826 Βλεμίόης
1137 1756 1226 1823 ἦν,
1286 1754 1459 1817 πολὺς
1491 1757 1557 1824 ἦν
1587 1755 1713 1818 τοὺς
1746 1756 1827 1810 αν-

1954 613 2364 685 χρησιμεύοντα
2398 634 2409 645 ·
2469 616 2618 687 αὐτῷ
2662 618 2763 691 γὰρ
2817 625 3165 693 προσκεῖσθαι
3222 622 3312 676 καὶ
3371 623 3598 696 βασιλέα

1950 698 2513 777 πληροφορούμενον,
2574 704 2713 760 ὥστε
2774 708 2849 778 μὴ
2909 706 3056 770 ὅπως
3112 705 3423 782 ξυμϐαίνειν
3482 715 3593 767 τισὶ

1950 786 2167 861 χαλεπά
2240 790 2330 844 καὶ
2391 791 2658 861 ἀνήκεστα
2704 796 3119 867 προσκειμένοις
3178 798 3403 871 ὲκείνῳ,
3448 800 3594 856 ἀλλὰ

1946 876 2035 929 καὶ
2094 876 2329 941 πολλοῖς
2383 878 2575 942 ἄλλοις
2608 884 2687 955 [Ρ.
2721 885 2847 957 232]
2910 884 2964 938 εὖ
3020 885 3289 962 γίγνεσθαι
3349 885 3436 942 διὰ
3489 890 3587 957 τήν

1945 967 2080 1041 πρὸς
2125 968 2281 1022 αὐτὸν
2338 968 2605 1044 βασιλέως
2655 971 3063 1046 ἀγαθοθὲλειαν.
3114 980 3282 1031 Τοῦτο
3332 977 3419 1031 καὶ
3451 979 3589 1052 πρὸς

1945 1054 2148 1118 ἄλλους
2193 1063 2301 1112 τῶν
2360 1066 2739 1133 πνευματικῶν
2801 1060 3009 1136 ἀνδρῶν
3043 1063 3219 1138 ἔλεγε,
3279 1071 3438 1121 τοῦτο
3496 1068 3585 1122 καὶ

1942 1147 2079 1220 πρὸς
2108 1146 2265 1201 αὐτὸν
2300 1146 2640 1221 Βλεμμίδην,
2691 1149 2779 1205 καί
2828 1152 3104 1226 παρεσύλα
3155 1155 3249 1216 τάς
3310 1156 3402 1209 ἀπ’
3448 1157 3586 1211 ὲκεί-

1941 1256 2046 1289 νων
2108 1235 2313 1298 εὐνοίας
2372 1236 2898 1313 φιλοφρονούμενος.
2954 1244 3047 1313 Τῷ
3100 1240 3155 1298 δέ
3203 1265 3261 1316 γε
3295 1244 3583 1320 Βλεμμίδῃ

1941 1324 2031 1377 καὶ
2064 1321 2202 1379 ἄλλο
2234 1327 2368 1380 κατᾶ
2399 1326 2597 1381 σκοπὸν
2629 1327 2693 1395 ἦν
2725 1330 2786 1382 τὸ
2836 1331 3018 1384 πεῖοον
3070 1332 3270 1387 ἐκεῖνον
3306 1331 3578 1408 δέχεσθαι.

1942 1410 2165 1482 Ἐπειδὴ
2225 1415 2327 1488 γὰρ
2382 1416 2580 1479 ἐκεῖνος
2635 1415 2935 1495 φιλόσοφον
2997 1417 3193 1489 διαζῶν
3276 1422 3391 1496 βίον
3451 1422 3581 1487 ὅλος

1937 1506 2043 1556 τῶν
2104 1502 2209 1558 ὧδε
2262 1504 2492 1578 ἐξῄρητο
2524 1507 2611 1559 καὶ
2642 1506 2861 1569 ἀπαθῶς
2894 1508 3010 1583 εἶχε
3039 1511 3175 1583 πρὸς
3207 1512 3273 1565 τὰ
3301 1513 3577 1585 γινόμενα,

1940 1588 2063 1647 οὔτε
2106 1595 2211 1647 τινὶ
2246 1600 2575 1668 προσπαθῶν
2637 1593 2757 1651 οὔτε
2819 1598 2928 1669 μὴν
2986 1597 3265 1670 ἐμπαθῶν,
3297 1598 3423 1654 ἀλλ’
3451 1602 3516 1670 ἦν
3550 1603 3579 1657 ὁ

1937 1685 2060 1743 νοῦς
2092 1680 2282 1753 ἐκείνῳ
2331 1682 2403 1743 ὡς
2461 1682 2507 1735 εἴ
2558 1686 2631 1755 μὴ
2679 1684 2889 1757 σώματι
2952 1685 3095 1749 ὅλως
3157 1685 3461 1763 κατείχετο,
3521 1688 3574 1745 ἓν

1936 1770 2215 1843 ἐλογίζετο
2244 1772 2331 1826 καὶ
2378 1774 2651 1847 Ἀρσὲνιον
2682 1775 2811 1828 εἶναι
2862 1777 2950 1829 καὶ
3002 1778 3224 1855 Ἰωσὴφ,
3260 1778 3321 1831 οὗ
3350 1786 3575 1852 γυμνοῖς

174 1836 322 1950 δρίκςη
358 1839 858 1949 ὑπενπςί)ιοδίειίῖθο(-ν
889 1844 990 1948 If“;
1048 1842 1368 1950 προσέξειθε
1425 1844 1599 1920 λέγων
1660 1867 1827 1921 προσ·
1859 1885 1903 1950 Β
1935 1860 2116 1923 αὐτοῖς
2172 1860 2461 1936 προσέχων
2492 1868 2607 1923 τοῖς
2638 1866 3001 1938 γιγνομένοις,
3061 1866 3133 1926 ὡς
3180 1836 3272 1920 ἶτὸν
3328 1868 3421 1938 μὲν
3454 1869 3573 1941 κρί-

169 1930 382 1983 κεῖσθαι
461 1930 554 2003 μὲν
635 1931 725 1985 καὶ
802 1932 961 1995 αὐτὸς
1031 1933 1290 2009 Ἀρσενίῳ
1339 1934 1428 1987 καὶ
1478 1936 1823 2012 πατριάρχην

166 2020 439 2091 ἡγεῖσθαι,
508 2024 613 2073 τῶν
698 2022 813 2075 κατ’
872 2019 1076 2076 ἐκείνου
1136 2024 1592 2087 συσκευασθέντων
1651 2022 1824 2080 διακε-

165 2113 263 2175 νῆς
328 2105 469 2179 μηδὲ
524 2110 587 2162 τὸ
649 2108 829 2184 βραχὺ
886 2110 1209 2188 φροντίζων
1272 2110 1423 2185 ὅμως
1480 2110 1526 2168 δ’
1580 2112 1819 2189 ἀνάγκης

167 2191 338 2265 οὔσης
395 2198 495 2265 τὴν
553 2195 884 2267 Ἐκκλησίαν
940 2201 1347 2273 ποιμαίνεσθαι,
1407 2202 1645 2276 ἀνάγκην
1686 2204 1819 2259 εἶναι

161 2284 286 2340 τινά
338 2287 430 2341 τὸν
479 2284 684 2343 ἐκείνου
712 2289 879 2344 τόπον
925 2289 1307 2365 ἀποπληροῦν,
1359 2290 1563 2348 ἐκείνου
1600 2294 1674 2367 μή
1727 2289 1814 2348 ὅν-

168 2521 308 2589 post
357 2531 515 2585 eum,
573 2517 737 2575 nullo
794 2521 978 2576 turbas
1035 2521 1323 2577 obstantis
1382 2523 1822 2596 impedimento,

167 2607 342 2663 facile
375 2608 755 2681 ingressurus
799 2611 1116 2668 videretur.
1166 2614 1245 2668 Ac
1288 2630 1389 2669 eos
1435 2613 1669 2684 quidem
1722 2615 1822 2685 qui

171 2694 371 2767 palam
396 2696 453 2750 in
479 2699 623 2752 urbe
646 2699 928 2755 adversus
948 2700 1163 2771 Josepb
1176 2718 1272 2756 um
1296 2701 1693 2757 declamantes
1718 2718 1824 2774 po-

171 2784 383 2856 pulum
416 2785 489 2841 ab
519 2802 586 2842 eo
618 2788 976 2853 avertebant,
1018 2805 1149 2844 cum
1198 2790 1248 2844 is
1287 2792 1408 2859 jam
1457 2790 1656 2845 omnia
1700 2792 1826 2845 fru-

168 2878 297 2929 stra
319 2880 595 2946 expertus
619 2876 764 2931 nihil
791 2878 1031 2933 haberet
1060 2879 1217 2933 aliud
1249 2880 1401 2949 quod
1436 2885 1652 2950 ageret,
1686 2896 1824 2934 con-

166 2966 436 3019 temnere
480 2965 768 3036 optimum
814 2967 1042 3038 putavit
1071 2968 1503 3041 negligereque,
1538 2968 1696 3023 nulla
1725 2983 1827 3024 eo-

168 3069 305 3109 rum
356 3052 413 3107 in
460 3053 874 3112 distributione
920 3058 1394 3127 praefecturarum
1441 3063 1498 3113 et
1538 3058 1826 3114 honorum

165 3142 401 3197 ratione
423 3143 1174 3217 habenda,rejiciendisque
1194 3147 1824 3218 petitionibustalium,

163 3248 233 3287 ac
264 3232 313 3288 si
349 3248 465 3303 qua
491 3234 636 3289 forte
667 3240 911 3306 urgente
942 3237 1294 3291 necessitate
1326 3237 1649 3292 studiosius
1689 3253 1823 3293 cum

162 3338 232 3376 eo
287 3321 593 3394 quidpiam
644 3329 994 3396 cogerentur
1040 3342 1232 3398 agere,
1282 3326 1527 3381 auribus
1577 3326 1827 3398 superbe

166 3411 529 3476 avertendis,
562 3412 780 3468 duritia
811 3430 987 3485 quam
1020 3415 1187 3471 facile
1216 3416 1502 3471 sentirent
1532 3417 1589 3470 in
1622 3421 1827 3472 contu-

168 3500 380 3555 macia;
414 3500 676 3571 ipsorum
712 3502 997 3558 ultionem
1033 3505 1312 3559 affectari.
1347 3504 1629 3560 Caeterum
1670 3505 1826 3560 idem

161 3589 420 3645 audiens
449 3591 605 3646 viros
644 3591 985 3663 spirituales
1014 3610 1117 3665 per
1141 3595 1435 3649 Orientem
1482 3595 1827 3650 insudantes

166 3678 521 3735 virtutibus.
551 3680 667 3735 Deo
697 3681 957 3737 viventes
990 3683 1119 3747 soli,
1152 3683 1342 3738 ’etiam
1390 3683 1549 3754 ipsos
1596 3685 1652 3738 in
1703 3700 1829 3739 sese

169 3769 589 3838 scandalizari,
624 3772 1087 3841 praevertendum
1122 3773 1256 3827 inde
1284 3773 1564 3843 ingruens
1604 3774 1825 3828 malum

167 3858 337 3913 omni
371 3860 566 3913 studio
599 3861 841 3931 putavit,
877 3861 1234 3933 dignamque
1284 3879 1403 3917 rem
1448 3879 1573 3917 eam
1621 3864 1829 3917 statuit

161 3949 257 4003 cui
309 3965 569 4020 praesens
614 3952 990 4020 procurandis
1038 3952 1183 4006 nulli
1235 3969 1479 4023 parcens
1509 3969 1693 4022 operte
1725 3970 1825 4008 va-

161 4042 356 4106 caret,
390 4054 493 4110 spe
523 4039 798 4094 videlicet
828 4039 1112 4095 invitante
1146 4042 1263 4097 fore
1296 4046 1361 4095 ut
1390 4043 1544 4113 apud
1576 4058 1674 4097 eos
1720 4059 1824 4096 au-

162 4126 431 4183 ditarum
455 4128 514 4182 in
540 4144 602 4183 se
623 4130 924 4184 absentem
960 4131 1438 4185 criminationum
1470 4131 1823 4186 calumniam

162 4222 488 4290 conspectu
522 4218 676 4273 ultro
708 4217 939 4274 oblatus
970 4219 1343 4291 blandusque
1382 4237 1577 4275 coram
1633 4236 1824 4276 sermo

162 4306 486 4363 refelleret.
520 4306 777 4363 Consilio
808 4308 991 4379 igitur
1022 4311 1359 4381 imperatori
1393 4311 1825 4365 communicato

159 4397 559 4468 probatoque,
606 4398 885 4453 comitatu
935 4398 1119 4454 multo
1164 4399 1592 4470 splendidoque
1637 4416 1826 4471 usque

158 4487 232 4541 ad
284 4485 495 4541 luxum
541 4492 851 4558 apparatu,
899 4489 956 4542 in
994 4488 1289 4543 Orientem
1340 4488 1637 4559 profectus
1685 4494 1820 4557 est;

157 4574 377 4648 ibique
398 4590 531 4631 cum
556 4575 703 4631 alios
726 4576 885 4632 viros
909 4576 1167 4633 celebres
1190 4584 1473 4649 repertos,
1508 4584 1627 4633 tum
1657 4578 1823 4634 illum

1932 1971 2041 2004 νειν
2098 1947 2440 2020 ἀδικηθέντα,
2490 1952 2580 2004 τὸν
2642 1949 2686 2005 δ’
2744 1948 3065 2026 ἒπιϐήτορα·
3109 1959 3273 2008 ταῦτα
3315 1956 3414 2030 γάρ
3464 1976 3569 2031 χα-

1936 2044 2174 2113 μερποῦς
2204 2061 2349 2103 τινος
2397 2037 2634 2103 διανοίας
2676 2042 2764 2095 καὶ
2822 2040 2993 2113 μηδὲν
3050 2042 3286 2117 ἐχούσης
3326 2049 3432 2098 τῶν
3466 2067 3573 2100 πα-

1933 2129 2333 2205 p6v1wv117éov
2391 2129 2465 2191 εἰς
2527 2130 2755 2205 θεωρίαν
2814 2134 3027 2206 ἠγεῖτο,
3086 2132 3213 2188 ἀλλ’
3245 2130 3402 2196 εἰδὼς
3442 2140 3576 2189 Θεοῦ

1933 2222 2030 2294 μὶν
2085 2223 2145 2277 τὸ
2203 2222 2448 2285 εὐσταθὲς
2479 2223 2567 2276 καὶ
2602 2222 2874 2295 ἀκίνητον,
2925 2225 3217 2299 ἀνθρώπων
3267 2222 3323 2279 δὶ
3374 2227 3435 2280 τὸ
3470 2249 3576 2299 μη-

1930 2309 2015 2366 δὲν
2049 2311 2099 2366 ἒν
2148 2308 2337 2384 μηδενὶ
2390 2310 2478 2365 ἐπὶ
2526 2315 2623 2365 τοῦ
2666 2311 2830 2367 αὐτοῦ
2883 2310 2978 2367 κᾶν
3037 2311 3216 2389 βραχὺ
3269 2313 3443 2385 μὲνειν
3498 2317 3579 2387 (εὖ

1934 2541 1995 2581 se
2025 2524 2332 2580 revocabili
2365 2524 2584 2597 injuria
2614 2526 2803 2595 ejecti.
2837 2528 3115 2581 Secutum
3149 2529 3343 2582 autem
3377 2526 3435 2581 in
3464 2526 3584 2584 hoc

1927 2613 2154 2685 judicia
2185 2614 2738 2686 multorum,aptum
2772 2630 2834 2670 se
2864 2615 2935 2669 ad
2971 2615 3027 2669 id
3062 2616 3460 2670 necessarium
3486 2617 3583 2671 Ec-

1934 2704 2123 2759 clesiae
2156 2704 2214 2758 in
2260 2702 2607 2758 necessitate
2653 2708 2819 2758 tanta
2869 2703 3262 2757 exhibendum
3318 2703 3581 2760 officium

1936 2792 2328 2860 censentium,
2378 2794 2449 2848 ob
2498 2808 2633 2847 eum
2684 2793 2940 2847 maxime
2988 2791 3075 2846 vel
3102 2792 3462 2848 auctoritatis
3490 2792 3579 2848 vel

1936 2882 2133 2954 gratiae
2156 2881 2349 2937 locum
2375 2897 2547 2952 quem
2572 2883 2724 2952 apud
2751 2882 3165 2953 imperatorem
3201 2881 3514 2947 obtineret,
3547 2898 3581 2938 a

1936 2987 2049 3040 quo
2080 2970 2508 3041 audiretur,qui
2542 2970 2664 3024 suis
2695 2968 2956 3023 consiliis
2986 2968 3257 3033 deferret,
3293 2968 3418 3024 suis
3450 2985 3582 3040 pre-

1937 3061 2104 3115 cibus
2136 3064 2440 3126 annueret,
2468 3062 2639 3130 prout
2669 3062 2825 3113 esset
2853 3057 3103 3113 utilitate
3136 3056 3445 3129 probatum
3472 3074 3581 3128 pu-

1939 3149 2110 3206 blica.
2142 3149 2268 3204 Non
2301 3149 2474 3203 modo
2506 3147 2660 3202 enim
2695 3163 2871 3217 opera
2902 3147 3083 3201 fuisse
3115 3163 3218 3201 sua
3251 3146 3581 3217 mitigatam

1941 3238 2309 3309 imperatoris
2340 3237 2487 3292 iram
2521 3237 2580 3291 in
2614 3235 2844 3291 Arsenii
2877 3236 3155 3304 fautores,
3195 3235 3584 3305 effectumque

1941 3343 2011 3382 ne
2042 3327 2113 3381 iis
2145 3326 2495 3382 ulciscendis
2528 3324 2795 3395 maleque
2823 3322 3143 3379 multandis
3172 3339 3408 3378 summa
3430 3324 3585 3394 prin-

1936 3431 2071 3488 ceps
2107 3415 2364 3486 potentia
2396 3417 2676 3481 uteretur,
2701 3413 2799 3468 sed
2835 3417 3207 3484 procuratum
3241 3411 3416 3467 etiam
3450 3429 3583 3468 cum

1938 3522 2236 3573 successu,
2272 3503 2476 3558 multis
2510 3508 2573 3558 ut
2604 3502 2735 3557 aliis
2763 3503 2908 3557 bene
2954 3505 3130 3568 esset,
3183 3518 3473 3573 propensa
3520 3503 3581 3557 in

1936 3611 1998 3649 se
2023 3595 2291 3665 privatim
2314 3594 2684 3665 imperatoris
2704 3591 3103 3647 benevolentia
3125 3594 3182 3645 in
3210 3597 3578 3658 cunctorum,

1937 3684 2129 3755 quoad
2165 3682 2471 3754 potuisset,
2524 3681 2821 3753 egentium
2868 3696 3182 3735 commune
3226 3679 3577 3735 beneﬁcium

1935 3774 2274 3828 derivanda.
2308 3772 2471 3828 Talia
2500 3788 2633 3826 cum
2669 3771 2959 3842 religiosis
2993 3770 3109 3825 illis
3159 3770 3391 3835 ascetis,
3444 3786 3576 3825 cum

1938 3863 2045 3934 ipsi
2093 3863 2448 3927 Blemmida’,
2487 3860 2788 3932 sigillatim
2850 3875 3140 3931 quemque
3199 3859 3577 3927 conveniens,

1934 3954 2097 4009 omni
2127 3968 2195 4008 ea
2226 3951 2509 4017 adhibita,
2540 3967 2715 4021 quam
2752 3950 3004 4005 habebat
3034 3947 3578 4019 plurimam,conci-

1936 4042 2268 4098 liandorum
2304 4040 2660 4112 quibuscum
2692 4042 2892 4109 ageret
2922 4037 3089 4093 suavi
3122 4038 3407 4099 efficacia,
3457 4052 3578 4091 me-

1935 4137 2241 4194 morasset,
2299 4130 2473 4184 vertit
2519 4128 2797 4183 nimirum
2842 4128 2900 4181 in
2954 4143 3082 4181 sese
3131 4125 3328 4181 studia
3375 4141 3578 4180 eorum

1934 4223 2294 4291 atl'ectusque
2317 4219 2534 4289 rapuit,
2566 4221 2913 4289 cOOperantc
2936 4216 2994 4270 in
3019 4216 3076 4271 id
3100 4216 3296 4287 ipsum
3334 4232 3446 4269 non
3483 4231 3579 4285 pa-

1934 4328 2064 4367 rum
2091 4309 2318 4365 liberali
2351 4308 2681 4379 largitione,
2702 4324 2817 4378 quo
2849 4310 3090 4361 cunctos
3120 4309 3450 4377 Opportune
3479 4305 3578 4359 de-

1933 4400 2141 4467 linivit,
2175 4415 2289 4453 non
2321 4397 2614 4452 illibenter
2644 4395 3054 4460 admittentes;
3089 4410 3426 4467 quanquam
3458 4393 3581 4450 haec

1934 4489 2172 4561 quidem
2207 4504 2301 4542 res
2332 4502 2536 4558 parum
2572 4486 2643 4540 ad
2675 4484 3097 4541 emolliendum
3144 4484 3251 4554 ipsi
3302 4482 3576 4538 Blemmi-

1933 4580 2064 4633 dam
2097 4576 2297 4631 valuit.
2332 4576 2523 4646 Longe
2554 4574 2684 4630 aliae
2710 4575 2834 4630 viro
2879 4573 2985 4639 illi,
3033 4589 3136 4644 pro
3185 4572 3355 4644 genio
3400 4586 3575 4642 pecu-

158 4666 221 4721 in
259 4665 478 4739 primis
511 4665 925 4721 admirandum
963 4666 1243 4739 religione
1266 4685 1331 4722 ac
1354 4669 1617 4724 doctrina
1644 4667 1827 4724 Blem-
1859 4644 1902 4708 Ῑ)
1935 4666 2065 4722 liari
2096 4684 2163 4722 ac
2191 4672 2349 4721 secta
2379 4664 2703 4736 discipline
2735 4664 3041 4734 cujusdam
3095 4662 3361 4734 proprias,
3410 4662 3576 4717 Jose-

161 4756 421 4823 midam,
458 4761 519 4809 ut
550 4754 673 4811 suis
714 4756 984 4828 partibus
1032 4759 1401 4830 adjungeret,
1452 4759 1604 4814 339
1656 4758 1823 4814 enixe

159 4863 273 4903 nec
299 4844 478 4918 plane
502 4845 721 4901 frustra
742 4846 1042 4902 laboravit.
1074 4846 1372 4903 Persuasit
1403 4848 1557 4903 enim
1589 4849 1675 4903 eis
1706 4849 1823 4904 tere

158 4937 327 5009 quod
376 4934 625 5005 volebat,
669 4952 801 4991 cum
860 4937 1081 4992 diceret
1122 4937 1419 4993 studuisse
1467 4954 1531 4993 se
1588 4954 1823 5011 quoque

156 5026 368 5099 ipsum
403 5026 671 5095 Arsenio,
704 5030 759 5081 et
791 5042 893 5099 pro
925 5043 1058 5082 vero
1104 5026 1268 5082 illum
1317 5028 1528 5083 habere
1574 5028 1822 5100 patriar-

157 5116 299 5184 cha,
356 5114 809 5188 existimareque
855 5133 1036 5172 vanas
1082 5116 1285 5189 inique
1326 5121 1576 5173 structas
1621 5123 1823 5174 contra

151 5222 297 5263 eum
335 5204 625 5261 hactenus
657 5211 713 5261 et
742 5206 1061 5263 artificiose
1090 5207 1447 5279 compositas
1494 5208 1820 5264 machima-

149 5296 362 5352 tiones
392 5311 623 5362 omnes,
656 5301 906 5369 actaque
938 5297 1053 5353 ista
1098 5302 1312 5354 cuncta
1358 5298 1572 5353 ducere
1610 5315 1711 5369 pro
1743 5298 1820 5354 ir-

150 5387 288 5443 ritis
326 5402 437 5441 nec
464 5388 636 5442 nauci
671 5387 878 5443 facere.
902 5390 1009 5444 Sed
1036 5406 1168 5444 cum
1193 5389 1265 5444 iis
1289 5389 1576 5445 obsistere
1608 5389 1816 5461 nequi-

151 5475 509 5543 ret,videret
539 5482 733 5533 autem
768 5479 1112 5534 destitutam
1164 5478 1482 5535 Ecclesiam
1537 5480 1819 5552 gravissi-

153 5567 275 5624 mis
298 5582 439 5623 esse
459 5566 736 5638 periculis
758 5569 1107 5640 expositam,
1137 5570 1205 5624 ad
1232 5586 1359 5625 eam
1391 5567 1815 5625 sublevandam

150 5663 211 5713 et
244 5656 592 5714 certissimo
622 5658 798 5714 exitio
830 5659 1295 5714 subtrahendam
1329 5660 1818 5732 accessisse,sup-

152 5747 387 5821 plendo
434 5752 736 5820 utcunque
779 5748 905 5806 laoo
950 5748 1203 5823 pastoris
1244 5750 1386 5821 veri,
1435 5748 1622 5806 aliena
1648 5766 1753 5807 nec
1784 5768 1819 5809 a

1933 4758 2111 4829 phum
2145 4757 2399 4811 rationes
2430 4754 2942 4811 commendarunt.
2996 4754 3188 4808 Inerat
3237 4750 3574 4806 Blemmidaa

1932 4847 2168 4903 animus
2199 4845 2315 4901 alta
2340 4847 2593 4915 quadam
2624 4848 2681 4900 et
2708 4843 3100 4916 aspernatrice
3124 4841 3300 4913 vulgo
3347 4844 3575 4912 specta-

1934 4948 2122 4995 tarum
2147 4955 2339 4995 rerum
2363 4936 2737 5009 philosophia
2758 4934 3066 5001 subnixus,
3091 4934 3387 4990 abstracta
3407 4947 3576 4987 mens

1932 5029 2196 5101 quaedam
2222 5046 2254 5083 a
2274 5027 2644 5083 concretione
2672 5025 2955 5098 corporis,
2977 5028 3035 5079 et
3065 5022 3267 5096 procul
3300 5022 3580 5093 abjuncta

1931 5121 2279 5192 contagione
2309 5118 2624 5174 humilium
2659 5114 3057 5172 curarum.Nil
3086 5128 3438 5185 magnopere
3471 5112 3582 5166 mi-

1932 5209 2147 5278 rari;ne
2171 5208 2330 5280 tangi
2358 5207 2594 5279 quidem
2629 5205 2965 5262 tenerrimis
2996 5203 3302 5259 affectibus
3334 5204 3581 5268 naturae,

1932 5316 2045 5355 non
2078 5297 2338 5354 indolere
2369 5297 2660 5363 tristibus,
2682 5313 2797 5351 non
2826 5294 3120 5351 exsultare
3148 5292 3319 5357 laetis,
3355 5307 3469 5346 non
3502 5290 3585 5345 ef-

1929 5389 2063 5445 ferri
2080 5406 2105 5442 s
2114 5386 2775 5461 peciosis,omniaunum
2786 5401 2914 5442 esse
2928 5401 2993 5441 ac
3007 5384 3246 5456 perinde
3260 5382 3459 5438 haberi
3475 5397 3589 5437 om-

1931 5480 2091 5535 nium
2112 5495 2336 5546 securo;
2373 5478 2535 5533 nullo
2554 5476 2895 5533 discrimine
2912 5475 3026 5531 odii
3048 5476 3316 5547 gratiaave
3335 5474 3406 5528 de
3424 5475 3580 5530 840

1929 5569 2217 5641 personis,
2250 5567 2412 5624 nullo
2446 5572 2707 5641 respectu
2757 5566 3116 5640 privatarum
3162 5564 3457 5620 rationum
3506 5565 3578 5620 de

1928 5659 2858 5733 quibuscunquejudicanti.Ergo
2884 5656 3019 5713 huic
3044 5656 3142 5712 tali
3169 5655 3451 5711 Arsenius
3476 5661 3578 5711 aut

1925 5751 2218 5825 Josephus
2234 5750 2472 5808 nomina
2487 5753 2651 5808 erant
2669 5749 3071 5822 mera,quibus
3088 5746 3308 5806 auditis
3322 5744 3468 5801 nihil
3481 5744 3579 5803 ille
