4212 6442
645 383 748 439 791

1948 391 2250 447 GEORGII
2289 385 2753 442 ΡΔΟΗΥΜΕΒΔΞ

3943 387 4054 442 792

644 506 746 579 γὰρ
807 507 893 562 καὶ
952 510 1289 584 Ἡρακλείτῳ
1347 511 1591 585 εἰρῆσθαι
1643 515 1704 567 τὸ
1764 514 1838 583 μὴ
1873 511 1956 566 ἓ,πῖ
1992 515 2086 566 τοῦ
2118 509 2278 564 αὐτοῦ
2311 518 2362 578 Α
2395 510 2428 577 ἢ
2483 509 2580 576 τήν
2641 509 2754 563 κατ’
2813 508 3130 582 ἀνθρώπους
3188 510 3380 581 τιμὴν,
3441 508 3475 576 ἢ
3509 507 3573 576 δή
3609 505 3885 578 δεξιώσεις
3932 507 4050 583 ἔχει

643 593 776 648 εἶναι
837 593 919 658 δὶς
983 597 1222 670 βάπτειν,
1283 599 1373 653 καὶ
1436 601 1696 672 Κρατύλῳ
1755 600 1966 670 μᾶλλον
2018 601 2092 661 ὡς
2149 595 2288 669 μηδὲ

643 684 800 752 ἅπαξ,
860 690 967 738 τῶν
1027 688 1363 760 πραγμάτων
1417 685 1572 757 δίκην
1618 689 1835 763 ἀείρῥου
1892 688 2154 762 ῥεύματος
2184 707 2284 738 πα-

642 775 1069 847 ρατρεχὸντων),

637 862 728 914 καὶ
789 864 1062 936 Ἀρσένιος
1122 863 1386 920 ἀδικοῖτο,
1439 867 1508 919 Τὸ
1555 868 1655 941 γὰρ
1705 867 1990 941 ἀναγκαῖον
2046 863 2100 919 ἓν
2157 865 2286 918 εἶναι

1123 777 1198 846 μή
1253 777 1434 830 καινὸν
1469 776 1606 831 εἶναι
1661 774 1788 848 μηδ’
1821 775 2006 837 ἄλλως
2040 775 2208 844 ξένον,
2243 773 2286 828 εἰ

637 950 725 1003 καὶ
801 951 826 1004 ό
988 953 1000 967 “
1107 953 1118 970 ’
1194 948 1241 973 ρ’
1431 953 1453 988 ε’
1953 953 1971 984 ί
2170 951 2194 968 ”
2278 962 2284 968 ’

757 974 796 1022 μ
833 971 922 1004 νον
950 973 1009 1006 το
1068 973 1305 1020 ευσεοες,
1361 975 1557 1008 τουτου
1618 952 1674 1008 δὲ
1728 975 2069 1028 τηρουμενου
2129 952 2267 1006 ταλλ

638 1039 963 1116 ἀπερῥίιρθαι
1022 1041 1224 1116 ἀνάγκη
1275 1048 1389 1103 τοῖς
1423 1044 1772 1117 αἱρουμένοις
1836 1046 1928 1112 ζῇν
1990 1043 2127 1096 κατά
2159 1043 2286 1115 τρό-

635 1149 760 1184 πον.
822 1131 986 1184 Ταῦτ’
1045 1129 1143 1204 ἄρα
1214 1131 1302 1184 καὶ
1359 1134 1560 1204 Ἰωσὴφ
1621 1129 1863 1204 ἐδέχετο,
1918 1131 2095 1184 καίτοι
2149 1129 2284 1202 πρὸς

635 1215 835 1270 ἐκεῖνον
885 1217 1056 1279 οὕτως
1116 1218 1260 1294 ἔχων
1317 1221 1390 1282 ὡς
1457 1218 1597 1291 μηδὲ
1650 1228 1747 1288 τῆς
1799 1219 2006 1288 κέλλης
2057 1218 2280 1288 ἐξελθὼν

634 1311 1070 1380 προϋπαντῆσαι,
1120 1308 1265 1361 ἀλλὰ
1317 1307 1455 1380 μηδὲ
1486 1311 1770 1382 προσιόντι
1829 1311 2284 1382 προεξαναστῆναι

640 1396 933 1467 μακρόθεν,
987 1394 1116 1466 μηδ’
1175 1394 1314 1451 ἄλλο
1371 1419 1420 1451 τι
1480 1403 1585 1450 τῶν
1644 1398 1717 1458 εἷς
1751 1399 1987 1460 θωπείαν
2033 1396 2123 1450 καὶ
2156 1417 2282 1467 σμι-

634 1484 995 1556 κροπρέπειαν
1047 1485 1122 1548 εἰς
1171 1488 1332 1560 χάριν
1387 1487 1533 1557 αῦτῷ
1597 1484 2003 1560 διαπράξασθαι.
2061 1487 2130 1538 Τὸ
2179 1485 2282 1559 γὰρ

634 1572 772 1645 πρὸς
799 1571 1120 1650 φιλοσοφίαν
1151 1575 1425 1635 ἐπικλινὶς
1473 1576 1558 1628 καὶ
1609 1576 1672 1628 τὸ
1724 1576 1858 1647 πρὸς
1904 1576 1969 1627 τά
2028 1572 2143 1642 εἴδη
2194 1574 2282 1626 καὶ

639 1660 779 1733 μόνα
823 1666 931 1715 τῶν
987 1665 1316 1738 πραγμάτων
1365 1660 1720 1732 ἐπιϐλητικὸν
1774 1663 2094 1735 ἀμείλικτον
2142 1662 2280 1716 ἐκεῖ·

632 1770 727 1802 νον
763 1749 922 1803 ἐτίθει
971 1751 1037 1804 τὰ
1084 1753 1217 1823 πρὸς
1271 1750 1432 1821 ὕλην,
1489 1755 1578 1805 καὶ
1627 1754 1688 1806 τὸ
1735 1752 1919 1828 ἐφετὸν
1966 1753 2102 1806 κατά
2157 1755 2280 1804 νοῦν

632 1832 779 1911 ἔχων
811 1840 1070 1912 παρεώρα
1111 1841 1171 1893 τὸ
1231 1840 1535 1915 ἐφιέμενον,
1594 1842 1749 1896 ’Ὸθεν
1804 1840 1902 1894 οὐκ
1950 1841 2282 1912 ἀνθρώποις,

635 1925 781 1980 ἀλλά
837 1927 1148 2002 πράγμασιν
1194 1924 1532 2000 ἐπιϐάλλων,
1583 1929 1801 1990 ἐκείνοις
1853 1932 1946 2001 μὲν
1997 1929 2174 2004 ἐτήρει
2223 1929 2286 1982 τὸ

635 2019 814 2088 θαῦμα
870 2017 957 2071 καὶ
994 2017 1488 2093 ὑπερεξεπλήττετο
1529 2020 1618 2072 καὶ
1653 2017 1840 2080 ἄλλως
1886 2023 2049 2090 τιμᾷν
2097 2019 2285 2092 ᾑρεῖτο

632 2255 773 2293 sane
796 2240 864 2293 ad
893 2239 1147 2294 favorem
1166 2239 1517 2295 invidiamve
1535 2241 2085 2296 moveretur.Unum
2104 2241 2252 2296 inter
2269 2273 2282 2281 -

629 2342 757 2382 esse
773 2329 1016 2398 putabat
1031 2330 1182 2398 sua,j
1197 2335 1390 2383 ustum
1405 2346 1492 2384 am
1506 2331 2008 2400 plecti,nocentem
2027 2331 2279 2386 aversari

627 2418 779 2472 Tum
808 2419 876 2471 de
918 2417 1113 2472 causis
1166 2421 1435 2489 protinus
1484 2419 1629 2490 ipsis
1687 2420 1812 2474 sine
1866 2420 2201 2490 praejudicio
2252 2437 2284 2473 a

625 2505 897 2577 personis
931 2507 1108 2560 ducto
1141 2508 1424 2561 statuenti
1457 2508 1743 2563 Arsenius
1776 2508 2012 2579 quidem
2065 2509 2283 2580 injuste

629 2596 910 2664 dejectus,
944 2595 1240 2666 Josepbus
1273 2597 1581 2667 illegitime
1632 2597 1900 2652 intrusus
1947 2598 2275 2652 videbatur.

627 2684 804 2740 Trahi
837 2684 990 2738 enim
1027 2686 1085 2738 in
1117 2687 1409 2741 censendo
1439 2687 1726 2756 judicium
1761 2704 1794 2742 a
1825 2686 2106 2752 studio,et
2139 2703 2279 2758 pen-

629 2774 773 2829 dens
790 2773 1096 2827 arbitrium
1119 2773 1314 2827 liberae
1338 2775 1547 2829 mentis
1569 2775 1834 2830 inclinari
1854 2775 2167 2829 momentis
2183 2779 2282 2829 aut

630 2863 898 2934 obsequii
922 2863 1156 2917 obnoxii
1179 2868 1280 2918 aut
1304 2869 1768 2934 quazstuosarum
1797 2866 2112 2932 rationum,
2145 2864 2280 2919 vitio

627 2952 956 3023 imputabat
989 2953 1199 3007 animae
1235 2953 1396 3008 humi
1431 2954 1740 3024 reptantis,
1775 2970 1879 3008 nec
1913 2953 2180 3008 attollere
2221 2971 2282 3008 se

630 3047 776 3113 aptae
800 3058 981 3112 supra
1006 3058 1264 3097 massam
1291 3042 1441 3097 hanc
1465 3043 1632 3098 vilem
1661 3060 1870 3097 crassae
1892 3043 2280 3098 (.oncretionis

626 3130 685 3185 in
721 3130 1273 3203 contemplationem
1303 3132 1422 3202 sibi
1449 3148 1841 3204 congenerum
1875 3137 1931 3187 et
1961 3149 2022 3187 se
2071 3131 2276 3204 digna-

630 3237 760 3274 rum
797 3220 1060 3274 idearum
1095 3221 1415 3292 superioris
1464 3222 1724 3292 spharaz.
1778 3224 2059 3276 Caeterum
2112 3237 2172 3276 ut
2221 3222 2276 3276 in

2394 597 2481 650 καὶ
2568 600 3001 669 προϋπαντήσεις
3077 598 3164 651 καὶ
3244 596 3641 672 δουλοπρεπεῖς
3696 598 4052 660 καταστάσεις

2393 686 2482 739 καὶ
2542 683 2670 740 ἀλλ’
2730 685 2881 752 ἅττα,
2916 689 2996 747 οἷς
3058 683 3123 754 δὴ
3161 687 3427 760 χαίρομεν
3461 686 3757 760 ἄνθρωποι.
3802 687 3901 740 Καὶ
3929 693 4052 746 ταῖς

2399 773 2492 844 μὲν
2543 772 2710 844 ἕξεσιν
2767 774 2996 835 ἐκείναις
3057 775 3200 828 οὕτω
3279 772 3345 842 δὴ
3422 779 3730 846 τιμητικῶς
3785 776 3904 850 εἶχε
3961 777 4052 828 καί

2400 862 2828 936 ὑπερεθαύμαζε,
2888 859 3037 936 δῶρα
3093 868 3228 917 Θεοῦ
3283 863 3482 923 ταύτας
3541 862 3873 936 ἡγούμενος·
3928 869 4052 925 τοῖς

2396 947 2441 1003 δ’
2500 949 2714 1024 ἔχουσι,
2744 951 2924 1014 καθὼς
2956 949 3016 1004 ἂν
3071 955 3160 1004 καί
3210 946 3641 1022 κατελάμϐανεν,
3678 952 3845 1025 εἶχεν,
3879 953 3952 1013 ὡς
3988 953 4050 1006 οὐ

2393 1040 2592 1100 παντὸς
2621 1040 2910 1112 γινομένου
2939 1044 3035 1093 τοῦ
3070 1039 3370 1110 γινομένου
3418 1041 3554 1094 κατά
3585 1041 3712 1095 Θεὸν
3742 1041 3831 1093 καὶ
3860 1041 4050 1112 ἀξίως,

2395 1127 2522 1183 ἀλλ’
2579 1129 2748 1184 ἐνίοτε
2779 1130 2867 1183 καὶ
2899 1131 3014 1184 κατ’
3045 1128 3353 1201 ἄνθρωπον,
3385 1133 3854 1203 παραχωροῦντος
3890 1134 4050 1184 Θεοῦ.

2396 1222 2512 1288 Τὴν
2556 1225 2682 1294 γοῦν
2731 1219 2988 1289 τοιαύτην
3033 1217 3464 1290 δεισιδαιμονίαν
3511 1218 3592 1273 ἀεί
3647 1222 3769 1272 ποτ’
3814 1219 4055 1295 ἀποτρε-

2393 1310 2630 1381 πόμενος
2686 1307 2850 1378 ἔδειξε
2903 1310 2991 1363 καὶ
3045 1314 3126 1381 τῷ
3185 1310 3388 1384 Ἰωσὴφ
3443 1307 3567 1362 τότε
3620 1309 3718 1376 τὴν
3773 1305 3880 1380 ἕξιν
3917 1355 3932 1374 ,
3989 1309 4052 1363 οὐ

2393 1401 2725 1471 προθέμενος
2756 1397 2912 1450 αὐτὸν
2947 1398 3200 1467 ἀτιμοῦν,
3233 1394 3359 1449 ἀλλ’
3419 1396 3500 1450 ἔπ’
3528 1393 3660 1448 ⁸ίσων
3709 1402 3870 1448 πᾶσιν
3904 1393 4052 1470 ἔχειν

2392 1487 2491 1554 τὴν
2543 1487 2716 1560 κρίσιν
2775 1487 3120 1560 αἱρούμενος.
3159 1488 3240 1557 [Ρ.
3291 1487 3418 1557 233]
3465 1485 3624 1541 Οὕτω
3678 1486 3778 1557 γὰρ
3834 1485 3928 1538 καὶ
3985 1485 4050 1538 τὸ

2395 1576 2698 1651 φιλόσοφον
2730 1577 3044 1652 φιλοσόφως
3074 1573 3322 1647 ἐπλήρου
3353 1578 3430 1643 τῷ
3465 1576 3540 1645 μή
3565 1568 3863 1645 λαμϐάνειν
3884 1573 4054 1648 πρόσο

2395 1685 2516 1718 ωπα
2572 1665 2649 1726 εἷς
2699 1666 2799 1732 τὴν
2853 1664 3109 1733 τοιαύτην
3169 1664 3378 1735 κρίσιν,
3438 1664 3498 1725 ἣν
3557 1663 3646 1716 καὶ
3704 1664 3823 1725 καθ’
3880 1661 4044 1716 αὐτὸν

2393 1755 2628 1826 κέκρικε.
2682 1754 2833 1821 Πλὴν
2879 1754 3127 1813 κάκεῖνος
3157 1750 3314 1813 εἰδὼς
3365 1749 3652 1826 ἄνθρωπος
3711 1751 3784 1804 ὢν
3845 1751 3936 1804 καὶ
3985 1750 4049 1804 τὸ

2315 1881 2362 1943 Β
2394 1843 2572 1915 χρεὼν
2602 1839 3036 1915 λειτουργήσων,
3087 1839 3199 1894 ἐπεὶ
3250 1840 3315 1893 ut
3360 1841 3479 1902 καθ’
3527 1838 3685 1893 αὐτὸν
3729 1836 4048 1909 διαθέμενος

2457 1931 2464 1943 .
2662 1927 2769 1943 ,ειμι
2925 1927 3088 1943 ,ηρ
3443 1924 3622 1943 ,την
3779 1928 3824 1943 ,η
3921 1927 4005 1943 ,ς

2397 1931 2628 2003 χάρταις
2658 1927 2838 1983 ἐδίδου
2883 1931 2946 1982 τὸ
2994 1927 3276 2003 βούλημα,
3306 1961 3375 1970 -
3403 1928 3465 1981 τὸ
3516 1924 3560 1980 δ’
3587 1930 3650 1996 ἦν
3708 1928 3824 1981 καθ’
3875 1927 4048 1994 αὐτὴν

2393 2019 2493 2086 τὴν
2550 2019 2687 2090 μονή
2746 2017 2828 2072 ἀεί
2879 2037 3010 2072 ποτε
3059 2014 3366 2090 διαμένειν,
3432 2013 3598 2090 μηδὲν
3644 2015 3781 2069 κατά
3835 2011 4050 2088 μηδένα

2397 2242 2676 2297 nimirum
2712 2244 2838 2312 ejus
2870 2246 3228 2313 exaggerata:
3255 2241 3564 2311 cujusdam
3597 2243 3654 2294 et
3687 2239 3929 2294 modum
3955 2256 4052 2293 su-

2393 2348 2714 2402 pergres=a3
2745 2332 3041 2403 vulgarem
3079 2329 3463 2402 philosophiae
3487 2330 3633 2384 341
3663 2329 4051 2383 theorematis

2391 2421 2661 2477 irretorto
2713 2423 2900 2477 deﬁxa
2956 2427 3256 2492 suspectu,
3311 2421 3573 2490 adeoque
3627 2436 3694 2472 ex
3739 2418 4051 2473 altissimis

2393 2510 2680 2565 duntaxat
2701 2517 2937 2565 assueta
2961 2511 3289 2565 rationibus
3312 2509 3603 2565 estimare
3619 2507 4049 2574 reshumanas,

2393 2600 2649 2671 rigidum
2685 2601 3017 2654 sustinebat
3048 2599 3213 2653 illum
3245 2605 3302 2653 et
3331 2597 3728 2652 inﬁexibiliter
3779 2603 4043 2650 erectum

2392 2691 2461 2743 ab
2485 2690 2596 2744 ista
2619 2690 2948 2744 humilitate
2971 2688 3299 2743 ofﬁciorum
3325 2687 3652 2742 aulicorum
3678 2685 4044 2756 omninoque

2393 2796 2426 2833 a
2456 2780 2662 2848 quovis
2695 2786 2961 2849 respectu
2997 2779 3274 2842 materiae,
3326 2777 3546 2848 quippe
3595 2775 3696 2846 qui
3745 2775 4047 2829 abstracte

2391 2868 2629 2922 intuens
2679 2869 2834 2938 quod
2883 2868 3208 2939 optandum
3257 2870 3401 2932 erat,
3436 2865 3589 2935 quod
3626 2865 3844 2935 passim
3881 2869 4048 2933 opta-

2391 2958 2566 3012 batur
2596 2957 2936 3028 negligeret.
2972 2956 3133 3011 Unde
3166 2973 3280 3010 non
3325 2953 3668 3010 hominibus
3717 2953 3816 3008 sed
3866 2953 4048 3007 rebus

2390 3045 2674 3114 intentus,
2710 3045 2800 3099 bis
2833 3045 3071 3116 quidem
3105 3044 3374 3098 servabat
3423 3041 3897 3107 admirationem,
3951 3039 4046 3093 his

2391 3135 2779 3191 attentissime
2871 3132 3302 3189 considerantis
3384 3129 3843 3202 instupescebat,
3932 3129 4050 3184 alia

2390 3244 2488 3282 eas
2518 3227 2889 3281 veneratione
2922 3225 3361 3297 prosequendas
3393 3227 3660 3278 statuens
3709 3236 3880 3292 quam
3935 3220 4052 3274 ista

633 3309 754 3363 rivo
807 3314 1128 3380 proﬂuente
1176 3317 1293 3365 tam
1346 3317 1793 3365 momentaneus
1849 3315 1939 3365 est
1994 3310 2274 3366 transitus
2311 3311 2352 3377 C
2393 3317 2801 3387 superstitiose
2835 3314 3040 3370 sedula
3069 3313 3408 3369 commercii
3440 3309 3707 3376 humani,
3740 3326 3866 3380 que
3901 3325 4046 3363 con-

628 3400 1072 3455 succedentium
1121 3401 1368 3455 invicem
1421 3401 1738 3471 irrequieto
1791 3418 1968 3456 cursu
2023 3401 2279 3471 partium

625 3506 824 3560 aequae,
861 3497 922 3543 ut
956 3507 1125 3544 nemo
1161 3490 1249 3544 bis
1284 3491 1340 3543 in
1373 3491 1663 3554 eamdem,
1717 3492 1870 3562 quod
1923 3499 2071 3547 recte
2123 3493 2281 3546 dice-

623 3577 724 3631 bat
756 3576 1108 3645 Heraclitus,
1145 3578 1398 3648 digitum
1434 3578 1776 3633 immersum
1816 3581 2002 3650 possit
2036 3581 2280 3651 tingere,

622 3666 743 3721 imo
779 3685 847 3722 ne
879 3668 1059 3722 semel
1093 3669 1350 3738 quidem,
1388 3669 1437 3723 si
1473 3669 1704 3740 Cratle
1755 3670 2030 3737 creditur,
2085 3670 2282 3724 existi-

629 3757 810 3810 manti
838 3759 1069 3811 unicam
1100 3774 1333 3828 quoque
1358 3757 1696 3813 tiuctionem
1725 3759 1994 3829 pluribus
2023 3759 2280 3814 vicissim

630 3848 985 3917 respondere
1019 3848 1325 3918 particulis
1356 3865 1586 3920 semper
1617 3849 1864 3904 labentis
1899 3852 2086 3908 unde,
2140 3849 2281 3904 nihil

631 3954 846 3992 novum
880 3943 981 3991 aut
1013 3939 1381 4007 inopinatum
1412 3938 1591 3993 videri
1624 3939 1857 4003 debere,
1884 3940 1930 3992 si
1966 3941 2138 3994 rebus
2170 3939 2282 3993 hu-

631 4027 824 4080 manis
850 4026 1111 4080 instabili
1142 4043 1267 4081 sese
1291 4027 1572 4097 vertigine
1608 4027 2283 4098 volventibus,nullaque

625 4116 709 4170 vel
735 4118 804 4171 ad
834 4119 1001 4171 breve
1023 4117 1280 4187 spatium
1307 4117 1550 4172 immota
1575 4125 1974 4189 permanente,
2003 4119 2282 4172 Arsenius

623 4223 854 4279 quoque
889 4206 1008 4262 vice
1043 4224 1148 4261 sua
1183 4224 1392 4278 passus
1424 4213 1578 4262 esset
1606 4207 1907 4278 injuriam.
1957 4208 2126 4263 Porro
2180 4225 2282 4262 ne-

623 4297 946 4352 cessarium
983 4297 1038 4350 in
1075 4297 1194 4351 vita
1229 4314 1411 4350 unum
1447 4314 1594 4361 esse,
1640 4303 1835 4352 tenere
1887 4297 2147 4352 ofﬁcium
2201 4315 2276 4352 re-

625 4385 843 4458 ligiosae
882 4388 1109 4457 Deoque
1143 4387 1419 4454 subjecta:
1456 4386 1707 4455 mentis;
1744 4388 1800 4440 in
1837 4404 1949 4457 quo
1997 4389 2097 4458 qui
2152 4405 2280 4458 per-

625 4463 777 4532 stare
805 4476 954 4531 volet
977 4482 1031 4530 et
1053 4493 1120 4530 ex
1153 4477 1490 4547 praescripto
1521 4477 1759 4532 virtutis
1790 4477 1999 4543 vivere,
2033 4476 2282 4546 abjicere

625 4567 782 4620 hunc
815 4571 1079 4636 oporteat
1113 4583 1284 4619 curas
1322 4565 1654 4620 mortalium
1687 4573 2026 4631 eventuum,
2071 4574 2127 4620 et
2177 4584 2278 4620 an-

621 4657 732 4710 xiis
767 4656 981 4710 studiis
1013 4655 1260 4725 sapienti
1289 4671 1532 4709 casuum
1558 4656 1989 4710 occurrentium
2015 4656 2276 4722 neglectu
2313 4686 2356 4750 Β

620 4744 802 4802 semel
855 4744 1114 4816 defungi.
1168 4749 1300 4798 Haec
1349 4761 1481 4798 cum
1545 4743 1918 4815 peculiariter
1967 4743 2275 4798 familiaria

619 4835 732 4892 sibi
765 4836 1043 4905 dogmata
1075 4840 1197 4888 tum
1235 4833 1592 4889 Blemmidas
1622 4833 1881 4903 Josepho
1913 4851 2109 4889 coram
2162 4834 2271 4904 ipsi

619 4926 1024 4991 disseruisset,
1075 4924 1480 4993 comprobavit
1541 4924 1635 4978 illc
1699 4924 2111 4994 laudavitque;
2172 4940 2275 4978 nec

620 5021 846 5071 mutam
881 5016 954 5069 ab
988 5013 1088 5069 illo
1121 5019 1318 5068 tamen
1353 5015 1774 5069 assentationis
1810 5014 1990 5068 ullius
2041 5029 2274 5085 expres-

619 5107 692 5161 sit
755 5105 962 5161 vicem.
1015 5105 1169 5158 Adeo
1227 5104 1382 5158 enim
1445 5105 1516 5158 ab
1569 5104 1704 5158 huic
1751 5102 2048 5158 adulando
2093 5103 2278 5156 abfuit

619 5197 1000 5262 Blemmidas,
1025 5201 1086 5249 ut
1109 5210 1293 5264 neque
1317 5195 1384 5248 ad
1413 5211 1472 5248 se
1499 5194 1847 5248 invisentem
1877 5193 2271 5264 patriarcham

619 5285 849 5340 obviam
881 5303 910 5338 e
941 5283 1085 5337 cella
1119 5282 1347 5353 prodire
1376 5283 1741 5354 dignaretur,
1777 5300 1843 5338 ac
1889 5298 1959 5336 ne
2011 5283 2274 5354 ingresso

619 5375 858 5446 quidem
894 5381 950 5427 et
983 5375 1049 5427 ad
1088 5374 1388 5428 sedentem
1424 5374 1619 5444 ipsum
1671 5372 1933 5444 pergenti
1986 5389 2054 5426 ex
2104 5372 2275 5425 inter-

617 5463 770 5520 vallo
794 5469 1127 5534 assurgeret
1151 5469 1252 5517 aut
1282 5463 1462 5517 ullam
1497 5464 1740 5517 omnino
1775 5461 2069 5517 tralatitiae
2101 5461 2273 5515 istius

625 5553 978 5608 urbanitatis
1013 5552 1446 5607 venerationem
1477 5557 1706 5607 curaret
1738 5553 2038 5618 adhibere,
2073 5551 2274 5622 pusilli

623 5661 754 5700 esse
786 5649 962 5715 atque
1004 5645 1072 5697 ad
1120 5643 1458 5697 servitutem
1505 5643 1715 5713 abjecti
1766 5642 1943 5697 animi
1995 5647 2276 5712 reputans

623 5736 693 5792 ad
721 5733 1058 5805 hujusmodi
1085 5748 1215 5789 sese
1236 5733 1488 5806 aucupia
1518 5733 1716 5806 gratiae
1748 5733 2074 5789 demittere.
2113 5737 2275 5788 Mens

2387 3411 2505 3460 stat
2535 3403 2974 3474 exceptionibus
3008 3404 3076 3456 ad
3113 3401 3454 3457 blanditiam
3487 3398 3853 3470 compositis,
3899 3398 4042 3452 aﬂ'e-

2387 3501 2536 3549 ctata
2568 3493 2897 3548 renidentis
2929 3489 3576 3554 vultuum,occursibus
3609 3487 3893 3542 ofﬁciosis
3927 3503 4038 3542 ce-

2385 3592 2628 3654 teraque
2666 3582 2895 3638 servilis
2963 3581 3232 3651 obsequii
3305 3577 3667 3650 professione
3736 3574 4041 3642 simulata,

2387 3673 2589 3744 quales
2641 3688 2744 3727 nos
2797 3670 3204 3726 illusiunculas
3263 3668 3511 3723 invicem
3562 3671 3929 3722 commutare
3981 3665 4043 3718 in

2389 3761 2812 3818 consuetudine
2838 3761 2966 3814 vitae
2990 3761 3225 3814 urbana":
3250 3757 3520 3812 homines
3553 3756 3900 3826 gaudemus.
3938 3753 4040 3809 Ille

2388 3859 2586 3907 autem
2622 3851 2856 3906 habitus
2889 3850 3126 3920 quidem
3161 3849 3304 3903 istos
3329 3864 3360 3900 a
3383 3846 3752 3902 concretione
3786 3842 4047 3898 materiae

2388 3943 2688 4012 sejunctos
2721 3941 2880 4011 (nam
2914 3939 3020 3993 hos
3053 3938 3137 3992 sic
3189 3937 3343 3991 nude
3391 3933 3716 4006 spectabat)
3769 3938 3828 3988 et
3876 3947 4053 3986 vene-

2389 4031 2612 4085 ratione
2639 4030 3106 4100 prosequebatur
3138 4041 3350 4096 magna
3378 4030 3434 4079 et
3464 4039 3642 4094 supra
3674 4022 3915 4076 modum
3950 4021 4055 4074 ad-

2391 4121 2736 4182 mirabatur,
2771 4119 2924 4173 dona
2957 4117 3052 4171 Dei
3088 4116 3219 4170 illos
3251 4119 3552 4185 reputans.
3605 4112 3714 4166 Eos
3764 4126 3935 4181 porro
3982 4109 4045 4163 in

2389 4209 2606 4279 quibus
2638 4213 3038 4273 cernerentur,
3087 4222 3190 4276 pro
3241 4205 3413 4258 modo
3461 4218 3578 4272 quo
3624 4217 3720 4256 eos
3769 4201 3843 4254 ab
3895 4197 4050 4270 ipsis

2390 4299 2789 4353 arbitrabatur
2843 4296 3179 4367 participari
3240 4293 3552 4359 tractabat,
3607 4290 3690 4344 sic
3752 4289 3905 4359 apud
3976 4305 4045 4344 se

2387 4394 2679 4456 statuens,
2712 4404 2825 4442 non
2861 4402 3023 4456 isque
3053 4399 3277 4450 omnes,
3313 4382 3528 4453 quibus
3575 4380 3855 4444 inessent,
3912 4377 4052 4432 illos

2388 4478 2717 4533 secundum
2743 4482 2925 4531 Deum
2953 4475 3127 4545 digne
3164 4470 3589 4542 possidere,sed
3627 4467 3915 4540 quosdam
3953 4468 4046 4520 in-

2389 4569 2616 4622 terdum
2687 4565 3012 4620 secundum
3077 4563 3397 4624 hominem,
3460 4560 3574 4614 Deo
3645 4558 4051 4628 permittente.

2389 4658 2566 4713 Usum
2601 4672 2768 4727 porro
2797 4655 2975 4708 istum
3029 4669 3204 4706 suum
3255 4656 3312 4705 et
3361 4664 3583 4704 morem
3636 4647 3818 4701 libere
3865 4645 4053 4698 omit-

2388 4745 2549 4801 tendi
2581 4743 3054 4815 superstitionem
3090 4742 3263 4795 istam
3300 4738 3619 4811 quamdam
3655 4751 4048 4806 personarum

2387 4835 2558 4890 anxia
2590 4833 2902 4888 sedulitate
2932 4830 3394 4885 venerandarum
3428 4826 3604 4882 etiam
3639 4830 3779 4878 tunc
3832 4823 3890 4876 in
3942 4822 4054 4877 Jo-

2386 4925 2567 4995 sepbo
2613 4923 2821 4990 tenuit,
2859 4937 2970 4974 non
3005 4935 3136 4974 eum
3171 4917 3465 4989 praecipue
3497 4920 3904 4975 contemnens,
3940 4913 4047 4967 sed

2385 5014 2782 5083 exceptionem
2819 5028 2850 5064 a
2883 5025 2990 5063 suo
3024 5006 3334 5062 universali
3363 5003 3588 5072 judicio
3621 5007 3678 5056 et
3709 5000 3882 5055 modo
3930 4999 4050 5054 sibi

2386 5104 2618 5175 praeﬁxo
2647 5118 2776 5156 cum
2814 5099 3091 5153 omnibus
3123 5096 3329 5167 agendi
3364 5095 3421 5148 in
3455 5093 3636 5162 hujus
3678 5090 3854 5145 unius
3906 5104 4050 5159 gra-

2383 5195 2524 5248 tiam
2577 5192 2688 5245 sibi
2737 5207 2849 5243 non
2911 5187 3238 5243 taciendam
3300 5200 3569 5239 censens.
3622 5181 3707 5235 Ita
3764 5179 3922 5234 enim
3983 5193 4052 5232 se

2385 5281 2790 5356 philosophice
2825 5278 3069 5348 obsequi
3104 5275 3346 5348 putabat
3397 5272 3739 5346 praescripto
3789 5267 3870 5322 illi
3923 5283 4052 5323 sua:

2386 5371 2766 5446 philosophiae
2785 5369 3016 5440 jubenti
3036 5384 3149 5421 non
3168 5367 3479 5420 admittere
3495 5361 3680 5416 ullum
3707 5363 4046 5429 respectum

2385 5461 2776 5533 Singularium
2815 5473 3197 5530 personarum
3231 5456 3286 5509 in
3313 5455 3538 5525 judicio
3571 5452 3640 5504 de
3673 5449 4052 5514 rebus,nude

2385 5569 2450 5607 ac
2483 5567 2636 5605 mere
2671 5557 2735 5604 ut
2767 5553 2908 5603 sunt
2958 5548 3029 5600 ab
3079 5563 3165 5613 eo,
3220 5549 3284 5597 ut
3341 5544 3562 5598 dictum
3626 5544 3734 5603 est,
3787 5537 4048 5608 spectari

2385 5641 2781 5710 aestimarique
2813 5636 3021 5693 solitis.
3071 5636 3354 5690 Caeterum
3400 5633 3488 5688 vir
3538 5631 3630 5686 hic
3679 5627 3818 5683 talis
3866 5643 4048 5698 repu-

2387 5737 2518 5790 tans
2549 5748 2608 5788 se
2653 5728 2977 5799 hominem,
3027 5730 3084 5783 et
3133 5739 3446 5781 commune
3500 5725 3722 5778 natura:
3773 5717 4043 5774 debitum
