4212 6442
166 366 269 422 193

1219 370 1317 425 DE
1354 369 1727 426 MICHABLE
1763 368 2209 428 PALBOLOGO
2242 373 2376 427 LIB.
2416 372 2486 424 V.

3451 368 3555 423 794

164 489 358 563 τρόπον
426 489 797 545 ὗποπεσοῦσαν
856 490 1031 565 ἑτέρᾳ,
1087 489 1177 545 καὶ
1218 491 1353 562 ἅπερ
1385 493 1533 565 εἶχεν
1564 490 1623 545 έκ
1651 491 1801 563 βασι-
1831 495 1884 559 Α
1916 491 2096 566 Θρᾴκῃ
2129 493 2423 567 ἀνακωχὴ)
2481 496 2747 567 γενέσθαι,
2807 491 2891 560 ἐηὶ
2949 490 3093 546 πολὺ
3153 488 3556 563 δαπανωμένων

166 576 299 632 λέων
332 576 820 655 φιλοφρονήματα,
852 579 926 640 ὡς
954 581 1365 651 συμποσοῦσθαι
1413 580 1475 633 τὸ
1531 585 1633 633 πᾶν
1692 582 1799 633 τῶν

164 668 511 739 νομισμάτων
572 667 650 728 εἷς
708 668 895 723 ἑκατὸν
956 666 1159 740 λιτρῶν
1216 667 1475 741 ἀριθμὸν,
1526 668 1615 722 καὶ
1670 666 1803 722 αὐτά

161 758 225 828 τῇ
287 760 431 829 μονῇ
483 760 579 810 τοῦ
636 751 790 817 ὄντος
843 760 979 811 Θεοῦ
1028 760 1131 828 (τῷ
1181 758 1283 831 γάρ
1317 754 1430 811 ὄντι
1478 758 1682 829 κυρίως
1710 757 1797 810 καὶ

162 846 564 920 προσανέκειτο)
640 844 971 920 ἀναφαίρετα
1045 843 1439 919 διατηρηθέντα
1510 845 1587 907 εἷς
1648 864 1800 919 περι-

160 933 379 1003 ποίησίν
416 955 475 988 τε
530 935 619 988 καὶ
676 935 775 1001 τήν
826 939 934 988 τῶν
966 932 1355 1006 έλλειμμάτων
1402 932 1802 1008 ἀποπλήρωσιν

162 1024 313 1079 εἶναι.
370 1022 469 1077 Τὸν
521 1020 577 1077 δὲ
630 1026 876 1077 τοιοῦτον
933 1026 1040 1076 τῶν
1099 1023 1553 1095 ἀποτεταγμὲνων
1587 1023 1797 1096 χάρτην

155 1111 239 1165 καὶ
311 1109 470 1165 αὐτὸν
537 1110 693 1182 ἠξίου
747 1111 838 1165 τὸν
900 1110 1245 1185 πατριάρχην
1309 1111 1798 1182 ὑποσημαίνεσθαι,

156 1199 238 1253 καί
266 1220 328 1273 γε
363 1198 586 1272 βασιλέα
625 1198 913 1275 ἐπικυροῦν
971 1198 1217 1275 λιπαρῶς
1262 1199 1486 1271 ἀξιῶσαι
1534 1200 1668 1275 πρὸς
1698 1199 1796 1266 τὴν

154 1286 312 1342 πόλιν
368 1288 752 1346 έπανελθόντα.
812 1288 910 1343 Καὶ
964 1289 1184 1363 γέγονεν
1244 1288 1411 1355 οὕτω,
1468 1286 1562 1342 κᾶν
1594 1290 1796 1343 ἀποθα-

154 1375 334 1440 νόντος
385 1376 613 1448 ἑκείνου,
673 1378 937 1448 ὀστράκου
996 1378 1123 1449 φασὶ
1186 1376 1622 1449 μεταπεσόντος,
1680 1377 1795 1431 ἀνε-

156 1459 429 1537 λάμϐανόν
485 1486 544 1520 τε
599 1466 693 1527 τὰς
750 1464 1106 1540 ἐπικυρώσεις
1160 1466 1249 1521 καὶ
1306 1467 1373 1520 τὰ
1403 1464 1797 1539 διατεταγμένα

155 1552 386 1623 διέλυον,
445 1557 519 1618 ὡς
566 1557 634 1611 τά
693 1557 786 1627 μὲν
844 1556 1158 1629 νομίσματα
1213 1560 1281 1629 τῇ
1340 1555 1570 1630 Μεγάλῃ
1598 1556 1798 1627 ταυτηῗ

150 1642 410 1715 έκκλησίᾳ
466 1652 929 1716 προσανατεθῆναι
990 1645 1066 1707 εἰς
1126 1644 1476 1720 περιποίησιν
1510 1688 1524 1713 ,
1578 1647 1678 1714 τήν
1738 1643 1794 1700 δὲ

154 1733 318 1803 μονὴν
350 1733 560 1802 ἐκείνην
618 1732 687 1806 τῇ
718 1737 814 1787 τοῦ
845 1732 1120 1803 Γαλησίου
1156 1737 1297 1806 μονῇ
1344 1733 1669 1802 ὑποτεθῆναι
1718 1733 1793 1795 είς

1906 584 2014 635 τῶν
2070 583 2479 655 στρατευμάτων
2539 588 2655 644 τοῖς
2713 581 2961 655 συνεχέσι
2992 574 3284 651 πολέμοις,
3337 580 3552 651 πέμψας

1909 665 2395 744 διαπρεσϐεύεται,
2466 669 2899 743 ὑπισχνούμενος
2976 669 3049 729 εἰς
3126 665 3293 736 κῆδος
3365 668 3553 739 ἐκείνῳ

1908 756 2091 813 δοῦναι
2150 762 2238 813 καὶ
2268 762 2365 829 τὴν
2417 756 2713 835 ἀδελφιδῆν
2769 756 2958 811 ἑαυτοῦ
3015 756 3223 830 Μαρίαν
3286 758 3383 822 τήν
3444 763 3548 810 τῶν

1908 846 2208 922 θυγατέρων
2240 855 2338 917 τῆς
2374 847 2639 921 Εὐλογίας
2683 845 2955 921 δευτέραν,
3079 843 3143 912 δὴ
3207 846 3434 915 συνῴκει
3490 847 3551 899 τὸ

1904 937 2168 1009 πρότερον
2221 938 2249 990 6
2306 935 2483 1005 Φιλῆς
2546 933 2790 1005 Ἀλέξιος
2850 934 2944 989 καὶ
3002 934 3167 1007 μέγας
3211 931 3552 1005 δομέστικος.

1906 1025 2005 1080 Καὶ
2067 1022 2133 1092 δὴ
2184 1028 2289 1079 τῶν
2341 1027 2516 1099 ὅρκων
2568 1019 2885 1099 προϐάντων
2941 1023 3013 1083 ὡς
3072 1018 3548 1094 συλλαμῧάνεσοαι

1904 1112 2116 1173 τούτοις
2184 1113 2271 1166 καὶ
2352 1107 2729 1187 Μεσὲμϐρειαν
2805 1111 2893 1165 καὶ
2968 1110 3269 1185 Ἀγχίαλον
3322 1110 3555 1181 (ἐκείνου

1905 1200 2003 1277 γάρ
2040 1201 2203 1265 οὗσας
2254 1207 2544 1276 κατασχεῖν
2602 1196 2849 1276 βασιλέα,
2898 1200 2984 1253 καὶ
3037 1200 3184 1259 αὖθις
3228 1199 3371 1267 ἀξιον
3423 1199 3554 1252 εἶναι

1903 1291 1993 1345 τὸν
2049 1294 2173 1365 πρὶν
2231 1287 2431 1365 ἔχοντα
2489 1286 2785 1363 λαμϐάνειν
2848 1288 3008 1349 αὐτάς
3063 1287 3151 1341 ἐπὶ
3201 1292 3278 1359 τῷ
3328 1309 3553 1361 γενησο-

1908 1378 2054 1451 μένῳ
2110 1380 2184 1441 ὼς
2242 1386 2444 1454 προῖκα
2492 1376 2671 1449 κήδει)
2702 1380 2729 1433 6
2783 1380 2876 1450 μὲν
2932 1375 3186 1451 βασιλεὺς
3227 1377 3296 1430 τά
3330 1378 3423 1449 μὲν
3456 1381 3551 1429 τοῦ

1902 1466 2103 1537 κήδους
2131 1467 2377 1543 ἐπλήρου
2418 1470 2493 1532 ὡς
2542 1467 2661 1523 λίαν
2722 1467 3030 1543 φιλοτίμως
3081 1468 3169 1519 καὶ
3228 1464 3548 1539 βασιλικῶς.

1904 1558 2159 1627 Συνεξήει
2218 1558 2320 1631 γὰρ
2385 1562 2454 1631 τῇ
2516 1557 3008 1634 νυμφευθησομένῃ
3069 1554 3229 1615 αὐτὸς
3292 1552 3546 1628 βασιλεὺς

1899 1646 1989 1699 καὶ
2048 1646 2075 1699 6
2125 1646 2491 1722 πατριάρχης,
2550 1646 2648 1700 κάν
2700 1640 2983 1718 Σηλυϐρίᾳ
3012 1642 3316 1719 γενόμενοι,
3374 1641 3546 1696 ἐκεῖσε

1902 1731 2257 1796 δεσποινικῶς
2316 1736 2842 1808 μετασκευασάμενοι
2892 1735 2992 1801 τὴν
3050 1732 3124 1793 εἷς
3176 1730 3355 1806 γάμον
3400 1753 3540 1804 πεμ-

155 1822 431 1911 μιτόχιον.
490 1828 548 1879 Ὀ
606 1826 759 1911 γοῦν,
795 1823 1062 1911 ἱεράρχης
1093 1823 1292 1911 Ἰωσὴφ
1322 1825 1391 1895 τῇ
1441 1821 1680 1896 ἀνατολῇ
1713 1822 1794 1900 ἐφ’
1822 1845 1870 1911 Β
1900 1823 2141 1911 πομένην
2202 1828 2280 1895 τῷ
2339 1822 2747 1895 Κωνσταντίνῳ,
2780 1820 2988 1911 ἐκείνην
3027 1822 3119 1911 μὲν
3157 1819 3259 1911 ὑπὸ
3312 1820 3544 1894 πλείστῃ

150 1910 322 1965 ἱκανὸν
352 1907 637 1986 διατρίψας
670 1910 989 1987 ὑπέστρεφεν
1020 1910 1097 1972 εἷς
1130 1910 1442 1980 Βυζάντιον.

147 2053 206 2127 γ’·
235 2054 421 2115 ὀπως
442 2057 525 2128 xci:
557 2050 891 2128 Βουλγάρφν
928 2051 1151 2128 βαῖιλεῖ
1180 2052 1569 2128 Κων-στὲντίνῳ
1622 2056 1656 2123 ἡ
1687 2060 1787 2124 τῆς

392 2122 665 2200 Εὗλογίας
700 2122 938 2200 θυγάτηρ
978 2125 1055 2187 εἷς
1086 2126 1264 2200 γάμον
1290 2122 1537 2211 ἱέξεδόθη.

213 2269 294 2340 [Ρ.
491 2267 588 2322 Καὶ
623 2268 757 2340 μετά
806 2268 999 2343 μικρὸν
1030 2275 1130 2337 τῆς
1156 2272 1251 2323 τοῦ
1304 2266 1572 2343 βασιλέως
1603 2266 1788 2324 Βουλ-

147 2355 317 2433 γάρων
379 2356 789 2413 Κωνσταντίνου
846 2357 1077 2432 συζύγου
1132 2357 1372 2431 Εἰρήνης
1448 2353 1785 2429 μεταλλαξά-

149 2466 260 2516 σης,
290 2446 369 2508 εἰς
402 2444 634 2508 σπονδάς
659 2448 686 2502 6
735 2450 948 2521 κρατῶν
995 2445 1194 2502 ἐκεῖνον
1256 2444 1428 2511 θέλων
1464 2444 1677 2516 συνᾶξαι
1735 2447 1788 2511 ἐς

150 2533 177 2588 δ
225 2541 342 2597 τοῖς
402 2535 540 2590 κατά
593 2536 686 2590 τὸν
741 2538 919 2609 Αἷμον
952 2535 1040 2591 καὶ
1071 2535 1207 2611 αὐτῇ
1238 2556 1303 2612 γε
1337 2532 1649 2606 Μακεδονίᾳ
1696 2536 1785 2590 καὶ

153 2769 210 2810 se
236 2753 568 2810 soluturum
609 2754 827 2822 sciens,
855 2757 1211 2810 testamento
1268 2753 1502 2810 condito
1548 2754 1619 2808 de
1665 2752 1791 2809 suis

152 2842 316 2900 rebus
342 2843 550 2899 statuit
579 2844 638 2899 in
669 2843 826 2900 hunc
859 2844 1115 2899 modum.
1159 2842 1602 2913 Monasterium,
1634 2843 1788 2899 342

150 2931 203 2987 in
248 2949 362 3005 quo
408 2933 653 3005 degebat
678 2937 736 2989 et
767 2948 1135 3005 perseverare
1173 2947 1408 3003 semper
1437 2933 1788 2997 decreverat,

150 3021 227 3078 sic
278 3027 340 3077 ut
389 3027 530 3078 tunc
577 3028 721 3090 erat,
769 3038 1004 3078 manere
1058 3036 1291 3093 semper
1333 3020 1609 3088 liberum,
1643 3021 1789 3076 nulli

154 3127 402 3183 unquam
457 3111 889 3183 subjiciendum
940 3110 1126 3177 alteri,
1170 3110 1437 3182 jubebat.
1470 3111 1632 3176 Quod
1683 3127 1789 3165 au-

1900 1910 2198 1989 δορυφορίᾳ
2243 1914 2382 1985 πρὸς
2430 1912 2633 1967 ἐκεῖνον
2684 1910 2949 1981 ἀπέλυον,
3010 1910 3161 1963 αὐτοὶ
3208 1907 3253 1963 δ’
3290 1910 3547 1981 ὑπὲστρε·

1898 2022 2018 2079 φον.
2056 2003 2245 2059 Καὶτά
2278 2003 2372 2074 μὶν
2421 2006 2517 2056 τοῦ
2565 1998 2767 2071 κήδους
2829 2000 3002 2060 οὕτως
3035 1999 3062 2053 ὀ
3120 1998 3379 2073 βασιλεὺς
3438 1997 3552 2067 ἐξε-

1896 2090 2141 2165 πλήρου,
2198 2091 2265 2145 τά
2297 2088 2353 2144 δὲ
2382 2090 2505 2164 περί
2536 2090 2630 2152 τὰς
2662 2089 2853 2151 πόλεις
2886 2083 3243 2155 ἀνεϐάλλετο,
3293 2092 3413 2148 ταῖς
3452 2090 3544 2159 μὲν

1898 2177 2179 2250 ἀληθείαις
2258 2177 2415 2241 εἰδὼς
2497 2178 2738 2234 ἐντεῦθεν
2818 2175 3363 2251 παραιρεθησομὲνην
3446 2178 3545 2243 τήν

1896 2266 2177 2342 Ῥωμαίδα
2231 2269 2300 2322 τά
2343 2268 2622 2343 κράτιστα,
2675 2272 2753 2338 τῷ
2784 2264 2841 2321 δὲ
2899 2266 3289 2337 Κωνσταντίνῳ
3336 2265 3548 2341 προφά-

1898 2377 2008 2419 σεις
2065 2357 2360 2413 ἐπλάττετο
2421 2360 2673 2424 πιθανὰς,
2709 2354 2882 2419 ἄλλας
2936 2376 2993 2409 τε
3048 2356 3135 2409 καὶ
3193 2356 3256 2408 τὸ
3291 2353 3538 2429 μήἕχεῖν

1898 2445 2087 2508 ένθέως
2118 2444 2325 2516 δοῦναι,
2364 2449 2437 2520 μή
2500 2452 2607 2501 τῶν
2636 2447 2869 2501 ἐποίκων
2920 2442 3370 2519 καταδεχομένων
3431 2446 3536 2497 τῶν

1895 2534 2155 2592 πόλεωνο
2215 2537 2521 2609 Ῥωμανίας
2586 2535 2690 2610 γὰρ
2767 2540 2902 2589 εἶναι
2967 2535 3128 2608 μέρος
3188 2531 3395 2595 ὲκείνας
3453 2532 3548 2587 καὶ

1900 2756 2059 2809 rator
2088 2754 2381 2810 devincire
2412 2753 2524 2810 sibi
2556 2752 2797 2809 ﬁrmiori
2848 2748 3047 2825 aliquo
3094 2749 3350 2821 vinculo,
3377 2754 3434 2805 et
3464 2748 3550 2807 sic

1900 2844 2237 2916 regionibus
2291 2845 2484 2899 Haemo
2534 2843 2838 2915 subjectis,
2868 2842 2954 2897 uti
2985 2840 3159 2897 etiam
3200 2839 3547 2895 Macedoniae

1899 2950 1964 2990 ac
2006 2934 2287 3006 Thracias,
2319 2950 2519 3006 pacem
2561 2950 2625 2989 ac
2672 2932 2931 3004 quietem
2981 2946 3258 3000 asserere,
3291 2929 3443 3000 quod
3476 2945 3542 2984 eo

1897 3028 2040 3080 tunc
2086 3025 2273 3097 magis
2324 3023 2478 3079 factu
2525 3023 2916 3080 necessarium
2973 3021 3236 3094 putabat,
3264 3018 3414 3090 quia
3458 3021 3547 3074 tot

1898 3112 2190 3171 continuis
2218 3112 2689 3186 expeditionibus
2717 3128 2784 3168 ac
2814 3110 2983 3167 bellis
3015 3126 3228 3182 magna
3249 3109 3375 3180 jam
3408 3124 3546 3180 pars

151 3182 259 3257 tem
318 3182 582 3273 pecuniae
636 3201 974 3273 possidebat
1004 3199 1311 3272 largitione
1341 3199 1784 3273 imperatorum,
1817 3182 1859 3250 (ἶ
1900 3203 2173 3259 Romanae
2209 3182 2428 3258 militiae
2460 3202 2776 3275 absumpta
2808 3203 3014 3267 fuerat,
3047 3199 3249 3254 missis
3297 3214 3431 3253 eum
3466 3196 3545 3253 le-

152 3296 378 3347 centum
424 3291 709 3347 librarum
757 3307 1055 3347 summam
1087 3291 1424 3359 conﬁciens,
1458 3290 1567 3346 hoc
1597 3295 1785 3346 totum

153 3384 498 3438 monasterio
558 3382 746 3438 eidem
805 3381 921 3437 Deo
984 3381 1083 3453 qui
1137 3386 1225 3438 est
1271 3398 1436 3437 sacro
1477 3385 1635 3451 (nam
1668 3381 1787 3436 haec

151 3478 268 3527 erat
291 3471 612 3543 peculiaris
641 3472 771 3542 ejus
803 3471 1014 3527 domus
1072 3472 1453 3543 nuncupatio)
1488 3471 1787 3543 proprium

150 3562 355 3617 servari
409 3564 875 3633 perpetuumque
919 3560 1162 3617 attribui
1211 3561 1532 3617 mandabat
1563 3563 1622 3616 in
1654 3561 1786 3617 fun-

150 3650 392 3707 dationis
408 3655 796 3723 augmentum
818 3654 921 3706 aut
941 3652 1414 3723 supplementum
1433 3651 1787 3707 amissorum

148 3739 224 3795 vel
278 3741 490 3813 quovis
546 3740 717 3796 modo
769 3756 981 3795 casuve
1033 3738 1453 3796 deﬁcientium.
1488 3740 1565 3797 Iis
1614 3757 1786 3812 porro

147 3828 350 3885 tabulis
400 3845 697 3901 suprema
744 3846 862 3884 suae
916 3829 1159 3885 testibus
1200 3829 1535 3896 voluntatis,
1568 3831 1787 3901 quibus

150 3915 250 3973 ista
262 3919 725 3986 commendarat,
749 3917 1119 3974 subscribere
1142 3918 1539 3990 patriarcham
1561 3919 1782 3989 voluit;

149 4004 589 4080 impetravitque
612 4007 684 4063 ab
714 4008 918 4063 eodem
939 4014 1006 4063 ut
1026 4023 1160 4063 cum
1194 4024 1461 4064 reversus
1486 4009 1544 4063 in
1579 4009 1783 4064 urbem

150 4107 308 4163 esset,
332 4102 571 4153 curaret
599 4097 835 4153 eaedem
867 4101 1024 4153 ratas
1073 4096 1275 4153 haberi
1305 4098 1378 4153 ab
1413 4098 1781 4170 imperatore,

149 4185 397 4258 etipsius
428 4186 775 4243 auctoritate
796 4186 867 4241 ad
891 4191 1170 4257 quantam
1204 4192 1443 4259 possent
1474 4187 1785 4244 maximam

150 4273 476 4331 firmitatem
535 4275 818 4330 roborari.
852 4275 1013 4341 Quod
1065 4280 1123 4331 et
1172 4275 1388 4332 factum
1440 4280 1548 4343 est,
1576 4276 1784 4349 exiguo

149 4362 369 4434 quidem
401 4380 597 4435 operae
628 4364 836 4435 pretio.
859 4364 1005 4419 Nam
1039 4364 1367 4420 Blemmida
1396 4365 1609 4422 deinde
1629 4383 1782 4421 mor-

146 4456 255 4521 tuo,
277 4453 513 4510 cunctis
544 4452 663 4510 illis
696 4454 1003 4525 promissis
1025 4459 1083 4510 et
1102 4456 1341 4526 spebus,
1365 4454 1523 4512 velut
1551 4459 1780 4528 tegulae,

1901 3294 2054 3367 gatis
2076 3294 2146 3349 ad
2171 3293 2357 3348 foedus
2380 3292 2663 3359 invitavit,
2697 3291 2978 3364 pollicens
2997 3291 3150 3346 343
3178 3290 3233 3343 in
3259 3303 3541 3360 sponsam

1902 3400 1964 3439 se
1996 3382 2075 3437 illi
2110 3384 2389 3437 daturum
2423 3381 2719 3454 propriam
2752 3378 3281 3453 neptem,Eulogiaa
3306 3393 3426 3431 sure
3454 3392 3548 3430 so-

1900 3472 2048 3529 roris
2118 3471 2301 3528 ﬁliam
2376 3472 2634 3528 secundo
2710 3471 2963 3543 genitam
3042 3469 3307 3535 Mariam,
3370 3482 3545 3538 quam

1898 3562 2062 3634 prius
2088 3562 2147 3617 in
2182 3561 2557 3617 matrimonio
2614 3561 2898 3616 habuerat
2929 3559 3123 3615 Philes
3153 3558 3386 3614 Alexius
3420 3574 3543 3611 ma-

1899 3669 2051 3726 gnus
2083 3653 2463 3708 domesticus.
2489 3651 2800 3719 Processit,
2831 3648 3215 3707 Constantino
3246 3652 3545 3703 annuente

1897 3746 2184 3799 tractatus
2232 3756 2416 3813 usque
2450 3741 2521 3796 ad
2554 3741 2995 3796 conventionem
3047 3738 3278 3793 foederis
3328 3734 3538 3791 sanciti

1890 3832 2266 3905 juramentis,
2286 3848 2411 3904 quae
2430 3829 2703 3886 distincte
2719 3829 3278 3901 comprehenderent
3298 3828 3546 3883 Mesem-

1898 3924 2096 3980 bream
2110 3920 2540 3989 etAnchialum,
2557 3920 2626 3976 ad
2644 3917 3012 3978 Constantini
3039 3918 3240 3989 utique
3263 3919 3542 3977 ditionem

1897 4013 2257 4086 pertinentes
2292 4011 2490 4080 urbes,
2523 4011 2624 4066 sed
2652 4010 2937 4065 hactenus
2984 4014 3299 4079 occupatas
3331 4011 3403 4065 ab
3436 4012 3547 4067 im-

1897 4108 2185 4176 peratore,
2243 4118 2391 4173 quas
2449 4100 2712 4172 utrisque
2769 4104 2895 4155 tum
2942 4099 3132 4154 visum
3176 4104 3266 4155 est
3312 4117 3543 4171 aquum

1896 4208 2022 4249 esse
2071 4193 2225 4248 bona
2272 4191 2384 4246 ﬁde
2434 4189 2597 4245 reddi
2630 4188 2869 4260 antiquo
2905 4187 3229 4261 possessori
3260 4192 3317 4243 et
3346 4189 3541 4261 impu-

1894 4283 2005 4339 tari
2032 4283 2093 4337 in
2127 4286 2352 4354 partem
2398 4279 2549 4335 dotis
2598 4295 2753 4334 novae
2804 4294 3053 4350 sponsae.
3089 4276 3190 4332 His
3235 4276 3372 4333 hinc
3404 4295 3541 4349 pro-

1895 4372 2118 4440 missis,
2152 4371 2312 4427 illinc
2369 4367 2693 4442 stipulatis,
2750 4369 3068 4439 imperator
3126 4367 3538 4424 deductionem

1895 4479 2124 4536 sponsa
2156 4461 2463 4517 ambitiose
2485 4476 2552 4516 ac
2573 4460 2735 4530 regia
2756 4457 2925 4530 plane
2957 4473 3173 4529 pompa
3204 4456 3541 4527 celebravit,

144 4543 277 4611 quod
308 4544 506 4608 aiunt,
538 4542 884 4613 interlapsu,
918 4542 978 4599 in
1010 4542 1243 4599 irritum
1276 4545 1778 4613 evanescentibus,
1812 4560 1858 4626 Β
1891 4555 2016 4625 ipse
2068 4550 2535 4625 proﬁciscentem
2569 4548 2873 4604 mulierem
2904 4562 3035 4601 cum
3071 4545 3406 4617 patriarcha
3434 4563 3536 4603 οο-

146 4633 448 4690 rescissum
504 4633 562 4689 id
618 4639 881 4690 revocata
932 4636 1375 4692 conﬁrmatione
1431 4641 1487 4692 et
1542 4652 1778 4694 cassum

146 4721 329 4778 effectu
361 4728 789 4780 testamentum
823 4723 953 4780 fuit.
988 4729 1071 4781 Ac
1101 4725 1353 4796 pecunia
1384 4726 1624 4798 quidem
1656 4743 1782 4784 ma-

148 4824 256 4882 gnae
299 4814 439 4871 huic
492 4814 753 4871 ecclesia)
803 4814 861 4870 in
910 4816 1065 4872 dotis
1113 4817 1440 4873 auctarium
1503 4818 1785 4874 attributa

149 4906 243 4968 est,
274 4903 707 4960 monasterium
731 4920 889 4973 vero,
912 4905 1005 4960 cui
1037 4908 1158 4962 tam
1211 4905 1458 4963 sollicite
1506 4906 1781 4964 Blemmi-

147 4988 237 5046 das
252 4998 503 5061 caverat,
520 4992 737 5049 Galesii
762 4995 1097 5050 monasterii
1112 4996 1371 5052 dominio
1387 4996 1782 5068 suppositum,

147 5093 205 5134 ex
223 5098 285 5138 eo
309 5084 568 5156 pendere
599 5084 771 5156 eique
792 5086 1329 5158 inservirejussum
1355 5093 1464 5144 est.
1494 5088 1781 5145 Ceterum

143 5168 411 5244 Iosephus
468 5190 577 5247 per
635 5174 793 5231 hunc
842 5177 1107 5246 modum,
1158 5176 1461 5250 aliquanto
1521 5183 1780 5251 tempore

148 5267 387 5319 moratus
418 5264 481 5320 in
517 5264 769 5335 Oriente,
802 5265 1369 5339 Constantinopolim
1401 5268 1655 5325 revertit.

146 5399 189 5453 3.
222 5403 280 5459 Ut
331 5408 450 5477 regi
505 5405 876 5484 Bulgqrorjum
938 5409 1318 5484 Constantino
1351 5411 1472 5480 ﬁlia
1527 5411 1781 5484 Eulogiae

535 5480 728 5534 Maria
756 5478 816 5534 in
847 5496 1081 5537 uxorem
1108 5482 1238 5537 data
1268 5478 1366 5539 sit;

207 5617 320 5677 Non
369 5622 568 5678 multo
600 5625 734 5694 post
765 5624 917 5694 regis
973 5623 1357 5697 Bulgarorum
1411 5627 1779 5685 Constantini

150 5707 371 5785 conjuge
400 5710 573 5774 Irene
604 5715 859 5787 mortua,
890 5714 1135 5775 studens
1164 5714 1346 5775 istum
1372 5733 1570 5791 regem
1600 5719 1779 5793 impe-

1891 4643 2135 4699 mitatus
2165 4639 2483 4712 Selyhriam
2518 4655 2721 4709 usque,
2754 4637 3004 4708 indeque
3062 4635 3223 4691 illam
3274 4637 3343 4691 ad
3393 4638 3541 4693 Con-

1892 4732 2219 4790 stantinum
2239 4728 2527 4801 frequenti
2558 4744 2624 4784 ac
2646 4727 2897 4799 superbo
2920 4725 3195 4781 satellitio
3221 4727 3537 4798 perducen-

1892 4825 2026 4879 dam
2088 4837 2322 4888 curans,
2381 4835 2446 4875 ac
2504 4817 2590 4875 sic
2645 4815 3212 4887 Constantinopolim
3270 4832 3536 4872 reversus

1892 4918 2133 4969 eatenus
2166 4910 2338 4967 ﬁdem
2370 4913 2671 4981 pactorum
2708 4907 3029 4977 imperator
3064 4904 3352 4977 praestitit.
3390 4904 3538 4961 Nam

1892 5002 2048 5074 quod
2071 4999 2495 5073 promissarum
2515 4996 2796 5053 attinebat
2812 4994 3244 5051 restitutionem
3278 4994 3538 5065 urbium,

1892 5094 1951 5148 in
1973 5108 2040 5148 ea
2061 5107 2176 5147 non
2204 5088 2603 5146 festinandum
2636 5091 2797 5143 ratus
2821 5085 3010 5141 varios
3041 5085 3171 5156 ejus
3202 5083 3534 5139 differendae

1891 5186 2202 5255 praetextus
2216 5179 2482 5252 quesivit
2495 5193 2691 5233 revera
2704 5175 3026 5249 periculum
3046 5175 3185 5229 dira
3198 5173 3544 5229 vastationis

1891 5289 1959 5328 ex
1981 5289 2047 5327 ea
2068 5271 2386 5326 imminens
2417 5267 2587 5324 terris
2618 5266 2860 5339 imperio
2893 5264 3176 5336 subjectis
3210 5280 3537 5335 praecaven-

1890 5363 2032 5419 dum
2047 5377 2313 5417 censens.
2336 5359 2620 5415 Caeterum
2638 5357 2870 5413 interim
2888 5355 3340 5413 Constantinum
3359 5353 3543 5408 lacta-

1889 5454 2283 5527 hatspeciosis
2306 5453 2644 5508 obtentibus
2674 5448 3140 5505 multiscolorem
3158 5446 3412 5517 aliquem
3437 5446 3540 5500 ha-

1888 5544 2185 5612 bentibus,
2203 5558 2454 5615 quorum
2472 5541 2562 5596 hic
2577 5538 3084 5596 verisimilitudine
3102 5536 3379 5591 inductus
3395 5552 3543 5590 non-

1888 5634 2388 5691 nullavidebatur.
2416 5629 2902 5687 Aiebatvidelicet
2929 5629 3177 5683 istarum
3203 5624 3423 5681 incolas
3444 5641 3539 5679 ur-

1887 5724 2053 5783 bium
2097 5738 2368 5782 recusare
2408 5720 2642 5794 Bulgari
2684 5718 2920 5790 subjici,
2960 5732 3094 5773 cum
3132 5715 3245 5789 ipsi
3288 5714 3537 5773 Romani
