4212 6442
663 381 770 439 795
1965 396 2264 451 GEORGII
2304 395 2768 456 mammam
3956 400 4070 456 796

658 505 966 600 Ῥωμαίους
1051 513 1268 583 αὐτοὺς,
1360 519 1434 588 μή
1523 518 1656 572 εἶναι
1743 517 1788 572 δ’
1865 517 2094 593 εὔλογον
2164 519 2384 587 Ῥω-Α
2422 539 2530 592 ρων
2567 562 2579 586 ,
2649 520 2726 585 εἷς
2780 523 3104 596 στρατηγίαν
3157 543 3216 577 τε
3273 524 3483 593 ξυνετὸς
3539 525 3628 578 καὶ
3684 520 3886 600 τρίϐων
3942 530 4065 588 τοῖς

663 596 854 688 μαίοος
885 603 993 688 ,[Ρ,
1027 604 1154 674 235]
1187 603 1287 658 ὑπὸ
1319 607 1621 682 Βουλγάρῳ
1648 607 1842 664 τελεῖν.
1890 608 1965 664 Ού
2017 609 2122 679 μὴν
2160 605 2203 660 δ’
2254 605 2306 668 ἐς
2414 610 2748 682 πράγμασιν,
2801 612 2860 673 ’ὸς
2908 612 3018 682 ἅμα
3074 611 3353 672 πλείσταις
3414 596 3728 684 δυνάμεσιν·
3759 614 3808 686 ἐξ
3860 615 4068 688 ὁμογε-

656 684 813 746 τὲλος
872 687 1101 764 ἀπέλεγε
1147 692 1247 758 τὴν
1309 691 1454 748 δόσιν
1516 696 1543 748 ὁ
1607 696 1881 770 βασιλεὺς,
1935 695 2078 751 ἀλλὰ
2135 717 2307 770 προσ·
2415 701 2518 750 νῶν
2566 698 2858 772 Τοχάρων,
2892 699 2984 762 οὓς
3038 701 3193 755 αὐτοὶ
3248 701 3628 776 Μουγουλίους
3672 684 3940 778 λέγουσιν,

659 775 861 848 ανήρτα
914 780 1098 851 καιρὸν
1153 782 1245 834 τὸν
1298 789 1396 850 τῆς
1454 785 1798 860 τεκνογονίας
1869 784 2049 854 δῆθεν,
2111 786 2186 845 ὡς
2246 783 2304 838 ἃν
2412 786 2738 848 αποσταλεῖς
2773 788 2831 841 ἐκ
2879 790 3148 842 τῶνκατὰ
3194 790 3288 851 τὰς
3324 793 3568 851 Κασπίας
3627 791 3904 865 ἀρχόντων
3963 795 4064 845 τοῦ

622 861 740 914 καὶ
772 863 1122 938 κληρονόμου
1153 871 1331 942 τούτῳ
1363 873 1619 945 φανέντος
1672 875 1730 928 ἐκ
1759 876 1944 949 γένους
1995 876 2305 946 Ῥωμαϊκοῦ
2411 875 2596 950 γένους
2630 920 2641 941 ,
2717 876 2805 939 οὓς
2863 875 3094 939 Κάνιδας
3154 878 3545 951 ὀνομάζουσιν,
3607 875 3886 935 εἰσϐάλλει
3939 885 4062 940 τοῖς

653 949 1064 1042 εύπροσωποῖτο
1124 960 1211 1010 καὶ
1281 963 1306 1028 ἦ
1374 960 1655 1022 ἀπόδοσις.
1709 965 1788 1017 Τά
1847 962 1893 1016 δ’
1941 965 2075 1031 ἦσαν
2128 961 2306 1036 γὲλως
2412 965 2509 1017 ἀνα
2564 966 2656 1018 τὸν
2718 965 2964 1038 Εὔξεινον
3025 969 3261 1042 βορείοις
3308 966 3528 1037 ἔθνεσιν,
3584 968 3615 1022 ἃ
3659 966 3724 1035 δὴ
3773 971 3836 1023 τὸ
3885 967 4060 1022 πάλαι

652 1035 904 1128 ἄντικρυς
963 1044 1050 1098 καὶ
1105 1050 1482 1121 συνειρόμενον
1543 1049 1739 1124 ψεῦδος
1795 1057 1873 1124 τῷ
1931 1054 2117 1126 χρόνῳ
2178 1073 2306 1125 συγ-
2409 1058 2524 1114 τοῖς
2573 1054 2870 1128 Ῥωμαίοις
2931 1057 3171 1126 ὑπήκουε
3207 1102 3219 1125 ,
3282 1065 3380 1126 τῆς
3439 1057 3653 1119 πόλεως
3710 1055 3754 1111 δ’
3812 1057 4061 1126 ἀλούσης

649 1127 1010 1202 κρύπτοντος.
1046 1134 1237 1204 Ὅμως
1297 1133 1352 1189 δέ
1383 1158 1444 1210 γε
1475 1139 1562 1191 καὶ
1616 1136 1756 1193 ἄκων
1814 1141 1840 1193 6
1897 1142 2302 1200 Κωνσταντῖνος
2410 1143 2498 1196 καὶ
2548 1148 2653 1196 τῶν
2717 1145 3049 1218 πραγμάτων
3111 1147 3185 1206 εἷς
3246 1147 3426 1200 στενὸν
3485 1146 3860 1200 καταστάντων
3921 1148 4061 1201 Ῥω-

653 1215 881 1287 ὑπέμενε
935 1220 1023 1273 καὶ
1078 1221 1383 1294 ἐσπένδετο,
1447 1226 1495 1279 εἷ’
1546 1227 1636 1280 καὶ
1698 1231 1723 1296 ἡ
1789 1227 2006 1292 δοθεῖσά
2035 1230 2087 1282 οὶ
2119 1228 2179 1281 ού
2211 1249 2300 1281 το·
2414 1228 2621 1299 μαίοις,
2689 1235 2794 1284 τῶν
2871 1232 3070 1303 κυρίων
3145 1232 3565 1310 ἀπολειφθέντα,
3634 1233 3913 1306 αὐτόνομα
3966 1236 4059 1301 ἦν.

650 1309 837 1359 σοῦτον
903 1309 1104 1381 βοηθὸς
1134 1311 1324 1384 ἐκείνῳ
1375 1315 1499 1368 ὅσον
1559 1319 1625 1388 τῇ
1682 1315 1946 1390 Ῥωμαίδι
2005 1316 2299 1390 ἐπέμπετο.
2407 1319 2563 1370 Ταῦτ’
2623 1316 2721 1391 ἄρα
2779 1319 2865 1373 καὶ
2944 1320 3148 1374 ἀκονιτὶ
3225 1321 3411 1398 φανεὶς
3487 1317 3908 1394 προσελάμϐανε
3967 1323 4061 1375 καί

649 1393 796 1484 ἶΕπεὶ
855 1393 901 1448 δ’
934 1396 982 1469 ἐξ
1017 1398 1220 1454 ἐκείνου
1271 1401 1484 1456 παιδίον
1520 1405 1664 1479 ἑώρα
1692 1406 1783 1459 τὸν
1837 1405 2070 1480 Μιχαὴλ
2115 1407 2299 1479 ἑαυτῇ,
2407 1404 2833 1466 κατεδουλοῦτο.
2894 1407 3042 1464 Ἰδὼν
3093 1407 3148 1464 δὶ
3207 1411 3396 1484 χώρας
3449 1411 3721 1480 ἀρετώσας
3775 1411 3865 1464 καὶ
3925 1407 4056 1479 ἔθνη

647 1478 793 1537 δεινὰ
865 1483 1081 1556 ἐποίει,
1152 1489 1239 1543 καὶ
1315 1492 1408 1544 τὸν
1487 1493 1713 1567 σύζυγον
1777 1497 2152 1569 κατηνάγκαζε
2207 1497 2302 1558 τὰς
2409 1494 2483 1555 εἷς
2544 1497 2724 1569 ἀρχὴν
2777 1497 2910 1550 κατὰ
2958 1505 3092 1569 σφᾶς
3153 1497 3415 1571 αὐτάρκη,
3474 1500 3756 1573 ἀφηνιάζει
3822 1501 3916 1570 μὲν
3944 1505 4055 1553 τῶν

646 1570 879 1633 σπονδάς
929 1597 991 1650 γε
1051 1575 1199 1632 λύειν
1259 1580 1347 1633 καὶ
1409 1581 1674 1654 πολεμεῖν
1738 1586 1831 1645 τὰς
1891 1586 2082 1647 πόλεις
2133 1605 2300 1659 προσ·
2406 1587 2734 1656 πεμψάντων
2782 1586 2869 1639 καὶ
2919 1587 3093 1658 ἑαυτῷ
3137 1589 3203 1641 τὰ
3259 1585 3383 1654 ἔθνη
3433 1594 3789 1658 προσκτᾶται.
3848 1589 3937 1648 Ὠς
4000 1587 4058 1643 δὲ

643 1668 1007 1720 απαιτοῢντα.
1072 1667 1363 1722 Κάντεῦθεν
1425 1671 1511 1724 καὶ
1574 1669 1721 1726 δεινὰ
1778 1673 1875 1727 οὐκ
1930 1672 2093 1748 ὀλίγα
2153 1675 2298 1743 ξονέ-
2407 1674 2614 1746 χρόνου
2670 1669 3019 1747 τριϐομένου,
3075 1675 3451 1750 ἐπιμιγνύντες
3485 1675 3661 1751 σφίσιν
3707 1677 3758 1728 οἱ
3790 1677 3913 1748 περὶ
3950 1677 4056 1743 τὴν

644 1747 815 1819 ϐαινε,
876 1754 963 1807 καὶ
1023 1751 1352 1828 ξυμϐεϐήκει
1406 1757 1462 1812 ἂν
1515 1759 1766 1830 πλεῖστα,
1801 1763 1843 1816 εἷ
1879 1765 1951 1834 μή
1987 1784 2045 1838 γε
2078 1764 2104 1816 ὁ
2140 1764 2298 1838 βασι-
2410 1762 2694 1838 μεσόγαιον
2753 1764 3178 1836 κατῳκημένοι,
3238 1763 3463 1818 ’,Χλανοὶ
3524 1765 3706 1838 λέγω,
3780 1768 3862 1834 [Ρ.
3924 1767 4055 1838 236]

641 1839 769 1900 λεδ-τ
801 1840 968 1911 κῆδος
1002 1846 1134 1918 πρὸς
1193 1847 1283 1902 τὸν
1317 1855 1492 1922 Νογᾶν
1524 1850 1608 1904 ἐπὶ
1661 1851 1802 1923 νόθῳ
1858 1857 1925 1925 τῇ
1973 1852 2292 1929 Εὐφροσύνῃ
2328 1851 2596 1957 ΒΖίκχοι
2672 1853 2759 1906 καὶ
2833 1853 3020 1916 Γότοοι
3052 1897 3065 1921 ,
3125 1855 3323 1906 Ῥῶσοι
3378 1855 3466 1907 καί
3527 1854 3592 1907 τὰ
3653 1858 4058 1925 προσοικοῦντα

643 1929 840 1957 .-n.'.__-
895 1941 1081 1957 ,μί-μ
1165 1935 1177 1952 η
1248 1943 1268 1952 -
1410 1937 1422 1953 κ
1502 1940 1514 1957 ι
1617 1939 1630 1956 ε
1704 1940 1717 1957 ν
1798 1941 1807 1957 ι
1976 1945 2000 1955 .-
2120 1944 2130 1957 ι
2241 1942 2253 1957 ι
2483 1941 2494 1957 ι
2661 1939 2683 1957 σε
2729 1944 2738 1957 ι
2981 1945 2989 1957 Ι
3118 1938 3166 1957 Nn
3419 1944 3430 1957 ι
3474 1943 3486 1957 ιι
3566 1943 3576 1957 ι
3832 1943 3889 1957 ΑΙ

641 1929 840 2007 φθάσας
891 1941 1119 2002 ποιῆσαι
1155 1935 1337 2012 ἀνεῖχε
1366 1937 1460 2000 τὰς
1495 1939 1667 2012 ὁρμάς
1701 1940 1906 1994 ἐκείνου
1936 1945 2003 2015 τῇ
2036 1944 2169 2016 πρὸς
2202 1942 2293 1995 τὸν
2329 1929 2374 1957 υ
2402 1941 2619 2005 τούτοις
2657 1939 2888 2019 διάφορα
2935 1945 3089 2016 γὲνη,
3116 1938 3206 2012 ἔθη
3262 1964 3318 1996 τε
3373 1944 3440 1997 τὰ
3469 1943 3684 1997 ἐκείνων
3724 1943 4056 2014 μανθάνουσι

642 2024 822 2093 Νογᾶν
851 2018 1088 2091 δεξιώσει
1123 2025 1212 2078 καὶ
1249 2023 1428 2082 διᾶλυε
1459 2030 1526 2082 τὰ
1570 2030 1934 2104 βουλεύματα,
1984 2032 2056 2092 ὡς
2103 2032 2293 2085 αὐτίκα
2403 2032 2488 2084 καὶ
2551 2030 2801 2104 γλῶσσαν
2847 2033 2926 2103 τῷ
2977 2028 3079 2086 ἔθει
3135 2027 3612 2103 μεταλαμϐάνουσι
3669 2032 3758 2086 καὶ
3823 2031 4054 2101 στολὴν,

643 2109 866 2163 κατόπιν
902 2110 1385 2187 ἐπιδραμουμὲνων
1415 2119 1518 2172 τῶν
1548 2121 1834 2194 Τοχάρων,
1875 2122 1935 2190 ἦν
1972 2121 2133 2184 αὐτὸς
2165 2120 2287 2196 ἐπίῃ
2401 2119 2489 2173 καὶ
2540 2120 2616 2182 εἷς
2671 2122 2999 2195 συμμάχους
3079 2120 3260 2182 αὐτοῖς
3311 2120 3597 2195 γίνονται.
3657 2119 3750 2173 Καὶ
3811 2122 3929 2192 μετ’
3991 2121 4054 2174 ού

639 2203 757 2259 τοῖς
788 2200 1077 2272 βασιλέως.
2399 2209 2543 2263 πολὺ
2606 2209 2680 2271 εἷς
2737 2210 2950 2280 πλῆθος
3009 2211 3242 2285 ἀριθμοῦ
3301 2215 3545 2285 κρεῖττον
3603 2210 3630 2262 ὁ
3664 2207 3909 2272 ἐπελθὼν
3941 2215 4053 2263 τῶν

641 2299 704 2360 δ’.
736 2304 815 2360 Τὰ
856 2307 977 2380 περὶ
1029 2313 1126 2363 τοῦ
1181 2316 1332 2387 Νογᾶ
1377 2313 1466 2366 καὶ
1516 2316 1808 2394 Τοχάρων,
1868 2312 2014 2378 ὅπως
2045 2316 2193 2391 εἶχον
2225 2318 2286 2372 τὸ
2398 2299 2664 2374 Τοχάρων
2700 2297 2832 2360 λαὸς
2864 2296 3141 2368 ἀνδίδωσι,
3194 2299 3282 2353 καὶ
3323 2297 3680 2352 ἀνυπόστατοι
3727 2297 3863 2352 ὅπου
3915 2297 4051 2352 ἰόιεν

791 2376 800 2394 ,
889 2385 922 2394 .,
969 2379 982 2394 ε
1122 2381 1134 2394 ι
1234 2387 1260 2394 μ
1397 2384 1406 2394 .
1556 2388 1577 2394 -
1728 2386 1737 2394 .
1924 2390 1933 2394 -
2136 2391 2179 2394 -.
2442 2388 2451 2394 ,
2853 2387 2872 2394 _
2966 2391 2974 2394 _
3226 2389 3236 2394 _
3404 2387 3413 2394 _
3693 2391 3715 2394 _.
3799 2386 3822 2394 _,

707 2379 850 2468 neiv;
887 2379 983 2434 καὶ
1014 2381 1137 2456 περὶ
1167 2379 1516 2456 τοῦπρώτον)
1551 2379 1819 2463 βασιλέως
1849 2390 1937 2443 καὶ
1983 2379 2283 2462 νομδθέτου
2395 2388 2633 2463 γίνονται
2682 2395 2802 2449 ταῖς
2850 2387 3156 2460 δυνάμεσιν,
3210 2389 3282 2448 ὡς
3327 2387 3413 2441 καί
3473 2408 3621 2448 τινας
3651 2391 3760 2440 τῶν
3793 2386 3906 2441 ἄνω
3953 2409 4054 2441 κυο

715 2469 912 2554 αυτγωνο
2395 2479 2525 2554 ρίων
2587 2478 2836 2550 πολέμου
2899 2479 3054 2552 νόμῳ
3113 2479 3192 2532 ἐπ’
3251 2477 3447 2537 αὐτοὺς
3504 2477 3806 2538 ἀποστάτας
3865 2476 4051 2538 ἰόντας

710 2555 769 2616 Ὀ
801 2553 857 2611 δὲ
888 2559 1068 2637 Νογᾶς
1121 2562 1280 2634 αὐτὸς
1329 2565 1617 2638 κράτιστος
1663 2567 1728 2636 ἧν
1775 2567 1911 2646 ἀνὴρ
1942 2573 2048 2624 τῶν
2090 2572 2278 2646 Τοχά-
2393 2553 2500 2643 οὐχ
2548 2569 2696 2629 ὅπως
2729 2569 3118 2643 περιγενέσθαι,
3153 2564 3298 2621 ἀλλὰ
3344 2565 3433 2620 καὶ
3485 2563 3757 2643 σφαλῆναι
3790 2567 3856 2619 τά
3883 2565 4050 2620 πλεῖ-

631 2785 2280 2860 essent,necseadhuc,quantumvisconaretur,potuisse
2391 2787 2608 2841 tiorum
2663 2785 2862 2840 tritus.
2911 2785 2964 2839 Is
3015 2801 3148 2838 cum
3211 2783 3442 2855 magnis
3494 2784 3678 2854 copiis
3725 2801 3756 2838 e
3806 2799 4048 2855 genere,

630 2870 766 2927 huic
792 2865 994 2928 eorum
1028 2876 1313 2930 aversioni
1364 2878 1604 2932 mederi.
1640 2883 1708 2932 Ut
1742 2894 1832 2933 res
1867 2880 1967 2933 fiat
1997 2877 2275 2946 suaviter,
2390 2876 2560 2945 cujus
2586 2880 2711 2930 erat
2741 2879 2796 2928 et
2827 2875 2970 2945 ipse,
3001 2873 3422 2939 Tocharorum,
3451 2873 3554 2944 qui
3587 2890 3647 2928 se
3680 2873 3794 2944 ipsi
3828 2873 4047 2945 Mugu-

625 2963 1076 3032 exspectandum
1110 2965 1312 3033 videri,
1337 2967 1474 3020 dum
1511 2977 1679 3022 natus
1713 2967 2277 3022 Constantinoiilius
2388 2965 2498 3019 lios
2549 2964 2878 3030 nominant,
2929 2963 3150 3017 missus
3183 2979 3215 3016 a
3241 2961 3606 3032 principibus
3660 2962 3789 3032 ejus
3851 2961 4048 3033 gentis

631 3051 776 3105 foret
805 3066 873 3104 ex
905 3067 1049 3106 nova
1079 3056 1364 3126 conjuge:
1399 3061 1538 3110 tunc
1569 3058 1726 3111 enim
1761 3058 1878 3112 fore
1909 3056 2108 3112 omnia
2141 3072 2277 3126 pro-
2387 3055 2657 3127 (Canidas
2674 3052 2994 3123 appellant)
3009 3050 3163 3106 circa
3184 3057 3381 3122 portas
3399 3051 3640 3122 Caspias
3662 3052 4046 3123 degentibus,

629 3138 816 3204 niora,
838 3154 970 3211 rege
992 3145 1113 3195 tum
1139 3143 1362 3198 scilicet
1379 3145 1533 3200 344
1567 3145 1947 3215 Bulgarorum
1981 3145 2270 3201 haeredem
2386 3143 2746 3214 irruperatin
2762 3141 3024 3196 boreales
3056 3140 3276 3196 Euxino
3309 3151 3506 3210 gentes
3538 3140 3816 3196 Romanis
3846 3157 4045 3212 quon-

628 3227 879 3284 babente
913 3231 1156 3286 Romani
1189 3235 1519 3305 sanguinis,
1553 3238 1642 3290 cui
1679 3245 2046 3291 sacramento
2082 3237 2275 3290 dicere
2308 3279 2347 3305 η
2387 3235 2520 3288 dam
2539 3231 2943 3299 subditas,sed
2961 3247 3089 3300 quae
3106 3235 3536 3301 postcaptnma
3559 3229 3784 3285 Latinis
3806 3231 4044 3303 urbem,

628 3279 876 3284 --η---ν
914 3279 1156 3286 --ν----η
1190 3279 1519 3305 “nam...”
1554 3279 1642 3290 νυ.
1679 3279 2046 3291 υκν......υ...ν
2083 3279 2274 3290 eum-
2388 3279 3783 3301 ,πη----πηναἸ--τη---τν--π-------
3812 3279 4041 3303 _-_-_,

627 3318 919 3374 Romanos
968 3338 1078 3375 non
1137 3322 1457 3380 dedeceret.
1496 3327 1620 3379 llaec
1664 3325 2088 3396 allegabantur,
2122 3341 2270 3395 quae,
2307 3279 2348 3346 C
2387 3328 2444 3379 et
2467 3318 4041 3391 resimperiiredactasinartum,necessarioneglectze

621 3412 684 3461 ut
704 3425 838 3463 vere
861 3408 1194 3481 loquamur,
1222 3429 1382 3468 mera
1404 3419 1569 3469 erant
1595 3415 1781 3470 elusio
1813 3420 1869 3470 et
1900 3415 2272 3471 mendacium
2387 3415 2535 3470 345
2575 3431 2607 3468 a
2637 3412 2892 3467 dominis
2925 3412 3015 3466 sui
3049 3416 3186 3466 tunc
3209 3411 3365 3481 juris
3397 3414 3584 3466 erant.
3623 3412 3731 3466 Has
3768 3411 3939 3466 facile
3973 3429 4041 3468 ac

620 3496 1008 3567 promissione
1059 3505 1292 3570 tempus
1340 3503 1669 3558 obducente
1701 3504 2133 3573 inumbratum,
2169 3520 2272 3559 nec
2387 3505 2512 3560 sine
2536 3519 2746 3572 magno
2770 3502 3089 3556 certamine
3121 3501 3308 3571 prima
3339 3502 3542 3556 statim
3577 3502 3914 3556 ostensione
3946 3502 4042 3556 sui

620 3584 789 3654 plane
849 3586 1056 3641 fallens
1133 3590 1610 3661 Constantinum,
1672 3609 2011 3663 quanquam
2069 3593 2118 3646 is
2175 3609 2273 3647 νο·
2385 3597 2539 3664 cepit
2587 3592 2816 3662 sibique
2874 3591 3143 3660 subjecit.
3184 3592 3248 3644 Et
3298 3591 3768 3646 animadvertens
3828 3592 4042 3648 uberes

617 3671 745 3728 lens
780 3674 985 3730 nolens
1017 3676 1392 3734 dissimulare
1424 3682 1762 3749 cogebatur,
1792 3689 1847 3736 et
1875 3682 2045 3737 tacite
2077 3683 2273 3736 dolere
2386 3687 2569 3737 terras
2591 3698 2656 3735 ac
2681 3679 2924 3751 populos
2947 3680 3017 3732 ad
3052 3679 3526 3734 constituendum
3563 3695 3664 3750 per
3696 3696 3755 3734 se
3789 3696 4039 3751 regnum

615 3764 813 3818 fucum
863 3765 973 3818 sibi
1026 3766 1240 3822 factum
1292 3771 1655 3824 obtrudenda
1689 3772 1958 3842 conjuge,
1995 3789 2122 3842 qua
2156 3789 2271 3826 non
2384 3771 2644 3835 idoneos,
2679 3772 2906 3824 frenum
2956 3769 3213 3824 excussit
3267 3768 3493 3840 imperii
3527 3785 3726 3823 eorum
3755 3785 3789 3822 a
3822 3768 4041 3839 quibus

619 3855 2272 3926 tamipsiadjutrixquamterrzeRomanaedataesset.Ma-
2385 3865 2510 3915 erat
2557 3860 2796 3921 missus,
2831 3864 2887 3913 et
2928 3875 3018 3913 res
3067 3875 3238 3928 agere
3286 3875 3427 3912 suas
3477 3857 3762 3923 instituit,
3798 3859 4038 3929 proprio

624 3941 1580 4015 riaveropostquamConstantino
1606 3959 1905 4021 pepererat
1931 3951 2270 4007 Michaelem
2386 3952 2713 4022 principatu
2777 3950 3118 4004 constituto.
3161 3949 3442 4003 Processu
3493 3948 3701 4002 deinde
3755 3949 4041 4018 temporis

623 4030 810 4084 filium
830 4033 1120 4103 omnijam
1138 4037 2274 4111 excusationecunctationidemptaipsa
2385 4042 2701 4095 miscentes
2735 4056 2797 4094 se
2837 4039 2978 4109 ipsis
3014 4039 3112 4108 qui
3149 4039 3567 4093 mediterranea
3599 4037 3712 4091 illic
3746 4038 4042 4107 incolunt,

622 4135 853 4189 quoque
903 4123 1153 4178 transire
1206 4125 1392 4195 palam
1449 4127 1504 4180 in
1556 4129 1659 4182 viri
1709 4146 1919 4185 sensus
1950 4135 2005 4184 et
2047 4130 2272 4200 utrique
2385 4130 2545 4185 Alani
2598 4128 2887 4193 videlicet,
2919 4127 3128 4193 Ziccbi,
3159 4127 3357 4182 Uotthi
3415 4132 3469 4182 et
3533 4127 3762 4193 Rhossi,
3813 4127 4041 4199 quique

618 4209 833 4263 factam
870 4211 1143 4281 iujuriam
1171 4230 1441 4270 accusare
1472 4217 1852 4286 indignanter
1881 4221 2076 4290 cmpit,
2099 4219 2271 4274 mari-
2384 4219 2666 4274 finitimas
2689 4218 2845 4273 hisce
2865 4217 3330 4272 habitantterras
3363 4216 3727 4272 diversorum
3751 4233 4041 4289 generum

618 4302 746 4352 tum
779 4301 1016 4354 assidue
1049 4302 1373 4360 sollicitans
1395 4307 1461 4360 ad
1487 4309 1832 4378 repetendas
1869 4309 2020 4363 bello
2053 4310 2273 4379 injuste
2385 4309 2605 4382 populi,
2660 4324 2849 4362 mores
2910 4306 3191 4379 paulatim
3253 4307 3516 4377 ipsorum
3573 4306 3930 4372 didicerunt,
3983 4313 4046 4363 et

618 4394 856 4457 negatas
884 4391 1083 4446 urbes.
1111 4391 1271 4448 Unde
1296 4395 1486 4449 multa
1511 4397 1664 4451 mala
1688 4403 1816 4452 orta
1837 4403 2005 4463 sunt;
2029 4403 2084 4452 et
2108 4397 2272 4468 plura
2384 4416 2517 4454 cum
2568 4397 2694 4453 vita:
2726 4414 2832 4452 usu
2868 4397 3130 4467 linguam
3190 4397 3366 4452 etiam
3403 4413 3468 4452 ac
3494 4397 3770 4451 vestitum
3833 4412 4042 4452 eorum

616 4477 1001 4548 gravioraque
1039 4481 1414 4550 prodiissent,
1440 4485 1552 4540 nisi
1583 4488 1885 4557 Augustus
1909 4493 2136 4541 mature
2158 4486 2269 4540 sibi
2385 4492 2760 4558 usurpantes,
2781 4487 2836 4540 in
2863 4484 3331 4556 militiaequoque
3346 4484 3706 4539 consortium
3723 4485 4047 4554 assumpti,

614 4573 1082 4636 prreoccupassct
1127 4588 1274 4626 novo
1326 4573 1538 4630 fcedere
1591 4576 1835 4647 Nogam,
1871 4577 2008 4630 data
2038 4576 2096 4630 in
2129 4591 2271 4630 uxo-
2307 4640 2340 4647 _
2386 4595 2498 4632 non
2534 4578 2615 4631 ita
2648 4575 2832 4630 multo
2866 4582 2996 4646 post
3029 4574 3314 4630 exercitus
3361 4574 3738 4630 confecerunt
3762 4573 4046 4628 innume-

611 4671 735 4709 rem
769 4657 818 4710 ei
854 4657 972 4712 filia
1004 4675 1111 4713 sua
1142 4661 1321 4716 notha
1355 4665 1753 4737 Euphrosyne.
1786 4668 1912 4731 Qua
1951 4666 2270 4720 necessitu-
2307 4640 2349 4705 θ
2383 4666 2617 4731 rabiles,
2651 4682 2898 4736 quarum
2933 4665 3292 4720 conscientia
3325 4681 3553 4735 usuque
3586 4663 3798 4718 virium
3833 4663 3891 4718 in
3933 4680 4041 4734 po-

616 4744 752 4799 dine
806 4747 1111 4804 devinctus
1169 4749 1503 4821 imperatori
1562 4754 1749 4826 Nogas
1785 4756 1978 4826 palam
2013 4756 2271 4810 ostendit
2381 4755 2625 4811 tentiam
2659 4755 2920 4810 immane
2944 4759 3225 4825 quantam
3250 4753 3648 4810 Tocharorum
3674 4769 3817 4826 gens
3841 4755 4040 4825 profe-

615 4833 983 4904 irrupturum
1032 4855 1090 4892 se
1138 4856 1269 4892 cum
1323 4841 1629 4913 Tocharis,
1663 4845 1879 4916 quibus
1913 4851 2176 4916 praeerat,
2210 4845 2267 4899 in
2381 4849 2477 4911 cit,
2513 4845 2657 4900 adeo
2680 4850 2740 4898 ut
2763 4860 3117 4915 quocunque
3147 4861 3208 4899 se
3242 4849 3552 4912 verterent,
3575 4843 4042 4899 ineluctabiliter

612 4921 999 4994 Bulgarorum
1024 4927 1186 4994 lines,
1210 4931 1408 4986 statim
1440 4938 1615 5003 atque
1634 4919 2056 4989 Constantinus
2082 4934 2267 5006 regio-
2380 4939 2589 4990 cuncta
2621 4939 3074 5006 prosternerent,
3101 4938 3157 4990 et
3188 4951 3322 4988 cum
3354 4949 3383 4988 e
3416 4934 3822 5006 superioribus
3844 4933 4040 4989 domi-

615 5027 718 5066 nes
772 5013 1073 5070 incursare
1133 5018 1428 5075 Romanas
1479 5023 1771 5094 cmpisset.
1806 5025 2127 5096 Suspendit
2175 5024 2268 5080 hic
2381 5025 2470 5080 nis
2502 5023 2742 5095 quidam
2777 5025 2846 5078 ad
2883 5024 3146 5095 ipsorum
3195 5024 3578 5079 defectionem
3632 5023 4040 5078 ulciscendam

612 5107 806 5157 metus
855 5105 1101 5161 consilia
1155 5107 1410 5181 Bulgari,
1445 5116 1499 5166 et
1533 5113 1823 5169 malorum
1859 5114 2124 5169 inducias
2158 5114 2267 5170 Ro-
2377 5129 2592 5184 eosque
2625 5114 2970 5185 subjuguin
3030 5115 3387 5169 revocandos
3447 5113 3689 5169 bellicas
3721 5113 3777 5166 in
3812 5129 3912 5168 eos
3945 5129 4042 5167 ex-

611 5193 805 5247 manis
836 5193 988 5249 fecit.
2378 5203 2701 5276 peditiones
2778 5203 3197 5276 suscepissent,
3260 5222 3375 5259 non
3433 5205 3607 5259 modo
3679 5203 3840 5275 ipsos
3922 5219 4038 5259 non

2377 5292 2693 5358 vincerent,
2746 5293 2844 5348 sed
2897 5294 3128 5365 magnis
3176 5293 3434 5364 acceptis
3485 5291 3752 5348 cladibus
3787 5293 3846 5347 in
3875 5291 4043 5347 lucro

2378 5386 2663 5453 ponerent
2695 5384 2846 5454 quod
2883 5382 3179 5454 plerisque
3223 5399 3463 5438 suorum
3499 5381 3652 5437 bello
3685 5381 4042 5436 cadentibus

2378 5471 2549 5542 pauci
2584 5473 2812 5529 salvum
2841 5474 3094 5528 reditum
3127 5473 3431 5529 baberent.
3477 5472 3704 5528 Gaudet
3736 5470 3860 5526 haec
3895 5488 4041 5544 gens

678 5551 782 5607 Hic
842 5571 1015 5624 porro
1078 5559 1270 5633 Nogas
1342 5566 1793 5635 potentissimus
1860 5565 2260 5622 Tocharorum
2374 5562 2494 5616 vita
2525 5563 2820 5634 simplici;
2872 5563 3094 5619 haerent
3142 5563 3389 5618 invicem
3425 5567 3630 5618 mutuo
3663 5577 3815 5616 nexu
3851 5561 4043 5616 civilis

606 5645 750 5711 erat,
813 5644 1032 5703 bellicas
1093 5651 1236 5708 artis
1291 5652 1481 5726 longis
1541 5657 1956 5729 experimentis
2014 5656 2261 5712 multam
2377 5652 3064 5724 cbaritalis;toleranles
3096 5659 3234 5710 sunt
3265 5653 3639 5722 laborum,in
3673 5651 4044 5724 bellaprom-

609 5732 882 5804 peritiam
913 5737 1184 5814 adeptus,
1218 5759 1329 5801 usu
1361 5760 1560 5803 rerum
1591 5747 1652 5805 in
1685 5746 2032 5806 tractatione
2081 5763 2262 5820 nego-
2383 5744 2678 5819 ptissimi;
2712 5745 2917 5818 paucis
2962 5745 3034 5802 ad
3066 5743 3286 5803 victum
3344 5743 3692 5815 cultumque
3745 5743 4040 5815 indigent,

608 5335 659 5390 4.
695 5336 768 5391 De
797 5338 947 5404 Noga
979 5345 1030 5423 et
1063 5343 1337 5407 'I‘ocharz’s.
1385 5347 1807 5420 originibusque
1863 5352 2060 5420 gentis,
2094 5351 2268 5422 deque

905 5429 1085 5483 primo
1117 5433 1306 5473 eorum
1336 5436 1459 5490 rege
1488 5437 1552 5474 ac
1584 5423 1968 5495 legumlatore.
