4242 6438
170 392 276 450 797

1235 400 1334 455 D8
1369 399 1743 455 MICHABLB
1779 395 2225 456 PMOIDGO
2259 397 2394 454 LIB.
2435 397 2506 454 V.

3465 392 3574 451 798

171 537 266 572 στα
295 516 579 581 πεσόντας.
630 519 783 575 Ἐστι
829 517 892 573 τὸ
939 516 1090 582 ῐθνος
1143 516 1412 589 ἁπλότητι
1467 519 1561 592 μὶν
1610 524 1806 594 χαῖρον
1839 525 1892 590 Α
1921 519 2011 574 τὸν
2055 517 2228 574 ’ίππον
2288 519 2664 581 ὶκκεντοῦντας
2722 519 2949 595 ἰκροφᾶν
3011 517 3238 590 αἳματος
3296 516 3340 571 εί
3400 513 3456 571 δι
3488 537 3568 588 τῳ

169 606 258 660 καὶ
290 604 664 683 φιλαλληλίᾳ,
701 607 789 661 καὶ
840 606 931 677 ὀξύ
980 628 1039 661 τι
1085 608 1221 681 πρὸς
1270 607 1551 680 πολέμους
1596 607 1686 662 καὶ
1717 629 1816 662 πο-

170 695 361 769 νηρὸν,
392 696 479 748 καὶ
512 696 612 762 τήν
659 697 802 763 ζωήν
854 695 1130 768 αὕταρκις,
1181 697 1270 750 καὶ
1317 718 1377 770 γε
1413 697 1481 751 τὰ
1531 697 1669 750 κατά
1703 696 1817 769 βίον

172 780 533 851 ἂνεπινόητόν
583 805 640 837 τε
687 784 775 838 καὶ
824 784 1263 860 ἀπρομήθευτον.
1324 787 1663 859 Ἐχρήσαντο
1717 786 1821 860 γὰρ

172 873 424 935 ἀνέκαθεν
479 871 748 945 νομοθέτῃ
798 872 859 926 ού
916 871 1132 926 Σόλωνι
1181 874 1215 942 ἢ
1273 874 1574 948 Λυκούργῳ
1619 874 1652 942 ἢ
1687 874 1819 948 Δρά·

173 981 327 1014 κοντι
358 961 532 1032 (οὗτοι
582 962 684 1035 γάρ
734 961 1045 1029 Ἀθηναίοις
1091 961 1176 1014 καὶ
1230 959 1681 1034 Λακεδαιμονίοις
1733 963 1822 1015 καὶ

173 1069 312 1103 τισιν
341 1047 536 1110 ἄλλοις
585 1049 636 1102 οἱ
684 1049 977 1122 νομοθέται
1031 1050 1194 1126 σοφοὶ
1237 1057 1430 1127 σοφοῖς
1460 1050 1549 1104 καὶ
1582 1056 1825 1112 συνετοῖς

169 1139 238 1192 τὰ
268 1137 323 1199 ἐς
375 1137 534 1212 λόγον
587 1137 814 1211 λόγιοι),
861 1138 980 1191 άκλ³
1040 1137 1190 1213 ἀνδρὶ
1237 1139 1438 1214 ἀγνῶτι
1480 1139 1570 1193 καὶ
1625 1139 1688 1192 τὸ
1719 1140 1822 1193 πὰν

171 1231 436 1301 πονηρῷ,
495 1230 696 1300 χαλκεῖ
757 1225 851 1299 μίν
909 1228 970 1280 τὸ
1029 1232 1268 1302 πρῶτον.
1332 1228 1443 1283 εἶτα
1493 1225 1549 1282 δὲ
1604 1228 1691 1282 καὶ
1749 1229 1826 1290 εἷς

174 1312 341 1372 Κᾶνιν
401 1313 658 1390 (ἄρχοντά
706 1336 790 1376 τις
849 1313 1017 1387 εἷ’ποι)
1075 1317 1435 1388 καταστάντι,
1515 1319 1572 1377 ὃς
1621 1317 1708 1371 καὶ
1769 1316 1829 1372 ἐκ

172 1402 432 1461 Κασπίων
485 1403 755 1458 πυλώνων
809 1403 1037 1458 ἀνιστῶν
1088 1405 1148 1459 τὸ
1200 1403 1352 1469 ἔθνος
1414 1405 1645 1475 ἐξελθεῖν
1698 1406 1825 1482 θαρ-

171 1494 368 1568 ρῆσαν,
431 1493 520 1549 καὶ
579 1495 759 1568 σφίσιν
819 1494 901 1548 ἀεὶ
959 1495 1021 1549 τὸ
1079 1499 1230 1564 νικᾷν
1296 1495 1554 1563 ὑπετίθει,
1615 1495 1660 1550 εἰ
1710 1501 1829 1560 τοῖς

174 1581 341 1644 ἰδίοις
399 1585 591 1655 νόμοις
649 1584 999 1658 προσέχοιεν.
1051 1585 1120 1639 Οἱ
1173 1581 1219 1637 δ’
1267 1584 1401 1652 ἦσαν
1461 1590 1577 1646 τοῖς
1636 1579 1826 1659 ἀϐροῖς

171 1672 494 1747 ἀπέχεσθαι,
537 1676 655 1734 τοῖς
699 1675 958 1745 τυχοῦσιν
1015 1672 1311 1742 ἀρκεῖσθαι,
1360 1673 1422 1726 τὸ
1472 1671 1826 1749 φιλάλληλον

174 1755 352 1834 ἔχειν,
407 1760 470 1814 τὸ
526 1758 828 1832 αὐτόνομον
885 1759 1332 1836 ἀποστρέφεσθαι,
1392 1761 1452 1815 τὸ
1510 1763 1827 1817 κοινωνικὸν

1931 609 2018 664 καὶ
2048 608 2442 682 στεγανωτέρας
2501 606 2758 682 προσδέοι
2815 614 3041 682 τροφῆς,
3103 605 3312 678 ὲγκάτῳ
3372 605 3483 666 οἷὸς
3508 607 3569 658 τὸ

1929 698 2065 770 αἷμα
2116 696 2498 772 συγκλείοντας
2554 698 2656 752 ὑπὸ
2706 698 2806 764 τήν
2865 694 3148 770 ἐφεστρίδα
3193 695 3437 760 τιθέναι,
3497 694 3571 754 ὡς

1931 785 2167 848 ἐντεῦθεν
2221 787 2412 861 μικρὸν
2469 786 2722 840 συσταθὲν
2774 785 2834 838 ἐκ
2887 791 2986 852 τῆς
3042 783 3238 846 ἐκείθεν
3302 781 3574 853 θερμότη-

1928 895 2021 936 τος
2055 871 2269 928 δεῖπνον
2299 873 2559 940 τίθεσθαι,
2609 873 2702 927 κᾶν
2750 873 2801 926 τί
2851 893 2954 926 που
3005 871 3164 946 ῥάκος
3226 870 3460 944 ἐντυχὼν
3490 891 3572 930 τις

1933 961 2101 1036 εὕροι,
2133 961 2477 1036 ἐπιρῥάπτειν
2510 966 2577 1026 τῆ
2612 961 2919 1035 ἀμπεχόνῃ,
2970 959 3064 1013 κᾶν
3117 961 3227 1012 οἷον
3281 957 3454 1012 ἐκεῖνο
3485 957 3574 1011 καὶ

1931 1050 1987 1124 ᾖ,
2024 1050 2120 1106 λᾶν
2151 1055 2185 1120 ὴ
2218 1051 2507 1125 ἀμπεχόνη
2548 1052 2622 1122 μὴ
2655 1049 2830 1104 δέοιτο
2863 1051 2912 1118 (ὁ
2944 1050 3006 1124 γὶ
3039 1050 3257 1114 σκοπὸς,
3284 1049 3357 1108 ὡς
3391 1047 3449 1100 ἂν
3483 1047 3574 1100 καὶ

1934 1138 2057 1193 ἄνευ
2086 1140 2274 1215 χρείας
2318 1144 2478 1194 τοῦτο
2523 1143 2826 1203 ποιοῦντες,
2877 1138 2961 1192 ἐπὶ
3011 1145 3110 1206 τῆς
3159 1135 3344 1210 χρείας
3399 1139 3572 1188 ποιεῖν

1933 1229 2357 1301 ἀναγκαζόμενοι
2396 1229 2470 1300 μὴ
2503 1227 2873 1301 αἰσχύνοιντο,
2911 1233 3028 1288 τοῖς
3081 1225 3338 1285 παλαιοῖς
3391 1223 3457 1277 τὰ
3485 1222 3577 1276 νέα

1933 1314 2578 1392 προσεπεμϐάλλοντες),
2627 1318 2716 1370 καὶ
2763 1315 2934 1377 οὕτως
2987 1315 3178 1375 αὐτοὺς
3235 1316 3326 1386 μὲν
3382 1313 3431 1368 ἐν
3485 1314 3574 1365 ἀνα

1936 1407 2043 1462 ἔσει
2072 1406 2300 1478 παντοίᾳ
2331 1410 2450 1480 ζῇν,
2486 1405 2734 1481 σάριτταν
2769 1406 2857 1460 καὶ
2910 1402 3192 1480 ἐφεστρίδα
3235 1402 3324 1458 καὶ
3372 1396 3577 1473 ἔνδυμα

1935 1495 2023 1550 καὶ
2055 1495 2220 1564 αὐτὴν
2256 1496 2398 1563 ζωὴν
2430 1496 2576 1568 παρά
2616 1499 2723 1548 τῶν
2768 1497 2865 1562 τῆς
2917 1488 3356 1567 γυναικωνίτιδος
3411 1487 3576 1562 ἔχονο

1933 1605 2048 1648 τας,
2095 1584 2288 1645 αὐτοὺς
2344 1581 2400 1638 δὶ
2452 1581 2824 1655 πολεμοῦντας
2884 1584 2950 1636 τὰ
3004 1586 3112 1635 τῶν
3163 1578 3347 1634 ἄλλων
3403 1577 3574 1652 ἔχειν,

1941 1670 2107 1746 μηδὲν
2138 1672 2747 1746 πολυπραγμονοῦντας.
2778 1673 2862 1744 [Ρ.
2919 1672 3046 1740 237]
3099 1672 3284 1725 Ταῦτα
3336 1670 3434 1720 τοῦ
3486 1685 3574 1719 νο-

1940 1761 2169 1834 μοθὲτου
2199 1761 2541 1834 Τζιγκίσκανι
2581 1764 2693 1830 (νῦν
2752 1760 2852 1834 γὰρ
2911 1759 3252 1830 ἀνεμνήσθην
3310 1752 3574 1826 τοῦνομαο

174 1850 530 1917 ἀσπάζεσθαι,
581 1848 644 1902 τὸ
693 1846 861 1920 μηδὲν
911 1849 1035 1922 περὶ
1110 1850 1233 1924 βίου
1291 1848 1558 1922 σπεύδειν,
1608 1851 1670 1904 τὸ
1721 1850 1826 1905 πά·
1859 1875 1904 1940 Β
1937 1849 2157 1924 Τξιγκὶς
2211 1850 2312 1924 γάρ
2369 1849 2430 1903 τὸ
2487 1845 2658 1921 ὄνομα
2690 1893 2703 1913 ,
2763 1850 2791 1902 ὁ
2852 1845 2909 1901 δι
2969 1854 3123 1907 Κανις
3179 1843 3454 1920 βασιηεὺς)
3511 1841 3576 1896 τά

174 1961 297 2003 σαις
326 1941 564 2014 χρῆσθαι
594 1945 843 2016 τροφαῖς,
897 1937 1068 2012 μηδὶτ
1114 1944 1221 1994 τῶν
1273 1935 1525 2010 βεϐήλων
1575 1935 1823 2015 ἔχοντας,

171 2029 237 2083 τὸ
288 2029 497 2103 γυναιξὶ
554 2034 822 2082 συνοικεῖν
879 2026 1183 2097 πλείσταις,
1239 2027 1326 2082 καί
1381 2029 1601 2090 ταύταις
1656 2051 1824 2105 προσ.

174 2118 481 2173 ανατιθέναι
538 2118 630 2171 τὸν
691 2122 799 2171 τῶν
853 2118 1150 2190 ἀναγκαίων
1209 2118 1478 2192 πορισμὸν
1511 2160 1526 2184 ,
1584 2119 1657 2180 ὡς
1716 2119 1828 2190 ἅμα

178 2208 276 2280 μὶν
337 2209 400 2262 τὸ
452 2207 607 2282 γένος
666 2205 1036 2276 πληθύνεσθαι
1112 2210 1225 2280 ἅμα
1301 2205 1345 2261 δ’
1404 2204 1548 2282 ἔχειν
1608 2208 1696 2262 καὶ
1753 2209 1825 2262 ὧν

175 2295 411 2363 δὲοιντο,
466 2297 528 2350 τὸ
579 2292 747 2368 μηδὲν
800 2300 908 2350 τῶν
955 2297 1070 2349 καθ’
1121 2296 1412 2350 ὑπόστασιν
1462 2299 1829 2370 προσκτᾶσθαι

172 2386 511 2457 κτημάτων,
584 2381 712 2456 μηδ’
764 2380 1016 2456 ἐμμὲνειν
1067 2381 1354 2456 κδίσμασιν
1417 2386 1580 2441 οἷ’κων
1615 2433 1628 2457 ,
1685 2386 1831 2442 ἀλλὰ

179 2469 523 2549 μεταϐαίνειν
554 2475 641 2528 καὶ
706 2494 1032 2551 μεταφοιτᾳν
1085 2475 1221 2547 πρὸς
1277 2475 1340 2528 τὸ
1399 2478 1701 2550 χρήσιμον,
1732 2475 1830 2530 κᾶν

175 2566 346 2642 χρεία
373 2569 583 2639 τροφῆς
618 2561 701 2633 εἴη
731 2583 834 2636 τῳ,
873 2561 1040 2636 ὀϊστῷ
1086 2563 1410 2641 χρωμένους
1464 2567 1631 2642 θηρᾷν
1676 2565 1711 2635 ἢ
1742 2564 1831 2620 καὶ

182 2801 295 2843 nec
346 2784 596 2841 sollicite
643 2789 969 2856 congeruut
999 2789 1100 2840 aut
1128 2786 1447 2842 consulunt
1477 2786 1535 2842 in
1565 2786 1830 2841 futurum

180 2891 358 2932 avara
411 2873 795 2946 providentia.
824 2874 906 2928 Ad
944 2874 1096 2930 hanc
1145 2875 1365 2931 scilicet
1412 2876 1685 2930 formavit
1731 2891 1832 2930 eos

184 2963 566 3036 disciplinam
588 2963 821 3035 priscus
839 2964 1101 3035 ipsorum
1118 2963 1418 3037 legislator
1444 2964 1682 3036 quidam
1697 2981 1830 3030 ,non

182 3071 331 3110 sane
389 3053 565 3109 Solon
616 3057 715 3108 aut
760 3053 1061 3124 Lycurgus
1116 3059 1216 3109 aut
1273 3059 1492 3109 Dracon
1543 3053 1623 3124 (hi
1677 3054 1832 3109 enim

178 3142 664 3213 Atheniensibus,
698 3142 1172 3212 Lacedaemoniis,
1204 3148 1260 3198 et
1302 3143 1658 3215 quibusdam
1703 3143 1834 3198 aliis

1936 1936 2365 2014 παραγγέλματα
2421 1937 2470 1991 ἐν
2533 1935 2763 2013 ἀσφαλεῖ
2819 1935 3037 2012 ἔχοντες
3097 1936 3356 2005 ἀλήθειάν
3413 1953 3471 1987 τε
3521 1931 3572 1985 ἂν

1935 2027 2126 2101 λόγοις
2157 2028 2378 2081 ἀσκοῦσι
2421 2026 2510 2080 καὶ
2571 2024 2912 2094 δικαιοσύνην
2973 2026 3022 2079 ἐν
3055 2026 3298 2099 πράξεσι,
3355 2024 3418 2076 τὸ
3479 2021 3574 2092 μὶν

1935 2115 2212 2189 ἰλευθεριῃ
2257 2119 2536 2187 προσῆκον
2582 2119 2790 2188 ψυχῆς,
2833 2116 2894 2170 τὸ
2948 2113 2992 2168 δ’
3031 2114 3280 2184 εὐθύτητι
3326 2113 3578 2186 γνώμης,

1937 2205 2010 2266 ὡς
2039 2203 2437 2276 ἀνεξαπάτητον
2473 2205 2564 2276 μὲν
2625 2206 2757 2258 εἶναι
2817 2206 2901 2265 οἷς
2959 2204 3016 2257 ἂν
3051 2202 3239 2256 ἀκούοι
3278 2223 3362 2264 τις
3392 2201 3576 2271 ἑτέρου

1938 2293 2212 2368 λὲγοντος,
2261 2293 2710 2348 ἀνεπιϐούλευτον
2769 2290 2825 2346 δὲ
2893 2295 2974 2356 οἷς
3039 2291 3264 2366 πράττοι
3321 2290 3378 2343 ἂν
3439 2289 3576 2361 πρὸς

1939 2381 2141 2437 ἰκεῖνον
2198 2377 2400 2457 ἔτερος,
2460 2379 2636 2437 Ἀλλὰ
2691 2382 2869 2454 Νογᾶν
2933 2381 3026 2452 μὲν
3072 2377 3338 2448 κηδεύσας
3371 2379 3397 2430 ὁ
3434 2377 3582 2452 βασι-

1941 2469 2067 2533 λεὺς
2110 2468 2386 2540 τηνικάδε,
2443 2468 2533 2524 τὸν
2592 2469 2810 2524 ἐκείνων
2871 2461 3133 2544 ἄρχοντα,
3195 2467 3425 2539 πέμπων
3483 2463 3583 2518 οὐκ

1941 2559 2075 2614 ἀνίει
2102 2558 2356 2626 πλεῖστα,
2413 2560 2508 2614 ὅσα
2559 2578 2617 2612 τε
2665 2559 2802 2634 πρὸς
2859 2555 3171 2631 ἐνδυμάτων
3232 2562 3432 2633 χρῆσιν
3492 2552 3581 2608 καὶ

1941 2784 2143 2841 lacere
2209 2787 2577 2854 segmentum
2655 2782 2803 2838 forte
2877 2780 3169 2851 abjectum
3245 2776 3582 2846 occurrerit,

1943 2872 2243 2929 sublatum
2273 2871 2474 2928 statim
2497 2870 2664 2939 vesti,
2688 2887 2804 2942 qua
2833 2869 3068 2942 tegitur,
3093 2864 3584 2930 assuito,etiamsi

1941 2965 2098 3020 bona
2117 2964 2194 3020 sit
2215 2980 2320 3019 nec
2343 2967 2501 3019 sarto
2531 2966 2718 3034 egeat.
2750 2960 3037 3016 Nimirum
3073 2958 3180 3014 hoc
3212 2958 3357 3014 citra
3382 2973 3584 3012 neces-

1944 3054 2180 3111 sitatem
2213 3053 2334 3108 fieri
2361 3053 2580 3123 jubens
2609 3052 2665 3107 id
2697 3051 2928 3123 agebat,
2962 3055 3047 3115 ut,
3076 3064 3210 3103 cum
3238 3064 3385 3119 opus
3418 3047 3587 3112 foret,

1946 3143 2238 3199 neminem
2265 3143 2504 3214 puderet
2526 3140 2932 3196 indumentum
2961 3155 3138 3194 manu
3161 3155 3269 3193 sua
3287 3136 3588 3209 proprium

175 3233 480 3305 sapientes
532 3232 919 3303 sapientibus,
955 3233 1166 3288 eruditi
1207 3214 1415 3299 doctis,
1447 3234 1519 3289 ad
1552 3233 1834 3288 rationem
1867 3214 1909 3281 (εἷ
1947 3231 2164 3289 sarcire
2221 3236 2277 3286 et
2332 3229 2750 3285 consarcinatis
2823 3243 2925 3300 per
2979 3232 3374 3283 veteramenta
3428 3226 3590 3282 novis

1943 3325 2147 3377 assuta
2195 3320 2406 3392 pannis
2456 3318 2654 3375 vestiri
2705 3317 3070 3374 centonibus.
3104 3317 3279 3373 Porro
3310 3316 3403 3372 his
3443 3332 3588 3386 pra:-

1943 3409 2367 3482 scriptionibus
2385 3409 2660 3480 sperabat
2672 3412 3015 3463 assecuturu
3027 3423 3080 3460 m
3095 3421 3157 3461 se
3172 3410 3234 3461 ut
3247 3405 3339 3461 sui
3354 3420 3588 3460 summa

1942 3499 2069 3554 vitae
2101 3498 2414 3554 securitate
2447 3497 2796 3562 fruerentur,
2818 3497 3233 3567 exp-.ditosque
3266 3495 3337 3550 ad
3374 3500 3585 3549 nutum

1941 3591 2089 3646 847
2129 3588 2368 3643 haberet
2399 3604 2628 3658 semper
2655 3603 2880 3655 omnes,
2916 3586 3077 3640 nulla
3108 3586 3336 3657 uspiam
3370 3583 3585 3640 sollici-

1944 3679 2148 3734 tudine
2188 3677 2414 3745 afﬁxos,
2445 3676 2662 3748 quippe
2693 3676 2910 3747 quibus
2950 3677 3184 3743 sarissa,
3219 3674 3586 3746 ephippium,

1940 3768 2122 3824 vestis
2148 3772 2204 3823 et
2233 3767 2531 3832 alimenta,
2565 3765 2782 3837 quibus
2831 3765 2965 3820 unis
3010 3765 3278 3836 egebant,
3315 3763 3588 3819 muliebri

1945 3857 2274 3913 ministerio
2300 3859 2513 3912 cuncta
2543 3873 2572 3911 e
2603 3871 2870 3926 gynaeceo
2904 3854 3440 3926 suppeditarentur,
3476 3854 3590 3924 ipsi

1943 3946 2024 4002 rei
2087 3945 2306 4001 bellicas
2369 3946 2466 4000 uni
2525 3949 2796 4000 vacarent
2854 3943 3298 4016 spoliandisque
3357 3943 3586 4014 alienis,

1944 4035 2088 4090 nihil
2109 4039 2386 4106 preterea
2418 4033 2632 4105 negotii
2668 4033 2971 4099 habentes,
3002 4040 3105 4089 aut
3134 4033 3364 4088 curiose
3395 4033 3589 4104 inqui-

1942 4130 2138 4180 rentes
2169 4124 2308 4197 quid
2340 4123 2605 4179 futurum
2654 4127 2827 4179 esset.
2863 4123 3095 4178 Talium
3144 4128 3347 4179 auctor
3391 4122 3588 4194 legum

179 3329 422 3379 exactas
435 3322 825 3377 condiderunt
839 3321 1045 3393 leges),
1062 3323 1161 3377 sed
1179 3322 1384 3377 idiotia
1399 3322 1692 3394 ignobilis,
1709 3322 1838 3378 vilis

181 3411 407 3483 Opificii
430 3410 626 3466 labore
645 3409 846 3479 tritus,
869 3411 1032 3481 prius
1065 3411 1226 3467 faber
1255 3413 1410 3467 346
1444 3412 1747 3480 ferrarius,
1771 3428 1840 3466 ex

181 3499 436 3556 ofﬁcinas
471 3515 538 3554 ac
571 3499 825 3554 fornacis
858 3498 1101 3570 fuligine
1153 3501 1212 3555 in
1261 3501 1572 3572 imperium
1618 3501 1836 3571 produ-

182 3594 320 3645 ctus
351 3593 406 3644 et
437 3589 611 3644 Canis
633 3588 963 3642 declaratus
998 3605 1010 3642 :
1047 3588 1129 3643 sic
1161 3589 1246 3643 illi
1281 3590 1601 3660 principem
1635 3588 1837 3662 appel-

176 3678 330 3734 lant.
391 3677 496 3732 Hic
563 3682 794 3748 gentem
851 3678 1121 3732 excitavit
1177 3678 1350 3734 istam
1411 3685 1474 3733 ut
1525 3696 1554 3734 e
1613 3679 1838 3750 CasPiis

173 3768 370 3840 portis
404 3766 638 3838 prodire
673 3783 783 3821 non
816 3767 1130 3836 dubitaret,
1157 3767 1413 3838 polliceri
1449 3785 1654 3834 ausus,
1689 3785 1836 3839 quo-

172 3873 415 3927 cunque
470 3854 689 3909 bellum
734 3854 1038 3920 inferrent,
1065 3873 1371 3928 nunquam
1404 3857 1646 3913 victoria
1677 3858 1837 3912 frau-

168 3947 427 4015 dandos,
453 3944 501 4001 si
535 3943 765 4016 legibus
812 3963 844 3998 a
893 3961 954 3999 se
987 3947 1306 4017 propositis
1340 3953 1605 4003 accurate
1637 3948 1842 4003 obser-

171 4035 388 4092 vandis
422 4039 705 4090 attentam
741 4034 1108 4106 diligentiam
1135 4035 1561 4108 impenderent.
1594 4043 1838 4094 Summa

171 4125 374 4198 legum
422 4123 544 4179 haec
590 4127 715 4178 erat
747 4140 760 4179 :
799 4122 1046 4180 Delicias
1079 4135 1438 4182 aversantor.
1471 4126 1666 4183 Obviis
1693 4143 1836 4183 con-

164 4215 321 4273 tenti
357 4219 555 4269 sunto.
594 4211 804 4268 Mutum
839 4214 1136 4271 societatis
1163 4215 1507 4272 charitatem
1541 4222 1831 4273 servanto.

169 4303 458 4361 Privatim
492 4302 604 4357 sibi
638 4318 739 4374 pro
773 4302 1015 4359 arbitrio
1063 4303 1370 4360 consulere
1402 4305 1642 4362 vitanto.
1678 4305 1833 4362 Nihil

168 4395 229 4450 in
266 4393 392 4448 vita
421 4391 690 4459 victuque
740 4391 1102 4460 exquisitum
1151 4392 1478 4448 aﬂ'ectanto.
1511 4392 1671 4450 Cibis
1701 4392 1834 4465 qui-

169 4484 532 4553 buscunque
591 4481 716 4536 sine
776 4482 982 4536 mundi
1061 4482 1420 4538 immundive
1495 4484 1834 4540 discrimine

1939 4213 2332 4270 Tzinciscanis
2357 4213 2485 4269 fuit.
2511 4213 2656 4269 Nam
2681 4229 2812 4269 cum
2837 4214 3072 4286 prOprio
3096 4213 3333 4268 nomine
3357 4211 3588 4269 Tzincis

1941 4303 2033 4360 hic
2080 4304 2167 4360 vir
2218 4310 2542 4370 vocaretur,
2575 4303 2747 4359 Canis
2795 4301 3169 4367 vocabulum,
3203 4302 3355 4374 quod
3390 4319 3588 4374 regem

1939 4397 2131 4463 sonat,
2162 4394 2289 4465 ejus
2322 4394 2558 4465 privatis
2591 4393 2938 4464 adjunctum
2999 4390 3371 4465 appellationi
3415 4394 3587 4447 Tzin-

1937 4483 2188 4540 ciscanis
2215 4499 2426 4538 nomen
2469 4482 2669 4550 efﬁcit,
2696 4499 2852 4537 nunc
2882 4482 3174 4538 memorias
3208 4481 3587 4538 commodum

168 4578 439 4630 utuntur.
476 4570 694 4627 Uxores
727 4570 906 4627 simul
953 4570 1239 4644 plurimas
1288 4572 1581 4642 habento;
1631 4579 1688 4629 et
1736 4574 1828 4630 his
1865 4595 1906 4658 D
1939 4588 2254 4628 occurrens
2289 4589 2301 4626 :
2337 4589 2473 4626 nam
2513 4588 2647 4627 cum
2675 4587 2844 4644 agere
2877 4572 2947 4626 de
2982 4571 3089 4626 hoc
3121 4571 3288 4641 coepi,
3322 4571 3584 4626 nondum

167 4679 379 4720 curam
417 4663 814 4734 parandarum
851 4677 1046 4716 rerum
1080 4663 1149 4718 ad
1179 4664 1397 4719 victum
1430 4664 1828 4736 vestitumque

166 4754 415 4810 utilium
452 4751 768 4806 mandanto
803 4768 817 4807 :
851 4750 988 4807 inde
1020 4752 1571 4825 multiplicationem
1617 4755 1828 4826 gentis,

165 4843 442 4900 indidem
521 4840 988 4896 necessariorum
1049 4842 1472 4899 abundantiam
1529 4852 1826 4901 nacturos.

166 4931 536 4990 Prasdiorum
601 4946 666 4985 ac
743 4929 852 4985 soli
933 4933 1336 5002 possessiones
1422 4941 1826 5005 aspernantor.

165 5018 558 5078 Fabricandis
602 5019 878 5075 domibus
910 5036 1024 5075 non
1056 5021 1444 5079 immorantor
1476 5024 1698 5096 :.'vitam
1727 5025 1828 5080 de-

165 5109 486 5169 sultoriam
520 5107 655 5163 hinc
691 5107 852 5177 illuc,
887 5125 1240 5184 quocunque
1272 5111 1493 5168 utilitas
1520 5113 1826 5182 vocaverit,

161 5201 413 5259 assidue
446 5198 898 5272 migrabundam
931 5199 1265 5259 adamanto.
1290 5201 1398 5260 Ubi
1429 5203 1596 5260 cibus
1628 5203 1826 5260 defue-

161 5294 266 5360 rit,
303 5294 407 5347 aut
440 5289 746 5360 sagittaet
772 5293 982 5345 venatu
1029 5296 1296 5363 parante,
1336 5297 1438 5349 aut
1486 5297 1646 5350 secta
1693 5293 1828 5365 equi

156 5398 315 5440 vena
333 5377 686 5451 sanguinem
705 5382 984 5450 sugunto.
1003 5379 1062 5436 Si
1088 5379 1350 5438 solidiori
1380 5399 1530 5455 opus
1551 5383 1827 5440 alimento

163 5473 272 5543 sit,
305 5468 654 5525 intestinum
681 5467 804 5522 ovis
837 5468 1123 5541 sanguine
1156 5471 1455 5544 oppletum
1480 5473 1590 5529 sub
1621 5473 1825 5546 ephip-

165 5563 341 5637 pium
377 5563 658 5632 ponunto.
694 5557 790 5614 Sic
835 5574 1000 5615 mora
1053 5567 1388 5619 concretum
1421 5568 1477 5619 et
1506 5563 1606 5620 illo
1637 5565 1827 5620 calore

161 5655 410 5710 coctum
443 5647 815 5721 sanguinem,
847 5664 979 5705 cum
1010 5651 1278 5707 vescendi
1311 5653 1667 5709 desiderium
1703 5655 1825 5710 fue-

161 5741 272 5814 rit,
316 5741 585 5798 voranto.
637 5737 982 5813 Ubicunque
1032 5739 1214 5800 cuivis
1264 5743 1443 5816 panni
1497 5747 1600 5802 aut
1653 5743 1825 5818 pellis

1938 4667 2171 4718 venerat
2199 4663 2258 4716 in
2294 4667 2568 4717 mentem.
2602 4661 2888 4717 Caeterum
2922 4660 3012 4716 his
3043 4661 3170 4731 ejus
3231 4660 3586 4731 prmscriptis

1941 4753 2383 4826 acquiescentes
2402 4752 2777 4824 contingebat
2802 4753 2941 4807 islos
2957 4751 3201 4823 papulos
3215 4753 3585 4807 veracitetem

1942 4843 1999 4898 in
2031 4843 2348 4915 loquendo,
2378 4842 2711 4914 aequitatem
2745 4842 2801 4896 in
2831 4842 3053 4914 agendo
3083 4847 3299 4911 tenere,
3341 4857 3590 4912 quorum

1940 4933 2084 4988 illud
2117 4933 2370 4988 libertati
2404 4933 2586 4989 animi
2618 4931 2906 4996 convenit,
2939 4933 3046 4987 hoc
3079 4931 3417 4986 rectitudini
3459 4948 3587 4986 mo-

1942 5040 2071 5079 rum
2117 5023 2262 5079 illud
2313 5040 2518 5079 rursus
2545 5027 2739 5078 tutum
2773 5026 3004 5094 prastat
3037 5022 3374 5077 audientem
3409 5038 3442 5076 a
3472 5021 3585 5076 circ

1941 5114 2348 5170 cumventione
2392 5113 2763 5170 fraudulenta
2811 5112 3145 5169 mentientis
3196 5113 3382 5168 socii:
3419 5111 3523 5167 hoc
3555 5129 3588 5169 a

1938 5203 2165 5260 cunctis
2181 5220 2471 5277 quemque
2486 5204 2763 5260 insidiose
2777 5203 3176 5276 grassantium
3193 5202 3341 5259 dolis
3355 5201 3584 5258 liberat.

1937 5296 2126 5366 Hujus
2176 5295 2369 5368 gentis
2419 5294 2736 5367 principem
2771 5300 2910 5350 tunc
2939 5294 3158 5364 Vogam
3210 5295 3322 5350 sibi
3372 5294 3584 5350 foedere

1938 5386 2316 5442 conciliatum
2346 5385 2660 5457 imperator
2691 5402 2824 5441 cum
2859 5387 3057 5442 missis
3088 5385 3309 5441 aifatim
3344 5385 3582 5441 luxurias

1939 5477 2216 5533 nostratis
2275 5476 2685 5532 instrumentis
2731 5477 2801 5532 ad
2853 5476 3094 5532 delicias
3147 5475 3389 5532 Romani
3439 5492 3584 5532 usus

1935 5567 2232 5634 invitaret,
2276 5566 2588 5622 minimum
2639 5567 2901 5639 profecit,
2947 5568 3103 5639 quod
3154 5567 3226 5622 ad
3271 5565 3580 5623 mollitiem

1936 5658 2172 5731 quidem
2206 5657 2451 5713 vestium
2483 5657 2922 5714 eisuadendam
2967 5663 3212 5730 spectat.
3253 5656 3399 5713 Nam
3448 5673 3581 5714 cum

1933 5750 2200 5808 ciborum
2223 5748 2275 5807 ei
2297 5748 2572 5822 exquisiti
2601 5753 2811 5822 gustus
2840 5748 3034 5808 offerri
3063 5752 3327 5808 curasset
3354 5749 3578 5807 variam
