4212 6442
632 389 738 443 799

1937 395 2240 453 GEORGII
2278 397 2740 451 PACHYMERE

3935 382 4047 437 800

638 513 737 567 ὅσα
772 513 907 588 πρὸς
934 516 1151 589 τροφῶν
1200 512 1506 581 ποικιλίαν,
1550 514 1687 589 πρὸς
1735 513 1791 569 δὲ
1847 516 1937 569 καὶ
1967 516 2275 588 ἀνθοσμιῶν
2306 522 2356 585 Α
2390 516 2511 586 λείᾳ
2558 514 2872 589 προσέχων.
2930 516 3136 570 Τοῦτον
3185 514 3477 587 τοιγαροῦν
3529 504 3673 584 ἔχων
3721 509 3749 563 6
3786 503 4050 582 βασιλεὺς

640 599 802 655 οἷ’νων
871 601 1001 662 ὅλας
1052 601 1312 662 πιθάκναις
1362 604 1850 676 φιλοτιμούμενος.
1892 606 1951 661 Ὀ
2004 602 2061 658 δὲ
2088 606 2154 658 τὰ
2189 606 2280 676 μὲν

642 689 717 751 εἷς
756 691 955 764 βρῶσιν
1007 690 1094 743 καὶ
1149 689 1307 743 πάσιν
1359 692 1540 762 μαθὼν
1591 693 1775 766 ἠγάπα
1829 687 2145 765 λαμϐάνων,
2194 696 2282 747 καὶ

644 779 845 851 χρυσὸν
907 776 963 831 δὲ
1020 779 1108 831 καί
1164 776 1398 853 ἄργυρον
1451 778 1502 833 ἐν
1556 778 1839 852 ἐκπώμασι
1898 778 2280 854 προσεδέχετο·

636 867 705 921 τὰ
755 864 809 920 δὲ
864 864 1091 920 ποικίλα
1139 866 1172 934 ἢ
1224 868 1357 940 πρὸς
1413 866 1725 943 καλύπτρας
1757 869 1791 936 ἢ
1823 870 1957 944 πρὸς
2014 867 2286 941 ἐνδύματα

635 953 1032 1030 (ἐφιλοτιμεῖτο
1059 956 1157 1030 γαρ
1189 956 1277 1009 καὶ
1322 960 1488 1011 ταῦτα
1540 957 2034 1028 προσαποστέλλων
2070 958 2097 1011 6
2134 960 2283 1031 βασι-

638 1042 784 1115 λεὺς)
818 1044 1105 1120 ἁφώμενος
1133 1050 1252 1105 ταῖς
1289 1045 1474 1119 χερσὶν
1526 1046 1782 1116 ἀνηρώτα
1832 1048 1920 1101 τὸν
1964 1045 2285 1119 διακομισά-

641 1152 823 1205 μενον,
855 1132 898 1186 εἴ
942 1133 1277 1207 χρησιμεύοι
1337 1136 1473 1208 πρὸς
1529 1134 1770 1212 κεφαλήν
1832 1136 2027 1206 ἐπῖτῷ
2086 1133 2283 1190 ἄπονον

640 1221 775 1275 εἶναι
827 1221 917 1275 καὶ
976 1221 1278 1295 ἀνάλγητον
1312 1222 1679 1299 ἡκαλύπτρα,
1710 1224 1756 1277 εἰ
1807 1225 1834 1278 ὁ
1884 1223 2285 1298 ἐπανεσπαρμέ-

637 1330 730 1371 νος
789 1309 1062 1385 μάργαρος
1113 1308 1335 1381 ἀμύνειν
1388 1308 1508 1385 ἔχοι
1555 1311 1722 1377 ταύτη
1768 1311 1864 1373 τὰς
1919 1313 2193 1386 ἀστραπὰς
2241 1312 2287 1367 εἷ

639 1397 715 1459 εἷς
750 1400 988 1473 βροντῶν
1021 1398 1280 1469 κτύπους,
1316 1398 1453 1453 ὥστε
1501 1400 1576 1472 μὴ
1629 1396 1995 1475 ἐμϐρόντητον
2045 1404 2289 1475 γίνεσθαι

636 1488 728 1542 τὸν
788 1489 1076 1565 φοροῦντα,
1129 1488 1156 1542 ὁ
1189 1486 1341 1549 λίΟος
1402 1490 1733 1564 συναίροιτο,
1786 1490 1830 1543 εἰ
1887 1490 1952 1543 τὰ
2006 1489 2285 1559 πολυτελῆ

636 1576 788 1640 αὖθις
823 1574 1091 1647 ἐνδύματα
1141 1576 1216 1638 είς
1272 1577 1496 1631 ἀπονίαν
1557 1576 1739 1650 μελῶν
1789 1573 2189 1650 συλλαμϐάνων
2222 1578 2287 1635 Εἰ

637 1667 731 1739 μὶν
786 1666 887 1720 οὐκ
937 1663 1161 1739 ἔλεγον,
1227 1666 1624 1743 παρερῥίπτει,
1678 1667 1721 1721 εἰ
1777 1668 1865 1721 καὶ
1920 1664 2156 1731 ἐνδυθεὶς
2208 1668 2289 1722 ἐπ’

632 1754 819 1829 ὀλίγον
853 1756 980 1809 ὅσον
1011 1756 1105 1816 τὰς
1166 1753 1351 1830 φιλίας
1406 1756 1835 1833 ἀφοσιώσασθαι,
1884 1755 2288 1829 ἀπεκδυόμενος

634 1842 937 1917 παραυτίκα
990 1838 1364 1915 μετελάμϐανε
1413 1851 1575 1913 κυνῆν
1626 1843 1659 1913 ἢ
1705 1841 1983 1917 προϐατῆν
2037 1845 2135 1913 τήν
2168 1867 2289 1899 συν-

636 1916 770 2003 ήθὴ,
802 1932 891 1986 καὶ
924 1936 1105 2007 φορῶν
1160 1928 1451 2006 ἐκυδροῦτο
1504 1931 1671 1988 πλέον
1805 1932 1929 1988 ὅσοι
1957 1940 2074 1996 ταῖς
2106 1932 2287 1989 πολυ-
2318 1916 2366 1981 Β

635 2020 816 2077 τελέσι
879 2020 1123 2082 στολαῖς.
1182 2020 1457 2083 Ὡσαύτως
1506 2022 1594 2076 καὶ
1648 2022 1734 2076 ἐπὶ
1789 2029 1906 2085 ταῖς
1956 2022 2290 2097 καλύπτραις

634 2108 827 2179 ἐποίει,
878 2111 976 2178 τήν
1037 2110 1172 2183 πρὸς
1238 2117 1437 2185 χρῆσιν
1499 2111 1788 2188 ἀναγκαίαν
1838 2117 1944 2167 τῶν
1996 2117 2285 2188 περιττῶν,

633 2197 728 2253 κᾶν
760 2200 826 2268 ἦν
858 2204 965 2254 τῶν
998 2197 1345 2269 πολυτελῶν,
1391 2200 1839 2275 ἀνθαιρούμενος.
1894 2202 1955 2258 Εἰ
2006 2202 2051 2257 δ’
2082 2201 2284 2263 ἐκεῖνος

632 2287 1012 2360 πλαττόμενος
1069 2283 1255 2357 ὄνησιν
1313 2289 1491 2366 φέρειν
1552 2287 1704 2365 ἔλεγε
1774 2295 1854 2363 τῷ
1913 2295 2166 2367 φοροῦντι
2224 2292 2286 2345 τὸ

631 2375 823 2445 κτέρας
881 2377 977 2444 τὴν
1038 2376 1253 2432 οἷανοῦν
1303 2399 1360 2431 τε
1406 2378 1496 2433 καὶ
1557 2376 1929 2452 ὁπουδήποτε,
1980 2379 2137 2444 εὐθὺς
2195 2401 2286 2435 πι-

636 2467 840 2523 στεύων
872 2467 1075 2545 ἐφορει,
1110 2467 1171 2523 οὐ
1227 2466 1405 2532 λίθοις
1452 2466 1579 2524 οὐδὲ
1631 2468 1951 2547 μαργᾶροις,
1985 2468 2113 2526 ἀλλ’
2143 2469 2287 2546 ὠφε-

637 2690 868 2762 copiam
898 2690 1139 2763 vinique
1170 2692 1395 2748 odorati
1422 2696 1545 2748 tota
1576 2692 1757 2763 dolia,
1783 2693 1871 2748 his
1901 2692 2139 2764 quidem
2174 2709 2288 2748 non

629 2778 930 2835 illibenter
989 2785 1079 2835 est
1138 2797 1304 2835 usus.
1337 2786 1561 2837 Aurum
1626 2783 1765 2837 item
1800 2787 1858 2837 et
1886 2786 2193 2852 argentum
2229 2782 2286 2835 in

630 2871 786 2925 vasis
818 2869 1162 2941 poculisque
1208 2871 1361 2926 dono
1413 2872 1567 2927 datis
1618 2873 1876 2944 probans
1926 2871 2188 2927 admisit.
2220 2873 2291 2925 At

633 2957 1007 3013 versicoloris
1036 2958 1178 3013 varii
1210 2958 1440 3030 generis
1472 2964 1598 3014 tum
1633 2961 1845 3032 capitis
1874 2961 2133 3032 tegmina
2163 2966 2289 3014 tum

640 3047 1037 3103 membrorum
1085 3048 1432 3105 indumenta
1475 3056 1838 3118 ceterorum,
1872 3066 2118 3121 quarum
2150 3048 2290 3104 item

642 3153 838 3192 rerum
891 3137 1012 3191 vim
1083 3153 1360 3208 magnam
1413 3140 1588 3209 .regia
1639 3139 1828 3194 eidem
1894 3137 2292 3193 muniﬁcentia

640 3226 964 3298 imperator
1013 3226 1272 3296 miserat,
1308 3228 1451 3294 haec,
1486 3228 1750 3298 inquam,
1803 3228 2292 3299 aspernabundus

2388 600 2611 675 ἕτοιμον
2665 608 2762 658 τοῦ
2819 602 3220 657 Κωνσταντίνου
3279 599 3737 673 καταγραμεῖσθαι
3794 595 3884 650 καὶ
3942 595 4046 661 τήν

2390 692 2593 747 ἐκείνου
2626 690 2904 746 σκυλεύειν
2956 692 3169 766 χώραν,
3198 689 3246 743 εἴ
3292 694 3409 750 τοῖς
3456 692 3553 743 τοῦ
3606 683 3873 761 βασιλέως
3907 683 4050 738 ἐκεῖ·

2388 803 2479 843 νος
2512 780 2675 853 ἐπίοι,
2724 782 2785 836 ού
2841 775 3217 853 Μεσεμϐρείας
3265 778 3428 850 μόνον
3478 776 3712 851 στερρὦ
3758 774 4045 846 ἀντείχετο

2388 870 2476 925 καὶ
2524 874 2623 938 τῆς
2674 870 2998 944 Ἀγχιάλου,
3051 866 3196 923 ἀλλὰ
3241 868 3329 921 καὶ
3383 864 3701 934 Σωζόπολιν
3732 864 3821 917 καὶ
3874 863 4043 934 Ἀγα-

2390 957 2677 1022 θιούπολιν
2727 958 2814 1012 καὶ
2874 957 3217 1031 Κανστρίτζιν
3277 956 3363 1009 καὶ
3427 952 3551 1009 ἄλλ’
3599 954 3727 1007 ἄττα
3784 950 4043 1028 φρούρια,

2391 1048 2524 1122 ἅπερ
2555 1049 2606 1101 οἱ
2644 1051 2741 1101 τοῦ
2800 1046 3067 1122 βασιλέως
3122 1044 3601 1115 ἐπισκευασάμενοι
3660 1044 4043 1115 προσεκτῶντο

2390 1140 2470 1206 τῷ
2505 1135 2741 1209 βασιλεῖ,
2773 1134 2861 1188 καὶ
2914 1134 3032 1189 λίαν
3078 1134 3128 1188 ἐν
3178 1137 3365 1208 χεροῖν
3424 1132 3557 1205 εἶχε,
3595 1128 3734 1203 μηδὲ
3775 1126 4044 1205 φρουρίου

2392 1224 2543 1279 σκιὰν
2594 1223 2951 1297 προϊέμενος.
3005 1217 3378 1297 Μεσὲμϐρειαν
3434 1222 3537 1294 γὰρ
3582 1221 3669 1273 καὶ
3719 1218 3778 1272 ἐκ
3830 1215 4046 1271 δικαίου

2391 1313 2560 1368 πάλαι
2591 1314 2716 1367 ποτ’
2740 1314 2876 1386 εἶχε,
2907 1306 3089 1366 λαϐὼν
3119 1310 3261 1385 παρὰ
3290 1314 3387 1364 τοῦ
3422 1309 3629 1377 Μυτζῆ.

2394 1422 2451 1478 ι’.
2510 1418 2592 1475 Τὰ
2646 1418 2770 1491 περῖ
2820 1422 2925 1491 τοῦ
2991 1418 3117 1476 τοὺς
3180 1410 3417 1483 Σέρϐους
3470 1410 3821 1491 κήδους-τοῦ
3881 1409 4032 1491 βασι-

2466 1490 2604 1550 λέως
2669 1480 2758 1543 καὶ
2816 1486 2905 1543 διὰ
2959 1492 3126 1542 ταῦτα
3198 1480 3299 1556 τῆς
3364 1490 3461 1541 τοῦ
3519 1480 4047 1560 πατριάρχουέπι-

2468 1560 2669 1633 δημίοις
2703 1560 2891 1616 ἐκεῖσε.

2464 1670 2522 1724 '0
2554 1665 2611 1722 δὲ
2650 1672 2869 1735 Μτυζῆς
2918 1666 3094 1733 οὗτος,
3146 1665 3229 1737 [Ρ.
3256 1666 3383 1737 238]
3426 1660 3503 1716 ἵν’
3555 1654 3915 1717 ἐπαναλαϐὼν
3959 1655 4053 1711 εύο

2398 1756 2721 1829 μαθὲστερον
2773 1753 3151 1830 διηγήσωμᾶι,
3185 1748 3432 1828 γαμϐρὸς
3486 1753 3580 1823 μὲν
3630 1770 3696 1820 ην
3750 1747 3837 1802 ἐπὶ
3881 1748 4050 1818 θυγα-

2394 1846 2479 1919 τρὶ
2508 1851 2588 1919 τῷ
2620 1846 2801 1913 Ἀσᾶν,
2847 1839 3197 1919 σύγγαμϐρος
3254 1840 3312 1897 δὲ
3360 1838 3643 1914 Θεοδώρου
3689 1838 3786 1893 τοῦ
3833 1837 4050 1891 Λάσκα-

2399 1957 2471 2011 ρι.
2516 1936 2674 1991 Ἀσᾶν
2723 1931 2766 1989 δ’
2803 1934 2961 1996 οὗτος
3005 1934 3071 2001 ἦν
3126 1932 3183 1987 ’ὸν
3236 1930 3400 2007 λόγος
3445 1929 3533 1984 καὶ
3583 1928 3800 1999 Ἰωάννῃ
3854 1922 4055 1979 συνελ-

2398 2028 2507 2080 θεῖν
2534 2030 2614 2097 τῷ
2674 2024 2850 2093 Δούκᾳ
2904 2023 2990 2077 καὶ
3054 2020 3289 2096 βασιλεῖ,
3334 2019 3423 2075 καί
3468 2040 3529 2093 γε
3586 2016 3678 2072 σὺν
3737 2014 3929 2086 ἐκείνῳ
3985 2012 4053 2067 τὰ

2398 2116 2533 2170 κατά
2594 2112 2742 2169 δύσιν
2802 2110 3119 2187 ἐπιδραμεῖν
3152 2155 3165 2179 ,
3226 2107 3551 2187 φιλοκαλίας
3610 2106 3790 2175 πάσης
3850 2099 4053 2178 ἔχοντα

2400 2203 2683 2279 δειγματα.
2744 2205 2830 2265 Ὠς
2886 2206 3016 2276 γοῦν
3077 2201 3281 2262 ἐκεῖνος
3337 2197 3585 2253 ἐτελεύτα
3638 2198 3727 2249 καὶ
3760 2194 3921 2256 οὗτος
3948 2194 4050 2261 τὴν

2400 2294 2577 2370 ἀρχὴν
2610 2290 2829 2367 ἐδέχετο
2855 2296 2963 2347 τῶν
3018 2288 3337 2365 βουλγάρων
3402 2284 3707 2362 βούλγαρος
3764 2279 3859 2349 ὢν,
3894 2282 4053 2370 συν-ἐ-

2397 2377 2577 2437 δαινέν
2611 2382 2662 2435 οἱ
2697 2382 2791 2453 μὲν
2840 2378 3200 2455 προσκρόύειν
3248 2378 3339 2432 καὶ
3390 2374 3625 2453 βασιλεῖ,
3660 2373 3733 2434 ὡς
3782 2370 3874 2427 καὶ
3906 2368 4051 2425 πολ-

2399 2469 2556 2534 λάκις
2598 2468 2669 2525 δι’
2736 2468 2935 2545 ἔχθρας
2988 2468 3079 2523 καὶ
3131 2466 3391 2540 πολέμων
3422 2470 3538 2527 τοῖς
3594 2466 3701 2518 τῶν
3753 2460 4050 2533 Ῥωμαίων

2400 2694 2573 2748 modo
2602 2692 2964 2747 infestandas
2994 2689 3262 2760 regiones
3289 2686 3532 2758 imperio
3572 2684 3894 2753 subjectus,
3928 2696 4047 2737 non

2399 2781 2824 2837 Mesembream
2870 2778 3062 2835 solum
3098 2783 3155 2833 et
3185 2775 3537 2831 Anchialum
3572 2787 3818 2827 securus
3850 2774 4057 2841 pacto-

2400 2889 2531 2927 rum
2592 2870 2889 2926 mordicus
2946 2868 3200 2937 tenebat,
3232 2867 3333 2923 sed
3367 2870 3645 2937 preterea
3695 2860 4060 2932 Sozopolim,

2398 2960 2853 3033 Agathiopolim,
2884 2955 3253 3013 Canstritzim
3285 2960 3343 3011 et
3371 2953 3518 3010 alias
3546 2951 3833 3023 quasdam
3864 2964 4059 3017 arces,

2401 3068 2435 3107 a
2464 3050 2715 3105 ducibus
2745 3049 2872 3117 ejus
2904 3045 3100 3103 oblata
3132 3044 3254 3101 usis
3284 3042 3589 3101 occasione
3619 3045 3866 3112 captas;
3922 3054 4057 3109 quas

2400 3139 2497 3194 ille
2528 3138 2726 3193 omnia
2775 3136 2859 3191 sic
2908 3135 3253 3206 arripuerat,
3288 3137 3351 3188 ut
3380 3136 3574 3187 certus
3606 3129 3905 3184 videretur
3935 3142 4059 3181 non

2402 3228 2670 3285 amittere
2688 3227 2759 3281 de
2787 3224 3083 3289 manibus,
3107 3240 3172 3279 ac
3196 3240 3266 3279 ne
3298 3222 3568 3277 umbram
3601 3218 3839 3290 quidem
3873 3214 4061 3271 ullius

642 3315 794 3371 848
846 3314 903 3369 in
959 3332 1171 3370 manus
1231 3332 1473 3371 sumens
1532 3317 1989 3387 percontabatur
2039 3317 2110 3372 ab
2152 3316 2288 3373 oti‘e-
2323 3333 2365 3401 ρ
2403 3336 2473 3375 ex
2521 3317 2613 3373 his
2664 3332 2850 3387 nuper
2879 3314 3185 3385 acquisitis
3214 3312 3301 3368 vel
3334 3312 3575 3367 minutis
3607 3306 4063 3364 munitiuncula

638 3410 805 3460 reute
834 3421 907 3460 an
939 3404 996 3458 id
1030 3410 1187 3460 certo
1220 3410 1524 3476 praestaret
1564 3405 1753 3462 bellus
1800 3406 1910 3461 iste
1964 3406 2149 3478 pileus
2193 3422 2290 3462 ca-

637 3494 741 3565 piti
777 3495 930 3565 quod
962 3498 1207 3565 tegeret,
1241 3500 1304 3549 ut
1335 3494 1496 3550 nullo
1527 3495 1804 3567 deinceps
1855 3495 1991 3551 mali
2043 3497 2293 3569 appulsu

636 3582 968 3648 inderetur,
1006 3581 1235 3637 nullum
1288 3582 1549 3639 dolorem
1599 3585 1876 3652 sentiret;
1935 3602 2007 3641 an
2042 3585 2295 3658 inspersi

635 3670 775 3726 huic
808 3670 1058 3726 uniones
1090 3676 1433 3743 casteraaque
1462 3673 1693 3728 insertis
1725 3690 1972 3745 gemma
2020 3676 2139 3729 vim
2190 3673 2293 3729 ha-

638 3761 844 3816 berent
903 3776 1177 3815 arcanam
1232 3764 1577 3833 quampiam
1639 3762 1873 3835 fulgura
1928 3763 2295 3835 fulminaque

642 3849 942 3906 avertendi
976 3866 1009 3904 a
1038 3857 1302 3920 gestante
1330 3870 1344 3917 ;
1390 3856 1581 3908 vestes
1611 3852 1751 3909 item
1780 3853 1889 3907 illa:
1922 3853 2197 3924 speciosae
2228 3870 2295 3909 ac

643 3937 852 3995 molles
888 3954 1028 3993 num
1062 3940 1332 3995 membra
1361 3956 1491 4011 quas
1524 3942 1817 3997 ambirent
1855 3944 2206 3999 lassitudine
2235 3943 2293 3997 in

637 4027 838 4083 labore
897 4027 1295 4099 prohiberent.
1364 4030 1514 4085 Tum
1576 4030 1674 4087 illo
1727 4031 1950 4088 scilicet
2022 4036 2294 4105 negante,

638 4117 832 4187 Nogas
864 4115 1155 4187 quidquid
1187 4115 1396 4172 horum
1431 4119 1797 4190 interrogans
1827 4122 2099 4193 attigerat
2132 4122 2293 4176 fasti-

646 4206 811 4262 diose
871 4205 1205 4275 rejectabat.
1236 4208 1314 4262 Ac
1368 4225 1699 4281 quanquam
1759 4212 2026 4267 amicitia;
2077 4218 2297 4267 mutua:

646 4295 1043 4351 contestandas
1077 4312 1256 4350 causa
1291 4314 1466 4353 unam
1500 4315 1531 4353 e
1563 4300 1766 4356 missis
1800 4302 1871 4355 ab
1902 4308 2167 4373 Augusto
2200 4318 2294 4356 ve-

644 4386 837 4462 stibus
889 4386 995 4440 sibi
1050 4387 1416 4443 circumdare
1447 4391 1753 4460 sustinuit,
1789 4392 2136 4449 brevissimo
2166 4409 2295 4448 eam

644 4474 786 4531 tulit
841 4474 1050 4545 spatio,
1114 4476 1393 4533 familiare
1449 4480 1641 4536 statim
1674 4497 1703 4536 e
1735 4483 1945 4537 canina
1992 4482 2081 4538 vel
2129 4482 2299 4538 ovina

644 4564 795 4637 pelle
824 4564 1242 4620 vestimentum
1279 4583 1608 4640 resumens,
1638 4588 1705 4627 eo
1752 4587 1815 4628 se
1864 4572 2171 4644 magniﬁce
2202 4589 2295 4629 os-

643 4658 905 4723 tentans,
957 4670 1062 4709 nec
1124 4657 1340 4725 minus,
1389 4664 1451 4713 ut
1508 4662 1847 4733 apparebat,
1909 4662 1968 4717 in
2022 4661 2122 4717 illo
2181 4661 2293 4716 sibi

643 4759 823 4814 quam
858 4744 1065 4813 quovis
1096 4746 1254 4816 regio
1288 4747 1703 4818 paludamento
1737 4750 1993 4823 placens.
2027 4752 2121 4808 Sic
2151 4757 2208 4808 et
2232 4753 2292 4807 in

644 4834 1023 4905 operimentis
1054 4839 1263 4909 capitis
1297 4841 1449 4911 fecit,
1473 4852 1797 4914 opportuna
1827 4850 1883 4899 et
1911 4844 2025 4900 sibi
2058 4850 2296 4900 assueta

646 4941 765 4997 prae
828 4926 1112 4997 speciosis
1170 4930 1559 5004 pretiosisque
1613 4933 1858 5006 eligens.
1891 4936 2053 5000 Quod
2100 4936 2148 4991 si
2196 4936 2292 5006 qui

642 5013 766 5069 haec
795 5014 906 5086 ipsi
939 5016 1214 5073 attulerat
1245 5019 1390 5076 forte
1423 5022 1647 5093 ﬁngens
1678 5024 2075 5095 respondisset
2106 5026 2297 5080 inesse

646 5102 721 5158 iis
770 5120 948 5175 quam
1010 5108 1340 5178 requirebat
1386 5112 1506 5167 vim
1556 5113 1776 5168 doloris
1826 5130 1891 5170 ac
1937 5114 2298 5185 fatigationis

649 5191 861 5248 malive
891 5196 1087 5253 omnis
1120 5200 1377 5269 arcendi,
1406 5205 1546 5257 tunc
1591 5220 1732 5259 sane
1782 5203 1877 5259 ille
1927 5205 2125 5260 statim
2172 5219 2299 5259 cre-

650 5283 796 5337 dens
825 5289 1034 5340 cuncta
1065 5286 1355 5346 induisset
1387 5297 1942 5365 perseveranterque
1989 5298 2298 5365 gestasset,

652 5388 767 5427 non
802 5389 1065 5445 gemmas
1096 5384 1201 5432 aut
1235 5380 1582 5451 margaritas
1614 5382 1901 5449 videlicet,
1933 5399 2134 5438 verum
2168 5401 2298 5455 pro-

652 5462 893 5519 missam
930 5464 1244 5525 utilitatem
1274 5486 1507 5527 curans.
1534 5474 1719 5529 Istum
1753 5473 2069 5543 igiturtam
2092 5480 2303 5545 poten-

644 5556 762 5607 tem
796 5553 1121 5627 principem
1174 5558 1399 5617 habens
1448 5568 1715 5633 paratum
1767 5563 2086 5634 imperator
2114 5565 2186 5621 ad
2220 5566 2299 5621 ir-

651 5646 1042 5714 rumpendum
1080 5647 1137 5703 in
1172 5649 1526 5723 Bulgariam,
1552 5653 1781 5724 quoties
1814 5653 1947 5710 inde
1968 5671 2029 5710 se
2053 5671 2302 5713 commo-

650 5734 833 5792 visset
863 5736 1282 5800 Constantinus
1315 5743 1384 5800 ad
1419 5743 1841 5817 deprwdandas
1887 5750 1989 5804 aut
2034 5762 2299 5820 quoquo-

2325 4707 2372 4773 D

2404 3424 2662 3479 unquam
2720 3406 2872 3462 849
2934 3406 3192 3460 reddere.
3235 3403 3381 3459 Nam
3436 3400 3854 3457 Mesembream
3916 3394 4063 3451 olim

2403 3514 2738 3571 possessam
2808 3498 2945 3567 jure
2993 3496 3118 3566 jam
3174 3510 3281 3549 suo
3341 3508 3403 3547 se
3461 3491 3706 3563 putabat
3764 3485 4065 3554 obtinere,

2403 3590 2621 3661 quippe
2652 3586 2766 3643 sibi
2792 3586 3068 3643 donatam
3095 3602 3130 3641 a
3158 3581 3417 3655 legitimo
3447 3586 3587 3637 tunc
3631 3580 3760 3649 ejus
3809 3575 4057 3632 domino

2404 3679 2610 3749 Mytze.

2401 3824 2455 3879 5.
2518 3824 2592 3877 De
2659 3824 2864 3894 Mytze,
2922 3826 2976 3875 et
3037 3819 3211 3943 rudi;
3270 3812 3596 3942 ijtnperatori
3667 3808 4065 3865 Mesembream

3148 3904 3175 3943 ε
3214 3904 3293 3943 en
3329 3929 3340 3941 .

3148 3904 3340 3944 ϐίῐϐΓῖῑ.

2476 4040 2578 4097 Hic
2611 4054 2780 4111 porro
2834 4040 3071 4109 Mytzes,
3108 4039 3172 4090 ut
3202 4033 3379 4090 altius
3412 4034 3681 4103 repetens
3711 4023 4068 4082 distinctius

2403 4148 2527 4187 rem
2559 4144 2868 4201 eXponam,
2897 4141 3075 4198 gener
3102 4129 3226 4180 erat
3254 4122 3466 4179 Asanis
3505 4120 3685 4175 ducta
3729 4116 3860 4186 ejus
3914 4113 4063 4183 filia,

2403 4221 2576 4292 cujus
2630 4233 2888 4274 sororem
2922 4216 2981 4271 in
3025 4212 3403 4269 matrimonio
3452 4208 3662 4265 habuit
3716 4204 4068 4260 Theodorus

2404 4310 2689 4375 Lascaris,
2707 4307 2829 4379 pari
2852 4304 3030 4361 Asani
3063 4302 3369 4359 affinitatis
3391 4299 3577 4373 gradu
3601 4298 3671 4353 ad
3683 4297 4069 4351 motus.Asan

2406 4405 2600 4456 autem
2636 4398 2729 4452 hic
2759 4408 2870 4465 est,
2904 4410 3077 4466 quem
3113 4391 3354 4447 historia
3411 4390 3580 4444 dooet
3620 4384 3834 4443 Joanni
3885 4383 4070 4439 Ducas

2405 4485 2743 4560 imperatori
2769 4484 2994 4541 socium
3022 4478 3587 4551 fuisse,junctisque
3607 4492 3741 4531 cum
3774 4489 3840 4530 eo
3874 4473 4071 4544 copiis

2405 4579 2741 4633 incursasse
2762 4570 3442 4643 communiexpeditione
3458 4566 3746 4623 Occiduas
3765 4562 4068 4634 regiones,

2406 4683 2621 4739 magna
2649 4664 2844 4720 omnis
2873 4662 3176 4734 elegantias
3209 4659 3427 4714 indicia
3456 4651 3927 4730 prabentem.Ut
3955 4668 4065 4707 au-

2404 4764 2523 4815 tem
2554 4756 2779 4811 Joanne
2797 4754 2921 4824 jam
2948 4754 3178 4807 mortuo
3209 4752 3363 4804 Asan
3396 4760 3643 4817 regnum
3668 4742 4067 4815 Bulgarorum

2405 4846 2696 4918 Bulgarus
2726 4849 2859 4900 ortu
2892 4840 3132 4911 accepit,
3161 4836 3408 4909 contigit
3438 4851 3574 4891 eum
3606 4832 3760 4905 apud
3795 4831 4065 4902 impera-

2408 4944 2596 4994 torem
2639 4934 2954 4997 oﬂ‘endere,
2986 4927 3392 4987 simultatibus
3441 4926 3501 4981 in
3553 4922 3773 4979 bellum
3821 4936 4070 4991 quoque

2408 5030 2674 5097 apertum
2709 5019 3254 5095 prorumpentibus,
3284 5018 3475 5073 Asane
3528 5030 3642 5069 non
3692 5009 3876 5067 semel
3922 5027 4070 5067 suas

2409 5115 2608 5187 c0pias
2652 5109 2931 5167 Romanis
2983 5111 3334 5181 opponente.
3367 5104 3480 5159 Sed
3532 5107 3590 5158 et
3634 5101 3771 5158 item
3819 5101 4076 5172 contigit

2411 5221 2617 5279 parum
2651 5206 2885 5275 gratum
2909 5199 3034 5255 suis
3061 5198 3254 5269 ipsum
3277 5195 3516 5252 evadere
3546 5190 3834 5264 Bulgaria,
3856 5189 4072 5246 multis

2411 5302 2469 5352 et
2502 5290 2811 5363 praecipuis
2844 5291 3108 5362 ipsorum
3138 5288 3189 5343 ei
3216 5285 3471 5358 graviter
3500 5282 3739 5339 offensis
3783 5280 4070 5336 infensis-

2413 5400 2548 5457 que.
2575 5382 2740 5438 Unde
2761 5381 2811 5437 is
2831 5379 2889 5434 in
2913 5376 3388 5451 perturbationes
3420 5372 3578 5429 haud
3603 5387 3813 5444 parvas
3835 5368 4074 5440 incidit,

2415 5472 2781 5547 proceribus,
2811 5485 2957 5541 quos
2999 5468 3072 5523 ab
3104 5483 3171 5522 eo
3204 5464 3554 5521 alienaverat
3608 5460 3849 5526 invidia,
3901 5458 4077 5514 incli-

2415 5563 2696 5621 nantibus
2729 5560 2797 5617 ad
2831 5556 3305 5622 Constantinum,
3338 5551 3652 5609 dimidium
3684 5548 3921 5623 generis
3952 5554 4073 5604 tra-

2414 5654 2655 5711 hentem
2678 5667 2745 5706 ex
2765 5648 2992 5717 Serbis;
3018 5646 3111 5703 cui
3144 5644 3306 5701 nulla
3336 5659 3472 5699 cum
3502 5644 3694 5699 Asane
3724 5639 4074 5712 cognatione

2411 5747 2621 5820 juncto
2653 5744 2941 5815 quantum
2972 5738 3046 5798 ad
3076 5736 3421 5811 suti‘ragium
3480 5731 3849 5807 principatus
3876 5730 4076 5789 deerat
