4212 6442
196 380 285 435 801

1249 374 1339 428 DE
1376 371 1749 428 MICHABLE
1787 367 2233 425 PALBOLOGO
2266 370 2401 424 LIB.
2440 369 2508 421 ν.

3474 378 3580 434 802

200 501 320 554 ξέναι
378 494 787 573 στρατεύμασι,
844 488 1119 548 συνέϐαινε
1193 490 1251 546 δὲ
1306 490 1665 567 προσκρούειν
1734 488 1823 543 καὶ
1858 494 1908 559 Α
1937 492 2214 559 περιποιεῖ
2240 493 2357 549 τοῖς
2407 486 2729 559 Ῥωμαίοις,
2782 489 2871 542 τὸν
2933 483 2992 543 δέ
3019 511 3079 566 γε
3109 492 3453 562 Μυτζῆνόιά
3480 503 3579 553 τοῦ

200 584 422 648 πολλοῖς
491 586 604 655 ἅμα
666 582 756 637 καὶ
808 585 1083 657 μεγιστᾶσι
1156 584 1263 634 τῶν
1348 577 1682 651 Βουλγάρων
1740 576 1829 631 καὶ

200 679 451 750 ταραχαῖς
475 673 537 727 οὐ
568 670 975 746 προσηκούσαις
1007 668 1316 741 ἐμπίπτειν.
1368 669 1532 724 Ταῦτ’
1587 668 1689 738 ἄρα
1740 666 1826 720 καὶ

200 764 365 834 τούτῳ
441 760 887 838 διαφθονούμενοι
963 759 1099 831 πρὸς
1166 758 1256 811 τὸν
1318 761 1715 811 Κωνσταντῖνον
1775 752 1834 808 ἐκ

204 847 408 925 Σὲρϐων
469 851 520 920 ἐξ
569 849 823 922 ἡμισείας
864 848 927 902 τὸ
975 848 1131 921 γένος
1178 843 1376 920 ἔχοντα
1423 843 1831 899 ἀποκλίνουσιν.

202 943 342 999 Ὀσιν
397 939 490 995 οὗν
543 937 783 993 ὲνέλιπέν
837 938 889 990 οἱ
936 937 1071 1010 πρὸς
1102 937 1200 1004 τήν
1246 934 1423 1009 ἀρχὴν
1478 933 1535 988 ἐκ
1575 933 1834 1007 σφετέρου

204 1030 402 1105 γίνους,
464 1024 631 1100 μηδὶν
687 1030 767 1097 τῷ
826 1025 984 1080 ’Δσὰν
1035 1025 1349 1094 προσήκων,
1381 1024 1481 1090 τὴν
1513 1021 1717 1077 ἐκείνου
1748 1019 1834 1074 ἐκ·

202 1119 357 1194 γόνην
411 1111 592 1173 λαϐὼν
654 1114 731 1178 εἰς
774 1119 998 1191 γυναῖκα
1044 1118 1140 1168 τοῦ
1195 1114 1447 1168 Ἰωάννου
1495 1112 1836 1184 πέμψαντος,

204 1207 275 1263 ἱπ¹
307 1206 436 1261 ἴσων
465 1206 580 1280 εἶχε
605 1204 666 1259 τὸ
696 1204 832 1279 πρὸς
862 1204 960 1271 τήν
992 1206 1090 1257 τοῦ
1117 1200 1272 1258 Ἀσάν
1317 1199 1596 1275 βασιλείαν
1625 1198 1833 1253 δίκαιον

207 1297 408 1369 Μυτζῇ·
461 1294 709 1354 κάκεῖνος
746 1293 839 1364 μὶν
866 1292 964 1359 τὴν
1000 1289 1274 1364 Τέργονον
1326 1289 1463 1363 εἶχε,
1512 1290 1603 1343 καὶ
1642 1289 1709 1343 τὰ
1737 1294 1835 1356 τῆς

209 1382 473 1459 βασιλείας
520 1381 657 1451 κλέη
689 1380 973 1456 ἐπεφὲρετο
1016 1376 1465 1453 ι.ι.εγαλι)πρεπιῖ›ς⁹
1500 1379 1528 1432 6
1580 1377 1636 1432 δὲ
1686 1379 1835 1433 Μυτ-

206 1479 291 1544 ζῆς
316 1473 385 1528 τὰ
431 1470 619 1543 κύκλῳ
644 1474 985 1545 περικρατῶν
1033 1476 1165 1523 ποτε
1210 1468 1303 1540 μὶν
1350 1468 1575 1540 ἠρκεῖτο
1625 1467 1838 1526 τούτοις

203 1561 283 1617 καὶ
335 1560 706 1633 καθησύχαζε,
764 1559 898 1613 ποτὲ
955 1554 1001 1611 δ’
1056 1555 1207 1618 αὖθις
1266 1554 1356 1611 καὶ
1416 1553 1837 1633 ἀντεφιλονείκει

204 1652 327 1727 πρὸς
385 1652 811 1719 Κωνσταντῖνον,
854 1647 911 1701 ὃν
944 1645 1033 1700 καί
1082 1666 1215 1700 ποτε
1260 1641 1473 1699 διώκων
1528 1642 1842 1699 ἀπέκλεισεν

205 1740 273 1801 ιίς
325 1738 672 1811 Σθενίμαχον
729 1736 999 1810 ἡμιτερον
1060 1731 1140 1789 ὅν.
1200 1733 1302 1790 Καὶ
1362 1733 1407 1787 εἰ
1471 1734 1545 1805 μή
1575 1738 1693 1795 ταῖς
1731 1737 1838 1787 τῶν

204 1826 480 1899 ρΡωμαίων
541 1823 829 1897 δυνάμεσιν
879 1822 1152 1898 ἐχρήσατο
1196 1823 1334 1897 πρὸς
1386 1822 1663 1895 βοήθειαν,
1717 1822 1843 1894 τάχ,

206 1914 261 1969 ἂν
315 1916 406 1970 καὶ
462 1913 630 1975 ἁλοὺς
687 1911 971 1968 ἀπώλετο,
1034 1909 1189 1968 Ἀλλ’
1249 1913 1284 1978 ἡ
1342 1909 1487 1984 τύχη
1549 1908 1696 1984 ῥέπει
1750 1912 1846 1971 τας

203 2007 553 2078 πλάστιγγας,
606 2003 692 2057 καὶ
754 1999 1091 2073 δυναμωθεῖς
1150 1998 1300 2062 αὖθις
1362 2000 1390 2053 6
1450 2002 1847 2059 Κωνσταντῖνος

201 2096 284 2149 τὸν
337 2098 558 2161 Μυτζῆν
614 2089 799 2145 διώκει
859 2088 1322 2165 Θαρραλεώτερον.
1380 2088 1436 2142 Ὀ
1487 2084 1545 2141 δὲ
1596 2090 1708 2159 ἅμα
1752 2086 1843 2141 τέ-

204 2204 344 2245 κνοις
373 2176 703 2237 καταλαϐὼν
758 2180 857 2247 τὴν
918 2172 1318 2251 Μεσέμδρειαν,
1366 2176 1567 2231 ἑκεῐΟεν
1619 2176 1844 2231 ἱκετεύει

206 2275 281 2347 [Ρ.
310 2275 438 2346 239]
468 2272 559 2326 τὸν
592 2270 819 2346 βασιλέα
850 2266 1101 2343 δέχεσθαι
1129 2272 1322 2322 τοῦτον
1366 2268 1457 2321 καὶ
1504 2266 1673 2339 λύτρα
1704 2266 1847 2339 λαμ-

206 2357 378 2417 ϐάνειν
406 2364 506 2430 τὴν
532 2360 715 2415 πόλιν.
764 2358 995 2413 Στέλλει
1044 2361 1174 2432 γοῦν
1225 2358 1251 2411 6
1308 2355 1562 2431 βασιλεὺς
1595 2356 1646 2427 ἐξ
1676 2358 1844 2425 αὐτῆς

206 2452 291 2507 τὸν
320 2447 533 2507 Γλαὸἆν
565 2447 984 2525 κουροπαλάτην
1035 2447 1125 2501 καὶ
1162 2448 1327 2521 μεγαν
1384 2446 1585 2500 παπίαν
1631 2446 1847 2501 ἐσύστε-

210 2561 319 2615 ρον,
395 2540 487 2595 καὶ
546 2539 608 2601 ’ὀς
691 2536 885 2600 ἄλλοις
941 2535 1150 2609 σύναμα
1212 2536 1347 2608 μετά
1401 2535 1493 2590 καὶ
1550 2534 1848 2612 αὐτάρκους

209 2635 454 2707 στρατοῦ,
497 2623 820 2685 καταλαϐὼν
863 2628 965 2697 τὴν
1018 2620 1421 2701 Μεσέμὸρειαν,
1478 2623 1689 2696 ἐκείνην
1753 2626 1849 2698 μὶν

212 2866 279 2908 ex
306 2865 545 2924 genere,
577 2847 869 2919 supplevit
899 2845 1175 2913 afﬁnitas,
1211 2862 1337 2917 quae
1369 2845 1536 2901 illum
1586 2846 1763 2901 ducta
1792 2846 1852 2901 in

214 2955 453 2995 uxorem
475 2939 636 2994 [rene
654 2937 775 2993 ﬁlia
798 2936 1088 2993 Theodori
1110 2943 1163 2991 et
1183 2934 1395 2991 Asanis
1434 2938 1623 3004 nepte,
1643 2952 1672 2987 a
1693 2938 1857 3006 patre

213 3027 498 3085 Theodori
528 3027 757 3083 Joanne
784 3028 1047 3098 Augusto
1080 3025 1137 3079 in
1162 3023 1492 3094 Bulgariam
1518 3025 1583 3076 ad
1608 3023 1715 3077 has
1748 3040 1857 3077 nu-

208 3118 359 3188 ptias
386 3117 594 3182 missa,
628 3116 685 3170 in
718 3114 841 3187 pari
863 3113 1147 3185 jamjuris
1179 3114 1244 3166 ad
1277 3112 1493 3167 Asanis
1527 3112 1856 3167 successio-

212 3222 339 3262 nem
357 3207 548 3279 gradu
568 3222 701 3260 cum
745 3204 929 3276 Mytze
960 3200 1285 3257 constituit.
1327 3206 1392 3255 Et
1435 3200 1858 3256 Constantinus

210 3297 452 3367 quidem
488 3295 693 3349 urbem
728 3292 1018 3365 Bulgarias
1050 3291 1267 3363 regiam
1294 3290 1599 3345 Tenobum
1634 3296 1860 3356 tenens,

208 3384 430 3440 caeteris
476 3384 651 3439 etiam
684 3382 910 3438 cunctis
942 3382 1069 3453 ejus
1099 3378 1460 3450 principatus
1493 3385 1736 3434 ornatus
1766 3377 1860 3432 in—

202 3474 507 3546 signibus,
532 3490 635 3545 pro
656 3471 813 3527 haud
832 3469 1010 3526 dubio
1029 3468 1417 3542 Bulgarorum
1451 3484 1583 3540 rege
1614 3484 1744 3523 sese
1767 3484 1863 3538 pa—

207 3561 320 3617 lam
338 3562 659 3635 magniﬁce
678 3559 1221 3631 ferebat.AtMytzes
1234 3557 1589 3613 circumsitis
1608 3557 1861 3627 regioni-

215 3652 325 3707 bus
347 3650 704 3723 imperitans
728 3649 1020 3704 interdum
1046 3648 1281 3719 quidem
1306 3646 1401 3701 his
1431 3650 1744 3701 contentus
1766 3661 1859 3700 ac-

214 3741 587 3813 quiescebat,
622 3740 918 3796 interdum
954 3738 1109 3795 850
1142 3736 1531 3793 contendebat
1551 3753 1683 3791 cum
1717 3735 1861 3791 Con-

214 3832 496 3897 stantino,
517 3846 587 3887 ac
620 3829 733 3885 fuit
761 3845 893 3884 cum
927 3845 1061 3884 eum
1100 3826 1251 3883 bello
1284 3842 1641 3898 persequens
1671 3824 1862 3880 inclu-

209 3921 340 3977 dere
359 3937 495 3977 sese
520 3923 756 3991 cogeret
780 3918 839 3972 in
876 3933 1067 3973 arcem
1105 3918 1425 3987 quamdam
1464 3920 1726 3969 nostram
1769 3914 1861 3969 cui

206 4007 711 4064 Sthenimachum
736 4022 947 4062 nomen
962 4010 1070 4075 est,
1089 4004 1189 4059 ubi
1208 4002 1527 4075 quominus
1558 4007 1866 4074 caperetur

205 4102 258 4151 et
288 4097 534 4169 periret,
566 4100 891 4168 opportune
922 4092 1165 4149 allatum
1191 4091 1521 4147 aRomanis
1556 4092 1740 4163 copiis
1761 4108 1862 4146 au-

206 4185 411 4243 xilium
452 4176 787 4260 prohibuit.
818 4184 926 4239 Sed
965 4183 1199 4239 fortuna
1248 4181 1461 4236 deinde
1509 4180 1663 4235 vices
1692 4180 1865 4236 alter-

210 4282 382 4333 nante
412 4290 838 4344 successuum,
866 4282 1072 4328 auctus
1114 4287 1321 4327 rursus
1354 4270 1537 4326 animi
1558 4275 1615 4326 et
1645 4271 1866 4326 viribus

207 4364 649 4423 Constantinus
679 4369 841 4420 tanto
872 4368 1109 4435 tamque
1144 4360 1335 4416 valido
1365 4360 1583 4431 impetu
1605 4359 1869 4415 incubuit

205 4454 261 4511 in
315 4461 583 4530 Mytzen,
618 4458 685 4510 ut
720 4453 815 4509 his
852 4453 1047 4524 impar
1093 4450 1419 4506 resistendo
1448 4450 1869 4505 Mesembream

1939 574 2119 649 Α’ίμου
2177 580 2315 648 πεζῇ
2370 573 2489 650 ἆίγει
2546 577 2681 650 πρὸς
2745 577 2990 651 βασιλέα.
3022 581 3127 635 Τὸν
3158 579 3215 635 δὲ
3240 583 3331 637 καὶ
3364 581 3581 660 δέχεται

1939 666 2199 743 πρόφρων
2227 665 2316 719 καὶ
2348 670 2651 740 παρηγορεῖ
2699 665 2962 739 εὐμενῶς,
2994 669 3078 722 καὶ
3134 670 3268 742 πρὸς
3318 675 3397 743 τῷ
3447 679 3584 727 Σκα.

1944 754 2164 830 μάνδρῳ
2191 757 2563 831 ἀποχρώντως
2595 760 3115 831 προμηθευσάμενος
3153 758 3325 815 ἐκεῖσὲ
3355 782 3460 816 που
3493 763 3586 817 σὺν

1939 852 2055 908 τοῖς
2084 848 2291 908 τέκνοις
2321 852 2668 917 κατασκηνοῖ,
2702 850 2970 917 συνθήκας
2997 851 3133 923 πρὸς
3162 849 3321 905 αὐτὸν
3352 853 3589 921 ποιησά-

1947 956 2104 1007 μενος
2135 935 2271 991 ὥστε
2299 937 2389 991 καὶ
2418 938 2509 992 τὸν
2538 938 2841 1009 πρώτιστον
2871 938 2986 993 υἱὸν
3018 938 3273 1010 Ἰωάννην
3307 942 3586 1017 συναρμό-

1945 1045 2030 1079 σαι
2063 1030 2130 1099 τῇ
2163 1026 2408 1100 θυγατρί.

1947 1124 2005 1192 ζ’.
2039 1124 2119 1179 Tui
2146 1126 2269 1197 περὶ
2319 1124 2382 1179 τὸ
2433 1122 2761 1199 Δυρράχιον,
2812 1125 2899 1178 καὶ
2946 1130 3040 1179 τοῦ
3083 1132 3310 1199 σεισμοῦ
3356 1131 3452 1182 τοῦ
3482 1128 3593 1183 ἐκεῖ

2568 1194 2933 1268 ἐνσκήψαντος
2944 1240 2957 1255 .

2017 1282 2196 1338 ’Λλλά
2249 1287 2317 1355 τῇ
2380 1284 2473 1357 μὲν
2525 1285 2805 1358 πρωτίστῃ
2857 1289 2964 1339 τῶν
3027 1288 3333 1362 θυγατέρων
3388 1287 3594 1363 Εἰρήνῃ

1946 1371 2088 1427 οὕτω
2142 1373 2399 1445 προύνὸει
2444 1379 2551 1427 τῶν
2604 1375 2815 1447 γάμων,
2843 1376 2942 1443 τὴν
2988 1373 3043 1430 δὲ
3073 1398 3135 1450 γε
3185 1375 3432 1453 δευτέραν
3461 1380 3594 1433 Ἀν-

1946 1484 2037 1517 ναν
2069 1463 2257 1537 ᾑρεῖτο
2288 1465 2519 1535 πέμπειν
2551 1468 2627 1535 τῷ
2675 1465 2777 1535 υίῷ
2827 1463 3146 1537 Μηλωτίνῳ
3201 1468 3252 1537 (6
3294 1468 3393 1541 γάρ
3439 1469 3595 1541 ὁμω-

1947 1556 2134 1623 νυμῶν
2160 1558 2241 1624 τῷ
2290 1554 2451 1627 πατρὶ
2505 1556 2596 1606 καί
2640 1558 2856 1626 πρῶτος
2898 1559 2978 1625 τῷ
3030 1554 3157 1629 ῥτιγὶ
3207 1556 3469 1619 ΙΙαιονίας
3518 1559 3597 1618 είς

1949 1642 2210 1716 θυγατέρα
2234 1637 2636 1717 γεγάμϐρευτο)
2688 1643 2762 1705 εἷς
2811 1647 2986 1716 γάμον
3040 1646 3345 1702 συνάπτειν.
3396 1648 3495 1701 Καὶ
3528 1644 3597 1714 δὴ

1948 1736 2056 1786 τῶν
2088 1733 2224 1807 πρὸς
2256 1730 2543 1802 ἀλλήλους
2574 1735 2862 1788 συνθισιιῖιν
2913 1731 3129 1788 στέλλει
3165 1736 3260 1806 μὲν
3311 1735 3387 1799 εἷς
3434 1756 3598 1809 πρεσ-

1953 1816 2098 1875 ὅείαν
2141 1822 2234 1875 τὸν
2284 1820 2573 1897 ίεράρχην,
2633 1822 2995 1893 συνεκπίμπει
3047 1821 3103 1877 δὲ
3149 1824 3233 1877 καὶ
3276 1826 3374 1893 τήν
3428 1826 3596 1898 κόρην

1956 1911 2058 1965 ὑπὸ
2118 1912 2375 1985 θεραπείᾳ
2431 1911 2651 1987 μεγίστῃ
2714 1911 3018 1985 βασιλικῆ.
3084 1913 3178 1969 Καί
3249 1934 3311 1987 γε
3363 1913 3600 1968 καταλα-

1955 1997 2111 2055 ϐοῦσι
2157 2002 2256 2069 τὴν
2306 2000 2575 2077 Βάῤῥοιαν
2620 2000 2767 2078 σφίσι
2816 2004 2881 2055 τὰ
2910 2009 3009 2070 τῆς
3065 2000 3273 2072 βουλῆς
3305 1998 3429 2073 ἔστη
3454 2025 3599 2077 πεμο

1956 2094 2151 2165 φθῆναι
2181 2092 2317 2165 πρὸς
2355 2091 2445 2145 τὸν
2496 2087 2721 2164 Οὕρεσιν
2776 2092 3040 2167 Στέφανον
3074 2093 3163 2145 τὸν
3210 2092 3603 2169 χαρτοιρύλακα

1956 2179 2183 2250 Βὲκκον,
2229 2182 2343 2251 ἅμα
2367 2177 2425 2234 δὲ
2455 2178 2545 2233 σὺν
2599 2180 2791 2251 ἐκείνῳ
2837 2182 2927 2234 καὶ
2975 2182 3064 2235 τὸν
3116 2181 3604 2256 Τραϊανουπόλεως

1956 2266 2375 2341 Κουδουμηνήν.
2430 2271 2533 2325 Ἦν
2584 2266 2641 2324 δὲ
2691 2270 2781 2324 καὶ
2812 2271 2946 2344 πρὸς
2996 2278 3095 2339 τῆς
3145 2268 3435 2341 δεσποίνης
3466 2272 3609 2328 ἐντε-

1954 2358 2222 2434 ταγμένον
2294 2360 2372 2431 τῷ
2425 2357 2807 2435 χαρτοφύλακι
2875 2360 3033 2414 αὐτὸν
3088 2360 3453 2434 προαπελθεῖν
3512 2363 3605 2417 καὶ

1958 2448 2221 2523 γνωρίσαι
2280 2450 2346 2503 τὰ
2402 2449 2535 2503 κατὰ
2590 2449 2717 2513 τοὺς
2776 2445 3012 2522 Σὲρϐους
3060 2452 3400 2524 τρανότερον,
3451 2451 3605 2514 ὅπως

1964 2539 2057 2611 μὲν
2090 2538 2264 2616 σφίσιν
2294 2536 2431 2592 ἐστὶν
2466 2541 2499 2607 ἡ
2534 2536 2732 2608 δίαιτα,
2764 2536 2912 2600 ὅπως
2959 2538 3016 2593 δὲ
3046 2542 3079 2608 ἠ
3129 2542 3275 2613 τάξις
3316 2547 3414 2610 τῆς
3464 2540 3608 2597 ἐκεί-

1959 2648 2065 2681 νων
2094 2628 2271 2703 ἀρχῆς
2304 2626 2618 2683 διιθύνεται·
2673 2627 2845 2699 ἐκείνη
2895 2628 2995 2704 γὰρ
3043 2628 3132 2684 καὶ
3192 2629 3448 2705 μεγίστην
3507 2633 3608 2701 τὴν

1967 2864 2099 2903 cum
2134 2847 2487 2919 imperatore
2519 2847 2685 2917 inito,
2718 2864 2834 2920 quo
2868 2848 3019 2904 inter
3050 2848 3210 2918 ipsos
3242 2856 3449 2906 mutuo
3471 2868 3609 2908 con-

1964 2937 2125 2993 venit
2170 2942 2235 2992 ut
2291 2940 2486 3009 Mytza
2539 2937 2930 3009 primogenito
2977 2937 3191 2993 Joanni
3224 2938 3612 3013 primogenita

1967 3026 2108 3081 item
2140 3025 2515 3098 imperatoris
2546 3025 2664 3080 ﬁlia
2693 3027 3176 3097 desponderetur.

1966 3134 2020 3187 6.
2049 3138 2127 3189 De
2152 3134 2357 3203 [cedere
2386 3132 2733 3206 imperatoris
2774 3149 2899 3206 eum
2931 3133 3131 3197 Serbis,
3182 3133 3351 3205 deque
3394 3138 3607 3206 profec-

2146 3207 2293 3260 tione
2322 3206 2657 3275 patriarchae
2687 3204 2749 3258 in
2777 3204 3027 3259 Serbiam
3056 3221 3123 3260 ea
3152 3205 3216 3260 de
3236 3204 3430 3261 causa.

2040 3294 2132 3349 Sic
2167 3295 2349 3349 Irenae
2395 3296 2647 3349 maxime
2698 3300 2968 3348 natarum
3019 3294 3269 3365 Augusti
3313 3295 3612 3366 provisum

1970 3384 2308 3455 coniugium
2343 3387 2451 3438 est.
2488 3383 2574 3436 Ab
2606 3382 2714 3437 hac
2746 3399 2881 3437 vero
2912 3384 3232 3438 secundam
3265 3387 3490 3441 Annam
3515 3386 3615 3439 de-

1970 3473 2151 3528 crevit
2185 3481 2346 3544 paler
2381 3474 2611 3527 mittere
2642 3472 2711 3526 ad
2756 3471 2965 3526 cralem
3004 3472 3220 3528 Serbiae
3247 3474 3614 3544 Stephanum

1970 3561 2215 3628 Uresim,
2240 3562 2496 3616 secundo
2517 3560 2644 3630 ejus
2663 3559 2780 3614 ﬁlio
2799 3559 3071 3615 Melotino
3096 3564 3408 3632 nupturam
3439 3578 3451 3615 :
3476 3578 3613 3618 nam

1974 3650 2400 3723 primogenitus
2434 3649 2581 3721 patri
2604 3650 3121 3719 cognonomisjam
3167 3666 3402 3705 uxorem
3435 3649 3615 3705 habe-

1972 3741 2071 3796 bat
2101 3740 2255 3812 regis
2293 3738 2604 3795 Pannoniae
2663 3738 2865 3793 ﬁliam.
2924 3739 3068 3795 351
3140 3740 3282 3793 Cum
3327 3739 3508 3811 igitur
3542 3740 3615 3796 de

1973 3830 2246 3885 omnibus
2277 3834 2412 3884 ante
2448 3832 2797 3883 conventum
2829 3832 3005 3895 esset,
3055 3828 3126 3882 ad
3184 3827 3612 3885 exsecutionem

1972 3924 2275 3990 pactorum
2308 3918 2490 3973 mittit
2520 3918 2840 3989 imperator
2887 3915 3143 3987 legatum
3198 3917 3594 3988 patriarcham

1974 4015 2029 4066 et
2059 4026 2191 4064 cum
2224 4026 2289 4065 eo
2319 4024 2595 4080 sponsam
2626 4007 2909 4079 virginem
2945 4007 3101 4079 regio
3146 4008 3456 4080 magniﬁce
3508 4009 3617 4063 sti-

1973 4105 2170 4170 patam
2204 4097 2505 4153 comitatu.
2541 4097 2638 4152 His
2667 4097 2846 4152 simul
2878 4096 3109 4152 cunctis
3142 4096 3242 4151 ubi
3275 4096 3613 4153 Berrhmam

1975 4196 2382 4261 pervenerunt,
2425 4185 2697 4257 expedire
2728 4186 3126 4241 communiter
3154 4185 3316 4241 visus
3347 4191 3437 4241 est
3463 4202 3613 4256 prae-

1975 4277 2293 4332 mittendos
2316 4275 2386 4330 ad
2417 4275 2777 4346 Stephanum
2827 4273 3054 4330 Uresim
3108 4274 3617 4347 chartophylacem

1972 4370 2223 4421 Veccum
2256 4370 2475 4419 etcum
2518 4380 2583 4419 eo
2633 4362 3088 4433 Traianapoleos
3131 4363 3469 4435 episcopum
3501 4363 3615 4419 Cu-

1975 4457 2287 4511 dumenen.
2330 4454 2541 4509 Fuerat
2583 4459 2777 4508 autem
2824 4453 2897 4506 ab
2942 4457 3205 4521 Augusta
3249 4451 3622 4523 peculiariter

205 4558 332 4601 cum
363 4545 583 4601 liberis
613 4542 981 4614 confugiens,
1012 4540 1149 4597 inde
1192 4538 1400 4610 legatis
1446 4540 1514 4592 ad
1551 4538 1863 4610 imperato-
1898 4536 1941 4601 Ι)
1975 4544 2450 4600 commendatum
2483 4541 2916 4614 chartophylaci
2961 4546 3026 4596 ut
3059 4542 3410 4613 praecederet
3443 4559 3619 4613 εροο-

208 4650 325 4690 rem
356 4633 750 4708 supplicibus
783 4630 984 4687 missis
1010 4634 1218 4701 pactus
1250 4644 1384 4683 cum
1408 4644 1474 4683 eo
1505 4627 1859 4683 deditionem

212 4723 285 4779 sit
326 4742 466 4780 cum
513 4723 615 4780 sui
661 4726 787 4777 tum
829 4721 957 4791 ejus
979 4719 1253 4786 civitatis,
1294 4734 1411 4790 qua
1439 4716 1496 4771 in
1528 4716 1621 4772 sui
1652 4717 1861 4772 servati

204 4814 451 4885 pretium
486 4814 755 4870 offerret.
784 4810 898 4867 Nec
923 4809 1208 4865 recusavit
1236 4808 1573 4879 imperator,
1606 4807 1702 4861 sed
1740 4813 1861 4863 sta-

205 4903 302 4959 tim
325 4903 594 4961 Glabam
618 4898 1149 4972 curopalatam,qui
1173 4902 1377 4968 postea
1396 4911 1640 4965 magnus
1660 4896 1863 4968 papias

203 4990 326 5059 fuit,
358 5010 503 5048 cum
540 4990 685 5047 aliis
715 4993 773 5044 et
804 4989 1014 5043 idonea
1060 5001 1239 5040 manu
1290 4984 1540 5038 militum
1592 4984 1774 5039 misit.
1812 4986 1861 5040 Is

202 5080 508 5153 ingressus
531 5077 965 5136 Mesembream
989 5077 1118 5147 ejus
1144 5074 1250 5129 rite
1275 5072 1701 5145 possessionem
1732 5073 1867 5129 iniit

205 5168 425 5244 imperii
450 5167 721 5227 Romani
751 5166 1017 5233 nomine;
1058 5168 1183 5219 tum
1204 5162 1450 5236 Mytzem
1479 5178 1578 5234 per
1598 5162 1862 5218 Haemum

202 5258 402 5317 itinere
434 5257 722 5317 terrestri
756 5254 1027 5328 perduxit
1073 5254 1144 5309 ad
1190 5253 1619 5325 imperatorem,
1671 5252 1771 5323 qui
1812 5254 1864 5308 ei

205 5349 667 5423 perhumaniter
697 5350 935 5417 excepto
975 5345 1253 5414 omnique
1304 5341 1521 5397 amoris
1569 5342 1862 5414 signiﬁca-

200 5442 349 5497 tione
378 5443 661 5498 reereato
707 5435 916 5491 uberes
964 5433 1178 5489 fundos
1225 5432 1381 5503 apud
1442 5431 1865 5489 Scamandrum

200 5533 547 5607 assignavit,
580 5542 843 5601 quorum
876 5523 1058 5581 annui
1091 5527 1405 5595 proventus
1450 5522 1521 5577 ad
1552 5522 1778 5577 vietum
1812 5523 1866 5579 ei

198 5621 542 5695 cultumque
576 5615 967 5691 splendidum
1000 5613 1235 5669 abunde
1281 5610 1641 5667 sufﬁcerent.
1677 5611 1781 5668 Ubi
1814 5622 1867 5669 et

199 5710 316 5785 ipsa
336 5712 636 5783 deinceps
661 5721 800 5762 cum
824 5703 961 5761 ﬁliis
991 5703 1323 5760 diversatus
1363 5703 1474 5768 est,
1500 5705 1671 5773 pacto
1703 5703 1868 5775 prius

1972 4650 2120 4703 sam,
2154 4634 2423 4705 priorque
2455 4632 2513 4686 in
2544 4631 2804 4687 Serbiam
2839 4632 3160 4685 adveniens
3191 4632 3515 4702 exploraret
3545 4632 3617 4687 ad

1972 4722 2263 4794 liquidum
2298 4722 2591 4792 quodnam
2628 4720 2684 4774 id
2712 4724 2868 4775 esset
2908 4720 3213 4775 hominum
3248 4735 3456 4790 genus,
3490 4736 3617 4791 quis

1970 4812 2050 4867 ibi
2086 4813 2269 4868 forma
2300 4811 2429 4866 vitae
2458 4809 2797 4881 cultusque,
2828 4826 2952 4879 quas
2986 4809 3137 4864 ratio
3168 4810 3618 4866 consuetudinis

1970 4901 2178 4971 civilis,
2208 4900 2341 4973 quis
2372 4902 2511 4956 ordo
2542 4900 2786 4971 publica
2819 4898 2920 4967 rei,
2954 4915 3021 4954 ac
3045 4899 3143 4967 jus
3170 4915 3433 4970 ususque
3457 4899 3618 4969 prin-

1971 4991 2219 5063 cipatus.
2245 4991 2391 5045 Nam
2424 5005 2558 5045 cum
2592 4988 2689 5043 illa
2728 4987 3119 5060 proﬁciscenti
3181 4988 3314 5043 ﬁliae
3367 5004 3621 5060 appara-

1971 5087 2097 5137 tum
2129 5088 2187 5137 et
2216 5097 2491 5153 pompam
2521 5095 2698 5151 quam
2758 5084 3032 5151 potuerat
3074 5079 3330 5134 maxime
3378 5079 3619 5155 regiam,

1972 5177 2029 5227 et
2059 5188 2192 5226 cum
2226 5171 2418 5242 specie
2458 5186 2523 5225 ac
2564 5170 2749 5241 pretio
2796 5169 2866 5223 ad
2919 5167 3440 5240 magniﬁcentiam,
3492 5171 3620 5223 tum

1972 5278 2109 5325 usu,
2153 5266 2211 5317 et
2263 5260 2431 5330 copia
2460 5260 2532 5315 ad
2565 5258 2867 5314 mollitiem
2917 5257 3275 5330 deliciasque
3314 5274 3622 5329 compara-

1972 5347 2451 5413 tam,smbitiose
2508 5347 2895 5413 attribuisset,
2950 5346 3222 5402 muliebri
3268 5346 3493 5403 scilicet
3522 5361 3625 5403 cu-

1974 5439 2239 5494 riositate
2271 5454 2440 5493 nosse
2471 5437 2677 5493 avebat
2714 5436 2921 5507 ecquid
2978 5437 3141 5507 paria
3188 5436 3331 5505 illis,
3365 5440 3467 5491 aut
3506 5451 3625 5505 qua

1974 5528 2105 5584 istis
2134 5527 2504 5599 proportione
2537 5525 2972 5598 respondentia,
3005 5531 3301 5595 repertura
3332 5529 3489 5581 esset
3517 5541 3626 5580 sua

1974 5617 2115 5673 ﬁlia.
2152 5618 2230 5672 Ea
2273 5617 2343 5672 de
2398 5633 2577 5672 causa
2622 5618 2887 5687 jusserat
2929 5616 3184 5687 priorem
3236 5632 3303 5671 eo
3335 5612 3625 5688 proﬁcisci

1974 5707 2256 5779 Veccum,
2285 5710 2343 5762 et
2371 5706 2484 5763 sibi
2517 5722 2619 5778 per
2646 5703 2885 5762 nuntios
2916 5703 3251 5776 signiﬁcare
3294 5721 3426 5777 quae
3474 5720 3629 5760 com-
