4212 6442
639 371 747 425 803

1941 369 2245 425 GEORGII
2282 373 2743 429 PACHYMERE

3933 379 4046 436 804

641 492 1021 564 θεραπείαντῇ
1077 488 1301 563 θυγατρί
1347 487 1757 563 προητοίμαζεν
1809 488 1893 542 ἐπὶ
1943 487 2114 563 χλιδῇ
2147 511 2280 544 παν·
2311 495 2364 560 Α
2399 493 2473 562 μή
2506 493 2595 548 καὶ
2649 494 2708 549 ἐκ
2750 499 2847 549 τοῦ
2895 494 3237 570 παραχρῆμα
3289 494 3529 571 ἐνέδραις
3559 495 3832 572 χαλεπαῖς
3877 522 4042 575 περι-

641 582 761 650 τοίᾳ
796 581 1076 654 βασιλικῇ.
1135 580 1354 650 Ἐκείνῳ
1408 581 1585 633 τοίνυν
1645 581 2046 653 προαπελθόντι
2086 579 2286 653 γνωρί-

641 691 748 724 σειν
834 671 920 723 καὶ
1003 674 1261 738 σημανεῖν
1339 666 1756 741 προσετάσσετο,
1823 667 1950 741 πρὶν
2011 664 2068 720 ἄν
2123 663 2286 740 ἐπιϐῇ

641 755 872 829 Σερϐίας
929 761 955 812 ὁ
1011 759 1382 831 πατριάρχης.
1439 758 1505 813 Οἱ
1560 754 1605 809 δ’
1661 756 1972 818 ἐπιστάντες
2021 757 2084 811 οὐ
2122 757 2283 829 μόνον

636 846 792 902 οὐδὲν
818 852 925 901 τῶν
961 847 1035 907 εἰς
1086 848 1370 919 Θεραπειαν
1429 843 1568 899 εἶδον
1629 845 1798 899 ἐκεῖσε
1841 846 1930 899 xui
1979 847 2161 920 ἀρχῆς
2189 852 2288 914 τῆς

633 937 912 1012 τυχούσης
973 936 1149 1005 ἄξιον,
1207 933 1354 988 ἀλλὰ
1410 935 1499 988 καὶ
1555 935 1617 987 τὸ
1675 935 2054 1006 θεραπευτικὸν
2114 936 2176 989 τὸ
2231 934 2282 989 ἐν

632 1031 713 1097 [Ρ.
751 1030 877 1098 240]
909 1026 1137 1087 ἐκείνοις
1171 1023 1387 1097 βλέπων
1438 1025 1464 1077 ὁ
1515 1022 1740 1096 Οὕρεσις
1781 1026 1868 1077 xui
1906 1021 2162 1092 οἰκίδιον,
2192 1026 2283 1078 xui

631 1115 848 1188 μᾶλλον
902 1118 964 1170 τὸ
1013 1120 1123 1169 τῶν
1168 1110 1533 1187 ἠμιανδρίων,
1575 1113 1625 1167 τί
1678 1111 1735 1167 ἄν
1781 1115 1867 1166 καὶ
1921 1110 2108 1182 εἴησαν
2135 1114 2284 1167 οὗτοι

631 1205 1032 1269 διεπυνθάνετο.
1093 1206 1181 1265 Ὠς
1242 1202 1287 1257 δ’
1339 1201 1506 1271 ἤκουε
1562 1206 1689 1277 παρ’
1749 1202 1968 1256 ἐκείνων
2001 1204 2082 1256 δτι
2140 1203 2287 1272 τάξις

629 1295 774 1350 ἐστὶν
827 1295 958 1363 αὕτη
1022 1296 1323 1369 βασίλειος,
1375 1293 1464 1347 xui
1497 1294 1570 1353 ὡς
1618 1296 1687 1365 τῇ
1742 1289 1981 1364 βασιλίδι
2021 1291 2095 1353 εἷς
2129 1303 2284 1365 θερα-

632 1385 782 1440 πείαν
867 1383 1322 1452 ἀκολουθήσαιεν,
1383 1381 1582 1442 ἐκεῖνος
1641 1379 2017 1448 ἀταλαστήσας
2093 1381 2281 1457 φησὶν,

637 1499 662 1525 ‹‹
724 1473 790 1528 A'i
844 1472 921 1542 α’ί,
978 1471 1030 1526 τί
1090 1476 1293 1539 ταῦτ-οη
1354 1471 1443 1523 καὶ
1500 1473 1635 1541 ἡμῖν
1691 1469 1750 1522 οὐ
1807 1471 2046 1537 συνήθης
2079 1467 2211 1535 αὕτη
2246 1470 2280 1536 ἡ

633 1559 835 1617 δίαιτα.
899 1585 925 1612 ››
990 1561 1092 1615 Καὶ
1149 1560 1240 1613 τὸν
1302 1558 1458 1633 φάναι
1499 1578 1556 1611 τε
1610 1558 1696 1611 καὶ
1760 1558 1871 1628 ἅμα
1917 1559 2013 1624 τὴν
2063 1555 2280 1627 νύμφην

633 1650 893 1706 δείκνῦειν
937 1649 1174 1722 πενιχρᾶ
1226 1652 1494 1724 φοροῦσαν
1543 1647 1632 1700 καὶ
1683 1644 1916 1716 ταλασίᾳ
1973 1645 2277 1718 προσέχου-

633 1762 750 1806 σαν,
803 1740 913 1807 xui,
974 1762 999 1788 ‹‹
1034 1737 1211 1803 Οὕτω,
1249 1760 1276 1787 ››
1329 1737 1506 1810 Λέγειν
1558 1740 1707 1808 χειρὶ
1758 1733 2056 1801 δεικνύντα,
2101 1738 2280 1794 «ταῖς

2393 581 2633 635 πέσοιενο
2694 585 2759 637 οὐ
2811 584 2913 656 γὰρ
2974 584 3124 658 εἶχον
3183 586 3453 639 πιστεύειν
3507 585 3728 660 ἀνδράσι
3785 591 3860 660 μή
3914 590 4041 644 ἐπι-

2393 670 2780 744 στρεφομένοις
2836 672 3102 746 αἰσχύνης
3159 673 3250 727 καὶ
3311 675 3609 748 μέμψεως.
3670 676 3818 738 Τέως
3873 675 4044 750 ᾔεσαν

2392 760 2467 820 εἷς
2494 761 2556 814 τὸ
2587 761 2775 834 πρόσω
2804 763 2994 822 νωθεῖς
3021 782 3162 822 τινες
3210 763 3312 830 τήν
3342 763 3564 837 πορείαν
3612 765 3703 817 καὶ
3732 772 3850 827 τοῖς
3886 766 4047 829 δλοις

2393 847 2651 909 ὑπόπτως
2707 847 2946 923 ἔχοντες.
3005 850 3093 910 Ὠς
3160 847 3216 904 δὲ
3271 849 3571 906 κατέλαλον
3627 853 3726 919 τήν
3787 854 4044 928 Ἀχρίδα,

2388 937 2486 1004 τὴν
2550 938 2646 1008 μὶν
2681 935 2938 1012 βασιλίδα
2993 939 3082 991 καὶ
3139 939 3202 993 τὸ
3244 941 3367 1013 περὶ
3425 941 3592 1008 αὐτὴν
3649 940 3916 997 οἰκετικὸν
3948 947 4044 998 καὶ

2391 1026 2514 1080 ὅσον
2593 1027 2667 1087 είς
2765 1029 3049 1101 θεραπείαν
3131 1028 3296 1082 αὐτοῦ
3379 1051 3483 1083 που
3570 1028 4041 1097 διαναπαύουσιν,

2391 1113 2586 1169 ἐκεῖνοι
2675 1112 2732 1170 δὲ
2816 1116 3202 1191 προαγγέλους
3286 1118 3422 1188 πρὸς
3504 1116 3730 1192 Οὕρεσιν
3783 1118 4043 1190 πέμπον-

2386 1224 2472 1264 τες
2558 1205 2646 1257 xui
2706 1203 2862 1258 αὐτοὶ
2943 1203 3222 1279 σχολαίως
3305 1211 3426 1268 τοῖς
3478 1207 3668 1280 πρόσω
3741 1201 4045 1277 προσέϐαι-

2386 1314 2496 1349 νον.
2531 1295 2614 1363 Τῇ
2669 1292 2905 1367 [Ιολόγῳ
2961 1292 3018 1347 δὲ
3065 1293 3570 1367 παραγγειλάντων,
3625 1297 3684 1362 ἢν
3747 1292 3812 1363 δὴ
3871 1293 4043 1356 ἄλσος

2388 1385 2520 1434 Θεοῦ
2549 1380 2745 1435 ἐκεῖνοι
2775 1382 2911 1435 κατὰ
2939 1382 3191 1456 γλῶσσαν
3246 1381 3471 1450 εἷ’ποιεν,
3506 1384 3593 1436 xui
3645 1381 3753 1452 ἤδη
3783 1384 3873 1437 καὶ
3903 1385 4044 1457 πρὸς

2389 1469 2672 1522 Λιπαίνιον
2735 1468 2944 1536 ἰόντων,
3003 1471 3276 1540 πέμπεται
3343 1473 3435 1542 μὲν
3494 1467 3728 1544 πρέσϐυς
3775 1473 4040 1534 ἐκεῖθενὸ

2385 1558 2471 1610 xui
2525 1562 2768 1629 μεσάζων
2830 1557 3073 1626 ἐκείνων,
3129 1562 3396 1633 Γεώργιος
3449 1558 3715 1630 τοῦνομα,
3747 1562 3793 1631 ᾧ
3845 1558 3912 1626 δὴ
3945 1561 4042 1613 xui

2387 1645 2559 1720 λόχος
2594 1644 2802 1719 ἀνδρῶν
2840 1645 3146 1720 ἐνεδρεύσας
3176 1648 3573 1723 προσεξημίου.
3605 1649 3706 1710 Τὰς
3739 1647 3784 1702 δ’
3820 1646 4041 1721 ἐνέδρας

2384 1736 2472 1788 καὶ
2505 1736 2698 1808 πρώην
2750 1738 2802 1789 oi
2841 1737 2964 1810 περὶ
3011 1738 3102 1791 τὸν
3149 1739 3498 1812 πατριάρχην
3552 1737 3839 1799 ἀκούοντες
3897 1736 4042 1792 ἐδει-

631 1829 870 1904 νύμφαις
918 1829 1082 1898 ἡμεῖς
1134 1825 1575 1899 προσφερόμεθα.
1627 1845 1653 1877 ιι
1716 1825 1884 1879 Ἦσαν
1945 1821 2011 1891 δὴ
2070 1823 2159 1876 xui
2215 1822 2280 1876 τὰ
2313 1841 2356 1904 Β
2388 1823 2545 1881 λίων.
2579 1826 2718 1881 Τότε
2749 1822 2806 1879 δὲ
2847 1825 2937 1880 xui
2970 1821 3212 1900 ἀκριϐῶς
3245 1826 3297 1888 ἐς
3354 1822 3524 1896 φόϐον
3555 1829 3719 1902 μέγαν
3751 1831 4041 1890 καθίσταν-

630 1919 749 1972 κατ’
804 1915 995 1976 αὐτοὺς
1051 1916 1112 1969 τὸ
1171 1913 1419 1988 παράπαν
1483 1910 1608 1966 λιτά
1663 1933 1720 1967 τε
1775 1913 1865 1966 καὶ
1925 1911 2142 1980 εὐτελῆ,
2203 1913 2276 1973 ὡς

631 2006 839 2079 ἀποζῇν
901 2007 1093 2080 θήραις
1141 2005 1229 2057 xui
1261 2001 1615 2062 κλέπτοντας.
1656 2003 1742 2063 Ὡς
1775 2006 1903 2076 γοῦν
1943 2000 2273 2076 ὑπέστρεφον

630 2098 682 2152 o't
740 2096 1072 2169 πεμφθέντες
1121 2094 1207 2146 καὶ
1260 2086 1501 2165 ἀκριϐῶς
1553 2089 1784 2160 ἐδήλουν
1840 2095 1920 2162 τῷ
1960 2089 2276 2165 πατριάρχῃ

632 2188 664 2241 ’ἀ
713 2207 771 2241 τε
830 2183 972 2240 εἶδον
1031 2183 1118 2238 xui
1178 2182 1210 2236 ἃ
1267 2181 1528 2252 ἤκουσαν,
1576 2179 1873 2235 ἐπέκλασάν
1905 2201 1963 2235 τε
2007 2186 2124 2241 τοῖς
2153 2180 2276 2254 περὶ

631 2275 832 2330 ἐκεῖνον
863 2275 961 2342 τήν
993 2272 1322 2346 προθυμίαν,
1374 2271 1462 2324 καὶ
1515 2270 1639 2344 περὶ
1689 2271 1900 2332 ἑαυτοῖς
1960 2266 2276 2345 ὠρρώδουν,

631 2497 899 2572 perisset,
933 2494 1275 2566 priusquam
1326 2491 1658 2565 patriarcha
1707 2508 1840 2548 cum
1873 2508 2020 2548 nova
2059 2507 2276 2563 sponsa

632 2586 896 2644 Serbiam
926 2584 1349 2653 ingrederetur.
1403 2585 1477 2636 At
1522 2581 1744 2637 Veccus
1804 2585 1860 2636 et
1901 2581 2274 2637 Cudumenes

629 2675 729 2731 ubi
759 2689 1092 2745 pervenere,
1129 2671 1270 2726 adeo
1307 2670 1450 2724 nihil
1487 2670 1564 2724 ibi
1597 2672 1665 2724 ad
1694 2669 2086 2726 ministerium
2115 2686 2274 2725 com-

631 2764 894 2827 modum,
929 2763 996 2815 ad
1043 2775 1315 2832 pompam
1351 2759 1638 2830 exquisite
1686 2763 2122 2826 ornamentum,
2177 2761 2278 2813 aut

633 2852 870 2908 omnino
925 2849 1012 2905 vel
1067 2848 1344 2904 mediocri
1386 2848 1628 2918 dignum
1665 2848 2013 2919 magistratu
2048 2861 2274 2918 repere-

637 2946 796 3009 runt,
829 2945 894 2994 ut
927 2940 1118 3011 ipsum
1156 2938 1387 2992 illorum
1421 2937 1886 2992 instrumentum
1929 2953 1994 2992 ac
2034 2935 2276 2991 comita-

639 3035 764 3085 tum
798 3030 1134 3100 Stephanus
1200 3027 1398 3082 Uresis
1459 3026 1875 3092 admiraretur,
1923 3026 2047 3080 viso
2086 3026 2276 3080 taber-

2385 1934 2493 1980 το,
2557 1913 2632 1985 μή
2685 1913 2772 1967 xui
2823 1916 3150 1988 νεωτερισθῇ
3203 1937 3254 1970 τι
3311 1916 3459 1992 σφίσι
3510 1921 3619 1970 τῶν
3681 1916 4040 1985 ἀνηκέστωνο

2385 2001 2511 2062 τοὺς
2539 2003 2639 2077 γὰρ
2672 2002 2814 2057 οὕτω
2845 2003 2935 2057 xui
2963 2009 3082 2065 τοῖς
3133 2003 3296 2065 ΐδίοις
3341 2005 3430 2058 xui
3485 2003 3699 2076 μᾶλλον
3748 2010 3861 2064 τοῖς
3892 2002 4042 2058 ἂνδό-

2388 2091 2497 2160 ξοις
2526 2091 2616 2145 xui
2649 2090 2913 2165 ἄρχουσιν
2960 2090 3332 2166 ἐνεδρεύοντας
3384 2090 3566 2167 σχολῇ
3616 2097 3743 2167 γοῦν
3793 2093 4041 2166 ἀποσχέ-

2387 2190 2508 2242 σθαι
2534 2179 3006 2254 τῶνζάλλοτρίων.
3059 2183 3292 2238 Ἤκουον
3323 2180 3381 2236 δὲ
3427 2183 3515 2236 xui
3566 2183 3714 2256 παρὰ
3756 2180 4043 2254 Γεωργίου

2383 2268 2451 2322 τὰ
2484 2269 2581 2341 μὲν
2611 2268 2687 2332 εἷς
2735 2265 3018 2346 πρεσϐείαν
3049 2271 3221 2341 πάντη
3270 2275 3351 2342 τῷ
3391 2276 3580 2342 σκοπῷ
3624 2275 3732 2326 τῶν
3770 2269 4046 2344 βασιλέων

2384 2491 2661 2548 familiari
2694 2491 3020 2549 ministerio
3047 2510 3060 2550 :
3087 2492 3197 2566 ipsi
3248 2496 3436 2565 coepto
3482 2491 3688 2548 itinere
3711 2491 3871 2547 lente
3903 2509 4043 2564 per-

2384 2584 2981 2655 gentes,prasmittunt
3001 2583 3239 2638 nuntios
3264 2583 3335 2638 ad
3363 2581 3610 2652 Uresim,
3635 2582 3734 2654 qui
3757 2582 4042 2637 docerent

2385 2672 2824 2742 praestolaturos
2863 2689 2924 2728 se
2961 2673 3238 2728 mandata
3276 2672 3403 2742 ejus
3453 2677 3509 2726 et
3548 2687 3829 2726 occursus
3864 2671 3940 2725 ab
3971 2686 4043 2725 eo

2387 2763 2704 2818 missorum
2736 2763 2888 2833 apud
2925 2762 3225 2832 Pologum.
3257 2761 3360 2816 Est
3382 2759 3437 2814 id
3463 2759 3571 2816 loci
3598 2776 3808 2815 nomen
3848 2759 4046 2831 patria

2385 2852 2700 2907 Serborum
2735 2850 2939 2922 lingua
2969 2867 3209 2920 sonans,
3244 2854 3308 2905 ut
3335 2850 3518 2917 aiunt,
3555 2865 3762 2904 nemus
3797 2848 3918 2903 Dei.
3961 2848 4045 2903 Ea

2387 2959 2488 3013 spe
2505 2942 2822 3014 Lipaanium
2847 2941 3360 3013 progredientibus
3380 2940 3631 2996 occurrit
3648 2957 3680 2994 a
3695 2938 3848 2994 crale
3871 2939 4042 3010 lega-

2389 3033 2492 3099 tio,
2515 3033 2688 3103 cujus
2722 3035 3040 3102 eratcaput
3069 3030 3350 3100 Georgius
3383 3030 3646 3101 quidam,
3681 3027 4041 3098 magistratu

636 3119 865 3185 naculo,
946 3117 1265 3188 praesrtim
1326 3121 1520 3171 autem
1589 3116 1814 3170 familia
1876 3115 2350 3201 obsequioquec
2389 3121 2507 3176 illic
2540 3121 2717 3176 simili
2773 3121 3056 3192 praditus
3102 3121 3230 3191 ejus
3272 3119 3372 3191 qui
3425 3134 3692 3173 mesazon
3727 3117 3882 3188 apud
3935 3133 4046 3172 nos

632 3205 1239 3277 eunuchorum,quasi
1263 3205 1684 3276 obstupescens
1709 3204 2274 3275 inopinatissimare,

628 3303 915 3370 quaereret
946 3296 1087 3368 quid
1128 3296 1250 3351 haec
1283 3295 1519 3349 tandem
1554 3298 1752 3349 essent
1781 3300 1838 3348 et
1881 3309 2056 3364 quem
2096 3310 2273 3348 usum

629 3389 932 3457 haberent,
967 3403 1096 3442 cum
1139 3401 1290 3440 ivero
1333 3383 1592 3439 audisset
1650 3388 1874 3453 partem
1935 3399 2064 3438 esse
2114 3383 2271 3438 illam

629 3477 994 3549 prmmissam
1027 3473 1289 3530 satellitii
1332 3489 1396 3527 ac
1429 3471 1807 3544 supellectilis
1827 3472 2037 3544 reginae
2062 3473 2275 3527 adven-

627 3566 833 3634 tantis,
895 3563 1281 3620 indolescenti
1341 3562 1552 3617 similis
1602 3561 2008 3617 exclamaret:
2068 3585 2088 3611 ι
2126 3565 2274 3629 Heu,

629 3655 762 3720 heu,
800 3671 925 3725 qua:
957 3658 1013 3708 et
1042 3667 1326 3724 quorsum
1353 3651 1466 3706 ista
1487 3650 1514 3704 ?
1544 3651 1660 3706 Nos
1690 3650 1900 3706 harum
1932 3649 2273 3706 deliciarum

628 3759 799 3799 usum
829 3759 941 3798 non
977 3741 1300 3810 habemus;
1338 3763 1365 3789 »
1399 3746 1454 3795 et
1483 3741 1637 3796 852
1662 3741 1780 3796 haec
1810 3740 2053 3810 loquens
2098 3739 2275 3794 simul

624 3849 840 3888 nurum
875 3833 1210 3887 ostenderet
1237 3829 1582 3902 paupertino
1615 3830 1914 3884 sordidam
1939 3829 2160 3885 vestitu
2212 3845 2277 3885 ac

623 3921 878 3976 laniﬁcio
911 3921 1220 3984 intentam,
1257 3936 1490 3992 unaque
1522 3935 1698 3974 manu
1734 3936 1860 3974 eam
1887 3918 2154 3975 indicans
2177 3937 2274 3974 su-

624 4011 912 4082 bjiceret:
951 4033 971 4058 ι
1010 4010 1088 4064 En
1140 4008 1240 4064 tali
1274 4025 1380 4064 nos
1412 4007 1573 4063 cultu
1627 4024 1810 4063 nurus
1861 4008 2276 4064 consuevimus

623 4099 859 4154 habere.
895 4121 921 4148 »
961 4099 1134 4154 Porro
1165 4097 1224 4152 in
1273 4103 1477 4153 caetero
1526 4098 1679 4153 circa
1722 4097 1935 4153 cralem
1989 4103 2272 4170 apparatu

624 4188 769 4243 nihil
817 4188 929 4244 nisi
992 4187 1255 4259 vulgare,
1315 4186 1640 4243 obsoletum
1674 4203 1740 4242 ac
1777 4185 1947 4258 plane
1980 4187 2273 4259 plebeium

625 4279 962 4350 apparebat.
999 4278 1172 4332 Nulla
1206 4277 1396 4332 victus
1430 4276 1751 4332 mundities
1787 4293 1853 4332 :e
1875 4282 2082 4332 venatu
2105 4276 2276 4332 illau-

621 4372 701 4434 to,
728 4384 803 4422 ac
835 4366 1099 4421 tumultu
1128 4382 1268 4421 sane
1293 4366 1611 4434 venatorio,
1634 4365 1796 4420 nulla
1826 4365 2019 4438 specie
2051 4371 2152 4421 aut
2179 4384 2278 4422 or-

622 4458 758 4511 dine
786 4455 1120 4520 ministerii,
1156 4455 1319 4510 nulla
1349 4471 1684 4510 mensarum
1717 4454 2009 4527 elegantia
2057 4456 2272 4527 raptim

620 4545 734 4600 cibi
768 4514 1147 4600 vorabantur.
1206 4545 1275 4601 Ut
1314 4559 1451 4616 ergo
1497 4543 1618 4599 haec
1670 4544 1783 4600 sibi
1808 4514 2142 4615 “explorata
2173 4546 2272 4617 qui
2306 4514 2353 4579 Ι)

621 4635 789 4690 missi
850 4635 1083 4689 fuerant
1139 4633 1350 4690 reversi
1385 4635 1454 4688 ad
1486 4633 1880 4704 patriarcham
1926 4635 2272 4703 retulerunt,

621 4728 804 4795 utque
832 4724 1173 4778 distinctius
1199 4727 1511 4778 narrarunt
1534 4739 1665 4793 quas
1690 4722 2020 4788 audierant,
2044 4728 2278 4779 contur-

624 4814 843 4869 barunt
869 4828 936 4868 ea
965 4830 1078 4868 non
1106 4829 1312 4884 parum
1334 4812 1677 4868 comitatum
1703 4811 2066 4880 universum,
2100 4813 2277 4870 infre-

625 4908 951 4976 geruntque
999 4902 1229 4958 cunctis
1262 4902 1514 4970 animos,
1540 4900 1936 4957 sollicitudine
1967 4901 2180 4972 injecta
2206 4918 2277 4957 ne

620 4993 856 5048 insidiis
881 4992 1102 5063 excepti
1143 4990 1538 5063 spoliarentur
1564 5007 1575 5044 :
1606 4991 1747 5060 quid
1783 4990 1940 5045 enim
1980 4997 2278 5064 exspecta-

622 5087 751 5137 rent
776 5082 982 5136 mitius
1014 5099 1046 5136 a
1074 5080 1348 5136 Barbarie
1380 5080 1522 5135 adeo
1557 5078 1823 5149 incultis,
1880 5096 2029 5151 quos
2080 5080 2279 5137 nullus

623 5189 752 5228 mos
784 5177 885 5226 aut
910 5172 1120 5242 pudor,
1157 5169 1356 5226 nullus
1390 5173 1694 5231 respectus
1736 5168 2129 5226 humanitatis
2177 5176 2280 5226 aut

621 5261 797 5316 ofﬁcii
823 5259 1172 5316 verecundia
1195 5263 1534 5313 revocatura
1559 5257 1895 5313 viderentur
1920 5259 1992 5314 ab
2011 5260 2279 5317 audendo

626 5351 780 5421 quod
815 5350 1022 5405 liberet
1081 5347 1357 5420 cunque?
1413 5346 1633 5401 Tristes
1691 5346 1874 5418 igitur
1928 5347 2089 5405 hisce
2120 5349 2279 5406 curis

621 5456 955 5513 segnesque
975 5441 1392 5512 procedebant,
1422 5438 1595 5493 anxia
1619 5438 1922 5493 constricti
1966 5439 2278 5496 formidine

619 5531 1016 5603 periculorum
1037 5532 1094 5586 in
1117 5531 1596 5596 monumenta,ut
1614 5527 2281 5600 putabant,singulaim-

616 5621 1023 5692 pendentium.
1075 5621 1133 5674 [n
1168 5618 1258 5674 his
1289 5615 1730 5688 suspicionibus
1781 5633 1915 5672 cum
1960 5619 2277 5677 thridam

612 5710 1012 5781 devenissent,
1043 5708 1262 5780 regiam
1299 5707 1379 5762 ibi
1411 5705 1778 5778 reliquerunt
1815 5707 2106 5781 virginem
2141 5727 2276 5768 cum

2389 3210 2623 3265 dicitur.
2659 3209 2807 3266 Huic
2823 3226 2892 3264 ex
2915 3208 3147 3265 insidiis
3177 3207 3483 3263 latrocinio
3503 3206 3728 3261 illatum
3750 3206 4046 3260 damnum

2385 3305 2442 3354 et
2472 3305 2606 3355 ante
2629 3298 2812 3354 nostri
2832 3299 3144 3354 audierant
3165 3303 3222 3352 et
3241 3297 3370 3370 ipso
3401 3297 3684 3352 referente
3709 3298 4048 3366 cognorunt

2385 3389 2621 3445 certius.
2673 3389 2855 3459 Atque
2907 3392 2972 3442 ut
3017 3387 3206 3460 primo
3241 3387 3318 3442 rei
3353 3385 3556 3441 auditu
3591 3384 4048 3453 cohorruerant,

2384 3478 2538 3535 353
2572 3477 2650 3532 ila
2701 3477 2834 3532 facti
2886 3479 3124 3548 accepta
3175 3475 3620 3531 conﬁrmatione
3671 3471 4046 3527 maestissimi

2383 3571 2697 3623 senserunt
2727 3583 2842 3638 quo
2875 3564 3136 3621 locorum
3175 3565 3579 3635 malorumque
3621 3561 4000 3618 devenissent
4032 3576 4047 3616 :

2385 3657 2526 3728 quid
2560 3656 2716 3712 enim
2774 3672 2888 3710 non
2938 3656 3076 3726 jure
3109 3659 3439 3709 metuerent
3471 3654 3527 3707 in
3571 3656 3731 3707 tanta
3755 3649 4049 3705 barbaria:

2384 3746 2656 3801 licentia?
2686 3750 2787 3800 aut
2819 3745 3110 3816 quomodo
3143 3747 3444 3816 sperarent
3467 3742 3794 3814 parcituros
3825 3739 4051 3795 exteris

2383 3853 2446 3890 ac
2475 3839 2908 3907 temperaturos
2929 3834 3128 3889 avidas
3149 3850 3359 3888 manus
3383 3850 3417 3887 a
3438 3849 3581 3904 gaza
3605 3829 3916 3902 peregrina
3945 3845 4049 3885 eos

2384 3925 2483 3996 qui
2511 3942 2579 3981 ne
2602 3942 2634 3980 a
2657 3923 3042 3996 popularibus
3058 3922 3296 3993 quidem
3317 3917 4049 3992 suis,iisdemqueillustri

2385 4015 2731 4086 magistratu
2778 4012 3136 4084 conspicuis,
3177 4011 3544 4067 abstinerent
3581 4009 3830 4080 injurias
3862 4012 4054 4063 extre-

2386 4103 2544 4159 mas?
2567 4106 2853 4160 Caeterum
2883 4105 2954 4157 de
2975 4101 3207 4174 negotio
3228 4101 3356 4173 ipso
3381 4117 3447 4156 ac
3468 4101 3676 4155 fcedere
3702 4098 4050 4170 principum

2386 4194 2637 4249 duorum
2675 4197 2790 4247 tam
2824 4191 3316 4261 inconsequenter
3345 4195 3521 4260 atque
3555 4187 3833 4258 ambigue
3872 4187 4052 4242 Geor-

2386 4281 2518 4352 gius
2569 4280 2676 4334 iste
2729 4279 2955 4334 locutus
2985 4282 3095 4343 est,
3141 4282 3205 4333 ut
3254 4293 3416 4349 spem
3453 4291 3766 4332 successus
3801 4291 4050 4330 omnem

2387 4368 2778 4441 prudentibus
2797 4372 3111 4423 excuteret.
3138 4367 3404 4422 Primum
3427 4365 3694 4421 omnium
3720 4364 4057 4435 deprehen-

2389 4475 2519 4514 sum
2552 4465 2638 4514 est
2671 4473 2919 4513 errorem
2946 4456 3285 4529 imperatori
3321 4455 3586 4511 oblatum
3621 4455 3678 4508 in
3722 4471 3784 4508 re
3812 4452 3949 4525 ipsa
3990 4469 4060 4509 ac

2388 4546 2722 4603 substantia
2779 4545 3021 4618 negotii,
3055 4545 3196 4600 dum
3251 4545 3300 4600 is
3355 4544 3538 4600 tiliam
3587 4543 3955 4613 despondere
3991 4559 4058 4599 se

2388 4653 2555 4691 suam
2586 4636 2838 4691 credidit
2871 4634 3083 4690 minori
3138 4634 3376 4707 quidem
3439 4633 3556 4689 ﬁlio
3610 4631 3806 4702 cralis,
3839 4649 4055 4687 verum

2387 4731 2622 4797 prepter
2653 4728 2926 4782 morbum
2960 4723 3347 4780 incurabilem
3384 4724 3624 4795 majoris
3651 4723 3865 4778 haeredi
3887 4722 4058 4778 haud

2387 4815 2567 4871 dubio
2608 4819 2664 4870 et
2703 4815 3030 4870 successori
3066 4813 3370 4885 designato
3404 4812 3563 4884 regni
3598 4811 3836 4867 Serbiaa.
3872 4811 4054 4867 Nunc

2390 4912 2586 4960 autem
2633 4903 3070 4975 intelligebatur
3114 4919 3182 4958 ex
3231 4902 3461 4974 Georgii
3495 4901 3874 4957 sermonibus
3899 4917 4063 4957 vana

2390 4994 2490 5049 illa
2523 4995 2726 5060 fuisse,
2763 5010 2889 5065 qua
2931 4993 3158 5064 jactata
3189 4992 3422 5047 fuerant
3461 4992 3532 5047 de
3567 4991 3747 5046 fracte
3781 5005 3954 5045 crure
3989 5007 4061 5045 ac

2389 5084 2698 5156 desperata
2727 5082 3060 5138 valetudine
3094 5080 3498 5154 primogeniti,
3531 5080 3631 5152 qui
3668 5079 3850 5135 filiam
3897 5079 4062 5152 regis

2395 5173 2714 5228 Pannoniae
2746 5171 2805 5227 in
2841 5171 3221 5227 matrimonio
3251 5171 3527 5226 habebat.
3579 5173 3658 5225 De
3703 5169 3932 5226 cateris
3981 5169 4059 5225 ad

2390 5279 2510 5318 rem
2545 5279 2676 5335 qua:
2699 5261 2984 5334 agebatur
3013 5260 3443 5333 spectantibus,
3477 5259 3630 5316 idem
3675 5258 3904 5331 legatus
3936 5276 4060 5315 non

2391 5353 2593 5409 minus
2625 5353 2932 5425 inopinata
2962 5357 3018 5409 et
3051 5353 3333 5424 ambigua
3355 5350 3597 5420 ferebat,
3626 5350 3742 5406 alia
3762 5350 4064 5421 quedam,

2389 5459 2644 5514 quorum
2681 5441 2843 5498 nulla
2873 5449 2994 5498 erat
3037 5457 3302 5513 unquam
3353 5440 3554 5496 audita
3612 5440 3778 5513 prius
3809 5440 4062 5508 mentio,

2388 5547 2748 5606 proponens,
2793 5531 3197 5604 circuitusque
3228 5529 3392 5586 vafre
3426 5534 3693 5604 captans,
3750 5545 3940 5600 eaque
3990 5530 4063 5585 de

2388 5621 2606 5696 quibus
2639 5625 2793 5679 certo
2825 5625 3176 5678 convenerat
3222 5625 3417 5677 astuto
3448 5619 3750 5675 involvens
3795 5617 4060 5676 silentio.

2388 5716 2524 5782 Qum
2557 5710 2757 5770 omnia
2787 5710 3144 5768 mirantibus
3175 5711 3398 5768 nostris
3455 5709 3634 5766 simul
3665 5708 4062 5766 occurrebant
