4212 6442
205 378 302 434 805

1249 374 1344 428 DE
1382 373 1754 428 MICHAELE
1791 374 2232 434 PALJEOLOGO
2270 379 2404 434 LIB.
2445 381 2515 432 V.

3476 376 3584 432 806

201 498 382 572 ἀπῳδά
435 520 494 554 τε
549 496 638 552 καὶ
697 495 882 558 ἄλλως
937 498 1126 570 σαθρά.
1182 494 1378 550 ἐκεῖνοι
1447 497 1546 571 γὰρ
1614 497 1702 550 καὶ
1753 498 1825 557 ὡς
1855 505 1908 569 Α
1938 500 2036 571 γᾶς
2093 501 2414 575 γνωρίζουσι
2451 503 2543 573 μὲν
2584 502 2645 556 τὸ
2699 501 2964 578 πραχθὲν,
3000 503 3221 570 ζητοῦσι
3251 498 3306 554 δὶ
3335 498 3461 561 τοὺς
3498 497 3586 554 δε-

203 589 417 664 ἄρξοντα
475 587 607 659 μετὰ
652 587 741 640 τὸν
798 585 1002 659 πατέρα
1054 585 1131 647 είς
1179 582 1347 653 κῆδος
1401 585 1690 658 προσίεντο
1741 588 1832 640 τὸν

206 679 452 747 υἱὸν,τοῦ
483 675 751 747 προτέρου
789 678 896 728 τῶν
944 670 1151 727 παίδων
1206 673 1479 750 Στεφάνου
1526 676 1588 729 τὸ
1643 673 1833 735 σκέλος

205 766 518 840 κατεαγότος
571 765 660 818 καὶ
724 764 838 836 βίον
902 769 1104 832 ζῶντος
1138 765 1478 836 ἀπράγμονα·
1519 766 1546 818 ὁ
1594 762 1650 818 δέ
1710 762 1836 818 ἄλλ’

206 857 322 912 ἄττα
350 853 538 925 κύκλῳ
575 848 1046 927 περιϐαλλόμενος
1095 854 1162 906 τὰ
1192 852 1604 926 ὡμολογημένα
1627 851 1837 921 ἐπηλυ-

207 949 410 1018 γαζετο.
445 944 527 999 Τὰ
557 940 603 996 δ’
637 941 713 1002 εἷς
744 942 843 1009 τὴν
891 939 1014 995 ὁδὸν
1071 938 1310 1014 δυσχερῆ
1367 963 1424 994 τε
1481 939 1688 1007 ἄλλως,
1748 940 1836 994 καὶ

207 1036 270 1095 ὡς
327 1032 490 1093 αὐτὸς
539 1029 743 1085 ἐδείκνυ
803 1031 1132 1103 ζημιωθείς.
1193 1033 1358 1088 Ἦσαν
1415 1029 1460 1084 δ’
1519 1031 1616 1085 ἀνὰ
1679 1031 1840 1106 μέρος

206 1121 282 1176 καὶ
313 1122 364 1175 oi.
396 1120 519 1191 περὶ
566 1120 656 1173 τὸν
712 1118 1108 1193 χαρτοωύλακα
1156 1121 1232 1192 (αἱ
1262 1120 1362 1194 γὰρ
1404 1127 1502 1189 τῆς
1551 1119 1837 1189 δεσποίνης

207 1208 555 1286 παραγγελίαι
587 1208 675 1262 καὶ
707 1208 954 1277 ἀξιώσεις
1004 1205 1171 1262 δειναὶ
1224 1208 1299 1269 είς
1356 1209 1417 1262 τὸ
1475 1215 1646 1263 ποιεῖν
1701 1207 1837 1262 ἐκεί-

205 1324 298 1355 νων
347 1299 674 1376 φροντίζειν,
707 1298 879 1359 οὕτως
929 1296 1132 1369 ἰδόντα)
1178 1297 1510 1360 ἐπικλῶντες
1563 1301 1656 1362 τὰς
1702 1319 1838 1372 προ-

206 1388 388 1460 θυμίας
418 1392 499 1458 τῷ
529 1388 846 1460 πατριάρχη
879 1388 969 1440 καὶ
1001 1392 1116 1447 τοῖς
1148 1385 1434 1460 ἄρχουσιν,
1465 1389 1551 1459 [Ρ.
1582 1391 1706 1460 241]
1759 1387 1839 1463 ἐφ’

209 1477 249 1548 ᾧ
298 1478 373 1547 μὴ
405 1477 570 1531 πλέον
605 1471 898 1549 προϐῆναι·
963 1474 1104 1547 μηδὲ
1160 1477 1264 1551 γὰρ
1321 1476 1520 1530 ἀνυστά
1575 1478 1661 1530 καὶ
1721 1476 1840 1531 ἐπι-

207 1563 440 1620 κίνδυνα.
502 1565 690 1624 Οὕτως
724 1564 961 1638 ἐχόντων
994 1564 1194 1638 γίνεταί
1250 1586 1301 1617 τι
1333 1565 1421 1618 καὶ
1471 1564 1613 1618 ἄλλο
1647 1563 1839 1635 δεινὸν,

209 1654 227 1666 η
267 1651 288 1670 κ
451 1653 464 1672 κ
636 1654 648 1674 τ
788 1654 797 1670 ν
901 1652 914 1672 ν
1024 1654 1031 1667 ι
1288 1659 1311 1668 η
1461 1657 1483 1666 η
1609 1654 1620 1670 ς
1764 1655 1772 1670 ν

211 1675 235 1707 ο
264 1655 325 1720 δὴ
376 1674 466 1707 και
500 1653 576 1713 εἰς
631 1657 861 1726 υποψιαν
899 1648 1167 1724 εμϐαλλει
1211 1674 1346 1729 σφας
1391 1674 1488 1706 του
1535 1674 1624 1706 και
1673 1674 1842 1727 προσ-

208 1745 284 1796 θεν
341 1743 520 1803 ἰόντας
581 1745 766 1796 παθεῖν
826 1744 893 1796 τὰ
946 1741 1217 1816 χείριστα.
1271 1743 1335 1799 Οἱ
1370 1743 1473 1817 γὰρ
1519 1744 1616 1810 τὴν
1653 1745 1840 1817 χώραν

209 1832 542 1904 ἰπῳκημένοι
600 1832 736 1886 κατᾶ
794 1831 986 1904 στίχας
1050 1831 1213 1892 ἰόντες
1270 1831 1550 1906 ἐφίσταντο
1598 1834 1842 1903 καθημέ-
1874 1873 1920 1934 Β

210 1942 318 1983 νοις
348 1921 649 1989 πολλάκις,
693 1920 782 1974 καὶ
816 1921 997 1994 ἑώρων
1031 1920 1104 1980 ὡς
1156 1918 1384 1974 ἄλλοθέν
1437 1941 1542 1974 που
1589 1920 1843 1989 ἥκοντας.

212 2010 350 2085 σφίσι
383 2007 431 2063 δ’
461 2009 526 2077 ἧν
589 2009 789 2070 σκοπὸς
824 2013 1154 2083 παρατηρεῖν
1195 2010 1263 2063 τὰ
1295 2008 1532 2063 έκείνωνι
1567 2009 1645 2087 ἐφ’
1695 2012 1842 2085 ᾧπερ

210 2099 296 2153 καὶ
347 2099 540 2160 νυκτὸς
601 2097 920 2160 ἐπελθόντες
978 2096 1290 2167 συλήσειαν.
1352 2101 1419 2155 ’Ὁ
1480 2097 1544 2167 δὴ
1606 2100 1694 2154 καὶ
1731 2102 1845 2172 μετ’

215 2186 391 2263 ὀλίγον
445 2183 707 2261 λαμϐάνει
765 2185 942 2250 τέλος·
987 2187 1181 2249 νυκτὸς
1222 2188 1320 2261 γὰρ
1372 2187 1613 2252 ἐπιόντες
1653 2189 1848 2267 ἀψόφῳ

210 2274 333 2332 ποδι
379 2276 509 2340 τοὺς
559 2276 778 2332 ἐκείνων
819 2275 1025 2338 ’ίππους
1073 2276 1300 2342 συλῶσι,
1348 2276 1497 2350 καὶῇ
1541 2275 1720 2332 ποδῶν
1771 2280 1847 2334 εἶ’-

211 2386 329 2442 χον,
362 2368 703 2436 ἀφανίζουσιν
737 2366 955 2428 ἑαυτούς
1031 2367 1094 2420 0i.
1142 2363 1187 2420 δ’
1238 2367 1331 2439 ἅμ’
1379 2364 1454 2439 ἕῳ
1498 2369 1587 2422 καὶ
1635 2369 1722 2423 ὑπ’
1751 2369 1849 2423 αό-

210 2585 463 2655 pericula
493 2586 716 2641 infesta:
763 2584 1089 2640 latrociniis
1143 2586 1271 2652 viae,
1332 2603 1462 2657 quas
1509 2602 1684 2656 quam
1731 2602 1846 2641 non

209 2675 328 2731 sine
358 2692 540 2732 causa
570 2674 1073 2744 timerentur,ipse
1093 2674 1319 2746 legatus
1340 2692 1448 2730 sua
1468 2676 1595 2745 ejus
1616 2675 1849 2746 generis

208 2779 404 2820 recens
437 2768 676 2835 accepta
698 2763 912 2817 damna
936 2779 1402 2820 commemorans
1427 2763 1656 2835 plenam
1677 2763 1848 2819 facie-

205 2851 301 2908 bat
328 2853 530 2908 ﬁdem.
563 2852 792 2907 Partem
827 2852 1004 2906 etiam
1031 2855 1451 2920 momenti,nec
1481 2869 1606 2907 eam
1643 2852 1844 2922 levem,

207 2942 272 2996 ad
300 2957 516 2996 novum
552 2939 974 2994 inclinantibus
1006 2941 1319 2995 consilium
1374 2941 1686 3009 addebant,
1719 2957 1849 3012 quas

207 3030 622 3103 chartopbylax
653 3045 846 3085 coram
883 3037 1186 3101 perspecta
1217 3030 1496 3086 retulerat
1541 3032 1608 3087 de
1663 3031 1847 3086 sordi-

211 3118 317 3175 bus
348 3125 406 3175 et
449 3120 688 3176 miseria
735 3119 1058 3174 domestica
1114 3121 1266 3192 regis
1313 3121 1550 3188 Serbiaa,
1608 3137 1850 3191 quaque

209 3208 357 3264 idem
384 3209 497 3265 sibi
524 3209 688 3263 enixe
712 3209 1118 3263 commendata
1139 3209 1364 3263 dicebat
1386 3210 1458 3264 ab
1493 3213 1757 3282 Augusta
1780 3211 1848 3265 de

207 3298 618 3370 prospiciendo
650 3297 922 3368 dignitati
952 3314 1017 3352 ac
1067 3299 1392 3354 commodis
1441 3299 1594 3366 ﬁliae,
1647 3315 1847 3370 quam,

215 3387 293 3440 uti
325 3404 389 3442 se
411 3404 506 3443 res
538 3385 855 3453 habebant,
890 3386 1262 3442 manifestum
1298 3391 1443 3455 erat,
1475 3389 1519 3442 si
1572 3388 1848 3459 perduce«

211 3481 367 3530 retur
396 3491 515 3546 quo
550 3474 944 3540 intenderant,
972 3491 1084 3530 non
1136 3475 1194 3530 in
1243 3491 1489 3547 regnum
1541 3481 1642 3532 aut
1688 3476 1852 3548 regni

203 3579 384 3634 spem,
422 3565 525 3619 sed
562 3565 620 3618 in
655 3564 992 3619 servitutem
1044 3566 1358 3621 transcribi
1419 3566 1849 3622 tristissimam.

205 3653 324 3708 Haec
344 3653 696 3725 patriarcha
720 3669 784 3707 ac
809 3652 1053 3724 reliquis
1081 3654 1137 3708 in
1169 3670 1234 3709 eo
1253 3655 1531 3710 comitatu
1560 3656 1854 3726 praecipua

204 3741 490 3814 dignitate
522 3742 858 3814 conspicuis
888 3760 1120 3799 omnem
1149 3744 1851 3816 infringebantimpetum

200 3831 446 3887 ulterius
481 3831 782 3904 pergendi,
817 3833 1018 3903 utique
1044 3834 1455 3904 reputantibus
1479 3833 1707 3888 nullum
1741 3850 1852 3887 crs-

204 3927 434 3990 ptorum
459 3921 837 3976 commodum
859 3927 962 3976 aut
985 3921 1192 3977 saltem
1217 3921 1577 3978 tolerabilem
1607 3926 1853 3990 exitum,

210 4010 436 4067 nullum
473 4011 667 4082 longa
685 4027 750 4066 ac
776 4010 1078 4065 laboriosas
1101 4012 1202 4065 via:
1225 4011 1478 4066 fructum
1496 4013 1853 4083 sperandum

203 4115 505 4171 apparere.
539 4099 623 4154 Ne
653 4100 834 4171 pactis
869 4099 1098 4170 quidem
1135 4100 1314 4155 videri
1349 4102 1731 4156 constituram
1787 4102 1854 4154 ﬁ-

207 4189 352 4256 dem,
380 4190 432 4246 si
468 4189 676 4244 futura
707 4205 737 4244 e
769 4190 1156 4260 praesentibus
1205 4189 1654 4245 aestimarentur.
1707 4190 1854 4255 Quid

199 4278 375 4348 igitur
397 4278 682 4334 attineret
704 4277 760 4332 in
782 4277 1128 4348 ambiguum
1148 4282 1204 4333 et
1225 4279 1481 4349 obliquis
1496 4280 1858 4334 anfractibus

203 4367 518 4423 confusum
554 4368 855 4438 negotium
887 4366 1046 4420 velut
1077 4367 1136 4421 in
1160 4383 1378 4422 caecum
1403 4367 1858 4440 perplexumque

200 4454 609 4528 labyrinthum
663 4471 791 4511 sese
823 4454 1003 4510 altius
1050 4459 1107 4510 et
1140 4457 1578 4512 irrevocabilius
1613 4459 1855 4512 immer~

199 4551 413 4615 gere,et
445 4563 567 4600 non
591 4546 788 4616 potius
809 4544 1172 4614 deprehensa
1192 4546 1279 4600 vel
1310 4563 1439 4601 sera
1467 4548 1621 4603 354
1655 4548 1858 4602 fraude

1944 585 2237 660 δρακότας.
2298 590 2477 646 Ἀλλά
2531 595 2751 660 ζητοῦσι
2817 592 3047 662 μάταιος
3105 593 3168 657 ἦν
3227 593 3260 658 ἠ
3323 586 3580 658 σπουδή·

1944 677 2066 732 οὔτε
2115 680 2214 754 γὰρ
2265 682 2412 754 εἶχον
2467 685 2652 750 μαθεῖν
2708 685 2835 754 παρ’
2879 679 3091 734 ἐκείνων
3124 678 3250 740 τοὺς
3301 681 3589 752 σφετέρους

1943 765 2330 834 ἐπειλυόντων,
2372 769 2459 822 καὶ
2504 770 2563 822 τὸ
2623 767 2920 842 δραστικῶς
2971 767 3231 837 ἐξετάζειν
3276 767 3365 821 καὶ
3428 769 3586 820 ἀπαι-

1941 862 2051 910 τεῖν
2110 857 2171 910 οὐ
2232 861 2544 932 συνήνεγκε,
2607 860 2683 930 μὴ
2744 857 2832 912 καί
2882 856 3049 911 πλέον
3106 851 3464 927 ἐπισυμϐαίη,
3498 857 3586 908 ἀν-

1945 945 2184 1017 θρώποις
2221 947 2314 1017 μὲν
2342 952 2440 1014 τήν
2477 945 2644 1016 ἰδέαν,
2674 946 2886 1020 θηρίοις
2921 944 2976 999 δὲ
3004 946 3094 998 τὸν
3145 947 3345 1017 τρόπον
3374 964 3588 1019 παρεμ-

1943 1034 2238 1090 πεσόντων.
2289 1037 2482 1107 ’Ὁμως
2526 1041 2642 1096 τοῖς
2685 1035 2904 1089 ἐκείνων
2960 1032 3194 1108 ἄρχουσι
3245 1035 3590 1108 χρησάμενοι

1946 1123 2020 1186 εἰς
2057 1126 2308 1199 βοήθειαν
2359 1124 2525 1197 (μηδὲ
2573 1127 2673 1200 γὰρ
2725 1124 2872 1199 ἔχειν
2930 1125 3078 1186 ὅπως
3128 1125 3217 1178 καὶ
3275 1126 3587 1196 κινηθεῖεν),

1943 1219 2050 1268 τῶν
2092 1216 2414 1285 κρειττόνων
2456 1213 2643 1268 ’ίππων
2698 1211 3070 1269 ἀπολωλότων
3134 1213 3589 1286 ἀντισηκουμενοι

1945 1310 2064 1364 τοῖς
2091 1311 2190 1373 τῆς
2226 1305 2411 1378 χώρας
2457 1304 2554 1358 οὐκ
2598 1303 2680 1357 ἐπ⁹
2731 1302 2878 1371 ἴσων,
2933 1300 3060 1356 ἀλλ’
3112 1299 3230 1356 οὐδ’
3262 1301 3443 1376 ἐγγὺς,
3498 1321 3590 1372 με·

1945 1395 2280 1448 ταναστεῦειν
2328 1394 2405 1456 εἷς
2456 1392 2741 1448 τοῦπισθεν
2795 1388 3172 1448 ἐϐουλεύοντο.
3227 1393 3328 1447 Καὶ
3377 1389 3443 1458 δὴ
3496 1390 3592 1445 δο-

1947 1483 2110 1554 ξάσης
2141 1490 2238 1550 τῆς
2274 1482 2480 1556 βουλῆς
2514 1485 2714 1555 ἀγαθῆς
2769 1483 2854 1535 καὶ
2922 1480 3277 1550 συνοισούσης
3328 1479 3495 1534 πλέον
3555 1478 3589 1546 ἢ

1953 1573 2058 1641 μην
2119 1571 2460 1645 βλαψούσης,
2493 1570 2741 1644 πρύμναν
2795 1590 2853 1623 τε
2901 1569 3208 1644 κρούονται,
3249 1568 3310 1621 τὸ
3368 1572 3464 1621 τοῦ
3497 1566 3591 1621 λό·

1946 1679 2065 1730 γου,
2124 1659 2209 1711 καὶ
2267 1665 2385 1719 τοῖς
2443 1655 2658 1720 ὄπισθεν
2719 1656 3149 1726 ἐπεκτεινόμενοι
3200 1653 3594 1728 ἔωςἋχρίδας

1949 1742 2132 1816 ᾔεσαν.
2193 1748 2426 1809 Ἐκεῖθεν
2489 1745 2544 1800 δε
2604 1745 2812 1816 σύναμα
2864 1748 2931 1817 τῇ
2995 1741 3235 1818 βασιλίδι
3269 1743 3594 1797 Θεσσαλονί-

1948 1857 2049 1903 κης
2080 1831 2384 1900 ἐπιϐάντες,
2429 1833 2596 1904 κῆδος
2629 1834 2801 1888 ἐκεῖνο
2854 1835 2942 1887 καὶ
2994 1834 3262 1902 συνθήκας
3323 1833 3411 1886 καὶ
3471 1853 3595 1885 συν-

1958 1923 2283 1999 αλλάγματα
2329 1925 2455 1997 παρ’
2505 1922 2658 1978 οὐδὶν
2721 1924 2961 1995 θέμενοι,
3013 1922 3150 1996 πρὸς
3211 1920 3435 1996 βασιλέα
3497 1922 3595 1975 ὑπ-

1955 2009 2230 2089 ἔστρεφον.

1956 2121 2025 2190 η’.
2075 2121 2157 2176 Τὰ
2197 2122 2332 2174 κατὰ
2377 2121 2468 2173 τὸν
2521 2118 2669 2196 ῥῆγᾳλ
2708 2116 3015 2196 Καρουλον,
3063 2115 3153 2170 καὶ
3203 2115 3353 2177 ὅπως
3399 2114 3596 2170 στόλον

2626 2190 2931 2262 ἐξηρτύετο.

2031 2282 2110 2352 [Ρ.
2143 2281 2269 2354 242]
2300 2281 2436 2334 Τότε
2470 2278 2648 2334 τοίνυν
2697 2279 2831 2351 μετᾶ
2878 2277 3065 2350 καιρὸν
3113 2275 3202 2329 καὶ
3250 2277 3318 2330 τὰ
3367 2275 3484 2348 περὶ
3536 2275 3601 2330 τὸ

1959 2369 2262 2446 Δυρράχιον
2313 2364 2503 2441 ξυνέϐη
2539 2367 2743 2423 ἐλεεινά
2772 2367 2862 2422 καὶ
2894 2365 3084 2440 πλήρη
3136 2362 3404 2439 δακρύων.
3457 2371 3599 2440 Κρο-

1956 2588 2114 2654 runt,
2147 2600 2272 2655 quae
2306 2585 2418 2639 cito
2444 2585 2501 2638 in
2537 2584 2794 2640 dolorem
2836 2587 3085 2642 transiit.
3140 2587 3286 2642 Nam
3344 2603 3457 2640 non
3518 2586 3601 2640 ita

1958 2673 2142 2729 multo
2176 2684 2301 2745 post
2335 2674 2602 2728 nocturni
2627 2679 2995 2746 grassatores
3020 2675 3170 2730 clam
3198 2674 3604 2747 appulsi,pede

1957 2778 2246 2832 suspenso
2278 2779 2512 2818 summa
2543 2781 2684 2819 cura
2717 2766 3001 2836 strepitus
3034 2766 3478 2836 vitandi,equos
3502 2780 3602 2819 no-

1959 2856 2212 2906 strorum
2241 2852 2610 2918 abduxerunt
2657 2862 2712 2908 el
2760 2871 2892 2908 cum
2946 2855 3017 2908 iis
3050 2870 3226 2926 quam
3262 2853 3608 2925 longissime

1958 2941 2252 3012 fugerunt.
2280 2943 2527 2998 Romani
2559 2945 2669 2999 sub
2702 2961 2970 3000 auroram
3007 2945 3159 2999 furto
3201 2944 3399 3015 agnito
3448 2961 3606 3014 quae-

1959 3036 2098 3085 runt
2128 3036 2396 3087 auctores
2426 3034 2582 3100 facti,
2617 3034 2686 3088 de
2712 3033 2897 3088 obviis
2932 3037 3343 3104 percontantes
3391 3032 3601 3104 ecquid

1958 3117 2170 3174 horum
2204 3129 2460 3175 nossent.
2495 3121 2604 3176 Sed
2637 3137 2852 3176 vanum
2886 3120 3105 3176 scilicet
3163 3121 3425 3175 studium
3475 3125 3600 3174 erat

1881 3235 1922 3301 ρ
1963 3207 2159 3262 indicii
2192 3210 2626 3281 testimoniique
2659 3211 3006 3282 corrogandi
3045 3228 3078 3265 a
3107 3209 3359 3265 consciis
3410 3209 3606 3262 furum

1962 3296 2020 3350 in
2055 3313 2192 3351 suos
2225 3296 2486 3369 ipsorum
2511 3298 2820 3369 pepulares
2851 3300 3177 3369 sociosque,
3230 3314 3480 3370 quorum
3514 3314 3608 3352 ra-

1959 3386 2269 3456 pacitatem
2303 3386 2456 3441 haud
2494 3389 2665 3458 paulo
2700 3387 2988 3442 imitaturi
3020 3386 3297 3442 libentius
3320 3402 3498 3456 quam
3521 3401 3611 3440 ac-

1959 3476 2217 3531 cusaturi
2250 3476 2608 3530 viderentur.
2646 3478 2842 3547 Itaque
2871 3477 3130 3547 prudens
3157 3474 3474 3531 consilium
3503 3475 3614 3529 fuit

1961 3582 2081 3619 rem
2108 3566 2279 3620 istam
2308 3583 2416 3620 non
2455 3565 2703 3620 nimium
2732 3581 2961 3636 urgere,
2981 3582 3051 3620 ne
3081 3565 3194 3620 ista
3235 3565 3364 3634 ipsa
3384 3564 3608 3618 instan-

1961 3655 2042 3709 tia
2072 3655 2299 3709 irritata
2330 3671 2470 3724 gens
2505 3655 2771 3722 barbara,
2817 3654 3136 3709 belluinam
3181 3655 3468 3709 feritatem
3501 3653 3610 3707 hu-

1963 3760 2138 3798 mana
2167 3744 2362 3798 celans
2380 3743 2591 3815 specie,
2625 3744 2793 3814 pejus
2825 3743 3047 3814 aliquid
3083 3742 3616 3812 funestiusquede-

1963 3834 2466 3905 signaret.'t‘amen
2503 3850 2572 3888 ne
2604 3833 2746 3904 quid
2792 3831 3143 3887 intentatum
3190 3831 3610 3901 relinquerent,

1964 3923 2344 3992 magistratus
2375 3923 2632 3977 locorum
2666 3921 2956 3987 adierunt,
3006 3925 3281 3992 rogantes
3325 3925 3388 3974 ut
3425 3936 3610 3990 equos

1965 4012 2074 4067 sibi
2111 4011 2340 4066 restitui
2369 4015 2663 4077 curarent,
2699 4009 2826 4065 sine
2876 4010 3092 4080 quibus
3139 4009 3483 4064 institutum
3534 4009 3607 4062 ad

1965 4116 2156 4171 regem
2191 4101 2450 4170 ipsorum
2485 4100 2592 4154 iter
2622 4099 2898 4170 perficere
2931 4098 3260 4168 nequirent,
3295 4095 3510 4150 Verum
3539 4096 3611 4151 ab

1966 4189 2054 4244 his
2089 4189 2208 4242 nihi
2243 4188 2401 4243 aliud
2427 4187 2727 4258 impetrari
2764 4187 2951 4259 potuit
2982 4187 3092 4243 nisi
3126 4191 3192 4242 ut
3238 4202 3422 4257 equos
3466 4185 3614 4256 ipsis

1967 4278 2222 4348 regionis
2254 4279 2402 4347 ejus,
2433 4276 2594 4332 nulla
2627 4283 2787 4346 parte
2819 4293 2952 4332 cum
2977 4275 3214 4330 amissis
3245 4272 3613 4345 comparabi-

1966 4365 2073 4430 les,
2105 4366 2398 4421 offerrent.
2433 4366 2566 4429 Quae
2617 4365 2880 4420 videntes
2933 4365 3117 4420 nostri
3170 4365 3241 4418 ad
3296 4361 3612 4418 consilium

1968 4457 2204 4510 tandem
2234 4455 2292 4510 in
2328 4471 2582 4525 proram,
2617 4455 2766 4511 355
2816 4455 2969 4524 quod
3003 4455 3192 4519 aiunt,
3229 4450 3613 4507 incumbendi

1970 4546 2419 4616 reﬂectendique
2451 4552 2602 4600 retro
2637 4544 2864 4599 itineris
2913 4543 3199 4614 compulsi
3242 4546 3399 4597 sunt.
3451 4541 3620 4596 Refe-

201 4633 399 4702 pedem
435 4633 648 4689 statim
674 4632 907 4701 referre,
941 4634 1299 4704 tandemque
1347 4635 1577 4706 imperii
1628 4635 1856 4703 honori,
1890 4625 1939 4687 D
1969 4640 2164 4690 rentes
2195 4650 2331 4705 ergo
2365 4636 2567 4704 pedem
2596 4650 2770 4704 quam
2806 4633 3060 4687 maxima
3082 4631 3386 4686 velocitate
3410 4630 3469 4683 in
3495 4633 3619 4684 tan-

201 4719 598 4792 imperatoria:
629 4721 872 4792 virginis
908 4721 1492 4794 dignitatisalutique
1524 4723 1860 4779 consulere?

199 4810 350 4867 Talia
374 4812 502 4867 illis
521 4810 993 4866 deliberantibus
1013 4815 1069 4865 et
1085 4811 1277 4867 adhuc
1292 4815 1598 4868 sententia:
1620 4813 1858 4869 incertis

200 4901 536 4970 supervenit
571 4899 903 4971 quidpiam,
928 4917 1043 4971 quo
1076 4902 1443 4971 suspiciones
1469 4903 1527 4956 in
1558 4907 1776 4958 metum
1803 4908 1860 4958 et

203 4990 710 5062 exspectationem
740 4993 1353 5045 verterenturcertam
1376 5008 1551 5063 grave
1575 4993 1856 5064 quiddam

202 5083 254 5133 et
280 5079 516 5135 exitiale
552 5078 836 5151 patiendi,
872 5077 921 5133 si
964 5095 1135 5149 porro
1185 5086 1511 5152 pergerent,
1564 5082 1858 5153 siquidem

203 5163 391 5223 incola
420 5167 696 5238 regionis
730 5182 831 5236 per
861 5170 1086 5222 turmas
1116 5170 1457 5224 accedentes
1500 5172 1858 5226 recedentes-

201 5257 428 5324 qne,ubi
449 5255 731 5312 cominus
748 5260 1098 5326 aspexerant
1119 5256 1360 5314 minime
1377 5259 1653 5314 familiari
1669 5260 1856 5328 vultu,

200 5359 258 5400 ac
287 5345 367 5402 sic
400 5344 676 5418 speciem
715 5345 1044 5416 praebentes
1086 5349 1351 5402 euntium
1388 5355 1859 5422 praeoccupatum

197 5433 415 5492 insidiis
451 5437 681 5501 locum,
720 5435 873 5489 unde
919 5439 1094 5490 noctu
1145 5444 1524 5509 erumpentes
1572 5440 1859 5510 impetum

199 5522 446 5581 facerent
479 5526 545 5580 in
582 5522 949 5595 peregrinos,
996 5540 1249 5594 quorum
1299 5532 1410 5582 iter
1454 5529 1862 5599 explorassent

200 5618 248 5667 et
274 5631 450 5685 quam
485 5611 754 5670 multum
803 5613 1006 5683 praedes
1059 5614 1358 5671 traherent
1415 5618 1685 5688 praesenti
1725 5636 1860 5676 con-

203 5709 390 5776 spectu
423 5705 878 5772 observassent,
910 5700 1288 5761 formidinem
1322 5705 1538 5763 nostris
1588 5708 1859 5765 admove-

1968 4725 2042 4779 tis
2074 4724 2523 4778 difﬁcultatibus
2549 4723 2738 4788 licuit,
2777 4722 3088 4777 Achridam
3143 4737 3204 4776 se
3249 4723 3617 4790 receperunt,

1968 4813 2165 4884 ibique
2197 4819 2558 4883 resumptam
2594 4814 2812 4884 regiam
2835 4812 3118 4883 virginem
3140 4807 3618 4865 Thessalonicam

1968 4902 2348 4969 deducentes,
2381 4903 2518 4957 inde
2549 4903 2770 4957 omissa
2801 4902 2914 4971 iam
2946 4903 3106 4955 omni
3138 4897 3489 4970 cogitatione
3522 4896 3616 4950 in-

1969 4991 2159 5062 dignae
2189 5007 2253 5047 ac
2285 4991 2626 5064 perniciosas
2657 4990 2968 5045 afﬁnitatis
2999 4989 3069 5044 ad
3095 4989 3510 5060 imperatorem
3535 5000 3619 5040 re-

1969 5081 2226 5136 dierunt.

1966 5226 2020 5279 7.
2041 5226 2113 5281 De
2142 5225 2490 5295 Dz’rrhachz‘o,
2523 5230 2574 5280 et
2606 5225 2673 5281 de
2705 5231 3019 5295 teri-semota
3051 5237 3156 5295 quo
3189 5223 3266 5278 est
3296 5219 3397 5275 illa
3424 5217 3621 5274 civim:

2677 5312 2886 5352 eversa.

2040 5443 2203 5499 Circa
2221 5443 2328 5498 hoc
2361 5447 2591 5514 tempus
2624 5447 2724 5497 aut
2756 5439 2929 5512 paulo
2955 5444 3086 5512 post
3103 5436 3350 5508 contigit
3374 5436 3616 5492 misera-

1968 5532 2108 5588 bilis
2137 5538 2194 5587 et
2223 5533 2486 5588 omnium
2522 5531 2698 5602 digna
2730 5530 3005 5602 lacrymis
3029 5527 3475 5602 Dyrrachiensis
3503 5523 3620 5579 cla-

1968 5621 2256 5690 des,huno
2289 5622 2468 5676 ferme
2501 5621 2559 5674 in
2591 5621 2858 5675 modum.
2891 5624 3089 5674 Mense
3138 5618 3376 5672 ineunte
3410 5613 3620 5669 Martio

1968 5711 2167 5768 sonori
2201 5729 2231 5768 e
2261 5716 2414 5767 terra
2435 5710 2697 5782 fragores
2721 5709 3062 5765 increbuere
3084 5707 3142 5762 in
3165 5707 3480 5776 strepitum
3504 5702 3622 5760 fere
