4242 6438
680 394 784 448 807

1983 386 2281 442 GEORGII
2320 385 2784 440 PACHYMERE

3984 379 4090 436 808

671 517 784 570 νίου
813 518 913 591 γάρ
957 513 1241 573 ἐνστάντος
1281 511 1452 584 μηνὸς
1503 511 1790 579 ἀσυνήθεις
1850 507 2017 583 ψόφοι
2074 508 2174 573 τήν
2225 512 2327 581 γῆν
2361 513 2408 577 Α
2441 507 2577 560 κάτά
2606 526 2723 560 τινα
2751 504 2928 579 τύχην
2980 503 3345 574 ἐπιπεσούσης
3397 502 3576 573 ἄλλης
3624 498 4089 574 συνελαμϐάνετο.

673 605 962 679 ἐτάρασσον
993 606 1260 676 συνεχῶς,
1308 600 1398 661 οὓς
1432 597 1498 668 δὴ
1555 596 1831 673 βοασμοὺς
1878 595 2218 668 κοινολογῶν
2254 592 2328 649 εἷ’-

673 714 766 747 ποι
818 714 923 763 τις,
983 692 1070 745 καὶ
1113 688 1276 758 δῆλοι
1336 689 1471 756 ἦσαν
1503 686 1861 758 σημαίνοντες
1911 684 2060 738 ἐπιὸν
2106 683 2325 758 ἐγγύθεν

674 783 858 837 κακόν.
916 783 1058 841 Μιᾶς
1112 783 1237 854 γοῦν
1290 778 1500 849 ἡμέρας
1533 776 1620 829 καὶ
1656 775 2042 849 συνεχέστερον
2077 772 2324 846 ἐπήχουν

676 873 728 925 οἱ
758 871 944 943 κρότοι
978 869 1066 923 καὶ
1103 873 1286 939 μεῖζον
1322 866 1355 934 ἢ
1415 865 1702 938 πρότερονι
1760 866 1893 919 Τοῖ)
1930 864 2022 934 μὲν
2086 862 2174 914 οὖν
2229 858 2326 931 ἐμ-

672 964 910 1014 πεσοῦσα
969 957 1147 1011 δειλία
1203 953 1303 1025 ἔξω
1348 975 1451 1008 που
1501 957 1773 1007 κατοικεῖν
1818 956 1915 1005 τοῦ
1948 950 2133 1012 ἄστεος
2181 948 2326 1002 ἕπει-

672 1060 781 1118 θεν,
841 1047 916 1108 ὡς
977 1045 1022 1099 εἷ
1055 1043 1225 1098 πλέον
1256 1041 1478 1118 γένηται
1529 1041 1892 1113 ἀλυξείουσιν.
1928 1037 2108 1094 Ἀλλὰ
2135 1037 2226 1107 νὺξ
2257 1037 2321 1105 ἦν

671 1134 1026 1210 ἐπιγινομένη
1093 1139 1210 1193 τοῖς
1272 1135 1557 1206 ἡμερινοῖς
1616 1129 1840 1190 ἐκείνοις
1899 1123 2176 1202 θορύϐοις,
2232 1125 2322 1180 καὶ

667 1226 892 1296 σεισμὸς
949 1222 1207 1294 ἐμπίπτει
1283 1220 1451 1295 βαρὺς
1517 1220 1607 1273 καὶ
1665 1223 1770 1272 τῶν
1830 1214 2318 1291 μνημονευομένων

669 1314 888 1385 μείζων.
921 1314 1023 1367 Ἢν
1058 1309 1104 1364 δ’
1153 1309 1357 1370 ἐκεῖνος
1391 1308 1452 1362 ού
1485 1308 1714 1380 τρόμος,
1772 1307 1845 1368 ὡς
1905 1303 1965 1359 ἄν
2017 1327 2102 1368 τις
2154 1303 2320 1370 εἷ’ποι,

657 1409 759 1476 γῆς
787 1401 922 1455 κατὰ
951 1400 1013 1453 τὸ
1074 1398 1298 1472 λέχριον
1351 1398 1707 1467 κινουμένης,
1765 1393 1910 1449 ἀλλᾶ
1967 1393 2103 1448 κατά
2154 1413 2321 1469 σφυγ-

658 1491 796 1560 μοὺς
853 1487 1234 1560 ἀνατιναγμὸς,
1289 1486 1362 1548 ὡς
1415 1484 1466 1539 ἐν
1527 1485 1717 1559 ἀκαρεῖ
1774 1487 1946 1537 πᾶσαν
1994 1485 2092 1551 τήν
2151 1480 2315 1536 πόλιν

655 1577 862 1647 ἐκείνην
943 1577 1002 1631 ἐκ
1077 1575 1346 1647 θεμελίων
1425 1574 1793 1647 ἀνατραπῆναι
1852 1572 1940 1625 καὶ
2002 1576 2178 1626 πεσεῖν
2239 1570 2317 1632 εἷς

651 1664 943 1739 τοῦδαφος.
1003 1665 1157 1722 Οἶκοι
1193 1662 1242 1718 δ’
1270 1663 1466 1717 ἐκεῖνοι
1517 1661 1606 1716 καὶ
1659 1663 1972 1721 ἀναστάσεις
2001 1661 2316 1733 κτισμάτων

660 1752 801 1827 μηδὲ
854 1755 917 1809 τὸ
976 1752 1154 1828 βραχὺ
1199 1752 1547 1827 ἀντισχόντες
1596 1747 1898 1805 ἐνεδίδοσαν
1953 1749 2043 1802 καὶ
2083 1750 2311 1802 κατέπι-

2440 596 2539 651 Καὶ
2600 595 2668 663 ἦν
2718 594 2911 665 ἀθρόον
2950 595 3045 664 μὶν
3085 595 3146 647 τὸ
3199 591 3392 664 δεινὸν,
3444 591 3704 668 δυσχερὲς
3751 591 3808 646 δὲ
3860 593 3894 660 ἢ
3950 592 4092 646 ὥστε

2434 684 2555 737 τινὰ
2585 681 2820 758 φυγόντα
2851 683 3132 750 σώζεσθαι.
3170 681 3410 742 Πολλοῖς
3442 679 3498 735 δέ
3544 681 3633 735 καὶ
3684 677 3812 754 ὄναρ
3862 678 4087 752 ἐπέστη,

2436 772 2487 826 οἳ
2517 772 2603 825 καὶ
2639 770 2766 845 πρὶν
2815 772 3002 842 μαθεῖν
3044 771 3107 824 τὸ
3157 765 3364 841 συμϐὰν
3416 769 3516 823 οὐκ
3566 769 3795 845 ἔφθανον
3842 768 4091 824 ἀπολλύο

2437 881 2606 932 μενοι.
2642 856 2906 931 Παιδάρια
2939 856 2997 913 δὲ
3041 858 3132 912 καὶ
3189 857 3360 935 βρέφη
3399 856 3528 930 μηδ’
3559 854 3740 932 ἔχοντ⁹
3772 857 3973 912 εἷδέναι
4024 858 4086 912 τὸ

2431 947 2679 1023 χαλεπὸν
2735 953 2851 1008 τοῖς
2919 947 3179 1022 ἐρειπίοις
3239 946 3746 1021 συγκατεπνίγοντο.
3815 949 4092 1008 Τοσοῦτος

2431 1034 2476 1091 δ’
2505 1039 2571 1106 ἧν
2606 1037 2634 1090 ’ὀ
2666 1035 2920 1114 ἐξαίφνης
2957 1035 3163 1095 κτύπος
3209 1034 3300 1088 καὶ
3350 1030 3601 1109 θόρυϐος,
3657 1035 3796 1089 ὥστε
3843 1035 3934 1089 καὶ
3986 1042 4088 1102 τῆς

2429 1124 2706 1194 Θαλάσσης
2750 1119 3232 1197 ἀναϐρασσομένης
3300 1117 3489 1196 ἔξωθεν
3540 1123 3673 1184 τοὺς
3731 1124 4089 1198 περιγεγονό·

2424 1236 2520 1278 τας
2553 1217 2827 1286 ὑπονοεῖν,
2861 1214 2968 1288 οὐχ
2999 1213 3148 1276 ὅπως
3182 1215 3362 1288 ἀρχὴν
3406 1211 3615 1268 ὠδίνων
3658 1217 3744 1287 [Ρ.
3776 1217 3905 1287 243]
3939 1214 4086 1268 ἐκεῖ·

2424 1325 2508 1373 να,
2543 1303 2689 1359 ἀλλὰ
2717 1303 2806 1358 καὶ
2836 1303 3004 1372 αὐτὴν
3035 1307 3130 1357 τοῦ
3160 1303 3371 1377 κόσμου
3405 1303 3688 1372 ἐπιστῆναι
3729 1301 4074 1358 συντέλειαν·

2422 1398 2502 1464 τῷ
2530 1394 2631 1468 γάρ
2662 1390 3103 1467 παραθαλασσίαν
3161 1394 3254 1464 μὲν
3303 1393 3403 1458 τὴν
3451 1392 3617 1446 πόλιν
3665 1392 3874 1461 ἐκείνην
3921 1392 4081 1460 εἶναι,

2423 1479 2594 1535 δεινὸν
2629 1479 2686 1535 8‘s
2728 1483 2817 1536 καὶ
2847 1481 3108 1555 τιναγμὸν
3139 1480 3394 1552 ἐμπεσεῖν
3426 1480 3698 1556 ἐξαίφνης,
3756 1481 3924 1534 τόσου
3985 1482 4080 1552 μὶν

2419 1565 2655 1643 θορύϐου
2685 1571 2982 1644 γεγονότος
3029 1570 3352 1642 ἀνθρώπων,
3404 1569 3566 1623 τόσου
3617 1568 3676 1624 δὲ
3717 1568 3928 1623 κτύπου
3962 1567 4080 1622 ἐπι-

2417 1657 2866 1712 καταπιπτόντων
2920 1657 3197 1727 ἀλλήλοις
3223 1661 3332 1712 τῶν
3365 1657 3710 1730 οἰκημάτων,
3768 1659 3819 1711 οἱ
3881 1654 4079 1727 ἔξωθεν

2418 1746 2724 1819 εὑρεθέντες
2783 1747 3050 1820 μειζόνως
3117 1746 3554 1810 κατασεισθέντες
3609 1747 3703 1808 τὰς
3755 1746 3921 1807 ἀκοάς
3983 1747 4082 1800 ou-

653 1865 808 1914 πτον,
842 1837 1452 1914 ἐναπολαμϐανομενων
1479 1839 1626 1900 ἐντὸς
1654 1843 1761 1894 τῶν
1794 1837 2118 1912 ἀνθρώπων,
2145 1834 2309 1909 μηδε-
2338 1867 2383 1932 Β
2415 1833 2500 1890 δέν
2560 1838 2708 1911 εἶχον
2742 1837 2988 1890 ὑπονοεῖν
3037 1832 3222 1909 ἕτερον
3275 1835 3310 1904 ἢ
3368 1837 3464 1890 τοῦ
3512 1837 3726 1909 κόσμου
3755 1836 3960 1896 παντὸς
3995 1834 4077 1904 ἐξ·

649 1933 739 1996 νὸς
792 1928 1017 2007 ἔχοντος
1080 1930 1189 2000 ὅπη
1225 1929 1412 2007 φύγοι.
1445 1930 1521 1986 Τὸ
1568 1928 1668 2004 γὰρ
1698 1932 1807 1983 τῶν
1838 1925 2303 2000 οἰκοδομημάτων

653 2022 876 2096 συνεχὲς
905 2025 972 2094 τῇ
1005 2019 1218 2074 ἐκείνων
1253 2024 1399 2096 φυγῇ
1441 2017 1792 2094 προσίστατο,
1843 2018 1931 2071 καὶ
1985 2014 2184 2086 πολλῷ
2237 2018 2302 2084 ἦν

652 2109 779 2185 ῥᾷον
813 2109 963 2170 ἐντὸς
996 2108 1183 2162 οῗκιῶν
1217 2109 1251 2178 ἢ
1296 2107 1534 2179 ἐξιόντας
1587 2107 1872 2174 σώζεσθαι,
1923 2103 2071 2174 πλὴν
2119 2103 2307 2158 κάκεί-

647 2221 755 2253 νων
786 2202 1060 2262 σωθεισῶν
1094 2198 1153 2250 ἐκ
1197 2198 1416 2271 μέρους·
1474 2193 1597 2249 οὐδὲ
1647 2195 1750 2269 γὰρ
1782 2195 1847 2262 ἦν
1878 2193 2001 2262 ἥτις
2034 2193 2123 2247 καὶ
2170 2191 2305 2247 κατά

645 2288 707 2342 τὸ
755 2287 1006 2363 ἀκέραιον
1068 2284 1358 2359 διεγένετο.
1420 2283 1602 2354 Ἀλλη
1658 2284 1758 2359 γὰρ
1820 2283 1901 2336 ἐπ’
1953 2280 2098 2352 ἄλλη
2153 2283 2303 2335 συνέ-

647 2397 834 2446 πιπτε,
878 2375 967 2430 καὶ
1001 2376 1028 2430 ὁ
1060 2375 1262 2445 ταύτης
1294 2373 1570 2444 πεσούσης
1617 2373 1708 2427 τὸν
1761 2368 2004 2426 κίνδυνον
2059 2367 2305 2446 ἀποδρὰς

651 2592 1022 2661 continuum;
1045 2590 1246 2663 quales
1279 2592 1552 2647 boasmos
1572 2589 1690 2646 sive
1723 2591 1933 2646 boatus
1965 2605 2098 2644 cum
2129 2586 2308 2659 vulgo

650 2681 901 2753 loquens
932 2683 1064 2752 quis
1097 2681 1327 2735 dixerit.
1365 2681 1429 2735 Hi
1465 2681 1743 2734 nimirum
1786 2680 1939 2734 clare
1987 2677 2307 2732 denuntia-

650 2772 794 2826 bant
823 2770 1142 2826 immiLens
1178 2769 1576 2825 malum.Cum
1611 2767 2055 2840 sicaliquandiu
2082 2766 2308 2822 inferne

649 2859 960 2930 tonuisset,
987 2863 1226 2932 repente
1259 2858 1351 2914 die
1383 2859 1638 2929 quadam
1663 2859 1895 2913 acutius
1925 2861 1981 2912 et
2004 2855 2306 2912 continen-

642 2949 1088 3006 tiusinsonuere
1119 2955 1304 3020 coepta
1337 2950 1738 3020 tonitrua,quo
1763 2963 1961 3004 eorum
1985 2950 2303 3018 augmento

647 3039 789 3094 moti
822 3039 1060 3111 quidam
1098 3039 1157 3093 in
1193 3039 1565 3094 fcrrnidinem
1590 3037 1873 3093 acriorem
1899 3037 2069 3092 tectis
2111 3051 2304 3091 exces-

643 3135 868 3196 serunt,
904 3128 1223 3183 diversorio
1256 3133 1416 3182 extra
1451 3128 1655 3182 urbem
1691 3125 1952 3197 quzesito,
1981 3130 2046 3180 ut
2078 3125 2126 3180 si
2159 3124 2298 3195 quid

2412 1925 2682 2002 αφάνισιν.
2745 1927 2861 1981 Ἐπ’
2921 1925 3021 1980 οὐκ
3068 1922 3256 1998 ὀλίγον
3309 1925 3401 1978 οὖν
3458 1930 3556 1979 τοῦ
3609 1929 3832 1998 σεισμοῦ
3863 1927 4077 1998 κρατή-

2414 2036 2623 2084 σαντος,
2683 2015 2756 2076 ὡς
2788 2013 2956 2087 μηδὲν
2997 2015 3164 2078 ἐστὼς
3208 2013 3719 2092 ἐγκαταλειφθῆναι,
3787 2012 3936 2069 ἀλλὰ
3969 2020 4077 2068 πᾶν

2411 2106 2474 2160 τὸ
2532 2105 2681 2168 ἐντὸς
2739 2111 3056 2160 καταπεσεῖν
3111 2106 3201 2161 καὶ
3257 2105 3386 2168 τοὺς
3445 2105 3761 2178 ἀνθρώπους
3806 2125 4076 2177 συγκατα-

2413 2197 2612 2267 χῶσαι,
2665 2193 2811 2267 παρὰ
2845 2192 3016 2265 μόνην
3051 2193 3218 2261 αὐτὴν
3248 2195 3348 2261 τήν
3382 2191 3684 2267 ἀκρόπολιν
3739 2190 3943 2264 (ἐκείνη
3973 2191 4077 2264 γὰρ

2412 2282 2502 2335 καὶ
2533 2281 2761 2356 ἀντέσχε
2792 2282 2881 2336 καὶ
2914 2281 3022 2357 οὐχ
3075 2284 3317 2352 ὑπήκουε
3362 2287 3442 2352 τῷ
3472 2284 3722 2354 σεισμῷ),
3774 2281 3989 2354 ἡμέρας
4023 2277 4082 2334 δὲ

2415 2370 2674 2446 φανείσης
2725 2373 3110 2447 συντρέχουσιν
3163 2373 3214 2426 οἱ
3268 2370 3538 2446 περίοικοι
3600 2372 3712 2443 ἅμα
3767 2367 4079 2442 μακέλλαις

2417 2587 2666 2645 dissima
2694 2605 2822 2644 sors
2854 2588 3466 2661 plerorumquevideri
3489 2587 4082 2660 potuerit,quosdor-

2419 2679 2689 2745 mientes,
2723 2677 2882 2734 velut
2913 2680 3080 2734 triste
3111 2679 3429 2745 somnium,
3461 2694 3620 2733 mors
3652 2675 4082 2733 invasitzlucri-

2416 2765 2681 2823 fecerunt
2705 2768 2860 2823 enirn
2891 2768 3200 2839 angustias
3232 2769 3600 2840 praecessuri,
3633 2767 3683 2822 si
3736 2766 4081 2838 vigilarent,

2415 2856 2601 2912 fatum
2636 2862 2962 2914 extremum
2998 2862 3187 2914 metus
3237 2863 3294 2913 et
3337 2857 3764 2928 desperationis
3811 2855 4083 2911 smvissi-

2415 2961 2543 3000 mos
2579 2945 2867 3014 horrores,
2910 2946 3007 3016 qui
3040 2946 3370 3001 calamitate
3402 2945 3724 3017 improvisa
3755 2944 3903 3000 citra
3934 2960 4081 2998 seno

2412 3051 2544 3089 sum
2578 3034 2775 3091 hausti
2808 3052 2937 3091 sese
2969 3036 3158 3108 perire
3191 3035 3544 3091 nescierunt.
3579 3037 3715 3098 Quae
3776 3033 4085 3105 praecipua

2412 3124 2658 3179 felicitas
2682 3124 3022 3180 lactentium
3040 3130 3140 3180 aut
3158 3126 3417 3181 nondum
3439 3141 3541 3195 per
3562 3128 3789 3178 aetatem
3818 3123 4077 3177 rationis

643 3218 780 3274 inde
812 3218 1103 3273 funestius
1137 3216 1715 3297 ingrueret,s_alutem
1748 3215 1806 3269 in
1840 3220 1966 3270 tuto
1991 3214 2293 3269 haberent.
2329 3230 2370 3297 ρ
2415 3219 2752 3284 compotum
2788 3215 3167 3285 puerulorum
3203 3214 3332 3269 fuit.
3365 3215 3535 3269 Tales
3559 3214 3711 3269 enim
3743 3212 3917 3266 obriti
3947 3211 4075 3266 suf-

639 3309 820 3364 Nocte
852 3324 1022 3379 porro
1054 3295 1501 3378 superveniente
1533 3305 1762 3360 diurnis
1806 3302 2150 3375 hujusmodi
2199 3307 2294 3358 tu-

643 3397 929 3454 multibus
962 3400 1329 3451 terrasmotus
1365 3393 1568 3450 incidit
1608 3395 1802 3465 gravis
1833 3398 1890 3448 et
1921 3392 2197 3447 omnibus
2229 3392 2298 3446 de

640 3487 858 3557 quibus
884 3490 973 3540 est
997 3485 1172 3539 fando
1207 3484 1474 3539 auditum
1501 3482 2051 3538 vehementior.Non
2075 3480 2298 3537 enimis

643 3581 996 3631 erattremor
1013 3575 1180 3646 quasi
1204 3574 1336 3645 quis
1361 3573 1572 3628 dixerit
1595 3577 1759 3627 terras
1783 3571 1840 3627 in
1866 3571 2169 3641 obliquum
2187 3587 2265 3625 nu
2284 3601 2294 3610 ο

639 3665 843 3733 tantis,
877 3664 976 3719 sed
1012 3663 1346 3734 reciprocus
1365 3662 1767 3716 validissimus
1790 3660 2107 3732 impulsus,
2141 3675 2297 3714 nunc

631 3753 794 3809 velut
826 3753 1228 3809 contrahentis
1261 3768 1410 3820 sese,
1446 3767 1604 3807 nunc
1634 3752 1853 3822 impetu
1897 3749 2192 3805 contrario
2233 3765 2296 3805 se

636 3841 940 3898 dilatantis
965 3847 1020 3897 et
1043 3841 1332 3911 ejicientis
1366 3840 1495 3896 soli.
1523 3840 1645 3903 Quo
1669 3855 1736 3894 cx
1762 3843 1986 3894 alterno
2009 3854 2294 3893 succussu

642 3931 882 4003 contigit
910 3931 1242 3987 universam
1276 3930 1438 3985 illam
1473 3933 1771 3985 momento
1813 3946 1846 3984 a
1894 3928 2296 3984 fundamentis

640 4021 816 4076 everti
852 4021 1276 4091 concidereque
1310 4019 1631 4076 civitatem.
1675 4019 1898 4074 Domus
1929 4018 2110 4084 enim,
2145 4034 2293 4088 quas,

644 4108 805 4164 illam
839 4109 1189 4174 conﬂabant,
1224 4113 1282 4164 et
1327 4108 1428 4163 illa
1459 4109 1765 4179 quantavis
1789 4112 2086 4163 exstructa
2109 4107 2295 4161 ﬁrmi-

635 4203 695 4254 tu
708 4199 843 4254 dine
858 4203 1326 4270 exaggerataque
1341 4197 1770 4263 azdificia,haud
1791 4196 1954 4268 paria
1969 4197 2295 4252 resistendo

631 4292 928 4360 prostrata
951 4287 1499 4359 sunt,deprehensi3
1526 4287 1686 4342 intus
1717 4285 2060 4341 hominibus
2083 4285 2296 4341 misere

634 4377 956 4449 oppressis,
1003 4376 1238 4432 nemine
1266 4393 1382 4448 quo
1415 4381 1518 4431 aut
1550 4393 1666 4447 qua
1696 4375 1975 4448 effugeret
2018 4375 2292 4431 habente.

637 4467 784 4524 Nam
799 4466 1251 4538 erumpentibus
1267 4481 1294 4520 e
1319 4465 1554 4538 proprio
1570 4465 1867 4520 domicilio
1882 4466 2165 4520 domuum
2189 4481 2294 4518 un-

633 4557 813 4629 dique
835 4555 1018 4611 aliaru
1036 4573 1084 4610 αι
1105 4555 1286 4610 τυὶηεθ
1301 4553 2294 4626 occurrebant,utsperabilior356

635 4646 794 4703 salus
829 4647 934 4701 sub
960 4650 1110 4701 tecto
1145 4645 1523 4700 manentibus
1556 4661 1730 4716 quam
1758 4643 2189 4716 prodeuntibus
2217 4644 2291 4699 vi-

633 4737 889 4792 deretur.
917 4735 1028 4791 Sed
1064 4739 1118 4790 et
1150 4735 1198 4790 si
1234 4751 1350 4806 qua
1383 4751 1518 4805 pars
1543 4735 1824 4789 domuum
1860 4739 2024 4788 terra:
2048 4733 2292 4789 assulti-

633 4827 746 4882 bus
771 4825 1085 4882 obsisteret
1108 4824 1296 4894 (nulla
1320 4829 1513 4879 autem
1536 4823 1645 4879 fuit
1668 4825 1882 4879 domus
1906 4841 2029 4894 quae
2049 4841 2164 4879 non
2183 4823 2292 4880 sal-

630 4920 750 4971 tem
783 4931 851 4971 ex
885 4919 1048 4986 parte
1080 4914 1152 4968 iis
1184 4913 1637 4985 dejiceretur),si
1670 4913 2293 4984 cujus,inquam,asdi-

632 5005 745 5061 ficii
786 5004 1118 5060 membrum
1181 5003 1413 5058 firmius
1472 5020 1586 5059 non
1645 5002 2096 5058 labefactaretur
2154 5020 2292 5058 con-

635 5111 814 5151 cussu
850 5099 1039 5161 terrae,
1073 5110 1327 5165 superne
1359 5099 1555 5148 tamen
1602 5092 1978 5148 obterebatur
2019 5092 2293 5150 altiorum

634 5186 695 5240 in
729 5185 941 5240 vicinia
973 5200 1278 5240 murorum
1313 5200 1473 5239 casu.
1507 5183 1634 5238 Alia
1662 5183 1878 5255 quippe
1910 5201 2088 5254 super
2117 5184 2294 5240 aliam

633 5276 896 5330 cadendo
930 5272 1349 5330 cumulabatur
1383 5273 1708 5340 domus,ita
1740 5278 1806 5327 ut
1827 5274 2065 5343 siquem
2092 5273 2150 5328 in
2175 5275 2295 5344 pri-

635 5364 1132 5421 masuccussione
1151 5364 1388 5418 fortuna
1411 5363 2014 5434 servassctqumdam,
2040 5379 2154 5418 non
2172 5367 2292 5418 lon-

631 5471 772 5528 gum
808 5455 865 5510 id
901 5452 1254 5509 beneficium
1288 5451 1614 5508 esset:alia
1643 5452 1798 5507 enim
1823 5452 2298 5523 moxsuperinci-

634 5545 781 5600 dens
816 5545 1030 5599 domus
1060 5541 1306 5597 exitium
1343 5541 2297 5611 frustraservatorepraesentabat.

631 5635 817 5702 Quam
850 5651 988 5707 ergo
1022 5632 1288 5688 subitum
1322 5648 1387 5687 ac
1420 5631 1887 5699 vehemens,tam
1921 5630 2300 5690 ineluctabile

633 5723 759 5781 ulla
784 5724 858 5790 vi,
893 5723 1016 5780 ulla
1047 5723 1188 5796 fuga
1215 5721 1455 5778 vitabile
1487 5721 1711 5778 malum
1758 5723 1904 5790 erat,
1938 5724 2005 5777 ut
2034 5737 2300 5780 commo-

2326 4604 2373 4669 D

2412 3303 2656 3358 focative
2688 3320 2865 3358 unam
2898 3304 3353 3375 experiebantur
3383 3303 3680 3358 miseriam
3729 3317 4075 3372 corporum,

2405 3390 2563 3446 nullo
2600 3394 2808 3464 praevio
2838 3393 3244 3448 exacerbatam
3275 3409 3491 3464 angore
3524 3392 3882 3446 animorum.
3911 3390 4081 3446 Inter

2404 3481 2528 3538 haec
2549 3499 2682 3538 cum
2707 3484 2778 3538 ad
2819 3484 3075 3539 sonitum
3108 3484 3403 3539 ruentium
3464 3486 3776 3548 tectorum,
3840 3481 3910 3535 ad
3949 3479 4076 3535 cla-

2405 3589 2595 3628 mores
2627 3578 2683 3628 et
2712 3572 2970 3644 gemitus
3004 3573 3380 3644 pereuntium
3412 3571 3725 3627 hominum
3759 3570 4079 3625 accederet

2404 3660 2704 3716 horribilis
2765 3661 3032 3717 fremitus
3094 3661 3329 3716 insolito
3383 3676 3616 3732 quoque
3676 3658 3855 3714 simul
3918 3663 4070 3713 aestu

2404 3751 2834 3806 effervescentis
2869 3752 3070 3822 maris,
3127 3751 3226 3822 qui
3288 3751 3479 3805 adhuc
3529 3752 3881 3821 supererant
3941 3747 4070 3804 haec

2403 3844 2524 3895 tam
2539 3839 2824 3895 atrocium
2860 3840 3028 3896 initia
3045 3840 3313 3896 dolorum
3339 3857 3454 3895 non
3480 3839 3581 3894 uni
3605 3837 3920 3911 quantovis
3943 3837 4068 3893 usi-

2403 3933 2522 3984 tato
2573 3929 2897 3985 infortunio
2959 3946 3155 3985 rerum
3207 3930 3628 3997 humanarum,
3681 3929 3783 3983 sed
3838 3927 4072 3983 ultima:

2403 4035 2644 4074 consum
2657 4019 2898 4074 malioni
2924 4023 3146 4074 naturae
3161 4035 3227 4073 ac
3244 4018 3444 4074 mundi
3466 4016 3723 4073 universi
3740 4015 4077 4089 praeluderet

2404 4108 2717 4180 putabant.
2751 4107 2893 4162 Cum
2929 4107 3084 4164 enim
3129 4108 3200 4163 ad
3235 4124 3396 4162 mare
3445 4105 3878 4162 tumultuosius
3941 4112 4074 4162 tum

2404 4214 2582 4268 quam
2615 4203 2787 4253 antea
2818 4214 3078 4269 unquam
3116 4197 3518 4253 intumescens
3548 4197 3660 4252 sita
3677 4195 4080 4269 Dyrrachien-

2403 4291 2486 4346 sis
2518 4295 2661 4345 urbs
2692 4295 2871 4356 esset,
2897 4307 3151 4362 cumque
3207 4308 3279 4346 ex
3335 4290 3502 4346 urbis
3563 4292 3850 4345 universa:
3908 4287 4084 4345 varia

2401 4379 2596 4447 ruina,
2626 4396 2693 4435 ex
2725 4378 3033 4435 collisione
3063 4380 3422 4435 caducarum
3455 4377 3723 4446 molium,
3757 4395 3826 4433 ex
3872 4378 4083 4448 ejula-

2402 4469 2563 4524 tibus
2596 4473 3105 4525 consternatorum
3157 4473 3259 4524 aut
3311 4469 3690 4525 morientium
3739 4473 4082 4523 concentus

2405 4557 2677 4613 horriﬁce
2705 4557 2919 4614 mistus
2969 4557 3327 4614 immanium
3388 4573 3668 4613 sonorum
3728 4557 4082 4628 fragorum-

2405 4662 2516 4716 que
2548 4662 2741 4701 aerem
2774 4645 3117 4718 compleret,
3154 4646 3255 4718 qui
3282 4650 3443 4701 extra
3485 4644 3912 4717 Dyrrhachium
3970 4644 4084 4702 illa

2407 4743 2574 4793 nocte
2609 4737 2867 4805 fuerunt,
2898 4737 3254 4808 accipientes
3285 4737 3551 4792 attonitis
3574 4735 3819 4792 auribus
3850 4735 4088 4792 tumul-

2405 4826 2814 4885 tuOsissimam
2850 4826 3019 4881 istam
3055 4826 3462 4883 confusionem
3513 4842 3722 4882 vocum
3747 4829 3803 4880 et
3863 4827 4088 4898 strepi-

2404 4919 2572 4970 tuum
2607 4915 3225 4986 horribilissimorum,
3259 4914 3406 4971 nihil
3440 4931 3581 4971 sane
3623 4913 3918 4986 suspicari
3965 4917 4086 4971 mi-

2405 5004 2526 5058 tius
2551 5011 2814 5075 poleranl
2836 5020 3013 5075 quam
3034 5004 3345 5060 advenisse
3364 5003 3538 5059 finem
3563 5003 3711 5060 857
3735 5008 4086 5061 extremum

2409 5109 2604 5148 rerum
2637 5092 3033 5148 humanarum
3059 5099 3115 5149 et
3140 5093 3375 5149 fatalem
3409 5093 3536 5149 caeli
3561 5110 3627 5149 ac
3649 5098 3816 5148 terrae
3841 5093 4086 5150 destru-

2411 5181 2589 5238 ctioni
2613 5181 2913 5238 diem.Hac
2935 5182 3213 5240 violentia
3238 5199 3340 5255 per
3367 5183 3624 5254 spatium
3647 5181 3938 5254 temporis
3958 5201 4086 5241 non

2409 5271 2688 5344 exiguum
2717 5277 3025 5344 grassatus
3055 5272 3116 5327 in
3169 5273 3313 5329 urbe
3361 5277 3732 5328 terreamotus
3793 5272 3947 5328 nihil
3999 5274 4089 5329 ibi

2403 5364 2523 5436 jam
2553 5362 2612 5417 in
2645 5363 2801 5434 quod
2827 5379 3070 5436 pergere
3088 5363 3291 5419 sazvire
3331 5362 3625 5434 reliquum
3646 5363 3898 5429 fecerat;
3929 5382 4088 5436 pre-

2408 5455 2498 5507 ter
2529 5467 2744 5518 arcem,
2779 5468 2906 5523 quae
2941 5469 3056 5508 una
3089 5452 3274 5509 illesa
3333 5453 3520 5523 stetit,
3581 5453 3777 5509 omnia
3825 5453 4092 5510 aediﬁcia

2411 5542 2676 5615 collapsa
2707 5559 2911 5599 omnes
2943 5543 3001 5598 in
3036 5543 3108 5599 iis
3151 5548 3413 5615 repertos
3449 5542 3721 5599 homines
3766 5545 4094 5600 communi

2413 5634 2686 5708 sepulcro
2719 5635 3182 5693 tumulaverant.
3207 5636 3346 5692 Eam
3380 5635 3664 5709 tragicam
3699 5634 3802 5691 ubi
3835 5633 3956 5692 late
3988 5653 4090 5693 os-

2411 5725 2608 5783 tendit
2624 5724 2813 5784 oculis
2831 5725 3084 5799 speciem
3104 5730 3268 5784 ortus
3295 5725 3434 5798 diei,
3458 5742 3586 5799 quas
3611 5729 3730 5783 tam
3755 5724 3953 5781 diram
3969 5725 4094 5783 exi-
