4242 6438
198 400 307 455 809

1280 393 1378 447 DE
1413 385 1787 446 MICHAKLE
1822 379 2249 437 PALEOLOGO
2286 380 2417 434 LIB.
2451 382 2524 435 ν.

3501 380 3610 435 810

185 545 245 580 τε
277 524 371 578 καὶ
404 519 687 584 δικέλλαις
729 518 819 576 καὶ
876 538 1037 574 παντι
1093 520 1173 588 τῷ
1225 513 1594 589 προστυχόντι
1632 509 1844 583 όργανῳ
1875 509 1931 575 Α
1960 503 2082 575 λος,
2132 496 2362 557 ἔκπαλαι
2413 504 2504 558 τὸν
2555 503 2751 580 Μαφρὲ
2790 501 3323 576 καταγωνισάμενος,
3353 501 3406 558 ἐν
3449 501 3605 579 ἀκμῇ

185 614 329 687 πρὸς
380 610 580 686 όρυγήν
638 610 944 684 χρώμενοι,
1002 606 1095 661 καὶ
1153 604 1550 675 προσπεσόντες
1580 593 1841 673 ὤρυττον,

180 700 277 755 ’ἱνα
306 704 435 776 γοῦν
467 698 558 754 καί
602 719 714 753 τισι
745 694 1123 769 ταλαιπώροις
1175 689 1256 748 ἔτι
1310 696 1470 761 ζῶσιν
1507 685 1840 760 ἀπαμύναιεν

184 795 284 846 τοῦ
310 786 587 860 κινδύνου,
614 788 677 842 τὸ
709 784 767 841 δὲ
795 784 964 840 πλέον
1019 785 1091 845 ὡς
1138 780 1199 837 ἃν
1251 782 1339 836 καὶ
1372 779 1613 834 πλοῦτον
1646 794 1846 829 παντο-

194 876 365 935 δαπὸν
427 877 825 955 ἐκφορήσαντες
902 879 1021 935 τοῖς
1098 869 1360 947 ἐρειπίοις
1415 862 1850 927 κατασπασθέντα

193 963 457 1029 λαϐόντες
506 960 685 1041 ἔχοιεν
715 984 727 996 ·
772 964 897 1018 τότε
953 962 1054 1036 γάρ
1107 966 1230 1022 τοῖς
1286 959 1569 1034 πράγμασι
1619 958 1726 1009 τῶν
1753 972 1850 1006 πε-

195 1058 404 1113 σόντων
434 1054 525 1110 καὶ
570 1055 622 1109 οἱ
670 1052 1014 1128 κληρονόμοι
1055 1046 1505 1123 συγκατεδύοντο,
1536 1043 1624 1097 καὶ
1658 1044 1685 1097 6
1716 1041 1851 1115 λαγ-

196 1149 391 1221 χάνειν
420 1145 517 1206 τάς
547 1140 776 1213 ἐξούλης
822 1138 975 1201 δίκας
1025 1138 1250 1199 ἐκείνοις
1302 1135 1400 1190 οὐκ
1443 1136 1533 1204 ἦν.
1567 1134 1681 1208 Ἐφ’
1710 1128 1847 1203 ἡμὲ-

196 1257 318 1312 ραις
350 1232 442 1288 οῦν
477 1235 613 1287 ἅπαν
661 1232 724 1286 τὸ
768 1229 996 1305 γεγονὸς
1058 1228 1133 1288 εἷς
1192 1223 1389 1301 ἔδαφος
1418 1222 1846 1293 κατασκάψαντες

189 1308 284 1379 καὶ
346 1326 585 1399 χρυσοῦν
646 1320 953 1392 ἀμήσαντες
1011 1318 1167 1392 θὲρος
1227 1310 1490 1371 Ἀλϐανοί
1545 1333 1604 1366 τε
1658 1311 1746 1364 καὶ
1792 1308 1849 1362 οἱ

189 1395 491 1488 περίοικοι,
522 1410 596 1471 ὡς
634 1406 799 1481 ἄμαις
850 1408 1131 1482 χρώμενοι
1178 1409 1298 1465 ταῖς
1360 1400 1659 1469 δικέλλαις,
1687 1395 1848 1459 τέλος

188 1500 402 1576 ἔρημον
436 1500 622 1577 ἀφιᾶσι
652 1500 752 1568 τήν
784 1517 917 1551 ποτε
947 1495 1109 1551 πόλιν
1157 1492 1393 1562 ἐκείνην,
1428 1488 1843 1577 γνωριζομένην

189 1591 446 1663 σημείοις
495 1587 635 1643 τισὶν
689 1584 987 1662 ἀμυδροῖς,
1039 1584 1091 1638 ἰν
1147 1581 1265 1637 οὖσι
1306 1577 1747 1653 καταλεγομένην
1787 1574 1847 1630 οὗ

185 1686 270 1752 τῷ
301 1680 457 1743 εἶναι,
509 1675 655 1732 άλλά
701 1675 851 1749 μόνῳ
901 1678 982 1746 τῷ
1035 1672 1415 1745 ὀνομάζεσθαι.
1447 1670 1509 1724 Ὀ
1561 1664 1607 1721 δ’
1636 1665 1847 1734 ἐκεινης

192 1767 487 1844 ἀρχιερεὺς
545 1767 783 1836 Νικήτας
838 1763 1079 1837 εὑρεθεὶς
1135 1762 1379 1820 κάκεῖνος
1434 1762 1513 1828 τῷ
1563 1756 1708 1823 τότε,
1757 1754 1846 1808 καὶ

1958 592 2024 660 ἦν
2084 589 2190 644 τῶν
2246 592 2366 654 καθ’
2423 591 2586 646 αὑτὸν
2660 591 3013 665 πραγμάτων,
3083 590 3173 645 καὶ
3240 595 3373 645 νεῶν
3431 612 3605 666 παρα-

1960 685 2176 741 σκευαῖς
2227 677 2498 733 πλείστων
2545 677 2931 752 ἐμεγαλύνετο,
2992 676 3289 735 ἔκσπονδος
3333 676 3409 733 ὣν
3448 680 3610 754 βασι-

1958 768 2139 824 λεῖτὰ
2193 769 2424 823 πλεῖστα
2483 767 2565 822 ἐπ’
2623 767 2823 831 αἰτίαις
2876 772 2983 822 τῶν
3046 765 3384 825 Βαλδουΐνου
3412 768 3609 824 συναλ-

1960 855 2274 932 λαγμάτων,
2307 858 2382 919 ὡς
2412 855 2649 911 ἐντεῦθεν
2683 855 2770 910 ἐπὶ
2813 859 2881 929 τῇ
2933 854 3092 910 πόλει
3126 853 3329 910 οἷέσοαι
3364 854 3606 912 δικαιοῦ-

1958 958 2099 1009 σθαι.
2149 945 2517 1019 Παρεσκεύαζε
2569 945 2663 1015 μὲν
2740 944 2829 999 καὶ
2890 944 2953 999 τὸ
3037 945 3284 1000 ναυτικὸν
3344 944 3601 1001 πλεῖστον

1958 1035 2104 1104 ὅσον,
2136 1035 2224 1088 καὶ
2275 1032 2486 1106 σώμασι
2536 1033 2624 1087 καὶ
2673 1030 2869 1095 ὅπλοις
2916 1032 3007 1087 καὶ
3059 1035 3312 1107 χρήμασι
3346 1034 3603 1110 συνεκρό-

1954 1143 2034 1177 τει
2059 1142 2071 1154 ·
2107 1122 2168 1176 οὐ
2205 1121 2367 1195 μόνον
2400 1119 2480 1188 δὲ,
2521 1120 2666 1176 ἀλλά
2697 1121 2784 1176 καὶ
2833 1122 2923 1175 τὸν
2956 1121 3178 1176 πάππαν
3211 1121 3603 1198 προσελιπάρει

1955 1212 2041 1265 καὶ
2078 1208 2290 1287 θερμῶς
2348 1208 2524 1265 ἐδέετο
2580 1209 2782 1286 ἐφεῖναί
2838 1211 2891 1264 oi
2948 1211 3047 1279 τὴν
3097 1212 3232 1265 κατά
3260 1214 3357 1279 τῆς
3386 1211 3604 1275 πόλεως

1955 1299 2321 1374 ἐκστρατείαν,
2351 1300 2426 1363 ὡς
2466 1298 2555 1353 καὶ
2605 1296 2792 1360 ἄλλως
2851 1297 3058 1353 δίκαιον
3099 1298 3157 1353 ὃν
3196 1305 3374 1369 ζητεῖν
3401 1300 3468 1355 τὰ
3494 1306 3602 1355 τῶν

1955 1386 2161 1443 παίδων
2208 1387 2394 1456 αὐτοῦ,
2428 1387 2507 1464 ἐφ’
2558 1390 2643 1450 οἷς
2688 1389 2839 1465 σφίσι
2886 1392 3237 1467 συμφωνοῦσι
3278 1389 3369 1443 καὶ
3408 1392 3443 1459 ἠ
3478 1391 3605 1447 Έκ-

1954 1476 2154 1547 κλησία
2184 1480 2399 1550 συνῇνει
2456 1476 2546 1530 καὶ
2603 1482 2879 1553 συνεργεῖν
2933 1477 3000 1532 τά
3057 1478 3285 1552 μέγιστα
3317 1478 3603 1554 ὑπισχνεῖ-

1952 1588 2035 1622 το.
2070 1567 2171 1622 Καὶ
2204 1566 2231 1620 ὁ
2266 1566 2360 1637 μὲν
2397 1564 2446 1620 ὲν
2501 1565 2716 1627 τούτοις
2756 1566 2848 1635 ἦν,
2900 1566 2957 1621 ἐκ
3004 1565 3223 1622 πολλοῦ
3254 1588 3601 1641 παρασκευα-

1957 1656 2183 1727 ζόμενος
2219 1672 2232 1686 ⁶
2289 1656 2315 1709 6
2374 1652 2431 1708 δὲ
2490 1654 2746 1729 βασιλεὺς
2806 1654 3057 1730 ἀνέριστα
3111 1656 3180 1711 τά
3219 1656 3357 1729 πρὸς
3398 1654 3599 1711 ἐκεῖνον

1956 1742 2329 1819 διαγινώσκων
2388 1744 2478 1798 καὶ
2545 1744 2609 1798 τὸ
2684 1749 2786 1798 πᾶν
2844 1742 3097 1819 ἀδήριτα,
3148 1745 3231 1799 δτι
3300 1744 3390 1799 καὶ
3445 1744 3606 1801 πλεί-

190 1833 500 1936 φυλαχθεὶς
538 1833 830 1927 μὲν,γάλλ’
882 1833 932 1905 ἐν
979 1847 1217 1910 πολλοῖς
1250 1852 1358 1902 τῶν
1396 1845 1577 1917 μελῶν
1609 1844 1677 1898 τά
1706 1843 1846 1914 σύμ·
1880 1876 1927 1940 Β
1957 1856 2105 1897 σταις
2169 1836 2261 1907 μὶν
2318 1839 2440 1897 ταῖς
2517 1833 2697 1888 ναυσὶν
2776 1833 3088 1910 ἐξηρτύετο,
3148 1834 3348 1908 πολλῷ
3406 1833 3462 1891 δὲ
3512 1836 3603 1892 καὶ

192 1932 341 2001 ϐολα
395 1948 492 1998 τοῦ
528 1940 783 1997 κινδύνου
860 1941 1060 2018 φέρων,
1120 1936 1316 2009 πικράν
1376 1933 1505 1989 ἰδὼν
1565 1932 1843 2007 συμφορὰν

186 2036 285 2091 καὶ
317 2036 378 2104 ἣν
408 2032 588 2101 ἥκιστ’
620 2029 681 2086 ἄν
720 2051 803 2091 τις
856 2028 946 2083 καὶ
1002 2023 1377 2101 προσεδόκησε
1406 2024 1648 2090 πώποτε,
1679 2022 1848 2075 κατά-

191 2119 370 2200 σρδϐος
397 2121 602 2198 φεύγει,
646 2120 799 2196 άιρεὶς
842 2112 1050 2191 ἔρημον
1102 2114 1209 2188 οὐχ
1257 2116 1449 2168 ἑαυτοῦ
1482 2112 1670 2185 μόνον,
1702 2108 1850 2164 ἀλλά

186 2213 279 2268 καὶ
307 2216 419 2267 τῶν
461 2209 662 2278 ταύτης
712 2206 944 2262 ἐποίκων
996 2205 1085 2259 καὶ
1134 2202 1377 2265 κάλλους
1418 2198 1725 2272 κτισμάτων
1758 2197 1846 2251 καὶ

184 2300 525 2378 πραγμάτων
559 2298 738 2353 αὐτῶν
769 2297 868 2365 τὴν
904 2291 1273 2370 μητρόπολιν.

187 2414 266 2484 η’.
331 2412 416 2468 Τά
471 2408 607 2463 κατά
661 2407 751 2460 τὸν
808 2403 979 2484 ρῆγάι
1014 2402 1324 2484 Κάρουλον,
1380 2400 1468 2454 καὶ
1522 2397 1671 2458 ὅπως
1722 2397 1848 2450 στό-

808 2474 911 2532 λον
934 2474 1242 2547 ἐξηρτύετο.

268 2575 357 2646 [Ρ.
388 2570 517 2643 244]
547 2568 683 2624 Τότε
728 2565 905 2621 τοίνυν
957 2563 1048 2618 καὶ
1108 2564 1136 2617 6
1348 2557 1587 2621 Πουλίας
1636 2559 1847 2633 Κόὶρου-

204 2786 366 2859 cepit
395 2787 649 2851 noctem,
672 2782 1098 2838 concurrerunt
1119 2795 1189 2835 ex
1214 2777 1370 2850 agris
1402 2774 1664 2846 undique
1686 2787 1865 2845 quam

209 2875 469 2934 maximo
502 2888 769 2938 numero,
794 2868 1049 2942 sumptis
1080 2867 1141 2923 in
1174 2866 1450 2923 manibus
1480 2863 1778 2937 ligonibus
1809 2867 1868 2919 et

212 2964 431 3023 marris
461 2962 739 3033 omnique
768 2965 935 3016 terra:
966 2958 1268 3014 movendas
1288 2960 1424 3029 apto
1448 2955 1864 3021 instrumento,

210 3055 373 3129 quod
406 3053 619 3125 cuique
648 3056 711 3107 tn
746 3065 982 3105 manum
1018 3046 1304 3120 quaerenti
1326 3049 1584 3101 venerat.
1605 3045 1750 3100 Cum
1772 3041 1867 3097 bis

212 3162 491 3205 acervum
522 3145 692 3199 illum
711 3142 1033 3197 immanem
1056 3136 1493 3209 ruinarum,qui
1519 3134 1706 3207 pridie
1728 3133 1869 3189 urbs

1954 1925 2034 1995 τῷ
2107 1924 2245 1978 κατὰ
2315 1931 2415 1999 γῆν
2494 1928 2704 1994 πεζικῷ
2778 1921 2868 1978 διὰ
2942 1925 3276 1998 Βρεντησίου
3367 1945 3603 1999 περαιω-

1958 2013 2261 2086 θησόμενος
2320 2012 2394 2073 εἰς
2447 2013 2510 2067 τὸ
2565 2017 2662 2067 τοῦ
2722 2012 3030 2089 Δυρῥαχίου
3093 2012 3349 2083 ἐπίνειον,
3392 2013 3603 2088 ἐρήμου

1957 2099 2113 2163 ὄντος
2138 2102 2173 2171 ἢ
2203 2104 2288 2156 καὶ
2328 2100 2541 2174 μᾶλλον
2586 2104 2711 2177 παρ’
2766 2101 2975 2157 ἐκεῖνου
3014 2102 3407 2177 κατεχομένου,
3436 2104 3511 2165 εἰς
3539 2105 3602 2159 τὸ

1955 2194 2338 2263 άνακτισθῆναι
2390 2193 2759 2268 χρησόμενος,
2819 2194 2893 2255 ὡς
2951 2192 3183 2268 ἐλέγετο,
3237 2192 3460 2257 δυνατὸς
3508 2195 3601 2267 ἦν,

1955 2285 2235 2348 κάντεῦθεν
2292 2282 2470 2338 διττὸν
2553 2284 2825 2357 ᾠκονόμει
2901 2284 2965 2338 τὸ
3023 2285 3350 2358 στράτευμα,
3410 2283 3599 2346 ἄλλως

1956 2372 2093 2451 ἔγνω
2121 2376 2218 2443 τήν
2269 2376 2407 2447 πρὸς
2464 2373 2663 2429 ἐκεῖνον
2724 2376 2910 2449 μάχην
2969 2375 3467 2452 μεταχειρίσασθαι.
3504 2378 3599 2431 Καὶ

1958 2464 2022 2535 δὴ
2056 2463 2327 2527 πολλάκις
2378 2466 2473 2538 μὲν
2524 2466 2622 2520 οὐκ
2672 2463 2844 2527 ἰδίους
2894 2462 3125 2537 πέμπων
3172 2466 3317 2539 παρά
3340 2465 3429 2519 τὸν
3460 2466 3605 2520 πάπ-

1956 2576 2057 2610 παν
2091 2554 2175 2627 (οὐ
2220 2554 2321 2630 γάρ
2372 2552 2594 2610 ἐδύνατο
2655 2553 2858 2609 ἐκείνου
2911 2554 3046 2607 κατά
3101 2555 3266 2628 θύρας
3328 2555 3608 2611 ἀπαντῶν·-

1976 2770 2095 2826 haec
2122 2770 2194 2826 ad
2224 2772 2546 2826 extremum
2563 2768 2655 2826 sui
2670 2769 2919 2841 pastoris
2932 2769 3187 2826 accessio
3201 2767 3436 2842 reliquit
3448 2770 3622 2843 plane

1976 2858 2323 2917 desolatam.

2130 3004 2183 3057 8.
2219 3003 2291 3059 De
2320 3017 2445 3073 rege
2476 3001 2690 3069 Carolo,
2720 3004 2781 3056 ut
2812 3000 2859 3056 is
2888 3002 3120 3058 classem
3150 3002 3470 3059 armaverit.

2052 3147 2167 3201 Hac
2200 3147 2549 3215 tempestate
2582 3142 2815 3199 fortuna
2840 3143 2997 3216 regis
3027 3143 3247 3217 Apulia:
3279 3142 3488 3212 Caroli,
3522 3144 3626 3216 qui

213 3237 432 3299 fuerat,
455 3232 716 3303 undique
748 3229 1009 3303 aggressi
1044 3229 1237 3283 fodere
1267 3199 1585 3298 cmperunt,
1619 3224 1737 3280 sive
1770 3240 1866 3278 ur-

1982 3199 2343 3307 iampridem‘
2364 3232 2727 3288 Manfredum
2759 3199 3168 3304 debellaverat,
3190 3234 3249 3289 in
3282 3199 3422 3290 flore
3450 3199 3627 3305 atque

216 3331 399 3399 gente
422 3323 729 3389 cbaritate,
752 3320 800 3375 si
825 3335 997 3390 quem
1034 3319 1179 3373 forte
1209 3316 1493 3372 miserum
1526 3314 1718 3369 adhuc
1749 3313 1875 3384 spi-

217 3419 453 3470 rantem
468 3412 622 3467 inter
635 3414 767 3465 ruta
778 3414 837 3464 et
848 3408 1337 3464 caasadirutarum
1353 3404 1566 3460 aedium
1579 3401 1877 3457 vindicare

221 3505 297 3561 ab
330 3502 576 3558 interitu
610 3502 873 3572 possent,
906 3497 1048 3567 sive,
1083 3512 1213 3568 quas
1241 3494 1496 3551 maxima
1546 3510 1683 3564 pars
1732 3496 1876 3561 erat,

213 3592 512 3651 instinctu
544 3606 727 3645 avaras
759 3585 1123 3660 cupiditatis,
1157 3590 1219 3640 ut
1254 3589 1334 3640 tot
1365 3583 1600 3639 divitias
1630 3581 1711 3636 ibi
1743 3596 1877 3635 cum

218 3679 670 3756 possessoribus
703 3677 965 3749 sepultas
996 3692 1103 3731 nec
1131 3676 1313 3730 alium
1341 3676 1463 3744 jam
1491 3672 1775 3728 habentes
1806 3669 1879 3725 le-

223 3772 507 3845 gitimum
557 3768 873 3833 heredem,
900 3766 1159 3821 dominis
1189 3780 1323 3820 cum
1356 3760 1556 3818 sobole
1580 3766 1639 3817 et
1667 3776 1882 3832 cogna-

224 3860 393 3917 tione
423 3857 698 3915 universa
729 3855 947 3927 pariter
974 3853 1486 3919 occumbentibus,
1508 3850 1569 3906 in
1600 3866 1741 3906 suos
1769 3848 1884 3921 ipsi

228 3966 381 4008 usus
411 3947 729 4015 auferrent,
751 3944 943 4001 securi
976 3944 1298 4000 forensium
1328 3944 1609 3998 tricarum
1633 3955 1739 3995 nec
1762 3955 1884 3993 me-

230 4043 473 4097 tuentes
492 4035 873 4092 interdictum
899 4034 1054 4088 unde
1075 4032 1149 4087 vi.
1175 4032 1278 4087 Hic
1308 4030 1533 4102 aliquot
1563 4030 1788 4085 dierum
1808 4026 1888 4082 la-

226 4130 341 4186 bor
386 4126 518 4195 fuit,
551 4141 665 4197 quo
714 4124 815 4179 illa
839 4122 1129 4178 versando
1175 4121 1612 4191 scrutandoque
1658 4116 1889 4174 evoluta

228 4214 539 4290 congeries
552 4213 681 4269 etin
700 4229 878 4268 unam
902 4214 1502 4281 utcunqueazquatam
1518 4207 1891 4280 complanata

233 4305 613 4379 superficiem
668 4307 777 4358 est.
812 4301 890 4356 Ex
918 4317 985 4356 eo
1019 4300 1191 4355 multi
1223 4316 1432 4371 campo
1464 4312 1767 4354 messuere
1796 4312 1892 4352 se-

234 4402 433 4468 getem
458 4407 721 4460 auream,
742 4390 1040 4460 ligonibus
1062 4388 1289 4444 usivice
1322 4387 1583 4456 falcium,
1606 4385 1891 4441 Albanitzs

232 4482 549 4554 ceterique
562 4480 785 4536 circum
810 4480 1531 4547 babitantes,demumque
1548 4492 1681 4531 cum
1698 4474 1894 4547 praeda

1981 3326 2143 3397 apice
2186 3322 2487 3379 felicitatis
2535 3327 2680 3377 erat.
2716 3324 2777 3377 In
2811 3322 3019 3395 primis
3072 3328 3353 3394 apparatu
3402 3322 3625 3395 ingenti

1984 3414 2174 3471 navali
2208 3418 2415 3485 potens
2454 3415 2511 3467 et
2550 3412 2960 3467 formidandus
3008 3411 3269 3467 habrtur.
3291 3411 3487 3468 Palam
3518 3430 3626 3469 au-

1983 3509 2097 3560 tem
2118 3519 2180 3558 se
2196 3502 2408 3557 ferebat
2426 3500 2723 3557 infensum
2740 3500 3076 3572 imperatori
3092 3502 3165 3556 ob
3180 3500 3517 3558 societatem
3532 3501 3629 3557 affi

1987 3592 2167 3649 nitate
2183 3592 2466 3646 firmatam
2485 3606 2611 3661 qua
2626 3589 2737 3661 ipsi
2752 3606 2884 3645 cum
2904 3590 3187 3646 Balduino
3209 3590 3632 3648 intercedebat.

1986 3682 2090 3739 Cui
2113 3681 2386 3750 velutjus
2410 3679 2813 3734 vindicaturus
2846 3678 3185 3751 pristinum,
3204 3680 3634 3751 expeditionem

1989 3772 2049 3826 in
2074 3771 2277 3825 urbem
2300 3766 2863 3839 Constantinopolim
2881 3769 3224 3839 adornabat,
3251 3786 3548 3842 navesque
3566 3769 3637 3825 ad

1991 3860 2049 3915 id
2073 3863 2130 3915 et
2151 3857 2493 3930 praevalidas
2514 3862 2571 3912 et
2591 3856 2878 3928 plurimas
2907 3862 2964 3912 et
2993 3861 3117 3913 tum
3140 3858 3484 3931 corporibus
3513 3862 3641 3914 tum

1952 4008 1957 4015 _
1993 3948 2176 4005 armis
2206 3953 2325 4002 tum
2358 3945 2579 4002 caeteris
2610 3945 2857 4001 utilibus
2874 3946 2945 4001 ad
2971 3962 3214 4019 scopum
3240 3948 3417 4003 rebus
3447 3948 3642 4019 copio-

1995 4037 2227 4095 sissime
2279 4036 2599 4091 instructas
2655 4040 3028 4107 compararat
3071 4045 3124 4091 et
3168 4041 3641 4110 congregaverat.

1996 4128 2197 4199 Neque
2227 4126 2320 4180 his
2351 4129 2662 4181 contentus
2683 4140 2716 4179 a
2737 4124 2889 4195 Papa
2910 4125 3086 4180 etiam
3105 4126 3341 4197 petebat
3361 4131 3419 4181 et
3438 4126 3646 4183 arden-

1996 4218 2157 4273 tibus
2177 4205 2437 4271 instabat
2458 4214 2749 4285 precibus,
2774 4218 2838 4268 ut
2857 4214 3511 4288 Constantinopolitanae
3542 4216 3648 4271 bu-

1992 4304 2261 4378 jusmodi
2308 4303 2698 4376 expeditionis
2747 4309 2951 4359 auctor
2979 4304 3105 4376 ipse
3139 4305 3304 4360 fieret
3333 4321 3516 4377 seque
3547 4306 3646 4361 isti

2002 4393 2236 4465 negotio
2295 4390 2609 4462 praeficeret
2640 4406 2653 4446 :
2691 4390 2935 4463 dignum
2966 4392 3122 4447 enim
3154 4408 3283 4448 esse
3314 4393 3369 4448 id
3404 4393 3649 4462 bellum,

2004 4500 2120 4557 quo
2141 4480 2405 4536 videlicet
2435 4481 2751 4551 repetenda
2782 4480 3039 4536 filiorum
3070 4482 3198 4552 ejus
3218 4486 3384 4538 esset
3405 4482 3654 4539 heredi-

235 4576 593 4663 recedentes,
612 4572 785 4663 plane
817 4572 1112 4627 desertam
1158 4568 1526 4641 reliquerunt
1556 4567 1719 4622 illam
1750 4566 1970 4663 olim'D
2000 4578 2114 4637 tas,
2147 4571 2302 4642 quod
2344 4568 2533 4625 Patris
2581 4569 2915 4625 communis
2964 4570 3204 4627 nomine
3251 4571 3658 4645 auspiciisque

236 4666 473 4730 urbem,
498 4661 599 4718 ubi
625 4661 800 4717 fuerit
822 4660 1009 4733 signis
1033 4676 1188 4714 nunc
1209 4664 1441 4714 tantum
1464 4657 1714 4713 exilibus
1729 4672 1894 4711 mon-

238 4750 622 4819 strantem,in
640 4750 891 4806 urbibus
909 4766 981 4803 nu
993 4753 1275 4804 meratam
1290 4747 1436 4802 dicis
1450 4752 1680 4803 tantum
1693 4762 1891 4811 causa,

237 4850 299 4901 et
331 4842 573 4899 nomine
626 4849 813 4908 lenus,
847 4856 981 4895 cum
1015 4839 1189 4895 modo
1221 4839 1362 4894 urbs
1394 4855 1511 4893 non
1542 4839 1638 4894 sit.
1670 4842 1745 4893 At
1771 4838 1899 4907 ejus

239 4931 500 4990 antistes
519 4930 754 4986 Nicetes
784 4945 941 4984 unus
973 4932 1337 5001 repertorum
1388 4928 1541 4983 inter
1587 4928 1812 4993 ruinas,
1844 4931 1903 4981 et

248 5024 521 5079 servatus
550 5022 851 5091 superstes
881 5017 979 5073 ille
1009 5017 1271 5089 quidem,
1304 5024 1577 5073 caeterum
1609 5016 1668 5071 in
1702 5015 1904 5071 multis

239 5107 622 5168 cicatricibus
652 5106 896 5180 reliquis
919 5122 989 5162 ex
1011 5106 1199 5178 plagis
1222 5123 1371 5178 quas
1392 5105 1607 5177 illapsu
1630 5122 1905 5161 saxorum

246 5200 679 5273 tignorumque
699 5201 1023 5269 acceperat,
1047 5195 1350 5251 luculenta
1369 5194 1614 5267 vestigia
1629 5195 1910 5250 mirabili-

244 5296 336 5346 ter
350 5286 518 5343 vitati
539 5286 785 5358 periculi
809 5284 1683 5356 circumferens,memoriaipsa
1702 5284 1908 5352 cladis,

249 5393 435 5451 quam
468 5375 688 5432 viderat
716 5380 774 5431 et
804 5379 1071 5431 senserat
1100 5374 1447 5429 atrociorem
1467 5372 1619 5430 I58
1639 5374 1914 5444 opinione

251 5466 446 5535 omni,
470 5464 779 5538 perculsus
811 5466 956 5520 adeo
980 5469 1070 5519 est
1087 5468 1151 5519 ut
1173 5463 1366 5519 locum
1387 5464 1718 5535 fugeritnec
1741 5462 1918 5518 susti-

252 5554 465 5614 nuerit
494 5554 764 5611 insistere
791 5553 1060 5626 sepulcro
1091 5570 1209 5609 suae
1241 5552 1800 5625 metropolis,quam
1832 5570 1920 5607 or-

255 5648 471 5703 batam
500 5643 747 5713 civibus,
770 5658 985 5700 corona
1008 5642 1291 5697 mmnium
1314 5648 1371 5697 et
1391 5641 1770 5697 aediﬁciorum
1803 5641 1920 5697 ele-

250 5733 535 5811 gantium
594 5732 757 5794 omni
813 5737 1047 5804 ornatu,
1077 5732 1291 5805 opibus
1323 5748 1558 5805 quoque
1588 5732 1924 5803 spoliatam,

551 5859 819 5919 Panos.
868 5858 980 5918 Gn.
1020 5856 1281 5917 CXLIII.

2008 4665 2341 4737 generetur.
2376 4664 2440 4714 In
2492 4675 2620 4729 quas
2670 4658 2787 4715 illis
2836 4661 3367 4729 consentientibus,
3410 4662 3664 4718 Ecclesia

2008 4767 2243 4823 quoque
2273 4747 2590 4804 consilium
2622 4747 2912 4819 probavit,
2936 4752 2995 4804 et
3017 4754 3463 4821 cooperaturam
3494 4766 3557 4807 se
3588 4750 3661 4807 ad

2010 4842 2283 4899 effectum
2313 4845 2579 4893 votorum
2612 4853 2790 4909 quam
2824 4842 3021 4909 posset
3051 4838 3306 4896 maxime
3365 4839 3656 4912 promisit.

2011 4931 2113 4986 His
2136 4934 2280 4984 tunc
2300 4925 2595 4998 agitandis
2626 4926 3125 4999 conficiendisque
3142 4928 3405 4985 intentus
3418 4928 3665 4985 Carolus

2013 5024 2155 5076 erat.
2182 5020 2505 5088 Imperator
2534 5032 2668 5071 vero
2718 5032 2959 5087 prorsus
2990 5016 3276 5090 imparem
3304 5034 3368 5075 se
3399 5019 3664 5074 sentiens

2017 5109 2114 5163 isti
2148 5106 2497 5162 sustinendo
2528 5104 2699 5173 bello,
2726 5121 2830 5160 nec
2857 5106 3177 5179 quidquam
3210 5107 3493 5163 dubitans
3518 5108 3664 5179 quin

2020 5196 2430 5254 succumberet
2472 5196 2732 5250 Romana
2775 5211 2888 5263 res,
2922 5197 2973 5252 si
3003 5201 3205 5252 contra
3250 5213 3378 5253 eam
3424 5197 3667 5253 Carolus

2022 5290 2259 5344 duceret
2305 5291 2432 5341 tum
2481 5283 2668 5352 illam,
2700 5286 2771 5340 de
2818 5302 2935 5356 qua
2976 5286 3114 5357 dixi,
3146 5286 3668 5343 instructissimam

2023 5376 2294 5443 classem,
2320 5380 2444 5430 tum
2478 5373 2657 5429 simul
2691 5374 3105 5443 fortissimum,
3130 5392 3297 5447 quem
3333 5376 3470 5433 item
3503 5393 3676 5449 para-

2024 5469 2207 5531 verat,
2237 5468 2574 5520 terrestrem
2599 5463 2940 5532 exercitum,
2968 5464 3295 5522 Brundusio
3327 5464 3387 5521 in
3424 5466 3681 5538 Dyrrha-

2029 5554 2147 5611 chii
2197 5552 2398 5609 navale
2440 5553 2568 5622 jam
2612 5568 2863 5608 vacuum
2895 5558 2954 5607 et
2983 5553 3295 5626 occupanti
3345 5554 3680 5626 expositum

2034 5661 2190 5712 mox,
2232 5648 2404 5716 prout
2451 5642 2865 5710 destinaverat,
2900 5643 3053 5701 359
3103 5644 3552 5716 deportandum.
3588 5644 3686 5700 Bi—

2032 5732 2246 5791 iariam
2293 5732 2451 5790 enim
2500 5731 2613 5789 isto
2659 5732 2830 5790 modo
2878 5732 3084 5805 partiri
3115 5734 3313 5807 copias
3344 5734 3588 5793 Carolus
3621 5736 3693 5792 de

3334 5858 3413 5917 26
