4212 6442
602 395 702 449 811

1903 383 2204 440 GEORGII
2245 383 2706 438 PACHYMERE

3900 388 4013 442 812

598 518 740 589 τος),
791 512 978 576 ἄλλως
1031 510 1088 567 Si
1141 507 1645 588 γραμματοφόρους
1697 504 1995 584 κρυφηδὸν,
2040 504 2130 560 καὶ
2177 501 2244 571 δὴ
2278 509 2331 575 Α
2361 501 2481 566 λοις
2514 503 2757 561 ἐπιστευς
2789 505 2995 584 φίλοις,
3030 504 3191 563 εὔοδα
3228 507 3294 562 τὰ
3322 514 3423 577 τῆς
3464 509 3599 584 πρὸς
3645 509 3737 565 τὸν
3782 507 4012 566 πᾶππαν

600 605 691 660 καὶ
723 603 945 659 Ἰταλῶν
1001 598 1280 672 ἐπιδόξους
1331 594 1492 660 ὅσους
1537 595 1659 671 ᾔδει
1708 596 2000 672 φιλοῦντας
2028 592 2115 647 καὶ
2147 599 2249 661 τῆς

599 692 810 748 ἐκείνων
846 689 1161 764 συμμορίας
1209 687 1674 762 γινωσκομένους,
1727 679 1836 738 ἔστι
1880 681 1924 737 δ’
1957 682 2128 736 ἐνίοτε
2157 682 2247 735 καὶ

600 781 691 842 οῦς
721 779 974 856 φρερίους
1008 776 1160 830 αὐτοὶ
1215 775 1491 848 λέγουσιν,
1550 771 1816 848 ἀδελφοὺς
1861 769 2042 840 δῆθεν,
2083 771 2243 845 ὑπερ-

597 869 835 946 χόμενος
868 868 954 921 καὶ
1008 863 1287 934 θωπεύων,
1342 862 1513 924 πολὺς
1566 862 1632 931 ἦν
1686 859 1950 915 δυσωπῶν
1992 860 2082 914 τὸν
2113 861 2249 915 Ῥω-

603 980 710 1031 μης
761 956 1019 1031 ἀρχιερέα
1065 955 1155 1009 καὶ
1203 953 1707 1023 καταποτνιώμενος
1764 952 1839 1023 μὴ
1895 949 2100 1024 ἐφεῖναι
2134 951 2247 1004 Κα-

602 1047 788 1122 ρούλῳ
856 1047 923 1100 τὰ
987 1043 1122 1098 κατὰ
1194 1046 1318 1096 νοῦν
1377 1040 1652 1116 πράττειν,
1717 1037 1855 1112 μηδὲ
1942 1042 2243 1114 συγχωρεῖν

597 1139 950 1209 Χριστιανοῖς
1025 1133 1112 1186 ἐπὶ
1188 1129 1546 1206 Χριστιανοὺς
1634 1129 2032 1204 στρατεύεσθαι·
2115 1128 2246 1180 εἷναι

593 1225 694 1301 γὰρ
726 1224 815 1279 καὶ
849 1221 1176 1295 Ῥωμαίους,
1227 1219 1318 1282 οὓς
1373 1219 1524 1273 αὐτοῖ
1578 1217 1840 1291 Γραικοὺς
1893 1217 2244 1289 ὀνομάζουσι,

594 1318 691 1368 τοῦ
745 1312 908 1367 αὐτοῦ
966 1313 1197 1386 Χριστοῦ
1255 1307 1345 1362 καὶ
1401 1315 1502 1377 τῆς
1563 1307 1731 1375 αὐτῆς
1774 1304 2105 1375 Ἐκκλησίας
2128 1309 2246 1365 τοῖς

597 1401 854 1470 Ἰταλοῖς,
887 1399 1032 1476 ἔχειν
1080 1397 1138 1453 δὲ
1185 1400 1272 1452 καὶ
1325 1396 1483 1452 αὐτὸν
1534 1401 1725 1451 τοῦτον
1771 1395 1976 1468 πατέρα
2014 1415 2246 1466 πνευμα-

594 1492 743 1547 τικὸν
775 1491 864 1544 καὶ
899 1489 1210 1564 λογίζεσθαι
1253 1485 1552 1560 ἀρχιερέων
1605 1481 1732 1538 ὅντα
1781 1483 1872 1537 τὸν
1915 1484 2242 1556 πρώτιστον.

594 1578 737 1649 Ἤδη
773 1577 828 1633 δὲ
857 1577 946 1632 καὶ
981 1574 1299 1652 ὑπισχνεῖτό
1351 1576 1402 1629 o't
1450 1575 1518 1628 τὰ
1578 1575 1922 1648 χρηστότερα
1949 1591 1961 1604 °
1995 1574 2076 1644 [P.
2118 1574 2243 1644 2i5]

591 1669 658 1724 τὰ
689 1666 731 1722 δ’
766 1667 921 1736 ἦντὸ
984 1665 1108 1737 μίαν
1169 1661 1404 1738 μάνδραν
1459 1663 1700 1736 γενέσθαι
1759 1661 1860 1729 τήν
1913 1658 2243 1729 Ἐκκλησίαν

596 1761 752 1826 Θεοῦ,
799 1755 888 1809 καὶ
949 1755 1177 1828 ἀρθῆναι
1254 1754 1316 1806 τὸ
1397 1751 1556 1825 μέσον
1614 1747 1942 1820 σκάνδαλον,
2013 1748 2248 1818 ἀνόνητα

595 1846 958 1922 ἐπεισφρῆσαν
992 1843 1050 1898 ἐκ
1093 1841 1459 1916 παλαιοτέρου
1506 1846 1623 1899 ταῖς
1671 1837 2026 1909 Ἐκκλησίαις
2056 1859 2067 1872 ο
2105 1837 2247 1910 μηδὲ
2281 1863 2324 1926 Β

593 1937 696 2012 γὰρ
749 1935 880 1988 εἶναι
932 1932 1125 1988 λοιπὸν
1175 1929 1434 2004 ἐμποδὼν
1482 1933 1578 1984 τοῦ
1626 1933 1793 1983 ταῦτα
1836 1927 2077 2001 γίνεσθαι
2109 1928 2247 1981 ἀπο-

596 2022 1019 2092 κατασταθείσης
1062 2027 1179 2086 τοῖς
1227 2019 1520 2095 ἐξορίστοις
1577 2025 1678 2088 τῆς
1711 2015 1948 2077 πόλεως.
1984 2016 2164 2072 Ταῦτά
2193 2038 2250 2071 τε

598 2113 858 2188 συχνάκις
917 2109 1196 2184 διεμήνυε,
1259 2110 1350 2163 καὶ
1409 2107 1612 2183 χρυσὸν
1672 2107 1903 2179 πέμπων
1964 2103 2249 2175 Καδδηνσ-

597 2202 741 2265 λίοις
788 2200 1118 2278 (στρόφιγξιν
1179 2200 1206 2253 ὁ
1258 2196 1469 2268 Ἕλλην
1532 2195 1699 2269 εἷ’ποι,
1733 2197 1805 2257 ὡς
1858 2197 2022 2269 Οὗρας
2080 2192 2246 2264 οὔσης

590 2297 688 2348 τοῦ
730 2291 926 2348 πάππα
973 2291 1107 2344 κατᾶ
1153 2289 1255 2356 τὴν
1305 2288 1542 2364 Χριστοῦ
1595 2285 1851 2359 μίμησιν)
1900 2285 1987 2338 καὶ
2037 2286 2117 2345 οἷς
2146 2282 2244 2338 αλ.

588 2517 881 2580 creverat;
933 2515 991 2566 et
1034 2511 1158 2580 jam
1209 2509 1442 2563 misisse
1472 2505 1897 2578 Dyrrhachium
1931 2504 2236 2559 dicebatur

590 2605 690 2677 qui
723 2602 912 2659 solum
947 2602 1418 2671 praeoccuparent
1447 2597 1546 2651 ubi
1575 2599 1816 2650 steterat
1853 2593 1958 2648 illa
2006 2593 2234 2662 civitas,

590 2710 771 2766 quam
794 2691 993 2755 etiam,
1029 2694 1090 2743 ut
1112 2687 1426 2750 ferebatur,
1459 2685 1694 2740 reﬁcere
1724 2683 2039 2754 cogitabat.
2067 2682 2235 2752 Cum,

591 2776 859 2853 inquam,
893 2778 1015 2833 hazc
1046 2791 1244 2831 secum
1278 2777 1577 2846 reputaret
1602 2773 1937 2844 imperator,
1965 2771 2082 2827 alia
2110 2787 2236 2826 om-

591 2871 730 2926 nino
764 2868 987 2924 ratione
1016 2882 1193 2937 quam
1237 2866 1287 2919 vi
1337 2869 1533 2934 aperta
1566 2862 1928 2917 instantibus
1959 2877 2237 2916 occuren-

588 2962 728 3016 dum
781 2955 952 3012 malis
999 2954 1248 3010 censuit.
1289 2952 1622 3009 Missitabat
1673 2950 1852 3022 igitur
1903 2950 2241 3021 frequenter

596 3064 798 3122 preces
830 3051 887 3101 et
917 3045 1139 3100 litteras
1171 3041 1468 3115 supplices
1500 3042 1571 3097 ad
1605 3057 1838 3112 papam,
1875 3055 1987 3095 non
2023 3054 2125 3110 per
2159 3038 2239 3095 le-

589 3144 757 3211 gatos
804 3139 908 3192 aut
953 3133 1223 3190 homines
1256 3131 1487 3204 agnitos
1515 3146 1618 3201 pro
1651 3129 1778 3185 suis
1811 3129 2051 3200 (frustra
2080 3130 2237 3183 enim

586 3226 730 3283 tales
779 3225 1009 3280 mittere
1059 3224 1387 3290 conaretur,
1420 3224 1656 3274 tenente
1703 3217 2001 3273 citeriores
2058 3219 2238 3273 Roma
2267 3261 2309 3328 C

739 3315 750 3326 -
836 3314 848 3326 .
992 3318 1001 3328 .
1189 3310 1200 3322 -
1726 3306 1864 3328 ,ηιμ
1930 3306 2232 3328 -,,ιεη,εμ

593 3314 923 3390 provincias
954 3318 1011 3368 et
1035 3310 1206 3383 quasi
1256 3315 1451 3381 portas
1507 3309 1664 3379 ipsas
1722 3306 1868 3362 aula
1928 3306 2236 3377 pontiﬁciis

593 3405 820 3472 Carolo,
853 3404 1005 3458 haud
1037 3401 1214 3455 dubie
1237 3398 1603 3472 prohibituro
1637 3414 1707 3452 ne
1737 3396 2102 3468 transirent),
2135 3398 2235 3451 sed

591 3514 694 3567 per
723 3494 870 3550 alios
919 3491 1067 3546 ﬁdos
1099 3495 1153 3545 et
1185 3505 1298 3544 non
1351 3492 1658 3559 suspectos
1689 3486 1760 3541 ob
1794 3484 2236 3541 dissimulatum

587 3584 858 3641 habitum
881 3578 1300 3644 tabellarios,et
1321 3593 1422 3648 per
1439 3576 1725 3646 quosdam
1753 3575 1929 3630 Italos
1952 3574 2234 3641 illustres,

588 3689 841 3746 quorum
871 3669 983 3725 sibi
1016 3666 1338 3745 amicitiam
1373 3668 1676 3736 paraverat
1704 3679 1970 3734 quosque
1993 3681 2026 3718 a
2048 3662 2236 3718 Caroli

585 3761 859 3837 partibus
907 3757 1132 3813 alienos
1184 3758 1373 3811 norat.
1408 3753 1688 3810 Utebatur
1730 3758 1787 3808 et
1830 3755 1896 3807 ad
1948 3753 2004 3807 id
2057 3753 2234 3808 inter-

588 3855 728 3908 dum
761 3851 890 3922 ejus
921 3846 1151 3920 generis
1183 3844 1490 3899 hominum
1518 3843 2026 3914 ministerio,quos
2049 3843 2236 3898 Latini

587 3940 817 3998 Frerios
852 3940 1080 4004 vocant,
1105 3933 1272 4006 quasi
1323 3933 1548 3988 diceres
1596 3933 1824 3998 fratres,
1857 3949 2001 4003 quos
2055 3933 2124 3987 ad
2177 3932 2234 3987 id

586 4029 700 4086 sibi
720 4027 897 4085 ofﬁcii
919 4024 1316 4098 praestandum
1344 4021 1589 4077 artiﬁcio
1613 4020 2031 4077 blanditiarum
2055 4025 2234 4077 attra-

582 4118 768 4171 xerat.
802 4113 1018 4167 Horum
1051 4111 1380 4166 interventu
1414 4109 1679 4166 omnium
1733 4109 1954 4164 multus
2001 4114 2124 4164 erat
2171 4109 2230 4164 in

580 4201 943 4259 obsecrando
1001 4199 1470 4271 obtestandoque
1517 4197 1792 4254 Pontiﬁce
1839 4199 2119 4266 Romano,
2163 4215 2234 4254 ne

581 4293 800 4348 sineret
828 4287 1102 4346 Carolum
1155 4288 1396 4360 exsequi
1448 4305 1574 4360 quae
1628 4288 2042 4354 destinaverat,
2093 4305 2235 4344 neve

581 4382 947 4454 permitteret
967 4378 1331 4434 Christianos
1362 4377 1713 4432 Christianis
1737 4377 1952 4432 bellum
1977 4377 2191 4434 inferre
2217 4396 2228 4432 :

580 4487 710 4526 esse
743 4470 899 4524 enim
937 4485 1040 4522 nos
1065 4484 1300 4538 quoque
1333 4467 1818 4538 Itomanos,quos
1851 4467 2045 4522 Latini
2074 4467 2231 4522 Cree-

579 4576 680 4615 cos
714 4557 1100 4630 appellarent,
1134 4556 1234 4610 uni
1269 4556 1578 4626 eidemque
1624 4556 1925 4626 subjectos
1972 4556 2224 4622 Christo,

2355 592 2588 656 ἱκετείας
2643 595 2886 666 καθίστα,
2937 597 3023 650 καὶ
3081 597 3108 650 ὁ
3157 594 3442 671 Κάρουλος
3495 595 3788 658 ἐκωλύετο.
3829 599 4016 662 Αὐτὸς

2358 679 2532 736 δὲκαὶ
2565 681 2729 738 πλέον
2790 686 2817 738 ὁ
2881 682 3134 759 βασιλεὺς
3186 687 3285 754 τὴν
3341 686 3478 759 πρδς
3537 686 3633 754 τὴν
3676 687 4010 756 Ἐκκλησίαν

2356 770 2576 845 εἰρήνην
2637 771 2978 843 ἐπισυνδέων,
3034 773 3160 838 τοὺς
3235 776 3329 846 μὲν
3387 773 3584 830 ἐκεῖθεν
3643 775 4010 851 ἐρχομένους,

2354 859 2440 914 καὶ
2476 861 2690 934 μᾶλλον
2738 862 2783 917 εί
2826 871 2923 932 τῆς
2973 861 3302 934 Έκκλησίας
3334 863 3541 934 ἐκείνης
3581 866 3701 936 εἶεν,
3734 865 4006 943 φιλοφρό-

2353 972 2459 1013 νως
2491 952 2766 1027 προσίετο,
2825 955 2900 1016 ὡς
2957 955 3045 1008 καί
3103 975 3236 1008 ποτε
3292 955 3381 1008 τὸν
3441 953 3739 1028 Κροτώνης
3779 956 4005 1012 ἐπίσκο-

2356 1061 2479 1111 πον,
2527 1038 2691 1113 ἄνδρα
2740 1039 2925 1115 λόγιον
2979 1037 3107 1096 ὄντα
3153 1042 3242 1096 καὶ
3276 1040 3684 1117 διγλωσσοῦντα
3713 1047 3829 1099 κατ’
3878 1044 4002 1099 ἐπι-

2356 1130 2569 1201 στήμην
2602 1131 2700 1198 την
2733 1129 2896 1197 Θείαν,
2930 1131 2985 1184 ὃν
3031 1131 3123 1184 καὶ
3176 1135 3255 1202 τῷ
3302 1134 3618 1207 πατριάρχῃ
3651 1134 3882 1206 πέμπων
3909 1135 4004 1188 καὶ

2355 1211 2625 1288 κυϐερνῶν
2665 1220 2797 1290 μετᾶ
2835 1220 3020 1292 καιρὸν
3058 1220 3399 1291 μετημφίαζε
3449 1221 3586 1294 πρὸς
3629 1221 3692 1275 τὸ
3739 1220 4004 1292 Έλληνι-

2354 1305 2612 1381 κώτερον,
2645 1307 2730 1360 καί
2762 1305 3053 1378 ἐκκλησίαν
3111 1305 3316 1362 διδόναι
3371 1309 3422 1361 οἱ
3465 1313 3543 1380 τῷ
3575 1308 3724 1384 λόγῳ
3753 1313 3851 1379 τῆς
3885 1310 4006 1365 ἐπι-

2356 1391 2582 1463 δόσεως,
2632 1396 2706 1458 ὠς
2755 1394 3084 1469 σχολάζοντι
3134 1403 3232 1466 τῆς
3288 1397 3591 1472 λαχούσης,
3636 1396 3803 1466 ἤθελέ
3831 1400 4004 1454 τεκαὶ

2355 1482 2666 1555 ᾠκονόμει·
2700 1483 2795 1538 κᾶν
2853 1483 3086 1558 ἐγένετο,
3147 1486 3192 1539 εί
3247 1489 3322 1556 μή
3384 1508 3442 1560 γε
3501 1489 3772 1563 φωραθεὶς
3801 1486 4003 1549 ἐκεῖνος

2357 1570 2430 1631 εἷς
2463 1568 2707 1626 δύσνοιαν
2759 1574 2845 1626 καὶ
2905 1579 3013 1627 τῶν
3070 1575 3355 1647 ἡμετέρων
3420 1569 3635 1649 βλάϐην
3665 1576 3728 1629 τὸ
3763 1577 3857 1647 μὲν
3883 1579 3999 1630 καθ’

2353 1659 2632 1729 ’Έλληνας
2685 1659 2989 1715 ἐστολίσοαι
3037 1663 3125 1715 καὶ
3174 1662 3337 1716 πάλιν
3379 1664 3514 1737 εἶχε,
3559 1665 3658 1731 τὴν
3694 1661 3749 1718 δὲ
3784 1664 3999 1739 βασιλι-

2355 1749 2453 1816 κὴν
2489 1748 2762 1821 εὐμένειαν
2795 1747 3169 1812 ἀπολωλεκὼς
3223 1751 3348 1823 περί
3397 1772 3501 1805 που
3544 1754 3641 1819 τήν
3685 1753 3998 1826 Ποντοηρά-

2353 1836 2538 1891 κλειαν
2568 1836 2870 1913 ἐξωρίζετο.
2921 1837 3071 1899 Τέως
3123 1837 3169 1892 δ’
3227 1837 3316 1893 οὖν
3367 1843 3435 1912 τῇ
3479 1837 3776 1912 Ἐκκλησία
3805 1842 3903 1896 οὐκ
3932 1843 3999 1910 ἧν

2357 1924 2611 1998 ἐμποδὼν
2644 1928 2798 2000 ’κατά
2843 1934 2945 1982 πᾶν
2999 1926 3188 2000 ἐκείνῳ
3238 1931 3582 2003 ωγχρῆσθαι
3634 1930 3804 1992 οὕτως
3835 1928 4000 2005 ἔχον-

2357 2038 2430 2072 τι.
2464 2016 2707 2078 Ἀλλους
2765 2015 2822 2071 δὲ
2879 2017 3122 2079 πολλοὺς
3174 2016 3460 2080 πλείστους
3492 2020 3746 2095 φρερίους
3778 2017 3998 2094 ἐδέχετο

2357 2127 2446 2160 και
2497 2106 2632 2178 πρὸς
2706 2107 2804 2174 τήν
2883 2105 3171 2176 ἐκκλησίαν
3245 2103 3482 2180 ἔπεμπεν
3544 2109 3851 2182 ἀρχιερεῦσι
3911 2112 4001 2164 καὶ

2358 2195 2698 2270 πατριάρχῃ,
2754 2194 2812 2249 ἐκ
2870 2202 2970 2264 τῆς
3024 2200 3336 2272 προσφορᾶς
3395 2197 3571 2250 αὐτῶν
3629 2197 3915 2259 κοινωνίας
3946 2197 4000 2253 ἐν

2359 2283 2622 2356 ψαλμοῖς,
2676 2284 2726 2337 ἐν
2786 2289 2904 2346 ταῖς
2953 2282 3036 2338 ἐπὶ
3071 2283 3392 2339 τῶνάδύτων
3453 2285 3781 2362 εἰσαγωγαῖς
3821 2308 3879 2341 τε
3908 2287 4000 2342 καὶ

2347 2505 2616 2559 mittebat
2642 2506 2713 2559 ad
2741 2505 3089 2571 cardinales,
3126 2522 3251 2575 quae
3277 2523 3382 2562 vox
3418 2508 3622 2562 Latina
3663 2509 3872 2564 Graecae
3905 2529 3999 2567 re-

2346 2594 2595 2664 spondet
2623 2594 2980 2666 signiﬁcanti
3013 2595 3299 2663 cardines,
3324 2597 3567 2652 studens
3598 2597 3706 2652 hac
3737 2605 3859 2654 arte
3891 2618 4000 2672 pa-

2347 2698 2503 2752 pam,
2538 2683 2636 2753 qui
2678 2688 2734 2737 et
2775 2683 2918 2753 ipse,
2953 2685 3107 2753 quod
3159 2684 3229 2738 de
3278 2683 3507 2740 Christo
3555 2687 3791 2756 dicitur,
3825 2690 3999 2759 quasi

2347 2770 2561 2826 ostium
2588 2775 2694 2841 est,
2720 2770 2811 2826 his
2845 2771 3014 2842 quasi
3046 2771 3387 2827 cardinibus
3419 2772 3471 2828 ei
3503 2773 3692 2830 afﬁxis
3725 2776 3782 2831 in
3815 2793 3997 2848 quam

2349 2860 2460 2932 ipsi
2494 2864 2648 2915 esset
2679 2859 2822 2914 utile
2853 2866 3078 2931 partem
3112 2861 3418 2929 invertere,
3444 2865 3597 2934 quod
3632 2881 3744 2920 non
3780 2867 4003 2923 frustra

2347 2949 2612 3016 tentavit,
2668 2948 2980 3020 impetrato
3028 2953 3153 3003 tum
3188 2966 3220 3004 a
3253 2967 3403 3022 papa
3451 2954 3605 3022 quod
3656 2955 3911 3024 petebat,
3941 2961 4002 3010 et

2349 3041 2549 3094 Carolo
2600 3055 2671 3094 ne
2717 3038 2827 3093 sibi
2861 3038 3078 3093 bellum
3112 3038 3352 3095 inferret
3381 3042 3696 3111 prohibito.
3731 3046 3860 3115 Ipse
3893 3062 4000 3099 au-

2349 3135 2467 3183 tem
2501 3127 2733 3182 interim
2767 3127 3086 3198 imperator
3108 3128 3294 3199 magis
3320 3130 3625 3201 magisque
3647 3133 3999 3188 attendebat

2351 3217 2476 3290 paci
2527 3217 2794 3273 Ecclesiae
2827 3218 3202 3288 procurandae
3251 3218 3583 3289 arctiusque
3616 3221 3995 3293 stringendus,

2350 3307 2620 3362 homines
2663 3306 2870 3362 Italica;
2916 3307 3178 3372 ditionis,
3214 3307 3465 3363 maxime
3515 3311 3564 3363 si
3613 3309 3998 3366 ecclesiastici

2348 3399 2547 3452 essent
2585 3401 2640 3451 et
2688 3397 2873 3451 Latini
2909 3397 3081 3461 ritus,
3115 3397 3257 3451 forte
3286 3398 3793 3470 Constantinopoli
3827 3418 4000 3471 pere-

2348 3485 2649 3557 grinantes
2668 3489 2770 3540 aut
2791 3486 3068 3557 degentes
3103 3485 3647 3542 benevolentissime
3677 3488 4000 3544 admittens

2349 3575 2771 3646 adhibensque.
2808 3575 2868 3630 Id
2903 3575 3057 3645 quod
3099 3576 3406 3631 observare
3435 3575 3601 3632 licuit
3633 3577 3690 3633 in
3723 3579 4002 3651 episcopo

2348 3665 2646 3736 quondam
2707 3664 2986 3731 Crotonae,
3019 3663 3141 3718 viro
3178 3663 3386 3720 litteris
3417 3665 3634 3720 divinis
3667 3670 4002 3737 pererudito

2348 3760 2405 3809 et
2424 3753 2808 3825 linguajuxta
2841 3757 3089 3823 utraque
3114 3753 3352 3823 diserto,
3373 3770 3546 3824 quem
3574 3755 3631 3810 in
3655 3757 4001 3827 patriarchae

2347 3843 2626 3898 comitatu
2661 3841 3009 3896 collocatum
3042 3841 3212 3912 eique
3241 3844 3719 3899 commendatum
3743 3851 3879 3916 post
3903 3846 4004 3901 ali-

2346 3931 2498 4002 quod
2534 3935 2768 4000 tempus
2800 3929 2981 3984 sacris
3031 3929 3213 3985 Grznci
3268 3929 3417 3985 ritus
3460 3934 3724 3988 vestibus
3778 3933 3996 4002 induit,

2344 4020 2542 4076 volens
2579 4036 3016 4090 procuransque
3041 4024 3103 4074 ut
3133 4019 3379 4075 ecclesia
3405 4020 3501 4077 hic
3531 4022 3581 4076 ei
3613 4024 4003 4093 gubernanda

2345 4126 2447 4180 per
2477 4109 2926 4180 delegationem,
2963 4113 3028 4164 ut
3059 4108 3208 4163 solet
3239 4110 3374 4176 dici,
3406 4112 3771 4180 traderetur;
3824 4118 4000 4182 cujus

2343 4198 2724 4269 delegationis
2783 4215 2961 4269 capax
3018 4203 3164 4267 erat,
3213 4199 3425 4270 quippe
3479 4201 3580 4270 qui
3633 4201 3782 4272 ejus,
3817 4219 4000 4274 quam

2343 4288 2598 4358 primum
2636 4288 2824 4342 fuerat
2855 4286 3126 4356 sortitus,
3146 4303 3286 4341 cura
3315 4294 3371 4342 et
3400 4288 3827 4360 gubernatione
3850 4291 4005 4346 liber

2342 4381 2517 4432 esset.
2550 4377 2711 4439 Quod
2745 4377 3015 4431 eﬁ‘ectum
3049 4375 3203 4430 haud
3239 4376 3414 4431 dubie
3455 4377 3683 4445 fuisset,
3720 4380 3831 4434 nisi
3883 4382 4000 4436 sub

2341 4466 2460 4520 haec
2496 4465 2595 4520 ille
2628 4465 3029 4536 deprehensus
3063 4465 3252 4519 moliri
3305 4465 3502 4521 nescio
3554 4467 3697 4538 quid
3751 4469 4000 4524 inimico

2340 4554 2537 4610 animo
2587 4554 2644 4608 in
2697 4559 2962 4609 nostrum
3019 4553 3325 4619 damnum,
3373 4554 3429 4608 in
3477 4556 3689 4610 vestitu
3751 4558 3996 4627 quidem

579 4629 765 4704 unum
790 4647 967 4702 unius
999 4645 1262 4700 Ecclesiae
1295 4662 1508 4717 corpus
1531 4662 1662 4700 cum
1690 4645 1851 4700 Italis
1873 4645 2228 4715 conﬁantes;
2261 4629 2307 4693 D
2338 4648 2532 4698 Greco
2557 4659 2923 4714 perseverare
2957 4641 3282 4714 permissus
3314 4642 3490 4698 etiam
3521 4651 3725 4716 postea
3756 4646 3993 4716 fuisset,

573 4754 636 4793 se
659 4753 891 4809 quoque
922 4751 1136 4807 papam
1163 4734 1374 4790 habere
1406 4740 1580 4805 atque
1614 4749 1929 4807 agnoscere
1950 4734 2225 4806 spiritua-

569 4826 682 4882 lem
709 4825 1382 4897 Patrem,episcoporum
1410 4825 1674 4880 omnium
1701 4824 2048 4896 principem.
2080 4825 2223 4879 Huic

569 4914 919 4987 professioni
953 4914 1373 4985 promissiones
1405 4914 1460 4968 in
1491 4919 1789 4985 posterum
1851 4913 2219 4984 plausibilio-

570 5021 663 5059 res
722 5003 995 5068 addebat,
1052 5003 1332 5058 daturum
1394 5018 1454 5058 se
1481 5004 1531 5058 ei
1592 5001 1866 5058 videlicet
1924 5002 2220 5057 efﬁcacem

570 5109 807 5164 operam
842 5107 957 5164 quo
999 5091 1056 5146 in
1110 5108 1294 5147 unum
1347 5092 1495 5147 ovile
1549 5092 1912 5163 redigeretur
1969 5091 2223 5148 Ecclesia

572 5182 695 5250 Dei,
713 5180 1018 5236 nationum
1043 5180 1384 5236 discrimine
1407 5180 1733 5248 sublato,et
1755 5180 2031 5236 seandalo
2050 5182 2219 5236 dam-

570 5271 699 5325 nosi
754 5269 1009 5337 discidii,
1051 5286 1166 5342 quo
1222 5270 1447 5325 dudum
1503 5270 1830 5342 perniciose
1885 5271 2219 5326 communis

567 5358 879 5415 concordia
935 5359 1344 5425 dirimebatur,
1389 5361 1459 5416 de
1518 5359 1712 5416 medio
1769 5363 1960 5415 amoto
2012 5376 2023 5413 :
2072 5360 2215 5414 nihil

563 5448 720 5502 enim
743 5448 869 5518 jam
897 5448 1252 5503 obstiturum
1282 5448 1603 5521 quominus
1625 5448 1682 5502 id
1717 5448 1900 5514 ﬁeret,
1927 5448 2218 5503 restitutis

562 5537 621 5591 in
656 5537 904 5609 patriam
954 5537 1257 5610 antiquam
1293 5555 1462 5594 suam
1494 5537 2062 5609 Constantinopolim
2100 5538 2217 5595 illis

564 5627 665 5699 qui
697 5644 764 5682 ex
793 5645 860 5683 ea
891 5629 1044 5684 360
1078 5628 1301 5684 dudum
1344 5629 1496 5700 pulsi
1530 5645 1633 5700 per
1664 5627 1900 5683 Latinos
1965 5629 2215 5684 fuerant.

559 5716 721 5773 Talia
745 5717 922 5772 simul
946 5718 1197 5774 subinde
1219 5717 1566 5790 inculcabat,
1592 5717 1770 5773 simul
1791 5734 1998 5773 aurum
2025 5722 2216 5775 trans-

2333 4740 2529 4789 tamen
2551 4733 2768 4788 amissa
2800 4733 3007 4787 deinde
3037 4733 3408 4804 imperatoris
3439 4735 3628 4806 gratia
3659 4735 3999 4793 exsulatum

2334 4825 2487 4878 circa
2514 4822 2850 4878 Heracleam
2884 4822 3052 4877 Ponti
3079 4824 3296 4877 missus
3319 4830 3474 4878 esset
3496 4824 3568 4878 ob
3595 4825 3789 4880 nescio
3815 4842 3997 4896 quam

2335 4913 2562 4968 civilem
2596 4928 2858 4967 causam.
2888 4913 2945 4966 In
2971 4928 3088 4982 qua
3113 4911 3237 4982 ipsa
3267 4929 3397 4966 eam
3429 4913 3700 4969 adhibuit
3725 4917 3994 4971 modera-

2334 5002 2578 5068 tionem,
2600 5005 2664 5055 ut
2694 4999 3016 5057 declararet
3038 5018 3152 5056 non
3177 5002 3412 5057 obstare
3444 5019 3506 5058 se
3539 5004 3862 5074 quominus
3893 5021 3986 5072 eo,

2333 5084 2469 5148 licet
2499 5091 2806 5147 exsulante
2837 5109 2942 5147 suo
2968 5094 3164 5162 jussu,
3203 5092 3457 5148 Ecclesia
3488 5095 3556 5148 ad
3594 5095 3999 5167 quodcunque

2331 5181 2531 5237 utilem
2568 5185 2796 5252 putaret
2828 5186 3110 5236 uteretur.
3141 5180 3302 5236 Alios
3337 5198 3468 5237 vero
3514 5183 3751 5239 Latinos
3803 5183 3998 5255 pluri-

2331 5289 2458 5328 mos
2481 5272 2612 5327 etin
2651 5272 2721 5326 iis
2753 5271 3078 5342 saepissime
3111 5271 3361 5336 Frerios,
3393 5271 3734 5328 humaniter
3764 5276 3999 5346 excepit

2330 5367 2386 5417 et
2407 5361 2465 5416 in
2489 5361 2797 5417 ecclesiam
2827 5360 3013 5426 misit,
3038 5365 3104 5414 ut
3125 5359 3205 5415 ibi
3234 5361 3306 5416 ab
3337 5361 3633 5432 episc0pis
3655 5367 3711 5418 et
3733 5364 3994 5434 patriar-

2329 5451 2506 5505 archa
2543 5450 2598 5503 in
2635 5466 2868 5504 omnem
2923 5448 3103 5504 libere
3153 5466 3456 5505 sacrorum
3503 5452 3996 5509 communionem

2330 5540 2804 5608 admitterentur,
2863 5538 3198 5606 oblationis,
3260 5538 3625 5610 psalmodiis,
3680 5541 3996 5613 ingressus

2329 5631 2659 5701 adytorum,
2689 5628 3034 5698 stationum,
3071 5629 3539 5701 participationis
3595 5631 3741 5686 86]
3799 5631 3993 5688 divini

2328 5721 2522 5792 panis,
2545 5736 2720 5792 quem
2756 5717 3092 5774 antidorum
3119 5726 3342 5787 vocant,
3368 5719 3596 5776 cunctis
3628 5719 3791 5778 hisce
3821 5737 3991 5779 com-
