4242 6438
212 393 322 448 813

1291 393 1386 445 DE
1425 391 1796 446 MICHAELE
1836 390 2279 447 PAMOLOGO
2316 392 2448 446 LIB.
2492 395 2557 446 V.

3515 395 3621 451 814

213 515 560 584 στάσεσιν,ἐν
610 513 915 588 μεταλήψει
967 517 1069 569 τοῦ
1127 513 1271 578 θείου
1302 511 1487 588 ἄρτου,
1544 513 1603 567 ὃν
1634 510 1865 567 ἀντίδω-
1898 516 1949 582 Α
1981 514 2149 587 χῆθεν
2210 514 2298 569 καὶ
2356 515 2441 570 ἐπὶ
2508 515 2891 593 μεγαλειότητι
2961 517 3197 587 ἐξουσίας
3263 519 3620 591 τιμώμενον,

214 625 306 679 ρον
350 604 637 677 λέγουσιν,
686 603 747 658 ἐκ
791 604 1008 659 πάντων
1059 601 1247 657 ἄλλων
1298 602 1447 671 πλὴν
1511 601 1865 675 μεταλήψεως

213 692 298 766 (οὗ
342 695 444 767 γάρ
485 690 742 768 ἔχρῃζον)
778 693 877 761 τὴν
931 691 1011 753 εἷς
1062 691 1256 765 ἐγγύας
1302 689 1556 763 κειμένην
1606 695 1713 743 τῶν
1743 691 1865 745 Ἐκ-

209 780 462 849 κλησιῶν
507 781 732 854 εῗρήνην
781 777 1135 852 κατεμπεδῶν
1207 800 1264 833 τε
1312 780 1399 833 καὶ
1460 778 1866 855 προασφαλιζό-

222 885 410 942 μενος,

211 1031 274 1084 θ’.
343 1032 527 1091 Ὅπως
605 1022 857 1103 πρέσϐεις
1016 1026 1275 1103 βίουεὲίῖ
1350 1028 1487 1101 πρὸς
1565 1029 1653 1081 τὸν
1726 1027 1868 1102 ῥῆγα

709 1098 994 1174 Φραγγίας
1017 1097 1377 1154 ἀπέστελλεν.

287 1230 368 1300 [Ρ.
420 1229 546 1298 246]
590 1229 842 1298 Ἔπεμπε
892 1223 948 1278 δὲ
994 1225 1084 1279 καὶ
1139 1222 1333 1297 ἄνδρας
1386 1223 1867 1295 ἐκκλησιαστικοὺς

210 1315 361 1370 πολὺ
391 1316 454 1369 τὸ
485 1316 805 1388 ἀξιοπρεπὶς
834 1312 892 1368 ἔκ
920 1334 978 1368 τε
1021 1313 1228 1386 τρόπου
1282 1314 1371 1366 καὶ
1402 1313 1667 1390 όφφικίων
1703 1310 1865 1387 ἔχον-

208 1424 309 1467 τας
354 1404 489 1477 πρὸς
532 1404 623 1458 τὸν
674 1402 813 1479 ῥῆγα
863 1404 1139 1477 Φραγγίας
1170 1449 1184 1473 ,
1238 1401 1570 1478 αὐτάδελφον
1624 1402 1715 1474 μὲν
1770 1408 1865 1456 τοῦ

212 1490 507 1565 Καροῦ).ου
564 1490 626 1545 τὸ
684 1491 839 1564 γένος
902 1487 1052 1556 ὄντα,
1101 1491 1229 1554 τοὺς
1276 1490 1518 1565 τρόπους
1568 1488 1623 1545 δὲ
1671 1490 1867 1559 ἥκιστα

206 1578 589 1653 ἁδελφῖζοντα.
624 1580 690 1636 Οἱ
742 1576 786 1632 δ’
842 1580 977 1647 ἦσαν
1009 1581 1037 1632 ὅ
1066 1601 1124 1634 τε
1152 1587 1251 1649 τῆς
1299 1578 1629 1649 Έκκλησίας
1664 1599 1864 1653 χάρτο-

207 1668 386 1745 φύλαξ
434 1668 460 1721 ὁ
517 1674 715 1728 Βεκκος
762 1668 853 1720 καὶ
906 1669 931 1719 ὁ
986 1672 1083 1722 τοῦ
1138 1666 1423 1742 βασιλικοῦ
1479 1666 1864 1742 ἀρχιδιάκονος

204 1758 425 1828 κλήρου
459 1756 903 1823 Μελιτηνιώτης.
956 1758 1053 1818 Οἷς
1110 1754 1174 1825 δη
1228 1758 1317 1809 καὶ
1353 1758 1454 1811 οὐκ
1479 1756 1759 1831 ἐκχωροῦν
1792 1758 1867 1820 εἰς

1971 605 2106 677 πρὸς
2158 602 2215 659 δὲ
2259 606 2350 660 καὶ
2395 605 2526 668 τοὺς
2570 607 2806 681 τρόπους
2858 607 3038 676 εὐθὺν,
3086 608 3180 662 τὸν
3238 605 3485 682 δεύτερον
3528 610 3620 663 καὶ

1971 695 2102 767 χθὲς
2133 694 2208 756 εἰς
2239 694 2380 769 ῥῆγα
2429 695 2813 768 τετιμημένον,
2872 697 3007 769 πρὸς
3059 694 3115 751 δὲ
3162 695 3252 751 καὶ
3307 700 3375 770 τῇ
3408 696 3621 769 ἐξουσίᾳ

1972 782 2310 854 λειπόμεπον
2359 785 2449 838 καὶ
2495 782 2551 838 δε
2595 785 2819 840 σκολιὸν
2869 785 3095 849 πείθειν·
3152 783 3420 861 μηδὲγὰρ
3453 788 3620 842 ἀπευ-

1972 870 2216 935 θόνεσθαί
2264 893 2396 927 ποτε
2442 875 2503 927 τὸ
2563 875 2723 949 ὀρθὸν
2772 876 2908 949 πρὸς
2951 876 3014 929 τὸ
3064 872 3310 944 σγολιὸν,
3344 876 3388 930 εἰ
3423 873 3469 930 δ’
3502 876 3617 948 οὖν,

1974 958 2103 1030 μηδ’
2133 960 2611 1030 ἀποσκολιοῦσθαι,
2644 961 2788 1017 ἀλλᾶ
2816 964 2877 1017 τὸ
2930 962 3149 1018 σκολιὸν
3196 964 3332 1038 πρὸς
3375 965 3437 1019 τὸ
3469 964 3617 1034 εὐθὺ,

1970 1052 2096 1124 παρ’
2152 1051 2181 1104 ’ὁ
2232 1052 2319 1105 καὶ
2362 1053 2395 1119 ἡ
2440 1052 2785 1127 προσηγορία
2832 1060 2931 1123 τῆς
2992 1054 3290 1120 ποιότητος
3335 1052 3616 1123 εἴληπται.

1970 1140 2040 1192 Ei.’
2072 1141 2165 1211 μὲν
2210 1139 2299 1193 οὖν
2360 1140 2562 1210 πείθοι,
2610 1140 2737 1195 ἀλλ⁹
2781 1140 2871 1195 οὖν
2923 1141 3269 1218 ἐντυγχάνειν
3316 1147 3395 1214 τῷ
3425 1144 3621 1215 πάππα

1976 1229 2107 1303 ὑπὲρ
2162 1231 2431 1302 Γραικῶν,
2475 1227 2725 1307 ἀδελφῶν
2784 1232 2874 1285 καὶ
2930 1234 3109 1285 αὐτῶν
3168 1229 3338 1286 ὄντων
3394 1232 3621 1287 καὶτοῦ

1974 1318 2133 1371 αὐτοῦ
2189 1318 2508 1390 ἠξιωμένων
2589 1319 2897 1391 ὀνόματος,
2959 1321 3047 1373 καὶ
3105 1319 3278 1384 οὕτως
3344 1320 3624 1376 ἐκκόπτειν

1970 1406 2254 1480 πειράσθαι
2298 1407 2363 1460 τά
2412 1406 2547 1461 κατὰ
2592 1411 2699 1461 τῶν
2747 1408 3033 1479 Ῥωμαίων
3082 1412 3179 1463 τοῦ
3230 1406 3466 1486 ἀδελφοὶ)
3515 1431 3621 1481 μη-

1970 1496 2280 1567 χανήματα,
2356 1498 2529 1547 Ταῦτα
2602 1498 2697 1547 τοῦ
2760 1492 3029 1567 βασιλέως
3110 1491 3443 1566 ὸναοεμένου
3505 1500 3623 1557 τοῖς

1970 1579 2313 1657 πρεσϐευσιν,
2375 1585 2475 1637 ὑπὸ
2536 1582 2749 1657 μεγάλῃ
2808 1582 3062 1657 θεραπείᾳ
3118 1581 3253 1637 λαοῦ
3298 1605 3357 1638 τε
3397 1585 3483 1638 καὶ
3523 1584 3623 1658 βα-

1970 1672 2195 1726 σιλικῶν
2230 1671 2452 1726 εἷκόνων
2477 1672 2565 1726 καὶ
2625 1672 2965 1743 ἐκπωμάτων
3020 1671 3108 1725 καὶ
3161 1673 3380 1747 βαρείας
3413 1670 3622 1741 ἐξόδου.

1971 1762 2042 1821 ὡς
2096 1760 2183 1814 καὶ
2245 1762 2503 1836 φανέντας
2566 1759 2733 1833 μόνον
2782 1759 3071 1829 ἐκκλῆξαέ,
3129 1759 3368 1834 ἐξῄεσαν.
3429 1762 3518 1822 Ὠς
3577 1758 3624 1815 δ’

213 1846 539 1918 βρεντήσιον
592 1841 1043 1915 ὃιαπεραιοῧσθαι
1094 1846 1181 1898 καὶ
1330 1846 1655 1919 χρωμένους
1709 1845 1863 1919 βαδί-
1903 1877 1947 1941 Β
1981 1847 2211 1904 Αὐλῶνα
2243 1852 2534 1926 φθάσαντες
2590 1851 2676 1903 καὶ
2723 1850 2849 1917 νηὸς
2892 1843 3174 1911 ἐπιϐάντες
3223 1850 3457 1924 Παχύνῳ
3488 1847 3624 1924 ἄκρᾳ

211 1940 347 2005 ζειν,
379 1934 477 2001 τὴν
539 1934 632 2005 μὲν
682 1934 847 2008 μέχρι
896 1934 985 1986 καὶ
1034 1932 1291 1995 Αὐλῶνος
1340 1932 1462 1989 ὁδὸν
1490 1933 1685 1998 ’ίπποις
1716 1955 1871 2010 χρω-

213 2025 413 2094 μὲνους
465 2020 667 2076 ὁδεύειν
714 2028 997 2096 παρεῖχεν,
1046 2022 1245 2086 ἐκεῖθεν
1300 2022 1355 2077 δὲ
1403 2026 1531 2093 νηὸς
1576 2020 1863 2087 ἐπιϐάντας

204 2113 295 2165 καὶ
336 2110 604 2165 θάλασσαν
636 2112 928 2182 τέμνοντας
957 2113 1055 2179 τήν
1098 2112 1149 2171 ἐς
1194 2114 1283 2166 τὸν
1338 2113 1500 2186 ρἧα,
1553 2113 1689 2167 ὅπου
1744 2116 1862 2167 ποτ’

225 2200 237 2217 ε
354 2201 365 2221 ε
513 2200 522 2217 ι
621 2196 643 2217 δ
690 2200 699 2214 ν
1032 2202 1057 2219 ν
1230 2198 1253 2218 σε
1662 2206 1681 2223 ν
1812 2202 1857 2223 κ,

211 2204 271 2254 ἂν
318 2212 559 2275 ευρεθειη
617 2218 856 2275 οιαγων,
910 2203 1173 2254 ποιεῖσθαι
1226 2222 1632 2272 οιαπεραιωσιν,
1690 2205 1760 2258 Ην
1808 2222 1865 2258 οε

207 2290 263 2342 οἱ
298 2289 326 2341 ὁ
359 2295 459 2355 τῆς
490 2282 778 2361 πρεσϐείας
838 2290 1037 2349 σκοπὸς
1097 2289 1343 2344 κάκεῖνον
1401 2288 1601 2363 δώροις
1648 2292 1735 2345 καὶ
1769 2291 1863 2346 λό-

208 2398 333 2452 γοις
370 2378 447 2439 ὡς
503 2374 727 2430 δυνατὸν
783 2377 1241 2449 ἐκμειλίσσεσθαι,
1299 2378 1387 2432 καὶ
1445 2385 1862 2455 παρασκευάζειν

203 2467 486 2539 εἰρηνικὸν
539 2462 667 2519 ὄντα
715 2472 832 2527 ταῖς
886 2469 1095 2544 φήμαις
1144 2470 1371 2545 γράφειν
1424 2470 1517 2540 μὲν
1587 2470 1676 2523 καὶ
1730 2491 1865 2545 προς

199 2556 297 2610 τὸν
352 2552 587 2631 ἀδελφὸν
642 2556 707 2609 τά
758 2555 940 2609 εῗ“κότα
996 2556 1085 2609 καὶ
1135 2558 1197 2611 τὸ
1248 2559 1445 2630 θράσος
1506 2557 1861 2630 ἐκμαλάττειν

204 2645 299 2699 καὶ
358 2644 454 2704 τὰς
504 2644 679 2719 ὁρμάς
730 2643 936 2698 ἐκείνου
986 2644 1220 2720 ἀνέχειν.
1270 2649 1421 2702 Ῥᾶον
1470 2647 1593 2721 γὰρ,
1649 2649 1722 2710 ὡς
1774 2649 1863 2704 καὶ

202 2753 332 2789 τινα
361 2730 587 2807 οἴεσθαι,
619 2738 833 2809 πρῶτον
865 2729 992 2788 ὄντα
1038 2735 1127 2788 καὶ
1178 2742 1324 2809 ρῆγα
1366 2739 1731 2809 τετιμημένον
1768 2740 1863 2813 ἀρ-

212 2954 718 3011 municalionibus
750 2954 1013 3024 (excepta
1042 2954 1275 3009 interim
1328 2954 1455 3008 sola
1500 2956 1869 3027 perceptione

219 3046 376 3101 sacri
399 3044 599 3099 calicis
634 3060 647 3097 :
683 3059 796 3096 non
830 3042 986 3097 enim
1007 3042 1157 3097 hanc
1188 3043 1269 3096 illi
1300 3044 1867 3116 quzerebant),quam

218 3134 375 3191 serio
411 3136 864 3205 procuratorum
898 3134 1293 3203 spoponderat
1320 3139 1375 3187 et
1403 3138 1868 3204 perpetratorum

1983 1936 2237 1999 Σικελίας
2267 1938 2597 2012 προσέσχον,
2636 1940 2960 2008 μανθάνουσι
3009 1938 3173 2011 πέραν
3220 1939 3354 2013 πρὸς
3391 1945 3623 2013 Καρχη-

1980 2025 2150 2099 δόνα,
2208 2027 2273 2096 ἧν
2326 2028 2578 2084 Τούνισιν
2640 2027 2922 2101 λέγουσιν,
2986 2026 3283 2104 ἀπελθόντα
3336 2028 3427 2082 τὸν
3486 2028 3626 2103 ῥῆγα

1973 2118 2087 2176 τοῖς
2136 2117 2271 2170 κατά
2318 2111 2526 2185 Λιϐύην
2588 2116 2811 2188 Αἰθίοψι
2879 2114 3166 2188 πολεμεῖν.
3235 2116 3340 2171 Καὶ
3411 2114 3477 2185 δὴ
3538 2116 3619 2194 ἐφ’

1974 2207 2205 2279 ἡμέραις
2282 2206 2453 2260 ἐκεῖσε
2526 2203 3009 2280 ναυλοχησάμενοι
3087 2206 3387 2269 ἁπαυτόθεν
3463 2206 3623 2270 εὐθὺς

1974 2294 2273 2357 Τουνίσεως
2330 2293 2590 2364 ἤλαυνον,
2641 2296 2703 2349 τὸ
2767 2294 3049 2349 Σικελικὸν
3120 2296 3622 2368 καταμετρούμενοι

1975 2382 2231 2459 πέλαγος,
2268 2388 2347 2454 [Ρ.
2383 2387 2514 2455 247]
2545 2383 2626 2461 ἐφ’
2667 2383 2760 2437 οὖν
2811 2382 2878 2451 δὴ
2927 2384 3016 2437 καὶ
3062 2384 3305 2458 ναυαγίῳ
3336 2385 3623 2458 χρησάμε-

1973 2494 2058 2526 νοι
2090 2475 2214 2546 παρ’
2247 2471 2437 2548 ὀλίγον
2468 2473 2656 2540 ἦλθον
2702 2476 2799 2527 τοῦ
2852 2473 3193 2547 βυθισθῆναι.
3251 2473 3339 2533 Ὠς
3372 2469 3429 2525 δὲ
3463 2472 3626 2545 μόλις

1974 2562 2161 2616 πολλὰ
2187 2562 2443 2625 παθόντες
2478 2557 2789 2629 όπέϐαινον,
2820 2566 2898 2633 τῷ
2934 2563 3028 2633 μὲν
3075 2560 3200 2637 ῥηὸὶ
3250 2559 3304 2615 ἐν
3350 2561 3625 2638 ἀρρωστίᾳ

1975 2648 2089 2705 ὄντι
2149 2650 2367 2727 χαλεπῇ
2425 2646 2816 2725 προσελθόντες
2860 2650 2927 2704 τὰ
2985 2650 3241 2725 βασιλικά
3295 2648 3621 2725 ἐνεχείριζον

1973 2742 2289 2815 γράμματα.
2318 2742 2377 2809 ὀ
2408 2738 2465 2794 δὲ
2665 2740 2740 2811 μὴ
2792 2736 2923 2793 ἔνων
2959 2739 2987 2792 ὅ
3014 2760 3067 2792 τι
3119 2738 3208 2792 καὶ
3258 2734 3431 2811 δρῴη,
3462 2743 3623 2793 τοῦτο

1981 2960 2233 3031 denique
2264 2961 2637 3032 obliquorum
2673 2966 2731 3017 et
2761 2978 2792 3017 a
2825 2966 2981 3017 recte
3013 2961 3357 3016 inﬂexorum
3390 2976 3622 3015 morum

1980 3047 2400 3120 homo,quibus
2432 3051 2759 3121 dirigendis
2804 3051 3113 3122 aptissima
3166 3056 3322 3105 esset
3363 3050 3623 3105 amussis

1981 3139 2283 3193 domestici
2319 3140 2567 3211 exempli
2600 3148 2658 3196 et
2678 3140 2795 3195 late
2817 3141 3107 3195 celebrata
3124 3139 3412 3194 rectitude
3434 3140 3624 3195 sancti

216 3227 542 3294 receperat,
571 3222 958 3276 Ecclesiarum
993 3238 1193 3293 pacem
1213 3222 1337 3293 jam
1374 3239 1527 3276 nunc
1558 3224 1871 3294 auspicans
1902 3259 1943 3323 Ε
1981 3228 2108 3297 ejus
2140 3228 2295 3299 regis
2319 3234 2439 3283 tam
2464 3233 2588 3283 arto
2612 3229 2695 3283 illi
2722 3229 3031 3300 sanguinis
3053 3228 3284 3283 vinculo
3307 3230 3624 3299 conjuncti:

122 3350 127 3353 τ
210 3319 273 3370 et
305 3314 527 3368 sensim
561 3306 901 3383 usurpando
934 3312 1697 3384 obstaculaqueamoliendo
1728 3331 1867 3386 prae-

217 3419 520 3459 muniens.

252 3547 306 3600 9.
345 3545 408 3601 Ut
438 3542 650 3614 legatos
680 3544 986 3613 imperator
1013 3543 1084 3597 ad
1114 3560 1297 3615 regem
1327 3545 1572 3601 Mancia
1595 3546 1832 3602 miserit.

288 3668 455 3724 Misit
485 3672 682 3722 autem
710 3673 769 3722 et
797 3668 953 3721 viros
982 3668 1410 3725 ecclesiasticos
1444 3671 1640 3725 multa:
1674 3671 1872 3743 digni-

220 3759 391 3823 tatis,
425 3769 551 3811 tum
586 3757 788 3811 merito
820 3756 1103 3811 virtutum
1123 3762 1245 3812 tum
1273 3759 1597 3814 officiorum
1623 3759 1875 3815 auctori—

224 3854 349 3903 tate
371 3864 496 3917 quaa
527 3846 825 3918 gerebant,
847 3846 917 3901 ad
939 3862 1131 3917 regem
1152 3848 1423 3916 Francize,
1448 3849 1638 3905 Caroli
1670 3866 1877 3920 genere

226 3938 499 4001 fratrem,
558 3935 897 4006 quanquam
957 3936 1265 4007 utriusque
1324 3954 1514 3993 mores
1568 3939 1875 3994 minimum

226 4026 388 4081 inter
419 4041 481 4079 se
510 4025 917 4095 germanitatis
948 4027 1349 4096 praeferebant.
1392 4029 1459 4081 Hi
1489 4033 1686 4083 autem
1721 4030 1880 4084 tuere

1980 3334 2091 3371 non
2126 3319 2279 3373 enim
2314 3323 2539 3374 rectum
2570 3320 2639 3373 ad
2696 3318 2918 3390 obliqui
2952 3334 3221 3373 normam
3275 3317 3626 3393 exigendum

1978 3412 2066 3461 est
2089 3407 2401 3473 (enimvero
2425 3408 2763 3479 depravatio
2785 3407 2908 3462 haec
2931 3407 3316 3479 quidem,non
3346 3407 3628 3462 correctio

1977 3498 2381 3568 esset),verum
2417 3497 2737 3569 obliquitas
2762 3497 2970 3552 detorti
3014 3496 3375 3568 exaequanda
3404 3497 3474 3551 ad
3500 3513 3624 3551 rec-

1977 3590 2127 3653 tum,
2161 3590 2227 3640 ut
2257 3586 2339 3641 sic
2371 3603 2479 3641 sua
2509 3590 2736 3642 constet
2767 3585 2978 3659 regula:
3013 3585 3156 3641 ratio
3187 3602 3251 3641 ac
3280 3584 3367 3639 vis
3398 3586 3626 3657 origine

1980 3673 2237 3729 indicata
2266 3675 2421 3730 vocis
2455 3693 2486 3729 a
2518 3676 2769 3747 regendo
2800 3679 2857 3730 et
2885 3674 3193 3746 dirigenda
3216 3675 3426 3730 ductas.
3461 3676 3621 3740 Quod

1981 3764 2029 3817 si
2063 3765 2410 3835 persuadere
2442 3765 2603 3819 fratri
2636 3780 2751 3820 non
2785 3767 2999 3836 posset,
3024 3767 3177 3819 certe
3229 3768 3426 3835 ageret
3468 3766 3621 3834 apud

1983 3869 2192 3925 papam
2231 3870 2331 3925 pro
2370 3855 2606 3921 Graecis,
2667 3853 2948 3907 fratribus
3006 3856 3062 3907 et
3119 3852 3265 3924 ipsis
3312 3857 3369 3907 et
3424 3854 3628 3909 eodem

1984 3942 2446 3998 Christianorum
2482 3941 2718 3998 nomine
2753 3942 3033 4013 dignatis,
3067 3941 3271 4013 sicque
3319 3946 3633 3997 conaretur

1986 4032 2303 4103 infringere
2335 4033 2532 4087 fratris
2564 4031 3109 4088 machinationesin
3160 4030 3476 4086 Romanos.
3532 4031 3635 4086 His

229 4113 627 4186 chatophylax
649 4113 907 4169 ecclesiae
945 4115 1158 4169 Veccus
1189 4122 1245 4171 et
1268 4117 1408 4188 regii
1438 4118 1882 4174 archidiaconus

228 4203 374 4260 cieri
407 4202 805 4258 Meliteniotes.
841 4203 942 4258 His
990 4220 1120 4258 cum
1156 4222 1268 4259 non
1315 4206 1453 4261 licet
1508 4213 1665 4262 recta
1697 4208 1884 4263 Brun-

233 4294 477 4348 dusium
538 4291 803 4362 trajicere
860 4298 1096 4364 propter
1153 4294 1232 4347 ibi
1294 4296 1653 4352 dominantis
1702 4296 1887 4352 Caroli

1990 4123 2062 4176 ab
2094 4122 2446 4193 imperatore
2477 4120 2773 4176 mandatis
2799 4120 3077 4191 acceptis,
3111 4120 3253 4174 dant
3300 4137 3361 4174 se
3394 4122 3451 4174 in
3479 4120 3633 4174 viam

1988 4211 2161 4282 legati
2182 4212 2457 4267 comitatu
2473 4228 2538 4266 ac
2556 4209 2831 4265 satellitio
2859 4209 3056 4281 stipati
3087 4224 3400 4264 numeroso
3424 4210 3641 4281 pariter

1992 4305 2049 4356 et
2076 4300 2466 4372 ornato,regio
2488 4301 2596 4373 ipsi
2614 4298 2770 4355 cultu
2810 4299 3221 4368 instructaque
3252 4298 3638 4370 supellectilis

236 4386 490 4445 metum,
560 4380 952 4452 proscriptum
1016 4387 1080 4436 ut
1137 4382 1229 4437 via
1287 4386 1544 4439 terrestri
1602 4385 1887 4441 Aulonem

235 4470 558 4541 equitando
592 4486 653 4524 se
686 4472 1093 4539 transferrent,
1124 4472 1376 4544 indeque
1404 4491 1547 4530 nave
1569 4490 1891 4531 conscensa

238 4576 344 4631 per
375 4558 556 4613 altum
581 4559 641 4613 in
677 4559 978 4615 Franciam
1012 4563 1341 4629 tenderent,
1372 4563 1493 4618 illic
1524 4580 1719 4636 regem
1753 4580 1889 4619 con-

1996 4388 2864 4461 splendidazﬁmperatoriarum
2887 4387 3212 4459 imaginum
3248 4404 3313 4442 ac
3343 4404 3641 4451 vasorum,

1998 4483 2065 4532 ut
2092 4478 2263 4550 longo
2297 4480 2409 4534 ista
2432 4479 2792 4550 portantium
2825 4482 3012 4531 tractu
3028 4482 3351 4547 ceteraque
3376 4477 3646 4548 magnifi-

2000 4569 2191 4622 centia
2222 4567 2469 4623 illustris
2504 4584 2726 4639 pompae
2762 4565 3067 4621 miriﬁcam
3105 4564 3471 4637 egredientes
3503 4566 3647 4621 urbe

236 4646 474 4700 venturi
506 4647 844 4719 ubicunque
874 4650 1089 4703 versari
1119 4667 1249 4704 eum
1278 4652 1640 4723 contigisset.
1670 4654 1893 4724 Scopus
1925 4639 1968 4701 Π
2003 4656 2266 4711 attonitis
2296 4658 2423 4711 visu
2476 4656 2709 4728 populis
2750 4654 3002 4726 speciem
3052 4653 3310 4707 fecerint.
3362 4653 3645 4709 Aulonem

239 4735 558 4807 legationis
591 4743 715 4791 erat
742 4753 935 4807 regem
970 4738 1139 4793 donis
1170 4744 1225 4793 et
1255 4741 1444 4795 verbis
1464 4746 1748 4813 quantum
1777 4741 1897 4795 ﬁeri

240 4829 445 4895 posset
475 4824 743 4894 delinire,
776 4827 1095 4900 conarique
1126 4830 1417 4885 adducere
1478 4832 1694 4902 ipsum,
1722 4848 1897 4902 quem

239 4914 404 4967 fama
436 4914 658 4969 ferebat
689 4916 851 4984 pacis
880 4931 1010 4971 esse
1036 4918 1392 4988 studiosum,
1418 4921 1489 4975 ad
1524 4922 1898 4975 suadendum

240 5003 411 5057 fratri
445 5003 681 5075 scriptis
708 5003 925 5060 litteris
957 5022 1028 5061 ne
1061 5006 1588 5080 belloinquietaret
1610 5009 1900 5065 Orientem

245 5093 388 5149 Erat
419 5098 615 5149 autem
645 5094 966 5152 verisimile
998 5114 1277 5170 magnum
1299 5102 1532 5171 pondus
1564 5100 1899 5158 habituram

240 5182 655 5239 auctoritatem
703 5186 947 5257 majoris
1007 5194 1145 5242 natu
1203 5190 1492 5261 germani,
1556 5191 1659 5263 qui
1718 5208 1814 5247 rex
1871 5209 1904 5246 a

242 5272 537 5344 principio
561 5273 774 5333 fuisset
800 5280 1150 5347 tantumque
1168 5278 1277 5351 ipsi
1310 5282 1568 5350 potentia
1586 5287 1902 5351 praestaret,

241 5364 313 5418 ad
388 5362 512 5417 hazc
564 5363 667 5434 qui
730 5364 849 5419 vita
903 5371 1099 5421 rectus
1156 5372 1212 5422 et
1244 5368 1510 5425 moribus
1566 5370 1903 5443 inculpatus

246 5454 589 5519 haberetur,
648 5456 717 5509 ad
778 5456 1198 5513 emolliendum
1251 5460 1515 5515 animum
1566 5467 1624 5516 et
1687 5463 1905 5518 feroces

236 5544 502 5614 impetus
535 5544 851 5599 frenandos
872 5546 1058 5601 Caroli
1094 5548 1341 5603 minoris
1373 5554 1515 5604 natu
1550 5551 1770 5617 fratris,
1805 5553 1905 5623 qui

238 5646 434 5703 nuper
466 5635 697 5687 tantum
741 5634 935 5689 vocari
987 5651 1086 5690 rex
1133 5638 1427 5709 coepisset,
1474 5642 1908 5713 angustiusque

241 5737 311 5777 ac
344 5720 561 5793 opibus
582 5722 735 5778 882
768 5722 1024 5781 fraterno
1057 5726 1306 5785 inferius
1350 5745 1598 5801 regnum
1641 5730 1907 5800 haberet,

2009 4748 2278 4817 pervecti,
2315 4747 2415 4800 ubi
2451 4763 2594 4801 nave
2642 4745 2761 4800 illic
2808 4760 3131 4799 conscensa
3176 4742 3515 4815 Pachynum
3561 4745 3650 4798 Si-

2008 4834 2153 4891 ciliae
2186 4842 2521 4901 tenuerunt,
2556 4836 2803 4890 audiunt
2849 4840 3290 4902 transgressum
3337 4848 3532 4905 regem
3595 4834 3656 4889 in

2011 4928 2320 4981 adversum
2347 4925 2511 4981 littus
2543 4941 2721 4998 prope
2776 4922 3213 4992 Carthaginem,
3265 4938 3443 4993 quam
3497 4939 3654 4978 nunc

2010 5021 2222 5070 vocant
2252 5015 2573 5083 Tunissim,
2607 5030 2737 5069 cum
2772 5011 3145 5083 (Ethiopibus
3175 5011 3427 5067 Africam
3460 5016 3661 5068 tenen-

2012 5105 2169 5160 tibus
2198 5104 2435 5161 bellare.
2468 5108 2613 5177 Ergo
2634 5103 2714 5158 ibi
2746 5101 2954 5158 morati
2986 5098 3190 5172 paucis
3250 5100 3482 5167 diebus,
3544 5102 3662 5158 sol-

2010 5199 2211 5249 ventes
2243 5194 2313 5249 ad
2353 5192 2610 5248 Siculum
2663 5189 3059 5247 emetiendum
3108 5188 3318 5243 fretum
3363 5190 3663 5248 Tunissim

2012 5299 2239 5348 versus,
2271 5299 2475 5339 navem
2502 5281 2602 5338 illo
2620 5297 2793 5337 cursu
2818 5279 3140 5351 fregerunt,
3167 5282 3225 5333 et
3247 5295 3454 5350 parum
3478 5281 3669 5337 abfuit

2016 5374 2154 5444 quin
2186 5378 2607 5444 mergerentur.
2657 5370 2731 5426 Ut
2787 5373 2982 5425 autem
3041 5367 3135 5422 vix
3192 5368 3426 5423 tandem
3481 5370 3669 5427 multa

2018 5463 2277 5535 perpessi
2313 5462 2759 5527 exseenderunt,
2784 5459 2903 5531 regi
2930 5474 2996 5513 ex
3020 5456 3181 5529 gravi
3216 5457 3417 5513 morbo
3433 5459 3669 5516 decum-

2018 5552 2176 5607 benti
2208 5551 2433 5607 litteras
2462 5549 2836 5624 imperatoris
2859 5547 3392 5603 reddiderunt.Rex
3411 5546 3673 5607 incertus

2019 5643 2160 5715 quid
2194 5648 2409 5715 ageret,
2456 5644 2594 5699 hinc
2650 5641 2892 5714 quidem
2954 5639 3158 5695 morbo
3218 5644 3481 5712 urgente,
3537 5640 3675 5698 inde

2024 5732 2161 5789 belli
2192 5733 2498 5790 districtus
2528 5733 2707 5803 curis,
2736 5728 3156 5802 supersedebat
3176 5729 3545 5801 expeditione
3579 5748 3675 5787 ne-
